4156 6156
438 410 556 483 699
1623 427 1688 494 S.
1730 425 2073 494 DIONYSII
2112 424 2622 495 AREOPAGITIE
3684 425 3805 501 700

431 556 655 622 tionem
686 554 952 633 luminis,
978 558 1121 644 quia
1151 578 1271 624 non
1299 562 1375 624 sit
1403 562 1623 628 idonea
1646 565 1718 627 ad
1742 565 2063 630 admitten-

2153 564 2232 641 μὴ
2271 563 2566 645 ἐφικιεϊται
2597 564 2732 624 κατὰ
2782 563 2845 622 τὸ
2897 568 2994 633 τῆς
3050 563 3243 633 οἰκείας
3283 561 3486 645 αἴγλης
3533 564 3804 647 ὑπερϐάλ-

432 648 572 712 dum
605 649 774 712 illud.
809 650 892 713 Ac
936 669 1141 716 revera
1180 653 1323 714 554
1368 655 1558 717 multa
1601 661 1686 718 sic
1730 667 1895 738 sunt,
1939 674 2063 738 quae

2154 652 2248 713 λον
2280 653 2525 732 μέγεθος.
2561 653 2730 713 Ἀλλὰ
2767 656 2852 713 καὶ
2882 655 3013 735 πρὸς
3048 658 3146 725 τὴν
3192 655 3398 735 γένεσιν
3452 662 3556 714 τῶν
3614 658 3806 726 αἰσθη-

428 740 632 804 radius
654 741 796 803 solis
820 745 1407 822 praetergressusjlla
1437 765 1566 827 qua;
1598 747 1752 810 ultra
1782 755 1923 809 sunt
1942 747 2063 809 illu-

2154 752 2261 802 τῶν
2313 745 2579 821 σωμάτων
2639 744 3022 822 συμϐάλλεται,
3056 749 3145 805 καὶ
3194 749 3328 827 πρὸς
3369 748 3516 820 ζωὴν
3559 749 3690 806 αύτὰ
3722 771 3812 807 κι-

427 830 639 906 minat,
658 838 716 893 et
747 831 895 893 nihil
926 840 1014 893 est
1038 852 1241 895 eorum
1271 854 1406 913 quae
1445 837 1611 899 cerni
1645 846 1913 916 possunt,
1949 856 2067 916 quo

426 939 547 984 non
582 920 880 1003 pertingat
924 922 1014 984 sol
1060 923 1278 1003 ingenti
1315 926 1363 986 vi
1395 926 1732 1006 splendoris
1762 928 1876 988 sui.
1914 928 2071 1000 Quin

426 1010 605 1074 etiam
637 1011 710 1072 ad
743 1016 939 1075 ortum
977 1030 1294 1091 corporum
1318 1015 1429 1077 sub
1461 1034 1704 1078 sensum
1732 1016 2071 1079 cadentium

2156 847 2240 892 νεῖ
2287 836 2374 892 καὶ
2413 835 2588 914 τρέφει
2636 837 2726 893 καὶ
2784 835 2944 911 αὔξει,
3002 838 3091 894 καὶ
3136 835 3353 913 τελειοϊ,
3408 838 3497 896 καὶ
3546 841 3808 918 καθαίρει,

2156 926 2244 982 καὶ
2299 923 2537 981 ἀνανεοῖ·
2594 926 2682 984 καὶ
2737 925 2928 1006 μέτρον
2991 926 3124 1008 ἐστὶ,
3202 928 3289 984 καὶ
3351 925 3569 1004 ἀριθμὸς
3627 930 3804 1007 ὡρῶν,

2156 1015 2395 1095 ἡμερῶν,
2428 1016 2516 1072 καὶ
2574 1015 2771 1080 παντὸς
2825 1023 2919 1074 τοῦ
2974 1015 3089 1073 καθ’
3118 1019 3265 1093 ἡμᾶς
3315 1017 3513 1098 χρόνου
3561 1018 3622 1075 τὸ
3668 1025 3806 1096 φῶξ⁸

427 1101 682 1176 confert,
707 1108 768 1164 et
798 1119 866 1164 ea
899 1111 1096 1165 movet
1123 1104 1197 1166 ad
1227 1104 1427 1181 vitam,
1464 1106 1668 1183 nutrit,
1704 1114 1900 1187 auget.
1929 1126 2063 1189 per-

2158 1105 2283 1164 αὒτδ
2330 1106 2431 1185 γὰρ
2487 1126 2598 1163 εστι
2628 1106 2690 1163 τὸ
2718 1105 2857 1187 φὼς,
2883 1108 2928 1164 εἶ
2956 1108 3045 1165 καὶ
3099 1107 3221 1165 τότε
3270 1106 3685 1190 ἀσχημάτιστον
3715 1108 3808 1184 ἦν,

427 1191 572 1267 ﬁcit,
604 1200 666 1253 et
696 1200 924 1273 purgat,
957 1212 1026 1256 ac
1058 1203 1325 1271 renovat;
1357 1203 1413 1258 et
1438 1215 1715 1260 mensura
1740 1208 1833 1263 est
1855 1217 1923 1261 ac
1955 1217 2071 1260 nu-

430 1298 635 1343 merus
665 1286 1077 1361 tempestatum
1122 1302 1192 1347 ac
1227 1284 1485 1368 dierum,
1535 1295 1592 1349 et
1643 1288 1838 1350 omnis
1883 1287 2070 1350 nostri

428 1371 755 1450 temporis:
783 1371 894 1434 hoc
926 1374 1083 1435 enim
1116 1383 1206 1437 est
1235 1374 1379 1438 illud
1408 1376 1634 1451 lumen,
1665 1378 1895 1441 tametsi
1929 1387 2069 1441 tunc

2159 1196 2287 1277 ὄπερ
2320 1198 2348 1253 ὁ
2388 1199 2534 1261 θεῖος
2592 1194 2692 1276 ἔφη
2752 1202 2976 1279 Μωσῆς,
3020 1199 3110 1256 καὶ
3156 1197 3319 1267 αύτῆν
3367 1197 3578 1267 ἐγεὶνην
3636 1199 3809 1278 ὁρίσαι

2152 1288 2252 1355 τὴν
2281 1288 2499 1363 πρώτην
2527 1286 2633 1345 τῶι
2662 1286 2779 1344 καθ’
2809 1288 2952 1362 ἡμᾶς
3009 1289 3220 1367 ἡμερῶν
3279 1285 3494 1368 τριάδα.
3537 1290 3634 1347 Καὶ
3688 1289 3806 1347 ὣσ-

2151 1398 2248 1456 περ
2307 1377 2480 1434 πάντα
2535 1378 2665 1455 πρὸς
2719 1374 2912 1445 ἑαυτὴν
2948 1379 2976 1445 ἧ
3009 1377 3274 1457 ἂγαθότης
3331 1377 3654 1459 ἐπιστρέφει,
3714 1379 3805 1437 καὶ

426 1478 557 1550 non,
604 1469 730 1521 erat
775 1462 1108 1540 ﬁguratum,
1164 1466 1321 1545 quod
1369 1466 1516 1529 dixit
1567 1468 1801 1530 divinus
1841 1466 2063 1550 Moyses

2149 1466 2588 1548 ἀρχισυναγωγός
2641 1465 2752 1523 ἐστι
2793 1468 2897 1522 τῶν
2935 1465 3355 1543 ἐσκεδασμένων,
3389 1468 3462 1531 ὡς
3513 1467 3800 1547 ἐναρχική,

425 1548 767 1612 distinxisse
818 1551 958 1613 illud
1015 1554 1272 1633 primum
1319 1556 1550 1618 dierum
1583 1565 1921 1620 nostrorum
1941 1548 2063 1621 Vtri-

2147 1558 2234 1612 καὶ
2262 1558 2505 1620 ἒιοποιὸς
2554 1554 2768 1635 θεότης,
2830 1554 2924 1612 καῖ
2981 1557 3153 1613 πάντα
3185 1561 3346 1624 αὖτῆς
3392 1559 3463 1621 ὡς
3494 1557 3699 1638 ἀρχῆς,
3732 1560 3804 1625 ὡς

423 1639 834 1720 duum.Atque
855 1651 915 1702 ut
937 1645 1136 1705 omnia
1156 1643 1387 1707 bonitas
1414 1646 1484 1708 ad
1505 1666 1571 1709 se
1591 1649 1902 1721 convertit,
1939 1649 2063 1729 pri-

2149 1652 2410 1727 συνοχῆς,
2442 1649 2513 1711 ὡς
2561 1645 2745 1708 τέλους
2807 1645 3030 1726 ἐφίεταυ
3096 1648 3183 1703 καὶ
3240 1647 3468 1725 τάγαθὸν
3530 1648 3673 1705 ἐστιν
3708 1648 3804 1727 (ὡς

424 1746 800 1818 maque.qua3
822 1732 1086 1812 dispersa
1113 1736 1809 1818 sunt,cblligit.tanquam
1847 1738 2063 1800 unitica

2147 1737 2212 1793 τὰ
2243 1736 2400 1812 λόγιά
2430 1734 2613 1816 φησιν)
2649 1735 2699 1801 ἐξ
2748 1735 2807 1792 οὗ
2834 1736 2898 1793 τὰ
2947 1737 3119 1809 πάντα
3166 1737 3369 1802 ὑπέστη
3399 1736 3479 1810 91,
3512 1739 3600 1795 καὶ
3629 1737 3794 1818 ἔστιν,

423 1817 701 1881 divinitas
731 1828 793 1880 et
815 1820 1174 1903 principium
1213 1826 1479 1906 unitatis,
1513 1817 1835 1904 omniaque
1877 1829 2063 1907 ipsam

2149 1828 2221 1889 ὡς
2281 1826 2332 1891 ἐξ
2395 1826 2560 1891 αἰτίας
2624 1825 2914 1889 παντελοῦς
2974 1825 3315 1904 παρηγμένα,
3384 1827 3473 1883 καὶ
3523 1826 3578 1882 ἐν
3637 1831 3683 1900 ᾦ
3737 1827 3806 1883 τὰ

421 1913 486 1969 ιιι
516 1900 893 1991 principium,
929 1921 991 1973 ut
1016 1900 1417 1994 complexum,
1450 1900 1513 1976 ut
1534 1917 1710 1979 tinem
1736 1900 2063 1997 appetunt;

2151 1916 2323 1972 πάντα
2380 1914 2721 1994 συνέστηκεν,
2783 1916 2854 1978 ὡς
2930 1914 2985 1970 ἐν
3043 1920 3513 1994 παντοκρατορικῷ
3580 1915 3804 1991 πυθμένι

422 1999 768 2083 bonumque
800 2003 944 2065 illud
978 2016 1070 2065 est
1099 2008 1190 2084 (ut
1220 2005 1527 2084 Scriptura
1581 2026 1748 2070 sacra
1793 2011 2062 2078 testatur)

2149 2006 2509 2085 φρουρούμενα
2580 2006 2666 2060 καὶ
2744 2003 3184 2080 διακρατούμενα,
3248 2008 3335 2062 καὶ
3415 2008 3487 2069 εἷς
3547 2006 3575 2062 ὅ
3626 2005 3689 2057 99
3739 2008 3807 2063 τὰ

420 2108 489 2153 ex
523 2110 641 2172 quo
672 2092 872 2153 omnia
923 2098 1339 2167 constiterunt,
1390 2106 1448 2158 et
1490 2099 1663 2160 veluti
1698 2116 1732 2160 a
1765 2099 2063 2179 perfectis-

2150 2095 2322 2151 πάντα
2377 2094 2769 2174 ἐπιστρέφεται,
2830 2095 3065 2171 καθάπερ
3095 2093 3149 2137 9³
3204 2097 3275 2162 εἰς
3331 2098 3529 2153 οἰκεῖοι
3593 2097 3806 2171 ἑκάστῳ

422 2181 574 2242 sima
622 2198 797 2244 causa
852 2184 1137 2263 producta
1187 2198 1351 2261 sunt,
1384 2195 1443 2249 et
1472 2188 1531 2248 in
1564 2207 1679 2268 qua
1737 2194 2063 2251 consistunt

2149 2184 2330 2265 πέρας,
2365 2188 2452 2242 καὶ
2497 2184 2556 2241 οὗ
2587 2184 2784 2266 ἐφίεται
2816 2186 3013 2259 πάντα,
3046 2187 3112 2242 τὰ
3144 2185 3238 2259 μὲν
3270 2188 3422 2264 νοερὰ
3471 2189 3560 2243 καὶ
3604 2186 3802 2264 λογικὰ

423 2270 724 2344 universa,
774 2281 1050 2353 tanquam
1102 2276 1162 2337 in
1217 2274 1399 2339 fundo
1457 2289 1675 2341 cuncta
1721 2278 2064 2341 continente

423 2360 741 2443 custodita,
776 2372 1198 2447 contentaque;
1239 2375 1300 2430 et
1341 2368 1413 2429 ad
1460 2368 1617 2445 quod
1671 2368 1892 2448 omnia,
1928 2377 2061 2431 tan-

425 2467 601 2532 quam
628 2452 700 2514 ad
720 2453 895 2515 tinem
921 2472 1173 2536 quaeque
1195 2475 1392 2533 suum,
1418 2459 2063 2540 convertuntur,quodo

422 2559 542 2619 que
571 2550 859 2622 appetunt
894 2546 1186 2628 universa,
1212 2547 1500 2628 spiritalia
1523 2548 1764 2630 quidem
1791 2550 2058 2612 ratione-

426 2646 543 2712 que
571 2634 797 2696 utentia
826 2633 1111 2710 scienter,
1146 2637 1391 2701 sensilia
1421 2657 1558 2701 vero
1590 2640 1910 2714 sensiliter;
1930 2659 2061 2720 quae

420 2731 617 2786 autem
653 2742 869 2787 sensus
899 2735 1039 2789 sunt
1070 2727 1356 2809 expertia,
1402 2728 1609 2792 innato
1652 2736 1818 2790 motu
1868 2728 2061 2791 vitalis

419 2813 824 2894 appetitionis,
858 2824 917 2877 et
959 2836 1093 2897 quae
1124 2817 1238 2879 vita
1268 2834 1489 2890 carent,
1545 2837 1611 2880 ac
1645 2819 2060 2881 tantummodo

424 2903 732 2977 exsistunt,
769 2906 824 2966 vi
856 2911 1108 2986 quadam
1134 2908 1205 2969 ad
1224 2907 1415 2970 solius
1446 2907 1723 2971 essentia),
1752 2908 2061 2988 participa-

2146 2275 2476 2354 γνωστικῶς,
2538 2276 2604 2331 τὰ
2660 2273 2715 2330 δὲ
2763 2276 3041 2341 αἷσθητικὰ
3097 2276 3442 2343 αἰσθητικῶς,
3499 2277 3563 2334 τὰ
3607 2276 3664 2333 δὲ
3706 2279 3793 2333 αἱ·

2148 2366 2382 2435 σθήσεως
2441 2365 2659 2443 ἄμοιρα,
2725 2371 2790 2441 τῇ
2859 2364 3074 2444 ἐμφύτῳ
3142 2364 3351 2433 κινήσει
3402 2370 3499 2433 τῆς
3560 2371 3794 2437 ζωτικῆς

2146 2454 2400 2534 ἐφέσεως·
2450 2455 2517 2510 τὰ
2575 2452 2631 2510 δὲ
2680 2454 2825 2525 ἁζωα
2863 2455 2948 2510 καὶ
2996 2453 3157 2529 μόνον
3186 2452 3334 2530 ὄντα,
3369 2460 3436 2531 τῇ
3459 2456 3589 2533 πρὸς
3622 2457 3795 2529 μόνην

2143 2544 2244 2611 τὴν
2294 2541 2523 2610 ούσιώδη
2584 2541 2787 2617 μέθεξιν
2844 2540 3262 2610 ἐπιτηδειότητι.
3301 2544 3445 2601 Κατὰ
3487 2545 3580 2600 τὸν
3632 2544 3795 2602 αὖτὸν

2143 2638 2241 2700 τῆς
2273 2633 2536 2712 ἐμφανοῦς
2568 2632 2767 2695 εἰκόνος
2824 2631 3011 2709 λόγον,
3055 2634 3142 2689 καὶ
3194 2632 3254 2688 τὸ
3303 2637 3416 2709 φῶς
3464 2633 3676 2710 συνάγει
3706 2633 3796 2691 καὶ

2143 2725 2441 2804 ἐπιστρέφει
2473 2726 2601 2803 πρὸς
2634 2724 2787 2781 ἑαυτό
2819 2725 2991 2781 πάντα
3023 2725 3086 2781 τὰ
3115 2722 3241 2781 ὄντα
3270 2723 3353 2804 θι,
3388 2726 3446 2781 τὰ
3467 2727 3695 2803 ὁρῶντα,
3726 2726 3795 2782 τὰ

2143 2819 2449 2894 κινούμενα,
2494 2819 2558 2874 τὰ
2598 2818 2953 2897 φωτιζόμενα,
3001 2816 3067 2873 τοὶ
3108 2819 3520 2897 θερμαινόμενα,
3554 2819 3620 2877 τὰ
3650 2817 3796 2883 ὅλως

2144 2911 2244 2966 ὑπὸ
2272 2913 2380 2965 τῶν
2403 2910 2562 2967 αὒτοῦ
2602 2916 2959 2988 μαρμαρυγῶν
2991 2908 3337 2986 συνεγόμενα·
3372 2906 3452 2965 διὸ
3482 2911 3571 2966 καὶ
3600 2908 3786 2989 ἥλιος,

423 2992 649 3055 tionem
693 3013 991 3075 propensa
1019 3006 1178 3061 sunt.
1215 2997 1436 3061 Eadem
1470 2998 1816 3061 clarissimae
1844 2998 2058 3061 simili-

2147 2998 2225 3055 ὅτι
2258 2999 2428 3057 πάντα
2458 2998 2627 3066 ἀολλῆ
2658 3012 2827 3071 ποιεῖ,
2873 3000 2961 3054 καὶ
3009 2998 3223 3076 συνάγει
3255 2999 3320 3055 τὰ
3347 2996 3789 3073 διεσκεδασμένα.

423 3081 645 3145 tudinis
661 3084 891 3147 ratione
912 3086 1007 3148 lux
1032 3106 1270 3167 quoque
1301 3088 1526 3168 colligit
1552 3089 1958 3169 convertitque
1988 3087 2061 3150 ad

2147 3092 2246 3148 Καὶ
2295 3089 2467 3145 πάντα
2517 3092 2675 3149 αὖτοῦ
2722 3089 2787 3146 τὰ
2830 3088 3053 3148 αἰσθητὰ
3094 3086 3316 3168 ἐφίεται,
3351 3087 3385 3156 ἢ
3417 3090 3491 3151 ὡς
3523 3098 3615 3147 τοῦ
3644 3091 3795 3168 ὁρᾷν,

423 3187 490 3233 se
518 3169 720 3233 omnia
743 3190 873 3253 qua
895 3173 1191 3251 videntur,
1220 3195 1349 3257 quae
1380 3184 1712 3251 moventur,
1738 3193 1870 3257 quae
1899 3175 2063 3237 illus-

2147 3179 2184 3247 ἢ
2239 3180 2312 3244 ὡς
2359 3186 2453 3236 τοῦ
2500 3182 2783 3253 κινεῖσθαι,
2843 3180 2932 3235 καὶ
2997 3180 3331 3257 φωτίζεσθαι,
3384 3179 3471 3235 καὶ
3512 3181 3794 3257 θερμαίνε-

425 3270 680 3331 trantur.
728 3281 862 3341 quae
891 3264 1213 3340 calescunt,
1241 3284 1489 3348 quaeque
1531 3266 1851 3329 universim
1883 3265 2063 3327 radiis

2148 3272 2287 3349 σθαι,
2321 3270 2409 3326 καὶ
2440 3267 2578 3334 ὅλως
2612 3268 2926 3348 συνέχεσθαι
2962 3268 3094 3347 πρὸς
3142 3267 3233 3323 τοῦ
3289 3269 3465 3347 φωτὸς
3515 3267 3791 3347 ἐφιέμενα.

423 3353 553 3431 ejus
587 3353 1086 3433 perstringuntur;
1110 3358 1266 3419 unde
1297 3357 1445 3425 ἥλιος
1470 3375 1573 3418 seu
1600 3357 1941 3430 sol,nomen
1968 3355 2063 3416 ha-

2155 3360 2252 3416 Καὶ
2282 3359 2341 3417 οὗ
2370 3357 2540 3425 δὴποο
2596 3359 2733 3438 φημὶ
2765 3359 2899 3414 κατὰ
2930 3358 3020 3413 τὸν
3071 3360 3169 3426 τῆς
3211 3355 3572 3425 παλαιότητος
3602 3356 3792 3435 λόγον,

423 3440 545 3517 bet,
581 3444 738 3522 quod
770 3446 969 3506 omnia
1000 3446 1177 3510 faciat
1206 3448 1403 3522 ἀολλῆ,
1431 3446 1492 3508 id
1521 3455 1613 3508 est
1641 3445 1839 3508 omnia
1869 3451 2061 3507 servet

2147 3446 2224 3503 ὅτι
2257 3450 2374 3513 θεὸς
2405 3448 2480 3506 ὢν
2527 3451 2554 3505 ὁ
2600 3448 2755 3515 ἥλιος
2805 3450 2888 3503 καὶ
2927 3445 3246 3526 δημιουργὸς
3291 3444 3438 3503 τοῦδε
3469 3454 3561 3504 τοῦ
3593 3449 3795 3515 παντὸς

422 3530 605 3612 salva,
651 3539 710 3593 et
752 3544 1067 3614 congreget
1097 3536 1389 3619 dispersa.
1422 3536 1492 3598 Et
1525 3537 1725 3598 omnia
1755 3553 1887 3616 quae
1916 3551 2059 3596 sen-

2147 3535 2283 3601 ίδίως
2345 3539 2677 3618 ἐπιτροπεύει
2735 3539 2826 3594 τὸν
2883 3537 3092 3617 ἐμφανῆ
3141 3536 3368 3611 κόσμον,
3411 3533 3530 3592 ἀλλ’
3588 3536 3670 3593 ὅτι
3727 3538 3794 3594 τά

422 3621 613 3684 tiendi
643 3622 758 3684 vim
789 3624 1010 3688 habent
1056 3644 1191 3688 eum
1241 3635 1548 3708 appetunt,
1582 3626 1670 3687 vel
1705 3636 1770 3686 ut
1799 3625 2056 3699 videant,

2147 3627 2340 3705 ἀόρατα
2392 3635 2484 3685 τοῦ
2563 3635 2695 3685 Θεοῦ
2750 3625 2857 3683 ἀπὸ
2914 3626 3135 3688 κτίσεως
3187 3626 3390 3700 κόσμου
3449 3640 3567 3691 τοῖς
3625 3628 3791 3697 ποιή-

424 3710 515 3772 vel
547 3719 611 3772 ut
633 3726 999 3795 moveantur,
1024 3724 1082 3776 et
1110 3716 1544 3788 illuminentur,
1579 3725 1636 3776 et
1668 3713 2061 3794 calescant,et

2147 3737 2274 3790 μασι
2328 3716 2585 3791 νοούμενα
2653 3719 2963 3795 καθορᾶται,
3025 3713 3055 3781 ἤ
3108 3735 3165 3771 τε
3201 3711 3363 3778 άιδιος
3415 3717 3570 3774 αὐτοῦ
3628 3713 3789 3772 δύνα-

425 3799 685 3881 deniqne
714 3810 777 3862 ut
819 3803 1237 3867 contineantur
1279 3816 1338 3868 et
1389 3813 1812 3866 conserventur
1839 3820 1872 3864 a
1904 3804 2054 3865 luce.

2147 3827 2235 3880 μις
2272 3807 2361 3861 καὶ
2390 3805 2624 3872 θειότης.

424 3888 557 3952 Νοιι
604 3891 717 3954 hoc
745 3891 898 3967 dico,
935 3902 998 3954 ut
1046 3899 1363 3974 antiquitas
1391 3893 1787 3964 existimabat,
1823 3892 1980 3970 quod
2012 3892 2101 3954 sol
2150 3893 2224 3954 sit
2253 3893 2432 3956 Deus.
2469 3902 2527 3956 et
2573 3901 2783 3957 auctor
2816 3892 3095 3966 universi,
3129 3891 3231 3975 qui
3264 3893 3423 3955 hunc
3472 3892 3788 3969 mundum,

424 3997 601 4061 quem
627 3980 950 4055 cernimus,
986 3984 1226 4065 proprie
1255 3983 1569 4065 gubernet,
1605 3982 1711 4045 sed
1746 3986 1962 4063 potius,
1986 3982 2144 4062 quod
2176 3983 2523 4046 invisibilia
2580 3983 2718 4063 Dei,
2745 4000 2783 4045 a
2812 3990 3099 4046 creatura
3140 3983 3379 4065 mundi,
3409 4000 3526 4065 per
3561 4002 3629 4045 ea
3659 3998 3792 4064 quae

418 4071 587 4149 facta
614 4080 775 4148 sunt,
808 4072 1111 4138 intellecta
1143 4075 1623 4155 conspiciuntur,
1656 4074 2017 4154 setnpitcrna
2050 4090 2286 4156 quoque
2314 4075 2445 4144 eius
2474 4074 2672 4136 virtus
2700 4080 2755 4135 et
2785 4074 3083 4136 divinitas
3110 4079 3158 4133 °.

2042 4234 2183 4315 δν.

501 4396 539 4477 §
570 4396 872 4462 V.Verum
898 4398 973 4461 de
1005 4398 1097 4463 his
1128 4398 1187 4461 in
1220 4399 1543 4481 symbolice
1571 4397 2063 4477 theologiaNunc

2226 4395 2394 4454 Ἀλλὰ
2447 4403 2613 4454 ταῦτα
2664 4397 2762 4472 μὲν
2819 4399 2876 4453 ἓν
2924 4402 2994 4474 τῇ
3045 4394 3345 4473 συμϐολικῇ
3390 4394 3658 4475 θεολογίᾳ.
3692 4402 3795 4455 Νῦν

422 4494 618 4547 autem
672 4487 1018 4551 intellectile
1045 4489 1183 4550 boni
1215 4508 1249 4551 a
1278 4489 1412 4552 luce
1457 4506 1672 4550 nomen
1696 4487 1868 4550 nobis
1897 4487 2061 4549 cele-

2147 4487 2200 4545 δὲ
2256 4488 2355 4554 τὴν
2412 4488 2608 4555 νοητὴν
2657 4490 2888 4565 τάγαθοῦ
2944 4487 3294 4568 ’.ρωτωνυμίαν
3324 4488 3462 4562 ἡμῖν
3502 4484 3794 4561 ὑμνητέον,

419 4574 712 4638 brandum
751 4585 927 4658 est,et
957 4579 1280 4640 dicendum
1314 4578 1475 4659 quod
1507 4579 1559 4641 is
1582 4578 1683 4660 qui
1717 4577 1911 4639 bonus
1945 4582 2061 4657 est,

2147 4578 2234 4636 καὶ
2270 4575 2480 4656 ῥητέον,
2516 4577 2596 4633 ὅτι
2628 4581 2740 4657 φῶς
2793 4578 2988 4645 νοητὸν
3018 4578 3046 4633 ὂ
3076 4577 3274 4655 ἀγαθὸς
3327 4574 3540 4655 λεγεται
3591 4576 3678 4633 διὰ
3735 4576 3795 4632 τὸ

422 4664 519 4727 lux
537 4665 897 4729 intellectilis
919 4668 1136 4730 dicitur
1158 4669 1296 4749 quia
1321 4688 1558 4730 omnem
1582 4677 1840 4731 mentem
1860 4684 2061 4746 supra-

423 4755 723 4819 coelestem
765 4757 975 4837 implet
1007 4757 1234 4820 lumine
1281 4758 1633 4835 intellectili;
1660 4775 1899 4819 omnem
1919 4754 2060 4817 555

421 4854 619 4907 autem
642 4848 1031 4927 ignorantiam
1049 4859 1105 4913 et
1122 4865 1394 4910 errorem
1419 4866 1490 4911 ex
1513 4847 1791 4909 omnibus
1815 4847 2055 4920 animis,

424 4933 485 4996 in
512 4936 729 5013 quibus
758 4951 871 5012 est,
910 4939 1097 5020 ejicit,
1124 4938 1341 5020 etipsis
1372 4937 1651 4999 omnibus
1682 4937 1886 4999 lumen
1916 4955 2060 4999 san-

424 5031 585 5087 ctum
621 5026 901 5107 impertit,
937 5047 1264 5109 eorumque
1308 5027 1512 5092 oculos
1543 5027 1831 5091 mentales
1860 5047 1893 5088 a
1920 5027 2064 5089 cali-

424 5114 562 5194 gine
591 5133 661 5177 ex
695 5120 1022 5196 ignorantia
1047 5119 1406 5182 circumfusa
1435 5126 1802 5199 repurgat,et
1826 5116 2061 5191 liberat,

2144 4669 2317 4725 πάντα
2370 4667 2467 4743 μὲν
2522 4664 2896 4746 ὑπερουράνιον
2939 4672 3056 4723 νοῦν
3106 4664 3479 4742 ἐμπιμπλάναι
3505 4664 3573 4717 95
3601 4666 3795 4734 νοητοῦ

2143 4755 2343 4838 φωτόςθ
2399 4763 2574 4814 πᾶσαν
2644 4754 2700 4812 δὲ
2752 4755 2969 4833 ἄγνοιαν
3023 4757 3115 4813 καὶ
3161 4755 3372 4823 πλάνην
3429 4754 3665 4813 ἐλαύνειν
3734 4753 3795 4811 ἐκ

2144 4846 2349 4922 πασῶν,
2386 4845 2481 4911 α’ίς
2512 4844 2572 4901 ἂν
2603 4844 2885 4923 ἐγγένηται
2939 4848 3171 4924 ψυχαῖς,
3204 4845 3292 4901 καὶ
3351 4845 3545 4908 πάσαις
3600 4848 3790 4907 αὐταῖς

2144 4937 2318 5015 φωτὸς
2374 4937 2512 5012 ἱεροῦ
2569 4932 2926 5009 μεταδιδόναι,
3004 4935 3092 4990 καὶ
3165 4934 3284 4997 τοὺς
3346 4934 3556 5011 νοεροὺς
3617 4935 3791 4994 αὐτῶν

2144 5023 2441 5102 ὀφθαλμοὺς
2502 5024 2865 5103 ἀνακαθαίρειν
2910 5020 2976 5073 96
3029 5028 3123 5090 τῆς
3178 5025 3554 5103 περικειμένης
3600 5028 3792 5087 αὐταῖς

2147 5115 2207 5173 ἐκ
2251 5119 2351 5181 τῆς
2403 5114 2617 5193 ἀγνοίας
2675 5113 2900 5194 ἀχλύος,
2936 5113 3021 5172 κα)
3072 5112 3343 5172 ἀνακινεῖν
3393 5115 3481 5170 καὶ
3512 5112 3791 5171 ἀναπτύσ·

426 5212 484 5267 et
514 5203 754 5279 excitat,
791 5215 968 5285 atque
997 5209 1189 5290 aperit
1223 5209 1404 5271 multa
1457 5209 1741 5288 gravitate
1787 5206 2063 5270 tenebrr

2149 5227 2259 5261 σειν
2327 5208 2405 5278 τῷ
2460 5201 2646 5276 πολλῷ
2702 5202 2850 5281 βάρει
2905 5209 3000 5261 τοῦ
3059 5201 3279 5290 σκότους
3350 5202 3788 5279 συμμεμυκότας·

423 5313 557 5359 rum
576 5314 952 5379 compressos
973 5288 1520 5380 etclausos:datque
1543 5299 1802 5380 primum
1824 5296 2063 5380 quidem

2150 5295 2239 5352 καὶ
2290 5292 2625 5371 μετατιδόναι
2664 5298 2845 5373 πρῶτα
2893 5291 2991 5368 μὲν
3032 5289 3096 5342 97
3128 5288 3328 5371 αἴγλης
3389 5291 3629 5371 μετρίας’
3670 5292 3794 5350 εἶτα

507 5467 531 5496 °
563 5459 740 5526 Rom.
772 5477 817 5544 ι,
847 5458 953 5525 20.

1728 5538 1994 5605 VARLE
2038 5535 2482 5605 LECTIONES.

500 5701 552 5748 θί
586 5706 757 5761 πάντα
779 5705 866 5761 καί
895 5704 1122 5782 ὑπέστη,
1155 5702 1223 5767 D.
1310 5701 1377 5753 θ’
1402 5705 1476 5768 εἷς
1509 5702 1593 5778 ὅν,
1625 5704 1689 5767 S.
1726 5704 1792 5765 Ρ.
1877 5700 1943 5753 9'5
1972 5704 2059 5760 καὶ
2101 5701 2359 5781 καθάπερ,
2393 5697 2461 5763 Ρ.
2635 5699 2700 5782 τὲ
2728 5698 2854 5756 ὄντα
2903 5711 3023 5757 non
3053 5692 3275 5757 habent
3303 5692 3367 5759 S.
3399 5695 3467 5760 Ρ.
3502 5690 3602 5759 SC.
3654 5690 3787 5758 Sar.

422 5783 490 5837 95
514 5784 809 5865 ἐμπιπλᾶν,
840 5782 907 5849 Ρ.
940 5785 1293 5869 ἐμπιπλάναι,
1331 5786 1399 5849 ι),
1484 5782 1550 5835 96
1578 5784 1975 5865 ἀποκαθαίρειν,
2010 5785 2082 5848 D.

2165 5782 2230 5832 97
2262 5776 2472 5861 πρῶτον
2506 5779 2629 5864 μέν,
2661 5776 2735 5842 D.
