4156 6156
381 430 495 497 701
1410 431 1510 498 DE
1552 431 1852 499 DIVINIS
1892 431 2341 516 NOMINIBUS,
2386 435 2548 499 CAP.
2600 437 2704 500 IV.
3634 428 3753 498 702

379 568 597 626 ἱκείνων
655 567 835 646 ὥσπερ
890 565 1298 646 ἀπογενομένων
1344 566 1411 619 98
1449 570 1646 650 φωτὸςε
1703 567 2023 646 καὶμᾶλλον

2114 569 2473 631 mediocrem
2487 566 2892 651 splendorem;
2919 564 3752 651 deinde,tanquamdegusta-

380 657 697 740 ὶφιεμένων,
762 654 964 732 μᾶλλον
1028 658 1220 726 ἑαυτὴν
1289 656 1568 739 ὶνδιδόναι,
1627 660 1715 716 καὶ
1769 666 2026 739 περισσῶς

2115 668 2175 722 to
2205 659 2524 727 lumine,et
2544 659 2736 721 oculis
2752 659 2877 739 jam
2905 659 3093 737 magis
3125 658 3754 741 postdegustationem

382 744 731 819 ἐπιλάμπειν,
764 742 845 801 ὅτι
905 743 1193 824 ἠγάπησαν
1224 744 1361 803 πολύ
1393 764 1406 779 ⁸
1467 751 1564 804 καῖ
1623 746 1703 804 ἀεὶ
1748 747 2026 805 ἆνατείνειν

2117 750 2318 812 lumen
2340 748 3051 830 appetentibus,magisse
3079 749 3431 831 impertit,et
3461 748 3759 829 copiosius

382 832 618 903 αὐτὰςὨ
658 835 746 893 ἐπὶ
774 836 840 892 τὰ
869 836 1074 917 πρόσω,
1139 837 1275 896 κατὰ
1306 837 1404 906 τὴν
1463 842 1610 918 σφῶν
1658 839 1730 902 εἰς
1761 838 2026 899 ἄνᾶνευσιν

2116 839 2304 918 fulget
2340 858 2357 914 ;
2388 838 2528 919 quia
2547 838 2884 901 dilexerunt
2912 837 3162 900 multum
3195 863 3221 904 ν
3253 859 3269 909 ;
3302 856 3370 901 ac
3400 856 3638 919 semper
3659 855 3759 899 eas

375 926 696 1008 ἀναλογίαν.
2119 928 2371 992 ulterius
2404 928 2677 1008 provehit
2699 928 3084 1011 proportione
3108 926 3284 991 studii
3314 946 3519 991 earum
3550 928 3623 990 ad
3654 945 3756 990 as-

2122 1016 2458 1100 piciendam
2480 1035 2739 1082 sursum.

1978 1149 2162 1230 ξνΙ.

456 1314 581 1374 Φῶς
612 1310 701 1368 οὗν
732 1313 923 1379 νοητὸν
959 1310 1170 1392 λέγεται
1200 1312 1263 1369 τό
1307 1310 1438 1389 ὑπὲρ
1495 1318 1600 1368 πᾶν
1630 1309 1742 1392 φῶς
1800 1312 2023 1391 ἀγαθὸν,

375 1401 450 1465 ὡς
533 1400 679 1465 ἀκτὶς
768 1402 975 1479 πηγαία
1049 1404 1136 1459 καὶ
1217 1400 1604 1480 ὑπερϐλύζουσα
1690 1403 2023 1482 ιρωτοχυσία²

376 1490 551 1548 πάντα
600 1492 692 1547 τὸν
737 1490 1095 1568 ὑπερκόσμιον
1156 1492 1243 1548 καὶ
1284 1492 1634 1570 περικόσμιὸν
1667 1491 1777 1572 100,
1811 1493 1899 1549 καὶ
1928 1492 2024 1570 ἐγ·-

375 1584 599 1656 κὸσμιον
643 1590 784 1655 νοῦν,
844 1583 906 1637 lix
958 1587 1051 1638 τοῦ
1091 1579 1453 1657 πληρωματος
1517 1584 1683 1649 αὐτῆς
1741 1581 2026 1657 καταλείμ-

376 1692 571 1745 πουσα,
633 1672 721 1728 καὶ
777 1672 872 1734 τὰς
919 1672 1101 1749 νοερὰς
1160 1671 1334 1727 αιότῶι
1361 1669 1489 1734 ὅλας
1549 1670 1903 1744 ἂνανεάζοδσα
1932 1670 2026 1727 δυ-

377 1761 588 1837 νάμεις,
640 1761 729 1818 καὶ
789 1760 989 1826 πάντας
1034 1759 1358 1842 περιέχουσα
1412 1761 1432 1811 Ι
1495 1761 1571 1836 τῷ
1623 1763 2024 1839 ὑπερτετάσθαι,

375 1852 466 1907 καὶ
487 1851 700 1908 πάντων
742 1850 1078 1931 ὑπερέχουσαι
1107 1856 1183 1925 τῷ
1230 1853 1572 1929 ὑπερκεῖσθαι
1607 1869 1624 1886 ⁸
1673 1853 1760 1908 καὶ
1816 1850 2022 1931 ἁπλῶς,

2191 1316 2414 1378 Lumen
2471 1314 2649 1395 igitur
2678 1316 3032 1379 intellectile
3084 1313 3304 1379 dicitur
3333 1309 3482 1375 illud
3522 1308 3751 1370 bonum

2108 1403 2269 1479 quod
2324 1414 2413 1466 est
2442 1423 2621 1485 supra
2652 1425 2829 1468 omne
2872 1406 3105 1481 lumen,
3149 1414 3426 1485 tanquam
3480 1400 3613 1461 fons
3651 1416 3753 1460 ra-

2108 1492 2342 1555 diorum
2375 1503 2433 1555 et
2466 1496 2674 1558 eﬂ‘usio
2705 1496 2952 1558 luminis
2981 1496 3279 1557 inundans
3303 1510 3541 1554 omnem
3578 1507 3753 1550 men-

2112 1590 2231 1646 tem
2285 1586 2853 1665 supramundanam,
2908 1596 2966 1649 et
3007 1583 3625 1659 circummundauam,
3697 1587 3755 1640 et

2113 1674 2473 1736 mundanam
2508 1694 2575 1737 ex
2603 1677 2974 1756 plenitudine
3017 1696 3122 1738 sua
3156 1675 3519 1747 illuminans,
3581 1678 3639 1732 et
3662 1678 3753 1731 tot

2112 1772 2202 1826 tas
2247 1783 2448 1826 earum
2474 1766 2781 1830 facultates
2811 1766 3185 1845 intelligendi
3208 1782 3523 1834 renovans,
3554 1770 3755 1823 etom-

2110 1872 2217 1916 nes
2248 1855 2885 1936 continens,quatenus
2906 1876 3086 1938 supra
3109 1875 3319 1918 omnes
3351 1853 3658 1927 tenditur;
3696 1860 3757 1914 et

376 1947 552 1999 πᾶσαν
604 1944 701 2006 τῆς
764 1945 1092 2018 φωτιστικῆς
1152 1938 1422 2016 δυνάμεως
1481 1942 1579 2011 τήν
1660 1942 1892 2021 κυρείαν,
1950 1945 2023 2006 ὡς

2114 1944 2383 2006 omnibus
2415 1946 2812 2027 antecellens,
2837 1956 3129 2028 quatenus
3154 1964 3333 2027 supra
3376 1960 3583 2005 omnes
3615 1948 3750 2015 stat,

374 2029 681 2110 ἀρχίφωτος
708 2031 795 2086 καὶ
844 2029 1174 2110 ὑπέρςρωτος,
1228 2036 1281 2086 ἓν
1325 2032 1488 2107 ἑαυτῇ
1545 2028 1900 2104 συλλαϐοῦσα,
1937 2033 2025 2088 καὶ

374 2119 737 2200 ὑπερέχουσα,
770 2120 857 2175 καὶ
912 2118 1271 2199 προσέχουσα,
1310 2122 1397 2177 καὶ
1445 2121 1511 2177 τὰ
1555 2122 1709 2197 νοερὰ
1755 2123 1840 2178 καὶ
1883 2123 1946 2181 τὰ
1995 2120 2027 2170 3

374 2209 573 2287 λογικὰ
624 2209 793 2266 πάντα
850 2209 1166 2287 συνάγουσα,
1234 2211 1317 2266 καὶ
1378 2209 1547 2277 ἆολλή
1612 2211 1854 2273 ποίοῦσα.
1927 2214 2023 2270 Καὶ

374 2298 479 2377 γὰρ
518 2298 759 2376 ὥσπερὴ
820 2297 1004 2376 ἄγνοια
1057 2297 1350 2371 διαιρετιγὴ
1435 2306 1543 2356 τῶν
1595 2300 2022 2377 πεπλανημένων

376 2387 543 2463 ἐστὶν,
574 2387 738 2453 οὕτως
775 2388 806 2456 ἧ
856 2395 947 2445 τοῦ
986 2389 1179 2456 νοητοῦ
1222 2390 1395 2469 φωτὸς
1431 2391 1713 2464 παρωσία,
1778 2413 2023 2470 συναγω-

374 2480 470 2557 γὸς
502 2479 590 2534 καὶ
620 2478 845 2545 ἑνωτικὴ
894 2483 1001 2534 τῶν
1044 2478 1411 2558 φωτίζομένων
1469 2478 1602 2558 ἐστὶ,
1662 2482 1749 2536 καὶ
1798 2481 2022 2537 τελειω-

372 2571 527 2641 τικὴ,
587 2569 678 2625 καὶ
728 2568 805 2624 ἔτι
847 2565 877 2610 ³
949 2567 1328 2648 ἒπιστρεπτικὴ
1398 2570 1530 2646 πρὸς
1589 2570 1649 2625 τὸ
1719 2570 1883 2633 ὅντως
1941 2569 2020 2645 ὅν,

374 2659 482 2715 ἀπὸ
541 2664 648 2714 τῶν
701 2656 914 2714 πολλῶν
963 2656 1301 2733 δοξασμάτων
1350 2657 1753 2740 ἐπιστρέφουσα³
1789 2662 1875 2716 καὶ
1931 2661 2024 2721 τὰς

378 2746 629 2812 ποικίλας
657 2746 875 2823 ὄψεις,ἧ
906 2749 1219 2828 κυριώτερον
1248 2748 1759 2827 εἶπεϊν,φαντασίας,
1795 2752 1867 2813 εἰς
1902 2751 2025 2824 μίαν

372 2836 551 2905 ἀληθῆ
574 2838 662 2894 καὶ
692 2838 945 2918 καθαρὰν,
976 2840 1063 2895 καὶ
1094 2835 1342 2912 μονοειδῆ
1373 2838 1665 2917 συνάγουσα
1689 2844 1907 2918 γνῶσιν,
1938 2841 2026 2896 καὶ

372 2928 495 2992 ἑνὸς
526 2927 613 2985 καὶ
643 2926 901 2985 ἒνωτικοῦ
929 2929 1102 3010 φωτὸς
1136 2926 1482 3004 ἐμπιπλῶσα,

2107 2034 2645 2115 atquesimpliciter
2666 2056 2905 2098 omnem
2936 2037 3329 2118 principatum
3351 2030 3753 2104 illuminandi,

2108 2129 2383 2205 tanquam
2418 2124 2699 2205 princeps
2719 2127 2987 2202 luminis,
3010 2136 3068 2190 et
3086 2119 3443 2208 supraqbam
3468 2123 3674 2184 lumen
3695 2120 3755 2181 in

2106 2230 2171 2275 se
2197 2216 2699 2299 comprehensum
2733 2216 2933 2299 habet,
2967 2227 3023 2279 et
3067 2233 3429 2297 supraquam
3460 2211 3663 2286 habet,
3697 2219 3756 2299 et

2108 2295 2431 2373 praehabet,
2478 2306 2657 2377 atque
2687 2298 2887 2359 omnia
2920 2295 3172 2359 ratione
3204 2307 3263 2358 et
3299 2302 3498 2356 mente
3530 2297 3755 2353 utentia

2107 2393 2447 2465 congregat,
2475 2393 2533 2446 et
2563 2388 2622 2446 iu
2659 2406 2839 2448 unum
2872 2386 3373 2467 copulat.Etenim
3396 2385 3546 2445 sicut
3578 2382 3754 2461 igno-

2106 2475 2299 2533 rantia
2329 2485 2597 2536 errantes
2627 2476 2883 2553 dirimit;
2916 2479 3003 2539 sic
3033 2477 3319 2538 adventus
3345 2472 3590 2536 luminis
3612 2490 3751 2532 conc

2107 2571 2310 2640 gregat
2358 2573 2416 2624 et
2446 2564 2680 2643 copulat
2714 2566 3106 2647 illuminatos,
3164 2565 3514 2647 perlicitque
3537 2578 3662 2633 eos,
3698 2566 3758 2621 et

2105 2651 2179 2712 ad
2211 2650 2268 2711 id
2302 2652 2459 2730 quod
2492 2670 2636 2715 vere
2666 2660 2757 2718 est
2780 2656 3133 2730 convertit,a
3161 2654 3366 2717 multis
3390 2648 3755 2732 opinationi-

2110 2741 2218 2803 bus
2235 2760 2337 2803 eos
2360 2760 2667 2818 revocans,
2703 2764 2771 2806 ac
2803 2746 2995 2806 varios
3015 2753 3312 2826 aspectus,
3356 2743 3471 2821 vel,
3508 2747 3567 2801 ut
3622 2757 3753 2801 ma—

2109 2831 2199 2910 gis
2223 2835 2458 2911 proprie
2487 2832 2704 2908 dicam,
2744 2835 2897 2897 varia
2926 2838 2983 2897 iu
3022 2853 3197 2896 unam
3222 2852 3422 2895 veram
3456 2838 3516 2894 et
3546 2847 3755 2911 puram

2110 2938 2177 2982 ac
2200 2921 2532 3001 simplicem
2558 2924 2956 3003 cognitionem
2983 2925 3300 3002 contrahit,
3323 2933 3379 2987 et
3396 2940 3516 2985 uno
3537 2920 3762 2982 lumine

2111 3012 2337 3075 uniﬁco
2381 3013 2612 3097 implet.

1979 3178 2007 3256 ς
2050 3172 2179 3239 vn.

452 3342 621 3405 Τοῦτο
662 3342 893 3421 τάγαθὸν
924 3343 1171 3418 ὑμνεῖται
1220 3344 1351 3421 πρὸς
1411 3349 1515 3399 τῶν
1575 3344 1728 3419 ίεριῦν
1756 3340 2022 3418 θεολόγων

2187 3338 2312 3399 Hoc
2342 3343 2484 3401 item
2516 3339 2738 3402 bonum
2769 3340 3048 3403 laudatur
3076 3360 3111 3403 a
3140 3339 3326 3403 sacris
3370 3337 3669 3414 theologis
3698 3342 3763 3398 ut
3796 3396 3805 3401 .

377 3435 468 3491 καὶ
518 3436 592 3498 ὡς
622 3433 808 3506 καλὸν,
842 3435 928 3491 καὶ
985 3435 1060 3497 ὡς
1090 3431 1314 3506 κάλλος,
1368 3435 1454 3490 καὶ
1497 3434 1571 3496 ὡς
1610 3431 1795 3509 ἀγάπη
1827 3432 1913 3487 καὶ
1957 3432 2028 3495 ὡς

373 3523 679 3602 ἀγαπητὸν,
732 3524 821 3579 καὶ
880 3522 1001 3579 ὅσαι
1032 3521 1189 3579 ἄλλαι
1240 3523 1523 3600 εὔπρεπετς
1568 3524 1666 3578 εἱσι
1697 3527 1793 3588 τῆς
1824 3520 2027 3577 καλλο-

376 3620 536 3671 ποιοῦ
605 3615 695 3671 καὶ
740 3612 1181 3692 κεχαρίτωμένης
1228 3617 1256 3661 4
1310 3612 1637 3690 ὡραιότητος
1720 3610 2022 3685 Θεωνυμίαι,

379 3704 453 3761 Τὸ
484 3701 540 3759 δὲ
583 3700 748 3759 καλὸν
775 3704 864 3759 καὶ
915 3700 1111 3765 κάλλος
1143 3701 1429 3779 διαιρετέον
1456 3700 1540 3757 ἐπὶ
1570 3707 1667 3768 τῆς
1730 3699 1784 3756 ἐν
1834 3701 1907 3756 ἑνὶ
1964 3699 2028 3755 τὰ

377 3791 480 3848 ὅλα
541 3793 908 3871 συνειληφυίας
962 3793 1133 3855 αὶτίας
1159 3806 1173 3822 ·
1208 3798 1372 3849 ταῦτα
1402 3792 1502 3870 γὰρ
1532 3791 1615 3847 ἐπὶ
1647 3791 1744 3866 μὲν
1776 3796 1881 3846 τῶν
1934 3786 2028 3845 ὅν-

376 3903 485 3938 των
515 3881 765 3939 ἁπάντων
791 3882 825 3933 5
863 3881 934 3946 εἰς
994 3881 1236 3962 μετοχάς
1293 3881 1380 3938 καὶ
1436 3880 1738 3960 μετέχοντα
1770 3878 2026 3956 διαιροῦν-

378 3992 490 4045 τες,
524 3971 689 4028 καλὸν
762 3971 856 4046 μὲν
919 3984 1058 4028 εῖναι
1112 3969 1339 4047 λέγομεν
1394 3972 1456 4027 τὸ
1513 3969 1737 4032 κάλλους
1770 3969 2026 4048 μετέχον,

377 4061 579 4127 κάλλος
634 4060 689 4117 δὲ
717 4062 815 4130 τὴν
867 4062 1111 4141 μετοχὴν
1155 4066 1255 4129 τῆς
1284 4060 1607 4120 καλλοποιοῠ
1635 4061 1740 4117 τῶν
1772 4059 1911 4115 ὅλων
1939 4082 2033 4116 κα-

382 4149 490 4209 λῶν
535 4150 726 4217 αἰτίας.
781 4153 853 4209 Τὸ
884 4149 938 4206 δὲ
967 4150 1274 4228 ὓπερούσιον
1305 4153 1468 4207 καλὸν
1498 4149 1695 4215 γάλλὸς
1745 4148 1841 4225 μέν
1871 4147 2030 4225 λέγε-

388 4262 493 4315 ται,
526 4238 612 4297 διὰ
641 4242 741 4308 τὴν
776 4239 872 4297 ἄπ’
902 4240 1063 4299 αὒτοῦ
1092 4246 1221 4297 πᾶσι
1276 4252 1391 4305 τοῖς
1434 4241 1548 4296 οὖσι
1608 4236 2032 4312 μεταδιδομένην

377 4332 586 4394 οἰκείως
637 4331 846 4403 ἑιωξστῳ
906 4329 1197 4404 καλλονὴν,
1253 4331 1343 4386 καὶ
1400 4331 1474 4391 ὡς
1499 4335 1596 4396 τῆς
1626 4328 1838 4385 πάντων
1883 4331 2032 4406 εὔαρ-

377 4420 604 4494 μὸστίας
664 4420 753 4476 καὶ
795 4417 1031 4497 ἀγλαίας
1079 4419 1281 4493 αἴτιον,
1340 4416 1491 4485 δίκην
1559 4419 1735 4497 φωτὸς
1779 4417 2032 4495 ἐναστρά-

378 4532 515 4568 πτον
550 4507 585 4558 6
625 4509 790 4571 ἅπασι
841 4510 936 4577 τὰς
993 4506 1351 4573 καλλοποιοὺς
1382 4509 1482 4574 τῆς
1535 4508 1775 4584 πηγαίας
1819 4507 2034 4572 ἀκτῖνος

379 4600 541 4658 αὗτοῦ
569 4597 910 4674 μεταδόσεις,
970 4601 1059 4655 καὶ
1117 4600 1191 4662 ὡς
1224 4598 1395 4656 πάντα
1446 4597 1577 4673 πρὸς
1614 4596 1770 4652 ἑαυτὸ
1840 4594 2036 4654 καλοῦν

384 4689 528 4769 (ὅθεν
571 4690 660 4746 καί
710 4686 908 4753 κᾶλλος
958 4686 1193 4766 λέγεται)
1239 4689 1327 4744 καὶ
1382 4689 1455 4750 ὡς
1514 4685 1614 4742 ὅλα
1644 4688 1698 4741 ἓν
1755 4683 1899 4747 ὅλοις
1961 4688 2035 4751 εἰς

2114 3427 2431 3505 pulchrum
2462 3437 2520 3490 et
2549 3437 2611 3490 ut
2636 3429 3103 3510 pulchritudo,et
3136 3441 3200 3491 ut
3230 3428 3466 3491 dilectio
3501 3435 3558 3487 et
3582 3436 3646 3486 ut
3674 3424 3760 3485 di-

2111 3515 2355 3592 lectum,
2390 3526 2450 3579 et
2500 3536 2874 3599 quaecunque
2904 3518 3020 3581 alia
3050 3528 3188 3580 sunt
3246 3517 3444 3579 divina
3489 3514 3754 3589 nomina,

2111 3604 2325 3682 quibus
2357 3606 2488 3686 ipse
2518 3609 2827 3688 speciosus
2855 3608 3035 3670 decor
3055 3618 3114 3670 et
3144 3608 3387 3670 eilector
3422 3604 3758 3686 pulchritu-

2112 3695 2270 3757 dinis
2317 3696 2607 3760 decenter
2657 3699 3020 3760 nominatur.
3082 3697 3399 3761 Pulchrum
3451 3703 3648 3758 autem
3700 3701 3759 3755 et

2115 3786 2497 3867 pulchritudo
2525 3796 2661 3850 sunt
2691 3788 3112 3868 distinguenda
3169 3788 3227 3849 in
3252 3805 3430 3853 causa
3459 3804 3589 3867 quae
3619 3784 3756 3848 uni-

2113 3894 2282 3937 versa
2314 3877 2371 3939 in
2406 3896 2521 3939 uno
2564 3878 2875 3958 complexa
2923 3888 3015 3941 est
3049 3900 3065 3954 ;
3100 3879 3225 3941 haec
3257 3878 3417 3939 enim
3464 3877 3526 3938 in
3558 3876 3758 3937 omni-

2117 3965 2226 4028 bus
2256 3967 2459 4048 rebus,
2496 3967 2556 4029 in
2590 3968 3073 4048 participationes
3121 3978 3179 4030 et
3228 3968 3288 4029 in
3349 3966 3764 4048 participantia

2116 4054 2469 4137 dividentes,
2496 4059 2812 4138 pulchrum
2844 4058 3087 4139 quidem
3121 4057 3396 4121 dicimus.
3434 4056 3589 4136 quod
3623 4056 3760 4137 pul-

2114 4146 2470 4208 chritudinis
2504 4149 2797 4227 particeps
2842 4155 2972 4229 est;
3030 4146 3533 4228 pulchritudinem
3589 4162 3757 4221 vero,

2116 4236 2628 4315 participationem
2660 4255 2854 4299 causa:
2895 4237 3097 4298 omnia
3141 4237 3390 4315 pulchra
3421 4234 3757 4297 efficientis.

2114 4324 2313 4405 Ipsum
2330 4333 2527 4386 autem
2545 4326 2856 4405 pulchrum
2890 4326 3392 4406 superessentiale
3423 4325 3759 4405 pulchritu-

2117 4416 2192 4477 do
2206 4414 2445 4496 quidem
2459 4414 3235 4497 appellatur,propteril|am
3253 4414 3754 4493 pulchritudinem

2119 4523 2294 4588 quam
2317 4505 2499 4566 rebus
2546 4504 2827 4567 omnibus
2860 4523 2965 4585 pro
2993 4505 3280 4585 cujusque
3307 4503 3545 4565 modulo
3574 4523 3748 4566 com-

2121 4595 2403 4674 municat,
2441 4594 2497 4656 in
2531 4603 2813 4673 quantum
2854 4604 2943 4656 est
2989 4614 3166 4657 causa
3210 4595 3405 4657 omnis
3429 4595 3761 4675 pulchritu-

2120 4684 2280 4746 dinis
2309 4704 2376 4744 ac
2406 4683 2901 4765 venustatis,dum
2934 4686 3074 4746 356
3099 4687 3276 4747 rebus
3307 4684 3585 4746 omnibus
3618 4686 3757 4765 pul-

378 4781 541 4837 ταῦτὸ
572 4779 826 4857 συνάγον.
860 4775 1036 4837 Καλὸν
1090 4776 1145 4834 δὲ
1198 4781 1272 4843 ὡς
1304 4775 1578 4856 πάγκαλον
1610 4777 1721 4850 ἃμα
1752 4777 1838 4831 καὶ
1867 4777 2026 4853 ὗπὲρ-

2119 4774 2393 4836 chriiiuas
2425 4774 2657 4835 fontalis
2688 4774 2778 4835 sui
2826 4776 2978 4838 radii
3028 4775 3473 4838 distributiones
3518 4775 3670 4835 lucis
3700 4776 3762 4837 in

380 4869 567 4941 καλον,
601 4869 690 4926 καὶ
720 4869 801 4925 ἀεὶ
829 4867 911 4949 ὅν,
959 4869 1097 4926 κατὰ
1150 4870 1217 4925 τὰ
1247 4868 1378 4924 αὐτὰ
1429 4867 1516 4923 καὶ
1574 4866 1823 4929 ὡσαύτως
1870 4866 2026 4923 καλὸν

2119 4882 2349 4925 morem
2384 4866 2562 4939 aﬂlat,
2600 4865 2924 4942 omniaque
2955 4865 3025 4927 ad
3060 4885 3123 4926 se
3154 4866 3336 4938 καλεῖ,
3361 4863 3418 4925 id
3463 4873 3555 4925 est
3590 4873 3763 4927 vocat

380 4963 467 5018 καὶ
496 4959 615 5017 οὔτε
647 4959 987 5038 γιγνόμενον,
1048 4958 1163 5015 οὔτε
1207 4956 1598 5036 ἀπολλύμενον,
1659 4955 1774 5013 οὔτε
1809 4955 2026 5020 αὖξανό-

2120 4954 2297 5026 (unde
2329 4963 2394 5015 ut
2416 4954 2633 5027 καλλος,
2653 4955 2709 5015 id
2736 4963 2825 5017 est
2842 4955 3254 5036 pulchritudo,
3290 4954 3530 5027 dicitur)
3553 4964 3611 5016 et
3643 4964 3763 5017 tota

382 5072 544 5127 μενον
603 5048 657 5130 7,
703 5047 823 5105 οὔτε
877 5050 1074 5127 φθίνον,
1109 5045 1224 5107 οὐδὲ
1276 5052 1343 5123 τῇ
1374 5047 1471 5119 μὲν
1530 5044 1717 5124 καλὸν,
1749 5051 1816 5121 τῇ
1858 5043 1912 5101 δὲ
1944 5046 2026 5101 αἰ-

2115 5043 2177 5104 ίη
2210 5044 2348 5103 totis
2373 5043 2538 5124 quasi
2565 5042 2625 5104 in
2649 5063 2714 5105 se
2737 5044 3308 5123 colligitPulchrum
3335 5062 3473 5106 vero
3499 5057 3761 5126 vocatur,

382 5142 576 5222 σχρὸν,
608 5137 725 5199 οὐδὲ
755 5139 875 5197 τοτὲ
909 5138 1029 5219 μὲν,
1093 5138 1213 5196 τοτὲ
1244 5136 1298 5194 δὲ
1330 5135 1412 5212 οὔ,
1470 5134 1586 5195 οὐδὲ
1635 5138 1765 5215 πρὸς
1816 5136 1915 5210 μὲν
1944 5138 2026 5215 τὸ,

2115 5132 2276 5215 quod
2310 5151 2377 5193 ex
2428 5132 2590 5193 omni
2636 5145 2800 5215 parte
2848 5136 3163 5215 pulchrum
3204 5135 3281 5196 sit
3308 5144 3366 5197 et
3411 5136 3541 5214 plus
3583 5154 3761 5212 quam

383 5229 571 5370 iubilo:
604 5231 735 5309 πρὸς
761 5225 815 5285 δὲ
844 5229 929 5370 is,
966 5229 1210 5310 αἰσχράν’
1247 5225 1363 5284 οὔτε
1406 5225 1525 5283 ἔνθα
1558 5225 1680 5302 μὲν,
1710 5224 1829 5281 ἔνθα
1863 5223 1916 5280 δὲ
1948 5224 2026 5306 οἷ’)1

462 5320 492 5364 ι)
569 5328 673 5370 uc.
701 5323 808 5370 vn.
883 5308 946 5370 7.

2118 5222 2523 5305 pulcbrum,et
2549 5233 2825 5305 tanquam
2851 5243 3090 5306 semper
3106 5224 3760 5301 exsistens,secundum

462 5320 492 5364 ι)
520 5308 673 5374 Luc.
701 5323 808 5387 vn,
844 5308 946 5372 47.

1708 5464 1958 5531 VARIE
2002 5465 2325 5533 LECTlON
2330 5464 2441 5531 ES.

468 5631 534 5683 98
559 5630 1037 5710 ἆπογευσαμένων,
1069 5631 1151 5697 Μ.
1232 5630 1298 5683 99
1329 5630 1543 5710 ἑαυτάς,
1628 5626 1711 5673 ¹⁰⁰
1737 5626 2026 5706 ἑπικᾶσμιο

2114 5627 2174 5692 D.
2233 5630 2329 5694 P..
2390 5627 2799 5710 Ῑδιαόαίνουσα,
2832 5629 2895 5710 S.
2930 5627 2999 5710 P_.
3054 5627 3386 5710 ’posterius
3408 5628 3629 5710 canon
3671 5634 3762 5689 est

389 5712 449 5776 in
477 5711 551 5776 D.
586 5713 654 5776 P.
686 5707 843 5770 1!“
873 5730 992 5777 non
1021 5707 1228 5777 habet
1257 5714 1321 5777 S.
1357 5713 1426 5777 P.
1483 5709 1515 5757 δ
1540 5709 1968 5796 κιχαρεσμένης,
2004 5713 2026 5771 ll

389 5792 632 5874 ξόμινον,
662 5792 734 5858 D.
1868 5842 1875 5847 .

2134 5712 2199 5774 S.
2257 5710 2285 5753 ⁸
2315 5718 2422 5771 τῶν
2452 5718 2683 5793 νοητῶν²
2715 5709 2792 5775 Μ.
2843 5709 2908 5775 S.
2966 5707 2997 5753 δ
3022 5707 3420 5792 ἀπαστράπτον.
3473 5709 3546 5775 Ι).
3603 5708 3629 5753 ⁷
3658 5713 3759 5769 αὖ-
