4156 6156
428 387 546 459 703
1560 397 1621 461 S.
1685 395 2031 469 DIONYSII
2083 397 2624 471 AREOPAGITE.
3687 392 3802 464 704

426 529 635 593 eadem
659 536 717 594 et
758 527 969 596 eodem
1014 530 1190 597 modo
1218 531 1558 614 pulchrum,
1593 553 1790 617 neque
1819 535 2062 619 factum,

2150 536 2220 604 ὥς
2249 558 2355 594 τισι
2387 534 2484 610 μὲν
2509 535 2541 584 8
2574 531 2632 591 ὅν
2665 530 2852 607 καλὸν,
2884 530 2988 590 τισὶ
3018 527 3073 588 δὲ
3109 531 3168 588 οὒ
3197 528 3383 590 καλὸνο
3418 529 3543 591 ἀλλ’
3569 534 3642 599 ὡς
3677 534 3801 594 αὒτὺ

426 639 621 702 neque
663 621 1051 698 destructum,
1096 643 1293 706 neque
1334 643 1684 704 augescens,
1720 645 1914 707 neque
1955 629 2065 690 de-

2150 626 2266 685 καθ’
2314 627 2466 682 ἑαυτὸ
2515 622 2630 701 μεθ’
2691 624 2880 680 ἑαυτοῦ
2912 621 2944 674 9
2975 620 3244 698 μονοειδές
3295 622 3376 680 ἀεὶ
3405 621 3464 681 ὅν
3491 623 3681 705 καλὸν,
3715 624 3803 681 καὶ

427 729 730 792 crescens,
760 731 867 776 nec
899 731 968 776 ex
1014 722 1180 794 parte
1211 732 1326 774 una
1359 715 1696 794 pulchrum,
1746 727 1802 778 et
1835 736 1904 779 ex
1956 718 2065 780 alia

2150 720 2222 780 ὡς
2283 717 2479 778 παντὸς
2510 713 2676 772 καλοῦ
2724 716 2823 781 τὴν
2867 716 3106 793 πηγαίαν
3151 711 3419 782 καλλονῆν
3462 717 3801 796 ὑπεροχικῶς

428 810 618 882 turpe,
652 821 850 879 neque
899 803 1044 864 alias
1094 803 1336 884 quidem
1384 805 1693 884 pulchrum
1745 806 1886 868 alias
1929 826 2065 869 vero

2150 810 2204 864 ἓν
2237 806 2405 879 ἐαυτῷ
2449 805 2705 885 προέχον,
2757 810 2833 881 Τῇ
2891 806 2990 883 γὰρ
3034 803 3180 882 ἁπλῇ
3250 805 3340 861 καὶ
3397 805 3656 883 ὑπερφυεῖ
3696 810 3803 860 τῶν

427 909 546 953 non
570 911 585 967 ;
617 911 811 973 neque
835 894 904 954 ad
935 895 1048 955 hoc
1071 893 1476 972 pulchrum,et
1503 895 1574 956 ad
1598 895 1739 956 illud
1765 896 2065 959 inconcin-

2151 897 2288 954 ὅλων
2347 895 2526 952 καλῶν
2579 897 2724 975 φύσει
2790 902 2936 952 πᾶσα
2989 894 3224 962 καλλονὴ
3271 895 3358 951 καὶ
3384 901 3488 950 πᾶν
3531 893 3692 952 καλὸν
3723 893 3802 968 10,

429 999 572 1041 num
613 1001 856 1062 ;neque
888 983 982 1044 hic
1016 983 1272 1063 quidem
1333 985 1432 1065 ita,
1487 984 1626 1046 alibi
1674 1004 1809 1046 vero
1868 987 2060 1060 aliter,

2150 985 2390 1050 ἑνοειδὼς
2435 983 2554 1043 κατ’
2629 987 2796 1042 αἰτίαν
2850 985 3271 1065 προϋφάστηκεν.
3347 982 3445 1043 Ἐκ
3474 992 3567 1042 τοῦ
3638 984 3806 1043 καλοῦ

423 1089 538 1133 nec
565 1079 630 1131 ut
649 1071 780 1133 aliis
807 1073 1158 1153 formosum,
1191 1073 1323 1134 aliis
1358 1091 1502 1136 vero
1529 1074 1792 1137 deforme
1827 1100 1842 1152 ;
1873 1079 1974 1140 sed
2003 1086 2065 1139 ut

2150 1078 2332 1134 τούτου
2374 1081 2504 1132 πᾶσι
2535 1088 2652 1140 τοῖς
2684 1075 2793 1132 οὖσι
2827 1077 2889 1132 τὸ
2914 1075 3081 1146 εἶναι,
3117 1075 3254 1130 κατά
3310 1075 3405 1130 τὸν
3452 1075 3653 1132 οἰκεῖον
3715 1073 3806 1131 λό-

424 1159 617 1240 ipsum
637 1162 964 1222 secundum
981 1168 1254 1244 se,atque
1271 1182 1476 1226 secum
1503 1165 2065 1248 uniforme,semper

2150 1189 2240 1246 γον
2265 1166 2462 1222 ἕκαστα
2515 1164 2677 1244 καλὰ,
2709 1166 2798 1222 καὶ
2842 1163 2926 1220 διὰ
2954 1164 3016 1220 τὸ
3055 1162 3221 1220 καλὸν
3281 1165 3333 1220 αἱ
3389 1163 3605 1219 πάντων
3634 1162 3804 1244 ἐφαρ-

427 1251 718 1311 exsistens
741 1251 1262 1334 pulchrum,atque
1294 1254 1593 1315 fontanam
1621 1257 1880 1317 universi
1927 1258 2062 1338 pul-

427 1340 555 1402 chri
569 1341 1073 1420 pulchritudinem
1090 1343 1150 1405 in
1164 1345 1358 1424 seipso
1373 1345 1712 1407 eminenter
1730 1347 2064 1428 anticipans

426 1431 990 1513 praahabensqueJn
1015 1434 1139 1514 ipsa
1172 1435 1331 1497 enim
1361 1444 1562 1497 natura
1588 1436 1844 1516 simplici
1875 1456 1943 1500 ac
1970 1457 2065 1499 su-

425 1521 789 1601 pernaturali
823 1522 1206 1602 pulchrorum
1247 1525 1664 1588 universorum
1703 1527 1896 1587 omnis
1931 1528 2065 1608 pul-

424 1610 787 1682 chritudo,et
803 1631 979 1674 omne
1003 1613 1310 1692 pulchrum
1343 1615 1719 1677 uniformiter
1735 1617 2062 1679 secundum

425 1719 660 1762 causam
685 1703 1033 1782 praeexsistit
1064 1703 1142 1765 Ex
1167 1705 1278 1766 hoc
1309 1706 1438 1786 ipso
1463 1705 1708 1781 pulchro
1734 1706 1911 1768 rebus
1931 1725 2062 1768 om-

423 1789 603 1852 nibus
623 1791 966 1873 obtingit,ut
995 1794 1116 1857 sint
1147 1795 1376 1874 singula
1407 1797 1732 1856 secundum
1769 1797 2065 1877 propriam

2147 1258 2330 1334 μογαί,
2389 1256 2477 1312 καὶ
2533 1255 2722 1334 φιλίαι,
2791 1256 2880 1312 καὶ
2924 1254 3220 1318 κοινωνίαι,
3261 1254 3348 1310 καὶ
3403 1260 3480 1328 τῷ
3533 1253 3682 1314 καλῶ
3739 1255 3806 1311 τὰ

2147 1348 2318 1403 πάντα
2343 1346 2544 1414 ἥνωται
2572 1362 2587 1377 ⁰
2637 1347 2723 1401 καὶ
2754 1345 2901 1425 ἀρχὴ
2945 1364 3157 1400 παντων
3183 1345 3244 1400 τὸ
3274 1342 3464 1419 καλὸν,
3511 1345 3582 1408 ὡς
3634 1365 3807 1410 ποιη-

2147 1437 2295 1493 τικὸν
2317 1435 2514 1514 αἴτιον,
2565 1437 2648 1491 καὶ
2696 1442 2874 1492 κινοῦν
2939 1434 3002 1490 τὰ
3035 1432 3156 1508 ὅλα,
3196 1435 3280 1490 καὶ
3325 1432 3552 1512 συνέχον
3603 1440 3680 1507 τῷ
3710 1437 3807 1502 τῆς

2148 1529 2345 1590 οἰκείας
2376 1524 2642 1593 καλλονῆς
2674 1523 2831 1604 ἔρωτι
2880 1541 2894 1556 ⁹
2931 1524 3017 1581 κὰὶ
3047 1523 3212 1601 πέρας
3256 1523 3493 1594 πάντων,
3529 1525 3618 1580 καὶ
3663 1523 3806 1602 ἀγα-

2147 1618 2342 1691 πητὸν,
2391 1619 2463 1680 ὡς
2494 1613 2703 1672 τελικὸν
2735 1615 2909 1671 αἴτιον
2948 1614 3063 1693 (τοῦ
3095 1612 3264 1670 καλου
3322 1614 3422 1692 γὰρ
3452 1613 3608 1670 ἕνεκα
3629 1613 3805 1670 πάντα

2148 1707 2441 1786 γίγνεται)
2478 1708 2564 1762 καὶ
2609 1705 3120 1784 παραδειγματικὸν,
3179 1703 3258 1760 ὅτι
3319 1703 3439 1760 κατ’
3467 1705 3593 1761 αὐτὸ
3623 1705 3802 1761 πάντα

2150 1798 2446 1877 ἀφορίζεται
2483 1811 2497 1826 ⁸
2537 1794 2616 1852 διὸ
2646 1797 2734 1852 καὶ
2791 1796 2982 1853 ταῦτὸν
3042 1794 3152 1850 ἐστι
3185 1793 3398 1872 τάγαθῷ
3427 1792 3474 1834 η
3507 1795 3569 1851 τὸ
3615 1793 3802 1869 καλὸν,

422 1881 710 1944 rationem
730 1884 1064 1963 pulchra;et
1087 1873 1333 1965 propter
1359 1886 1670 1965 pulchrum
1693 1873 1833 1948 sunt
1857 1873 2065 1949 omnes

2151 1873 2232 1942 ὃτι
2292 1894 2379 1943 τοῦ
2436 1885 2598 1942 καλοῦ
2657 1887 2742 1940 καὶ
2811 1885 3007 1963 ἀγαθοῦ
3061 1882 3114 1925 η
3199 1885 3337 1940 κατά
3407 1890 3583 1940 πᾶσαν
3636 1883 3807 1940 αἰτίαν

423 1974 848 2053 congruentius,
905 1982 961 2035 et
994 1975 1288 2048 amicitiae,
1334 1984 1392 2036 et
1440 1976 2059 2057 communicationes;

425 2069 483 2122 et
506 2079 611 2141 per
643 2063 956 2141 pulchrum
991 2075 1203 2125 cuncta
1225 2065 1669 2144 conjunguntur
1697 2087 1711 2146 ;
1740 2075 1920 2143 atque
1945 2068 2068 2146 pul-

423 2151 633 2213 chrum
667 2165 758 2213 est
786 2152 1053 2215 omnium
1077 2153 1458 2234 principium,
1497 2163 1559 2215 ut
1591 2175 1765 2216 causa
1787 2156 2068 2218 efﬁciens

426 2250 485 2301 et
534 2259 799 2321 movens,
865 2251 922 2304 et
971 2242 1244 2305 universa
1297 2244 1550 2324 propria;
1609 2245 2067 2324 pulchritudinis

423 2348 628 2392 amore
654 2333 1056 2405 continens-,et
1080 2341 1141 2394 ut
1170 2334 1303 2394 ﬁnis
1323 2335 1873 2416 omnium,atqueid
1907 2337 2065 2412 quod

421 2420 721 2500 appetitur
745 2429 1023 2502 tanquam
1055 2441 1231 2485 causa
1249 2424 1439 2486 ﬁnalis
1467 2425 1625 2506 (nam
1660 2426 1896 2505 pulchri
1926 2445 2066 2506 gra-

425 2510 503 2570 tia
527 2519 739 2571 cuncta
760 2512 927 2592 ﬁunt)
959 2523 1015 2574 et
1043 2513 1415 2594 exemplaris,
1455 2521 1590 2595 quia
1621 2517 1950 2578 secundum
1983 2517 2065 2577 il-

422 2598 520 2661 lud
546 2601 744 2662 omnia
766 2602 1151 2664 deﬁniuntur.
1181 2603 1578 2677 Quamobrem
1616 2606 1770 2666 idem
1805 2614 1894 2667 est
1926 2607 2051 2686 pul-

425 2691 633 2752 chrum
665 2700 842 2772 atque
892 2692 1141 2772 bonum,
1187 2693 1467 2772 quoniam
1503 2695 1704 2756 omnia
1732 2695 2062 2757 secundum

420 2799 660 2842 omnem
691 2800 927 2843 causam
961 2783 1276 2863 pulchrum
1313 2793 1372 2845 et
1397 2785 1614 2846 bonum
1639 2793 1925 2865 appetunt
1961 2810 1975 2855 ;
2006 2795 2066 2847 et

421 2871 568 2932 nihil
593 2881 686 2935 est
714 2872 774 2932 in
788 2890 986 2933 rerum
1013 2873 1394 2954 natura,quin
1420 2874 1732 2953 pulchrum
1763 2884 1821 2936 et
1843 2876 2062 2936 bonum

421 2961 760 3042 participet.
784 2961 1032 3025 Audebo
1061 2962 1239 3024 etiam
1273 2964 1385 3025 hoc
1413 2963 1644 3044 dicere,
1666 2964 1724 3024 id
1755 2965 1915 3042 quod
1948 2984 2068 3026 non

422 3050 852 3128 est,pulchrum
880 3061 937 3111 et
970 3051 1190 3112 bonum
1216 3053 1592 3134 participare;
1618 3061 1757 3116 tunc
1789 3055 1948 3115 enim
1979 3063 2067 3116 est

2151 1978 2322 2037 πάντα
2354 1977 2544 2056 ἐφίεται
2585 1991 2600 2006 ⁸
2626 1977 2711 2031 καὶ
2742 1979 2835 2034 οὒκ
2865 1975 2977 2032 ’ἐστι
3037 1997 3086 2030 τι
3131 1980 3237 2030 τῶν
3268 1973 3456 2041 ὄντων,
3491 1972 3525 2030 ὅ
3548 1974 3626 2049 μὴ
3661 1996 3799 2048 μετ-

2151 2067 2270 2147 έχει
2327 2075 2420 2123 τοῦ
2472 2065 2638 2122 καλοῦ
2692 2067 2778 2122 καὶ
2832 2065 3054 2142 ἀγαθοῦ.
3107 2063 3379 2139 Τολμήσει
3439 2060 3612 2120 δὲκαὶ
3653 2070 3808 2120 τοῦτο

2149 2161 2317 2214 εἰπεῖν
2361 2157 2389 2212 ὅ
2419 2156 2601 2235 λόγος,
2627 2155 2708 2214 ὅτι
2753 2157 2840 2211 καὶ
2883 2157 2944 2211 τὸ
3004 2155 3082 2230 μὴ
3115 2153 3173 2209 ὅν
3206 2153 3429 2233 μετέχει
3487 2156 3583 2210 τοῦ
3638 2155 3807 2210 καλοῦ

2150 2250 2235 2304 καὶ
2291 2248 2510 2324 ἀγαθοῦ,
2575 2246 2693 2302 τότε
2751 2245 2852 2322 γάρ
2909 2246 2996 2301 καὶ
3047 2245 3174 2302 αὑτὸ
3224 2241 3389 2300 καλὸν
3440 2245 3527 2300 καὶ
3587 2244 3806 2322 ἀγαθὸν,

2149 2335 2274 2392 ὅταν
2306 2337 2359 2390 ἒν
2419 2341 2534 2408 Θεῷ
2593 2335 2728 2394 κατὰ
2782 2335 2878 2401 τὴν
2917 2333 3126 2389 πάντων
3171 2333 3443 2413 ἀφαίρεσιν
3485 2332 3808 2411 ὑπερουσίως

2148 2425 2379 2500 ὕμνηται
2407 2423 2486 2486 ίδ.
2525 2426 2690 2482 Τοῦτο
2734 2425 2795 2479 τὸ
2825 2422 2878 2478 ἓν
2913 2420 2966 2463 Ῑ⁴
2988 2423 3183 2501 ἀγαθὸν
3241 2424 3329 2478 καὶ
3388 2421 3552 2480 καλὸν
3610 2423 3806 2486 ἑνικῶς

2151 2516 2261 2571 ἐστι
2315 2515 2529 2570 πάντων
2587 2521 2691 2570 τῶν
2749 2511 2965 2569 πολλῶν
3018 2511 3196 2568 καλῶν
3219 2513 3307 2568 καὶ
3357 2512 3569 2588 ἀγαθῶν
3599 2510 3805 2576 αἴτιον,

2150 2605 2246 2663 Ἐκ
2273 2606 2457 2662 τούτου
2486 2603 2537 2644 ¹⁵
2580 2610 2743 2660 πᾶσαι
2775 2609 2878 2658 τῶν
2911 2602 3079 2659 ὅντων
3130 2605 3181 2658 αἱ
3214 2601 3484 2666 οὖσιώδεις
3530 2599 3803 2682 ὑπάρξεις,

2148 2697 2201 2751 αἱ
2229 2696 2464 2768 ἑνώσεις,
2500 2697 2552 2750 αἱ
2610 2691 2920 2772 διακρίσεις,
2958 2695 3006 2748 αἱ
3064 2691 3412 2765 ταῖτότητες,
3449 2694 3503 2746 αἱ
3550 2691 3810 2762 ἑτερότῆ-

2148 2808 2256 2857 τες,
2294 2789 2346 2842 αἱ
2378 2786 2724 2859 ὃμοιότητες,
2759 2785 2810 2838 αἱ
2870 2783 3279 2858 ἀνομοιότητες,
3317 2783 3366 2838 αἱ
3403 2782 3671 2838 κοινωνίαι
3702 2787 3808 2838 τῶν

2149 2876 2398 2932 ἒναντίων
2427 2872 2504 2948 ίθ,
2568 2877 2618 2930 αἱ
2664 2871 2972 2948 ἀσυμμιξίαι
3033 2877 3141 2927 τῶν
3197 2871 3515 2945 ἦνωμένων,
3576 2872 3627 2928 αἶ
3681 2871 3813 2948 πρό-

2151 2987 2286 3022 νοιαι
2317 2971 2421 3020 τῶν
2452 2965 2776 3042 ὑπερτέρων,
2812 2963 2862 3017 αἱ
2898 2958 3257 3039 ἀλληλουχίαι
3301 2967 3410 3017 τῶν
3440 2959 3806 3039 ὁμοστοίχσυν,

2151 3058 2201 3110 αἱ
2261 3054 2571 3133 ἐπιστροφαὶ
2617 3060 2722 3109 τῶν
2766 3048 3213 3128 κατάδεεστὲρων,
3257 3051 3306 3106 αἱ
3352 3050 3566 3106 πάντων
3610 3050 3813 3106 ἑαυτῶν

421 3141 617 3220 ipsum
646 3141 958 3220 pulchrum
975 3151 1033 3202 et
1051 3141 1269 3202 bonum
1289 3143 1546 3223 ,quando
1568 3144 1628 3204 in
1649 3143 1767 3206 Deo
1792 3144 2065 3206 laudatur

2150 3146 2492 3226 φρουρητικαὶ
2554 3144 2639 3199 καὶ
2705 3141 3084 3216 ἀμετακίνητοι
3160 3142 3316 3215 μοναί
3389 3141 3476 3196 καὶ
3556 3137 3804 3219 ἱδρυσεις.

421 3249 600 3310 supra
629 3229 1045 3303 substantiam,
1077 3231 1401 3293 auferendo
1437 3233 1736 3297 universa.
1798 3235 2068 3318 Denique

421 3320 532 3380 hoc
555 3337 737 3380 unum
766 3319 985 3382 bonum
1006 3328 1064 3381 et
1093 3321 1404 3400 pulchrum
1432 3323 1809 3402 singulariter
1829 3332 1915 3385 est
1945 3343 2069 3385 om-

420 3410 580 3470 nium
613 3410 930 3472 multorum
966 3412 1352 3491 pulchrorum
1382 3418 1444 3474 et
1465 3412 1754 3474 bonorum
1779 3413 2066 3476 causa.Ex

420 3499 532 3560 hoc
549 3517 751 3560 rerum
769 3500 1032 3561 omnium
1058 3499 1476 3563 substantiales
1496 3503 2069 3578 exsistentiaa,unio-

418 3605 544 3657 nos,
577 3588 1380 3669 distinctiones,identitates,
1406 3591 1797 3666 diversitates,
1856 3591 2078 3655 foedera

418 3678 877 3758 contrariorum,
926 3698 1127 3742 rerum
1180 3681 1485 3742 unitarum
1541 3682 2071 3763 impermistiones.

420 3767 804 3844 providentiae
852 3769 1254 3849 superiorum,
1312 3780 1516 3832 mutua
1548 3773 1848 3835 consortia
1869 3791 2070 3836 rerum

2158 3237 2252 3293 Καὶ
2308 3234 2452 3298 αὖθις
2515 3236 2567 3289 αἱ
2622 3232 2836 3288 πάντων
2888 3229 2942 3285 ἐν
3002 3236 3162 3286 πᾶσιν
3215 3230 3421 3293 οἰκείως
3454 3229 3662 3302 ἑκάστῳ
3689 3251 3811 3286 κοι-

2154 3325 2353 3396 νωνίαι,
2385 3325 2474 3380 καὶ
2508 3322 2829 3402 ἐφαρμογαὶ,
2877 3321 2965 3378 καὶ
2996 3319 3291 3399 ἀσὺγχυτοι
3335 3318 3526 3398 φιλίαι,
3586 3321 3675 3375 καὶ
3706 3319 3809 3398 ἀρ-

2156 3414 2328 3488 μονίαι
2361 3419 2452 3470 τοῦ
2482 3415 2703 3482 παντὸς,
2736 3413 2787 3468 αἱ
2817 3410 2870 3466 ἐν
2902 3417 2978 3483 τῷ
3000 3411 3156 3466 παντὶ
3188 3411 3526 3488 συγκράσεις,
3556 3409 3644 3465 καὶ
3674 3407 3725 3450 Π
3759 3410 3810 3464 αἱ

2157 3503 2424 3560 ἀδιάλυτοι
2477 3497 2714 3581 ’συνοχαί
2768 3508 2874 3558 τῶν
2934 3500 3124 3574 ὄντῶν,
3186 3501 3238 3556 αἱ
3296 3497 3634 3555 ἀνέκλειπτοι
3686 3499 3807 3556 δια-

2157 3593 2314 3673 δογαὶ
2374 3596 2478 3650 τῶν
2533 3613 2849 3670 γινομενων,
2912 3593 2963 3646 αἱ
3023 3590 3234 3650 στάσεις
3293 3595 3484 3658 πᾶσαι,
3517 3590 3604 3644 καὶ
3636 3590 3688 3644 αἱ
3718 3609 3809 3644 κι-

2155 3687 2336 3753 νήσεις
2369 3686 2419 3740 αἱ
2449 3688 2553 3738 τῶν
2577 3684 2732 3761 νοῶν,
2767 3682 2818 3737 αἱ
2867 3686 2974 3736 τῶν
3005 3679 3222 3760 ψυχῶν,
3257 3681 3308 3735 αἰ
3351 3681 3459 3735 τῶν
3487 3679 3752 3753 σωμάτων
3787 3693 3804 3708 '

2156 3779 2337 3839 στάσις
2381 3775 2480 3850 γὰρ
2537 3773 2648 3829 ἐστι
2701 3777 2831 3828 πᾶσι
2898 3770 2984 3826 καὶ
3035 3771 3265 3842 κίνησις,
3323 3769 3386 3825 τὸ
3448 3768 3578 3846 ὑπὲρ
3633 3775 3809 3825 πᾶσαν

420 3874 554 3937 qua;
575 3858 993 3937 suntejusdem
1017 3857 1698 3932 ordinis,conversiones
1718 3862 2065 3924 inferiorum

2153 3869 2336 3921 στάσιν
2398 3864 2486 3919 καὶ
2529 3868 2704 3918 πᾶσαν
2764 3859 2972 3926 κίνησιν
3051 3857 3282 3932 ἐνιδρύον
3357 3857 3577 3916 ἕκαστον
3621 3858 3676 3916 ἐν
3732 3865 3811 3934 τῷ

421 3945 807 4026 omniumque
837 3946 1320 4028 suimetipsosum
1393 3952 1860 4012 conservatrices
1919 3955 2065 4012 357

2152 3956 2338 4013 ἑαυτοῦ
2367 3952 2534 4030 λόγῳ,
2568 3953 2656 4008 καὶ
2689 3957 2864 4008 κινοῦν
2895 3948 2979 4005 ἐπὶ
3022 3949 3120 4018 τὴν
3151 3949 3344 4006 οἰκείαν
3377 3972 3609 4016 κινησιν.

417 4033 936 4118 immutabilesque
961 4038 1299 4100 mansiones
1327 4057 1394 4101 ac
1415 4039 1823 4103 ﬁrmitates.Et
1853 4061 2060 4105 rursus
2085 4043 2348 4106 omnium
2372 4041 2433 4103 in
2457 4059 2550 4102 om
2563 4039 2735 4102 uibus
2769 4057 2877 4118 pro
2910 4039 3198 4119 cujusque
3229 4037 3594 4119 proprietate
3629 4056 3804 4100 com-

421 4126 757 4200 muniones,
793 4135 852 4188 et
881 4129 1314 4210 congruentia,
1350 4129 1797 4213 inconfusaeque
1825 4132 2123 4208 amicitiae,
2157 4143 2216 4197 et
2266 4134 2698 4194 consensiones
2728 4127 3022 4209 universi,
3055 4147 3166 4191 nec
3197 4147 3315 4189 non
3365 4146 3565 4190 rerum
3597 4127 3659 4189 in
3695 4129 3810 4191 hoc

419 4222 696 4278 universo
723 4219 1323 4298 contemperatioues,
1358 4221 1929 4300 indissolubilesque
1958 4223 2328 4305 complexus,
2367 4231 2426 4285 et
2456 4239 2660 4283 eorum
2695 4237 2827 4300 quas
2859 4219 3008 4279 ﬁunt
3039 4224 3340 4299 perpetuae
3367 4217 3804 4291 successiones,

417 4314 606 4368 status
647 4325 879 4389 omnes,
911 4320 1229 4386 motusque
1288 4312 1603 4393 mentium,
1639 4312 1999 4393 animorum,
2033 4331 2398 4394 corporum;
2462 4319 2645 4373 status
2706 4309 2863 4371 enim
2923 4316 3016 4370 est
3071 4306 3349 4369 omnibus
3377 4314 3554 4388 atque
3615 4315 3809 4369 motus

420 4397 578 4472 quod
608 4397 769 4458 omni
792 4407 943 4460 statu
975 4408 1265 4483 motuque
1296 4401 1571 4483 superius
1601 4412 1860 4480 exstans,
1893 4421 2019 4466 rem
2053 4403 2380 4484 quamlibet
2407 4401 2467 4464 in
2498 4399 2744 4483 propria
2791 4397 3026 4462 ratione
3054 4398 3272 4475 ﬁrmat,
3304 4404 3364 4459 et
3395 4397 3470 4459 ad
3505 4398 3805 4478 propriam

419 4486 624 4566 dirigit
653 4487 1004 4553 motionem.

1988 4659 2018 4739 ς
2059 4654 2225 4724 VIII.

498 4813 767 4907 Denique
787 4811 1001 4907 divinae
1022 4813 1560 4907 mentesdicuntur
1575 4819 1795 4880 moveri
1815 4818 2065 4907 circula-

2237 4817 2333 4876 Καὶ
2363 4817 2624 4872 κινεῖσθαι
2655 4813 2752 4889 μὲν
2782 4812 2829 4869 όί
2884 4815 3020 4869 θεῖοι
3058 4809 3306 4890 λέγονται
3358 4813 3498 4890 νότς,
3531 4809 3802 4874 κυκλικῶς

415 4896 562 4957 riter
585 4894 857 4970 quidem,
914 4894 1053 4956 dum
1088 4895 1383 4976 principio
1429 4897 1668 4975 ﬁneque
1723 4900 2065 4962 carentibus

2150 4907 2244 4982 μέν
2276 4906 2544 4982 ἑνούμενοι
2577 4917 2697 4967 ταῖς
2744 4903 3000 4982 ἀνάρχοις
3053 4903 3141 4958 καὶ
3185 4900 3558 4970 ἀτελευτήτοις
3591 4899 3803 4975 ἐλλάμ-

419 4984 645 5064 pulcbri
668 4984 925 5065 bonique
947 4984 1368 5064 splendoribus
1387 4987 1926 5064 uniuntur;directe
1955 5008 2059 5052 au-

418 5083 564 5148 tem,
596 5075 835 5154 quando
865 5074 939 5134 ad
990 5075 1342 5138 inferiorum
1384 5077 1814 5160 providentiam
1850 5098 2058 5162 proce-

418 5165 591 5242 dunt,
615 5171 776 5224 recte
825 5164 1026 5224 omnia
1051 5165 1361 5245 dirigendo
1389 5189 1404 5241 ;
1437 5167 1678 5250 oblique
1729 5188 1892 5243 vero,
1918 5173 2064 5232 dum

418 5251 807 5316 inferioribus
854 5253 1232 5318 consulentes
1262 5257 1324 5318 in
1349 5257 1561 5322 eodem
1583 5267 1738 5324 statu
1771 5273 2064 5344 perpetuo

2145 5002 2270 5073 ψεσι
2300 5004 2390 5054 τοῦ
2449 4993 2612 5052 καλοῦ
2644 4995 2729 5052 καὶ
2784 4994 2980 5071 ἀγαθοῦ
3016 5005 3032 5022 ⁸
3070 4983 3186 5048 κατ’
3219 4993 3424 5048 εὔθεταν
3469 4989 3548 5064 δὲ,
3601 4990 3801 5046 ὁπόταν

2145 5089 2407 5165 προίωσιν
2439 5083 2491 5128 ίθ
2520 5087 2592 5148 εἰς
2644 5084 2740 5152 τὴν
2784 5083 2890 5140 τῶν
2937 5081 3234 5160 ὑφειμένων
3288 5080 3566 5160 πρόνοιαν,
3630 5080 3803 5153 εὖθείᾳ

2147 5178 2212 5233 τὰ
2241 5177 2412 5234 πάντα
2455 5175 2784 5253 περαίνοντες
2840 5189 2854 5203 ⁶
2919 5169 3224 5234 ἐλικοειδῶς
3283 5170 3361 5245 δέ,
3395 5168 3478 5226 ὅτι
3508 5171 3597 5226 καὶ
3659 5191 3800 5242 προ-

2149 5276 2388 5332 νοοῦντες
2438 5273 2543 5323 τῶν
2598 5261 3045 5343 καταδεεστέρων,
3095 5260 3496 5341 ἀνεκφοιτήτως
3551 5281 3774 5336 μενουσι

3775 5363 3803 5395 ν

1728 5429 2006 5498 ’νΑΒΙᾹΞ
2059 5433 2501 5502 LECTIONES.

497 5606 530 5656 8
555 5608 589 5676 ἢ
625 5608 724 5663 τισὶ
771 5605 891 5688 μέν,
923 5603 1016 5688 Πκ
1079 5605 1112 5656 9
1141 5605 1256 5664 καθ’
1289 5607 1413 5688 αὒτὸ
1444 5606 1560 5688 μεθ’
1593 5612 1768 5682 αὑτοῦ,
1807 5611 1875 5673 D.
1925 5615 1987 5678 S.

418 5685 489 5748 Β.
549 5689 692 5750 ltem
728 5685 886 5749 mox;
973 5685 1023 5731 ‘3
1053 5689 1318 5764 ὑμνεῖται,

421 5790 546 5827 νων.
633 5768 684 5811 ¹⁷
715 5770 801 5825 καί
833 5788 952 5833 non
985 5770 1159 5835 estin
1188 5769 1260 5835 D.
1288 5772 1350 5836 S.
1386 5773 1450 5834 P.
1483 5773 1582 5839 Sc.
1615 5770 1749 5838 Sor.

2074 5614 2128 5657 ¹⁰
2171 5614 2468 5693 πάγκαλον,
2505 5615 2566 5678 S.

1723 5690 1776 5732 “
1805 5701 1956 5751 τοῦτο
1988 5695 2040 5752 δὲ
2099 5696 2159 5752 τὰ
2191 5697 2269 5775 ἓν,
2302 5699 2366 5758 Ρ.

1838 5772 1890 5820 1⁸
1919 5776 2206 5860 προίδωσι,
2241 5772 2314 5842 D.

2653 5612 2700 5656 “
2730 5621 2806 5690 τῷ
2836 5609 3136 5691 ἀγαθῴηδ.
3173 5687 3186 5691 _
3221 5607 3276 5691 ξ’
3304 5609 3390 5667 καί
3419 5615 3514 5691 τοῦ
3568 5609 3798 5691 ἀγαθοῦ,

3015 5689 3068 5735 ίθ
3099 5687 3299 5754 subdit
3326 5691 3389 5753 S.
3449 5687 3796 5772 διακεκριμέέ

2453 5696 2504 5739 ιδ
2533 5695 2593 5752 ἐκ
2620 5695 2833 5772 ταύτοῦ,
2867 5697 2928 5759 1⁵.
