4156 6156
345 340 464 416 705
1381 338 1479 412 DE
1524 339 1824 412 DIVINIS
1866 333 2320 422 NOMINIBUS,
2365 341 2529 408 CAP.
2576 339 2684 410 IV.
3615 334 3733 411 706

347 488 403 544 ἐν
430 484 714 552 ταῦτότητι
759 485 876 565 περὶ
906 486 967 541 τὸ
996 483 1095 553 τῆς
1124 483 1451 551 ταύτότητος
1503 479 1696 540 αἵτιων
1726 479 1888 538 καλὸν
1920 482 2004 539 καὶ

2092 480 2584 555 manent,circum
2615 481 2835 545 bonum
2869 488 2929 544 et
2959 481 3298 565 pulchrum,
3323 483 3593 566 ejusdem
3615 497 3730 550 sta-

348 578 569 658 ἂγαθὸν,
601 575 990 647 ἀκαταλήκτως
1020 573 1079 625 ¹9
1109 573 1570 655 περιχορεύοντες.

2092 579 2184 634 tus
2212 589 2450 634 causam
2475 589 2715 653 semper
2744 591 2809 635 se
2837 583 3163 638 versantes.

1968 731 1999 813 θ
2043 733 2152 796 1x.

440 899 647 979 Ψυχῆς
703 896 759 956 δὲ
818 899 1026 966 κίνησίς
1070 899 1202 975 ἐστι,
1239 897 1464 968 κυκλικὴ
1498 900 1595 974 μὲν
1622 898 1658 965 ἠ
1709 898 1782 962 εἷς
1826 894 2006 964 ἐαυτὴι

2179 897 2378 960 Animi
2409 897 2607 960 anime
2640 909 2838 960 motus
2867 897 3221 962 orbicularis
3251 908 3341 962 est
3369 902 3496 983 ejus
3520 903 3593 966 ab
3625 924 3730 969 ex-

350 987 553 1054 εἴσοδος
599 989 705 1046 ἀπὸ
733 994 840 1046 τῶν
897 988 1021 1069 ἔξω,
1053 991 1142 1046 καὶ
1170 996 1274 1046 τῶν
1306 996 1501 1070 νοερῶν
1533 990 1697 1055 αὐτῆς
1732 986 2006 1060 δυνάμεων

2100 987 2319 1048 traneis
2350 987 2409 1048 in
2441 989 2828 1069 semetipsum
2883 987 3182 1050 introitus.
3223 990 3734 1076 spiritualiumque

348 1086 384 1152 ἡ
417 1080 649 1152 ἐνοειδὴς
694 1081 972 1157 συνέλιξις,
1025 1083 1202 1162 ὥσπερ
1261 1082 1316 1138 ἔν
1367 1105 1468 1140 τινι
1502 1080 1688 1155 κύκλῳ
1735 1081 1797 1136 τὸ
1829 1075 2006 1135 ἀπλα·

2097 1075 2284 1154 ipsius
2308 1075 2649 1139 facultatum
2693 1077 2974 1140 unimoda
3007 1079 3268 1153 inﬁexio,
3300 1097 3432 1160 qua
3470 1075 3647 1162 quasi
3670 1085 3732 1146 in

350 1175 436 1237 νὲς
469 1175 602 1250 αὐτῇ
633 1171 965 1253 δωρουμένη,
1000 1175 1087 1230 καὶ
1117 1175 1224 1230 ἀπὸ
1252 1175 1356 1229 τῶν
1387 1171 1606 1230 πολλῶν
1666 1176 1775 1226 τῶν
1826 1167 2006 1233 ἔξωθεν

2097 1165 2320 1229 circulo
2351 1167 2525 1229 ﬁxum
2551 1175 2610 1231 et
2629 1166 2701 1229 ab
2724 1168 2884 1228 omni
2908 1186 3113 1229 errore
3137 1168 3394 1231 liberum
3429 1183 3653 1234 motum
3678 1176 3730 1236 ei

1655 1260 1864 1337 πρῶτον
1935 1259 2006 1322 εἰς
2095 1256 2321 1331 tribuit,
2348 1263 2407 1320 et
2436 1277 2467 1318 a
2491 1256 2689 1319 multis
2717 1257 2896 1319 rebus
2926 1259 3228 1320 extraneis
3261 1259 3453 1340 ipsum
3487 1281 3737 1326 conver-

1618 1353 1806 1407 ἐνοῦσα
1883 1362 2006 1411 ταῖς

2093 1346 2256 1409 titac
2287 1347 2513 1426 colligit
2573 1348 2826 1428 primum
2880 1347 2954 1408 ad
3001 1366 3087 1419 se,
3136 1348 3380 1425 deinde,
3419 1351 3585 1432 quasi
3607 1353 3732 1432 jam

351 1263 517 1332 αὒτῆν
603 1262 988 1343 ἐπιστρέφουσα
1073 1264 1165 1319 καί
1251 1263 1571 1340 συνάγουσα,

350 1354 570 1429 ἐαυτῧεν,
634 1354 757 1410 εἶτα
812 1356 885 1418 ὡς
944 1350 1145 1420 ἐνοειδῆ
1201 1353 1534 1433 γενομένην,

351 1444 562 1504 ἐνιαίως
593 1443 893 1517 ἡνωμέναις
925 1440 1197 1518 δυνάμεσι,
1257 1444 1347 1499 καὶ
1395 1441 1564 1504 οὕτως
1624 1440 1710 1496 ἐπὶ
1739 1441 1801 1496 τὸ
1843 1440 2005 1495 καλὸν

351 1535 440 1591 καὶ
497 1533 694 1611 ἀγαθὸν
757 1540 1188 1614 χειραγωγοῠσα,
1244 1534 1307 1588 τὸ
1365 1533 1495 1611 ὑπὲρ
1551 1530 1726 1588 πάντα
1759 1530 1824 1586 τὰ
1853 1528 1999 1598 ὄντα,

351 1624 440 1680 καὶ
478 1622 532 1680 ἓν
582 1624 670 1678 καὶ
747 1624 962 1702 ταύτὸν,
1045 1623 1132 1678 καὶ
1188 1619 1423 1701 ἄναρχον
1473 1623 1560 1677 καὶ
1625 1618 1997 1685 ἀτελεύτητον.

2091 1437 2264 1498 unius
2296 1437 2457 1498 modi
2489 1437 2793 1519 eifectum,
2827 1439 3166 1518 conjunctis
3197 1458 3318 1500 uno
3349 1441 3524 1504 modo
3558 1443 3737 1505 facul-

2089 1525 2306 1588 tatibus
2337 1526 2667 1607 conjungit,
2699 1541 2879 1605 atque
2912 1529 2993 1589 ita
3021 1529 3261 1590 demum
3293 1530 3366 1591 ad
3414 1531 3728 1610 pulchrum

2085 1635 2153 1678 ac
2178 1615 2402 1678 bonum
2437 1617 2817 1694 manudocit,
2844 1619 2998 1699 quod
3025 1637 3203 1699 supra
3222 1619 3424 1682 omnia
3446 1640 3576 1702 quae
3597 1631 3737 1685 sunt

355 1705 694 1776 Ἐλικοειδῶς
751 1710 806 1768 δὲ
862 1714 896 1780 ἡ
958 1712 1114 1792 ψυχὴ
1169 1725 1396 1768 κινεῖται
1454 1711 1572 1768 καθ’
1629 1709 1751 1767 ὅσον
1799 1710 2002 1772 οἰκείως

2092 1713 2147 1767 et
2177 1726 2361 1768 unum
2421 1717 2478 1769 et
2523 1708 2707 1784 idem,
2763 1717 2824 1770 et
2871 1709 3002 1770 sine
3041 1708 3334 1789 principio
3369 1719 3426 1772 et
3455 1712 3586 1774 sine
3615 1713 3736 1776 ﬁne

355 1802 519 1880 ἐαυτῇ
575 1803 672 1866 τὰς
719 1803 859 1868 θείας
921 1800 1250 1877 ἐλλάμπεται
1299 1801 1548 1879 γνώσεις,
1581 1799 1640 1857 οὔ
1693 1800 1885 1878 νοερῶς
1917 1800 2004 1855 καὶ

2092 1804 2200 1860 est.
2234 1795 2485 1876 Oblique
2520 1816 2656 1860 vero
2690 1800 2877 1860 cietur
2899 1798 3409 1881 animus,quando
3435 1819 3540 1882 pro
3561 1811 3735 1883 captu

354 1892 562 1956 ἐνιαίως
599 1889 684 1970 20,
725 1890 863 1948 ἀλλὰ
918 1889 1149 1969 λογικῶς
1207 1891 1294 1947 καὶ
1362 1889 1684 1964 διεξοδικῶς,
1747 1891 1835 1946 καὶ
1885 1889 2003 1945 οἷον

2092 1905 2196 1948 suo
2219 1887 2565 1949 notionibus
2593 1887 2807 1949 divinis
2834 1879 3314 1967 illustratur,non
3337 1879 3586 1972 spiritali
3609 1879 3736 1974 qui-

355 1983 676 2057 συμμίκτοις
725 1983 814 2038 καὶ
868 1977 1327 2057 p.81061‘ttx1km
1361 1979 1667 2058 ἐνεργείαις.
1729 1980 1838 2047 Τὴν
1884 1978 2004 2036 κατ’

354 2071 565 2128 εὖθεῖαθ
595 2069 672 2152 δὲ,
712 2069 837 2127 ὅταν
894 2075 988 2130 οὒκ
1036 2072 1108 2132 εἷς
1168 2070 1362 2138 ἑαυτὴν
1421 2072 1650 2128 εἷσιούσα
1709 2071 1794 2125 καὶ
1855 2068 2004 2144 ἐνικῇ

355 2161 633 2238 νοερότητι
676 2158 732 2202 99
772 2160 1085 2236 κινουμένη,
1123 2157 1300 2240 (τοῦτο
1329 2161 1450 2238 γὰρ,
1485 2162 1558 2224 ὡς
1583 2160 1761 2240 ἔφην,
1807 2158 1916 2216 ἔστὶ
1946 2159 2004 2214 τὸ

353 2253 493 2308 κατὰ
522 2250 762 2331 κύκλον)
796 2249 933 2307 ἀλλά
963 2253 1093 2329 πρὸς
1143 2251 1207 2306 τὰ
1251 2253 1369 2325 περὶ
1417 2251 1609 2316 ἑαυτὴν
1637 2247 1691 2290 2³
1720 2259 2002 2328 προϊοῦσα,

357 2343 445 2397 καὶ
476 2341 580 2397 ἀπὸ
611 2347 715 2398 τῶν
749 2341 956 2421 ἔξωθεν,
1017 2339 1194 2419 ὥσπερ
1226 2339 1330 2396 ἀπό
1370 2362 1528 2396 τινων
1578 2339 1856 2424 συὲὅρᾲιὲχ
1901 2360 2002 2394 πε-

357 2429 720 2504 ποικιλμένων
768 2433 853 2488 καὶ
910 2429 1386 2508 πεπληθυσμένων,
1420 2429 1504 2486 ἐπὶ
1558 2431 1653 2493 τὰς
1697 2428 1869 2491 ἁπλᾶς
1917 2437 2006 2492 καὶ

357 2518 640 2596 ἡνωμένας
673 2521 925 2598 ἀνάγεται
956 2521 1199 2598 θεωρίας.

2087 1975 2223 2039 dem
2270 1977 2435 2038 unito
2487 1977 2685 2058 modo,
2724 1977 2827 2039 sed
2881 1979 3189 2056 cogitando
3242 1989 3301 2040 et
3341 1980 3732 2044 discurrendo

2089 2067 2256 2147 quasi
2298 2067 2598 2148 permistis
2623 2069 2910 2148 fluxisque
2941 2068 3293 2132 actionibus.
3326 2068 3564 2135 Directe
3594 2091 3731 2134 \ero

2090 2165 2378 2229 movetur,
2425 2158 2660 2238 quando
2689 2177 2803 2218 non
2836 2158 2907 2218 ad
2941 2158 3201 2238 seipsum
3237 2160 3586 2238 ingreditur,
3624 2181 3730 2225 ne-

2089 2266 2204 2326 que
2235 2247 2522 2325 singulari
2547 2258 2706 2308 motu
2729 2247 2986 2328 spiritali
3018 2248 3384 2329 fertur'(nam
3413 2251 3506 2311 hic
3535 2262 3730 2315 motus

2088 2335 2393 2397 circularis
2427 2349 2536 2408 est,
2564 2347 2628 2398 ut
2657 2339 2826 2418 dixi),
2863 2338 2970 2399 sed
3002 2339 3072 2398 ad
3108 2357 3176 2399 ea
3205 2357 3336 2418 quae
3378 2340 3496 2420 ipsi
3541 2341 3731 2404 vicina

2087 2434 2225 2487 sunt
2259 2426 2654 2505 progreditur,
2696 2435 2754 2488 et
2805 2446 2838 2488 a
2880 2427 3062 2489 rebus
3093 2427 3378 2502 externis,
3417 2448 3532 2490 non
3557 2449 3730 2494 secus

2089 2535 2155 2578 ac
2210 2514 2392 2594 signis
2439 2516 2795 2596 quibusdam
2845 2517 2996 2578 varis
3041 2536 3109 2578 ac
3161 2517 3612 2595 multiplicibus,
3650 2521 3722 2584 ad

2090 2601 2392 2686 simplices
2421 2615 2482 2668 et
2511 2605 2704 2669 unitas
2729 2607 3269 2687 contemplationes
3309 2619 3640 2674 revocatur.

1985 2765 2121 2849 εχ,

442 2899 650 2958 Τούτων
701 2897 812 2972 οὖν,
873 2900 962 2957 καὶ
1019 2902 1124 2956 τῶν
1168 2901 1432 2967 αἰσθητῶν
1479 2899 1530 2956 ἐν
1571 2898 1704 2975 τῷδε
1743 2906 1819 2974 τῷ
1851 2899 2006 2955 παντὶ

2167 2894 2388 2957 Harum
2421 2897 2602 2976 igitur
2624 2897 2825 2973 trium,
2852 2898 2933 2959 uti
2966 2897 3372 2974 etsensilium,
3403 2898 3464 2962 in
3495 2902 3606 2964 hac
3627 2921 3729 2966 re-

355 2995 520 3069 τριῶν
571 2989 855 3068 κινήσεων,
911 2991 998 3046 καὶ
1059 2988 1242 3064 πολλῷ
1297 2990 1550 3071 πρότερον
1621 2993 1726 3047 τῶν
1781 2990 2006 3046 ἐκάστου

2092 3003 2218 3046 rum
2252 2986 2637 3049 universitate
2670 2989 3019 3068 motionum,
3047 2996 3424 3070 statuumque
3454 3007 3524 3052 ac
3554 2992 3735 3054 ﬁrmi-

359 3083 541 3154 μονῶν
587 3079 673 3136 καὶ
728 3075 990 3158 στάσεων,
1053 3082 1140 3136 καὶ
1198 3077 1441 3156 ἱδρύσεων
1500 3081 1673 3138 αἴτιόν
1724 3080 1858 3155 ἐστι,
1919 3081 2005 3135 καὶ

2092 3083 2272 3137 tatnm
2321 3094 2518 3152 causa,
2569 3085 2625 3139 et
2655 3078 3028 3141 conservatio
3060 3088 3117 3139 et
3150 3078 3307 3152 ﬁnis,
3356 3087 3445 3142 est
3501 3079 3729 3146 bonum

354 3170 674 3249 συνοχικὸν,
729 3171 818 3226 καὶ
873 3167 1035 3247 πέρας
1083 3171 1146 3226 τὸ
1192 3169 1355 3226 καλὸν
1405 3171 1491 3226 καὶ
1539 3171 1757 3251 ἀγαθὸν,
1788 3172 1848 3226 τὸ
1877 3170 2006 3244 ὑπὲρ

2092 3167 2234 3227 illud
2271 3166 2610 3247 pulchrum,
2648 3167 2804 3248 quod
2827 3177 2919 3230 est
2940 3187 3116 3248 supra
3147 3173 3366 3230 statum
3399 3189 3639 3233 omnem
3662 3192 3732 3236 ac

354 3266 538 3316 πᾶσαν
565 3255 621 3299 94
657 3261 842 3317 στάσιν
896 3260 982 3314 καὶ
1029 3258 1258 3326 κίνησιν
1320 3257 1399 3316 διὸ
1428 3257 1482 3302 9⁵
1511 3267 1654 3317 πᾶσα
1709 3257 1890 3325 στάσις
1921 3262 2006 3316 καὶ

2092 3263 2338 3332 motum,
2377 3275 2484 3336 per
2507 3257 2685 3338 quod,
2721 3265 2781 3320 et
2811 3277 2879 3318 cx
2908 3277 3046 3338 quo,
3081 3267 3139 3318 et
3162 3259 3234 3320 ad
3259 3277 3434 3340 quem
3470 3269 3530 3321 et
3557 3263 3732 3342 cujus

355 3350 594 3430 κίνησις,
625 3351 715 3406 καὶ
773 3348 824 3414 ἐξ
856 3350 936 3424 οὗ,
989 3351 1077 3406 καὶ
1133 3350 1188 3406 ἐν
1241 3347 1392 3424 cf)”,
1449 3353 1537 3406 καὶ
1594 3353 1666 3416 εἰς
1715 3352 1766 3424 ὃ,
1826 3352 1915 3406 καὶ
1951 3352 2011 3406 οὗ

357 3439 539 3502 ἕνεκα.
600 3441 698 3499 Καὶ
755 3439 855 3517 γὰρ
885 3437 936 3504 ἐξ
966 3440 1146 3513 αὐτοῦ,
1195 3441 1283 3496 καὶ
1337 3439 1402 3495 δι’
1461 3441 1777 3519 αὐτοῦρκαὶ
1833 3439 2006 3514 οὐσία,

356 3531 448 3587 καὶ
503 3529 616 3600 ζωὴ
670 3535 838 3602 πᾶσα,
900 3531 988 3585 καὶ
1038 3537 1126 3586 νοῦ
1177 3531 1264 3586 καὶ
1310 3534 1520 3609 ψυχῆς,
1574 3517 1750 3597 πάσης
1805 3529 2009 3609 φύσεως

361 3622 413 3676 αἱ
477 3617 859 3697 σμικρότητες,
922 3620 972 3674 αἱ
1032 3620 1293 3686 εσόντητες,
1358 3621 1410 3676 αἱ
1465 3618 1904 3698 μεγαλειότητες,
1946 3615 2012 3675 τὰ

357 3713 529 3790 μέτρα
559 3712 752 3792 πάντα,
787 3713 873 3769 καὶ
919 3713 971 3767 αἶ
1000 3717 1105 3767 τῶν
1154 3713 1319 3770 ὅντων
1375 3712 1675 3792 ἀναλογίαι,
1717 3714 1802 3770 καὶ
1833 3715 2010 3791 ἁρμα-

358 3803 490 3878 νίαι,
525 3807 622 3858 καὶ
673 3804 908 3875 κράσεις,
959 3802 1013 3857 αἱ
1073 3800 1351 3876 ὁλοτητες,
1384 3800 1450 3858 τοὶ
1510 3803 1668 3882 μέρη,
1714 3809 1818 3859 πᾶν
1849 3803 1902 3859 ἐν
1931 3801 2006 3880 9⁷,

361 3895 452 3949 καὶ
514 3890 744 3972 πλῆθος,
829 3892 879 3947 αἱ
937 3887 1198 3953 συνδέσεις
1267 3898 1370 3948 τῶν
1441 3901 1640 3970 μερῶν,
1704 3895 1756 3949 αἱ
1812 3895 2008 3958 παντὸς

361 3983 601 4053 πλήθους
661 3982 902 4055 ἑνώσεις,
963 3983 1013 4036 αἱ
1067 3980 1400 4049 τελειότητες
1458 3988 1563 4040 τῶν
1606 3981 1902 4062 ὀλοτήτῶν,
1950 3985 2011 4040 τὸ

363 4074 545 4152 ποιὸν,
609 4070 670 4128 τὸ
725 4073 914 4146 ποσὸν,
961 4072 1022 4127 τὸ
1082 4069 1328 4143 πηλίκον,
1362 4074 1424 4128 τὸ
1454 4072 1691 4152 ἄπειρον,
1727 4075 1777 4129 αἱ
1806 4073 2014 4152 συγκρί-

363 4184 502 4241 σεις,
566 4163 619 4216 αἱ
667 4158 975 4240 διακρίσεις,
1036 4165 1182 4217 πᾶσα
1238 4159 1473 4241 ἀπειρία,
1555 4169 1654 4219 πᾶν
1704 4164 1893 4242 πέρας,
1965 4166 2012 4219 oi

361 4251 476 4328 ὅροι
531 4251 748 4324 πάντες,
809 4251 860 4306 αἰ
910 4247 1101 4330 τάξεις,
1153 4252 1202 4306 αἱ
1261 4251 1554 4332 ὑπεροχαὶ,
1613 4252 1676 4308 τὰ
1734 4264 2008 4332 στοιχεῖα,

364 4343 431 4399 τὰ
479 4337 627 4411 εἴδη,
687 4347 832 4397 πᾶσα
883 4340 1054 4414 οὖσία,
1115 4346 1258 4396 πᾶσα
1301 4338 1541 4416 δύναμις,
1591 4347 1735 4398 πᾶσα
1757 4341 2010 4419 ἐνέργεια,

368 4439 514 4490 πᾶσα
546 4428 673 4504 ἕξις,
731 4435 878 4488 πᾶσα
933 4431 1200 4506 αίσθησις,
1259 4436 1362 4496 πᾶς
1413 4429 1596 4508 λόγος,
1630 4437 1774 4487 πᾶσα
1803 4431 2011 4504 νόησις,

2091 3346 2296 3426 gratia,
2329 3355 2516 3408 status
2537 3348 2734 3408 omnis
2772 3365 2844 3411 ac
2878 3357 3070 3410 motus
3100 3347 3350 3410 exsistit.
3384 3348 3616 3413 Etenim
3662 3372 3733 3417 ex

2092 3436 2317 3515 ipsoget
2344 3454 2447 3514 per
2470 3436 2759 3517 ipsutn,et
2780 3435 3128 3518 substantia,
3156 3435 3294 3496 358
3312 3445 3370 3498 et
3397 3447 3514 3500 Vlla
3538 3443 3734 3506 omnis

2095 3532 2154 3586 et
2185 3527 2400 3587 mentis
2431 3535 2490 3587 et
2533 3527 2768 3605 animze,
2803 3534 2980 3606 atque
3010 3525 3307 3588 universae
3339 3537 3563 3593 natura;
3591 3550 3731 3613 par-

2094 3615 2320 3690 vitates,
2355 3616 2744 3697 mqualitates;
2777 3615 3236 3694 magnitudines,
3273 3636 3566 3682 mensura
3596 3640 3731 3684 om-

2093 3704 2281 3786 nium,
2336 3715 2396 3766 et
2450 3725 2648 3768 rerum
2703 3706 3136 3786 proportiones,
3186 3713 3242 3768 et
3282 3719 3630 3792 concentus,
3677 3722 3736 3775 et

2093 3797 2529 3871 concretiones,
2580 3805 2724 3870 tota,
2754 3807 2971 3876 partes,
3007 3815 3185 3860 omne
3219 3816 3399 3859 unum
3441 3808 3500 3860 et
3532 3803 3734 3864 multi-

2094 3885 2257 3948 tudo.
2293 3887 2750 3966 conjunctiones
2780 3888 3059 3968 partium,
3093 3890 3286 3950 omnis
3335 3889 3734 3956 multitudinis

2093 3975 2524 4056 copulationes,
2561 3976 2957 4056 perfectiones
2991 3986 3270 4057 totorum,
3313 3978 3511 4058 quale,
3542 4001 3734 4061 quan-

2095 4073 2244 4144 tum,
2277 4085 2450 4146 quam
2486 4085 2762 4144 magnum
2796 4076 2895 4126 aut
2925 4084 3190 4147 parvum,
3236 4068 3732 4150 inﬁnitum,com-

2095 4156 2458 4236 parationes,
2493 4157 2922 4234 separationes,
2943 4157 3137 4217 omnis
3157 4156 3641 4225 inﬁnitas.omnis
3661 4163 3735 4224 ﬁ-

2101 4246 2216 4324 nis,
2248 4243 2630 4305 deﬁnitiones
2656 4263 2889 4319 omnes,
2914 4245 3183 4320 ordines,
3217 4246 3738 4330 excellentiae,ele-

2100 4341 2299 4396 menta
2322 4333 2747 4409 formaa,omnis
2771 4333 3323 4415 subSIantia,omnis
3347 4337 3592 4400 facultas
3615 4340 3738 4404 sive

2100 4431 2382 4504 potestas,
2415 4424 2608 4485 omnis
2635 4425 2813 4499 actio,
2842 4423 3035 4485 omnis
3069 4423 3327 4507 habitus,
3361 4427 3558 4489 omnis
3592 4447 3738 4492 sen-

363 4528 513 4578 πᾶσα
571 4519 774 4601 ἐπαφὴ,
852 4525 998 4577 πᾶσᾶ
1069 4518 1366 4594 ἐπιστήμη,
1440 4525 1587 4576 πᾶσα
1659 4518 1865 4582 ἕνωσις⁹
1929 4522 2006 4575 καῖ

2099 4533 2225 4589 sus,
2251 4515 2443 4576 omnis
2466 4512 2842 4588 ratio,omnis
2861 4513 3279 4593 intelligentia,
3304 4517 3498 4576 omnis
3517 4525 3734 4597 tactus,

367 4611 578 4685 ἁπλῶς,
622 4617 724 4667 πᾶν
771 4609 831 4666 ὃν
887 4610 949 4668 ἐκ
995 4612 1090 4668 τοῦ
1139 4611 1304 4666 γαλοῦ
1352 4610 1438 4666 καὶ
1481 4611 1695 4688 ἀγαθοῦ,
1731 4613 1825 4666 καὶ
1861 4609 1916 4665 ἐν
1939 4609 2006 4684 τῷ

2096 4603 2292 4666 omnis
2340 4605 2615 4684 scientia,
2649 4607 2845 4667 omnis
2893 4604 3212 4685 copulatio;
3264 4613 3320 4667 et
3361 4606 3737 4688 simpliciter,

365 4701 520 4776 καλῷ
550 4705 647 4758 καὶ
679 4701 859 4779 ἀγαθῷ
886 4703 1023 4773 ἐστι,
1086 4703 1184 4758 καὶ
1231 4701 1302 4764 εὶς
1360 4700 1420 4756 τὸ
1468 4698 1631 4757 καλὸν
1687 4702 1774 4756 καὶ
1818 4699 2006 4778 ἀγαθὸν

2098 4713 2274 4756 omne
2308 4694 2467 4775 quod
2496 4712 2565 4755 ex
2590 4693 2837 4776 pulchro
2861 4703 2919 4755 et
2950 4695 3103 4756 bono
3135 4694 3384 4776 exsistit,
3416 4705 3474 4758 et
3505 4697 3564 4758 in
3598 4700 3736 4780 pul-

363 4789 760 4870 ὶπιστρέφεται·
822 4792 920 4846 καὶ
975 4789 1149 4846 πάντα
1199 4786 1298 4844 ὅσα
1353 4789 1472 4844 ἐστὶ
1535 4791 1630 4844 γαὶ
1689 4784 1745 4828 93
1786 4787 2006 4865 γίνεται,

2097 4785 2240 4846 chro
2265 4793 2322 4846 et
2344 4787 2498 4846 bono
2521 4792 2700 4859 est,et
2727 4785 2799 4846 ad
2826 4785 3138 4865 pulchrum
3171 4795 3229 4846 et
3251 4784 3472 4846 bonum
3496 4805 3740 4851 conver-

369 4879 456 4938 διαὶ
499 4882 560 4936 τὸ
590 4879 751 4960 ραλὸν
777 4884 875 4937 καὶ
927 4879 1123 4960 ἀγαθόν
1181 4878 1293 4936 ἐστι
1348 4881 1445 4935 καὶ
1499 4879 1717 4958 γίνεται,
1753 4881 1850 4934 καῖ
1882 4879 2006 4957 πρὸς

2104 4875 2264 4955 titur;
2301 4889 2359 4934 et
2388 4893 2757 4955 quaecunque
2801 4887 2940 4936 sunt
2982 4883 3041 4935 et
3089 4875 3258 4950 fiunt,
3320 4885 3562 4956 propter
3605 4878 3740 4958 pul-

370 4973 499 5030 αὐτὸ
553 4971 722 5028 πάντα
782 4973 900 5048 ὁρᾷ,
935 4972 1022 5029 καί
1067 4971 1155 5027 ὑπ’
1216 4972 1372 5029 αὐτου
1423 4982 1650 5026 κινεῖται
1683 4970 1771 5025 καί
1802 4968 2006 5048 συνέχε-

2100 4965 2310 5030 chrum
2339 4971 2396 5024 et
2416 4962 2636 5025 bonum
2661 4972 2798 5025 sunt
2827 4975 2889 5025 et
2926 4964 3092 5038 ﬁunt,
3129 4972 3186 5024 et
3217 4972 3430 5025 cuncta
3459 4965 3519 5026 in
3545 4966 3740 5048 ipsum

365 5083 479 5143 ται,
532 5062 618 5118 καὶ
673 5060 830 5121 αὐτοῦ
887 5060 1062 5138 ἕνεκα,
1136 5063 1224 5118 καὶ
1282 5059 1349 5118 δι’
1422 5061 1572 5122 ante.
1633 5060 1718 5116 καὶ
1775 5059 1828 5115 ἐν
1878 5061 2006 5131 αὗτᾷ

2103 5055 2433 5134 intuentur,
2474 5062 2531 5114 et
2578 5052 2652 5114 ab
2702 5054 2832 5132 ipso
2867 5062 3176 5114 moventur
3206 5061 3263 5115 et
3293 5066 3739 5143 conservantur,

371 5141 520 5210 πᾶσα
579 5152 726 5232 ἀρχὴ
781 5149 1264 5232 παραδειγματικὴ,
1349 5148 1536 5218 τελικὴ
1593 5145 1673 5229 ³9,
1735 5149 2006 5225 ποιητικὴ,

2104 5151 2163 5207 et
2212 5143 2398 5223 ipsius
2422 5143 2610 5222 gratia
2640 5150 2696 5203 et
2741 5149 2979 5224 propter
3002 5142 3197 5224 ipsum
3230 5150 3287 5203 et
3315 5141 3376 5204 in
3410 5145 3534 5224 ipso
3567 5164 3745 5208 omne

371 5241 564 5324 εἷδικὴ,
607 5242 985 5323 στοιχειώδης,
1033 5243 1122 5299 καί
1187 5240 1371 5306 ἅπλῶς
1427 5246 1571 5298 πᾶσα
1638 5240 1812 5320 ἁρχὴ,
1874 5245 2006 5297 πᾶσα

2105 5233 2464 5316 principium
2498 5233 2860 5315 exemplare,
2910 5233 3110 5307 ﬁnale,
3145 5232 3432 5324 eﬁiciens,
3468 5234 3742 5317 formale,

373 5321 612 5415 συνοχίὴ,
673 5321 778 5392 πᾶν
837 5333 1025 5414 ’πέρας⁸
1055 5330 1114 5376 ³ο
1140 5332 1176 5402 ἢ
1224 5329 1316 5388 ἕνα
1345 5328 1619 5389 συλλαϐὼν
1647 5328 1814 5405 εἴπω,
1846 5329 2006 5387 πάντα

2105 5322 2431 5400 materiale,
2484 5327 2548 5386 et
2596 5321 2858 5406 denique
2908 5343 3085 5388 omne
3117 5323 3503 5407 principium,
3549 5329 3743 5388 omnis

1699 5490 1970 5555 VARUS
2012 5483 2424 5553 LECTIONES

455 5656 510 5702 19
538 5657 962 5740 ἀκαταλήπτως,
992 5655 1061 5720 Β,
1127 5655 1182 5701 90
1209 5660 1297 5716 καὶ
1325 5657 1590 5740 μονίμωᾼς,
1622 5653 1695 5740 Ρἶ
1775 5651 1826 5695 ’ί
1857 5647 2376 5740 συμμετασξατξκατς,
2408 5649 2478 5740 ρ,
2540 5647 2610 5740 κθ
2641 5649 2936 5740 ἑτερότητι,
2957 5650 3041 5740 Dn.
3102 5648 3158 5693 9³
3189 5651 3303 5740 περὶ
3338 5647 3522 5740 αὖτιςν,
3557 5644 3736 5740 Ι)..-

373 5737 430 5784 ει
1099 5739 1163 5792 25
1607 5703 2066 5820 έιιὶῇυηειιιῇᾝ.
2291 5703 2378 5789 καί
2410 5732 2489 5820 6t"
2506 5732 2587 5820 οὗ,
2611 5703 2770 5820 quoa
2793 5703 2974 5820 habet
2996 5731 3152 5820 _Sc..,
3176 5703 3284 5795 sed
3315 5703 3739 5810 praetei‘mittit,

378 5822 466 5881 καὶ
495 5820 551 5879 ἐν
580 5823 650 5897 ᾧ.
691 5812 702 5819 ’
732 5817 794 5870 97
823 5822 902 5882 Μ.
929 5812 1073 5903 μέρη
1101 5821 1275 5880 πάντα
1303 5812 1382 5882 εν.
1466 5814 1532 5869 98
1560 5818 1668 5876 ἔστι
1696 5812 1897 5890 ’ξι-καί,
1929 5814 2000 5883 D.
2086 5812 2145 5866 ’9
2171 5812 2516 5890 τελειωτική,
2550 5813 2612 5876 S.
2645 5812 2749 5874 Sc.
2827 5813 2892 5863 50
2918 5813 3028 5881 καί,
3244 5853 3249 5858 -
