4156 6156
338 284 458 363 709
1406 288 1504 358 DE
1549 288 1845 358 DIVINIS
1885 282 2336 368 NOMINIBUS,
2382 288 2546 354 CAP.
2596 278 2679 356 IV
3601 284 3722 361 710

344 433 495 494 me;
547 430 783 503 νοήσεις,
843 428 1152 505 τιμιώτεραι
1207 427 1419 488 πάντως
1475 427 1601 483 εἰσὶν
1629 421 1685 467 Β
1713 426 1764 481 αἰ
1794 422 1985 492 ἐπιδη-

2080 426 2447 511 stantissimaa
2483 429 2748 490 omnium
2791 424 3471 511 suntperspicacissima:
3505 450 3713 496 sensu-

343 520 555 600 λότεραι
606 526 713 576 τῶν
778 519 1070 586 αἰσθήσεων
1117 515 1575 595 διαπορθμεύσεις,
1628 517 1676 572 οἱ
1721 515 1984 596 σαφέστε-

2080 525 2168 568 um
2196 507 2664 587 trajectiones,ut
2696 507 3054 587 apertissimi
3084 507 3397 576 sermones
3420 532 3491 576 ac
3506 514 3714 576 claris-

346 633 431 691 ροι
464 594 639 690 λόγοι,
673 609 738 664 τὰ
765 604 1127 684 παρανέστερα
1176 594 1286 662 τῶν
1301 608 1525 684 ὁρατῶν,
1551 607 1625 669 ὡς
1663 603 1787 660 ὅτι»
1820 604 1984 682 ἀτρά-

2080 594 2235 658 simae
2261 598 3034 680 visiones;quippe,quamlo
3061 602 3160 663 illa
3186 622 3297 682 qua
3311 604 3587 668 sensibus
3611 605 3715 668 ob-

344 685 486 758 νωτα
623 685 698 755 ’τὰ
752 696 1113 776 παρακείμεναι
1142 708 1262 760 ταῖς
1294 697 1619 774 αἰσθήσεσιν,
1680 693 1792 751 οὒδέ
1838 696 1989 752 αὐταὶ

2080 685 2225 762 iecta
2253 696 2393 750 sunt
2422 688 2667 750 minime
2699 689 2951 771 liquem,
2987 700 3107 752 tum
3143 694 3345 773 ulique
3374 712 3588 758 sensus
3614 713 3716 758 res

341 797 421 865 τῷ
476 796 551 863 νῷ
578 787 919 867 παραστῆσαι
974 787 1039 843 τὰ
1104 786 1326 854 αἰσθητὰ
1401 785 1577 850 καλῶς
1648 783 1982 853 δυνήσονται,

2080 776 2321 867 sensiles
2352 780 2530 840 menti
2560 780 2864 859 porrigere
2911 780 3157 843 minime
3186 792 3459 864 possunt.
3493 786 3611 849 Sed
3638 803 3715 848 ne

343 864 496 947 Πλὴν
547 864 668 934 ἵνα-
696 877 773 952 μὴ
803 882 965 937 ταῦτα
995 876 1167 932 εἰπεῖν
1199 872 1458 948 δοκῶμεν.
1492 876 1564 937 ὡς
1595 874 1660 930 τὰ
1688 872 1810 930 θεῖα
1832 871 1988 951 λόγια

2080 864 2200 927 haec
2216 866 2416 928 dicere
2438 868 2836 945 videamur,ut
2850 870 3044 931 divina
3060 872 3280 951 scripta
3307 873 3383 933 im
3394 883 3712 957 mutemus,

342 973 784 1048 παρακινοῦντες,
842 965 1179 1022 ἀκοδέτωσαν
1248 966 1418 1021 αὐτῶν
1458 960 1515 1005 ‘3
1540 966 1587 1020 οἱ
1641 963 1737 1030 τὴν
1796 960 1988 1041 ἔρωτος

2080 955 2316 1017 audiant
2349 956 2445 1017 illa
2466 956 2564 1038 qui
2588 977 2803 1020 nomen
2828 960 3049 1022 amoris
3077 961 3470 1024 criminantur
3509 985 3523 1028 :
3563 955 3716 1029 Ama

343 1045 649 1134 ἐπωνυμίαν
712 1052 1108 1118 διαϐάλλοντες,
1145 1045 1433 1133 Ἐράσθητι
1468 1053 1651 1128 αὒτῆς,
1699 1054 1850 1131 apud},
1902 1053 1990 1109 καὶ

2080 1046 2287 1126 illum,
2336 1045 2549 1126 inquit,
2583 1056 2642 1109 et
2660 1050 2957 1112 custodiet
2986 1057 3041 1111 te
3076 1069 3091 1111 :
3150 1068 3289 1131 sepe
3321 1050 3495 1113 illam
3525 1062 3586 1115 et
3615 1072 3717 1118 er-

341 1146 570 1224 τηρήσει
628 1158 708 1200 σε’
773 1142 1216 1223 περιχαράκωσον
1276 1143 1465 1221 αὐτὴν,
1526 1142 1613 1197 καὶ
1661 1140 1864 1215 ὑψώσει
1897 1155 1979 1194 σε’

2080 1134 2233 1197 tollet
2262 1142 2318 1198 te
2353 1156 2366 1198 :
2402 1138 2632 1198 honora
2663 1154 2818 1211 eam,
2859 1148 2921 1201 ut
2978 1140 3423 1219 complectatur
3452 1149 3510 1205 te
3539 1157 3563 1187 ι’
3610 1165 3625 1202 :
3659 1151 3718 1207 et

342 1237 574 1311 τίμησον
631 1232 818 1311 αὐτὴν,
864 1231 956 1288 ἵνα
989 1253 1046 1288 σε
1078 1228 1369 1309 περιλάϐῃ·
1403 1231 1489 1288 καὶ
1539 1229 1636 1288 ὅσα
1681 1228 1816 1290 ἄλλα
1849 1229 1984 1286 κατὰ

2080 1243 2435 1306 quaecunque
2475 1226 2591 1289 alia
2641 1226 2699 1288 in
2734 1228 3046 1292 amatoriis
3070 1230 3145 1292 de
3178 1229 3299 1293 Deo
3333 1232 3719 1296 sermonibus

345 1326 443 1390 τὰς
474 1324 754 1404 ἷερωτικὰς
784 1320 1056 1400 θεολογίας
1086 1318 1143 1364 ιδ
1169 1322 1437 1397 ὑμνεῖται.

2080 1314 2484 1379 celebrantur.

1931 1455 1961 1536 ς
2005 1452 2132 1518 xu.

431 1565 614 1624 Καίτοι
668 1563 810 1635 ἕδοξέ
862 1589 966 1624 τισι
1017 1567 1124 1625 τῶν
1179 1566 1294 1626 καθ’
1335 1569 1476 1644 ἡμᾶς
1507 1565 1793 1647 ἱερολόγων
1822 1564 1911 1622 καὶ
1938 1562 1992 1606 ⁴⁵

2153 1561 2333 1645 Atqui
2377 1567 2562 1625 visum
2616 1571 2704 1625 est
2742 1564 3096 1646 quibusdam
3144 1565 3363 1629 nostris
3413 1584 3716 1649 sacrarum

345 1655 613 1735 θειότερον
643 1656 787 1714 εἶναι
817 1658 878 1716 τὸ
907 1663 999 1714 τοῦ
1036 1657 1229 1737 ἔρωτος
1262 1658 1431 1732 ὄνομα
1466 1657 1561 1714 τοῦ
1606 1662 1703 1725 τῆς
1747 1656 1987 1735 ἀγάπης.

2080 1652 2513 1732 Scripturarum
2530 1653 3194 1729 tractatoribus,nomen
3217 1663 3437 1719 amoris
3460 1657 3720 1722 divinius

344 1742 539 1824 Γράφει
570 1743 624 1801 δὲ
667 1747 754 1803 καὶ
785 1748 813 1802 ὁ
855 1749 995 1812 θεῖος
1037 1747 1317 1825 Ἰγνάτιοςσ
1348 1748 1409 1806 ’0
1435 1749 1565 1823 ἒμὸς
1621 1746 1750 1825 ἔρως
1796 1745 1988 1802 ἐσταύ-

345 1854 534 1911 ρωται.
570 1835 668 1891 Καὶ
698 1835 752 1892 ἐν
783 1836 909 1901 ταῖς
959 1850 1390 1916 προεισαγωγαϊς
1443 1843 1548 1895 τῶν
1600 1835 1797 1915 λογίων
1827 1834 1987 1914 εὗρή-

343 1943 458 1984 σεις
512 1923 631 1979 τινὰ
688 1921 910 2002 λέγοντα
969 1928 1085 2003 περὶ
1142 1927 1236 1995 τῆς
1274 1929 1411 1992 θείας
1461 1928 1683 2006 Σοφίαςο
1730 1925 1989 2003 Ἐραατὴς

345 2010 610 2090 ἐγενόμην
663 2021 755 2070 τοῦ
812 2013 1041 2080 κάλλους
1109 2016 1295 2084 αὐτῆς.
1357 2017 1536 2073 ’Ὥστε
1593 2024 1748 2073 τοῦτο
1805 2013 1871 2082 δὴ
1932 2015 1990 2070 τὸ

344 2104 441 2159 τοῦ
488 2101 681 2179 ἔρωτος
742 2100 910 2161 ὄνομα
967 2106 1044 2181 μὴ
1103 2104 1419 2186 φοϐηθῶμεν
1449 2103 1524 2187 ιθ,
1559 2104 1694 2181 μηδέ
1740 2127 1819 2170 τις
1850 2106 1989 2179 ἡμᾶς

344 2189 627 2271 θορυϐείτω
686 2192 845 2271 λόγος
916 2197 1039 2273 περί
1116 2198 1300 2254 τούτου
1390 2192 1779 2272 δεδιττόμενος,
1840 2193 1991 2269 Ἐμοὶ

344 2282 447 2360 γὰρ
475 2280 710 2339 δοκοῦσιν
744 2285 791 2340 οἱ
839 2282 1080 2363 θεολόγοι
1135 2286 1309 2342 κοινὸν
1367 2287 1465 2361 μὲν
1520 2287 1770 2364 θιγεῖαθαι
1803 2286 1864 2340 τὸ
1894 2289 1991 2350 τῆς

346 2371 586 2449 ἀγάπης,
625 2374 711 2428 καὶ
759 2374 820 2429 τὸ
870 2380 963 2430 τοῦ
1021 2374 1211 2454 ἔρωτος
1272 2374 1464 2451 ὅνομα,
1497 2374 1581 2435 διὰ
1609 2372 1843 2431 τοῦτοδὲ
1874 2385 1990 2437 τοῖς

343 2461 505 2526 θείοις
539 2461 742 2536 μᾶλλον
792 2463 1062 2521 ἀναθεῖναι
1088 2467 1178 2522 τὸν
1212 2463 1374 2531 ὅντως
1403 2465 1595 2542 ἔρωτα,
1631 2464 1713 2523 διὰ
1746 2465 1845 2531 τὴν
1874 2461 1995 2519 ἄτο-

345 2573 450 2608 πον
506 2553 611 2607 τῶν
668 2552 923 2609 τοιούτων
968 2551 1167 2633 ἀνδρῶν
1215 2554 1506 2634 πρόληψιν,
1544 2552 1865 2634 Θεοπρεπῶς
1896 2554 1995 2633 γὰρ

344 2649 440 2700 τοῦ
469 2640 656 2722 ἔντως,
690 2640 1017 2724 ἔρωτος,οὒχ
1055 2642 1142 2723 ὑφ’
1165 2646 1321 2713 ἡμῶν
1360 2646 1545 2722 μόνον,
1580 2644 1714 2701 ἄλλα
1744 2646 1832 2700 καὶ
1864 2644 1994 2722 πρὸς

347 2735 455 2787 τῶν
505 2729 699 2809 λογίων
754 2736 925 2791 αὐτῶν
975 2733 1330 2810 ὒμνουμένου,
1361 2736 1426 2793 τὰ
1473 2733 1657 2804 πλήθη
1690 2734 1765 2810 μὴ
1802 2734 1997 2812 χωρή-

346 2840 518 2876 σαντα
566 2822 628 2877 τὸ
682 2818 909 2886 ἐνοειδὲς
964 2825 1063 2888 τῆς
1108 2821 1371 2900 ἐρωτικῆς
1429 2824 1745 2899 θεωνδμίας,
1792 2823 1997 2884 οἰκείως

347 2908 561 2973 ἒαυτοϊς
596 2908 682 2966 ἐπὶ
712 2912 800 2966 τὸν
835 2913 1084 2989 μεριστὸν
1115 2914 1203 2968 καὶ
1238 2918 1642 2990 σωματοπρεπῆ
1676 2914 1764 2968 καὶ
1794 2910 1996 2991 διῃρη-

348 2997 510 3073 μένον
540 2997 915 3075 ἐξωλίσθησαν,
975 3003 1047 3064 ὡς
1104 2999 1158 3044 ⁴⁷
1227 3010 1323 3060 οὐκ
1384 3002 1525 3059 ἔστιν
1574 3001 1779 3070 ἀληθὴς
1840 3001 1994 3080 ἔρως,

2073 1758 2205 1802 esse
2230 1761 2403 1823 quam
2427 1761 2644 1805 nomen
2668 1744 3025 1807 dilectionis.
3055 1743 3276 1808 Scribit
3297 1746 3456 1809 enim
3484 1746 3722 1810 divinus

2072 1832 2369 1911 Ignatius:
2411 1856 2437 1888 α
2475 1836 2636 1894 Meus
2676 1852 2839 1896 amor
2885 1834 3199 1897 crucifixus
3230 1844 3338 1901 est.
3391 1861 3413 1895 Ii
3453 1838 3528 1900 Et
3553 1837 3615 1899 in
3647 1836 3720 1900 iis

2072 1940 2203 2001 quae
2223 1920 2447 1983 aditum
2480 1921 2551 1983 ad
2596 1921 2963 2002 Scripturam
2996 1935 3358 2005 praeparant,
3397 1926 3719 2008 quemdam

2072 2011 2341 2072 invenies
2373 2012 2447 2072 de
2477 2013 2669 2074 divina
2700 2015 3000 2092 Sapientia
3019 2021 3298 2091 aientem,
3324 2018 3579 2079 Amator
3596 2018 3723 2096 fac-

2077 2110 2173 2163 tus
2192 2119 2322 2163 sum
2336 2103 2552 2180 forma:
2577 2101 2995 2177 illiussﬂuare
3011 2123 3086 2165 ne
3105 2114 3349 2185 propter
3367 2105 3480 2166 hoc
3502 2124 3722 2169 nomen

2074 2190 2294 2252 amoris
2315 2201 2650 2255 metuamus
2686 2213 2701 2266 ;
2735 2212 2844 2255 nec
2875 2193 3032 2255 ullus
3063 2195 3137 2256 de
3170 2195 3283 2256 hoc
3317 2196 3559 2257 nomine
3584 2197 3726 2257 560

2076 2299 2273 2343 sermo
2304 2301 2411 2342 nos
2441 2291 2808 2364 moveat,aut
2831 2291 3073 2345 terreat.
3098 2284 3237 2345 Mihi
3260 2290 3422 2346 enim
3448 2285 3727 2348 videntur

2080 2370 2337 2450 theologi
2370 2372 2744 2433 existimasse
2757 2373 2996 2453 quidem
3016 2392 3333 2435 commune
3352 2392 3572 2437 nomen
3592 2393 3725 2437 esse

2075 2460 2297 2521 amoris
2328 2469 2385 2522 et
2406 2461 2882 2535 dilectionis,sed
2913 2462 3258 2525 attribuisse
3289 2462 3506 2525 divinis
3529 2464 3726 2546 Scrip-

2080 2555 2230 2612 turis
2250 2570 2451 2613 verum
2482 2569 2748 2614 amorem
2781 2560 3023 2633 propter
3052 2552 3391 2632 huiusmodi
3417 2554 3727 2617 hominum

2078 2648 2314 2722 turpem
2350 2642 2564 2703 mentis
2614 2642 3117 2724 anticipationem.
3173 2642 3321 2705 Cum
3356 2644 3515 2705 enim
3550 2662 3729 2709 verus

2081 2749 2248 2793 amor
2268 2750 2384 2793 non
2415 2750 2449 2792 a
2477 2729 2647 2793 nobis
2678 2731 2895 2807 solum,
2927 2733 3031 2794 sed
3064 2735 3138 2794 ab
3161 2732 3305 2814 ipsis
3319 2735 3540 2795 sanctis
3568 2732 3728 2798 Scri-

2083 2820 2363 2901 pturis,ut
2408 2823 2594 2884 Deum
2619 2821 2811 2892 decet,
2847 2821 3358 2902 laudetur,vulgus
3389 2823 3724 2902 hominum,

2082 2928 2215 2971 cum
2242 2929 2358 2971 non
2375 2916 2739 2991 percepisset
2760 2911 2919 2973 illam
2948 2912 3414 2974 uniformitatem
3430 2932 3607 2994 quam
3627 2912 3726 2976 di-

2082 2999 2281 3060 vinum
2316 3018 2532 3061 nomen
2566 3000 2789 3062 amoris
2821 3001 3586 3082 signiﬁcat,convenienter
3614 3002 3726 3065 sibi

348 3086 499 3164 ἀλλ’,
532 3087 783 3163 εἴδωλον,
818 3089 854 3157 ἦ
885 3089 1103 3166 μάλλων
1136 3090 1398 3157 ἔκπτωσις
1447 3099 1537 3149 τοῦ
1583 3091 1746 3159 ὅντως
1776 3092 1997 3169 ἔρωτος·

2083 3089 2157 3150 ad
2178 3108 2445 3151 amorem
2471 3089 2774 3171 patibilem
2811 3084 2876 3151 et
2912 3109 3263 3171 corporeum
3300 3100 3477 3171 atque
3510 3093 3727 3156 distra-

346 3177 643 3257 ἀχωρητον
687 3175 742 3221 ‘3
769 3180 869 3258 γάρ
899 3179 1009 3236 ἐστι
1039 3185 1117 3254 τῷ
1146 3180 1335 3251 πλήθει
1378 3184 1441 3238 τὸ
1494 3184 1698 3239 ἑνιαϊον
1745 3189 1836 3240 τοῦ
1864 3181 1998 3239 θείου

2084 3189 2242 3243 ctum
2275 3181 2582 3261 delapsum
2608 3189 2717 3254 est,
2755 3180 2856 3261 qui
2891 3200 3006 3243 non
3040 3190 3129 3243 est
3162 3200 3343 3244 verus
3390 3200 3582 3256 amor,
3618 3183 3725 3246 sed

347 3270 442 3325 καὶ
470 3267 586 3331 ἒνός
616 3267 830 3345 ἔρωτος’
865 3266 943 3325 διὰ
974 3272 1058 3327 καὶ
1106 3272 1179 3334 ὡς
1230 3269 1637 3352 δυσχερέστερον
1684 3272 1851 3347 ὄνομα
1882 3284 1998 3332 τοῖς

2084 3271 2301 3350 imago,
2332 3272 2419 3334 vel
2455 3272 2646 3352 potius
2670 3271 2870 3351 lapsus
2891 3290 2926 3334 a
2958 3289 3095 3334 vero
3126 3290 3332 3333 amore
3358 3292 3374 3349 ;
3408 3272 3723 3336 multitudo

350 3356 584 3419 πολλοῖς
638 3357 848 3433 δοκοῦν,
898 3358 983 3416 ἐπὶ
1025 3360 1120 3428 τῆς
1177 3361 1317 3426 θείας
1378 3368 1562 3442 σοφίας
1622 3363 1866 3419 τάττεται
1921 3358 1998 3435 ω,

349 3453 484 3529 πρὸς
536 3450 821 3528 ἀναγωγὴν
882 3452 1050 3509 αὒτῶν
1098 3453 1186 3510 καί
1216 3454 1501 3510 ἀνάστασιν
1533 3457 1606 3518 εἷς
1646 3455 1746 3522 τὴν
1778 3454 1871 3511 to;
1901 3452 1994 3510 3v-

350 3563 458 3607 τως
502 3541 696 3618 ἔρωτος
753 3546 975 3619 φρῶσιν,
1040 3545 1129 3599 καὶ
1171 3541 1309 3599 ὥστε
1367 3543 1692 3612 ἀπολυθῆναι
1750 3550 1848 3611 τῆς
1911 3544 1996 3600 ἐπ’

346 3632 501 3707 αὒτῷ
528 3629 859 3710 δυσχερείαςο
892 3628 975 3711 ἐφ’
1015 3631 1165 3708 ἡμῶν
1196 3631 1250 3689 δὲ
1282 3633 1449 3709 αὖθις,
1500 3634 1618 3691 ἔνθα
1669 3636 1754 3691 καὶ
1799 3634 1996 3691 ἄτοπόν

350 3743 405 3780 τι
434 3719 698 3786 πολλάκις
726 3720 795 3788 ἧν
830 3721 1075 3791 οἰηθῆναι
1134 3723 1254 3788 τοὺς
1311 3722 1689 3803 χαμαιζήλους
1744 3726 1879 3781 κατὰ
1935 3727 1996 3780 τὸ

256 3886 259 3887 ν
352 3812 541 3870 δοκοῦν
584 3812 968 3892 εὔφημότερον.
1014 3810 1300 3887 Ἐπέπεσε,
1333 3815 1411 3879 τίς
1442 3836 1624 3893 φησιν,
1682 3816 1716 3882 ἡ
1777 3814 1998 3892 ἀγάπη-

353 3904 435 3963 sic
491 3924 586 3962 σου
615 3899 825 3976 ἐπ’ἐμὲ
879 3902 924 3958 ὠ
964 3903 999 3970 ἡ
1056 3902 1326 3981 ἀγάπησις
1392 3910 1499 3960 τῶν
1558 3910 1842 3982 γυναικῶν.
1880 3898 2000 3962 Ἐπί

352 4003 474 4057 τοῖς
532 3994 698 4069 ορθῶς
760 3991 863 4047 τῶν
922 3992 1076 4051 θείωυ
1132 3993 1492 4071 ἀκροωμένοις
1548 3993 1633 4051 ἐπὶ
1675 3998 1775 4061 τῆς
1836 3995 1998 4062 αὐτῆς

354 4080 630 4157 δυνάμεως
685 4079 933 4137 τάττεται
976 4083 1108 4161 πρὸς
1151 4088 1255 4141 τῶν
1316 4084 1467 4164 ἱερῶν
1520 4083 1787 4162 θεολόγῶν
1814 4086 1876 4141 τὸ
1901 4090 1996 4147 τῆς

355 4172 574 4251 ἀγάπης
604 4172 690 4228 καὶ
732 4172 795 4228 τὸ
821 4167 876 4214 ⁵ο
901 4180 994 4230 τοῦ
1053 4170 1246 4249 ἔρωτος
1305 4172 1473 4245 ὄνομα
1532 4174 1666 4231 κατὰ
1709 4175 1804 4236 τὰς
1861 4176 2000 4237 θείας

2086 3360 2246 3422 enim
2277 3380 2394 3421 non
2420 3370 2611 3441 potest
2632 3361 2986 3439 cogitatione
3011 3378 3228 3440 capere
3250 3361 3397 3424 illud
3426 3361 3727 3440 singulare

2080 3450 2267 3511 divini
2315 3459 2373 3511 et
2402 3450 2577 3510 unius
2606 3449 2825 3510 amoris
2855 3470 2868 3518 ;
2905 3452 3294 3530 quamobrem
3319 3458 3595 3531 tanquam
3624 3469 3728 3511 no-

2081 3558 2242 3615 men,
2278 3540 2434 3621 quod
2468 3540 2633 3617 vulgo
2664 3539 2900 3601 videtur
2930 3540 3161 3614 durius,
3190 3539 3429 3619 ponitur
3455 3540 3726 3602 indivina

2080 3627 2406 3711 Sapientia,
2459 3636 2521 3690 ut
2548 3629 2753 3707 Vulgus
2795 3629 2867 3690 ad
2904 3629 3305 3708 cognitionem
3360 3630 3481 3691 veri
3503 3633 3725 3694 amoris

2082 3719 2347 3783 elevetur
2376 3728 2433 3781 et
2463 3719 2726 3797 erigatur
2755 3726 2815 3782 et
2835 3718 2908 3780 ab
2932 3737 3023 3793 ea,
3052 3737 3224 3797 quam
3243 3718 3328 3780 illi
3353 3720 3550 3783 inesse
3572 3740 3723 3784 con-

2084 3812 2247 3892 cipit,
2294 3809 2979 3874 indecentialiberetur:
3023 3810 3163 3871 etin
3194 3808 3366 3873 nobis
3383 3811 3724 3887 rursus,ubi

2083 3920 2494 3983 saepenumero
2512 3899 2730 3981 aliquid
2746 3899 3070 3962 absurdum
3087 3900 3359 3963 homines
3374 3908 3550 3963 terrm
3565 3902 3730 3965 δι’ῑὶιί

2082 3992 2343 4069 cogitare
2374 4000 2637 4072 possent,
2668 3989 2907 4071 ponitur
2955 4008 3173 4052 nomen
3219 3990 3375 4071 quod
3421 3991 3728 4052 honestius

2081 4082 2333 4142 videtur.
2381 4080 2634 4148 Cecidit,
2695 4078 2777 4140 ait
2817 4077 3330 4158 quidam,(lilectio
3360 4084 3466 4139 tua
3512 4080 3578 4140 in
3608 4095 3725 4157 me,

2081 4178 2243 4233 sicut
2270 4169 2507 4231 dilectio
2537 4166 2865 4229 mulierum
2894 4171 2912 4207 ι
2943 4184 2957 4229 :
2985 4167 3265 4247 quoniam
3285 4167 3440 4229 sacri
3471 4167 3727 4247 theologi

354 4259 725 4342 ὶςκφαντορίας,
788 4261 886 4319 Καὶ
942 4259 1052 4317 ἔστι
1097 4262 1251 4321 τοῦτό
1309 4260 1577 4338 δυνάμεως
1623 4262 1868 4320 ἑνοποιοῦ
1916 4266 1998 4320 καὶ

2088 4278 2307 4321 nomen
2341 4257 2674 4318 dilectionis
2706 4268 2765 4317 et
2806 4256 3026 4318 amoris
3074 4256 3362 4317 adhibent
3394 4258 3724 4320 secundum

354 4349 689 4424 συνδετικῆς,
770 4348 867 4407 καί
946 4348 1297 4433 διαφερόντως
1392 4353 1749 4431 σογκρατικῆς
1820 4352 1875 4407 ἐν
1931 4355 1998 4427 τῷ

2091 4350 2318 4413 divinas
2349 4346 2739 4427 elocutiones,
2762 4353 2827 4407 ut
2858 4345 3128 4407 eamdem
3163 4345 3274 4405 vim
3293 4344 3722 4426 habeantapud

358 4440 511 4516 καλῷ
541 4438 635 4496 καὶ
667 4441 869 4519 ἀγαθῷ,
928 4437 1014 4496 διὰ
1068 4447 1129 4497 τὸ
1187 4440 1350 4498 καλὸν
1393 4443 1481 4499 καὶ
1510 4442 1704 4520 ἀγαθὸν
1766 4449 1999 4523 προῦφε-

355 4531 595 4606 στώσης,
628 4531 716 4588 καί
757 4529 820 4586 ἐκ
845 4531 938 4586 τοῦ
966 4528 1135 4588 καλοῦ
1172 4534 1260 4588 καὶ
1290 4531 1489 4610 ἀγαθοῦ
1515 4529 1599 4588 διὰ
1627 4533 1688 4589 τὸ
1719 4530 1883 4589 καλόν
1914 4534 2000 4589 καὶ

356 4620 554 4700 ἀγαθὸν
610 4616 977 4696 ἐκδιδομένης,
1032 4622 1120 4678 καὶ
1170 4622 1502 4702 σονεχούσης
1534 4621 1632 4697 μὲν
1662 4622 1725 4678 τὰ
1754 4623 2000 4700 ὁμοταγῆ

355 4712 492 4769 κοτὰ
538 4710 637 4779 τὴν
667 4712 987 4779 κοινωνικὴν
1032 4709 1080 4753 ⁵1
1111 4709 1504 4791 ἀλληλουχίαν,
1568 4711 1821 4779 κινούσης
1851 4709 1907 4767 δὲ
1937 4713 2003 4769 τὰ

356 4801 546 4880 πρῶτα
578 4800 709 4880 πρὸς
736 4799 838 4868 τὴν
864 4805 972 4857 τῶν
999 4800 1294 4881 ὑφειμένων
1317 4801 1589 4880 πρόνοιαν,
1624 4801 1711 4858 καὶ
1738 4799 2003 4880 ἐνιδρυού-

356 4912 461 4960 σης
516 4891 584 4948 τὰ
652 4887 1034 4971 καταδεέστερα
1090 4896 1160 4961 τῆ
1232 4892 1527 4972 ἐπιστροφῇ
1591 4903 1709 4955 τοῖς
1778 4890 2002 4972 6959:6-

358 5002 494 5063 ροις.

2086 4458 2190 4507 eos
2216 4436 2316 4520 qui
2348 4436 2547 4498 divina
2576 4445 2742 4497 recte
2772 4433 3039 4498 audiunt.
3089 4437 3311 4510 Estque
3343 4434 3457 4496 hoc
3495 4435 3727 4498 virtutis

2084 4528 2397 4610 cujusdam
2414 4526 2723 4587 uniliczeac
2743 4523 3074 4586 collectiva:
3094 4523 3731 4605 excellenterqnecon-

2082 4619 2632 4698 temperantis,quze
2653 4614 2713 4675 in
2737 4613 2991 4697 pulchro
3020 4624 3080 4676 et
3098 4612 3253 4675 bono
3289 4615 3727 4694 perpulchrum

2086 4718 2145 4775 et
2174 4709 2396 4771 bonum
2417 4704 2938 4786 praeexsistit,etex
2962 4703 3207 4785 pulchro
3228 4711 3283 4765 et
3305 4704 3463 4765 bono
3486 4712 3732 4786 propter

2086 4800 2398 4884 pulchrum
2433 4803 2491 4858 et
2522 4794 2743 4857 bonum
2787 4802 3044 4875 emanat,
3076 4792 3460 4875 continetque
3481 4793 3727 4876 quidem

2087 4889 2335 4973 mqualia
2357 4902 2464 4968 per
2496 4892 2758 4946 mutuam
2782 4884 3561 4973 connexionem,superiora
3585 4903 3725 4947 vero

2087 4971 2537 5043 adinl‘eriorum
2569 4983 2763 5036 movet
2780 4971 3525 5056 providentiam,inferiora
3548 4992 3725 5055 porro

2088 5088 2195 5152 per
2227 5064 2677 5131 conversionem
2743 5063 3060 5145 quamdam
3115 5060 3528 5143 superioribus
3560 5065 3726 5129 inse-

2088 5159 2186 5223 rit.

439 5255 462 5290 τ
488 5239 665 5308 Prov.
695 5257 781 5325 1v,
812 5235 878 5321 6,
908 5240 972 5307 8.
1056 5248 1076 5278 '
1104 5241 1245 5326 Sap.
1280 5257 1409 5325 vm,
1440 5237 1498 5305 2.
1589 5238 1685 5305 ιιι
1715 5241 1864 5323 Reg.
1901 5259 1944 5324 ι,
1976 5242 2078 5306 26.

1692 5369 1956 5437 VARIE
2005 5366 2440 5434 LECTIONES.

438 5474 496 5520 ‘2
520 5477 755 5552 πάντως,
786 5474 857 5537 Ρ·
880 5472 979 5538 Sc.
1064 5471 1122 5519 ⁸³
1148 5474 1335 5548 αὑτήν,
1369 5475 1448 5536 Μ.
1481 5475 1582 5537 Sc.
1666 5471 1723 5517 Μ
1749 5472 2058 5553 θεολογικᾲς
2083 5472 2394 5553 ἐρωτήσεις,
2428 5469 2491 5534 S.
2512 5548 2546 5553 _
2576 5466 2749 5553 “sui
2776 5487 2895 5534 non
2926 5476 3018 5535 est
3066 5466 3129 5533 in
3158 5467 3247 5553 S.._
3410 5469 3489 5545 μὴ
3538 5464 3719 5551 φοὸώ..

360 5563 519 5640 μεθα,
551 5560 615 5622 S'
803 5553 858 5599 ‘7
887 5556 968 5640 ὅς,
1003 5553 1173 5640 δενΡζ
1220 5558 1295 5622 D.
1327 5554 1426 5621 Sc.
1510 5554 1566 5599 ‘8
1592 5548 1967 5640 ἀναχώρητοῖι,
1999 5551 2074 5615 Μ.
2112 5548 2122 5552 ⁷
2159 5548 2214 5595 ⁴⁹
2243 5552 2476 5633 τέταται,
2512 5548 2583 5614 D.
2630 5550 2804 5630 forte,
2837 5552 3109 5615 τέτακται.
3191 5551 3258 5604 ὅθ
3284 5552 3344 5609 τό
3372 5568 3494 5613 non
3524 5548 3617 5613 est
3661 5553 3725 5616 in

361 5632 429 5703 Β.
461 5632 530 5704 Ρ.
566 5640 638 5703 D.
726 5632 775 5679 ⁸¹
808 5638 1012 5716 κοινήν,
1046 5638 1109 5702 S.
1142 5637 1211 5703 P.
