4156 6156
499 295 609 363 711

1690 289 1751 362 S.
1800 291 2140 362 DIONYSII
2193 289 2673 362 AREOAGI'I‘E.

3755 289 3875 362 712

2070 428 2100 508 §
2151 427 2307 494 xm.

585 603 689 665 Est
723 609 1012 684 praeterea
1053 601 1285 666 divinus
1327 618 1494 664 amor
1523 600 1856 674 exstaticus,
1889 600 1985 682 qui
2019 598 2200 660 nonA

504 694 793 756 sinitesse
812 713 950 756 suos
981 714 1084 756 eos
1113 695 1211 774 qui
1269 701 1404 754 sunt
1432 701 1749 773 amatores,
1795 693 1904 754 sed
1937 708 2141 752 eorum

503 803 656 865 quos
671 787 1094 862 amant.Atque
1113 785 1222 845 hoc
1239 783 1541 845 declarant
1553 781 1794 862 quidem
1809 781 2142 861 superiora,

503 874 989 955 quaeinleriorum
1011 875 1294 953 ﬁunt,per
1316 871 1667 935 eorumdem
1683 870 2142 952 providentiam;

504 973 562 1027 et
589 983 720 1045 qua:
762 963 1028 1044 ejusdem
1061 963 1298 1041 generis
1341 971 1615 1041 sunt,per
1663 971 1921 1022 mutuam
1950 959 2144 1022 cohae-

503 1055 753 1117 rentiam
783 1076 798 1126 ;
825 1062 882 1115 et
911 1053 1328 1133 inferiora,per
1351 1051 1712 1113 diviniorem
1741 1053 1810 1112 ad
1835 1050 2144 1132 superiora

504 1144 973 1206 conversionem.
1015 1141 1182 1205 Unde
1223 1141 1459 1202 divinus
1518 1139 1732 1202 Paulus
1776 1141 1976 1201 divino
2025 1141 2139 1202 isto

503 1252 709 1296 amore
729 1241 1023 1314 captus,et
1045 1233 1274 1293 virtutis
1297 1231 1908 1311 exslaticaz'particeps
1926 1230 2138 1312 factus,

501 1322 699 1384 divino
725 1341 832 1384 ore
863 1321 942 1382 ait
969 1343 981 1384 :
1029 1321 1444 1402 Vivoego,jam
1469 1339 1589 1382 non
1615 1322 1903 1402 ego,vt’vit
1924 1339 2060 1383 vero
2081 1323 2144 1381 in

501 1429 595 1473 me
627 1411 902 1474 Christus
930 1424 980 1487 ll;
1013 1420 1288 1492 tanquam
1323 1429 1499 1472 verus
1528 1421 1780 1492 amator,
1809 1420 1868 1472 et
1898 1412 1998 1492 qui
2034 1430 2142 1472 ex-

499 1501 700 1572 cessit,
752 1511 813 1561 ut
841 1501 968 1581 ipse
1007 1501 1109 1574 ait,
1164 1503 1378 1580 Deo,et
1409 1519 1526 1561 non
1571 1501 1692 1579 jam
1735 1501 1910 1561 vitam
1945 1519 2138 1577 suam,

500 1590 605 1652 sed
651 1590 830 1651 amati
875 1599 1154 1671 tanquam
1201 1591 1585 1652 vehementer
1615 1590 1886 1652 dilectam
1918 1595 2136 1652 vivens.

499 1679 858 1743 Audendum
893 1690 983 1742 est
1011 1681 1122 1742 hoc
1149 1680 1464 1762 etiampro
1485 1680 1961 1755 verilate,dicere
1985 1679 2140 1760 quod

498 1769 752 1851 ipsemet
807 1770 1072 1832 omnium
1123 1781 1349 1844 auctor,
1412 1772 1663 1852 pulchro
1712 1771 1842 1830 56!
1893 1771 2141 1844 etfgbono

2299 584 2467 652 ’Ἔστι
2511 595 2565 652 δὲ
2597 598 2681 653 καὶ
2705 596 3012 660 ἐκστατικὸς
3045 597 3071 652 ὁ
3099 598 3249 660 θεῠος
3297 594 3452 674 ἔρως,
3489 599 3583 654 οὐκ
3606 595 3708 652 ἐῶν
3740 597 3867 654 ἐαυ-

2227 689 2332 738 τών
2363 689 2501 742 εἶναι
2553 688 2672 750 τοὺς
2729 685 2974 765 ἐραστὰς,
3033 684 3170 741 ἀλλὰ
3241 692 3349 742 τῶν
3394 685 3696 760 ἐρωμένων.
3759 687 3873 746 Καῖ

2227 772 2466 849 δηλοῦσι,
2539 778 2602 832 τὰ
2665 777 2763 850 μὲν
2839 776 3095 855 ὑπέρτερα
3152 782 3250 852 τῇς
3309 776 3554 854 προνοίας
3582 777 3874 855 γιγνόμενα

2226 869 2333 919 τῶν
2376 865 2824 944 καταδεεστέρωνι
2896 868 2982 922 καὶ
3041 866 3108 921 τὰ
3164 865 3464 944 ὁμόστοιχα
3497 867 3594 932 τῆς
3623 865 3872 936 ἀλλήλων

2226 962 2490 1034 ιετυνοχῆς⁸
2517 960 2603 1012 καὶ
2636 959 2702 1012 τὰ
2730 956 3011 1036 ὑφειμέναις
3042 961 3139 1022 τῆς
3171 958 3302 1033 πρὸς
3346 957 3412 1010 τὰ
3464 978 3648 1028 πρωτα
3677 957 3874 1012 θειοτέ-

2225 1067 2316 1124 ρας
2353 1047 2705 1126 ἐπιστφοφῆς,
2747 1048 2838 1101 Διὸ
2871 1047 2958 1101 καὶ
3019 1044 3220 1102 Παῦλος
3277 1048 3303 1100 ὁ
3349 1061 3542 1125 μεγας,
3579 1045 3632 1100 ἐν
3659 1053 3874 1125 κατοχῇ

2223 1144 2314 1191 τοῦ
2345 1136 2481 1192 θείου
2511 1137 2745 1214 γεγονώς
2791 1136 3002 1214 ἐρωτος,
3037 1137 3123 1191 καὶ
3165 1135 3262 1203 τῆς
3325 1135 3650 1202 ἐκστατικῆς
3715 1139 3878 1193 αὑτοῦ

2223 1223 2492 1302 δυνέμεως
2553 1226 2912 1306 μετειληφὼς,
2962 1224 3118 1296 ἐνθέομ
3175 1225 3424 1299 στόματι’
3461 1229 3542 1280 Ζῶ
3585 1226 3717 1304 ἐγὼ,
3763 1249 3875 1304 φη-

2263 1317 2275 1334 \
2430 1317 2466 1349 ,.
2533 1317 2554 1334 ν
2667 1322 2723 1354 γε·
2791 1315 2838 1348 ‘1
2901 1318 2912 1334 ν
3111 1317 3124 1334 \
3375 1317 3383 1333 Ι
3486 1318 3498 1336 ε
3605 1315 3617 1332 θ
3743 1316 3755 1332 ι

2232 1339 2331 1394 σιν,
2395 1339 2485 1373 ουκ
2533 1339 2633 1396 ετι,
2667 1341 2731 1392 5ῃ
2786 1333 2840 1371 0:.
2904 1337 2956 1370 εν
3009 1313 3128 1388 ἐμοι
3191 1322 3435 1393 Χριστος
3472 1337 3544 1376 ως
3595 1314 3798 1383 αληοης
3828 1313 3882 1357 ⁵9

2231 1406 2462 1484 ἀραστὴς
2494 1409 2582 1462 καὶ
2625 1405 2936 1482 ἐξεστηκής,
2970 1406 3042 1467 ὡς
3096 1405 3250 1467 αὒτός
3309 1428 3464 1486 φησι,
3497 1412 3572 1479 τῷ
3617 1411 3756 1478 Θεῷ,
3790 1407 3878 1461 καὶ

2230 1497 2285 1552 οὕ
2316 1499 2412 1562 τὴν
2447 1496 2631 1552 ἐαυτ‹,ῦ
2687 1503 2812 1574 ζῶν,
2867 1494 3003 1550 ἀλλὰ
3061 1499 3159 1560 τὴν
3223 1505 3314 1552 τοῦ
3363 1495 3582 1574 ἐραστοῦ
3611 1497 3751 1566 ζωὴν
3797 1492 3873 1569 ⁵³,

2229 1588 2302 1650 ὡς
2361 1585 2557 1666 σφόδρα
2599 1586 2916 1664 ἆγαπητὼν,
2955 1583 3260 1660 Τολμητέον
3317 1583 3371 1640 δὲ
3416 1586 3502 1641 καὶ
3547 1592 3700 1642 τοῦτο
3741 1585 3871 1662 ὑπὲρ

2226 1676 2473 1742 ἆληθεέας
2530 1679 2725 1756 εἰπεῖν,
2786 1675 2865 1731 ὅτι
2926 1676 3013 1732 καὶ
3071 1676 3227 1737 αὗτὸς
3265 1675 3537 1730 ὁπᾶντων
3569 1674 3768 1747 αἴτιος,
3794 1684 3871 1750 τῷ

2225 1765 2373 1840 καλῴ
2403 1769 2489 1823 καὶ
2541 1767 2718 1844 ἀγαθῷ
2768 1771 2872 1821 τῶν
2927 1762 3136 1820 πάντων
3167 1759 3220 1804 ⁵4
3246 1763 3400 1841 ἔρωτι
3467 1763 3535 1820 δι’
3575 1762 3878 1842 ὑπερϐολὴν

499 1859 766 1922 omnium
831 1879 1056 1941 amore,
1093 1868 1337 1942 propter
1369 1861 1790 1923 excellentiam
1847 1878 2138 1921 summam

2232 1862 2325 1923 τῆς
2385 1856 2642 1934 ἐρωτικῆς
2694 1855 3044 1932 ἀγαθοτητος,
3094 1852 3192 1919 ἔξω
3258 1855 3442 1910 ἑαυτοῦ
3493 1856 3715 1930 γίνεται,
3747 1868 3877 1920 ταῖς

497 1949 799 2011 amatoriae
830 1950 1107 2012 bonitatis
1121 1965 1286 2012 extra
1299 1969 1364 2012 se
1387 1970 1492 2030 per
1515 1949 1922 2030 providentias
1945 1950 2142 2011 omni-

497 2057 598 2100 um
634 2058 834 2103 rerum
867 2040 1094 2102 exsistit
1126 2049 1181 2102 et
1214 2039 1476 2101 bonitate
1504 2053 1679 2120 atque
1735 2039 2056 2103 dilectione
2089 2047 2147 2102 et

498 2147 703 2192 amore
727 2130 904 2191 veluti
927 2130 1212 2191 delinitur
1235 2138 1291 2191 et
1312 2131 1659 2192 oblectatur:
1687 2140 1746 2193 et
1777 2149 1910 2191 cum
1944 2130 2017 2191 sit
2041 2149 2141 2190 su-

499 2220 823 2298 praomnia
840 2228 896 2281 et
913 2238 982 2281 ex
999 2221 1272 2282 omnibus
1293 2219 1702 2300 exemptus,ad
1717 2221 1915 2282 omnia
1933 2219 2139 2282 demit-

497 2308 984 2370 titursecundum
1005 2318 1349 2389 potestatem
1364 2310 2145 2391 suprasubstantialem,qua

501 2407 668 2460 extra
690 2417 754 2460 se
779 2419 895 2461 non
921 2400 1310 2480 ingrediendo
1344 2400 1663 2464 exit.Hanc
1677 2400 1752 2462 ob
1776 2418 2010 2462 causam
2036 2419 2144 2480 pe-

497 2487 600 2550 riti
620 2507 819 2550 rerum
855 2489 1185 2552 divinarum
1233 2490 1479 2552 zelotem
1543 2491 1710 2553 illum
1776 2499 2140 2571 nuncupant,

504 2579 662 2658 quod
720 2597 939 2657 magno
970 2590 1030 2643 et
1060 2579 1320 2660 benigno
1351 2598 1550 2642 rerum
1614 2599 1816 2642 amore
1849 2589 2141 2663 teneatur,

503 2668 805 2749 easquead
829 2669 1012 2750 ipsius
1033 2669 1596 2733 amatoriidesiderii
1626 2669 1816 2732 zelum
1839 2680 2141 2750 provocet,

503 2766 680 2839 atque
710 2759 859 2820 adeo
882 2761 1212 2840 lsemetipse
1242 2761 1685 2842 quodammode
1727 2759 1974 2822 zelotem
2002 2779 2147 2841 prae-

505 2857 642 2924 stet,
675 2858 738 2911 ut
769 2849 864 2910 cui
894 2869 989 2910 res
1011 2849 1445 2912 desiderabiles
1475 2850 1592 2912 sint
1622 2849 1747 2910 zelo
1775 2849 2053 2929 dignm,et
2083 2858 2148 2913 ut

502 2940 599 3019 qui
629 2957 853 3012 rerum,
887 2939 1100 3019 quibus
1136 2940 1422 3020 providet,
1457 2941 1581 3001 zelo
1625 2940 1934 3002 afﬁciatur.
1975 2941 2151 3002 Deni-

503 3046 619 3108 que
650 3029 892 3089 omnino
917 3032 1230 3109 pulchrum
1257 3029 1974 3110 estetbonum,quidquid
1992 3049 2151 3092 ama-

504 3116 629 3179 bile
646 3126 734 3179 est
764 3126 823 3180 et
843 3137 1030 3200 amor,
1065 3127 1125 3182 et
1154 3121 1212 3182 in
1245 3121 1493 3202 pulchro
1527 3119 1804 3200 bonoque
1835 3121 2150 3202 praecollo-

511 3215 701 3289 catur,
735 3217 794 3270 et
821 3217 1071 3291 prOpter
1098 3209 1412 3292 pulchrum
1445 3219 1503 3272 et
1533 3210 1759 3273 bonum
1795 3219 1908 3292 est,
1943 3220 2001 3274 et
2022 3211 2106 3274 ﬁt.

2229 1948 2302 2008 εἰς
2346 1947 2409 2001 τὰ
2459 1944 2584 2002 ὄντα
2645 1945 2817 2001 πάντα
2873 1945 3169 2023 προνοίαις,
3201 1945 3288 1999 καὶ
3318 1944 3440 2000 οἷον
3471 1943 3758 2022 ἆγαθότητι
3787 1947 3880 2002 καὶ

2230 2035 2500 2112 ἀγαπήσει
2559 2037 2645 2092 καὶ
2720 2036 2878 2110 ἑρωτι
2941 2031 3205 2111 θέλγεται·
3271 2035 3357 2088 καὶ
3441 2032 3500 2089 ἐκ
3579 2041 3672 2090 τοῦ
3749 2036 3851 2092 ὁτιὲ

2230 2127 2401 2183 πάντα
2433 2128 2519 2182 καὶ
2549 2126 2761 2183 πάντων
2793 2123 3121 2203 ἐξῃρημέναι)
3156 2124 3288 2203 πρὸς
3319 2124 3381 2179 τὸ
3411 2123 3466 2178 ἐν
3493 2129 3620 2180 πᾶσι
3653 2126 3890 2202 κατάγε-

2231 2239 2316 2273 ται
2347 2215 2464 2273 κατ’
2500 2216 2819 2282 ἒκστὰτικην
2867 2216 3176 2292 ὓπερούσιον
3235 2212 3453 2286 δύναμιν
3495 2213 3883 2294 ἀκεκφοῖτητον

2229 2305 2438 2368 ἑαυτοῦ,
2478 2313 2577 2361 Διὸ
2607 2306 2693 2361 καὶ
2724 2303 2973 2375 ζηλωτὴν
3006 2304 3161 2360 αὐτὸν
3191 2303 3238 2358 οἱ
3270 2303 3333 2358 τὰ
3370 2305 3489 2358 θεῖα
3519 2301 3674 2359 δεινοὶ
3705 2307 3881 2382 πρὸσ-

2229 2397 2591 2476 αγορεύουσιν,
2626 2397 2698 2457 ὡς
2758 2393 2923 2450 πολὺν
2954 2395 3043 2449 τὸν
3078 2394 3148 2455 εἰς
3201 2393 3266 2448 τὰ
3296 2391 3418 2448 ὅντα
3453 2391 3648 2470 ἀγαθον
3675 2396 3850 2474 ἔρωτα
3872 2445 3885 2468 ,

2227 2487 2316 2542 καὶ
2373 2488 2445 2549 ὡς
2516 2487 2646 2563 πρὸς
2709 2483 2870 2554 ζῆλον
2956 2482 3224 2560 ἐγερτικὸν
3284 2483 3378 2547 τῆς
3423 2481 3650 2560 ἐφέσεως
3722 2486 3884 2540 αὖτοῦ

2227 2581 2324 2642 τῆς
2363 2575 2618 2653 ἐρωτικῆς
2651 2575 2737 2630 καὶ
2769 2576 2838 2636 ὡς
2870 2571 3116 2644 ζηλωτὴν
3153 2572 3306 2628 αὐτὸν
3361 2571 3424 2621 55
3471 2573 3879 2648 ἀποδεικνύντα,

2227 2670 2272 2740 ᾦ
2299 2665 2364 2717 56
2390 2667 2562 2722 καὶτὰ
2592 2663 2862 2744 ἐφιέμενα,
2897 2663 3133 2736 ζηλωτὰ,
3169 2663 3254 2716 καὶ
3284 2663 3356 2724 ὡς
3390 2666 3495 2717 τῶν
3538 2665 3879 2741 προνοουμέ-

2230 2781 2332 2813 νων
2387 2756 2575 2828 ὅντων,
2634 2755 2774 2827 αὐτῷ
2832 2752 3110 2823 ζηλωτῶν,
3152 2752 3246 2809 Καὶ
3277 2750 3416 2814 ὅλως
3447 2758 3539 2809 τοῦ
3582 2751 3747 2809 καλοῦ
3791 2756 3884 2809 καὶ

2231 2849 2425 2926 ἀγαθοῦ
2472 2849 2582 2900 ἔστι
2633 2845 2692 2899 τὸ
2751 2844 2994 2920 ἐραστὸν,
3039 2843 3124 2897 καὶ
3170 2843 3197 2896 ὁ
3230 2839 3385 2919 ἔρως,
3420 2843 3504 2896 καὶ
3536 2841 3590 2896 ἐν
3623 2844 3698 2916 τῷ
3727 2843 3883 2917 καλῷ

2233 2941 2319 2994 καὶ
2364 2937 2543 3015 ἀγαθῷ
2593 2931 2926 3012 προτὸρυται,
2959 2933 3042 2990 καὶ
3093 2929 3177 2986 διὰ
3224 2931 3284 2985 τὸ
3327 2929 3491 2986 καλὸν
3547 2933 3634 2988 καὶ
3680 2932 3882 3010 ἀγαθὸν

2233 3028 2344 3085 ἐστι
2374 3029 2462 3084 καὶ
2490 3027 2710 3104 γίνεται,

2131 3374 2285 3442 XIV.

582 3532 738 3606 Quid
772 3552 947 3615 porro
981 3537 1218 3599 tandem
1252 3538 1590 3616 signiﬁcare
1619 3538 1826 3601 volunt
1863 3536 2147 3616 theologi,

2319 3536 2378 3595 Τί
2414 3532 2468 3591 δὲ
2499 3530 2639 3593 ὅλως
2672 3531 2717 3587 οἱ
2745 3527 2987 3607 θεολόγοι
3041 3527 3378 3603 ϐουλόμενοι,
3411 3527 3539 3583 ποτε
3584 3526 3681 3602 μὲν
3713 3525 3889 3605 ἔρωτα

505 3641 640 3685 cum
663 3623 981 3700 aliquando
1000 3627 1241 3708 quidem
1261 3631 1444 3691 Deum
1468 3638 1962 3690 vocantamorem
1988 3638 2045 3690 et
2062 3629 2152 3690 di-

504 3712 842 3782 lectionem,
871 3717 1227 3796 quandoque
1250 3737 1390 3780 vero
1413 3719 1730 3781 amabilem
1744 3719 2094 3780 etdilectum
2127 3719 2154 3780 ?

510 3802 679 3864 Illius
699 3803 939 3883 quidem
969 3805 1218 3888 (scilicet
1234 3809 1452 3870 amoris
1467 3817 1524 3870 et
1542 3809 1902 3888 dilectionis)
1921 3817 2150 3883 auctor,

509 3891 566 3942 et
591 3892 866 3964 tanquam
894 3886 1216 3967 productor
1237 3907 1302 3949 ac
1323 3899 1638 3968 generator
1670 3899 1781 3962 est;
1818 3886 1929 3950 hoc
1951 3899 2146 3950 autem

506 3971 590 4051 (id
621 3984 711 4036 est
733 3976 1004 4038 amabilis
1035 3986 1092 4039 et
1123 3977 1397 4058 dilectus)
1422 3985 1546 4058 ipse
1565 3978 1790 4042 est.lllo
1820 3979 2040 4057 quiden
2068 3978 2145 4049 (id

509 4070 598 4124 est
627 4083 830 4126 amore
862 4065 1706 4149 et‘dilectione)movetur,boc
1721 4081 1915 4129 autem
1954 4068 2035 4148 (id
2061 4077 2150 4129 est

507 4161 573 4214 ut
592 4155 864 4216 amabilis
893 4165 951 4217 et
971 4156 1242 4238 dilectus)
1273 4170 1465 4219 movet
1499 4175 1514 4231 ;
1550 4158 1691 4234 quia
1715 4157 1928 4237 seipse
1951 4157 2146 4218 addu-

509 4242 612 4320 cit,
637 4251 696 4307 οι
741 4244 855 4306 sibi
885 4245 1147 4321 adducit,
1177 4256 1234 4307 et
1282 4256 1495 4308 movet.
1533 4247 1652 4309 llac
1683 4256 1880 4309 autem
1915 4248 2147 4310 ratione

509 4333 791 4397 dilectum
825 4342 884 4396 et
911 4335 1225 4398 amabilem
1261 4356 1394 4399 eum
1428 4347 1660 4411 vocant,
1703 4347 1978 4418 tanquam
2011 4338 2145 4419 pul-

510 4424 718 4486 chrum
733 4433 794 4484 et
819 4424 1039 4485 bonum
1064 4448 1080 4502 ;
1111 4444 1375 4488 amorem
1399 4445 1536 4488 vero
1558 4445 1767 4489 rursus
1795 4437 1853 4488 et
1874 4429 2150 4489 dilectio-

510 4532 674 4595 nem,
701 4525 974 4596 tanquam
1008 4515 1124 4579 vim
1158 4518 1497 4598 matricem,
1531 4526 1590 4580 et
1639 4536 1875 4580 sursum
1903 4519 2148 4580 trahen-

511 4612 631 4666 tem
663 4604 735 4666 ad
769 4607 961 4686 se,qui
995 4606 1157 4668 solus
1188 4619 1275 4670 est
1303 4609 1492 4686 ipsum
1523 4626 1629 4690 per
1659 4628 1725 4670 se
1751 4609 2060 4689 pulchrum
2095 4619 2154 4670 et

510 4693 829 4776 bonum,et
859 4704 1133 4777 tanquam
1167 4700 1699 4762 manil‘estationem
1727 4710 1787 4760 ut
1831 4698 2019 4780 ipsius
2047 4717 2153 4779 per

511 4786 799 4886 seipsum,
834 4795 893 4849 et
921 4787 1324 4867 utbenignum
1359 4808 1702 4872 processum
1737 4789 1969 4852 eximiae
1993 4790 2150 4851 illius
2177 4836 2218 4886 ο

510 4877 773 4957 unionis,
805 4888 861 4940 et
883 4879 1229 4941 amatori-am
1259 4882 1601 4955 motionem,
1659 4879 2016 4959 simplicem,
2048 4898 2154 4960 per

513 4983 578 5027 se
603 4966 904 5043 mobilem,
943 4986 1051 5050 per
1079 4987 1143 5031 se
1174 4980 1546 5050 operantem,
1567 4973 2056 5051 prmexistentem
2094 4969 2154 5030 in

2237 3628 2322 3685 καὶ
2351 3627 2566 3704 ἀγάπην
2611 3621 2765 3678 αὐτόν
2815 3641 2966 3698 φασι,
3013 3621 3143 3675 ποτὲ
3174 3616 3229 3674 δὲ
3259 3619 3474 3697 ἐραστὸν
3527 3619 3614 3673 καὶ
3658 3616 3887 3695 ἀγαπη-

2237 3719 2352 3790 τόν;
2387 3703 2487 3774 Τοῦ
2519 3714 2618 3788 μὲν
2649 3711 2748 3789 γὰρ
2803 3709 3000 3782 αἴτιος,
3059 3711 3147 3764 καὶ
3202 3707 3380 3785 ὥσπερ
3439 3703 3750 3785 προϐολεὺς,
3802 3707 3890 3766 καὶ

2238 3807 2644 3884 ἆπογεννήτωρο
2705 3801 2767 3857 τὸ
2821 3796 2876 3854 δὲ
2928 3799 3081 3862 αὐτός
3135 3798 3269 3859 ἐστι.
3328 3799 3426 3855 Καὶ
3475 3803 3550 3870 τῷ
3581 3796 3678 3871 μὲν
3713 3808 3889 3853 κινεῖ-

2237 3919 2351 3971 ται,
2384 3899 2461 3964 τῷ
2489 3891 2544 3948 δὲ
2579 3891 2744 3948 κινεῖ’
2809 3887 2854 3944 ὢ
2911 3887 2991 3943 ὅτι
3035 3888 3190 3951 αὐτὸς
3241 3889 3425 3942 ἑαυτοῦ
3453 3899 3540 3941 καὶ
3571 3885 3741 3959 ἑαυτῷ
3776 3886 3890 3942 ἐστι

2231 3983 2606 4064 προαγωγικὸς
2661 3981 2747 4036 καὶ
2794 3978 3093 4044 κινητικός.
3129 3977 3304 4052 Ταύτῃ
3361 3974 3415 4031 δὲ
3477 3975 3754 4052 ἑγαπητὸν
3792 3976 3891 4050 μὲν

2230 4076 2316 4130 καὶ
2349 4073 2566 4145 ἐραστὸν
2600 4069 2726 4126 αύτὸ
2755 4067 2815 4119 57
2850 4065 3127 4141 καλοῦσιν,
3185 4069 3258 4130 ὡς
3317 4064 3480 4121 καλὸν
3525 4065 3608 4121 καὶ
3658 4065 3885 4142 ἀγαθόν·

2232 4164 2403 4244 ἔρωτα
2458 4161 2513 4219 δὲ
2575 4161 2720 4224 αὖθις
2774 4158 2862 4215 καὶ
2916 4158 3156 4236 ἀγάπην,
3209 4160 3282 4219 ὡς
3334 4156 3622 4222 κινητικὴν
3654 4152 3768 4230 ἅμα
3801 4157 3890 4212 καὶ

2229 4257 2301 4319 ὡς
2334 4252 2611 4332 ἂναγωγδν
2642 4249 2864 4325 δύναμιν
2916 4246 3012 4303 ὅτα
3053 4247 3136 4327 ἔφ’
3167 4247 3373 4320 ἑαυτὸν,
3419 4248 3480 4301 τὸ
3537 4245 3700 4320 μόνον
3762 4246 3891 4303 aia-.5

2231 4343 2296 4402 δι’
2343 4344 2498 4401 ἑαυτὸ
2561 4340 2720 4398 καλὸν
2803 4341 2888 4394 καὶ
2944 4338 3163 4416 ἀγαθὸν,
3223 4338 3310 4392 καὶ
3384 4335 3562 4414 ὥσπερ
3635 4335 3890 4413 ἔκφανσιν

2234 4433 2360 4491 ὄντα
2393 4433 2578 4489 ἑαυτοῦ
2608 4428 2674 4485 δι’
2719 4429 2926 4506 ἑαυτοῦ,
2989 4429 3071 4484 καὶ
3123 4429 3218 4493 τῆς
3269 4425 3602 4503 ἐξῃρημένης
3646 4426 3891 4488 ἑνώσεως

2236 4525 2438 4603 ἀγαθὴν
2472 4519 2716 4600 πρόοδον,
2757 4521 2842 4574 καὶ
2898 4516 3157 4596 ἐρωτικὴν
3203 4517 3438 4594 κίνησιν,
3484 4514 3683 4594 ἁπλῆν,
3725 4517 3890 4572 αὖτο-

2235 4615 2470 4683 κὶνητον,
2507 4611 2910 4688 αιὸτενέργητον,
2971 4614 3236 4685 προοῦσαν
3273 4608 3356 4683 ρεν
3413 4604 3649 4684 τάγαθῷ,
3705 4607 3794 4660 καὶ
3841 4606 3893 4659 ἐν

2233 4705 2465 4780 τάγαθοῦ
2520 4712 2636 4762 τοῖς
2691 4701 2836 4756 οὖτιν
2867 4695 3280 4775 ἐκϐλυζομὲνην,
3313 4697 3400 4751 καὶ
3432 4697 3573 4758 αὖθις
3606 4697 3680 4758 εἰς
3714 4695 3892 4772 τέγει,

2234 4795 2322 4850 θὸν
2376 4789 2852 4870 επις-τρεφομένην.
2899 4785 2993 4845 Ἐν
3023 4787 3068 4862 ᾧ
3098 4787 3183 4842 καί
3234 4787 3294 4841 τὸ
3348 4783 3700 4852 ἀτελεύτητον
3760 4783 3893 4840 ἐαυ-

2238 4889 2328 4940 τοῦ
2384 4884 2470 4938 καὶ
2520 4879 2754 4961 ἄναρχον
2786 4882 2813 4936 ὁ
2842 4882 2985 4940 θεῖος
3043 4876 3175 4956 ἔρως
3220 4873 3539 4932 ἐνδείκνυται
3599 4873 3890 4954 διαφερόν-

2239 4993 2363 5046 τως,
2399 4971 2577 5049 ὣσπερ
2606 4992 2683 5033 τις
2718 4966 2890 5032 ἀίδιος
2923 4965 3144 5045 κύκλος,
3196 4964 3280 5021 διὰ
3323 4965 3574 5042 τάγαθὸν,
3625 4965 3685 5020 ἐκ
3715 4966 3897 5041 τάγα-

512 5053 701 5129 bono,
731 5064 790 5118 et
819 5076 886 5119 ex
918 5058 1072 5121 bono
1104 5059 1164 5120 in
1190 5079 1258 5122 ea
1291 5079 1423 5141 quae
1443 5067 1578 5122 sunt
1606 5058 2064 5135 redundantem,
2089 5077 2147 5121 ac

2237 5066 2350 5136 θοῦ,
2383 5062 2469 5120 κάὶ
2503 5061 2555 5117 ὲν
2587 5060 2822 5139 τάγαθῷ,
2856 5059 2944 5116 καί
3001 5057 3073 5120 εἰς
3126 5055 3380 5134 τάγαθὸν,
3415 5053 3467 5110 ἐν
3501 5053 3732 5111 ἁπλανεϊ
3764 5075 3897 5111 συν-

513 5162 722 5209 rursus
741 5146 813 5208 ad
831 5145 1053 5212 bonum
1077 5159 1500 5215 revertentem.
1521 5147 1671 5224 Quia
1699 5149 1756 5210 in
1783 5166 1849 5212 re
1878 5148 2070 5213 etﬁne
2101 5158 2147 5212 el

2242 5150 2397 5218 ελίξεί
2444 5149 2950 5231 περιποσευόμενος,
2997 5146 3085 5202 καὶ
3129 5145 3185 5202 ἐν
3237 5146 3437 5222 ταύτῷ,
3483 5147 3576 5201 καί
3624 5144 3760 5201 κατᾶ
3819 5145 3884 5200 τὸ

599 5347 626 5380 ιι
657 5336 846 5406 Galat.
881 5355 945 5422 II,
977 5342 1080 5406 20.

1817 5434 2082 5501 VARUE
2135 5433 2465 5502 LECTION
2473 5433 2585 5499 ES.

595 5605 650 5651 ⁸9
675 5608 909 5684 ἀληθῶς,
944 5608 1024 5671 Μ,
1086 5602 1322 5682 δαέῥδ
1351 5609 1516 5688 ζωὴν,
1549 5608 1686 5665 ἀλλὰ
1715 5610 1810 5675 τὴν
1863 5617 1956 5668 τοῦ
1998 5611 2216 5686 ἐραστοῦ
2262 5616 2356 5686 ζῇν

1887 5657 1954 5668 ’⁷⁷
1998 5657 2214 5686 't"'"'"
2263 5657 2350 5686 ’,μ’
2413 5657 2428 5670 ι

1887 5689 1955 5741 ac
1984 5689 2050 5746 δι’
2082 5690 2134 5767 δ,
2167 5691 2230 5754 s.
2278 5690 2330 5771 δ,
2364 5657 2428 5751 ἰ).

516 5695 596 5763 τῷ
625 5689 770 5752 item
801 5689 984 5752 habet
1024 5690 1087 5752 S.
1171 5688 1236 5742 55
1263 5691 1450 5771 αὐτήν,
1486 5688 1561 5753 Μ.
1595 5688 1660 5754 Ρ.
1704 5692 1803 5752 Sc.

2413 5608 2480 5670 Ρ.
2566 5603 2622 5648 ⁵⁵
2649 5612 2752 5662 τῶν
2795 5603 2972 5663 καλῶν
3012 5604 3103 5663 καὶ
3158 5603 3391 5684 ἀγαθῶν.
3445 5605 3522 5678 τῷ
3571 5599 3814 5676 πάντων,
3849 5595 3906 5662 Μ

2514 5685 2578 5738 57
2608 5689 2786 5763 αὖτύν,
2819 5687 2891 5750 D.
