  <div class='ocr_page' id='page_1' title='image "/cluster/home/n/w/nwhite01/storage/ocr_20150623/3/mdp.39015008855614/368.png"; bbox 0 0 4156 6156; ppageno 0'>
   <div class='ocr_carea' id='block_1_1' title="bbox 224 302 340 371">
    <p class='ocr_par' dir='ltr' id='par_1_1' title="bbox 224 302 340 371">
     <span class='ocr_line' id='line_1_1' title="bbox 224 302 340 371; baseline 0 0"><span class='ocrx_word' id='word_1_1' title='bbox 224 302 340 371; x_wconf 70' lang='grc' dir='ltr'><strong>ἾἮ</strong></span> 
     </span>
    </p>
   </div>
   <div class='ocr_carea' id='block_1_2' title="bbox 1244 302 2545 392">
    <p class='ocr_par' dir='ltr' id='par_1_2' title="bbox 1244 302 2545 392">
     <span class='ocr_line' id='line_1_2' title="bbox 1244 302 2545 392; baseline 0.002 -20"><span class='ocrx_word' id='word_1_2' title='bbox 1244 307 1342 372; x_wconf 88' lang='lat' dir='ltr'><strong>DE</strong></span> <span class='ocrx_word' id='word_1_3' title='bbox 1386 305 1683 371; x_wconf 84' lang='lat' dir='ltr'><strong>DIVINIS</strong></span> <span class='ocrx_word' id='word_1_4' title='bbox 1724 303 2174 392; x_wconf 76' lang='lat' dir='ltr'><strong>NOMINIBUS,</strong></span> <span class='ocrx_word' id='word_1_5' title='bbox 2222 312 2386 376; x_wconf 82' lang='lat' dir='ltr'><strong>CAP.</strong></span> <span class='ocrx_word' id='word_1_6' title='bbox 2440 302 2545 378; x_wconf 79' lang='lat' dir='ltr'><strong>IV.</strong></span> 
     </span>
    </p>
   </div>
   <div class='ocr_carea' id='block_1_3' title="bbox 3485 317 3603 388">
    <p class='ocr_par' dir='ltr' id='par_1_3' title="bbox 3485 317 3603 388">
     <span class='ocr_line' id='line_1_3' title="bbox 3485 317 3603 388; baseline 0 -1"><span class='ocrx_word' id='word_1_7' title='bbox 3485 317 3603 388; x_wconf 77' lang='lat'><strong>7‘22</strong></span> 
     </span>
    </p>
   </div>
   <div class='ocr_carea' id='block_1_4' title="bbox 238 445 1870 540">
    <p class='ocr_par' dir='ltr' id='par_1_4' title="bbox 238 452 1870 532">
     <span class='ocr_line' id='line_1_4' title="bbox 238 452 1870 532; baseline -0.004 -14"><span class='ocrx_word' id='word_1_8' title='bbox 238 464 327 518; x_wconf 63' lang='grc' dir='ltr'>τοὶ</span> <span class='ocrx_word' id='word_1_9' title='bbox 355 457 437 517; x_wconf 79' lang='grc' dir='ltr'><strong>ἀεὶ</strong></span> <span class='ocrx_word' id='word_1_10' title='bbox 476 455 648 532; x_wconf 71' lang='grc' dir='ltr'>ὄντος,</span> <span class='ocrx_word' id='word_1_11' title='bbox 682 456 778 518; x_wconf 73' lang='grc' dir='ltr'><strong>οῦκ</strong></span> <span class='ocrx_word' id='word_1_12' title='bbox 826 455 962 517; x_wconf 76' lang='grc' dir='ltr'>ἕστι⁶</span> <span class='ocrx_word' id='word_1_13' title='bbox 1011 454 1129 516; x_wconf 81' lang='grc' dir='ltr'>καθ’</span> <span class='ocrx_word' id='word_1_14' title='bbox 1199 456 1322 515; x_wconf 71' lang='grc' dir='ltr'>ὅσον</span> <span class='ocrx_word' id='word_1_15' title='bbox 1355 452 1410 512; x_wconf 73' lang='grc' dir='ltr'><strong>δὲ</strong></span> <span class='ocrx_word' id='word_1_16' title='bbox 1440 462 1536 514; x_wconf 88' lang='grc' dir='ltr'><strong>τοῦ</strong></span> <span class='ocrx_word' id='word_1_17' title='bbox 1567 457 1709 513; x_wconf 81' lang='grc' dir='ltr'>εἶναι</span> <span class='ocrx_word' id='word_1_18' title='bbox 1742 475 1870 530; x_wconf 79' lang='grc' dir='ltr'>μετ-</span> 
     </span>
    </p>
   </div>
   <div class='ocr_carea' id='block_1_5' title="bbox 1956 445 3602 540">
    <p class='ocr_par' dir='ltr' id='par_1_5' title="bbox 1971 445 3602 540">
     <span class='ocr_line' id='line_1_5' title="bbox 1971 445 3602 540; baseline 0.01 -33"><span class='ocrx_word' id='word_1_19' title='bbox 1971 448 2019 507; x_wconf 85' lang='lat' dir='ltr'><strong>si</strong></span> <span class='ocrx_word' id='word_1_20' title='bbox 2049 452 2171 509; x_wconf 90' lang='lat' dir='ltr'><strong>tota</strong></span> <span class='ocrx_word' id='word_1_21' title='bbox 2199 445 2353 540; x_wconf 91' lang='lat' dir='ltr'><strong>desit</strong></span> <span class='ocrx_word' id='word_1_22' title='bbox 2382 446 2745 527; x_wconf 85' lang='lat' dir='ltr'><strong>constitutio,</strong></span> <span class='ocrx_word' id='word_1_23' title='bbox 2764 469 2960 534; x_wconf 86' lang='lat' dir='ltr'><strong>neque</strong></span> <span class='ocrx_word' id='word_1_24' title='bbox 2988 449 3376 540; x_wconf 87' lang='lat' dir='ltr'><strong>morbusipse</strong></span> <span class='ocrx_word' id='word_1_25' title='bbox 3396 456 3602 525; x_wconf 83' lang='lat' dir='ltr'><strong>subsi-</strong></span> 
     </span>
    </p>
   </div>
   <div class='ocr_carea' id='block_1_6' title="bbox 235 544 1882 628">
    <p class='ocr_par' dir='ltr' id='par_1_6' title="bbox 235 544 1882 628">
     <span class='ocr_line' id='line_1_6' title="bbox 235 544 1882 628; baseline -0.005 -19"><span class='ocrx_word' id='word_1_26' title='bbox 235 548 453 628; x_wconf 69' lang='grc' dir='ltr'><strong>εῗληφε,</strong></span> <span class='ocrx_word' id='word_1_27' title='bbox 486 550 623 607; x_wconf 81' lang='grc' dir='ltr'>κατὰ</span> <span class='ocrx_word' id='word_1_28' title='bbox 656 555 936 608; x_wconf 71' lang='grc' dir='ltr'>τοσοῦντον</span> <span class='ocrx_word' id='word_1_29' title='bbox 987 548 1122 622; x_wconf 78' lang='grc' dir='ltr'>ἔστι,</span> <span class='ocrx_word' id='word_1_30' title='bbox 1160 546 1254 605; x_wconf 71' lang='grc' dir='ltr'>καῖ</span> <span class='ocrx_word' id='word_1_31' title='bbox 1307 546 1369 603; x_wconf 79' lang='grc' dir='ltr'>τὸ</span> <span class='ocrx_word' id='word_1_32' title='bbox 1417 544 1555 610; x_wconf 77' lang='grc' dir='ltr'><strong>ὅλως</strong></span> <span class='ocrx_word' id='word_1_33' title='bbox 1606 545 1750 602; x_wconf 78' lang='grc' dir='ltr'>εἶναι</span> <span class='ocrx_word' id='word_1_34' title='bbox 1794 546 1882 603; x_wconf 77' lang='grc' dir='ltr'>καὶ</span> 
     </span>
    </p>
   </div>
   <div class='ocr_carea' id='block_1_7' title="bbox 230 634 1881 718">
    <p class='ocr_par' dir='ltr' id='par_1_7' title="bbox 230 634 1881 718">
     <span class='ocr_line' id='line_1_7' title="bbox 230 634 1881 718; baseline -0.003 -21"><span class='ocrx_word' id='word_1_35' title='bbox 230 640 289 698; x_wconf 79' lang='grc' dir='ltr'>τὸ</span> <span class='ocrx_word' id='word_1_36' title='bbox 318 639 395 713; x_wconf 77' lang='grc' dir='ltr'><strong>μὴ</strong></span> <span class='ocrx_word' id='word_1_37' title='bbox 426 640 486 695; x_wconf 80' lang='grc' dir='ltr'><strong>ὃν</strong></span> <span class='ocrx_word' id='word_1_38' title='bbox 518 638 676 697; x_wconf 74' lang='grc' dir='ltr'>αὒτοῦ</span> <span class='ocrx_word' id='word_1_39' title='bbox 732 637 1123 718; x_wconf 71' lang='grc' dir='ltr'>διακρατεϊται,</span> <span class='ocrx_word' id='word_1_40' title='bbox 1160 638 1241 693; x_wconf 76' lang='grc' dir='ltr'>καὶ</span> <span class='ocrx_word' id='word_1_41' title='bbox 1276 634 1611 708; x_wconf 80' lang='grc' dir='ltr'>διασώζεται.</span> <span class='ocrx_word' id='word_1_42' title='bbox 1668 636 1766 694; x_wconf 83' lang='grc' dir='ltr'><strong>Καὶ</strong></span> <span class='ocrx_word' id='word_1_43' title='bbox 1821 636 1881 692; x_wconf 78' lang='grc' dir='ltr'>τὸ</span> 
     </span>
    </p>
   </div>
   <div class='ocr_carea' id='block_1_8' title="bbox 231 723 1879 806">
    <p class='ocr_par' dir='ltr' id='par_1_8' title="bbox 231 723 1879 806">
     <span class='ocr_line' id='line_1_8' title="bbox 231 723 1879 806; baseline -0.004 -18"><span class='ocrx_word' id='word_1_44' title='bbox 231 731 415 802; x_wconf 77' lang='grc' dir='ltr'>κακὸν,</span> <span class='ocrx_word' id='word_1_45' title='bbox 452 729 511 785; x_wconf 79' lang='grc' dir='ltr'>τὸ</span> <span class='ocrx_word' id='word_1_46' title='bbox 542 728 641 803; x_wconf 77' lang='grc' dir='ltr'><strong>μὲν</strong></span> <span class='ocrx_word' id='word_1_47' title='bbox 684 729 859 796; x_wconf 75' lang='grc' dir='ltr'>πάντη</span> <span class='ocrx_word' id='word_1_48' title='bbox 909 735 999 785; x_wconf 88' lang='grc' dir='ltr'><strong>τοῦ</strong></span> <span class='ocrx_word' id='word_1_49' title='bbox 1051 732 1249 806; x_wconf 71' lang='grc' dir='ltr'>αγαθοῦ</span> <span class='ocrx_word' id='word_1_50' title='bbox 1299 724 1716 799; x_wconf 74' lang='grc' dir='ltr'><strong>ἀποπεπτωκὸς,</strong></span> <span class='ocrx_word' id='word_1_51' title='bbox 1762 723 1879 782; x_wconf 67' lang='grc' dir='ltr'>οὔτε</span> 
     </span>
    </p>
   </div>
   <div class='ocr_carea' id='block_1_9' title="bbox 231 812 1877 897">
    <p class='ocr_par' dir='ltr' id='par_1_9' title="bbox 231 812 1877 897">
     <span class='ocr_line' id='line_1_9' title="bbox 231 812 1877 897; baseline -0.004 -20"><span class='ocrx_word' id='word_1_52' title='bbox 231 818 283 877; x_wconf 79' lang='grc' dir='ltr'><strong>ἒν</strong></span> <span class='ocrx_word' id='word_1_53' title='bbox 335 831 457 882; x_wconf 79' lang='grc' dir='ltr'>τοῖς</span> <span class='ocrx_word' id='word_1_54' title='bbox 515 816 744 897; x_wconf 68' lang='grc' dir='ltr'>μᾶλλον,</span> <span class='ocrx_word' id='word_1_55' title='bbox 781 816 896 875; x_wconf 72' lang='grc' dir='ltr'>οὔτε</span> <span class='ocrx_word' id='word_1_56' title='bbox 929 818 984 874; x_wconf 79' lang='grc' dir='ltr'><strong>ἐν</strong></span> <span class='ocrx_word' id='word_1_57' title='bbox 1013 831 1129 882; x_wconf 79' lang='grc' dir='ltr'>τοῖς</span> <span class='ocrx_word' id='word_1_58' title='bbox 1176 815 1356 895; x_wconf 70' lang='grc' dir='ltr'>ἧττον,</span> <span class='ocrx_word' id='word_1_59' title='bbox 1385 815 1583 894; x_wconf 78' lang='grc' dir='ltr'>ἀγαθὸν</span> <span class='ocrx_word' id='word_1_60' title='bbox 1609 812 1675 864; x_wconf 80' lang='grc'><strong>98</strong></span> <span class='ocrx_word' id='word_1_61' title='bbox 1704 813 1877 877; x_wconf 82' lang='grc' dir='ltr'>ἔσται.</span> 
     </span>
    </p>
   </div>
   <div class='ocr_carea' id='block_1_10' title="bbox 230 907 827 987">
    <p class='ocr_par' dir='ltr' id='par_1_10' title="bbox 230 907 827 987">
     <span class='ocr_line' id='line_1_10' title="bbox 230 907 827 987; baseline -0.008 -22"><span class='ocrx_word' id='word_1_62' title='bbox 230 909 299 969; x_wconf 78' lang='grc' dir='ltr'><strong>Τὸ</strong></span> <span class='ocrx_word' id='word_1_63' title='bbox 328 908 406 978; x_wconf 78' lang='grc' dir='ltr'>πῆ</span> <span class='ocrx_word' id='word_1_64' title='bbox 453 909 550 981; x_wconf 75' lang='grc' dir='ltr'><strong>μὲν</strong></span> <span class='ocrx_word' id='word_1_65' title='bbox 609 907 827 987; x_wconf 72' lang='grc' dir='ltr'><strong>ἀγαθὸν²</strong></span> 
     </span>
    </p>
   </div>
   <div class='ocr_carea' id='block_1_11' title="bbox 227 989 1878 1078">
    <p class='ocr_par' dir='ltr' id='par_1_11' title="bbox 227 989 1878 1078">
     <span class='ocr_line' id='line_1_11' title="bbox 227 989 1878 1078; baseline -0.003 -23"><span class='ocrx_word' id='word_1_66' title='bbox 227 999 404 1077; x_wconf 83' lang='grc' dir='ltr'>ἀγαθῳ</span> <span class='ocrx_word' id='word_1_67' title='bbox 433 1020 559 1073; x_wconf 82' lang='grc' dir='ltr'>τινι,</span> <span class='ocrx_word' id='word_1_68' title='bbox 623 997 730 1078; x_wconf 67' lang='grc' dir='ltr'><strong>οὔχ⁴</strong></span> <span class='ocrx_word' id='word_1_69' title='bbox 772 996 883 1071; x_wconf 83' lang='grc' dir='ltr'>ὅλῳ</span> <span class='ocrx_word' id='word_1_70' title='bbox 937 995 994 1054; x_wconf 76' lang='grc' dir='ltr'><strong>δὲ</strong></span> <span class='ocrx_word' id='word_1_71' title='bbox 1046 998 1286 1075; x_wconf 72' lang='grc' dir='ltr'>τάγαθῷ·</span> <span class='ocrx_word' id='word_1_72' title='bbox 1345 1007 1620 1074; x_wconf 79' lang='grc' dir='ltr'>κρατεῖται</span> <span class='ocrx_word' id='word_1_73' title='bbox 1679 991 1735 1051; x_wconf 80' lang='grc' dir='ltr'><strong>δέ</strong></span> <span class='ocrx_word' id='word_1_74' title='bbox 1790 989 1878 1051; x_wconf 80' lang='grc' dir='ltr'><strong>καὶ</strong></span> 
     </span>
    </p>
   </div>
   <div class='ocr_carea' id='block_1_12' title="bbox 227 1084 1877 1164">
    <p class='ocr_par' dir='ltr' id='par_1_12' title="bbox 227 1084 1877 1164">
     <span class='ocr_line' id='line_1_12' title="bbox 227 1084 1877 1164; baseline -0.005 -19"><span class='ocrx_word' id='word_1_75' title='bbox 227 1090 350 1145; x_wconf 73' lang='grc' dir='ltr'>αὐτὸ</span> <span class='ocrx_word' id='word_1_76' title='bbox 408 1093 476 1164; x_wconf 77' lang='grc' dir='ltr'>τῇ</span> <span class='ocrx_word' id='word_1_77' title='bbox 524 1094 616 1144; x_wconf 87' lang='grc' dir='ltr'><strong>τοῦ</strong></span> <span class='ocrx_word' id='word_1_78' title='bbox 672 1088 868 1164; x_wconf 78' lang='grc' dir='ltr'>ἀγαθοῦ</span> <span class='ocrx_word' id='word_1_79' title='bbox 914 1086 1189 1162; x_wconf 69' lang='grc' dir='ltr'>μετουσίᾳ,</span> <span class='ocrx_word' id='word_1_80' title='bbox 1249 1087 1339 1143; x_wconf 81' lang='grc' dir='ltr'><strong>καὶ</strong></span> <span class='ocrx_word' id='word_1_81' title='bbox 1409 1086 1583 1141; x_wconf 73' lang='grc' dir='ltr'>οὒσιοτ</span> <span class='ocrx_word' id='word_1_82' title='bbox 1639 1085 1725 1140; x_wconf 63' lang='grc' dir='ltr'><strong>καὶ</strong></span> <span class='ocrx_word' id='word_1_83' title='bbox 1781 1084 1877 1152; x_wconf 78' lang='grc' dir='ltr'><strong>τὴν</strong></span> 
     </span>
    </p>
   </div>
   <div class='ocr_carea' id='block_1_13' title="bbox 227 1170 1872 1258">
    <p class='ocr_par' dir='ltr' id='par_1_13' title="bbox 227 1170 1872 1258">
     <span class='ocr_line' id='line_1_13' title="bbox 227 1170 1872 1258; baseline -0.004 -23"><span class='ocrx_word' id='word_1_84' title='bbox 227 1178 414 1236; x_wconf 76' lang='grc' dir='ltr'>ἑαύτοῦ</span> <span class='ocrx_word' id='word_1_85' title='bbox 463 1177 710 1252; x_wconf 67' lang='grc' dir='ltr'>στέρησιν</span> <span class='ocrx_word' id='word_1_86' title='bbox 770 1178 832 1233; x_wconf 80' lang='grc' dir='ltr'>τὸ</span> <span class='ocrx_word' id='word_1_87' title='bbox 890 1176 1110 1258; x_wconf 64' lang='grc' dir='ltr'>ἀγαθὸν,</span> <span class='ocrx_word' id='word_1_88' title='bbox 1143 1182 1211 1254; x_wconf 78' lang='grc' dir='ltr'>τῇ</span> <span class='ocrx_word' id='word_1_89' title='bbox 1240 1175 1379 1237; x_wconf 73' lang='grc' dir='ltr'><strong>ὅλως</strong></span> <span class='ocrx_word' id='word_1_90' title='bbox 1438 1178 1595 1233; x_wconf 66' lang='grc' dir='ltr'>αὐτοῦ</span> <span class='ocrx_word' id='word_1_91' title='bbox 1644 1170 1872 1247; x_wconf 78' lang='grc' dir='ltr'>μεθέξει’</span> 
     </span>
    </p>
   </div>
   <div class='ocr_carea' id='block_1_14' title="bbox 223 1261 1879 1345">
    <p class='ocr_par' dir='ltr' id='par_1_14' title="bbox 223 1261 1879 1345">
     <span class='ocr_line' id='line_1_14' title="bbox 223 1261 1879 1345; baseline -0.004 -20"><span class='ocrx_word' id='word_1_92' title='bbox 223 1269 400 1336; x_wconf 79' lang='grc' dir='ltr'>πάντη</span> <span class='ocrx_word' id='word_1_93' title='bbox 445 1268 545 1345; x_wconf 79' lang='grc' dir='ltr'><strong>γὰρ</strong></span> <span class='ocrx_word' id='word_1_94' title='bbox 608 1265 930 1333; x_wconf 69' lang='grc' dir='ltr'><strong>ἀπελθόντος</strong></span> <span class='ocrx_word' id='word_1_95' title='bbox 979 1276 1072 1326; x_wconf 86' lang='grc' dir='ltr'><strong>τοῦ</strong></span> <span class='ocrx_word' id='word_1_96' title='bbox 1121 1267 1339 1345; x_wconf 74' lang='grc' dir='ltr'><strong>ἀγαθοῦ⁷</strong></span> <span class='ocrx_word' id='word_1_97' title='bbox 1381 1264 1499 1321; x_wconf 69' lang='grc' dir='ltr'>οὔτε</span> <span class='ocrx_word' id='word_1_98' title='bbox 1553 1261 1777 1320; x_wconf 72' lang='grc' dir='ltr'>καθόλου</span> <span class='ocrx_word' id='word_1_99' title='bbox 1826 1284 1879 1325; x_wconf 86' lang='grc' dir='ltr'><strong>τι</strong></span> 
     </span>
    </p>
   </div>
   <div class='ocr_carea' id='block_1_15' title="bbox 226 1351 1880 1437">
    <p class='ocr_par' dir='ltr' id='par_1_15' title="bbox 226 1351 1880 1437">
     <span class='ocr_line' id='line_1_15' title="bbox 226 1351 1880 1437; baseline -0.004 -23"><span class='ocrx_word' id='word_1_100' title='bbox 226 1355 373 1414; x_wconf 80' lang='grc' dir='ltr'>ἔσται</span> <span class='ocrx_word' id='word_1_101' title='bbox 432 1356 652 1437; x_wconf 64' lang='grc' dir='ltr'>ἀγαθον,</span> <span class='ocrx_word' id='word_1_102' title='bbox 711 1355 829 1413; x_wconf 64' lang='grc' dir='ltr'>οὔτε</span> <span class='ocrx_word' id='word_1_103' title='bbox 872 1358 1086 1431; x_wconf 72' lang='grc' dir='ltr'>μικτὸν,</span> <span class='ocrx_word' id='word_1_104' title='bbox 1131 1354 1246 1412; x_wconf 70' lang='grc' dir='ltr'>οὔτε</span> <span class='ocrx_word' id='word_1_105' title='bbox 1300 1354 1620 1412; x_wconf 74' lang='grc' dir='ltr'>αὖτόκακον.</span> <span class='ocrx_word' id='word_1_106' title='bbox 1685 1353 1739 1409; x_wconf 84' lang='grc' dir='ltr'><strong>Εἰ</strong></span> <span class='ocrx_word' id='word_1_107' title='bbox 1781 1351 1880 1431; x_wconf 78' lang='grc' dir='ltr'><strong>γὰρ</strong></span> 
     </span>
    </p>
   </div>
   <div class='ocr_carea' id='block_1_16' title="bbox 229 1442 1881 1524">
    <p class='ocr_par' dir='ltr' id='par_1_16' title="bbox 229 1442 1881 1524">
     <span class='ocr_line' id='line_1_16' title="bbox 229 1442 1881 1524; baseline -0.004 -20"><span class='ocrx_word' id='word_1_108' title='bbox 229 1448 288 1504; x_wconf 80' lang='grc' dir='ltr'>τὸ</span> <span class='ocrx_word' id='word_1_109' title='bbox 317 1448 486 1504; x_wconf 77' lang='grc' dir='ltr'>κακὸν</span> <span class='ocrx_word' id='word_1_110' title='bbox 544 1445 726 1510; x_wconf 80' lang='grc' dir='ltr'>ἀτελές</span> <span class='ocrx_word' id='word_1_111' title='bbox 786 1445 931 1503; x_wconf 78' lang='grc' dir='ltr'>ἐστιν</span> <span class='ocrx_word' id='word_1_112' title='bbox 989 1446 1206 1524; x_wconf 76' lang='grc' dir='ltr'>ἀγαθὸν,</span> <span class='ocrx_word' id='word_1_113' title='bbox 1240 1443 1465 1516; x_wconf 76' lang='grc' dir='ltr'><strong>ἀπουσίᾳ</strong></span> <span class='ocrx_word' id='word_1_114' title='bbox 1516 1442 1760 1498; x_wconf 71' lang='grc' dir='ltr'>παντελεῖ</span> <span class='ocrx_word' id='word_1_115' title='bbox 1790 1448 1881 1498; x_wconf 81' lang='grc' dir='ltr'><strong>τοῦ</strong></span> 
     </span>
    </p>
   </div>
   <div class='ocr_carea' id='block_1_17' title="bbox 228 1530 1878 1616">
    <p class='ocr_par' dir='ltr' id='par_1_17' title="bbox 228 1530 1878 1616">
     <span class='ocr_line' id='line_1_17' title="bbox 228 1530 1878 1616; baseline -0.005 -21"><span class='ocrx_word' id='word_1_116' title='bbox 228 1537 427 1616; x_wconf 78' lang='grc' dir='ltr'>ἀγαθοῦ</span> <span class='ocrx_word' id='word_1_117' title='bbox 475 1538 562 1593; x_wconf 82' lang='grc' dir='ltr'><strong>καὶ</strong></span> <span class='ocrx_word' id='word_1_118' title='bbox 621 1539 682 1593; x_wconf 79' lang='grc' dir='ltr'>τὸ</span> <span class='ocrx_word' id='word_1_119' title='bbox 737 1535 949 1611; x_wconf 74' lang='grc' dir='ltr'><strong>ἀτελὲς,</strong></span> <span class='ocrx_word' id='word_1_120' title='bbox 1007 1537 1098 1593; x_wconf 81' lang='grc' dir='ltr'>καὶ</span> <span class='ocrx_word' id='word_1_121' title='bbox 1156 1537 1218 1591; x_wconf 79' lang='grc' dir='ltr'>τὸ</span> <span class='ocrx_word' id='word_1_122' title='bbox 1275 1533 1495 1591; x_wconf 79' lang='grc' dir='ltr'>τὲλειων</span> <span class='ocrx_word' id='word_1_123' title='bbox 1528 1533 1720 1611; x_wconf 74' lang='grc' dir='ltr'>ἀγαθὸν</span> <span class='ocrx_word' id='word_1_124' title='bbox 1754 1530 1878 1588; x_wconf 73' lang='grc' dir='ltr'><strong>ἀπέ-</strong></span> 
     </span>
    </p>
   </div>
   <div class='ocr_carea' id='block_1_18' title="bbox 228 1622 1873 1704">
    <p class='ocr_par' dir='ltr' id='par_1_18' title="bbox 228 1622 1873 1704">
     <span class='ocr_line' id='line_1_18' title="bbox 228 1622 1873 1704; baseline -0.005 -19"><span class='ocrx_word' id='word_1_125' title='bbox 228 1643 370 1686; x_wconf 84' lang='grc' dir='ltr'>σται·</span> <span class='ocrx_word' id='word_1_126' title='bbox 403 1629 490 1684; x_wconf 81' lang='grc' dir='ltr'>καὶ</span> <span class='ocrx_word' id='word_1_127' title='bbox 520 1627 641 1684; x_wconf 81' lang='grc' dir='ltr'>τότε</span> <span class='ocrx_word' id='word_1_128' title='bbox 701 1627 865 1702; x_wconf 84' lang='grc' dir='ltr'>μόνον</span> <span class='ocrx_word' id='word_1_129' title='bbox 925 1625 1071 1682; x_wconf 78' lang='grc' dir='ltr'>ἔσται</span> <span class='ocrx_word' id='word_1_130' title='bbox 1132 1627 1217 1683; x_wconf 87' lang='grc' dir='ltr'>καὶ</span> <span class='ocrx_word' id='word_1_131' title='bbox 1270 1623 1554 1704; x_wconf 70' lang='grc' dir='ltr'>ὀφθήσεται</span> <span class='ocrx_word' id='word_1_132' title='bbox 1600 1623 1659 1678; x_wconf 81' lang='grc' dir='ltr'>τὸ</span> <span class='ocrx_word' id='word_1_133' title='bbox 1688 1622 1873 1695; x_wconf 80' lang='grc' dir='ltr'>κακὸν,</span> 
     </span>
    </p>
   </div>
   <div class='ocr_carea' id='block_1_19' title="bbox 222 1709 1877 1792">
    <p class='ocr_par' dir='ltr' id='par_1_19' title="bbox 222 1709 1877 1792">
     <span class='ocr_line' id='line_1_19' title="bbox 222 1709 1877 1792; baseline -0.004 -18"><span class='ocrx_word' id='word_1_134' title='bbox 222 1718 380 1788; x_wconf 77' lang='grc' dir='ltr'>ἡνίκα</span> <span class='ocrx_word' id='word_1_135' title='bbox 415 1730 530 1777; x_wconf 73' lang='grc' dir='ltr'>τοῖς</span> <span class='ocrx_word' id='word_1_136' title='bbox 591 1717 689 1791; x_wconf 75' lang='grc' dir='ltr'><strong>μὲν</strong></span> <span class='ocrx_word' id='word_1_137' title='bbox 739 1715 849 1773; x_wconf 75' lang='grc' dir='ltr'>ἔστι</span> <span class='ocrx_word' id='word_1_138' title='bbox 900 1718 1064 1772; x_wconf 62' lang='grc' dir='ltr'>κακὸν</span> <span class='ocrx_word' id='word_1_139' title='bbox 1120 1716 1206 1779; x_wconf 82' lang='grc' dir='ltr'><strong>οἷς</strong></span> <span class='ocrx_word' id='word_1_140' title='bbox 1264 1714 1605 1792; x_wconf 70' lang='grc' dir='ltr'>ἠναντίωται,</span> <span class='ocrx_word' id='word_1_141' title='bbox 1661 1718 1767 1787; x_wconf 82' lang='grc' dir='ltr'>τῷν</span> <span class='ocrx_word' id='word_1_142' title='bbox 1824 1709 1877 1767; x_wconf 72' lang='grc' dir='ltr'><strong>δὲ</strong></span> 
     </span>
    </p>
   </div>
   <div class='ocr_carea' id='block_1_20' title="bbox 882 902 1915 985">
    <p class='ocr_par' dir='ltr' id='par_1_20' title="bbox 882 902 1915 985">
     <span class='ocr_line' id='line_1_20' title="bbox 882 902 1915 985; baseline -0.004 -22"><span class='ocrx_word' id='word_1_143' title='bbox 882 906 954 975; x_wconf 81' lang='grc' dir='ltr'>πῆ</span> <span class='ocrx_word' id='word_1_144' title='bbox 1015 906 1069 963; x_wconf 78' lang='grc' dir='ltr'><strong>δὲ,</strong></span> <span class='ocrx_word' id='word_1_145' title='bbox 1122 908 1216 964; x_wconf 76' lang='grc' dir='ltr'>οὒκ</span> <span class='ocrx_word' id='word_1_146' title='bbox 1261 906 1477 984; x_wconf 74' lang='grc' dir='ltr'>ἀγαθὸν,</span> <span class='ocrx_word' id='word_1_147' title='bbox 1514 904 1751 985; x_wconf 75' lang='grc' dir='ltr'>μάχεται</span> <span class='ocrx_word' id='word_1_148' title='bbox 1782 902 1915 980; x_wconf 68' lang='grc' dir='ltr'><strong>μὲν⁷</strong></span> 
     </span>
    </p>
   </div>
   <div class='ocr_carea' id='block_1_21' title="bbox 1966 536 3599 631">
    <p class='ocr_par' dir='ltr' id='par_1_21' title="bbox 1966 536 3599 631">
     <span class='ocr_line' id='line_1_21' title="bbox 1966 536 3599 631; baseline 0.01 -33"><span class='ocrx_word' id='word_1_149' title='bbox 1966 544 2102 610; x_wconf 86' lang='lat' dir='ltr'><strong>stet;</strong></span> <span class='ocrx_word' id='word_1_150' title='bbox 2130 536 2372 631; x_wconf 82' lang='lat' dir='ltr'><strong>morbus</strong></span> <span class='ocrx_word' id='word_1_151' title='bbox 2388 546 2596 631; x_wconf 76' lang='lat' dir='ltr'><strong>autem</strong></span> <span class='ocrx_word' id='word_1_152' title='bbox 2622 550 2825 604; x_wconf 87' lang='lat' dir='ltr'><strong>manet</strong></span> <span class='ocrx_word' id='word_1_153' title='bbox 2854 550 2911 605; x_wconf 84' lang='lat' dir='ltr'><strong>et</strong></span> <span class='ocrx_word' id='word_1_154' title='bbox 2937 546 3187 621; x_wconf 79' lang='lat' dir='ltr'><strong>exsistit,</strong></span> <span class='ocrx_word' id='word_1_155' title='bbox 3222 536 3287 611; x_wconf 77' lang='lat' dir='ltr'><strong>in</strong></span> <span class='ocrx_word' id='word_1_156' title='bbox 3313 558 3599 631; x_wconf 88' lang='lat' dir='ltr'><strong>quantum</strong></span> 
     </span>
    </p>
   </div>
   <div class='ocr_carea' id='block_1_22' title="bbox 1966 627 3599 716">
    <p class='ocr_par' dir='ltr' id='par_1_22' title="bbox 1966 627 3599 716">
     <span class='ocr_line' id='line_1_22' title="bbox 1966 627 3599 716; baseline 0.01 -28"><span class='ocrx_word' id='word_1_157' title='bbox 1966 633 2024 688; x_wconf 89' lang='lat' dir='ltr'><strong>et</strong></span> <span class='ocrx_word' id='word_1_158' title='bbox 2051 635 2264 688; x_wconf 91' lang='lat' dir='ltr'><strong>statum</strong></span> <span class='ocrx_word' id='word_1_159' title='bbox 2310 627 2508 703; x_wconf 82' lang='lat' dir='ltr'><strong>habet,</strong></span> <span class='ocrx_word' id='word_1_160' title='bbox 2545 637 2607 692; x_wconf 89' lang='lat' dir='ltr'><strong>et</strong></span> <span class='ocrx_word' id='word_1_161' title='bbox 2646 631 2951 695; x_wconf 87' lang='lat' dir='ltr'><strong>minimam</strong></span> <span class='ocrx_word' id='word_1_162' title='bbox 2997 627 3504 716; x_wconf 38' lang='lat' dir='ltr'><strong>constitutio-nem,</strong></span> <span class='ocrx_word' id='word_1_163' title='bbox 3534 641 3599 705; x_wconf 86' lang='lat' dir='ltr'><strong>in</strong></span> 
     </span>
    </p>
   </div>
   <div class='ocr_carea' id='block_1_23' title="bbox 1962 716 3601 796">
    <p class='ocr_par' dir='ltr' id='par_1_23' title="bbox 1962 716 3601 796">
     <span class='ocr_line' id='line_1_23' title="bbox 1962 716 3601 796; baseline 0.011 -18"><span class='ocrx_word' id='word_1_164' title='bbox 1962 734 2077 796; x_wconf 89' lang='lat' dir='ltr'><strong>qua</strong></span> <span class='ocrx_word' id='word_1_165' title='bbox 2107 716 2544 796; x_wconf 90' lang='lat' dir='ltr'><strong>quodammodo</strong></span> <span class='ocrx_word' id='word_1_166' title='bbox 2574 721 3032 796; x_wconf 64' lang='lat' dir='ltr'><strong>cobaeretﬂuod</strong></span> <span class='ocrx_word' id='word_1_167' title='bbox 3066 727 3224 790; x_wconf 90' lang='lat' dir='ltr'><strong>enim</strong></span> <span class='ocrx_word' id='word_1_168' title='bbox 3247 731 3441 794; x_wconf 83' lang='lat' dir='ltr'><strong>omnis</strong></span> <span class='ocrx_word' id='word_1_169' title='bbox 3457 730 3601 795; x_wconf 86' lang='lat' dir='ltr'><strong>boni</strong></span> 
     </span>
    </p>
   </div>
   <div class='ocr_carea' id='block_1_24' title="bbox 1963 806 3599 902">
    <p class='ocr_par' dir='ltr' id='par_1_24' title="bbox 1963 806 3599 902">
     <span class='ocr_line' id='line_1_24' title="bbox 1963 806 3599 902; baseline 0.01 -33"><span class='ocrx_word' id='word_1_170' title='bbox 1963 824 2178 886; x_wconf 82' lang='lat' dir='ltr'><strong>expers</strong></span> <span class='ocrx_word' id='word_1_171' title='bbox 2210 806 2402 902; x_wconf 75' lang='lat' dir='ltr'><strong>e_st,_id</strong></span> <span class='ocrx_word' id='word_1_172' title='bbox 2434 826 2625 902; x_wconf 84' lang='lat' dir='ltr'><strong>neque</strong></span> <span class='ocrx_word' id='word_1_173' title='bbox 2659 811 2883 891; x_wconf 84' lang='lat' dir='ltr'><strong>aliquid</strong></span> <span class='ocrx_word' id='word_1_174' title='bbox 2908 822 3020 886; x_wconf 88' lang='lat' dir='ltr'><strong>est,</strong></span> <span class='ocrx_word' id='word_1_175' title='bbox 3050 834 3243 897; x_wconf 89' lang='lat' dir='ltr'><strong>neque</strong></span> <span class='ocrx_word' id='word_1_176' title='bbox 3273 819 3333 881; x_wconf 92' lang='lat' dir='ltr'><strong>in</strong></span> <span class='ocrx_word' id='word_1_177' title='bbox 3364 821 3438 882; x_wconf 90' lang='lat' dir='ltr'><strong>iis</strong></span> <span class='ocrx_word' id='word_1_178' title='bbox 3466 840 3599 902; x_wconf 62' lang='lat' dir='ltr'><strong>quas</strong></span> 
     </span>
    </p>
   </div>
   <div class='ocr_carea' id='block_1_25' title="bbox 1961 898 3599 990">
    <p class='ocr_par' dir='ltr' id='par_1_25' title="bbox 1961 898 3599 990">
     <span class='ocr_line' id='line_1_25' title="bbox 1961 898 3599 990; baseline 0.011 -33"><span class='ocrx_word' id='word_1_179' title='bbox 1961 905 2097 990; x_wconf 83' lang='lat' dir='ltr'><strong>sunt</strong></span> <span class='ocrx_word' id='word_1_180' title='bbox 2127 898 2385 990; x_wconf 79' lang='lat' dir='ltr'><strong>exsistit;</strong></span> <span class='ocrx_word' id='word_1_181' title='bbox 2427 900 2585 990; x_wconf 85' lang='lat' dir='ltr'><strong>quod</strong></span> <span class='ocrx_word' id='word_1_182' title='bbox 2617 910 2813 963; x_wconf 89' lang='lat' dir='ltr'><strong>autem</strong></span> <span class='ocrx_word' id='word_1_183' title='bbox 2859 904 3097 967; x_wconf 89' lang='lat' dir='ltr'><strong>mistum</strong></span> <span class='ocrx_word' id='word_1_184' title='bbox 3122 915 3235 983; x_wconf 88' lang='lat' dir='ltr'><strong>est,</strong></span> <span class='ocrx_word' id='word_1_185' title='bbox 3271 907 3330 971; x_wconf 88' lang='lat' dir='ltr'><strong>id</strong></span> <span class='ocrx_word' id='word_1_186' title='bbox 3358 898 3599 990; x_wconf 82' lang='lat' dir='ltr'><strong>propter</strong></span> 
     </span>
    </p>
   </div>
   <div class='ocr_carea' id='block_1_26' title="bbox 1963 987 3593 1079">
    <p class='ocr_par' dir='ltr' id='par_1_26' title="bbox 1963 987 3593 1079">
     <span class='ocr_line' id='line_1_26' title="bbox 1963 987 3593 1079; baseline 0.01 -33"><span class='ocrx_word' id='word_1_187' title='bbox 1963 987 2194 1079; x_wconf 83' lang='lat' dir='ltr'><strong>bonum</strong></span> <span class='ocrx_word' id='word_1_188' title='bbox 2220 988 2379 1049; x_wconf 89' lang='lat' dir='ltr'><strong>estin</strong></span> <span class='ocrx_word' id='word_1_189' title='bbox 2398 988 2602 1069; x_wconf 85' lang='lat' dir='ltr'><strong>rebus,</strong></span> <span class='ocrx_word' id='word_1_190' title='bbox 2637 991 3009 1054; x_wconf 89' lang='lat' dir='ltr'><strong>etintantum</strong></span> <span class='ocrx_word' id='word_1_191' title='bbox 3041 996 3103 1057; x_wconf 88' lang='lat' dir='ltr'><strong>in</strong></span> <span class='ocrx_word' id='word_1_192' title='bbox 3138 997 3325 1060; x_wconf 83' lang='lat' dir='ltr'><strong>rebus</strong></span> <span class='ocrx_word' id='word_1_193' title='bbox 3344 987 3593 1079; x_wconf 78' lang='lat' dir='ltr'><strong>exsistit,</strong></span> 
     </span>
    </p>
   </div>
   <div class='ocr_carea' id='block_1_27' title="bbox 1961 1077 3597 1167">
    <p class='ocr_par' dir='ltr' id='par_1_27' title="bbox 1961 1077 3597 1167">
     <span class='ocr_line' id='line_1_27' title="bbox 1961 1077 3597 1167; baseline 0.011 -30"><span class='ocrx_word' id='word_1_194' title='bbox 1961 1084 2019 1137; x_wconf 89' lang='lat' dir='ltr'><strong>et</strong></span> <span class='ocrx_word' id='word_1_195' title='bbox 2046 1087 2156 1148; x_wconf 85' lang='lat' dir='ltr'><strong>est,</strong></span> <span class='ocrx_word' id='word_1_196' title='bbox 2181 1077 2241 1138; x_wconf 92' lang='lat' dir='ltr'><strong>in</strong></span> <span class='ocrx_word' id='word_1_197' title='bbox 2266 1088 2549 1159; x_wconf 88' lang='lat' dir='ltr'><strong>quantum</strong></span> <span class='ocrx_word' id='word_1_198' title='bbox 2582 1079 2721 1141; x_wconf 88' lang='lat' dir='ltr'><strong>boni</strong></span> <span class='ocrx_word' id='word_1_199' title='bbox 2751 1089 2839 1143; x_wconf 89' lang='lat' dir='ltr'><strong>est</strong></span> <span class='ocrx_word' id='word_1_200' title='bbox 2869 1083 3188 1167; x_wconf 80' lang='lat' dir='ltr'><strong>particeps.</strong></span> <span class='ocrx_word' id='word_1_201' title='bbox 3223 1086 3503 1161; x_wconf 88' lang='lat' dir='ltr'><strong>Quinimo</strong></span> <span class='ocrx_word' id='word_1_202' title='bbox 3525 1077 3597 1155; x_wconf 77' lang='lat' dir='ltr'><strong>ea</strong></span> 
     </span>
    </p>
   </div>
   <div class='ocr_carea' id='block_1_28' title="bbox 1962 1168 3594 1259">
    <p class='ocr_par' dir='ltr' id='par_1_28' title="bbox 1962 1168 3594 1259">
     <span class='ocr_line' id='line_1_28' title="bbox 1962 1168 3594 1259; baseline 0.01 -33"><span class='ocrx_word' id='word_1_203' title='bbox 1962 1173 2247 1259; x_wconf 66' lang='lat' dir='ltr'><strong>quaesuut</strong></span> <span class='ocrx_word' id='word_1_204' title='bbox 2275 1168 2501 1259; x_wconf 82' lang='lat' dir='ltr'><strong>omnia,</strong></span> <span class='ocrx_word' id='word_1_205' title='bbox 2524 1174 2583 1230; x_wconf 90' lang='lat' dir='ltr'><strong>in</strong></span> <span class='ocrx_word' id='word_1_206' title='bbox 2615 1176 2839 1233; x_wconf 89' lang='lat' dir='ltr'><strong>tantum</strong></span> <span class='ocrx_word' id='word_1_207' title='bbox 2874 1174 3059 1254; x_wconf 75' lang='lat' dir='ltr'><strong>magis</strong></span> <span class='ocrx_word' id='word_1_208' title='bbox 3098 1177 3366 1240; x_wconf 80' lang='lat' dir='ltr'><strong>minusve</strong></span> <span class='ocrx_word' id='word_1_209' title='bbox 3393 1191 3594 1259; x_wconf 84' lang='lat' dir='ltr'><strong>erunt,</strong></span> 
     </span>
    </p>
   </div>
   <div class='ocr_carea' id='block_1_29' title="bbox 1962 1256 3595 1340">
    <p class='ocr_par' dir='ltr' id='par_1_29' title="bbox 1962 1256 3595 1340">
     <span class='ocr_line' id='line_1_29' title="bbox 1962 1256 3595 1340; baseline 0.011 -24"><span class='ocrx_word' id='word_1_210' title='bbox 1962 1256 2023 1317; x_wconf 91' lang='lat' dir='ltr'><strong>in</strong></span> <span class='ocrx_word' id='word_1_211' title='bbox 2066 1266 2346 1338; x_wconf 90' lang='lat' dir='ltr'><strong>quantum</strong></span> <span class='ocrx_word' id='word_1_212' title='bbox 2378 1257 2451 1320; x_wconf 89' lang='lat' dir='ltr'><strong>ad</strong></span> <span class='ocrx_word' id='word_1_213' title='bbox 2492 1258 2630 1321; x_wconf 88' lang='lat' dir='ltr'><strong>boni</strong></span> <span class='ocrx_word' id='word_1_214' title='bbox 2676 1262 3042 1326; x_wconf 91' lang='lat' dir='ltr'><strong>consortium</strong></span> <span class='ocrx_word' id='word_1_215' title='bbox 3092 1268 3407 1340; x_wconf 86' lang='lat' dir='ltr'><strong>accedunt;</strong></span> <span class='ocrx_word' id='word_1_216' title='bbox 3457 1256 3595 1334; x_wconf 78' lang='lat' dir='ltr'><strong>nam</strong></span> 
     </span>
    </p>
   </div>
   <div class='ocr_carea' id='block_1_30' title="bbox 1962 1347 3597 1439">
    <p class='ocr_par' dir='ltr' id='par_1_30' title="bbox 1962 1347 3597 1439">
     <span class='ocr_line' id='line_1_30' title="bbox 1962 1347 3597 1439; baseline 0.01 -31"><span class='ocrx_word' id='word_1_217' title='bbox 1962 1347 2120 1426; x_wconf 85' lang='lat' dir='ltr'><strong>quod</strong></span> <span class='ocrx_word' id='word_1_218' title='bbox 2154 1347 2224 1408; x_wconf 91' lang='lat' dir='ltr'><strong>ad</strong></span> <span class='ocrx_word' id='word_1_219' title='bbox 2250 1347 2442 1439; x_wconf 90' lang='lat' dir='ltr'><strong>ipsum</strong></span> <span class='ocrx_word' id='word_1_220' title='bbox 2483 1354 2703 1413; x_wconf 81' lang='lat' dir='ltr'><strong>statum</strong></span> <span class='ocrx_word' id='word_1_221' title='bbox 2748 1355 2977 1433; x_wconf 85' lang='lat' dir='ltr'><strong>attinet,</strong></span> <span class='ocrx_word' id='word_1_222' title='bbox 3009 1356 3063 1418; x_wconf 91' lang='lat' dir='ltr'><strong>si</strong></span> <span class='ocrx_word' id='word_1_223' title='bbox 3105 1357 3447 1439; x_wconf 88' lang='lat' dir='ltr'><strong>neutiquam</strong></span> <span class='ocrx_word' id='word_1_224' title='bbox 3489 1380 3597 1423; x_wconf 86' lang='lat' dir='ltr'><strong>us-</strong></span> 
     </span>
    </p>
   </div>
   <div class='ocr_carea' id='block_1_31' title="bbox 1962 1438 3596 1522">
    <p class='ocr_par' dir='ltr' id='par_1_31' title="bbox 1962 1438 3596 1522">
     <span class='ocr_line' id='line_1_31' title="bbox 1962 1438 3596 1522; baseline 0.01 -26"><span class='ocrx_word' id='word_1_225' title='bbox 1962 1454 2211 1516; x_wconf 77' lang='lat' dir='ltr'><strong>quamve</strong></span> <span class='ocrx_word' id='word_1_226' title='bbox 2236 1438 2330 1509; x_wconf 88' lang='lat' dir='ltr'><strong>sit,</strong></span> <span class='ocrx_word' id='word_1_227' title='bbox 2365 1456 2475 1500; x_wconf 89' lang='lat' dir='ltr'><strong>nec</strong></span> <span class='ocrx_word' id='word_1_228' title='bbox 2499 1440 2615 1500; x_wconf 84' lang='lat' dir='ltr'><strong>erit</strong></span> <span class='ocrx_word' id='word_1_229' title='bbox 2649 1441 2913 1521; x_wconf 88' lang='lat' dir='ltr'><strong>quidem.</strong></span> <span class='ocrx_word' id='word_1_230' title='bbox 2946 1443 3114 1517; x_wconf 85' lang='lat' dir='ltr'><strong>Quod</strong></span> <span class='ocrx_word' id='word_1_231' title='bbox 3143 1438 3340 1510; x_wconf 84' lang='lat' dir='ltr'><strong>autem</strong></span> <span class='ocrx_word' id='word_1_232' title='bbox 3382 1451 3596 1522; x_wconf 86' lang='lat' dir='ltr'><strong>partim</strong></span> 
     </span>
    </p>
   </div>
   <div class='ocr_carea' id='block_1_32' title="bbox 1963 1523 3596 1620">
    <p class='ocr_par' dir='ltr' id='par_1_32' title="bbox 1963 1523 3596 1620">
     <span class='ocr_line' id='line_1_32' title="bbox 1963 1523 3596 1620; baseline 0.012 -35"><span class='ocrx_word' id='word_1_233' title='bbox 1963 1523 2207 1620; x_wconf 77' lang='lat' dir='ltr'><strong>quidem</strong></span> <span class='ocrx_word' id='word_1_234' title='bbox 2242 1535 2349 1600; x_wconf 84' lang='lat' dir='ltr'><strong>est,</strong></span> <span class='ocrx_word' id='word_1_235' title='bbox 2389 1529 2593 1607; x_wconf 85' lang='lat' dir='ltr'><strong>partim</strong></span> <span class='ocrx_word' id='word_1_236' title='bbox 2624 1540 2821 1620; x_wconf 85' lang='lat' dir='ltr'><strong>autem</strong></span> <span class='ocrx_word' id='word_1_237' title='bbox 2850 1552 2966 1594; x_wconf 90' lang='lat' dir='ltr'><strong>non</strong></span> <span class='ocrx_word' id='word_1_238' title='bbox 3000 1544 3110 1617; x_wconf 69' lang='lat' dir='ltr'><strong>est,</strong></span> <span class='ocrx_word' id='word_1_239' title='bbox 3139 1536 3197 1600; x_wconf 92' lang='lat' dir='ltr'><strong>id</strong></span> <span class='ocrx_word' id='word_1_240' title='bbox 3216 1548 3506 1620; x_wconf 88' lang='lat' dir='ltr'><strong>quatenus</strong></span> <span class='ocrx_word' id='word_1_241' title='bbox 3522 1540 3596 1605; x_wconf 88' lang='lat' dir='ltr'><strong>ab</strong></span> 
     </span>
    </p>
   </div>
   <div class='ocr_carea' id='block_1_33' title="bbox 1964 1615 3594 1711">
    <p class='ocr_par' dir='ltr' id='par_1_33' title="bbox 1964 1615 3594 1711">
     <span class='ocr_line' id='line_1_33' title="bbox 1964 1615 3594 1711; baseline 0.009 -34"><span class='ocrx_word' id='word_1_242' title='bbox 1964 1635 2034 1678; x_wconf 90' lang='lat' dir='ltr'><strong>eo</strong></span> <span class='ocrx_word' id='word_1_243' title='bbox 2051 1615 2208 1698; x_wconf 89' lang='lat' dir='ltr'><strong>quod</strong></span> <span class='ocrx_word' id='word_1_244' title='bbox 2229 1635 2469 1699; x_wconf 88' lang='lat' dir='ltr'><strong>semper</strong></span> <span class='ocrx_word' id='word_1_245' title='bbox 2486 1619 2865 1711; x_wconf 74' lang='lat' dir='ltr'><strong>estdeﬂexit,</strong></span> <span class='ocrx_word' id='word_1_246' title='bbox 2912 1643 3026 1687; x_wconf 92' lang='lat' dir='ltr'><strong>non</strong></span> <span class='ocrx_word' id='word_1_247' title='bbox 3061 1615 3172 1698; x_wconf 85' lang='lat' dir='ltr'><strong>est;</strong></span> <span class='ocrx_word' id='word_1_248' title='bbox 3216 1615 3278 1690; x_wconf 76' lang='lat' dir='ltr'><strong>in</strong></span> <span class='ocrx_word' id='word_1_249' title='bbox 3309 1637 3594 1711; x_wconf 89' lang='lat' dir='ltr'><strong>quantum</strong></span> 
     </span>
    </p>
   </div>
   <div class='ocr_carea' id='block_1_34' title="bbox 1962 1708 3594 1798">
    <p class='ocr_par' dir='ltr' id='par_1_34' title="bbox 1962 1708 3594 1798">
     <span class='ocr_line' id='line_1_34' title="bbox 1962 1708 3594 1798; baseline 0.012 -33"><span class='ocrx_word' id='word_1_250' title='bbox 1962 1725 2099 1798; x_wconf 84' lang='lat' dir='ltr'><strong>vero</strong></span> <span class='ocrx_word' id='word_1_251' title='bbox 2122 1714 2309 1768; x_wconf 85' lang='lat' dir='ltr'><strong>status</strong></span> <span class='ocrx_word' id='word_1_252' title='bbox 2332 1714 2421 1769; x_wconf 87' lang='lat' dir='ltr'><strong>est</strong></span> <span class='ocrx_word' id='word_1_253' title='bbox 2443 1708 2758 1790; x_wconf 87' lang='lat' dir='ltr'><strong>particeps,</strong></span> <span class='ocrx_word' id='word_1_254' title='bbox 2786 1723 3034 1777; x_wconf 84' lang='lat' dir='ltr'><strong>eatenus</strong></span> <span class='ocrx_word' id='word_1_255' title='bbox 3078 1708 3370 1798; x_wconf 79' lang='lat' dir='ltr'><strong>est,atque</strong></span> <span class='ocrx_word' id='word_1_256' title='bbox 3406 1727 3594 1783; x_wconf 81' lang='lat' dir='ltr'><strong>status</strong></span> 
     </span>
    </p>
   </div>
   <div class='ocr_carea' id='block_1_35' title="bbox 219 1797 1870 1886">
    <p class='ocr_par' dir='ltr' id='par_1_35' title="bbox 219 1800 1870 1886">
     <span class='ocr_line' id='line_1_35' title="bbox 219 1800 1870 1886; baseline -0.005 -21"><span class='ocrx_word' id='word_1_257' title='bbox 219 1810 288 1873; x_wconf 84' lang='grc' dir='ltr'><strong>ὡς</strong></span> <span class='ocrx_word' id='word_1_258' title='bbox 366 1807 578 1886; x_wconf 79' lang='grc' dir='ltr'>ἀγαθῶν</span> <span class='ocrx_word' id='word_1_259' title='bbox 623 1806 900 1884; x_wconf 67' lang='grc' dir='ltr'>ἐξῄρηται,</span> <span class='ocrx_word' id='word_1_260' title='bbox 959 1806 1237 1886; x_wconf 71' lang='grc' dir='ltr'>Μάχεσθαι</span> <span class='ocrx_word' id='word_1_261' title='bbox 1311 1804 1408 1881; x_wconf 73' lang='grc' dir='ltr'>γὰρ</span> <span class='ocrx_word' id='word_1_262' title='bbox 1480 1800 1736 1873; x_wconf 76' lang='grc' dir='ltr'><strong>ἀλλήλοις</strong></span> <span class='ocrx_word' id='word_1_263' title='bbox 1808 1802 1870 1857; x_wconf 81' lang='grc' dir='ltr'>τὰ</span> 
     </span>
    </p>
   </div>
   <div class='ocr_carea' id='block_1_36' title="bbox 1956 1797 3594 1886">
    <p class='ocr_par' dir='ltr' id='par_1_36' title="bbox 1961 1797 3594 1878">
     <span class='ocr_line' id='line_1_36' title="bbox 1961 1797 3594 1878; baseline 0.009 -19"><span class='ocrx_word' id='word_1_264' title='bbox 1961 1797 2092 1878; x_wconf 84' lang='lat' dir='ltr'><strong>ejus</strong></span> <span class='ocrx_word' id='word_1_265' title='bbox 2121 1803 2424 1878; x_wconf 87' lang='lat' dir='ltr'><strong>statusque</strong></span> <span class='ocrx_word' id='word_1_266' title='bbox 2465 1800 2715 1878; x_wconf 81' lang='lat' dir='ltr'><strong>privatio</strong></span> <span class='ocrx_word' id='word_1_267' title='bbox 2764 1810 2824 1863; x_wconf 87' lang='lat' dir='ltr'><strong>et</strong></span> <span class='ocrx_word' id='word_1_268' title='bbox 2861 1802 3163 1868; x_wconf 89' lang='lat' dir='ltr'><strong>obtinetur</strong></span> <span class='ocrx_word' id='word_1_269' title='bbox 3187 1817 3244 1870; x_wconf 92' lang='lat' dir='ltr'><strong>et</strong></span> <span class='ocrx_word' id='word_1_270' title='bbox 3273 1797 3594 1873; x_wconf 83' lang='lat' dir='ltr'><strong>conserva-</strong></span> 
     </span>
    </p>
   </div>
   <div class='ocr_carea' id='block_1_37' title="bbox 218 1886 1870 1977">
    <p class='ocr_par' dir='ltr' id='par_1_37' title="bbox 218 1889 1870 1970">
     <span class='ocr_line' id='line_1_37' title="bbox 218 1889 1870 1970; baseline -0.004 -16"><span class='ocrx_word' id='word_1_271' title='bbox 218 1899 350 1957; x_wconf 69' lang='grc' dir='ltr'>αὐτὰ</span> <span class='ocrx_word' id='word_1_272' title='bbox 405 1897 541 1954; x_wconf 77' lang='grc' dir='ltr'>κατὰ</span> <span class='ocrx_word' id='word_1_273' title='bbox 595 1897 662 1957; x_wconf 72' lang='grc' dir='ltr'><strong>τὰ</strong></span> <span class='ocrx_word' id='word_1_274' title='bbox 720 1896 848 1952; x_wconf 71' lang='grc' dir='ltr'>αὔτα</span> <span class='ocrx_word' id='word_1_275' title='bbox 900 1895 954 1951; x_wconf 83' lang='grc' dir='ltr'><strong>ἐν</strong></span> <span class='ocrx_word' id='word_1_276' title='bbox 997 1901 1155 1952; x_wconf 84' lang='grc' dir='ltr'>πᾶσιν</span> <span class='ocrx_word' id='word_1_277' title='bbox 1215 1891 1489 1951; x_wconf 74' lang='grc' dir='ltr'>ἀδύνατον.</span> <span class='ocrx_word' id='word_1_278' title='bbox 1542 1890 1649 1949; x_wconf 72' lang='grc' dir='ltr'><strong>Οὔκ</strong></span> <span class='ocrx_word' id='word_1_279' title='bbox 1688 1889 1786 1970; x_wconf 68' lang='grc' dir='ltr'>ἄρα</span> <span class='ocrx_word' id='word_1_280' title='bbox 1817 1892 1870 1947; x_wconf 84' lang='grc' dir='ltr'><strong>ὃν</strong></span> 
     </span>
    </p>
   </div>
   <div class='ocr_carea' id='block_1_38' title="bbox 1956 1886 3627 1977">
    <p class='ocr_par' dir='ltr' id='par_1_38' title="bbox 1959 1886 3627 1977">
     <span class='ocr_line' id='line_1_38' title="bbox 1959 1886 3627 1977; baseline 0.008 -28"><span class='ocrx_word' id='word_1_281' title='bbox 1959 1886 2301 1950; x_wconf 66' lang='lat' dir='ltr'><strong>tantulum</strong></span> <span class='ocrx_word' id='word_1_282' title='bbox 2317 1886 2492 1949; x_wconf 76' lang='lat' dir='ltr'><strong>etiam</strong></span> <span class='ocrx_word' id='word_1_283' title='bbox 2514 1889 2669 1969; x_wconf 90' lang='lat' dir='ltr'><strong>quod</strong></span> <span class='ocrx_word' id='word_1_284' title='bbox 2689 1892 2932 1956; x_wconf 86' lang='lat' dir='ltr'><strong>omniex</strong></span> <span class='ocrx_word' id='word_1_285' title='bbox 2955 1896 3329 1976; x_wconf 88' lang='lat' dir='ltr'><strong>parteabouo</strong></span> <span class='ocrx_word' id='word_1_286' title='bbox 3347 1897 3591 1977; x_wconf 82' lang='lat' dir='ltr'><strong>defecit,</strong></span> <span class='ocrx_word' id='word_1_287' title='bbox 3623 1890 3627 1899; x_wconf 78' lang='grc'><strong>’</strong></span> 
     </span>
    </p>
   </div>
   <div class='ocr_carea' id='block_1_39' title="bbox 218 1978 1870 2067">
    <p class='ocr_par' dir='ltr' id='par_1_39' title="bbox 218 1986 1825 2052">
     <span class='ocr_line' id='line_1_39' title="bbox 218 1986 1825 2052; baseline -0.002 -8"><span class='ocrx_word' id='word_1_288' title='bbox 218 1990 277 2052; x_wconf 83' lang='grc' dir='ltr'><strong>τὸ</strong></span> <span class='ocrx_word' id='word_1_289' title='bbox 332 1986 527 2043; x_wconf 67' lang='grc' dir='ltr'>κακόν.</span> <span class='ocrx_word' id='word_1_290' title='bbox 1819 2035 1825 2041; x_wconf 91' lang='grc'>,</span> 
     </span>
    </p>
   </div>
   <div class='ocr_carea' id='block_1_40' title="bbox 1956 1978 3594 2067">
    <p class='ocr_par' dir='ltr' id='par_1_40' title="bbox 1960 1978 3594 2067">
     <span class='ocr_line' id='line_1_40' title="bbox 1960 1978 3594 2067; baseline 0.009 -29"><span class='ocrx_word' id='word_1_291' title='bbox 1960 1996 2159 2054; x_wconf 88' lang='lat' dir='ltr'><strong>neque</strong></span> <span class='ocrx_word' id='word_1_292' title='bbox 2181 1978 2338 2038; x_wconf 89' lang='lat' dir='ltr'><strong>inter</strong></span> <span class='ocrx_word' id='word_1_293' title='bbox 2350 1995 2419 2039; x_wconf 88' lang='lat' dir='ltr'><strong>ea</strong></span> <span class='ocrx_word' id='word_1_294' title='bbox 2431 1997 2565 2059; x_wconf 63' lang='lat' dir='ltr'><strong>quae</strong></span> <span class='ocrx_word' id='word_1_295' title='bbox 2581 1980 2766 2059; x_wconf 86' lang='lat' dir='ltr'><strong>magis</strong></span> <span class='ocrx_word' id='word_1_296' title='bbox 2780 2001 2976 2065; x_wconf 88' lang='lat' dir='ltr'><strong>neque</strong></span> <span class='ocrx_word' id='word_1_297' title='bbox 2996 1985 3155 2048; x_wconf 89' lang='lat' dir='ltr'><strong>inter</strong></span> <span class='ocrx_word' id='word_1_298' title='bbox 3169 2005 3384 2067; x_wconf 68' lang='lat' dir='ltr'><strong>eaquaa</strong></span> <span class='ocrx_word' id='word_1_299' title='bbox 3400 1989 3594 2052; x_wconf 89' lang='lat' dir='ltr'><strong>minus</strong></span> 
     </span>
    </p>
   </div>
   <div class='ocr_carea' id='block_1_41' title="bbox 218 2068 3599 2159">
    <p class='ocr_par' dir='ltr' id='par_1_41' title="bbox 218 2068 3599 2159">
     <span class='ocr_line' id='line_1_41' title="bbox 218 2068 3599 2159; baseline 0.001 -22"><span class='ocrx_word' id='word_1_300' title='bbox 218 2074 381 2139; x_wconf 84' lang='lat' dir='ltr'><strong>bona</strong></span> <span class='ocrx_word' id='word_1_301' title='bbox 405 2081 564 2155; x_wconf 83' lang='lat' dir='ltr'><strong>sunt,</strong></span> <span class='ocrx_word' id='word_1_302' title='bbox 595 2072 733 2136; x_wconf 88' lang='lat' dir='ltr'><strong>erit.</strong></span> <span class='ocrx_word' id='word_1_303' title='bbox 762 2072 928 2147; x_wconf 83' lang='lat' dir='ltr'><strong>Quod</strong></span> <span class='ocrx_word' id='word_1_304' title='bbox 954 2082 1150 2135; x_wconf 88' lang='lat' dir='ltr'><strong>autem</strong></span> <span class='ocrx_word' id='word_1_305' title='bbox 1180 2071 1389 2153; x_wconf 87' lang='lat' dir='ltr'><strong>partim</strong></span> <span class='ocrx_word' id='word_1_306' title='bbox 1410 2069 1650 2153; x_wconf 83' lang='lat' dir='ltr'><strong>quidem</strong></span> <span class='ocrx_word' id='word_1_307' title='bbox 1681 2069 1925 2139; x_wconf 88' lang='lat' dir='ltr'><strong>bonum,</strong></span> <span class='ocrx_word' id='word_1_308' title='bbox 1956 2069 2169 2159; x_wconf 82' lang='lat' dir='ltr'><strong>partim</strong></span> <span class='ocrx_word' id='word_1_309' title='bbox 2196 2085 2334 2159; x_wconf 77' lang='lat' dir='ltr'><strong>vero</strong></span> <span class='ocrx_word' id='word_1_310' title='bbox 2364 2086 2478 2129; x_wconf 91' lang='lat' dir='ltr'><strong>non</strong></span> <span class='ocrx_word' id='word_1_311' title='bbox 2505 2068 2725 2132; x_wconf 90' lang='lat' dir='ltr'><strong>bonum</strong></span> <span class='ocrx_word' id='word_1_312' title='bbox 2749 2080 2858 2145; x_wconf 81' lang='lat' dir='ltr'><strong>est,</strong></span> <span class='ocrx_word' id='word_1_313' title='bbox 2886 2073 2945 2135; x_wconf 88' lang='lat' dir='ltr'><strong>id</strong></span> <span class='ocrx_word' id='word_1_314' title='bbox 2986 2074 3159 2137; x_wconf 86' lang='lat' dir='ltr'><strong>alicui</strong></span> <span class='ocrx_word' id='word_1_315' title='bbox 3181 2076 3421 2159; x_wconf 90' lang='lat' dir='ltr'><strong>quidem</strong></span> <span class='ocrx_word' id='word_1_316' title='bbox 3442 2078 3599 2143; x_wconf 89' lang='lat' dir='ltr'><strong>bono</strong></span> 
     </span>
    </p>
   </div>
   <div class='ocr_carea' id='block_1_42' title="bbox 212 2155 3603 2242">
    <p class='ocr_par' dir='ltr' id='par_1_42' title="bbox 212 2155 3603 2242">
     <span class='ocr_line' id='line_1_42' title="bbox 212 2155 3603 2242; baseline 0.001 -15"><span class='ocrx_word' id='word_1_317' title='bbox 212 2165 585 2238; x_wconf 81' lang='lat' dir='ltr'><strong>adversatur,</strong></span> <span class='ocrx_word' id='word_1_318' title='bbox 622 2183 738 2225; x_wconf 91' lang='lat' dir='ltr'><strong>non</strong></span> <span class='ocrx_word' id='word_1_319' title='bbox 773 2172 969 2226; x_wconf 88' lang='lat' dir='ltr'><strong>tamen</strong></span> <span class='ocrx_word' id='word_1_320' title='bbox 1004 2164 1111 2225; x_wconf 88' lang='lat' dir='ltr'><strong>toti</strong></span> <span class='ocrx_word' id='word_1_321' title='bbox 1144 2163 1324 2242; x_wconf 82' lang='lat' dir='ltr'><strong>bono,</strong></span> <span class='ocrx_word' id='word_1_322' title='bbox 1356 2161 1624 2241; x_wconf 85' lang='lat' dir='ltr'><strong>adeoque</strong></span> <span class='ocrx_word' id='word_1_323' title='bbox 1658 2167 1896 2222; x_wconf 89' lang='lat' dir='ltr'><strong>tenetur</strong></span> <span class='ocrx_word' id='word_1_324' title='bbox 1924 2158 2126 2239; x_wconf 91' lang='lat' dir='ltr'><strong>aliqua</strong></span> <span class='ocrx_word' id='word_1_325' title='bbox 2156 2155 2297 2218; x_wconf 91' lang='lat' dir='ltr'><strong>boni</strong></span> <span class='ocrx_word' id='word_1_326' title='bbox 2328 2160 2792 2239; x_wconf 87' lang='lat' dir='ltr'><strong>communione;</strong></span> <span class='ocrx_word' id='word_1_327' title='bbox 2826 2171 3007 2242; x_wconf 87' lang='lat' dir='ltr'><strong>atque</strong></span> <span class='ocrx_word' id='word_1_328' title='bbox 3034 2165 3148 2228; x_wconf 85' lang='lat' dir='ltr'><strong>hoc</strong></span> <span class='ocrx_word' id='word_1_329' title='bbox 3178 2155 3355 2228; x_wconf 81' lang='lat' dir='ltr'><strong>modo</strong></span> <span class='ocrx_word' id='word_1_330' title='bbox 3378 2167 3603 2230; x_wconf 88' lang='lat' dir='ltr'><strong>bonum</strong></span> 
     </span>
    </p>
   </div>
   <div class='ocr_carea' id='block_1_43' title="bbox 218 2247 3604 2333">
    <p class='ocr_par' dir='ltr' id='par_1_43' title="bbox 218 2247 3604 2333">
     <span class='ocr_line' id='line_1_43' title="bbox 218 2247 3604 2333; baseline 0.001 -17"><span class='ocrx_word' id='word_1_331' title='bbox 218 2255 310 2316; x_wconf 79' lang='lat' dir='ltr'><strong>sui</strong></span> <span class='ocrx_word' id='word_1_332' title='bbox 374 2252 553 2316; x_wconf 87' lang='lat' dir='ltr'><strong>etiam</strong></span> <span class='ocrx_word' id='word_1_333' title='bbox 595 2252 905 2333; x_wconf 77' lang='lat' dir='ltr'><strong>privationi</strong></span> <span class='ocrx_word' id='word_1_334' title='bbox 943 2260 1160 2316; x_wconf 88' lang='lat' dir='ltr'><strong>statum</strong></span> <span class='ocrx_word' id='word_1_335' title='bbox 1219 2250 1466 2313; x_wconf 88' lang='lat' dir='ltr'><strong>omnino</strong></span> <span class='ocrx_word' id='word_1_336' title='bbox 1513 2251 1612 2312; x_wconf 89' lang='lat' dir='ltr'><strong>dat</strong></span> <span class='ocrx_word' id='word_1_337' title='bbox 1663 2267 1772 2329; x_wconf 88' lang='lat' dir='ltr'><strong>per</strong></span> <span class='ocrx_word' id='word_1_338' title='bbox 1799 2248 1894 2311; x_wconf 88' lang='lat' dir='ltr'><strong>sui</strong></span> <span class='ocrx_word' id='word_1_339' title='bbox 1951 2247 2601 2330; x_wconf 84' lang='lat' dir='ltr'><strong>communicationem;</strong></span> <span class='ocrx_word' id='word_1_340' title='bbox 2654 2268 2789 2311; x_wconf 91' lang='lat' dir='ltr'><strong>nam</strong></span> <span class='ocrx_word' id='word_1_341' title='bbox 2843 2252 2998 2314; x_wconf 86' lang='lat' dir='ltr'><strong>bono</strong></span> <span class='ocrx_word' id='word_1_342' title='bbox 3032 2255 3268 2333; x_wconf 89' lang='lat' dir='ltr'><strong>penitus</strong></span> <span class='ocrx_word' id='word_1_343' title='bbox 3316 2255 3604 2318; x_wconf 84' lang='lat' dir='ltr'><strong>extermi-</strong></span> 
     </span>
    </p>
   </div>
   <div class='ocr_carea' id='block_1_44' title="bbox 217 2338 3609 2424">
    <p class='ocr_par' dir='ltr' id='par_1_44' title="bbox 217 2338 3609 2424">
     <span class='ocr_line' id='line_1_44' title="bbox 217 2338 3609 2424; baseline 0.001 -19"><span class='ocrx_word' id='word_1_344' title='bbox 217 2354 378 2424; x_wconf 84' lang='lat' dir='ltr'><strong>nato,</strong></span> <span class='ocrx_word' id='word_1_345' title='bbox 418 2360 616 2423; x_wconf 89' lang='lat' dir='ltr'><strong>neque</strong></span> <span class='ocrx_word' id='word_1_346' title='bbox 654 2343 899 2404; x_wconf 79' lang='lat' dir='ltr'><strong>omnino</strong></span> <span class='ocrx_word' id='word_1_347' title='bbox 935 2344 1260 2423; x_wconf 86' lang='lat' dir='ltr'><strong>quidquam</strong></span> <span class='ocrx_word' id='word_1_348' title='bbox 1294 2339 1514 2401; x_wconf 89' lang='lat' dir='ltr'><strong>bonum</strong></span> <span class='ocrx_word' id='word_1_349' title='bbox 1547 2340 1682 2420; x_wconf 83' lang='lat' dir='ltr'><strong>erit,</strong></span> <span class='ocrx_word' id='word_1_350' title='bbox 1718 2357 1915 2419; x_wconf 90' lang='lat' dir='ltr'><strong>neque</strong></span> <span class='ocrx_word' id='word_1_351' title='bbox 1965 2338 2230 2411; x_wconf 89' lang='lat' dir='ltr'><strong>mistum,</strong></span> <span class='ocrx_word' id='word_1_352' title='bbox 2263 2356 2461 2415; x_wconf 87' lang='lat' dir='ltr'><strong>neque</strong></span> <span class='ocrx_word' id='word_1_353' title='bbox 2493 2338 2686 2417; x_wconf 89' lang='lat' dir='ltr'><strong>ipsum</strong></span> <span class='ocrx_word' id='word_1_354' title='bbox 2724 2341 2966 2405; x_wconf 88' lang='lat' dir='ltr'><strong>malum.</strong></span> <span class='ocrx_word' id='word_1_355' title='bbox 3000 2341 3065 2405; x_wconf 90' lang='lat' dir='ltr'><strong>Si</strong></span> <span class='ocrx_word' id='word_1_356' title='bbox 3093 2345 3251 2406; x_wconf 88' lang='lat' dir='ltr'><strong>enim</strong></span> <span class='ocrx_word' id='word_1_357' title='bbox 3285 2345 3503 2407; x_wconf 91' lang='lat' dir='ltr'><strong>malum</strong></span> <span class='ocrx_word' id='word_1_358' title='bbox 3530 2344 3609 2408; x_wconf 87' lang='lat' dir='ltr'><strong>sit</strong></span> 
     </span>
    </p>
   </div>
   <div class='ocr_carea' id='block_1_45' title="bbox 216 2426 3606 2516">
    <p class='ocr_par' dir='ltr' id='par_1_45' title="bbox 216 2426 3606 2516">
     <span class='ocr_line' id='line_1_45' title="bbox 216 2426 3606 2516; baseline 0 -21"><span class='ocrx_word' id='word_1_359' title='bbox 216 2433 522 2516; x_wconf 86' lang='lat' dir='ltr'><strong>quoddam</strong></span> <span class='ocrx_word' id='word_1_360' title='bbox 556 2434 780 2493; x_wconf 85' lang='lat' dir='ltr'><strong>bonum</strong></span> <span class='ocrx_word' id='word_1_361' title='bbox 834 2433 1275 2512; x_wconf 77' lang='lat' dir='ltr'><strong>imperfectum,</strong></span> <span class='ocrx_word' id='word_1_362' title='bbox 1314 2439 1554 2512; x_wconf 84' lang='lat' dir='ltr'><strong>propter</strong></span> <span class='ocrx_word' id='word_1_363' title='bbox 1599 2428 2003 2490; x_wconf 87' lang='lat' dir='ltr'><strong>omnimodam</strong></span> <span class='ocrx_word' id='word_1_364' title='bbox 2052 2429 2189 2487; x_wconf 72' lang='lat'><strong>567</strong></span> <span class='ocrx_word' id='word_1_365' title='bbox 2249 2426 2392 2488; x_wconf 86' lang='lat' dir='ltr'><strong>boni</strong></span> <span class='ocrx_word' id='word_1_366' title='bbox 2445 2427 2774 2491; x_wconf 84' lang='lat' dir='ltr'><strong>absentiam</strong></span> <span class='ocrx_word' id='word_1_367' title='bbox 2811 2442 2926 2492; x_wconf 83' lang='lat' dir='ltr'><strong>tam</strong></span> <span class='ocrx_word' id='word_1_368' title='bbox 2984 2431 3396 2513; x_wconf 80' lang='lat' dir='ltr'><strong>imperfectum</strong></span> <span class='ocrx_word' id='word_1_369' title='bbox 3429 2453 3606 2516; x_wconf 88' lang='lat' dir='ltr'><strong>quam</strong></span> 
     </span>
    </p>
   </div>
   <div class='ocr_carea' id='block_1_46' title="bbox 219 2517 3602 2606">
    <p class='ocr_par' dir='ltr' id='par_1_46' title="bbox 219 2517 3602 2606">
     <span class='ocr_line' id='line_1_46' title="bbox 219 2517 3602 2606; baseline 0 -20"><span class='ocrx_word' id='word_1_370' title='bbox 219 2524 556 2606; x_wconf 82' lang='lat' dir='ltr'><strong>perfectum</strong></span> <span class='ocrx_word' id='word_1_371' title='bbox 602 2521 821 2583; x_wconf 90' lang='lat' dir='ltr'><strong>bonum</strong></span> <span class='ocrx_word' id='word_1_372' title='bbox 854 2520 1047 2584; x_wconf 90' lang='lat' dir='ltr'><strong>aberit</strong></span> <span class='ocrx_word' id='word_1_373' title='bbox 1082 2543 1098 2604; x_wconf 88' lang='lat'><strong>;</strong></span> <span class='ocrx_word' id='word_1_374' title='bbox 1131 2531 1373 2601; x_wconf 87' lang='lat' dir='ltr'><strong>tumque</strong></span> <span class='ocrx_word' id='word_1_375' title='bbox 1403 2521 1594 2581; x_wconf 82' lang='lat' dir='ltr'><strong>solum</strong></span> <span class='ocrx_word' id='word_1_376' title='bbox 1629 2524 1742 2579; x_wconf 88' lang='lat' dir='ltr'><strong>erit</strong></span> <span class='ocrx_word' id='word_1_377' title='bbox 1794 2526 1852 2579; x_wconf 90' lang='lat' dir='ltr'><strong>et</strong></span> <span class='ocrx_word' id='word_1_378' title='bbox 1880 2517 2188 2599; x_wconf 89' lang='lat' dir='ltr'><strong>apparebit</strong></span> <span class='ocrx_word' id='word_1_379' title='bbox 2244 2517 2490 2598; x_wconf 86' lang='lat' dir='ltr'><strong>malum,</strong></span> <span class='ocrx_word' id='word_1_380' title='bbox 2522 2518 2757 2599; x_wconf 89' lang='lat' dir='ltr'><strong>quando</strong></span> <span class='ocrx_word' id='word_1_381' title='bbox 2799 2519 2929 2581; x_wconf 82' lang='lat' dir='ltr'><strong>aliis</strong></span> <span class='ocrx_word' id='word_1_382' title='bbox 2958 2522 3199 2603; x_wconf 89' lang='lat' dir='ltr'><strong>quidem</strong></span> <span class='ocrx_word' id='word_1_383' title='bbox 3233 2523 3453 2585; x_wconf 86' lang='lat' dir='ltr'><strong>malum</strong></span> <span class='ocrx_word' id='word_1_384' title='bbox 3486 2531 3602 2598; x_wconf 83' lang='lat' dir='ltr'><strong>est,</strong></span> 
     </span>
    </p>
   </div>
   <div class='ocr_carea' id='block_1_47' title="bbox 218 2607 3603 2691">
    <p class='ocr_par' dir='ltr' id='par_1_47' title="bbox 218 2607 3603 2691">
     <span class='ocr_line' id='line_1_47' title="bbox 218 2607 3603 2691; baseline 0.001 -17"><span class='ocrx_word' id='word_1_385' title='bbox 218 2613 443 2691; x_wconf 88' lang='lat' dir='ltr'><strong>quibus</strong></span> <span class='ocrx_word' id='word_1_386' title='bbox 490 2621 583 2674; x_wconf 85' lang='lat' dir='ltr'><strong>est</strong></span> <span class='ocrx_word' id='word_1_387' title='bbox 610 2618 1001 2689; x_wconf 86' lang='lat' dir='ltr'><strong>contrarium,</strong></span> <span class='ocrx_word' id='word_1_388' title='bbox 1036 2612 1111 2673; x_wconf 84' lang='lat' dir='ltr'><strong>ab</strong></span> <span class='ocrx_word' id='word_1_389' title='bbox 1163 2609 1298 2672; x_wconf 89' lang='lat' dir='ltr'><strong>aliis</strong></span> <span class='ocrx_word' id='word_1_390' title='bbox 1325 2620 1524 2672; x_wconf 89' lang='lat' dir='ltr'><strong>autem</strong></span> <span class='ocrx_word' id='word_1_391' title='bbox 1580 2617 1860 2690; x_wconf 67' lang='lat' dir='ltr'><strong>tanquam</strong></span> <span class='ocrx_word' id='word_1_392' title='bbox 1891 2607 2064 2670; x_wconf 87' lang='lat' dir='ltr'><strong>bonis</strong></span> <span class='ocrx_word' id='word_1_393' title='bbox 2120 2615 2489 2688; x_wconf 73' lang='lat' dir='ltr'><strong>segregatum</strong></span> <span class='ocrx_word' id='word_1_394' title='bbox 2524 2615 2635 2670; x_wconf 73' lang='lat' dir='ltr'><strong>est.</strong></span> <span class='ocrx_word' id='word_1_395' title='bbox 2674 2607 2992 2686; x_wconf 89' lang='lat' dir='ltr'><strong>Nequeunt</strong></span> <span class='ocrx_word' id='word_1_396' title='bbox 3038 2611 3200 2675; x_wconf 87' lang='lat' dir='ltr'><strong>enim</strong></span> <span class='ocrx_word' id='word_1_397' title='bbox 3235 2612 3446 2676; x_wconf 89' lang='lat' dir='ltr'><strong>eadem</strong></span> <span class='ocrx_word' id='word_1_398' title='bbox 3499 2630 3603 2676; x_wconf 85' lang='lat' dir='ltr'><strong>se-</strong></span> 
     </span>
    </p>
   </div>
   <div class='ocr_carea' id='block_1_48' title="bbox 218 2697 2972 2781">
    <p class='ocr_par' dir='ltr' id='par_1_48' title="bbox 218 2697 2972 2781">
     <span class='ocr_line' id='line_1_48' title="bbox 218 2697 2972 2781; baseline -0.001 -16"><span class='ocrx_word' id='word_1_399' title='bbox 218 2704 490 2767; x_wconf 84' lang='lat' dir='ltr'><strong>cundum</strong></span> <span class='ocrx_word' id='word_1_400' title='bbox 537 2703 748 2765; x_wconf 86' lang='lat' dir='ltr'><strong>eadem</strong></span> <span class='ocrx_word' id='word_1_401' title='bbox 781 2702 939 2764; x_wconf 89' lang='lat' dir='ltr'><strong>inter</strong></span> <span class='ocrx_word' id='word_1_402' title='bbox 981 2720 1047 2766; x_wconf 76' lang='lat' dir='ltr'><strong>se</strong></span> <span class='ocrx_word' id='word_1_403' title='bbox 1077 2702 1140 2768; x_wconf 91' lang='lat' dir='ltr'><strong>in</strong></span> <span class='ocrx_word' id='word_1_404' title='bbox 1187 2699 1464 2763; x_wconf 90' lang='lat' dir='ltr'><strong>omnibus</strong></span> <span class='ocrx_word' id='word_1_405' title='bbox 1493 2716 1854 2781; x_wconf 81' lang='lat' dir='ltr'><strong>repugnare.</strong></span> <span class='ocrx_word' id='word_1_406' title='bbox 1890 2697 2104 2762; x_wconf 87' lang='lat' dir='ltr'><strong>Malum</strong></span> <span class='ocrx_word' id='word_1_407' title='bbox 2136 2698 2334 2780; x_wconf 88' lang='lat' dir='ltr'><strong>itaque</strong></span> <span class='ocrx_word' id='word_1_408' title='bbox 2367 2717 2485 2760; x_wconf 89' lang='lat' dir='ltr'><strong>non</strong></span> <span class='ocrx_word' id='word_1_409' title='bbox 2519 2704 2608 2761; x_wconf 90' lang='lat' dir='ltr'><strong>est</strong></span> <span class='ocrx_word' id='word_1_410' title='bbox 2635 2716 2733 2762; x_wconf 90' lang='lat' dir='ltr'><strong>res</strong></span> <span class='ocrx_word' id='word_1_411' title='bbox 2753 2699 2972 2781; x_wconf 85' lang='lat' dir='ltr'><strong>aliqua.</strong></span> 
     </span>
    </p>
   </div>
   <div class='ocr_carea' id='block_1_49' title="bbox 1790 2859 2020 2942">
    <p class='ocr_par' dir='ltr' id='par_1_49' title="bbox 1790 2859 2020 2942">
     <span class='ocr_line' id='line_1_49' title="bbox 1790 2859 2020 2942; baseline 0.009 -20"><span class='ocrx_word' id='word_1_412' title='bbox 1790 2860 1821 2942; x_wconf 64' lang='grc' dir='ltr'>δ</span> <span class='ocrx_word' id='word_1_413' title='bbox 1860 2859 2020 2926; x_wconf 85' lang='lat' dir='ltr'><strong>XXI.</strong></span> 
     </span>
    </p>
   </div>
   <div class='ocr_carea' id='block_1_50' title="bbox 292 3020 1870 3103">
    <p class='ocr_par' dir='ltr' id='par_1_50' title="bbox 292 3023 1870 3103">
     <span class='ocr_line' id='line_1_50' title="bbox 292 3023 1870 3103; baseline -0.004 -17"><span class='ocrx_word' id='word_1_414' title='bbox 292 3026 473 3086; x_wconf 73' lang='grc' dir='ltr'><strong>Ἀλλὰ</strong></span> <span class='ocrx_word' id='word_1_415' title='bbox 532 3026 648 3086; x_wconf 70' lang='grc' dir='ltr'>οῦδὲ</span> <span class='ocrx_word' id='word_1_416' title='bbox 701 3026 756 3083; x_wconf 77' lang='grc' dir='ltr'>ἐν</span> <span class='ocrx_word' id='word_1_417' title='bbox 812 3039 932 3092; x_wconf 77' lang='grc' dir='ltr'>τοῖς</span> <span class='ocrx_word' id='word_1_418' title='bbox 991 3028 1132 3084; x_wconf 75' lang='grc' dir='ltr'>οὗσὶν</span> <span class='ocrx_word' id='word_1_419' title='bbox 1188 3026 1296 3083; x_wconf 79' lang='grc' dir='ltr'>ἐσνι</span> <span class='ocrx_word' id='word_1_420' title='bbox 1352 3028 1414 3083; x_wconf 81' lang='grc' dir='ltr'>τὸ</span> <span class='ocrx_word' id='word_1_421' title='bbox 1459 3026 1643 3084; x_wconf 79' lang='grc' dir='ltr'>κακὸν.</span> <span class='ocrx_word' id='word_1_422' title='bbox 1681 3024 1739 3081; x_wconf 75' lang='lat' dir='ltr'><strong>Ei</strong></span> <span class='ocrx_word' id='word_1_423' title='bbox 1778 3023 1870 3103; x_wconf 73' lang='grc' dir='ltr'>γὰρ</span> 
     </span>
    </p>
   </div>
   <div class='ocr_carea' id='block_1_51' title="bbox 1956 3020 3608 3103">
    <p class='ocr_par' dir='ltr' id='par_1_51' title="bbox 2040 3020 3608 3101">
     <span class='ocr_line' id='line_1_51' title="bbox 2040 3020 3608 3101; baseline 0.004 -18"><span class='ocrx_word' id='word_1_424' title='bbox 2040 3020 2193 3095; x_wconf 89' lang='lat' dir='ltr'><strong>Quin</strong></span> <span class='ocrx_word' id='word_1_425' title='bbox 2227 3040 2302 3084; x_wconf 90' lang='lat' dir='ltr'><strong>ne</strong></span> <span class='ocrx_word' id='word_1_426' title='bbox 2319 3021 2505 3085; x_wconf 90' lang='lat' dir='ltr'><strong>rebus</strong></span> <span class='ocrx_word' id='word_1_427' title='bbox 2530 3022 2773 3101; x_wconf 90' lang='lat' dir='ltr'><strong>quidem</strong></span> <span class='ocrx_word' id='word_1_428' title='bbox 2809 3025 2965 3087; x_wconf 89' lang='lat' dir='ltr'><strong>inest</strong></span> <span class='ocrx_word' id='word_1_429' title='bbox 2993 3025 3397 3089; x_wconf 88' lang='lat' dir='ltr'><strong>malum.Nam</strong></span> <span class='ocrx_word' id='word_1_430' title='bbox 3427 3027 3478 3090; x_wconf 87' lang='lat' dir='ltr'><strong>si</strong></span> <span class='ocrx_word' id='word_1_431' title='bbox 3507 3044 3608 3091; x_wconf 88' lang='lat' dir='ltr'><strong>res</strong></span> 
     </span>
    </p>
   </div>
   <div class='ocr_carea' id='block_1_52' title="bbox 210 3111 1870 3198">
    <p class='ocr_par' dir='ltr' id='par_1_52' title="bbox 210 3115 1870 3198">
     <span class='ocr_line' id='line_1_52' title="bbox 210 3115 1870 3198; baseline -0.004 -23"><span class='ocrx_word' id='word_1_432' title='bbox 210 3119 388 3176; x_wconf 79' lang='grc' dir='ltr'>πάντα</span> <span class='ocrx_word' id='word_1_433' title='bbox 420 3119 493 3174; x_wconf 79' lang='grc' dir='ltr'>τὰ</span> <span class='ocrx_word' id='word_1_434' title='bbox 524 3115 649 3175; x_wconf 78' lang='grc' dir='ltr'>ὅντα</span> <span class='ocrx_word' id='word_1_435' title='bbox 693 3121 755 3175; x_wconf 63' lang='grc' dir='ltr'>ὲκ</span> <span class='ocrx_word' id='word_1_436' title='bbox 806 3118 1057 3198; x_wconf 73' lang='grc' dir='ltr'>τάγαθοῦ,</span> <span class='ocrx_word' id='word_1_437' title='bbox 1121 3118 1208 3174; x_wconf 77' lang='grc' dir='ltr'>καὶ</span> <span class='ocrx_word' id='word_1_438' title='bbox 1267 3116 1321 3172; x_wconf 77' lang='grc' dir='ltr'><strong>ἐν</strong></span> <span class='ocrx_word' id='word_1_439' title='bbox 1379 3123 1508 3173; x_wconf 71' lang='grc' dir='ltr'><strong>πᾶσι</strong></span> <span class='ocrx_word' id='word_1_440' title='bbox 1566 3127 1686 3179; x_wconf 79' lang='grc' dir='ltr'>τοῖς</span> <span class='ocrx_word' id='word_1_441' title='bbox 1738 3116 1870 3194; x_wconf 66' lang='grc' dir='ltr'><strong>οὖσι1</strong></span> 
     </span>
    </p>
   </div>
   <div class='ocr_carea' id='block_1_53' title="bbox 1956 3111 3613 3198">
    <p class='ocr_par' dir='ltr' id='par_1_53' title="bbox 1965 3111 3613 3191">
     <span class='ocr_line' id='line_1_53' title="bbox 1965 3111 3613 3191; baseline 0.005 -19"><span class='ocrx_word' id='word_1_442' title='bbox 1965 3129 2203 3174; x_wconf 88' lang='lat' dir='ltr'><strong>omnem</strong></span> <span class='ocrx_word' id='word_1_443' title='bbox 2237 3111 2354 3172; x_wconf 90' lang='lat' dir='ltr'><strong>sint</strong></span> <span class='ocrx_word' id='word_1_444' title='bbox 2386 3130 2456 3174; x_wconf 88' lang='lat' dir='ltr'><strong>ex</strong></span> <span class='ocrx_word' id='word_1_445' title='bbox 2472 3111 3096 3188; x_wconf 83' lang='lat' dir='ltr'><strong>bono,omnibusinsit</strong></span> <span class='ocrx_word' id='word_1_446' title='bbox 3125 3114 3613 3191; x_wconf 85' lang='lat' dir='ltr'><strong>bonum,omnia—</strong></span> 
     </span>
    </p>
   </div>
   <div class='ocr_carea' id='block_1_54' title="bbox 208 3203 1870 3288">
    <p class='ocr_par' dir='ltr' id='par_1_54' title="bbox 208 3204 1870 3287">
     <span class='ocr_line' id='line_1_54' title="bbox 208 3204 1870 3287; baseline -0.004 -23"><span class='ocrx_word' id='word_1_447' title='bbox 208 3209 296 3264; x_wconf 80' lang='grc' dir='ltr'>καὶ</span> <span class='ocrx_word' id='word_1_448' title='bbox 350 3229 533 3265; x_wconf 84' lang='grc' dir='ltr'>παντα</span> <span class='ocrx_word' id='word_1_449' title='bbox 590 3207 832 3287; x_wconf 77' lang='grc' dir='ltr'><strong>περιέχει</strong></span> <span class='ocrx_word' id='word_1_450' title='bbox 888 3208 1144 3285; x_wconf 74' lang='grc' dir='ltr'>τάγαθὸν,</span> <span class='ocrx_word' id='word_1_451' title='bbox 1208 3205 1244 3274; x_wconf 77' lang='grc' dir='ltr'>ἣ</span> <span class='ocrx_word' id='word_1_452' title='bbox 1278 3206 1371 3263; x_wconf 61' lang='lat' dir='ltr'><strong>oin</strong></span> <span class='ocrx_word' id='word_1_453' title='bbox 1430 3204 1575 3261; x_wconf 79' lang='grc' dir='ltr'>ἔσται</span> <span class='ocrx_word' id='word_1_454' title='bbox 1618 3205 1680 3261; x_wconf 85' lang='grc' dir='ltr'><strong>τὸ</strong></span> <span class='ocrx_word' id='word_1_455' title='bbox 1713 3205 1870 3261; x_wconf 75' lang='grc' dir='ltr'>κακὸν</span> 
     </span>
    </p>
   </div>
   <div class='ocr_carea' id='block_1_55' title="bbox 1956 3203 3606 3288">
    <p class='ocr_par' dir='ltr' id='par_1_55' title="bbox 1962 3203 3606 3288">
     <span class='ocr_line' id='line_1_55' title="bbox 1962 3203 3606 3288; baseline 0.005 -27"><span class='ocrx_word' id='word_1_456' title='bbox 1962 3220 2078 3283; x_wconf 80' lang='lat' dir='ltr'><strong>qua</strong></span> <span class='ocrx_word' id='word_1_457' title='bbox 2109 3203 2665 3275; x_wconf 81' lang='lat' dir='ltr'><strong>contineat,malum</strong></span> <span class='ocrx_word' id='word_1_458' title='bbox 2691 3203 2893 3284; x_wconf 88' lang='lat' dir='ltr'><strong>utique</strong></span> <span class='ocrx_word' id='word_1_459' title='bbox 2921 3204 3013 3265; x_wconf 84' lang='lat' dir='ltr'><strong>vel</strong></span> <span class='ocrx_word' id='word_1_460' title='bbox 3039 3223 3153 3266; x_wconf 90' lang='lat' dir='ltr'><strong>non</strong></span> <span class='ocrx_word' id='word_1_461' title='bbox 3188 3205 3302 3266; x_wconf 87' lang='lat' dir='ltr'><strong>erit</strong></span> <span class='ocrx_word' id='word_1_462' title='bbox 3320 3205 3379 3266; x_wconf 92' lang='lat' dir='ltr'><strong>in</strong></span> <span class='ocrx_word' id='word_1_463' title='bbox 3403 3203 3606 3288; x_wconf 82' lang='lat' dir='ltr'><strong>rebus,</strong></span> 
     </span>
    </p>
   </div>
   <div class='ocr_carea' id='block_1_56' title="bbox 214 3293 1870 3379">
    <p class='ocr_par' dir='ltr' id='par_1_56' title="bbox 214 3293 1870 3376">
     <span class='ocr_line' id='line_1_56' title="bbox 214 3293 1870 3376; baseline -0.004 -22"><span class='ocrx_word' id='word_1_464' title='bbox 214 3296 268 3354; x_wconf 81' lang='grc' dir='ltr'>ἐν</span> <span class='ocrx_word' id='word_1_465' title='bbox 312 3311 436 3363; x_wconf 73' lang='grc' dir='ltr'>τοῖς</span> <span class='ocrx_word' id='word_1_466' title='bbox 476 3295 646 3376; x_wconf 66' lang='grc' dir='ltr'>όῦσιν,</span> <span class='ocrx_word' id='word_1_467' title='bbox 678 3297 715 3364; x_wconf 75' lang='grc' dir='ltr'>ἣ</span> <span class='ocrx_word' id='word_1_468' title='bbox 747 3297 801 3353; x_wconf 84' lang='grc' dir='ltr'>ἐν</span> <span class='ocrx_word' id='word_1_469' title='bbox 828 3296 1043 3372; x_wconf 84' lang='grc' dir='ltr'>τάγαθῷ</span> <span class='ocrx_word' id='word_1_470' title='bbox 1073 3295 1250 3353; x_wconf 83' lang='grc' dir='ltr'>ἓσται·</span> <span class='ocrx_word' id='word_1_471' title='bbox 1299 3296 1389 3351; x_wconf 82' lang='grc' dir='ltr'>καὶ</span> <span class='ocrx_word' id='word_1_472' title='bbox 1439 3296 1544 3369; x_wconf 81' lang='grc' dir='ltr'><strong>μὴν</strong></span> <span class='ocrx_word' id='word_1_473' title='bbox 1576 3293 1630 3349; x_wconf 82' lang='grc' dir='ltr'><strong>ἐν</strong></span> <span class='ocrx_word' id='word_1_474' title='bbox 1660 3294 1870 3371; x_wconf 72' lang='grc' dir='ltr'>τάγαθῷ</span> 
     </span>
    </p>
   </div>
   <div class='ocr_carea' id='block_1_57' title="bbox 1956 3293 3613 3379">
    <p class='ocr_par' dir='ltr' id='par_1_57' title="bbox 1962 3293 3613 3379">
     <span class='ocr_line' id='line_1_57' title="bbox 1962 3293 3613 3379; baseline 0.005 -25"><span class='ocrx_word' id='word_1_475' title='bbox 1962 3295 2053 3355; x_wconf 85' lang='lat' dir='ltr'><strong>vel</strong></span> <span class='ocrx_word' id='word_1_476' title='bbox 2088 3294 2150 3355; x_wconf 89' lang='lat' dir='ltr'><strong>in</strong></span> <span class='ocrx_word' id='word_1_477' title='bbox 2182 3293 2340 3355; x_wconf 93' lang='lat' dir='ltr'><strong>bono</strong></span> <span class='ocrx_word' id='word_1_478' title='bbox 2368 3294 2504 3375; x_wconf 89' lang='lat' dir='ltr'><strong>erit;</strong></span> <span class='ocrx_word' id='word_1_479' title='bbox 2537 3294 2698 3376; x_wconf 90' lang='lat' dir='ltr'><strong>atqui</strong></span> <span class='ocrx_word' id='word_1_480' title='bbox 2742 3295 2804 3357; x_wconf 90' lang='lat' dir='ltr'><strong>in</strong></span> <span class='ocrx_word' id='word_1_481' title='bbox 2854 3295 3009 3357; x_wconf 91' lang='lat' dir='ltr'><strong>bono</strong></span> <span class='ocrx_word' id='word_1_482' title='bbox 3060 3315 3177 3358; x_wconf 88' lang='lat' dir='ltr'><strong>non</strong></span> <span class='ocrx_word' id='word_1_483' title='bbox 3226 3296 3343 3359; x_wconf 85' lang='lat' dir='ltr'><strong>erit</strong></span> <span class='ocrx_word' id='word_1_484' title='bbox 3387 3306 3613 3379; x_wconf 87' lang='lat' dir='ltr'><strong>(neque</strong></span> 
     </span>
    </p>
   </div>
   <div class='ocr_carea' id='block_1_58' title="bbox 211 3380 1870 3465">
    <p class='ocr_par' dir='ltr' id='par_1_58' title="bbox 211 3380 1870 3464">
     <span class='ocr_line' id='line_1_58' title="bbox 211 3380 1870 3464; baseline -0.004 -21"><span class='ocrx_word' id='word_1_485' title='bbox 211 3387 307 3443; x_wconf 72' lang='grc' dir='ltr'>οὒκ</span> <span class='ocrx_word' id='word_1_486' title='bbox 368 3385 521 3443; x_wconf 77' lang='grc' dir='ltr'>ἔσται</span> <span class='ocrx_word' id='word_1_487' title='bbox 582 3388 682 3464; x_wconf 80' lang='grc' dir='ltr'>γὰρ</span> <span class='ocrx_word' id='word_1_488' title='bbox 754 3382 871 3445; x_wconf 74' lang='grc' dir='ltr'>οὐδὲ</span> <span class='ocrx_word' id='word_1_489' title='bbox 945 3384 999 3441; x_wconf 82' lang='grc' dir='ltr'>ἐν</span> <span class='ocrx_word' id='word_1_490' title='bbox 1081 3385 1201 3461; x_wconf 77' lang='grc' dir='ltr'>πυρὶ</span> <span class='ocrx_word' id='word_1_491' title='bbox 1279 3385 1341 3440; x_wconf 82' lang='grc' dir='ltr'>τὸ</span> <span class='ocrx_word' id='word_1_492' title='bbox 1411 3382 1666 3462; x_wconf 57' lang='grc' dir='ltr'><strong>ψυχρόν)</strong></span> <span class='ocrx_word' id='word_1_493' title='bbox 1751 3380 1870 3437; x_wconf 68' lang='grc' dir='ltr'><strong>οὒδὲ</strong></span> 
     </span>
    </p>
   </div>
   <div class='ocr_carea' id='block_1_59' title="bbox 1956 3380 3601 3465">
    <p class='ocr_par' dir='ltr' id='par_1_59' title="bbox 1960 3383 3601 3465">
     <span class='ocr_line' id='line_1_59' title="bbox 1960 3383 3601 3465; baseline 0.003 -20"><span class='ocrx_word' id='word_1_494' title='bbox 1960 3384 2118 3446; x_wconf 90' lang='lat' dir='ltr'><strong>enim</strong></span> <span class='ocrx_word' id='word_1_495' title='bbox 2154 3384 2211 3444; x_wconf 91' lang='lat' dir='ltr'><strong>in</strong></span> <span class='ocrx_word' id='word_1_496' title='bbox 2244 3384 2378 3462; x_wconf 82' lang='lat' dir='ltr'><strong>igne</strong></span> <span class='ocrx_word' id='word_1_497' title='bbox 2412 3383 2594 3463; x_wconf 81' lang='lat' dir='ltr'><strong>frigus</strong></span> <span class='ocrx_word' id='word_1_498' title='bbox 2625 3386 2765 3465; x_wconf 84' lang='lat' dir='ltr'><strong>est),</strong></span> <span class='ocrx_word' id='word_1_499' title='bbox 2800 3403 2910 3447; x_wconf 87' lang='lat' dir='ltr'><strong>nec</strong></span> <span class='ocrx_word' id='word_1_500' title='bbox 2941 3384 3249 3464; x_wconf 86' lang='lat' dir='ltr'><strong>depravari</strong></span> <span class='ocrx_word' id='word_1_501' title='bbox 3294 3385 3510 3464; x_wconf 88' lang='lat' dir='ltr'><strong>poterit</strong></span> <span class='ocrx_word' id='word_1_502' title='bbox 3538 3386 3601 3450; x_wconf 90' lang='lat' dir='ltr'><strong>id</strong></span> 
     </span>
    </p>
   </div>
   <div class='ocr_carea' id='block_1_60' title="bbox 209 3467 1869 3550">
    <p class='ocr_par' dir='ltr' id='par_1_60' title="bbox 209 3467 1869 3550">
     <span class='ocr_line' id='line_1_60' title="bbox 209 3467 1869 3550; baseline -0.005 -17"><span class='ocrx_word' id='word_1_503' title='bbox 209 3477 270 3533; x_wconf 76' lang='grc' dir='ltr'>τὸ</span> <span class='ocrx_word' id='word_1_504' title='bbox 327 3477 652 3533; x_wconf 82' lang='grc' dir='ltr'>κακύνεσθαι</span> <span class='ocrx_word' id='word_1_505' title='bbox 709 3476 786 3550; x_wconf 81' lang='grc' dir='ltr'>τῷ</span> <span class='ocrx_word' id='word_1_506' title='bbox 828 3476 917 3532; x_wconf 75' lang='grc' dir='ltr'>καὶ</span> <span class='ocrx_word' id='word_1_507' title='bbox 980 3476 1041 3531; x_wconf 83' lang='grc' dir='ltr'>τὸ</span> <span class='ocrx_word' id='word_1_508' title='bbox 1105 3474 1270 3530; x_wconf 78' lang='grc' dir='ltr'>κακὸν</span> <span class='ocrx_word' id='word_1_509' title='bbox 1326 3472 1637 3550; x_wconf 69' lang='grc' dir='ltr'>ἆγαθύνοντι</span> <span class='ocrx_word' id='word_1_510' title='bbox 1701 3471 1758 3528; x_wconf 80' lang='grc' dir='ltr'>Εἰ</span> <span class='ocrx_word' id='word_1_511' title='bbox 1814 3467 1869 3526; x_wconf 80' lang='grc' dir='ltr'><em>δὲ</em></span> 
     </span>
    </p>
   </div>
   <div class='ocr_carea' id='block_1_61' title="bbox 209 3558 1870 3642">
    <p class='ocr_par' dir='ltr' id='par_1_61' title="bbox 209 3558 1870 3642">
     <span class='ocr_line' id='line_1_61' title="bbox 209 3558 1870 3642; baseline -0.005 -19"><span class='ocrx_word' id='word_1_512' title='bbox 209 3565 379 3641; x_wconf 82' lang='grc' dir='ltr'>ἔσται,</span> <span class='ocrx_word' id='word_1_513' title='bbox 419 3571 540 3631; x_wconf 82' lang='grc' dir='ltr'><strong>πῶς</strong></span> <span class='ocrx_word' id='word_1_514' title='bbox 600 3564 745 3622; x_wconf 74' lang='grc' dir='ltr'>ἔσται</span> <span class='ocrx_word' id='word_1_515' title='bbox 807 3566 862 3621; x_wconf 79' lang='grc' dir='ltr'>ἐν</span> <span class='ocrx_word' id='word_1_516' title='bbox 920 3565 1132 3642; x_wconf 79' lang='grc' dir='ltr'>τάγαθῷ</span> <span class='ocrx_word' id='word_1_517' title='bbox 1195 3566 1256 3619; x_wconf 80' lang='grc' dir='ltr'>τὸ</span> <span class='ocrx_word' id='word_1_518' title='bbox 1300 3563 1489 3637; x_wconf 71' lang='grc' dir='ltr'>κακόνς</span> <span class='ocrx_word' id='word_1_519' title='bbox 1550 3563 1608 3619; x_wconf 78' lang='grc' dir='ltr'><strong>Εἰ</strong></span> <span class='ocrx_word' id='word_1_520' title='bbox 1664 3561 1762 3635; x_wconf 78' lang='grc' dir='ltr'><strong>μὲν</strong></span> <span class='ocrx_word' id='word_1_521' title='bbox 1820 3558 1870 3626; x_wconf 75' lang='grc' dir='ltr'>ἐξ</span> 
     </span>
    </p>
   </div>
   <div class='ocr_carea' id='block_1_62' title="bbox 206 3648 1866 3733">
    <p class='ocr_par' dir='ltr' id='par_1_62' title="bbox 206 3648 1866 3733">
     <span class='ocr_line' id='line_1_62' title="bbox 206 3648 1866 3733; baseline -0.005 -19"><span class='ocrx_word' id='word_1_522' title='bbox 206 3658 392 3733; x_wconf 66' lang='grc' dir='ltr'>αὐτοῦ,</span> <span class='ocrx_word' id='word_1_523' title='bbox 454 3654 657 3713; x_wconf 80' lang='grc' dir='ltr'>ἄτοπον</span> <span class='ocrx_word' id='word_1_524' title='bbox 723 3656 809 3712; x_wconf 72' lang='grc' dir='ltr'>καὶ</span> <span class='ocrx_word' id='word_1_525' title='bbox 863 3652 1137 3711; x_wconf 82' lang='grc' dir='ltr'>ἀδυνατον·</span> <span class='ocrx_word' id='word_1_526' title='bbox 1202 3652 1273 3710; x_wconf 75' lang='grc' dir='ltr'>Οὒ</span> <span class='ocrx_word' id='word_1_527' title='bbox 1332 3650 1544 3708; x_wconf 67' lang='grc' dir='ltr'>δύναται</span> <span class='ocrx_word' id='word_1_528' title='bbox 1613 3648 1678 3700; x_wconf 83' lang='grc'><strong>99</strong></span> <span class='ocrx_word' id='word_1_529' title='bbox 1743 3651 1866 3728; x_wconf 75' lang='grc' dir='ltr'>γὰρ,</span> 
     </span>
    </p>
   </div>
   <div class='ocr_carea' id='block_1_63' title="bbox 203 3738 1867 3824">
    <p class='ocr_par' dir='ltr' id='par_1_63' title="bbox 203 3738 1867 3824">
     <span class='ocr_line' id='line_1_63' title="bbox 203 3738 1867 3824; baseline -0.004 -21"><span class='ocrx_word' id='word_1_530' title='bbox 203 3749 277 3810; x_wconf 74' lang='grc' dir='ltr'><strong>ὡς</strong></span> <span class='ocrx_word' id='word_1_531' title='bbox 334 3750 370 3816; x_wconf 79' lang='grc' dir='ltr'><strong>ἡ</strong></span> <span class='ocrx_word' id='word_1_532' title='bbox 424 3751 538 3804; x_wconf 81' lang='grc' dir='ltr'><strong>τῶν</strong></span> <span class='ocrx_word' id='word_1_533' title='bbox 592 3746 798 3824; x_wconf 85' lang='grc' dir='ltr'>Λογίων</span> <span class='ocrx_word' id='word_1_534' title='bbox 870 3743 1094 3811; x_wconf 62' lang='grc' dir='ltr'>ἀλήθειά</span> <span class='ocrx_word' id='word_1_535' title='bbox 1172 3763 1327 3822; x_wconf 72' lang='grc' dir='ltr'>φησι,</span> <span class='ocrx_word' id='word_1_536' title='bbox 1412 3738 1619 3818; x_wconf 77' lang='grc' dir='ltr'>δένδρον</span> <span class='ocrx_word' id='word_1_537' title='bbox 1673 3740 1867 3818; x_wconf 73' lang='grc' dir='ltr'>ἀγαθὸν</span> 
     </span>
    </p>
   </div>
   <div class='ocr_carea' id='block_1_64' title="bbox 201 3826 1863 3912">
    <p class='ocr_par' dir='ltr' id='par_1_64' title="bbox 201 3826 1863 3912">
     <span class='ocr_line' id='line_1_64' title="bbox 201 3826 1863 3912; baseline -0.002 -22"><span class='ocrx_word' id='word_1_538' title='bbox 201 3836 439 3912; x_wconf 74' lang='grc' dir='ltr'>καρποὺς</span> <span class='ocrx_word' id='word_1_539' title='bbox 524 3836 788 3911; x_wconf 80' lang='grc' dir='ltr'>πονηροὺς</span> <span class='ocrx_word' id='word_1_540' title='bbox 843 3846 1040 3889; x_wconf 78' lang='grc' dir='ltr'>ποιεῖν·</span> <span class='ocrx_word' id='word_1_541' title='bbox 1106 3830 1221 3888; x_wconf 65' lang='grc' dir='ltr'>οῦδὲ</span> <span class='ocrx_word' id='word_1_542' title='bbox 1297 3831 1403 3905; x_wconf 75' lang='grc' dir='ltr'><strong>μὴν</strong></span> <span class='ocrx_word' id='word_1_543' title='bbox 1463 3831 1524 3885; x_wconf 78' lang='grc' dir='ltr'>τὸ</span> <span class='ocrx_word' id='word_1_544' title='bbox 1580 3826 1863 3886; x_wconf 77' lang='grc' dir='ltr'><strong>ἀνάπαλιν.</strong></span> 
     </span>
    </p>
   </div>
   <div class='ocr_carea' id='block_1_65' title="bbox 204 3916 1867 3998">
    <p class='ocr_par' dir='ltr' id='par_1_65' title="bbox 204 3916 1867 3998">
     <span class='ocr_line' id='line_1_65' title="bbox 204 3916 1867 3998; baseline -0.006 -16"><span class='ocrx_word' id='word_1_545' title='bbox 204 3928 261 3982; x_wconf 73' lang='lat' dir='ltr'><strong>Ei</strong></span> <span class='ocrx_word' id='word_1_546' title='bbox 333 3923 391 3982; x_wconf 80' lang='grc' dir='ltr'><strong>δὲ</strong></span> <span class='ocrx_word' id='word_1_547' title='bbox 456 3926 556 3981; x_wconf 73' lang='grc' dir='ltr'><strong>οὒκ</strong></span> <span class='ocrx_word' id='word_1_548' title='bbox 611 3923 662 3989; x_wconf 75' lang='grc' dir='ltr'><strong>ἐξ</strong></span> <span class='ocrx_word' id='word_1_549' title='bbox 717 3923 898 3997; x_wconf 69' lang='grc' dir='ltr'>αὐτοῦ,</span> <span class='ocrx_word' id='word_1_550' title='bbox 953 3922 1005 3988; x_wconf 78' lang='grc' dir='ltr'>ἐξ</span> <span class='ocrx_word' id='word_1_551' title='bbox 1062 3920 1232 3987; x_wconf 77' lang='grc' dir='ltr'>ἄλλης</span> <span class='ocrx_word' id='word_1_552' title='bbox 1288 3917 1534 3986; x_wconf 82' lang='grc' dir='ltr'>δηλονότι</span> <span class='ocrx_word' id='word_1_553' title='bbox 1567 3917 1744 3998; x_wconf 74' lang='grc' dir='ltr'>ἀρχῆς</span> <span class='ocrx_word' id='word_1_554' title='bbox 1776 3916 1867 3973; x_wconf 60' lang='grc' dir='ltr'><strong>καὶ</strong></span> 
     </span>
    </p>
   </div>
   <div class='ocr_carea' id='block_1_66' title="bbox 203 4006 1867 4092">
    <p class='ocr_par' dir='ltr' id='par_1_66' title="bbox 203 4006 1867 4092">
     <span class='ocr_line' id='line_1_66' title="bbox 203 4006 1867 4092; baseline -0.005 -23"><span class='ocrx_word' id='word_1_555' title='bbox 203 4015 398 4078; x_wconf 48' lang='grc' dir='ltr'>αἰτίας</span> <span class='ocrx_word' id='word_1_556' title='bbox 458 4015 550 4070; x_wconf 81' lang='grc' dir='ltr'>καὶ</span> <span class='ocrx_word' id='word_1_557' title='bbox 598 4014 699 4092; x_wconf 79' lang='grc' dir='ltr'><strong>γὰρ</strong></span> <span class='ocrx_word' id='word_1_558' title='bbox 732 4013 767 4082; x_wconf 76' lang='grc' dir='ltr'>ἢ</span> <span class='ocrx_word' id='word_1_559' title='bbox 798 4015 858 4068; x_wconf 78' lang='grc' dir='ltr'>τὸ</span> <span class='ocrx_word' id='word_1_560' title='bbox 889 4010 1054 4069; x_wconf 55' lang='grc' dir='ltr'>καλὸν</span> <span class='ocrx_word' id='word_1_561' title='bbox 1112 4010 1173 4067; x_wconf 79' lang='grc' dir='ltr'><strong>ἐκ</strong></span> <span class='ocrx_word' id='word_1_562' title='bbox 1232 4017 1323 4067; x_wconf 83' lang='grc' dir='ltr'><strong>τοῦ</strong></span> <span class='ocrx_word' id='word_1_563' title='bbox 1380 4009 1576 4087; x_wconf 78' lang='grc' dir='ltr'>ἀγαθοῦ</span> <span class='ocrx_word' id='word_1_564' title='bbox 1626 4008 1773 4064; x_wconf 78' lang='grc' dir='ltr'>ἔσται</span> <span class='ocrx_word' id='word_1_565' title='bbox 1832 4006 1867 4075; x_wconf 83' lang='grc' dir='ltr'><strong>ἢ</strong></span> 
     </span>
    </p>
   </div>
   <div class='ocr_carea' id='block_1_67' title="bbox 200 4097 1870 4183">
    <p class='ocr_par' dir='ltr' id='par_1_67' title="bbox 200 4097 1870 4181">
     <span class='ocr_line' id='line_1_67' title="bbox 200 4097 1870 4181; baseline -0.005 -21"><span class='ocrx_word' id='word_1_566' title='bbox 200 4108 264 4160; x_wconf 73' lang='grc' dir='ltr'>τὸ</span> <span class='ocrx_word' id='word_1_567' title='bbox 294 4105 504 4181; x_wconf 76' lang='grc' dir='ltr'>ἀγαθὸν</span> <span class='ocrx_word' id='word_1_568' title='bbox 546 4103 605 4159; x_wconf 80' lang='grc' dir='ltr'><strong>ἐκ</strong></span> <span class='ocrx_word' id='word_1_569' title='bbox 637 4110 726 4160; x_wconf 87' lang='grc' dir='ltr'><strong>τοῦ</strong></span> <span class='ocrx_word' id='word_1_570' title='bbox 782 4101 969 4158; x_wconf 72' lang='grc' dir='ltr'>κακοῦ·</span> <span class='ocrx_word' id='word_1_571' title='bbox 1032 4101 1067 4170; x_wconf 72' lang='grc' dir='ltr'><strong>ἢ</strong></span> <span class='ocrx_word' id='word_1_572' title='bbox 1114 4103 1156 4158; x_wconf 74' lang='grc' dir='ltr'>εἰ</span> <span class='ocrx_word' id='word_1_573' title='bbox 1193 4102 1269 4176; x_wconf 72' lang='grc' dir='ltr'><strong>μὴ</strong></span> <span class='ocrx_word' id='word_1_574' title='bbox 1312 4106 1467 4156; x_wconf 81' lang='grc' dir='ltr'>τοῦτο</span> <span class='ocrx_word' id='word_1_575' title='bbox 1523 4097 1763 4177; x_wconf 70' lang='grc' dir='ltr'>δὺνατὸν,</span> <span class='ocrx_word' id='word_1_576' title='bbox 1819 4097 1870 4163; x_wconf 77' lang='grc' dir='ltr'>ἐξ</span> 
     </span>
    </p>
   </div>
   <div class='ocr_carea' id='block_1_68' title="bbox 203 4188 1874 4273">
    <p class='ocr_par' dir='ltr' id='par_1_68' title="bbox 203 4188 1874 4273">
     <span class='ocr_line' id='line_1_68' title="bbox 203 4188 1874 4273; baseline -0.004 -23"><span class='ocrx_word' id='word_1_577' title='bbox 203 4191 378 4261; x_wconf 76' lang='grc' dir='ltr'>ἄλλης</span> <span class='ocrx_word' id='word_1_578' title='bbox 415 4197 601 4273; x_wconf 75' lang='grc' dir='ltr'>ἀρχῆς</span> <span class='ocrx_word' id='word_1_579' title='bbox 645 4194 733 4249; x_wconf 85' lang='grc' dir='ltr'>καὶ</span> <span class='ocrx_word' id='word_1_580' title='bbox 762 4192 930 4254; x_wconf 78' lang='grc' dir='ltr'>αἰτίας</span> <span class='ocrx_word' id='word_1_581' title='bbox 984 4189 1128 4247; x_wconf 65' lang='grc' dir='ltr'>ἔσται</span> <span class='ocrx_word' id='word_1_582' title='bbox 1185 4193 1269 4247; x_wconf 78' lang='grc' dir='ltr'><strong>καὶ</strong></span> <span class='ocrx_word' id='word_1_583' title='bbox 1320 4190 1381 4245; x_wconf 85' lang='grc' dir='ltr'>τὸ</span> <span class='ocrx_word' id='word_1_584' title='bbox 1438 4188 1632 4266; x_wconf 80' lang='grc' dir='ltr'>ἀγαθὸν</span> <span class='ocrx_word' id='word_1_585' title='bbox 1680 4189 1768 4243; x_wconf 85' lang='grc' dir='ltr'><strong>καὶ</strong></span> <span class='ocrx_word' id='word_1_586' title='bbox 1812 4189 1874 4243; x_wconf 79' lang='grc' dir='ltr'>τὸ</span> 
     </span>
    </p>
   </div>
   <div class='ocr_carea' id='block_1_69' title="bbox 203 4273 1870 4360">
    <p class='ocr_par' dir='ltr' id='par_1_69' title="bbox 203 4273 1870 4360">
     <span class='ocr_line' id='line_1_69' title="bbox 203 4273 1870 4360; baseline -0.004 -22"><span class='ocrx_word' id='word_1_587' title='bbox 203 4286 397 4342; x_wconf 63' lang='grc' dir='ltr'>κακόν.</span> <span class='ocrx_word' id='word_1_588' title='bbox 454 4290 608 4339; x_wconf 76' lang='grc' dir='ltr'><strong>Πᾶσα</strong></span> <span class='ocrx_word' id='word_1_589' title='bbox 660 4283 760 4360; x_wconf 71' lang='grc' dir='ltr'>γὰρ</span> <span class='ocrx_word' id='word_1_590' title='bbox 817 4281 936 4347; x_wconf 77' lang='grc' dir='ltr'>δυὰς</span> <span class='ocrx_word' id='word_1_591' title='bbox 1006 4283 1099 4338; x_wconf 75' lang='grc' dir='ltr'><strong>οὐκ</strong></span> <span class='ocrx_word' id='word_1_592' title='bbox 1159 4279 1332 4360; x_wconf 65' lang='grc' dir='ltr'><strong>ἀρχὴ,</strong></span> <span class='ocrx_word' id='word_1_593' title='bbox 1398 4278 1561 4352; x_wconf 78' lang='grc' dir='ltr'>μονὰς</span> <span class='ocrx_word' id='word_1_594' title='bbox 1619 4273 1673 4332; x_wconf 80' lang='grc' dir='ltr'><strong>δὲ</strong></span> <span class='ocrx_word' id='word_1_595' title='bbox 1727 4276 1870 4332; x_wconf 79' lang='grc' dir='ltr'>ἔσται</span> 
     </span>
    </p>
   </div>
   <div class='ocr_carea' id='block_1_70' title="bbox 199 4368 1872 4453">
    <p class='ocr_par' dir='ltr' id='par_1_70' title="bbox 199 4368 1872 4453">
     <span class='ocr_line' id='line_1_70' title="bbox 199 4368 1872 4453; baseline -0.005 -22"><span class='ocrx_word' id='word_1_596' title='bbox 199 4374 385 4442; x_wconf 70' lang='grc' dir='ltr'>πάαης</span> <span class='ocrx_word' id='word_1_597' title='bbox 449 4371 635 4433; x_wconf 73' lang='grc' dir='ltr'>δυάδος</span> <span class='ocrx_word' id='word_1_598' title='bbox 694 4373 842 4453; x_wconf 81' lang='grc' dir='ltr'><strong>ἀρχή</strong></span> <span class='ocrx_word' id='word_1_599' title='bbox 906 4374 1090 4432; x_wconf 69' lang='grc' dir='ltr'>Καίτοι</span> <span class='ocrx_word' id='word_1_600' title='bbox 1122 4371 1345 4443; x_wconf 75' lang='grc' dir='ltr'>ἄτοπον,</span> <span class='ocrx_word' id='word_1_601' title='bbox 1409 4368 1461 4435; x_wconf 78' lang='grc' dir='ltr'><strong>ἐξ</strong></span> <span class='ocrx_word' id='word_1_602' title='bbox 1493 4369 1613 4433; x_wconf 84' lang='grc' dir='ltr'><strong>ἐνὸς</strong></span> <span class='ocrx_word' id='word_1_603' title='bbox 1644 4371 1731 4423; x_wconf 80' lang='grc' dir='ltr'><strong>καὶ</strong></span> <span class='ocrx_word' id='word_1_604' title='bbox 1778 4374 1872 4424; x_wconf 81' lang='grc' dir='ltr'><strong>τοῦ</strong></span> 
     </span>
    </p>
   </div>
   <div class='ocr_carea' id='block_1_71' title="bbox 199 4443 1935 4540">
    <p class='ocr_par' dir='ltr' id='par_1_71' title="bbox 199 4443 1935 4540">
     <span class='ocr_line' id='line_1_71' title="bbox 199 4443 1935 4540; baseline -0.005 -20"><span class='ocrx_word' id='word_1_605' title='bbox 199 4465 365 4523; x_wconf 76' lang='grc' dir='ltr'>αὑτοῦ</span> <span class='ocrx_word' id='word_1_606' title='bbox 425 4462 520 4521; x_wconf 79' lang='grc' dir='ltr'>δύο</span> <span class='ocrx_word' id='word_1_607' title='bbox 580 4462 855 4526; x_wconf 83' lang='grc' dir='ltr'>παντελῶς</span> <span class='ocrx_word' id='word_1_608' title='bbox 887 4462 1095 4519; x_wconf 74' lang='grc' dir='ltr'>ἐναντία</span> <span class='ocrx_word' id='word_1_609' title='bbox 1148 4460 1395 4540; x_wconf 78' lang='grc' dir='ltr'>προϊέναι</span> <span class='ocrx_word' id='word_1_610' title='bbox 1445 4459 1534 4514; x_wconf 79' lang='grc' dir='ltr'><strong>καὶ</strong></span> <span class='ocrx_word' id='word_1_611' title='bbox 1591 4443 1935 4531; x_wconf 54' lang='grc' dir='ltr'>εἶναιμιαὶί)</span> 
     </span>
    </p>
   </div>
   <div class='ocr_carea' id='block_1_72' title="bbox 204 4545 1866 4633">
    <p class='ocr_par' dir='ltr' id='par_1_72' title="bbox 204 4545 1866 4633">
     <span class='ocr_line' id='line_1_72' title="bbox 204 4545 1866 4633; baseline -0.005 -23"><span class='ocrx_word' id='word_1_612' title='bbox 204 4555 381 4622; x_wconf 65' lang='grc' dir='ltr'>αὒτὴν</span> <span class='ocrx_word' id='word_1_613' title='bbox 412 4553 519 4621; x_wconf 66' lang='grc' dir='ltr'><strong>τὴν</strong></span> <span class='ocrx_word' id='word_1_614' title='bbox 573 4553 749 4633; x_wconf 70' lang='grc' dir='ltr'>ἀρχὴν</span> <span class='ocrx_word' id='word_1_615' title='bbox 807 4553 908 4632; x_wconf 70' lang='grc' dir='ltr'>οὔχ</span> <span class='ocrx_word' id='word_1_616' title='bbox 968 4551 1147 4620; x_wconf 78' lang='grc' dir='ltr'>ἀπλῆν</span> <span class='ocrx_word' id='word_1_617' title='bbox 1202 4552 1288 4607; x_wconf 83' lang='grc' dir='ltr'>καί</span> <span class='ocrx_word' id='word_1_618' title='bbox 1344 4549 1565 4622; x_wconf 80' lang='grc' dir='ltr'>ἑνιαίαν,</span> <span class='ocrx_word' id='word_1_619' title='bbox 1598 4545 1734 4605; x_wconf 79' lang='grc' dir='ltr'>ἀλλὰ</span> <span class='ocrx_word' id='word_1_620' title='bbox 1762 4567 1866 4622; x_wconf 80' lang='grc' dir='ltr'><strong>με·</strong></span> 
     </span>
    </p>
   </div>
   <div class='ocr_carea' id='block_1_73' title="bbox 193 4634 1865 4721">
    <p class='ocr_par' dir='ltr' id='par_1_73' title="bbox 193 4634 1865 4721">
     <span class='ocr_line' id='line_1_73' title="bbox 193 4634 1865 4721; baseline -0.005 -22"><span class='ocrx_word' id='word_1_621' title='bbox 193 4644 388 4721; x_wconf 69' lang='grc' dir='ltr'>ριατὴν</span> <span class='ocrx_word' id='word_1_622' title='bbox 450 4644 542 4699; x_wconf 73' lang='grc' dir='ltr'>ναὶ</span> <span class='ocrx_word' id='word_1_623' title='bbox 595 4640 823 4713; x_wconf 73' lang='grc' dir='ltr'>δνοειδῆ,</span> <span class='ocrx_word' id='word_1_624' title='bbox 888 4642 977 4697; x_wconf 65' lang='lat' dir='ltr'><strong>uti.</strong></span> <span class='ocrx_word' id='word_1_625' title='bbox 1033 4639 1271 4696; x_wconf 74' lang='grc' dir='ltr'>ἐναντίαν</span> <span class='ocrx_word' id='word_1_626' title='bbox 1348 4639 1533 4713; x_wconf 79' lang='grc' dir='ltr'>ἑαυτῇ,</span> <span class='ocrx_word' id='word_1_627' title='bbox 1602 4637 1688 4692; x_wconf 80' lang='grc' dir='ltr'>καὶ</span> <span class='ocrx_word' id='word_1_628' title='bbox 1759 4634 1865 4704; x_wconf 81' lang='grc' dir='ltr'><strong>ἡλ-</strong></span> 
     </span>
    </p>
   </div>
   <div class='ocr_carea' id='block_1_74' title="bbox 196 4725 1865 4808">
    <p class='ocr_par' dir='ltr' id='par_1_74' title="bbox 196 4725 1865 4808">
     <span class='ocr_line' id='line_1_74' title="bbox 196 4725 1865 4808; baseline -0.004 -21"><span class='ocrx_word' id='word_1_629' title='bbox 196 4730 540 4808; x_wconf 77' lang='grc' dir='ltr'>λοιωμὲνην.</span> <span class='ocrx_word' id='word_1_630' title='bbox 593 4734 689 4790; x_wconf 84' lang='grc' dir='ltr'>Καὶ</span> <span class='ocrx_word' id='word_1_631' title='bbox 716 4760 719 4763; x_wconf 94' lang='grc'><strong>·</strong></span> <span class='ocrx_word' id='word_1_632' title='bbox 749 4732 857 4806; x_wconf 80' lang='grc' dir='ltr'><strong>μὴν</strong></span> <span class='ocrx_word' id='word_1_633' title='bbox 912 4732 1027 4787; x_wconf 74' lang='grc' dir='ltr'>οὔτε</span> <span class='ocrx_word' id='word_1_634' title='bbox 1084 4727 1173 4786; x_wconf 85' lang='grc' dir='ltr'>δύο</span> <span class='ocrx_word' id='word_1_635' title='bbox 1232 4733 1338 4786; x_wconf 82' lang='grc' dir='ltr'>τῶν</span> <span class='ocrx_word' id='word_1_636' title='bbox 1404 4725 1570 4783; x_wconf 77' lang='grc' dir='ltr'>ὄντων</span> <span class='ocrx_word' id='word_1_637' title='bbox 1630 4726 1865 4787; x_wconf 62' lang='grc' dir='ltr'>ἐναντίας</span> 
     </span>
    </p>
   </div>
   <div class='ocr_carea' id='block_1_75' title="bbox 197 4815 1865 4902">
    <p class='ocr_par' dir='ltr' id='par_1_75' title="bbox 197 4815 1865 4902">
     <span class='ocr_line' id='line_1_75' title="bbox 197 4815 1865 4902; baseline -0.005 -22"><span class='ocrx_word' id='word_1_638' title='bbox 197 4821 378 4902; x_wconf 69' lang='grc' dir='ltr'>ἀρχᾶς</span> <span class='ocrx_word' id='word_1_639' title='bbox 410 4820 635 4878; x_wconf 75' lang='grc' dir='ltr'>δυνατὸν</span> <span class='ocrx_word' id='word_1_640' title='bbox 667 4820 833 4895; x_wconf 75' lang='grc' dir='ltr'>εἶναι,</span> <span class='ocrx_word' id='word_1_641' title='bbox 868 4822 955 4877; x_wconf 82' lang='grc' dir='ltr'><strong>καὶ</strong></span> <span class='ocrx_word' id='word_1_642' title='bbox 984 4820 1176 4882; x_wconf 74' lang='grc' dir='ltr'>ταύτας</span> <span class='ocrx_word' id='word_1_643' title='bbox 1237 4818 1291 4875; x_wconf 78' lang='grc' dir='ltr'><strong>ἐν</strong></span> <span class='ocrx_word' id='word_1_644' title='bbox 1346 4815 1631 4890; x_wconf 79' lang='grc' dir='ltr'>ἀλληλαις,</span> <span class='ocrx_word' id='word_1_645' title='bbox 1664 4816 1752 4872; x_wconf 83' lang='grc' dir='ltr'>καὶ</span> <span class='ocrx_word' id='word_1_646' title='bbox 1810 4815 1865 4871; x_wconf 79' lang='grc' dir='ltr'><strong>ἐν</strong></span> 
     </span>
    </p>
   </div>
   <div class='ocr_carea' id='block_1_76' title="bbox 195 4903 1863 4990">
    <p class='ocr_par' dir='ltr' id='par_1_76' title="bbox 195 4903 1863 4990">
     <span class='ocr_line' id='line_1_76' title="bbox 195 4903 1863 4990; baseline -0.005 -22"><span class='ocrx_word' id='word_1_647' title='bbox 195 4916 276 4983; x_wconf 83' lang='grc' dir='ltr'>τῷ</span> <span class='ocrx_word' id='word_1_648' title='bbox 318 4911 517 4990; x_wconf 70' lang='grc' dir='ltr'>παντὶ,</span> <span class='ocrx_word' id='word_1_649' title='bbox 576 4913 663 4967; x_wconf 82' lang='grc' dir='ltr'>καὶ</span> <span class='ocrx_word' id='word_1_650' title='bbox 722 4909 1042 4988; x_wconf 73' lang='grc' dir='ltr'>μαχομένας</span> <span class='ocrx_word' id='word_1_651' title='bbox 1075 4926 1092 4944; x_wconf 79' lang='grc' dir='ltr'><strong>ο</strong></span> <span class='ocrx_word' id='word_1_652' title='bbox 1169 4909 1213 4964; x_wconf 74' lang='grc' dir='ltr'>εἰ</span> <span class='ocrx_word' id='word_1_653' title='bbox 1272 4907 1370 4985; x_wconf 82' lang='grc' dir='ltr'>γὰρ</span> <span class='ocrx_word' id='word_1_654' title='bbox 1454 4913 1608 4962; x_wconf 78' lang='grc' dir='ltr'>τοῦτο</span> <span class='ocrx_word' id='word_1_655' title='bbox 1664 4903 1863 4984; x_wconf 75' lang='grc' dir='ltr'>δοθείη,</span> 
     </span>
    </p>
   </div>
   <div class='ocr_carea' id='block_1_77' title="bbox 198 4993 1862 5075">
    <p class='ocr_par' dir='ltr' id='par_1_77' title="bbox 198 4993 1862 5075">
     <span class='ocr_line' id='line_1_77' title="bbox 198 4993 1862 5075; baseline -0.002 -20"><span class='ocrx_word' id='word_1_656' title='bbox 198 4998 351 5058; x_wconf 77' lang='grc' dir='ltr'>ἔσται</span> <span class='ocrx_word' id='word_1_657' title='bbox 404 5001 503 5056; x_wconf 77' lang='grc' dir='ltr'><strong>καὶ</strong></span> <span class='ocrx_word' id='word_1_658' title='bbox 548 4999 577 5057; x_wconf 85' lang='grc' dir='ltr'>ὀ</span> <span class='ocrx_word' id='word_1_659' title='bbox 621 5000 749 5061; x_wconf 79' lang='grc' dir='ltr'><strong>Θεὸς</strong></span> <span class='ocrx_word' id='word_1_660' title='bbox 799 4999 894 5057; x_wconf 69' lang='grc' dir='ltr'>οὗιι</span> <span class='ocrx_word' id='word_1_661' title='bbox 923 4999 1154 5073; x_wconf 42' lang='lat' dir='ltr'><strong>animum</strong></span> <span class='ocrx_word' id='word_1_662' title='bbox 1188 4994 1305 5055; x_wconf 68' lang='grc' dir='ltr'><strong>οὐδὲ</strong></span> <span class='ocrx_word' id='word_1_663' title='bbox 1333 4996 1485 5059; x_wconf 80' lang='grc' dir='ltr'>ἐκτὸς</span> <span class='ocrx_word' id='word_1_664' title='bbox 1529 4993 1862 5075; x_wconf 75' lang='grc' dir='ltr'><strong>δυσχερεῖας,</strong></span> 
     </span>
    </p>
   </div>
   <div class='ocr_carea' id='block_1_78' title="bbox 197 5082 1863 5168">
    <p class='ocr_par' dir='ltr' id='par_1_78' title="bbox 197 5082 1863 5168">
     <span class='ocr_line' id='line_1_78' title="bbox 197 5082 1863 5168; baseline -0.004 -23"><span class='ocrx_word' id='word_1_665' title='bbox 197 5089 362 5168; x_wconf 70' lang='grc' dir='ltr'>εῦπερ</span> <span class='ocrx_word' id='word_1_666' title='bbox 425 5088 528 5154; x_wconf 61' lang='grc' dir='ltr'><strong>εἴη</strong></span> <span class='ocrx_word' id='word_1_667' title='bbox 578 5110 625 5145; x_wconf 78' lang='grc' dir='ltr'><strong>τι</strong></span> <span class='ocrx_word' id='word_1_668' title='bbox 684 5090 772 5145; x_wconf 83' lang='grc' dir='ltr'>καὶ</span> <span class='ocrx_word' id='word_1_669' title='bbox 830 5088 973 5163; x_wconf 74' lang='grc' dir='ltr'>αὒτῷ</span> <span class='ocrx_word' id='word_1_670' title='bbox 1029 5089 1091 5145; x_wconf 80' lang='grc' dir='ltr'>τὸ</span> <span class='ocrx_word' id='word_1_671' title='bbox 1139 5085 1420 5166; x_wconf 81' lang='grc' dir='ltr'>ἐνοχλοῦν·</span> <span class='ocrx_word' id='word_1_672' title='bbox 1477 5084 1659 5141; x_wconf 75' lang='grc' dir='ltr'>ἔπειτα</span> <span class='ocrx_word' id='word_1_673' title='bbox 1717 5082 1863 5140; x_wconf 74' lang='grc' dir='ltr'>ἔσται</span> 
     </span>
    </p>
   </div>
   <div class='ocr_carea' id='block_1_79' title="bbox 196 5171 1862 5257">
    <p class='ocr_par' dir='ltr' id='par_1_79' title="bbox 196 5171 1862 5257">
     <span class='ocr_line' id='line_1_79' title="bbox 196 5171 1862 5257; baseline -0.004 -22"><span class='ocrx_word' id='word_1_674' title='bbox 196 5179 378 5236; x_wconf 76' lang='grc' dir='ltr'>πάντα</span> <span class='ocrx_word' id='word_1_675' title='bbox 444 5174 653 5235; x_wconf 77' lang='grc' dir='ltr'>ἄτακτα</span> <span class='ocrx_word' id='word_1_676' title='bbox 710 5180 798 5235; x_wconf 78' lang='grc' dir='ltr'>καὶ</span> <span class='ocrx_word' id='word_1_677' title='bbox 842 5178 922 5235; x_wconf 74' lang='grc' dir='ltr'><strong>ἀεὶ</strong></span> <span class='ocrx_word' id='word_1_678' title='bbox 980 5178 1292 5257; x_wconf 71' lang='grc' dir='ltr'>μαχομεναο</span> <span class='ocrx_word' id='word_1_679' title='bbox 1327 5174 1497 5232; x_wconf 81' lang='grc' dir='ltr'>καίτοι</span> <span class='ocrx_word' id='word_1_680' title='bbox 1526 5171 1702 5255; x_wconf 75' lang='grc' dir='ltr'>φιλίας</span> <span class='ocrx_word' id='word_1_681' title='bbox 1734 5179 1862 5230; x_wconf 75' lang='grc' dir='ltr'><strong>πᾶσι</strong></span> 
     </span>
    </p>
   </div>
   <div class='ocr_carea' id='block_1_80' title="bbox 194 5261 1862 5345">
    <p class='ocr_par' dir='ltr' id='par_1_80' title="bbox 194 5261 1862 5345">
     <span class='ocr_line' id='line_1_80' title="bbox 194 5261 1862 5345; baseline -0.003 -20"><span class='ocrx_word' id='word_1_682' title='bbox 194 5283 318 5334; x_wconf 68' lang='grc' dir='ltr'>τοῖς</span> <span class='ocrx_word' id='word_1_683' title='bbox 354 5267 482 5325; x_wconf 78' lang='grc' dir='ltr'>οὖσι</span> <span class='ocrx_word' id='word_1_684' title='bbox 539 5267 597 5323; x_wconf 73' lang='grc' dir='ltr'>τὸ</span> <span class='ocrx_word' id='word_1_685' title='bbox 651 5265 848 5345; x_wconf 71' lang='grc' dir='ltr'>ἀγαθὸν</span> <span class='ocrx_word' id='word_1_686' title='bbox 894 5264 1207 5344; x_wconf 78' lang='grc' dir='ltr'>μεταδίδωσι</span> <span class='ocrx_word' id='word_1_687' title='bbox 1250 5266 1338 5322; x_wconf 80' lang='grc' dir='ltr'><strong>καὶ</strong></span> <span class='ocrx_word' id='word_1_688' title='bbox 1393 5261 1732 5342; x_wconf 69' lang='grc' dir='ltr'>αὗτοειράνη,</span> <span class='ocrx_word' id='word_1_689' title='bbox 1772 5263 1862 5320; x_wconf 76' lang='grc' dir='ltr'><strong>καὶ</strong></span> 
     </span>
    </p>
   </div>
   <div class='ocr_carea' id='block_1_81' title="bbox 273 5437 856 5515">
    <p class='ocr_par' dir='ltr' id='par_1_81' title="bbox 273 5437 856 5515">
     <span class='ocr_line' id='line_1_81' title="bbox 273 5437 856 5515; baseline -0.003 -9"><span class='ocrx_word' id='word_1_690' title='bbox 273 5460 315 5506; x_wconf 82' lang='grc' dir='ltr'>ν</span> <span class='ocrx_word' id='word_1_691' title='bbox 358 5437 584 5505; x_wconf 76' lang='lat' dir='ltr'><strong>Matth.</strong></span> <span class='ocrx_word' id='word_1_692' title='bbox 616 5456 720 5515; x_wconf 85' lang='lat' dir='ltr'><strong>vu,</strong></span> <span class='ocrx_word' id='word_1_693' title='bbox 758 5440 856 5504; x_wconf 82' lang='lat' dir='ltr'><strong>t8.</strong></span> 
     </span>
    </p>
   </div>
   <div class='ocr_carea' id='block_1_82' title="bbox 1956 3472 3604 3553">
    <p class='ocr_par' dir='ltr' id='par_1_82' title="bbox 1956 3472 3604 3553">
     <span class='ocr_line' id='line_1_82' title="bbox 1956 3472 3604 3553; baseline 0.002 -19"><span class='ocrx_word' id='word_1_694' title='bbox 1956 3472 2114 3553; x_wconf 90' lang='lat' dir='ltr'><strong>quod</strong></span> <span class='ocrx_word' id='word_1_695' title='bbox 2143 3473 2321 3535; x_wconf 89' lang='lat' dir='ltr'><strong>etiam</strong></span> <span class='ocrx_word' id='word_1_696' title='bbox 2349 3472 2568 3534; x_wconf 88' lang='lat' dir='ltr'><strong>malum</strong></span> <span class='ocrx_word' id='word_1_697' title='bbox 2605 3472 2823 3534; x_wconf 91' lang='lat' dir='ltr'><strong>bonum</strong></span> <span class='ocrx_word' id='word_1_698' title='bbox 2876 3473 3096 3537; x_wconf 89' lang='lat' dir='ltr'><strong>reddit.</strong></span> <span class='ocrx_word' id='word_1_699' title='bbox 3150 3474 3320 3547; x_wconf 85' lang='lat' dir='ltr'><strong>Quod</strong></span> <span class='ocrx_word' id='word_1_700' title='bbox 3373 3475 3423 3536; x_wconf 91' lang='lat' dir='ltr'><strong>si</strong></span> <span class='ocrx_word' id='word_1_701' title='bbox 3464 3476 3604 3552; x_wconf 89' lang='lat' dir='ltr'><strong>erit,</strong></span> 
     </span>
    </p>
   </div>
   <div class='ocr_carea' id='block_1_83' title="bbox 1955 3560 3605 3644">
    <p class='ocr_par' dir='ltr' id='par_1_83' title="bbox 1955 3560 3605 3644">
     <span class='ocr_line' id='line_1_83' title="bbox 1955 3560 3605 3644; baseline 0.004 -22"><span class='ocrx_word' id='word_1_702' title='bbox 1955 3561 2257 3643; x_wconf 90' lang='lat' dir='ltr'><strong>quomodo</strong></span> <span class='ocrx_word' id='word_1_703' title='bbox 2282 3568 2395 3624; x_wconf 87' lang='lat' dir='ltr'><strong>erit</strong></span> <span class='ocrx_word' id='word_1_704' title='bbox 2423 3562 2483 3623; x_wconf 91' lang='lat' dir='ltr'><strong>in</strong></span> <span class='ocrx_word' id='word_1_705' title='bbox 2512 3560 2669 3624; x_wconf 89' lang='lat' dir='ltr'><strong>bono</strong></span> <span class='ocrx_word' id='word_1_706' title='bbox 2714 3562 2964 3626; x_wconf 85' lang='lat' dir='ltr'><strong>malum?</strong></span> <span class='ocrx_word' id='word_1_707' title='bbox 3011 3564 3070 3625; x_wconf 92' lang='lat' dir='ltr'><strong>Si</strong></span> <span class='ocrx_word' id='word_1_708' title='bbox 3127 3563 3368 3644; x_wconf 81' lang='lat' dir='ltr'><strong>quidem</strong></span> <span class='ocrx_word' id='word_1_709' title='bbox 3417 3583 3488 3628; x_wconf 78' lang='lat' dir='ltr'><strong>ex</strong></span> <span class='ocrx_word' id='word_1_710' title='bbox 3533 3583 3605 3629; x_wconf 89' lang='lat' dir='ltr'><strong>eo</strong></span> 
     </span>
    </p>
   </div>
   <div class='ocr_carea' id='block_1_84' title="bbox 1955 3649 3603 3733">
    <p class='ocr_par' dir='ltr' id='par_1_84' title="bbox 1955 3649 3603 3733">
     <span class='ocr_line' id='line_1_84' title="bbox 1955 3649 3603 3733; baseline 0.003 -21"><span class='ocrx_word' id='word_1_711' title='bbox 1955 3657 2068 3722; x_wconf 76' lang='lat' dir='ltr'><strong>est,</strong></span> <span class='ocrx_word' id='word_1_712' title='bbox 2105 3649 2432 3713; x_wconf 90' lang='lat' dir='ltr'><strong>absurdum</strong></span> <span class='ocrx_word' id='word_1_713' title='bbox 2468 3651 2527 3714; x_wconf 92' lang='lat' dir='ltr'><strong>id</strong></span> <span class='ocrx_word' id='word_1_714' title='bbox 2569 3658 2659 3713; x_wconf 88' lang='lat' dir='ltr'><strong>est</strong></span> <span class='ocrx_word' id='word_1_715' title='bbox 2692 3670 2802 3714; x_wconf 89' lang='lat' dir='ltr'><strong>nec</strong></span> <span class='ocrx_word' id='word_1_716' title='bbox 2833 3651 2963 3714; x_wconf 83' lang='lat' dir='ltr'><strong>ﬁeri</strong></span> <span class='ocrx_word' id='word_1_717' title='bbox 3008 3660 3239 3733; x_wconf 89' lang='lat' dir='ltr'><strong>potest:</strong></span> <span class='ocrx_word' id='word_1_718' title='bbox 3274 3651 3413 3716; x_wconf 78' lang='lat' dir='ltr'><strong>Non</strong></span> <span class='ocrx_word' id='word_1_719' title='bbox 3440 3655 3603 3717; x_wconf 89' lang='lat' dir='ltr'><strong>enim</strong></span> 
     </span>
    </p>
   </div>
   <div class='ocr_carea' id='block_1_85' title="bbox 1954 3740 3607 3821">
    <p class='ocr_par' dir='ltr' id='par_1_85' title="bbox 1954 3740 3607 3821">
     <span class='ocr_line' id='line_1_85' title="bbox 1954 3740 3607 3821; baseline 0.004 -19"><span class='ocrx_word' id='word_1_720' title='bbox 1954 3746 2149 3821; x_wconf 80' lang='lat' dir='ltr'><strong>potest</strong></span> <span class='ocrx_word' id='word_1_721' title='bbox 2176 3745 2271 3816; x_wconf 91' lang='lat' dir='ltr'><strong>(ut</strong></span> <span class='ocrx_word' id='word_1_722' title='bbox 2296 3740 2627 3821; x_wconf 85' lang='lat' dir='ltr'><strong>Scripturae</strong></span> <span class='ocrx_word' id='word_1_723' title='bbox 2657 3741 2872 3804; x_wconf 86' lang='lat' dir='ltr'><strong>veritas</strong></span> <span class='ocrx_word' id='word_1_724' title='bbox 2903 3741 3182 3820; x_wconf 85' lang='lat' dir='ltr'><strong>testatur)</strong></span> <span class='ocrx_word' id='word_1_725' title='bbox 3232 3743 3416 3806; x_wconf 88' lang='lat' dir='ltr'><strong>arbor</strong></span> <span class='ocrx_word' id='word_1_726' title='bbox 3449 3744 3607 3809; x_wconf 83' lang='lat' dir='ltr'><strong>bona</strong></span> 
     </span>
    </p>
   </div>
   <div class='ocr_carea' id='block_1_86' title="bbox 1955 3830 3606 3910">
    <p class='ocr_par' dir='ltr' id='par_1_86' title="bbox 1955 3830 3606 3910">
     <span class='ocr_line' id='line_1_86' title="bbox 1955 3830 3606 3910; baseline 0.004 -18"><span class='ocrx_word' id='word_1_727' title='bbox 1955 3839 2146 3894; x_wconf 78' lang='lat' dir='ltr'><strong>matus</strong></span> <span class='ocrx_word' id='word_1_728' title='bbox 2174 3830 2418 3908; x_wconf 79' lang='lat' dir='ltr'><strong>fructus</strong></span> <span class='ocrx_word' id='word_1_729' title='bbox 2444 3830 2650 3910; x_wconf 82' lang='lat' dir='ltr'><strong>facere</strong></span> <span class='ocrx_word' id='word_1_730' title='bbox 2668 3852 2715 3908; x_wconf 72' lang='grc' dir='ltr'><strong>ν;</strong></span> <span class='ocrx_word' id='word_1_731' title='bbox 2746 3850 2857 3894; x_wconf 86' lang='lat' dir='ltr'><strong>nec</strong></span> <span class='ocrx_word' id='word_1_732' title='bbox 2913 3840 3140 3894; x_wconf 86' lang='lat' dir='ltr'><strong>contra.</strong></span> <span class='ocrx_word' id='word_1_733' title='bbox 3177 3832 3238 3896; x_wconf 90' lang='lat' dir='ltr'><strong>Si</strong></span> <span class='ocrx_word' id='word_1_734' title='bbox 3271 3850 3340 3894; x_wconf 83' lang='lat' dir='ltr'><strong>ex</strong></span> <span class='ocrx_word' id='word_1_735' title='bbox 3381 3851 3451 3895; x_wconf 91' lang='lat' dir='ltr'><strong>eo</strong></span> <span class='ocrx_word' id='word_1_736' title='bbox 3485 3853 3606 3898; x_wconf 85' lang='lat' dir='ltr'><strong>non</strong></span> 
     </span>
    </p>
   </div>
   <div class='ocr_carea' id='block_1_87' title="bbox 1956 3920 3607 4003">
    <p class='ocr_par' dir='ltr' id='par_1_87' title="bbox 1956 3920 3607 4003">
     <span class='ocr_line' id='line_1_87' title="bbox 1956 3920 3607 4003; baseline 0.002 -22"><span class='ocrx_word' id='word_1_737' title='bbox 1956 3928 2065 3991; x_wconf 86' lang='lat' dir='ltr'><strong>est,</strong></span> <span class='ocrx_word' id='word_1_738' title='bbox 2092 3920 2471 4000; x_wconf 86' lang='lat' dir='ltr'><strong>perspicuum</strong></span> <span class='ocrx_word' id='word_1_739' title='bbox 2488 3920 2668 3995; x_wconf 88' lang='lat' dir='ltr'><strong>est,id</strong></span> <span class='ocrx_word' id='word_1_740' title='bbox 2699 3922 3029 4002; x_wconf 88' lang='lat' dir='ltr'><strong>profectum</strong></span> <span class='ocrx_word' id='word_1_741' title='bbox 3059 3940 3190 3984; x_wconf 90' lang='lat' dir='ltr'><strong>esse</strong></span> <span class='ocrx_word' id='word_1_742' title='bbox 3206 3921 3278 3983; x_wconf 90' lang='lat' dir='ltr'><strong>ab</strong></span> <span class='ocrx_word' id='word_1_743' title='bbox 3303 3923 3419 3984; x_wconf 90' lang='lat' dir='ltr'><strong>alio</strong></span> <span class='ocrx_word' id='word_1_744' title='bbox 3443 3925 3607 4003; x_wconf 89' lang='lat' dir='ltr'><strong>prin-</strong></span> 
     </span>
    </p>
   </div>
   <div class='ocr_carea' id='block_1_88' title="bbox 1956 4008 3615 4089">
    <p class='ocr_par' dir='ltr' id='par_1_88' title="bbox 1956 4008 3615 4089">
     <span class='ocr_line' id='line_1_88' title="bbox 1956 4008 3615 4089; baseline 0.002 -19"><span class='ocrx_word' id='word_1_745' title='bbox 1956 4008 2112 4089; x_wconf 90' lang='lat' dir='ltr'><strong>cipio</strong></span> <span class='ocrx_word' id='word_1_746' title='bbox 2135 4018 2317 4088; x_wconf 90' lang='lat' dir='ltr'><strong>atque</strong></span> <span class='ocrx_word' id='word_1_747' title='bbox 2349 4027 2550 4083; x_wconf 87' lang='lat' dir='ltr'><strong>causa;</strong></span> <span class='ocrx_word' id='word_1_748' title='bbox 2579 4027 2713 4071; x_wconf 89' lang='lat' dir='ltr'><strong>nam</strong></span> <span class='ocrx_word' id='word_1_749' title='bbox 2760 4019 2866 4072; x_wconf 90' lang='lat' dir='ltr'><strong>aut</strong></span> <span class='ocrx_word' id='word_1_750' title='bbox 2910 4012 3125 4073; x_wconf 89' lang='lat' dir='ltr'><strong>malum</strong></span> <span class='ocrx_word' id='word_1_751' title='bbox 3162 4030 3231 4073; x_wconf 82' lang='lat' dir='ltr'><strong>ex</strong></span> <span class='ocrx_word' id='word_1_752' title='bbox 3272 4011 3430 4073; x_wconf 91' lang='lat' dir='ltr'><strong>bono</strong></span> <span class='ocrx_word' id='word_1_753' title='bbox 3459 4013 3615 4088; x_wconf 74' lang='lat' dir='ltr'><strong>erit,</strong></span> 
     </span>
    </p>
   </div>
   <div class='ocr_carea' id='block_1_89' title="bbox 1958 4096 3601 4179">
    <p class='ocr_par' dir='ltr' id='par_1_89' title="bbox 1958 4096 3601 4179">
     <span class='ocr_line' id='line_1_89' title="bbox 1958 4096 3601 4179; baseline 0.003 -21"><span class='ocrx_word' id='word_1_754' title='bbox 1958 4096 2301 4159; x_wconf 88' lang='lat' dir='ltr'><strong>autbonum</strong></span> <span class='ocrx_word' id='word_1_755' title='bbox 2342 4116 2412 4158; x_wconf 82' lang='lat' dir='ltr'><strong>ex</strong></span> <span class='ocrx_word' id='word_1_756' title='bbox 2455 4099 2636 4175; x_wconf 87' lang='lat' dir='ltr'><strong>malo;</strong></span> <span class='ocrx_word' id='word_1_757' title='bbox 2669 4099 2758 4161; x_wconf 88' lang='lat' dir='ltr'><strong>vel</strong></span> <span class='ocrx_word' id='word_1_758' title='bbox 2791 4100 2839 4160; x_wconf 91' lang='lat' dir='ltr'><strong>si</strong></span> <span class='ocrx_word' id='word_1_759' title='bbox 2871 4098 2927 4160; x_wconf 89' lang='lat' dir='ltr'><strong>id</strong></span> <span class='ocrx_word' id='word_1_760' title='bbox 2964 4099 3093 4161; x_wconf 81' lang='lat' dir='ltr'><strong>ﬁeri</strong></span> <span class='ocrx_word' id='word_1_761' title='bbox 3126 4118 3244 4160; x_wconf 88' lang='lat' dir='ltr'><strong>non</strong></span> <span class='ocrx_word' id='word_1_762' title='bbox 3277 4107 3489 4179; x_wconf 88' lang='lat' dir='ltr'><strong>potest,</strong></span> <span class='ocrx_word' id='word_1_763' title='bbox 3526 4116 3601 4163; x_wconf 85' lang='lat' dir='ltr'><strong>ex</strong></span> 
     </span>
    </p>
   </div>
   <div class='ocr_carea' id='block_1_90' title="bbox 1959 4185 3594 4270">
    <p class='ocr_par' dir='ltr' id='par_1_90' title="bbox 1959 4185 3594 4270">
     <span class='ocr_line' id='line_1_90' title="bbox 1959 4185 3594 4270; baseline 0.002 -21"><span class='ocrx_word' id='word_1_764' title='bbox 1959 4186 2074 4250; x_wconf 84' lang='lat' dir='ltr'><strong>alio</strong></span> <span class='ocrx_word' id='word_1_765' title='bbox 2101 4185 2393 4266; x_wconf 85' lang='lat' dir='ltr'><strong>principio</strong></span> <span class='ocrx_word' id='word_1_766' title='bbox 2436 4194 2494 4247; x_wconf 91' lang='lat' dir='ltr'><strong>et</strong></span> <span class='ocrx_word' id='word_1_767' title='bbox 2534 4205 2711 4249; x_wconf 90' lang='lat' dir='ltr'><strong>causa</strong></span> <span class='ocrx_word' id='word_1_768' title='bbox 2742 4189 2995 4250; x_wconf 70' lang='lat' dir='ltr'><strong>exsistet</strong></span> <span class='ocrx_word' id='word_1_769' title='bbox 3022 4200 3137 4251; x_wconf 82' lang='lat' dir='ltr'><strong>tam</strong></span> <span class='ocrx_word' id='word_1_770' title='bbox 3171 4187 3391 4249; x_wconf 90' lang='lat' dir='ltr'><strong>bonum</strong></span> <span class='ocrx_word' id='word_1_771' title='bbox 3416 4208 3594 4270; x_wconf 87' lang='lat' dir='ltr'><strong>quam</strong></span> 
     </span>
    </p>
   </div>
   <div class='ocr_carea' id='block_1_91' title="bbox 1959 4274 3596 4359">
    <p class='ocr_par' dir='ltr' id='par_1_91' title="bbox 1959 4274 3596 4359">
     <span class='ocr_line' id='line_1_91' title="bbox 1959 4274 3596 4359; baseline 0.002 -21"><span class='ocrx_word' id='word_1_772' title='bbox 1959 4277 2203 4339; x_wconf 89' lang='lat' dir='ltr'><strong>malum.</strong></span> <span class='ocrx_word' id='word_1_773' title='bbox 2235 4274 2407 4337; x_wconf 88' lang='lat' dir='ltr'><strong>Nulla</strong></span> <span class='ocrx_word' id='word_1_774' title='bbox 2429 4277 2587 4338; x_wconf 90' lang='lat' dir='ltr'><strong>enim</strong></span> <span class='ocrx_word' id='word_1_775' title='bbox 2611 4276 2871 4339; x_wconf 82' lang='lat' dir='ltr'><strong>dualitas</strong></span> <span class='ocrx_word' id='word_1_776' title='bbox 2908 4277 3367 4359; x_wconf 88' lang='lat' dir='ltr'><strong>principiat,sed</strong></span> <span class='ocrx_word' id='word_1_777' title='bbox 3399 4284 3596 4342; x_wconf 84' lang='lat' dir='ltr'><strong>unitas</strong></span> 
     </span>
    </p>
   </div>
   <div class='ocr_carea' id='block_1_92' title="bbox 1958 4364 3591 4448">
    <p class='ocr_par' dir='ltr' id='par_1_92' title="bbox 1958 4364 3591 4448">
     <span class='ocr_line' id='line_1_92' title="bbox 1958 4364 3591 4448; baseline 0.002 -21"><span class='ocrx_word' id='word_1_778' title='bbox 1958 4365 2069 4429; x_wconf 88' lang='lat' dir='ltr'><strong>erit</strong></span> <span class='ocrx_word' id='word_1_779' title='bbox 2101 4364 2461 4447; x_wconf 88' lang='lat' dir='ltr'><strong>principium</strong></span> <span class='ocrx_word' id='word_1_780' title='bbox 2485 4368 2677 4427; x_wconf 87' lang='lat' dir='ltr'><strong>omnis</strong></span> <span class='ocrx_word' id='word_1_781' title='bbox 2708 4367 3032 4431; x_wconf 87' lang='lat' dir='ltr'><strong>dualitatis.</strong></span> <span class='ocrx_word' id='word_1_782' title='bbox 3072 4367 3248 4448; x_wconf 87' lang='lat' dir='ltr'><strong>Atqui</strong></span> <span class='ocrx_word' id='word_1_783' title='bbox 3270 4368 3591 4431; x_wconf 85' lang='lat' dir='ltr'><strong>absurdum</strong></span> 
     </span>
    </p>
   </div>
   <div class='ocr_carea' id='block_1_93' title="bbox 1954 4456 3596 4537">
    <p class='ocr_par' dir='ltr' id='par_1_93' title="bbox 1954 4456 3596 4537">
     <span class='ocr_line' id='line_1_93' title="bbox 1954 4456 3596 4537; baseline 0.002 -21"><span class='ocrx_word' id='word_1_784' title='bbox 1954 4472 2195 4537; x_wconf 75' lang='lat' dir='ltr'><strong>quoque</strong></span> <span class='ocrx_word' id='word_1_785' title='bbox 2220 4470 2333 4535; x_wconf 80' lang='lat' dir='ltr'><strong>eet,</strong></span> <span class='ocrx_word' id='word_1_786' title='bbox 2360 4474 2430 4517; x_wconf 86' lang='lat' dir='ltr'><strong>ex</strong></span> <span class='ocrx_word' id='word_1_787' title='bbox 2453 4475 2571 4517; x_wconf 89' lang='lat' dir='ltr'><strong>uno</strong></span> <span class='ocrx_word' id='word_1_788' title='bbox 2590 4466 2650 4519; x_wconf 90' lang='lat' dir='ltr'><strong>et</strong></span> <span class='ocrx_word' id='word_1_789' title='bbox 2672 4456 2881 4518; x_wconf 88' lang='lat' dir='ltr'><strong>eodem</strong></span> <span class='ocrx_word' id='word_1_790' title='bbox 2897 4458 3012 4518; x_wconf 87' lang='lat' dir='ltr'><strong>duo</strong></span> <span class='ocrx_word' id='word_1_791' title='bbox 3038 4474 3279 4537; x_wconf 90' lang='lat' dir='ltr'><strong>prorsus</strong></span> <span class='ocrx_word' id='word_1_792' title='bbox 3300 4458 3596 4520; x_wconf 79' lang='lat' dir='ltr'><strong>contraria</strong></span> 
     </span>
    </p>
   </div>
   <div class='ocr_carea' id='block_1_94' title="bbox 1951 4545 3593 4627">
    <p class='ocr_par' dir='ltr' id='par_1_94' title="bbox 1951 4545 3593 4627">
     <span class='ocr_line' id='line_1_94' title="bbox 1951 4545 3593 4627; baseline 0.002 -21"><span class='ocrx_word' id='word_1_793' title='bbox 1951 4547 2248 4627; x_wconf 83' lang='lat' dir='ltr'><strong>proﬁcisci</strong></span> <span class='ocrx_word' id='word_1_794' title='bbox 2264 4545 2933 4627; x_wconf 84' lang='lat' dir='ltr'><strong>etexsistere,idemque</strong></span> <span class='ocrx_word' id='word_1_795' title='bbox 2947 4546 3307 4627; x_wconf 80' lang='lat' dir='ltr'><strong>principium</strong></span> <span class='ocrx_word' id='word_1_796' title='bbox 3326 4564 3437 4609; x_wconf 76' lang='lat' dir='ltr'><strong>nec</strong></span> <span class='ocrx_word' id='word_1_797' title='bbox 3451 4548 3593 4609; x_wconf 87' lang='lat' dir='ltr'><strong>sim-</strong></span> 
     </span>
    </p>
   </div>
   <div class='ocr_carea' id='block_1_95' title="bbox 1952 4634 3591 4716">
    <p class='ocr_par' dir='ltr' id='par_1_95' title="bbox 1952 4634 3591 4716">
     <span class='ocr_line' id='line_1_95' title="bbox 1952 4634 3591 4716; baseline 0.001 -20"><span class='ocrx_word' id='word_1_798' title='bbox 1952 4634 2227 4714; x_wconf 87' lang='lat' dir='ltr'><strong>plex,nec</strong></span> <span class='ocrx_word' id='word_1_799' title='bbox 2252 4654 2437 4698; x_wconf 89' lang='lat' dir='ltr'><strong>unum</strong></span> <span class='ocrx_word' id='word_1_800' title='bbox 2460 4653 2614 4710; x_wconf 89' lang='lat' dir='ltr'><strong>esse,</strong></span> <span class='ocrx_word' id='word_1_801' title='bbox 2641 4635 2746 4698; x_wconf 86' lang='lat' dir='ltr'><strong>sed</strong></span> <span class='ocrx_word' id='word_1_802' title='bbox 2771 4636 3027 4697; x_wconf 87' lang='lat' dir='ltr'><strong>divisum</strong></span> <span class='ocrx_word' id='word_1_803' title='bbox 3055 4655 3123 4697; x_wconf 89' lang='lat' dir='ltr'><strong>ac</strong></span> <span class='ocrx_word' id='word_1_804' title='bbox 3148 4635 3385 4716; x_wconf 80' lang='lat' dir='ltr'><strong>duplex,</strong></span> <span class='ocrx_word' id='word_1_805' title='bbox 3403 4636 3591 4699; x_wconf 89' lang='lat' dir='ltr'><strong>etsibi</strong></span> 
     </span>
    </p>
   </div>
   <div class='ocr_carea' id='block_1_96' title="bbox 1949 4724 3593 4806">
    <p class='ocr_par' dir='ltr' id='par_1_96' title="bbox 1949 4724 3593 4806">
     <span class='ocr_line' id='line_1_96' title="bbox 1949 4724 3593 4806; baseline 0.001 -21"><span class='ocrx_word' id='word_1_806' title='bbox 1949 4724 2065 4804; x_wconf 89' lang='lat' dir='ltr'><strong>ipsi</strong></span> <span class='ocrx_word' id='word_1_807' title='bbox 2084 4724 2454 4787; x_wconf 86' lang='lat' dir='ltr'><strong>contrarium</strong></span> <span class='ocrx_word' id='word_1_808' title='bbox 2471 4743 2541 4787; x_wconf 90' lang='lat' dir='ltr'><strong>ac</strong></span> <span class='ocrx_word' id='word_1_809' title='bbox 2570 4727 3146 4806; x_wconf 81' lang='lat' dir='ltr'><strong>repugnans.Neque</strong></span> <span class='ocrx_word' id='word_1_810' title='bbox 3172 4743 3309 4787; x_wconf 87' lang='lat' dir='ltr'><strong>vero</strong></span> <span class='ocrx_word' id='word_1_811' title='bbox 3341 4725 3461 4787; x_wconf 89' lang='lat' dir='ltr'><strong>duo</strong></span> <span class='ocrx_word' id='word_1_812' title='bbox 3491 4743 3593 4787; x_wconf 79' lang='lat' dir='ltr'><strong>re-</strong></span> 
     </span>
    </p>
   </div>
   <div class='ocr_carea' id='block_1_97' title="bbox 1946 4813 3588 4895">
    <p class='ocr_par' dir='ltr' id='par_1_97' title="bbox 1946 4813 3588 4895">
     <span class='ocr_line' id='line_1_97' title="bbox 1946 4813 3588 4895; baseline 0.001 -21"><span class='ocrx_word' id='word_1_813' title='bbox 1946 4831 2078 4875; x_wconf 91' lang='lat' dir='ltr'><strong>rum</strong></span> <span class='ocrx_word' id='word_1_814' title='bbox 2113 4813 2404 4895; x_wconf 82' lang='lat' dir='ltr'><strong>principia</strong></span> <span class='ocrx_word' id='word_1_815' title='bbox 2451 4813 2772 4889; x_wconf 84' lang='lat' dir='ltr'><strong>contraria,</strong></span> <span class='ocrx_word' id='word_1_816' title='bbox 2805 4832 2938 4894; x_wconf 75' lang='lat' dir='ltr'><strong>quae</strong></span> <span class='ocrx_word' id='word_1_817' title='bbox 2966 4813 3082 4877; x_wconf 90' lang='lat' dir='ltr'><strong>sibi</strong></span> <span class='ocrx_word' id='word_1_818' title='bbox 3116 4824 3318 4877; x_wconf 87' lang='lat' dir='ltr'><strong>mutuo</strong></span> <span class='ocrx_word' id='word_1_819' title='bbox 3368 4821 3426 4876; x_wconf 90' lang='lat' dir='ltr'><strong>et</strong></span> <span class='ocrx_word' id='word_1_820' title='bbox 3448 4814 3588 4876; x_wconf 80' lang='lat' dir='ltr'><strong>uui-</strong></span> 
     </span>
    </p>
   </div>
   <div class='ocr_carea' id='block_1_98' title="bbox 1946 4903 3585 4984">
    <p class='ocr_par' dir='ltr' id='par_1_98' title="bbox 1946 4903 3585 4984">
     <span class='ocr_line' id='line_1_98' title="bbox 1946 4903 3585 4984; baseline 0.002 -21"><span class='ocrx_word' id='word_1_821' title='bbox 1946 4920 2118 4964; x_wconf 87' lang='lat' dir='ltr'><strong>verso</strong></span> <span class='ocrx_word' id='word_1_822' title='bbox 2143 4903 2343 4983; x_wconf 83' lang='lat' dir='ltr'><strong>insint,</strong></span> <span class='ocrx_word' id='word_1_823' title='bbox 2371 4921 2634 4981; x_wconf 85' lang='lat' dir='ltr'><strong>pugnare</strong></span> <span class='ocrx_word' id='word_1_824' title='bbox 2659 4922 2894 4984; x_wconf 88' lang='lat' dir='ltr'><strong>quoque</strong></span> <span class='ocrx_word' id='word_1_825' title='bbox 2929 4903 3176 4983; x_wconf 85' lang='lat' dir='ltr'><strong>possint;</strong></span> <span class='ocrx_word' id='word_1_826' title='bbox 3209 4903 3257 4963; x_wconf 88' lang='lat' dir='ltr'><strong>si</strong></span> <span class='ocrx_word' id='word_1_827' title='bbox 3289 4903 3448 4965; x_wconf 90' lang='lat' dir='ltr'><strong>enim</strong></span> <span class='ocrx_word' id='word_1_828' title='bbox 3472 4904 3585 4966; x_wconf 88' lang='lat' dir='ltr'><strong>hoc</strong></span> 
     </span>
    </p>
   </div>
   <div class='ocr_carea' id='block_1_99' title="bbox 1948 4991 3584 5074">
    <p class='ocr_par' dir='ltr' id='par_1_99' title="bbox 1948 4991 3584 5074">
     <span class='ocr_line' id='line_1_99' title="bbox 1948 4991 3584 5074; baseline 0.002 -21"><span class='ocrx_word' id='word_1_829' title='bbox 1948 4993 2227 5074; x_wconf 83' lang='lat' dir='ltr'><strong>detur,ne</strong></span> <span class='ocrx_word' id='word_1_830' title='bbox 2256 4991 2415 5054; x_wconf 85' lang='lat' dir='ltr'><strong>Deus</strong></span> <span class='ocrx_word' id='word_1_831' title='bbox 2445 4994 2684 5074; x_wconf 88' lang='lat' dir='ltr'><strong>quidem</strong></span> <span class='ocrx_word' id='word_1_832' title='bbox 2709 4993 3152 5074; x_wconf 78' lang='lat' dir='ltr'><strong>ipseincolunis</strong></span> <span class='ocrx_word' id='word_1_833' title='bbox 3183 4992 3300 5054; x_wconf 87' lang='lat' dir='ltr'><strong>erit</strong></span> <span class='ocrx_word' id='word_1_834' title='bbox 3331 5011 3584 5056; x_wconf 80' lang='lat' dir='ltr'><strong>vacuus-</strong></span> 
     </span>
    </p>
   </div>
   <div class='ocr_carea' id='block_1_100' title="bbox 1948 5081 3584 5163">
    <p class='ocr_par' dir='ltr' id='par_1_100' title="bbox 1948 5081 3584 5163">
     <span class='ocr_line' id='line_1_100' title="bbox 1948 5081 3584 5163; baseline 0.001 -19"><span class='ocrx_word' id='word_1_835' title='bbox 1948 5101 2063 5163; x_wconf 90' lang='lat' dir='ltr'><strong>que</strong></span> <span class='ocrx_word' id='word_1_836' title='bbox 2090 5081 2686 5163; x_wconf 82' lang='lat' dir='ltr'><strong>molestia,siquidem</strong></span> <span class='ocrx_word' id='word_1_837' title='bbox 2711 5084 2788 5144; x_wconf 90' lang='lat' dir='ltr'><strong>sit</strong></span> <span class='ocrx_word' id='word_1_838' title='bbox 2806 5081 3033 5163; x_wconf 89' lang='lat' dir='ltr'><strong>aliquid</strong></span> <span class='ocrx_word' id='word_1_839' title='bbox 3062 5082 3218 5160; x_wconf 88' lang='lat' dir='ltr'><strong>quod</strong></span> <span class='ocrx_word' id='word_1_840' title='bbox 3242 5100 3378 5143; x_wconf 88' lang='lat' dir='ltr'><strong>eum</strong></span> <span class='ocrx_word' id='word_1_841' title='bbox 3398 5083 3584 5145; x_wconf 73' lang='lat' dir='ltr'><strong>oﬂ‘en~</strong></span> 
     </span>
    </p>
   </div>
   <div class='ocr_carea' id='block_1_101' title="bbox 1947 5170 3583 5253">
    <p class='ocr_par' dir='ltr' id='par_1_101' title="bbox 1947 5170 3583 5253">
     <span class='ocr_line' id='line_1_101' title="bbox 1947 5170 3583 5253; baseline 0.001 -20"><span class='ocrx_word' id='word_1_842' title='bbox 1947 5171 2067 5248; x_wconf 87' lang='lat' dir='ltr'><strong>dat;</strong></span> <span class='ocrx_word' id='word_1_843' title='bbox 2092 5170 2312 5233; x_wconf 92' lang='lat' dir='ltr'><strong>deinde</strong></span> <span class='ocrx_word' id='word_1_844' title='bbox 2327 5181 2540 5233; x_wconf 88' lang='lat' dir='ltr'><strong>cuncta</strong></span> <span class='ocrx_word' id='word_1_845' title='bbox 2564 5181 2739 5234; x_wconf 88' lang='lat' dir='ltr'><strong>erunt</strong></span> <span class='ocrx_word' id='word_1_846' title='bbox 2756 5171 3088 5233; x_wconf 87' lang='lat' dir='ltr'><strong>inordinata</strong></span> <span class='ocrx_word' id='word_1_847' title='bbox 3107 5188 3463 5253; x_wconf 85' lang='lat' dir='ltr'><strong>semperque</strong></span> <span class='ocrx_word' id='word_1_848' title='bbox 3477 5191 3583 5253; x_wconf 80' lang='lat' dir='ltr'><strong>pu-</strong></span> 
     </span>
    </p>
   </div>
   <div class='ocr_carea' id='block_1_102' title="bbox 1944 5258 3578 5342">
    <p class='ocr_par' dir='ltr' id='par_1_102' title="bbox 1944 5258 3578 5342">
     <span class='ocr_line' id='line_1_102' title="bbox 1944 5258 3578 5342; baseline 0.001 -20"><span class='ocrx_word' id='word_1_849' title='bbox 1944 5258 2207 5341; x_wconf 73' lang='lat' dir='ltr'><strong>gnantia;</strong></span> <span class='ocrx_word' id='word_1_850' title='bbox 2249 5260 2409 5342; x_wconf 85' lang='lat' dir='ltr'><strong>atqui</strong></span> <span class='ocrx_word' id='word_1_851' title='bbox 2443 5259 2666 5323; x_wconf 88' lang='lat' dir='ltr'><strong>bonum</strong></span> <span class='ocrx_word' id='word_1_852' title='bbox 2699 5279 2831 5323; x_wconf 85' lang='lat' dir='ltr'><strong>cum</strong></span> <span class='ocrx_word' id='word_1_853' title='bbox 2859 5259 3040 5323; x_wconf 89' lang='lat' dir='ltr'><strong>rebus</strong></span> <span class='ocrx_word' id='word_1_854' title='bbox 3068 5259 3346 5325; x_wconf 89' lang='lat' dir='ltr'><strong>omnibus</strong></span> <span class='ocrx_word' id='word_1_855' title='bbox 3366 5261 3578 5324; x_wconf 85' lang='lat' dir='ltr'><strong>amici-</strong></span> 
     </span>
    </p>
   </div>
   <div class='ocr_carea' id='block_1_103' title="bbox 1546 5513 2254 5586">
    <p class='ocr_par' dir='ltr' id='par_1_103' title="bbox 1546 5513 2254 5586">
     <span class='ocr_line' id='line_1_103' title="bbox 1546 5513 2254 5586; baseline 0.01 -7"><span class='ocrx_word' id='word_1_856' title='bbox 1546 5513 1801 5581; x_wconf 79' lang='lat' dir='ltr'><strong>VABI/E</strong></span> <span class='ocrx_word' id='word_1_857' title='bbox 1819 5514 2140 5582; x_wconf 87' lang='lat' dir='ltr'><strong>LECTION</strong></span> <span class='ocrx_word' id='word_1_858' title='bbox 2148 5515 2254 5586; x_wconf 88' lang='lat' dir='ltr'><strong>ES.</strong></span> 
     </span>
    </p>
   </div>
   <div class='ocr_carea' id='block_1_104' title="bbox 277 5677 1361 5769">
    <p class='ocr_par' dir='ltr' id='par_1_104' title="bbox 277 5677 1361 5769">
     <span class='ocr_line' id='line_1_104' title="bbox 277 5677 1361 5769; baseline 0.003 -30"><span class='ocrx_word' id='word_1_859' title='bbox 277 5685 346 5739; x_wconf 57' lang='grc' dir='ltr'><em>Ἄ</em></span> <span class='ocrx_word' id='word_1_860' title='bbox 375 5684 639 5769; x_wconf 74' lang='grc' dir='ltr'>ἀγαθοῖς.</span> <span class='ocrx_word' id='word_1_861' title='bbox 669 5685 740 5745; x_wconf 75' lang='grc' dir='ltr'><strong>Τὸ</strong></span> <span class='ocrx_word' id='word_1_862' title='bbox 771 5681 845 5748; x_wconf 72' lang='grc' dir='ltr'><strong>δέ,</strong></span> <span class='ocrx_word' id='word_1_863' title='bbox 928 5681 992 5733; x_wconf 75' lang='lat'><strong>93</strong></span> <span class='ocrx_word' id='word_1_864' title='bbox 1023 5679 1261 5764; x_wconf 68' lang='grc' dir='ltr'><strong>δυνατόν³</strong></span> 
     </span>
    </p>
   </div>
  </div>
