4156 6156
315 380 424 444 76ἶ

801 380 895 441 DE
944 379 1237 442 DlVlNlS
1280 375 1727 455 NOMINIBUS,
1774 375 1936 436 CAP.
1991 376 2092 437 IV.
2133 406 2204 417 -
2250 374 2614 436 PARAPHR
2684 366 3197 438 PACHYMEBKE.

3567 370 3686 437 762

315 515 808 595 ἇντιλαμϐάνεταν)
839 518 933 573 καὶ
994 517 1067 578 εἷς
1119 515 1243 587 μίαν
1290 513 1521 592 καθαρὰν
1564 517 1758 591 γνῶσιν
1789 509 1954 566 συνά-

2051 527 2172 590 quae
2227 508 2665 584 illuminantur;
2713 509 2969 592 insuper
3023 527 3162 573 vero
3211 509 3391 574 etiam
3421 527 3680 573 conver-

314 630 505 687 γουσα,
539 607 639 675 τὴν
669 606 987 684 θεογνωσίαν
1017 602 1243 683 δηλαδὴ,
1278 604 1371 670 τὰς
1403 602 1648 667 ποικίλας
1675 600 1824 678 ὄψεις
1868 602 1961 666 τὰς

314 700 388 762 εἰς
433 697 609 755 πολλὰ
639 692 1029 772 μεμερισμένας
1075 693 1344 766 δηλονότι.
1410 694 1569 766 Εἶτα,
1617 696 1740 750 ἐπεὶ
1772 692 1808 760 ἦ
1840 689 1961 767 ὄψις

315 787 679 864 αὗθυπάρκτου
737 788 1051 863 πράγματος
1102 781 1573 864 ἀντιλαμϐάνεται,
1604 784 1669 839 τὰ
1710 780 1768 837 δὲ
1798 780 1961 837 εἳδω-

314 876 382 934 λα
458 882 553 936 οὐκ
661 877 786 933 εἰσὶν
880 876 1075 938 εἰκόνες
1161 874 1361 951 τινῶν,
1421 872 1557 930 ἀλλὰ
1637 872 1961 929 πλαττονται

312 965 418 1043 (διὰ
474 967 628 1023 τοῦτο
670 967 770 1044 γὰρ
800 969 896 1022 καλι
945 962 1144 1020 εἴδωλα
1190 964 1627 1041 ὠνομάσθησαν),
1659 966 1830 1042 φησὶν
1852 959 1957 1034 ὅτι,

314 1057 631 1135 κυριώτερον
661 1054 715 1111 δὲ
760 1056 952 1126 εἰπεῖν,
986 1055 1276 1133 φαντασίας
1310 1056 1474 1109 οἱονεὶ
1524 1049 1953 1125 πλασματώδεις,

311 1146 508 1211 ἐννοίας
540 1148 655 1222 περὶ
685 1145 749 1200 τὰ
782 1144 1023 1211 αἰσθητάο
1070 1142 1228 1201 εἴωθε
1276 1144 1376 1221 γὰρ
1405 1144 1439 1209 ἡ
1472 1143 1731 1222 φαντασία
1765 1146 1853 1197 καὶ
1895 1141 1962 1198 τοὶ

314 1237 391 1309 μὴ
453 1235 578 1291 ὅντα
635 1238 730 1292 καὶ
794 1236 868 1287 ὧν
917 1237 989 1298 εἷς
1066 1239 1262 1313 γνῶσιν
1317 1233 1354 1301 ἢ
1404 1231 1523 1290 θέαν
1580 1231 1674 1288 οὒκ
1731 1230 1960 1307 ἤλθομεν

315 1325 693 1387 ἀναπλάττειν,

2046 598 2207 661 tendi
2246 599 2363 662 vim
2415 597 2769 673 habet,dum
2802 619 2835 661 a
2866 600 3050 663 multa
3079 600 3306 664 visione
3334 600 3406 664 ad
3433 600 3492 661 id
3526 619 3604 679 qu
3630 600 3685 665 id

2046 707 2182 751 vere
2213 698 2306 753 est
2333 689 2634 753 convertit
2662 689 3185 770 (quemadmodum
3219 691 3464 753 lucente
3488 690 3685 753 soleis

2045 778 2146 859 qui
2176 779 2355 854 videt,
2389 779 2460 840 ad
2495 779 2689 859 ipsum
2726 777 2980 856 primum
3013 782 3394 855 convertitur,
3427 782 3566 843 592
3588 783 3682 860 ip-

2045 887 2298 950 sumque
2328 869 2659 950 excipit),et
2687 869 2759 930 ad
2795 887 2972 930 unam
3024 888 3227 949 puram
3260 870 3685 952 cognitionem,

2044 957 2320 1021 videlicet
2368 960 2439 1020 ad
2478 959 2579 1022 Dei
2611 959 2907 1032 notitiam,
2942 958 3184 1020 adducit
3214 960 3373 1021 varia
3409 959 3509 1021 illa
3537 960 3680 1036 visa,

2042 1065 2174 1129 quas
2222 1047 2507 1110 nimirum
2556 1049 2626 1109 ad
2672 1048 2858 1110 multa
2886 1056 3023 1109 sunt
3052 1048 3356 1111 distracta.
3390 1050 3688 1111 Caeterum

2043 1157 2179 1201 cum
2209 1137 2370 1199 visus
2399 1157 2526 1200 rem
2559 1156 2665 1218 per
2694 1156 2758 1199 se
2786 1137 3206 1201 subsistentem
3260 1138 3537 1218 postulet,
3573 1139 3688 1217 ﬁg-

2045 1235 2243 1289 menta
2272 1236 2468 1289 autem
2498 1247 2617 1289 non
2646 1228 2763 1290 sint
2785 1227 3073 1306 imagines
3096 1245 3295 1289 rerum
3328 1227 3688 1309 aliquarum,

2043 1317 2147 1379 sed
2180 1317 2480 1398 ﬁngantur
2503 1316 2663 1399 (nam
2689 1316 2916 1379 idcirco
2940 1317 3221 1396 ﬁgmenta
3253 1315 3685 1397 nominantur),

316 1414 501 1494 magis
558 1412 799 1495 proprie
833 1411 1175 1493 phantasias
1224 1429 1329 1472 seu
1359 1408 1818 1489 imaginationes
1870 1412 2072 1470 vocari
2107 1426 2280 1487 posse
2318 1406 2482 1488 dicit,
2517 1416 2720 1487 utpote
2768 1406 3066 1470 fabulosas
3093 1407 3478 1486 cogitationes
3535 1406 3697 1467 circa

312 1504 610 1577 sensilia;
664 1503 814 1565 solet
871 1501 1031 1563 enim
1071 1501 1414 1579 imaginatio
1475 1501 1649 1563 etiam
1707 1517 1777 1561 ea
1826 1516 1958 1580 quae
1988 1515 2106 1558 non
2141 1505 2300 1567 sunt,
2336 1497 2483 1558 etin
2515 1515 2765 1577 quorum
2817 1496 3213 1575 cognitionem
3246 1498 3335 1558 vel
3384 1504 3689 1577 aSpectum

312 1613 431 1656 non
464 1594 759 1672 venimus,
792 1590 1105 1669 efﬁngere.

391 1684 420 1763 δ
608 1693 773 1742 Τοῦτο
803 1684 863 1738 τὸ
895 1682 1087 1759 ἀγαθὸν
1140 1682 1383 1755 ὑμνεῖται
1415 1685 1511 1737 καῖ
1545 1683 1617 1744 ὼς
1653 1678 1813 1736 Ααλὸν
1858 1683 1954 1734 καὶ

2121 1677 2150 1756 §
2180 1675 2304 1741 VII.
2331 1674 2456 1739 Hoc
2487 1676 2629 1738 item
2681 1678 2904 1737 bonum
2952 1675 3224 1738 laudatur
3253 1677 3427 1739 etiam
3460 1686 3524 1737 ut
3556 1676 3691 1757 pul-

311 1777 385 1839 ὡς
445 1773 664 1847 καλλος,
724 1774 808 1828 διαὶ
863 1774 935 1835 ὡς
983 1771 1191 1851 ἀγάπη,
1225 1773 1312 1827 καὶ
1361 1773 1433 1836 ὡς
1465 1771 1762 1849 ἀγαπητόν,
1796 1769 1953 1841 Εἶτα,

2051 1770 2344 1848 chrum,et
2374 1775 2437 1828 ut
2469 1766 2875 1847 pulchritudo,
2910 1775 2966 1827 et
3013 1775 3075 1828 ut
3115 1767 3379 1841 dilectio,
3411 1774 3468 1829 et
3500 1776 3564 1828 ut
3592 1766 3689 1827 di-

309 1865 423 1921 ἐπεὶ
454 1863 615 1919 καλὸδ
648 1863 744 1938 μὲν
776 1861 885 1917 ἔστι
931 1863 992 1917 τὸ
1043 1868 1135 1917 τοῦ
1179 1860 1404 1924 καλλους
1463 1860 1717 1941 μετέχον,
1764 1858 1956 1920 κάλλος

308 1953 361 2009 δὲ
400 1954 526 2010 aut};
569 1956 629 2009 τὸ
673 1952 1063 2031 μετεχόμενον,
1112 1956 1207 2007 καὶ
1267 1950 1548 2029 ἀγαπητὸν
1590 1952 1687 2025 μὲν
1739 1954 1799 2005 τὸ
1860 1954 1959 2016 τῆς

307 2044 526 2121 ἀγάπης
570 2043 825 2121 μετέχον,
860 2041 1043 2117 ἀγάπη
1074 2039 1129 2096 δὲ
1160 2042 1285 2099 αὒτὸ
1340 2042 1401 2096 τὸ
1449 2039 1839 2119 μετεχὸμενον,
1873 2040 1960 2095 καί

309 2135 392 2214 ἐφ’
421 2136 558 2202 ἡμῖν
614 2136 750 2189 κατὰ
808 2131 1054 2210 διαίρεσιν
1106 2138 1270 2187 ταῦτα
1328 2132 1620 2209 φαίνονται,
1659 2127 1737 2186 ὂέι
1771 2131 1834 2185 τὰ
1866 2128 1960 2203 μέν

311 2227 441 2279 εἰσιν
475 2223 628 2296 ἕξεις,
664 2224 730 2277 τὰ
762 2221 814 2277 61;
849 2222 999 2299 ἑκτὰ,
1035 2223 1218 2299 φησὶν,
1251 2219 1332 2277 ὅτι
1377 2224 1480 2300 οὔχ
1510 2221 1675 2284 οὕτως
1723 2220 1843 2299 ἔχει
1874 2220 1961 2275 καὶ

310 2316 396 2370 ἐπὶ
427 2318 525 2379 τῆς
563 2314 616 2368 ἐν
661 2311 739 2367 ἐνὶ
799 2312 864 2366 τὰ
918 2310 1016 2365 ὅλα
1078 2309 1446 2390 συνειληφυίας
1507 2311 1701 2373 αἰτίας,
1757 2302 1843 2367 Ἐν
1888 2309 1963 2365 ἐνὶ

309 2406 410 2480 γὰρ
442 2404 529 2458 καὶ
556 2408 632 2475 τῷ
667 2403 802 2474 at")th
834 2402 920 2456 καὶ
971 2401 1063 2462 τὰς
1104 2398 1233 2464 ἕξεις
1267 2402 1353 2456 καὶ
1385 2401 1451 2455 τὰ
1484 2400 1614 2456 ἑκτὰ
1646 2398 1959 2474 συλλαμϐά-

311 2512 472 2547 νουσα
524 2491 639 2547 οὔτε
697 2492 770 2551 ὡς
826 2490 1000 2563 ἑκτὸν,
1061 2489 1178 2546 οὕτε
1231 2491 1300 2551 ὼς
1333 2488 1455 2558 ἕξις,
1490 2486 1608 2545 ἀλλ’
1640 2489 1771 2559 ὑπὲρ
1802 2495 1966 2543 ταῦτα

312 2582 467 2652 οὖσα,
519 2583 656 2636 αἰτία
717 2593 834 2642 τοῖς
891 2578 1072 2642 ἄλλοις
1134 2586 1237 2635 τῶν
1295 2580 1550 2635 τοιούτων
1582 2581 1789 2655 ἀγαθῶν
1819 2579 1966 2655 γίνε-

309 2694 420 2728 ται.
473 2670 629 2727 Ὅθεν
686 2671 773 2725 καὶ
829 2668 1023 2733 κάλλος
1083 2669 1180 2742 μὲν
1231 2668 1448 2745 λέγεται
1494 2667 1578 2723 διὰ
1608 2669 1703 2734 τὴν
1734 2667 1785 2731 ἐξ
1816 2669 1970 2723 αὒτοῦ

309 2759 677 2835 διαδιδομένην
724 2765 852 2814 πᾶσι
911 2757 1201 2829 ιιαλλονήν,
1250 2760 1336 2814 καὶ
1396 2756 1479 2812 διὰ
1530 2760 1590 2813 τὸ
1619 2757 1761 2814 εἶναι
1796 2756 1966 2818 αἴτιος

310 2852 492 2917 πάσης
549 2853 891 2927 εὖαρμοστίας
956 2849 1050 2903 ααΐ
1110 2848 1370 2926 ἀγλαΐας*
1432 2847 1652 2914 (καλλος
1712 2847 1812 2925 γὰρ
1853 2849 1966 2902 ἔστι

315 2940 613 3015 συμμετρία
668 2937 848 3012 μελῶν
899 2940 986 2994 καὶ
1073 2941 1248 3017 μερῶν
1307 2938 1441 3012 μετὰ
1481 2943 1582 3003 τῆς
1640 2936 1963 3002 ἐπανθούσης

315 3030 617 3110 εὖχροίας·)
646 3028 682 3097 ἢ
705 3030 790 3084 καὶ
820 3026 901 3083 διὰ
927 3029 988 3083 τὸ
1019 3028 1189 3084 πάντα
1237 3029 1367 3106 πρὸς
1425 3027 1581 3085 ἐαυτὸ
1630 3025 1842 3106 καλεῖν,
1875 3028 1960 3083 καὶ

2043 1859 2588 1920 lectum.Caeterum
2615 1874 2748 1917 cum
2770 1856 3081 1939 pulchrum
3097 1856 3335 1936 quidem
3355 1855 3429 1917 sit
3451 1856 3507 1917 id
3533 1856 3691 1936 quod

2044 1946 2340 2028 particeps
2362 1954 2447 2007 est
2482 1945 2964 2025 pulchritudinis,
2990 1945 3369 2024 pulchritudo
3400 1952 3597 2007 autem
3628 1945 3686 2007 id

2044 2037 2239 2117 ipsum
2264 2037 2420 2116 quod
2454 2036 2858 2116 participatur;
2883 2045 2941 2096 et
2960 2036 3242 2097 dilectum
3272 2036 3511 2116 quidem
3535 2035 3611 2097 sit
3629 2036 3689 2096 id

2044 2124 2199 2207 quod
2238 2125 2540 2208 particeps
2562 2135 2650 2188 est
2672 2124 3038 2204 dilectionis,
3068 2124 3308 2188 dilectio
3339 2124 3560 2185 veroid
3593 2124 3690 2205 ip-

2045 2236 2175 2278 sum
2199 2218 2356 2293 quod
2387 2217 2888 2288 communicatur,
2922 2220 2985 2277 et
3010 2215 3069 2276 in
3103 2213 3274 2277 nobis
3313 2215 3437 2276 haec
3467 2232 3687 2277 secun-

2045 2306 2185 2367 dum
2229 2304 2679 2367 distinctionem
2732 2313 3043 2385 apparent,
3080 2304 3360 2385 quoniam
3394 2304 3520 2366 haec
3550 2311 3687 2365 sunt

2047 2395 2306 2469 habitus,
2345 2395 2449 2458 illa
2496 2412 2636 2456 vero
2688 2395 3011 2469 habituata,
3058 2394 3222 2465 dicit,
3258 2393 3540 2474 quoniam
3574 2413 3694 2455 non

2051 2486 2260 2547 eodem
2296 2485 2471 2546 modo
2498 2503 2563 2545 se
2594 2484 2841 2564 habent,
2876 2484 3054 2546 etiam
3101 2484 3163 2545 in
3217 2501 3415 2557 causa,
3472 2501 3606 2562 quae
3637 2483 3697 2545 in

2052 2595 2171 2637 uno
2198 2574 2618 2653 complectitur
2637 2574 3086 2636 universa.Nam
3110 2574 3169 2635 in
3184 2592 3303 2634 nuo
3326 2581 3384 2635 et
3406 2573 3616 2635 eodem
3641 2581 3702 2635 et

2054 2666 2287 2727 habitus
2312 2672 2369 2727 et
2390 2683 2523 2745 quae
2554 2664 2858 2726 habituata
2889 2673 3026 2726 sunt
3055 2664 3701 2743 complectitur,neque

2056 2764 2117 2816 ut
2160 2755 2529 2816 babituatum
2559 2754 2722 2834 quid,
2773 2772 2886 2816 nec
2916 2762 2979 2814 ut
3009 2753 3268 2833 habitus,
3301 2753 3405 2815 sed
3438 2762 3500 2814 ut
3522 2771 3702 2834 supra

2050 2845 2175 2907 haec
2203 2845 2485 2912 existens,
2507 2843 2641 2904 aliis
2673 2844 2849 2906 etiam
2891 2861 3068 2905 causa
3098 2852 3191 2905 est
3223 2842 3557 2904 istiusmodi
3584 2841 3699 2903 bo-

2047 2955 2281 2998 norum.
2310 2934 2483 2997 Unde
2530 2934 2705 2995 etiam
2763 2933 3136 3014 pulchritudo
3170 2932 3408 3014 dicitur,
3446 2938 3692 3012 propter

2044 3045 2172 3088 eam
2214 3022 2716 3106 pulchritudinem
2763 3041 2938 3104 quam
2969 3020 3248 3084 omnibus
3292 3021 3594 3102 elargitur.
3634 3030 3694 3083 et

314 3123 386 3183 ὡς
422 3121 498 3175 ἀεὶ
529 3119 587 3173 ὃν
618 3120 705 3175 καὶ
735 3116 872 3191 μηδέ
900 3139 1029 3173 ποτε
1062 3119 1373 3192 μειούμενον
1406 3117 1441 3185 ἢ
1487 3116 1638 3181 αὔξον
1715 3118 1809 3182 τὰς
1858 3117 1957 3193 γὰρ

2051 3115 2200 3197 quod
2247 3123 2458 3177 auctor
2489 3115 2566 3175 sit
2596 3120 2789 3175 omnis
2818 3111 3236 3176 concinnitatis
3266 3130 3333 3174 ac
3355 3110 3693 3192 splendoris

320 3207 619 3284 ὑπερϐολὰς
649 3210 738 3264 καὶ
785 3207 1048 3282 ἐλλείψεις
1104 3210 1289 3271 κακίας
1348 3204 1560 3280 οἷδαμεν
1606 3205 1801 3285 λέγειν,
1836 3204 1964 3264 Οὒδὲ

317 3301 455 3356 κατὰ
485 3321 534 3354 τι
566 3300 652 3354 καὶ
681 3298 778 3353 ἀνὰ
810 3296 971 3373 μέρος
1022 3296 1206 3368 καλὸν,
1243 3294 1359 3352 οὒδὶ
1417 3296 1552 3352 κατά
1602 3319 1719 3352 τινα
1766 3296 1961 3375 χρόνον

313 3388 500 3465 καλὸν,
539 3389 674 3443 κατὰ
720 3389 835 3443 τὶνα
877 3386 931 3441 δὲ
982 3388 1040 3442 οὒ
1111 3385 1227 3444 οὐδὲ
1285 3387 1415 3461 πρὸς
1467 3409 1516 3441 τι
1574 3386 1761 3455 καλὸν,
1810 3382 1964 3441 ουδὲ-

314 3501 438 3553 που,
477 3475 592 3540 οὐδὲ
622 3495 781 3532 τισιν·
837 3476 891 3555 (α
935 3474 997 3542 δὴ
1049 3476 1217 3531 πάντα
1270 3477 1331 3531 τὸ
1377 3474 1572 3539 καλλος
1613 3473 1964 3553 περιπέφευγε

316 3565 551 3638 παντως,
586 3574 677 3623 τοῦ
708 3567 823 3622 καθ’
873 3568 1015 3639 ἡμᾶς
1071 3564 1237 3623 καλοῦ
1289 3563 1639 3638 ὑποιειμένου
1690 3564 1742 3629 ἐξ
1794 3564 1964 3639 ἀνάγ-

319 3678 418 3722 κης
452 3669 569 3718 τοῖς
615 3656 877 3719 τοιούτοις
934 3651 1432 3731 προσδιορισμοϊς·)
1491 3651 1610 3709 ἀλλ’
1665 3655 1737 3718 ὼς
1760 3654 1820 3709 τὸ
1851 3650 1965 3708 καθ’

318 3746 472 3801 ἑαυτὸ
529 3744 928 3820 μονοειδὲς-ἀεὶ
962 3742 1019 3799 ὀ¹ν
1048 3741 1236 3814 καλὸν,
1287 3743 1400 3798 ἐπεὶ
1461 3742 1576 3799 οὔτε
1631 3741 1966 3800 σκεδάννυται

317 3839 388 3898 εἷς
422 3834 554 3901 ἔξεις
585 3856 642 3890 τε
674 3836 761 3891 καὶ
818 3832 1075 3913 διαφορὰς
1130 3831 1510 3895 καλλοποιοὺς.
1556 3834 1625 3890 Τὸ
1657 3832 1775 3889 καθ’
1826 3830 1961 3906 ἡμᾶς

317 3927 415 4003 γὰρ
459 3923 656 3987 κάλλος
701 3921 1064 3997 σκεδάννυται,
1100 3920 1231 3977 ἄλλο
1290 3922 1388 3999 γὰρ
1447 3920 1643 3985 κάλλος
1693 3919 1965 4000 ὀφθαλμοῦ

318 4016 506 4093 τδχὸν,
567 4014 652 4069 καὶ
710 4011 843 4068 ἄλλο
897 4010 1091 4077 κάλλος
1147 4011 1313 4088 ῥινὸς,
1380 4012 1466 4066 καὶ
1519 4009 1649 4067 ἄλλο
1677 4012 1964 4087 προσώπου

323 4105 543 4177 παντὸς,
576 4105 664 4159 καὶ
698 4101 830 4158 ἄλλο
862 4106 1081 4179 χειρῶν.
1133 4101 1265 4157 Οὗτε
1326 4102 1456 4176 πρὸς
1514 4100 1680 4163 ἐνίους
1711 4102 1771 4156 τὸ
1799 4099 1961 4156 καλὸν

319 4194 451 4265 ἐστι,
487 4193 616 4271 πρὸς
652 4192 816 4254 ἐνίους
863 4189 916 4245 δὲ
947 4200 1030 4261 οὗ,
1066 4189 1201 4247 ἀλλὰ
1256 4198 1535 4268 πανταχοῦ
1584 4190 1782 4269 πέφυκε
1844 4190 1965 4267 φαί-

319 4287 494 4339 νεσθαι
528 4284 611 4337 ιιαὶ
636 4281 690 4337 ἐν
722 4286 903 4353 πᾶσιν,
937 4280 1066 4356 ὀπειε
1098 4279 1194 4335 οὒκ
1224 4279 1341 4358 ἔχει
1375 4281 1436 4334 τὸ
1488 4276 1605 4335 καθ’
1636 4281 1784 4351 ἡμᾶς
1827 4278 1966 4334 καλ-

318 4375 433 4435 λοςο
465 4373 507 4428 εἷ
537 4372 634 4450 γὰρ
676 4383 798 4433 τοῖς
846 4377 977 4425 πᾶσι
1035 4368 1258 4448 πέφυκεν
1317 4372 1480 4445 εἶναι,
1527 4366 1610 4423 ὅτι
1663 4371 1748 4423 καὶ
1798 4368 1969 4425 πάντα

319 4462 457 4518 γαλὰ
486 4460 626 4539 λίαν,
660 4458 779 4515 ἀλλ’
828 4459 887 4515 οὔ
940 4456 1251 4534 μονοειδῶς.
1308 4456 1492 4514 ’Άλλο
1539 4457 1639 4533 γὰρ
1672 4456 1865 4522 κάλλος
1895 4456 1966 4523 ἠ-

318 4549 458 4629 λίου,
490 4551 578 4606 καὶ
608 4548 738 4606 ἄλλο
768 4547 964 4610 κάλλος
997 4553 1125 4625 γῆς,
1162 4549 1248 4603 οιαὶ
1289 4546 1420 4602 ἄλλο
1471 4544 1685 4619 ὕδατος,
1720 4548 1963 4603 ποικίλα-

319 4642 436 4696 τινέι
466 4637 666 4719 κάλλη,
701 4639 789 4695 καὶ
833 4638 924 4693 οὖν
986 4639 1057 4699 εἰς
1112 4636 1165 4691 ἐν
1216 4636 1571 4713 συναγόμενα·
1609 4638 1666 4691 τὸ
1699 4634 1753 4690 δὲ
1804 4635 1969 4693 ὅντως

320 4728 541 4807 κάλλος,
576 4728 847 4803 μονοειδὲς
877 4728 963 4802 ὃν,
1001 4725 1330 4783 ποικίλλεται
1384 4727 1514 4803 πρὸς
1560 4726 1627 4782 τὰ
1681 4726 1969 4799 ὅποιείμε-

317 4844 404 4893 να,
436 4822 523 4876 καὶ
552 4817 637 4875 διὰ
666 4829 820 4877 τοῦτο
854 4817 1107 4897 προέχειν
1141 4817 1195 4872 ἐν
1226 4816 1397 4889 ἑαυτῴ
1441 4816 1658 4893 λέγεται
1690 4817 1779 4872 καὶ
1829 4814 1966 4870 καλ-

319 4910 508 4982 λονὴν,
542 4911 617 4971 ὡς
647 4912 735 4965 καὶ
766 4910 897 4986 πρὸς
929 4908 1034 4964 τῶν
1066 4905 1552 4984 δημιουργημάτων
1584 4906 1671 4979 ὃν,
1702 4907 1784 4961 καὶ
1807 4907 1969 4982 ὑπερ-

321 5005 525 5078 οχικῶς
557 4999 709 5078 ’ἐχειν
737 5000 799 5054 τὸ
843 4997 1026 5067 κᾶλον,
1060 4998 1132 5054 ὡς
1164 4997 1318 5074 πηγὴ
1374 4998 1458 5052 καὶ
1507 4995 1654 5073 ἀρχὴ
1712 5000 1814 5050 τῶν
1872 5016 1967 5049 κα-

321 5088 426 5145 λσῦν
458 5090 730 5147 ἀπᾶντων.
774 5086 877 5145 Κᾶν
936 5087 1039 5164 cpit?
1096 5085 1270 5142 πολλὰ
1324 5084 1485 5156 καλὰ,
1539 5084 1660 5140 ἀλλ’
1722 5083 1771 5149 ἐξ
1814 5084 1972 5140 αὑτοῦ

322 5180 419 5235 εἱσι
450 5178 619 5234 καλά’
654 5174 786 5254 ἆῦτῇ
815 5177 915 5254 γὰρ
944 5182 1013 5251 τῇ
1072 5177 1327 5254 ὑπερφυεῖ
1376 5174 1612 5250 καλλονῇ
1668 5176 1753 5231 καὶ
1814 5174 1970 5230 ἀναισ-

323 5282 417 5341 τὶῳ
448 5274 593 5324 πᾶσα
627 5267 863 5333 καλλονὴ
915 5268 1004 5321 καὶ
1062 5271 1165 5320 πᾶι
1227 5263 1389 5320 καλὸν
1448 5265 1704 5325 αἰτιατῶς
1738 5263 1969 5343 προῦφέ-

325 5379 545 5424 στηλιεν,
575 5354 834 5421 Ἐνοειδὲς
865 5354 919 5411 δὲ
950 5353 1116 5411 καλὸν
1147 5354 1174 5409 ὀ
1209 5354 1362 5432 Θεὸς,
1400 5352 1513 5409 ἐπεὶ
1565 5356 1624 5410 οὗ
1682 5354 1819 5408 κατὰ
1868 5373 1969 5427 με.

325 5448 499 5527 τοχὴν
551 5455 645 5504 τοῦ
707 5445 956 5517 κάλλους,
994 5444 1154 5506 καλός
1209 5442 1375 5517 ἐστιν,
1409 5446 1481 5506 ὼς
1533 5440 1847 5519 διαιρε”σθαι
1902 5444 1974 5505 εἰς

324 5538 674 5612 ὑποκείμενον
704 5559 754 5593 τι
784 5537 870 5592 καὶ
901 5534 1185 5606 ποιότητα,
1238 5531 1356 5587 ἀλλ’
1391 5533 1540 5596 αὒτός
1593 5532 1704 5588 ἐστι
1755 5534 1841 5587 καὶ
1870 5554 1972 5588 κα-

2052 3204 2459 3285 (pulchritudo
2510 3204 2669 3265 enim
2719 3211 2809 3264 est
2840 3201 3142 3283 proportio
3191 3201 3593 3263 membrorum
3623 3220 3693 3263 ac

2050 3294 2309 3376 partium
2343 3312 2477 3354 cum
2497 3295 2699 3356 colore
2724 3291 3081 3372 ﬁorido),vel
3105 3291 3283 3354 etiam
3309 3292 3470 3369 quod
3495 3298 3696 3352 omnia

2049 3384 2119 3445 ad
2154 3402 2219 3445 se
2241 3394 2428 3446 vocet.
2466 3382 2711 3463 etquod
2744 3399 2985 3460 semper
3028 3382 3103 3443 sit
3133 3391 3191 3443 et
3224 3399 3528 3457 nunquam
3577 3381 3694 3441 mi-

2050 3480 2269 3533 nuatur
2295 3473 2390 3533 vel
2422 3482 2711 3550 augeatur
2743 3491 2758 3545 ;
2818 3489 2957 3530 nam
3006 3488 3285 3532 excessus
3333 3478 3391 3531 et
3422 3469 3692 3531 defectus

2051 3561 2300 3623 malitias
2328 3561 2442 3621 dici
2471 3578 2587 3622 non
2609 3558 3183 3640 ignoramus.Neque
3208 3559 3535 3622 secundum
3551 3559 3690 3641 quid

2051 3659 2109 3712 et
2131 3670 2198 3711 ex
2234 3658 2397 3730 parte
2418 3649 2759 3731 pulchrum,
2789 3666 2983 3728 neque
3002 3648 3320 3728 aliquando
3351 3649 3687 3730 pulchrum,

2050 3739 2363 3819 aliquando
2416 3757 2558 3817 non,
2602 3755 2797 3818 neque
2826 3738 2899 3797 ad
2942 3737 3162 3818 aliquid
3234 3738 3549 3818 pulchrum
3596 3749 3696 3800 aut

2049 3829 2322 3907 alibi,aut
2361 3827 2715 3907 quihusdam
2752 3827 2907 3909 (qua:
2956 3830 3167 3910 utique
3222 3830 3423 3891 omnia
3464 3830 3539 3891 ab
3586 3828 3697 3892 ista

2050 3918 2493 3998 pulchritudine
2523 3918 2769 3980 omnino
2802 3917 2998 3979 aliena
3029 3920 3299 3992 sunt,ubi
3327 3928 3528 3981 nostra
3560 3921 3691 3997 pul-

2047 4008 2328 4070 chritudo
2357 4027 2425 4069 ex
2461 4008 2817 4069 necessitate
2871 4008 3205 4069 istiusmodi
3250 4009 3699 4074 deﬁnitionibus

2047 4098 2313 4176 subjecta
2341 4097 2434 4162 sit;
2466 4096 2569 4159 sed
2603 4106 2664 4157 ut
2690 4099 2885 4177 ipsum
2930 4098 3259 4158 secundum
3293 4116 3360 4161 se
3404 4097 3699 4161 uniforme

2051 4205 2290 4268 semper
2321 4197 2613 4248 exsistens
2645 4187 3271 4267 pulchrum,quoniam
3305 4204 3498 4268 neque
3538 4189 3697 4250 divi-

2052 4277 2210 4338 ditur
2231 4277 2288 4338 in
2316 4277 2547 4338 habitus
2575 4295 2642 4337 ac
2677 4276 3055 4354 pulchriﬁcas
3082 4276 3700 4341 diﬂ'erentiasNostra

2053 4367 2211 4428 enim
2246 4365 2630 4446 pulchritudo
2647 4365 3053 4443 distinguitur;
3082 4385 3214 4426 nam
3246 4365 3551 4437 alia,verbi
3572 4386 3701 4446 gra-

2055 4455 2135 4518 tia
2166 4467 2254 4517 est
2297 4455 2684 4536 pulchritudo
2711 4455 2958 4533 Oculi,et
2990 4456 3105 4518 alia
3137 4456 3516 4537 pulchritudo
3547 4457 3697 4532 nasi,

2056 4556 2115 4607 et
2143 4548 2258 4607 alia
2294 4547 2476 4609 totius
2508 4546 2704 4617 faciei,
2741 4561 2798 4606 et
2831 4546 2945 4607 alia
2976 4565 3278 4608 manuum.
3317 4548 3440 4609 Nec
3482 4556 3541 4608 ut
3571 4548 3702 4609 aliis

2056 4635 2549 4714 formosum,aliis
2583 4653 2715 4696 vero
2743 4637 2996 4709 non,sed
3035 4636 3258 4718 ubique
3288 4646 3532 4716 apparet
3564 4635 3701 4715 pul-

2055 4726 2289 4797 chrum,
2325 4732 2380 4786 et
2412 4725 2471 4784 in
2524 4725 2825 4796 omnibus,
2882 4726 3040 4807 quod
3094 4745 3210 4786 non
3271 4726 3449 4787 habet
3502 4733 3703 4788 nostra

2056 4813 2462 4893 pulchritudo;
2488 4813 2598 4875 etsi
2624 4813 2783 4875 enim
2811 4815 2868 4874 in
2901 4815 3179 4876 numihus
3201 4831 3334 4875 esse
3355 4825 3698 4893 amet,quo-

2056 4903 2212 4962 uiam
2275 4903 2457 4964 etiam
2513 4902 2712 4963 omnia
2744 4905 2883 4965 595
2918 4905 3164 4983 pulchra
3213 4904 3403 4977 valde,
3437 4904 3541 4966 sed
3581 4923 3699 4966 non

2057 4992 2452 5053 uniformiter.
2491 4992 2621 5055 Alia
2676 5003 2767 5054 est
2812 4995 2970 5056 enim
3029 4993 3413 5075 pulchritudo
3445 4994 3609 5067 solis,
3643 5004 3702 5057 et

2054 5081 2169 5143 alia
2201 5082 2577 5160 pulchritudo
2612 5089 2806 5155 terrm,
2843 5091 2904 5143 et
2953 5082 3070 5143 alia
3118 5101 3314 5163 aquae,
3361 5103 3497 5163 quae
3527 5083 3702 5147 variae

2056 5180 2194 5231 sunt
2227 5170 2730 5251 pulchritudines,
2766 5191 2877 5232 nec
2906 5172 2978 5233 ad
3013 5190 3193 5233 unum
3238 5174 3608 5235 conducunt.
3640 5174 3701 5235 ld

2055 5261 2209 5342 quod
2242 5269 2442 5322 autem
2472 5278 2609 5321 vere
2643 5261 3017 5339 pulchritudo
3044 5262 3361 5324 uniformis
3390 5263 3704 5327 exsistitjn

2054 5350 2248 5429 subjet
2273 5350 2345 5411 tis
2377 5350 2731 5429 variegatur,
2754 5351 2979 5412 idcirco
3006 5352 3065 5412 in
3099 5370 3164 5413 se
3197 5353 3701 5432 pulchritudinem

2060 5440 2406 5520 prmhahere
2462 5439 2704 5514 dicitur,
2740 5439 2960 5521 quippe
3009 5442 3168 5521 quod
3219 5450 3358 5503 ante
3403 5451 3706 5503 creaturas

2060 5529 2365 5608 existat,et
2395 5528 2683 5610 quidquid
2716 5529 3030 5609 pulchrum
3064 5538 3153 5591 est
3187 5531 3399 5591 habeat
3434 5529 3707 5591 eminen-

322 5626 412 5683 λὸν
478 5625 565 5682 καὶ
620 5625 841 5698 καλλος,
876 5626 963 5681 καὶ
1018 5624 1147 5700 ὑπὲρ
1202 5631 1390 5680 ταῦτα·
1438 5622 1503 5677 τὰ
1562 5618 1617 5677 δὲ
1655 5620 1762 5677 ἀπὸ
1792 5622 1964 5678 τούτοι

2059 5627 2460 5699 ter,tanquam
2494 5617 2624 5679 fons
2645 5627 2705 5680 et
2733 5618 3089 5697 principium
3140 5618 3530 5698 pulchrorum
3570 5637 3705 5679 om-

325 5716 460 5774 κατὰ
489 5717 735 5797 μετοχὴν
787 5714 926 5771 καλὰ.
975 5713 1029 5770 ἐν
1079 5712 1332 5779 ποιότητι
1371 5711 1431 5767 τὸ
1475 5709 1636 5767 καλὸν
1668 5710 1974 5778 κέκτηνται.

2064 5707 2389 5773 nium.Etsi
2419 5708 2576 5771 enim
2613 5708 2796 5771 multa
2829 5708 3073 5792 pulchra
3089 5708 3437 5787 sint,tameu
3467 5727 3539 5772 ex
3579 5709 3705 5794 ipso
