4156 6156
354 364 475 435 773

798 368 897 437 DE
943 365 1237 435 DIVINIS
1281 354 1732 444 NOMINIBUS,
1778 357 1943 426 CAP.
1992 363 1997 424 :

2085 408 2097 421 .
2150 397 2221 407 —
2269 361 2655 426 PARAPHR.
2702 363 3214 431 PACHYMERIE.

3610 371 3726 435 774

358 502 551 580 ἔρωτος
599 503 894 578 θεωνυμῐαν
922 503 987 559 τὰ
1032 502 1209 571 πλήθη
1242 502 1301 557 0-3
1347 500 1693 579 χωρήσαντα,
1728 495 1997 562 ἐξώλισθοι

2090 493 2366 576 sitquam
2400 497 2588 559 amori
2619 497 2838 560 divino.
2874 502 3004 563 Hoc
3052 500 3231 580 igitur
3273 503 3454 566 divini
3510 508 3735 569 amoris

358 592 443 650 ἰπὶ
490 595 581 649 τὸν
637 590 1037 671 σωματοπρεπῆ
1087 594 1174 647 καὶ
1224 588 1548 668 διῃρημένον
1601 590 1688 645 καὶ
1738 587 2005 667 μεριστόν

358 681 524 746 ἄλλος
561 684 656 762 γὰρ
698 681 860 741 ἄλλου
915 684 1030 757 ἒρᾷ,
1076 682 1163 737 καὶ
1216 678 1377 742 ἄλλος
1426 676 1589 735 ἄλλου
1619 677 1818 755 ἐφίεται
1876 678 2011 732 κατὰ

358 773 452 828 τὸν
508 782 747 830 τοιοῦτον
776 775 967 850 ἔρωτα,
1004 773 1061 833 ὃς
1120 772 1213 826 οῦκ
1243 769 1385 825 ἔστιν
1437 767 1639 834 ἀληθὴς
1685 766 1838 844 ἔρως,
1875 765 2011 821 ἀλλὰ

359 861 567 937 μᾶλλον
599 848 845 932 εἴδωλον,
881 860 916 928 ἢ
948 848 1212 924 ἔκπτωσις
1241 866 1337 917 τοῦ
1364 858 1502 916 θείου
1533 856 1748 935 ἔρωτος.
1788 848 1881 921 Ὠς
1913 857 2011 934 γὰρ

356 952 392 1019 ἡ
445 951 770 1027 κομμωτικὴ
806 951 903 1018 τῆς
943 955 1305 1027 γυμναστικῆς
1361 945 1584 1005 εἴδωλόν
1613 947 1748 1026 ἐστι,
1780 948 1840 1003 τὸ
1882 969 2011 1026 φαι-

360 1039 581 1115 νόμενον
643 1039 1082 1120 ἐπιχρωννύουσα
1125 1037 1348 1117 κάλλος,
1394 1036 1523 1117 ὅπερ
1570 1038 1705 1093 κατὰ
1764 1036 2012 1106 ἀλήθειαν

355 1131 390 1198 ἡ
423 1132 759 1208 γυμναστικὴ
812 1142 984 1208 ποιεῖ,
1020 1131 1106 1184 καὶ
1155 1130 1190 1196 ἡ
1221 1128 1552 1204 ὀψαρτυτικὴ
1596 1125 1690 1193 τῆς
1745 1127 2008 1197 ἰατρικῆς’

357 1218 497 1276 οὕτω
552 1221 640 1278 καὶ
694 1221 723 1275 ὁ
782 1220 1112 1294 σωματικὸς,
1172 1217 1368 1296 ἔρωτος
1426 1226 1519 1275 τοῦ
1574 1217 1713 1273 θείου
1784 1213 2008 1271 εἴδωλόν

354 1307 525 1389 ἔστιν,
562 1308 788 1365 ἐκκαίων
842 1309 929 1365 καὶ
979 1310 1131 1371 οὗτος
1186 1309 1282 1376 τὴν
1338 1307 1544 1386 ψυχὴν,
1578 1304 1696 1361 ἀλλ’
1753 1306 1823 1370 εἷς
1865 1303 2010 1361 οὗδέν

352 1398 636 1474 ἀγαπητὸν
692 1401 781 1455 καὶ
832 1399 1084 1472 μόνιμον,
1118 1397 1153 1465 ἢ
1214 1395 1419 1473 μᾶλλον
1464 1395 1745 1460 ἕκπτωσις’
1804 1393 2008 1459 ἐκεῖνος

353 1488 455 1566 γὰρ
487 1489 514 1543 ὁ
545 1490 687 1549 θεῖος
738 1486 868 1565 ἔρως
926 1489 1125 1543 οἰκεῖός
1161 1487 1271 1544 ἔστι
1302 1491 1369 1553 τῆ
1405 1490 1585 1565 ψυχῇ,
1625 1487 1776 1548 οὗτος
1820 1482 1872 1539 δὲ
1904 1484 2006 1540 ἆλ-

355 1575 565 1655 λότριος
597 1580 687 1634 καὶ
735 1577 1019 1641 ἀνοίκειος.
1057 1569 1230 1636 ’Ὅθεν
1260 1578 1346 1634 κτὶ
1401 1581 1500 1642 τῆς
1534 1576 1717 1654 ψοχῆς
1777 1577 2006 1653 φυσικῶς

354 1668 444 1721 καὶ
500 1666 639 1721 κατὰ
670 1668 830 1745 χᾶριν
887 1667 1122 1746 ἐχούσης
1172 1667 1403 1745 ἒφίεσθαι
1462 1672 1553 1721 τοῦ
1596 1665 1760 1726 ὅντως
1818 1663 2004 1743 καλοῦ,

351 1756 439 1811 καὶ
499 1756 628 1831 πρὸς
681 1757 773 1811 τὸν
815 1754 977 1826 ζῆλον
1032 1755 1191 1812 αὐτοῦ
1221 1753 1693 1831 διαθερμαίνεσθαι,
1744 1751 2007 1831 ἐγγίνεται

2093 603 2313 647 nomen
2338 585 2542 676 vulgus
2571 605 2684 646 non
2721 587 3083 670 intelligens,
3118 610 3185 653 ac
3216 611 3480 655 amorem
3515 614 3728 676 corpo-

2092 692 2260 736 reum
2293 683 2351 735 et
2381 674 2735 737 distractum
2766 694 2834 736 ac
2860 676 3110 739 divisum
3137 681 3429 762 dilapsum
3458 674 3730 756 est;alius

2094 763 2252 824 enim
2287 764 2443 824 aliud
2479 772 2659 843 amat,
2694 773 2751 825 et
2781 765 2933 826 alius
2955 767 3115 828 aliud
3148 773 3372 850 appetit
3401 775 3729 839 secundum

2096 851 2428 915 istiusmodi
2459 872 2748 934 amorem,
2782 854 2884 935 qui
2931 875 3046 916 non
3085 868 3173 917 est
3203 877 3373 920 verus
3403 879 3589 942 amor,
3625 864 3726 928 sed

2097 943 2283 1021 magis
2315 943 2692 1004 simulacrum
2729 944 2817 1005 vel
2870 946 3163 1026 prolapsio
3195 947 3267 1008 ab
3299 967 3503 1012 amore
3532 953 3729 1016 divino

2095 1032 2263 1094 Sicut
2291 1033 2449 1093 enim
2482 1052 2577 1095 ars
2605 1034 2845 1095 fucandi
2896 1036 3278 1099 simulacrum
3316 1049 3408 1099 est
3452 1047 3594 1102 artis
3623 1063 3728 1122 gy-

2099 1123 2575 1194 mnasticee,dum
2606 1123 2738 1185 fuco
2761 1124 2974 1186 coloris
2999 1126 3501 1205 pulchritudinem
3525 1133 3731 1194 menti-

2096 1220 2397 1292 tur,quam
2424 1231 2629 1274 revera
2652 1232 2750 1274 ars
2780 1214 3145 1277 cxercitandi
3176 1225 3234 1277 et
3274 1217 3566 1281 culinaria
3598 1240 3729 1282 me-

2093 1302 2292 1367 dicina
2338 1304 2673 1381 conferunt;
2692 1304 2779 1365 sic
2804 1307 2984 1367 etiam
3013 1324 3180 1368 amor
3203 1323 3524 1387 corporeus
3548 1310 3730 1372 simu-

2093 1391 2320 1453 lucrum
2349 1395 2681 1454 estamoris
2729 1395 2935 1469 divini,
2969 1415 3101 1457 cum
3136 1396 3230 1458 hic
3263 1398 3439 1459 etiam
3471 1399 3727 1461 animam

2092 1482 2513 1556 accendat,sed
2539 1484 2610 1544 ad
2644 1484 2790 1545 nihil
2815 1483 3105 1564 diligibile
3133 1504 3203 1547 ac
3224 1486 3607 1568 stabile,quin
3630 1510 3731 1570 pu-

2093 1572 2208 1631 tius
2221 1572 2444 1634 amoris
2474 1571 2673 1650 lapsus
2704 1582 2798 1634 est
2825 1595 2838 1636 :
2867 1574 3159 1655 siquidem
3185 1575 3416 1638 divinus
3439 1578 3537 1639 ille
3564 1598 3732 1641 amor

2095 1661 2369 1740 proprius
2415 1676 2505 1722 est
2545 1663 2783 1737 animae,
2819 1664 2915 1724 hic
2945 1673 3139 1726 autem
3185 1664 3413 1727 alienus
3444 1676 3503 1728 et
3531 1677 3729 1730 extra-

2092 1769 2264 1813 ncus.
2290 1750 2459 1814 Unde
2481 1752 2657 1815 etiam
2703 1759 2916 1816 animae
2942 1754 3286 1816 naturaliter
3312 1765 3369 1817 et
3397 1758 3727 1821 secundum

353 1843 454 1919 μὲν
508 1846 543 1912 ἡ
603 1845 828 1911 τοιαάτη
885 1844 1053 1923 θέρμη
1086 1846 1173 1900 καὶ
1229 1844 1457 1911 κίνησις*
1523 1842 1663 1910 πλὴν
1707 1842 1997 1899 ἐκπῖπτειὲ

2091 1841 2334 1919 gratiam
2371 1842 2605 1903 insitum
2638 1851 2749 1916 est,
2774 1853 2836 1904 ut
2857 1862 3059 1905 verum
3081 1845 3223 1905 400
3252 1845 3472 1909 bonum
3497 1858 3735 1928 appetat

352 1941 471 1996 νοῦς
532 1938 630 2001 τῆς
660 1932 919 2001 ἀληθινῆς
972 1935 1218 2012 κρίσεως,
1251 1934 1340 1989 καὶ
1391 1932 1458 1988 δι’
1488 1930 1705 2007 ὀρέξεως
1757 1935 1997 2009 συλαγω-

2093 1939 2150 1992 et
2179 1931 2249 1991 ad
2285 1932 2573 1993 fervorem
2626 1932 2752 2010 ejus
2806 1933 3149 2015 incalescat,
3201 1938 3477 2015 quoniam
3523 1938 3728 2000 istius-

351 2036 560 2101 γεῖται,
597 2025 680 2079 οιαὶ
738 2025 799 2079 τὸ
832 2025 1061 2098 μισητὸν
1107 2024 1243 2079 κατὰ
1288 2025 1437 2102 φῦσιν
1469 2024 1709 2079 ποθεινὸν
1768 2023 1997 2099 ἡγεῖται.

2093 2019 2253 2080 modi
2287 2021 2546 2082 calorem
2595 2040 2664 2082 ac
2711 2029 2930 2083 motum
2982 2024 3214 2100 inserit;
3248 2043 3448 2086 verum
3505 2046 3733 2092 mensa

345 2115 435 2169 καὶ
485 2114 555 2168 ὼε
590 2112 748 2188 μένον
806 2115 867 2169 τὸ
916 2112 1325 2191 παρερχόμενον
1362 2111 1593 2190 στέργει,
1624 2114 1799 2176 καθὼς
1843 2111 1997 2187 εἴρη-

2085 2128 2226 2171 vero
2246 2109 2478 2188 judicio
2503 2110 2829 2183 aberrat,et
2855 2130 2961 2191 per
2993 2114 3536 2194 concupiscentiam
3561 2136 3728 2180 aver-

349 2221 459 2259 ται·
524 2193 618 2267 Ὦς
674 2202 878 2258 ἑστῶτα
929 2200 1267 2281 ἐλογίσαντο,
1315 2204 1400 2257 καί
1464 2205 1566 2280 οὔχ
1596 2203 1665 2262 ὡς
1718 2224 1997 2281 φευγοντχ,

2092 2200 2238 2261 titur
2268 2210 2324 2260 et
2360 2200 2413 2260 id
2445 2203 2600 2280 quod
2661 2202 2986 2262 secundum
3033 2193 3296 2264 naturam
3332 2203 3464 2265 odio
3500 2205 3729 2269 haben-

353 2292 451 2349 Καὶ
479 2291 632 2347 τοῦτό
685 2291 826 2347 ἐστιν
854 2293 887 2358 ἡ
946 2299 1039 2348 τοῦ
1069 2292 1206 2347 θείου
1239 2290 1430 2369 ἔρωτος
1478 2289 1765 2369 ἔκπτωσις,
1800 2293 1860 2346 ἐκ
1915 2298 1997 2346 τοῦ

2090 2289 2227 2349 dum
2265 2289 3159 2363 est,existimatdesiderandum
3197 2304 3419 2367 esse,et
3453 2306 3729 2377 tanquam

353 2380 587 2445 ἀπαθοῦς
622 2382 693 2443 εἷς
752 2382 841 2437 τὸν
875 2380 1114 2460 ἐμπαθῆ,
1149 2380 1208 2437 ἐκ
1255 2392 1346 2439 τοῦ
1375 2381 1514 2439 θείου
1560 2382 1633 2442 εἷς
1666 2382 1755 2435 τὸν
1813 2404 2000 2454 σωμα-

353 2472 521 2543 τικὸν,
560 2470 618 2527 ἐκ
676 2478 767 2526 τοῦ
826 2469 984 2529 ἄθλου
1036 2473 1107 2531 εἰς
1167 2473 1258 2527 τὸν
1310 2470 1511 2527 ἕνυλοΨ
1576 2471 1861 2548 ἀχώρητον
1906 2473 2003 2548 γάρ

348 2561 461 2616 ἐστι
493 2565 569 2632 τῷ
597 2566 703 2616 τῶν
748 2558 962 2615 πολλῶν
998 2559 1188 2630 πλήθει
1222 2562 1280 2615 τὸ
1340 2562 1540 2615 ἑνιαϊον
1574 2570 1662 2615 τοῦ
1694 2563 1830 2616 θείου
1866 2559 1999 2623 ἔρω-

346 2673 463 2722 τος,
498 2650 585 2706 καὶ
633 2648 717 2707 διὰ
766 2659 941 2728 τοῦτο,
998 2652 1069 2715 ὡς
1115 2650 1527 2728 δυσχερέστερον
1575 2654 1662 2706 καὶ
1713 2647 2000 2715 διαϐεϐλη-

345 2739 504 2814 μένον
560 2739 648 2796 ἐπὶ
682 2746 775 2796 τοῦ
829 2748 983 2813 Θεοῦ,
1016 2741 1259 2795 τάττεται
1313 2743 1444 2816 πρὸς
1479 2742 1538 2795 τὸ
1570 2739 1753 2804 ἀνάξαι
1798 2741 2002 2804 τούτοις

2088 2379 2230 2457 quid
2266 2398 2624 2458 permanens
2680 2380 2737 2440 id
2800 2382 2956 2459 quod
3014 2382 3417 2443 transitorium
3449 2394 3560 2459 est,
3597 2406 3727 2449 am-

2089 2468 2387 2548 plectitur,
2412 2470 2562 2529 sicut
2585 2469 2801 2530 rlictum
2824 2480 2931 2545 est,
2969 2472 3105 2549 quia
3138 2482 3412 2551 tanquam
3448 2476 3720 2538 stabilem

2085 2557 2341 2637 amabat,
2378 2570 2437 2618 et
2471 2578 2588 2619 non
2621 2569 2899 2635 tanquam
2951 2559 3238 2639 fugacem.
3274 2562 3350 2624 Et
3383 2564 3475 2624 hic
3506 2575 3595 2625 est
3623 2568 3719 2627 di-

2091 2648 2202 2709 vini
2237 2647 2457 2708 amoris
2490 2649 2707 2727 lapsus.
2758 2668 2826 2709 ex
2860 2649 3215 2726 impassibiii
3248 2656 3305 2711 in
3351 2653 3713 2733 passibilem,

2087 2756 2156 2797 ex
2193 2736 2393 2798 divino
2427 2737 2484 2798 in
2514 2756 2973 2817 corporeum,ex
3019 2739 3398 2801 immateriali
3439 2743 3497 2803 in
3532 2755 3720 2808 mate-

344 2830 421 2892 εἰς
455 2832 556 2897 τήν
586 2837 678 2887 τοῦ
731 2828 898 2894 ὅντως
931 2828 1125 2908 ἔρωτος
1167 2832 1385 2906 γνῶσιν,
1418 2830 1507 2885 καί
1558 2829 1694 2886 ὥστε
1725 2832 1996 2905 συντόμως

2085 2825 2316 2897 rialem;
2351 2827 2509 2904 vulgi
2538 2827 2696 2888 enim
2735 2830 2906 2890 turba
2945 2848 3062 2889 non
3112 2833 3267 2910 capit
3298 2833 3538 2893 unicum
3572 2836 3717 2899 illud

344 2917 672 2985 ἀπολυθῆναι
723 2923 821 2987 τῆς
851 2920 1099 2985 τοιαύτης
1145 2919 1529 2994 διεψευῑτμένης
1590 2917 1743 2986 δόξης
1793 2919 1851 2976 ἐκ
1907 2928 1992 2977 τοῦ

2082 2915 2260 2976 divini
2290 2917 2535 2988 amoris,
2563 2926 2620 2978 et
2652 2916 2899 2990 idcirco,
2928 2926 3206 2998 tanquam
3237 2917 3295 2981 id
3326 2921 3488 2997 quod
3516 2924 3722 2988 durius

343 3009 629 3087 γινώσκειν
687 3007 1119 3084 διαϐεϐλημένην
1166 3016 1258 3074 την
1314 3007 1450 3073 λέξιν
1508 3011 1600 3064 τοῦ
1642 3007 1855 3086 ἔρωτος,
1907 3012 1996 3066 καὶ

2082 3005 2155 3066 sit
2185 3014 2242 3066 et
2275 3005 2760 3095 magisexosum,
2811 3007 2884 3067 ile
2945 3007 3064 3070 Deo
3124 3010 3383 3091 ponitur,
3420 3020 3479 3072 ut
3511 3014 3718 3095 vulgus

342 3100 534 3168 ἥκιστα
595 3105 671 3171 τῷ
702 3105 817 3172 Θεῷ
872 3098 1193 3176 πρέπουσαν.
1232 3096 1381 3155 Οὕτω
1423 3098 1523 3177 γὰρ
1571 3100 1658 3155 καὶ
1690 3101 1742 3154 ἓν
1791 3106 1858 3176 τῇ
1905 3099 1994 3156 οὗ·

2082 3093 2246 3155 hisce
2278 3100 2334 3155 in
2366 3094 2725 3184 veriamoris
2742 3097 3143 3167 cognitionem
3168 3093 3715 3184 adducatur,utque

345 3186 505 3267 ρανίῳ
553 3187 797 3267 ἷεραρχία
831 3190 1015 3268 φησὶν,
1047 3187 1127 3243 ὅτι
1178 3189 1239 3242 τὸ
1284 3186 1488 3262 μᾶλλον
1536 3189 1874 3268 ἆπεμφαϊνον
1905 3189 1994 3244 εῦ-

2084 3185 2440 3263 compendio
2460 3183 2533 3246 ab
2565 3185 2903 3247 istiusmodi
2925 3187 3068 3247 falsa
3090 3186 3371 3265 opinione
3397 3183 3715 3269 liberetur,

342 3277 503 3356 χερές
563 3276 702 3332 ἐστιν
745 3277 829 3333 ἐπὶ
887 3285 1019 3334 Θεοῦ
1062 3275 1329 3355 λέγεσθαι,
1364 3278 1450 3332 καὶ
1480 3277 1643 3334 πλέον
1689 3284 1782 3335 τοῦ
1838 3280 1997 3345 ἦττον

2084 3272 2222 3333 dum
2255 3273 2549 3352 intelligit,
2577 3275 2750 3336 etiam
2781 3293 3021 3337 exosum
3074 3277 3221 3338 alias
3251 3280 3474 3340 amoris
3496 3300 3713 3345 nomen

346 3368 612 3445 τοιούτου,
663 3368 736 3431 ὡς
797 3366 1145 3444 ἀπαγομένης
1204 3367 1432 3422 ἐντεῦθεν
1489 3372 1587 3435 τῆς
1619 3365 1848 3433 διανοίας
1907 3368 1997 3424 εὖ-

2083 3371 2140 3423 et
2176 3360 2381 3423 intima
2411 3382 2665 3444 quasque
2720 3364 2834 3445 ipsi
2866 3369 2988 3428 Deo
3020 3376 3381 3444 competere.
3432 3369 3530 3432 Sic
3556 3373 3713 3435 enim

345 3455 542 3531 κόλως,
579 3456 659 3514 ὅτι
705 3458 763 3513 οῦ
792 3457 944 3516 τοῦτό
995 3458 1137 3513 ἐστιν
1167 3458 1194 3513 ὁ
1240 3458 1390 3529 Θεὸς,
1424 3454 1560 3513 ἀλλὰ
1586 3458 1720 3514 κατά
1747 3480 1870 3515 τινα
1900 3456 1997 3515 λό-

2083 3451 2337 3513 etiamin
2368 3452 2608 3515 Calesti
2625 3454 2907 3516 hierarch
2920 3456 2979 3515 ia
3000 3453 3079 3515 ait
3114 3456 3208 3516 «Μ
3229 3456 3385 3536 quod
3406 3460 3589 3538 magis
3619 3462 3719 3523 ab-

340 3568 435 3626 γον
466 3545 673 3622 ὑψηλὸν
699 3545 839 3603 οὕτω
894 3545 1135 3624 λέγεται.
1172 3548 1256 3608 Τίς
1294 3547 1392 3623 γὰρ
1426 3545 1715 3613 ὑπονοήσει
1746 3550 1836 3604 τὸν
1868 3550 1997 3604 Θεὸν

2082 3560 2291 3631 sonum
2319 3551 2409 3603 est
2430 3551 2761 3623 opportune
2782 3545 2855 3605 de
2881 3543 2996 3605 Deo
3021 3545 3358 3626 dici,eoque
3392 3554 3577 3627 magis
3599 3570 3715 3631 quo

340 3636 608 3715 πάνθηροι,
640 3637 675 3705 ἢ
732 3636 920 3693 λέοντα
957 3658 973 3713 ;
1035 3643 1157 3703 Φῶς
1198 3634 1276 3715 δὲ,
1310 3636 1346 3705 ἢ
1404 3648 1529 3716 πῦρ,
1563 3637 1596 3704 ἢ
1643 3644 1849 3713 πνεῦμα
1908 3638 1994 3695 ἐπὶ

342 3734 474 3783 Osca
532 3724 822 3803 λεγόμενον
874 3725 1078 3800 μᾶλλον
1134 3726 1313 3799 ἄπατᾷ
1341 3726 1439 3795 τὴν
1492 3725 1748 3799 διάνοιαν,
1780 3726 1992 3802 μήποτέ

340 3838 391 3873 τι
435 3816 633 3872 τούτων
663 3815 792 3877 ἐστί.
845 3818 946 3874 Τὸν
976 3817 1133 3873 αὖτὸν
1179 3817 1374 3894 τρόπον
1404 3815 1496 3873 καΐ
1547 3816 1631 3873 ἐπὶ
1662 3827 1754 3876 τοῦ
1797 3815 1989 3895 ἔρωτος

338 3906 437 3976 τῆς
497 3907 762 3988 ἆγάπης⁶·
813 3906 900 3965 ἐπὶ
955 3908 1053 3983 μὲν
1099 3916 1228 3966 Θεοῦ
1256 3909 1317 3966 τὸ
1379 3908 1633 3990 δυσχερὲς
1689 3907 1856 3985 ὄνομα
1895 3917 1990 3967 τοῦ

341 3999 536 4077 ἔρωτος
594 3999 862 4072 τάττεται,
893 3997 975 4078 ἐφ’
1026 4000 1181 4075 ἡμῶν
1240 3997 1316 4073 δὲ,
1365 3999 1483 4056 ἔνθα
1541 4000 1634 4056 καῖ
1692 3998 1888 4056 ἄτοπόν
1945 4023 1994 4057 τι

338 4088 597 4151 πολλάκις
627 4088 693 4155 ἧν
725 4090 964 4155 οἷηθῆναί
1009 4110 1152 4153 τινας
1183 4096 1288 4145 τῶν
1341 4088 1695 4169 χαμαιζήλων
1724 4090 1811 4145 καὶ
1841 4112 1995 4170 μοχ-ι

340 4180 537 4255 θηρῶν,
572 4179 605 4245 ἡ
642 4177 913 4256 ἀγάπησις
961 4176 1174 4254 λέγεται
1230 4179 1614 4258 εὗφημότερον,
1647 4179 1780 4233 κατᾶ
1834 4180 1895 4234 τὸ
1937 4182 1993 4235 ἓν

335 4272 404 4343 τῇ
448 4268 634 4346 πρώτῃ
685 4273 791 4323 τῶν
826 4265 1114 4325 Βασιλειῶν
1153 4268 1296 4346 παρὰ
1343 4274 1436 4324 τοῦ
1484 4267 1649 4323 Δαυίδ
1691 4268 1820 4347 πρὸς
1867 4267 1989 4324 Ἰω-

338 4356 510 4432 νοίθαμ
571 4354 882 4434 λεγόμενον.
953 4353 1103 4414 Ἐπεὶ
1157 4369 1274 4419 τοῖς
1331 4357 1496 4435 ὀρθῶς
1547 4356 1793 4412 ἀκούωσι
1856 4359 1988 4435 πρὸς

2075 3630 2248 3693 vilius
2275 3632 2493 3708 existit;
2514 3632 2790 3714 quoniam
2815 3634 2949 3694 hinc
2975 3634 3148 3696 facile
3173 3654 3342 3697 mens
3365 3630 3706 3719 abducitur,

2078 3729 2139 3783 ut
2160 3720 2591 3802 cogitet,Deum
2617 3742 2734 3785 non
2750 3742 2880 3785 esse
2895 3723 3358 3799 istiusmodi,sed
3383 3730 3710 3794 secundum

2074 3810 2391 3874 sublimem
2411 3812 2667 3894 aliquem
2683 3831 2922 3876 sensum
2937 3815 3019 3876 sic
3032 3816 3340 3896 appellari.
3358 3843 3378 3874 ›
3392 3819 3534 3893 Quis
3552 3823 3712 3886 enim

2073 3901 2409 3982 opinabitur
2432 3903 2619 3967 Deum
2641 3905 2991 3985 pantheram
3018 3923 3152 3969 esse
3175 3906 3259 3968 vel
3293 3908 3563 3971 leonem?
3591 3912 3715 3974 Lux

2077 3999 2275 4083 autem
2300 3992 2389 4054 vel
2412 3992 2564 4072 ignis
2590 3999 2669 4054 vel
2696 3996 2938 4072 spiritus
2966 4013 3102 4056 cum
3151 3996 3225 4057 de
3257 3999 3377 4059 Deo
3408 3999 3713 4083 dicuntur,

2077 4080 2308 4144 facilius
2365 4090 2622 4144 mentem
2674 4083 2955 4144 aberrare
2996 4084 3231 4155 faciunt,
3270 4104 3345 4147 ne
3394 4087 3543 4149 forte
3570 4080 3713 4170 quid

2077 4170 2287 4232 horum
2322 4170 2648 4233 sit.Eodem
2688 4173 2863 4233 modo
2895 4172 3070 4234 etiam
3099 4173 3176 4234 de
3202 4170 3404 4235 amere
3431 4196 3499 4238 ac
3533 4177 3713 4241 dilec-

2077 4260 2262 4340 tione;
2286 4260 2347 4323 in
2372 4261 2492 4323 Deo
2518 4261 2760 4339 quidem
2790 4281 3036 4325 exosum
3069 4263 3214 4324 illud
3251 4282 3467 4326 nomen
3491 4272 3711 4332 amoris

2076 4351 2338 4431 ponitur,
2364 4351 2424 4413 in
2459 4351 2631 4413 nobis
2661 4361 2885 4420 autem.
2920 4352 3018 4413 ubi
3049 4371 3461 4432 siepenumero
3484 4358 3707 4438 aliquid

334 4451 442 4502 τῶν
498 4448 650 4523 ἱερῶν
707 4445 973 4524 θεολὸγων
1031 4444 1393 4521 ταύτοδ·3ναμα
1450 4446 1729 4503 τάττονται
1770 4446 1835 4502 τὰ
1900 4445 1989 4504 δύο

2082 4441 2391 4503 absurdum
2424 4442 2695 4504 homines
2725 4451 2898 4504 terrae
2926 4442 3086 4503 afﬁxi
3116 4443 3400 4522 suspicari
3447 4460 3706 4526 possent,

334 4542 499 4594 ταῦτα
558 4535 793 4609 ὁνὸματα
828 4537 900 4600 εἰς
944 4536 1039 4598 τὰς
1096 4535 1238 4600 θείας
1293 4534 1658 4614 ἔκφαντορίας,
1695 4535 1782 4592 καὶ
1826 4534 1987 4602 δηλοῖ

2082 4530 2309 4593 iilectio
2339 4531 2575 4603 dicitur;
2624 4530 2781 4611 quod
2827 4549 3043 4592 nomen
3096 4532 3402 4595 honestius
3453 4536 3707 4615 videtur,

333 4623 433 4694 τὴν
493 4624 739 4681 ἑνοποιὸν
783 4626 873 4682 καὶ
931 4625 1287 4704 συγκρατιδιὴν
1347 4622 1565 4700 δύναμιν
1622 4624 1676 4680 ἐν
1741 4631 1817 4699 τῷ
1874 4626 1989 4701 Θεῷ

2082 4620 2234 4697 iuxta
2263 4620 2408 4683 illud
2431 4620 2587 4703 quod
2623 4623 2681 4681 in
2707 4621 2893 4701 primo
2927 4622 3151 4702 Regum
3183 4640 3218 4684 a
3250 4622 3467 4687 Davide
3514 4627 3587 4688 ad
3611 4628 3708 4690 Jo-

334 4714 769 4794 προϋφεστῶσαν,
826 4712 910 4771 διὰ
969 4716 1031 4771 τὸ
1082 4713 1248 4771 καλὸν
1305 4714 1392 4770 καὶ
1437 4714 1655 4795 ἀγαθὸν,
1714 4714 1806 4771 ἵνα
1851 4737 1986 4793 συγ-

333 4809 623 4882 κιρνῶνται
678 4801 882 4872 δηλαδή
911 4804 979 4861 τὰ
1036 4802 1205 4860 πάντα
1237 4805 1308 4867 ὡς
1358 4803 1582 4883 ἐρῶντα,
1616 4804 1785 4878 τούτῳ
1814 4802 1878 4873 δὴ
1909 4806 1987 4880 τῷ

335 4900 450 4968 Θεῷ
493 4896 566 4958 ὡς
617 4894 866 4972 ἐρωμένῳ
925 4891 1074 4968 καλῷ
1121 4896 1210 4951 καὶ
1259 4893 1464 4972 ἀγαθῷ,
1497 4894 1587 4951 καὶ
1624 4894 1683 4951 ἐκ
1713 4894 1803 4951 τοῦ
1855 4901 1985 4951 Θεοῦ

334 4980 675 5059 ἐνδιδομένην
705 4982 791 5041 διὰ
821 4985 880 5040 τὸ
911 4982 1076 5041 καλὸν
1106 4983 1267 5044 πάλιν
1304 4985 1392 5041 καὶ
1421 4984 1637 5064 ἀγαθὸν,
1666 4983 1760 5040 ἵνα
1787 4980 1984 5051 δηλον-

333 5073 414 5128 ὁτι
458 5074 593 5153 πρὸς
652 5071 860 5141 ἄλληλα
892 5073 958 5131 τὰ
990 5072 1087 5149 μὲν
1116 5075 1359 5153 ὁμοταγῆ
1411 5072 1738 5154 συνέχωνται
1769 5077 1842 5139 ὡς
1887 5074 1986 5131 ἀνὰ

333 5161 492 5241 μέρος
551 5162 754 5243 ἐρῶντά
783 5185 840 5221 τε
872 5164 962 5221 καὶ
1020 5162 1282 5243 ἐρώμενοι·
1315 5165 1382 5223 τὰ
1437 5162 1492 5220 δὲ
1522 5164 1705 5241 πρῶτα
1736 5165 1865 5243 πρὸς
1922 5166 1986 5220 τὰ

330 5252 588 5333 ὑφειμένα
660 5267 900 5311 κινοῖντο
955 5253 1040 5309 καὶ
1113 5251 1275 5332 έρῴεν
1329 5262 1528 5311 τούτων
1598 5254 1982 5333 προνοούμενοι,

331 5339 425 5397 ἵνα
486 5343 559 5403 ὡς
592 5342 749 5398 ἑαυτὰ
793 5343 1020 5399 κάκεῖνα
1048 5341 1334 5409 ποιήσωσι·
1394 5343 1461 5399 τὰ
1490 5340 1545 5398 δὲ
1603 5339 1986 5421 καταδεέστερα

329 5432 464 5509 πρὸς
522 5432 589 5488 τὰ
618 5430 877 5511 ὑπέρτερα
922 5431 1273 5509 ἆγαπὴτικῶς
1304 5431 1483 5512 ἔχοιεν
1537 5430 1979 5512 ἐπιστρεφόμεναι,

326 5517 423 5576 ίἰνςιι
480 5519 730 5596 κάκεῖνα,
766 5523 839 5586 ὡς
891 5516 1133 5596 δυνατὸν,
1162 5519 1259 5589 τῆς
1310 5519 1594 5601 ὕπερτέρας
1625 5517 1782 5587 ἕξεως
1840 5521 1984 5578 ἀπο-

327 5604 591 5673 λαύωσιν.

2070 4710 2307 4773 natham
2339 4710 2732 4775 dicitur.Cum
2765 4721 2966 4773 autem
3001 4714 3060 4774 in
3092 4713 3274 4775 sacris
3308 4716 3381 4775 de
3414 4717 3536 4778 Deo
3575 4736 3707 4780 ser-

2072 4801 2350 4862 monibus
2395 4808 2609 4863 arecte
2654 4801 3054 4864 sentientibus
3103 4804 3218 4864 duo
3263 4803 3389 4864 haec
3437 4807 3702 4882 nomina,

2068 4906 2180 4951 ceu
2199 4889 2647 4971 aaquipollentia
2688 4890 2902 4952 divinis
2939 4890 3480 4972 explanationibus,
3531 4897 3707 4959 adhi~

2067 4979 2706 5069 beantur,atuniticam
2737 4982 3057 5058 quamdam
3089 4980 3361 5044 virtutem
3394 5002 3501 5047 seu
3527 5005 3705 5069 copu-

2068 5068 2229 5132 laudi
2257 5069 2374 5131 vim
2396 5070 2754 5150 signiﬁcent,
2789 5089 2920 5151 quae
2942 5071 3001 5132 in
3028 5073 3148 5134 Deo
3171 5073 3705 5160 praeexistit,pr0p-

2070 5168 2159 5220 ter
2189 5160 2498 5239 pulchrum
2533 5170 2594 5222 et
2626 5161 2868 5235 bonum,
2905 5169 2968 5222 ut
2998 5161 3277 5224 nimirum
3316 5182 3451 5241 quae
3479 5167 3707 5230 ordinis

2069 5257 2210 5310 sunt
2237 5249 2698 5330 ejusdem,velut
2730 5250 2988 5312 vicissim
3020 5253 3276 5315 amantia
3307 5263 3365 5314 et
3391 5265 3607 5333 amata,
3639 5277 3705 5320 se

2072 5347 2271 5401 mutuo
2298 5339 2793 5420 complectantur;
2846 5342 3034 5421 prima
3084 5362 3225 5404 vero
3259 5343 3539 5407 inferiora
3569 5365 3702 5408 mo-

2069 5439 2236 5492 veant
2257 5437 2316 5491 et
2344 5437 2568 5504 ament,
2602 5430 2674 5492 iis
2717 5431 3105 5510 providendo,
3140 5442 3203 5495 ut
3234 5432 3333 5494 illa
3362 5435 3450 5494 sui
3485 5434 3704 5498 similia

2067 5519 2635 5598 efﬁciantgiuferiora
2663 5538 2799 5582 vero
2830 5521 2903 5583 ad
2926 5521 3235 5604 superiora
3260 5522 3600 5586 amabiliter
3616 5526 3703 5587 af-

2066 5611 2219 5675 fecta
2249 5618 2697 5686 convertantur,
2724 5618 2787 5671 ut
2814 5610 2935 5685 illa.
2960 5611 3156 5694 quoad
3188 5611 3316 5675 ﬁeri
3348 5618 3563 5694 potest,
3597 5632 3700 5678 su-

2065 5705 2363 5787 periorem
2394 5707 2612 5767 statum
2640 5707 3100 5785 consequantur.
