4156 6156
329 357 440 432 781

802 365 899 432 DE
942 368 1240 433 DIVINIS
1282 366 1730 434 NOMINIBUS.
1779 366 1944 428 CAP.
1989 365 2092 426 IV.
2156 398 2234 408 —
2280 367 2664 429 PARAPHR.
2714 367 3249 432 PACHYMER/E.

3603 371 3724 445 782

329 501 576 579 δαιμονία
604 502 808 572 πληθὺς
853 508 946 564 οὐκ
993 504 1189 586 ἐφίεται
1227 523 1244 581 ;
1276 511 1535 584 Πρρτερον
1565 500 1620 558 δὲ
1650 497 1980 576 σημειωτὲον

2074 497 2441 578 sentialiter),
2495 503 2566 575 si,
2599 499 2862 581 inquam,
2901 503 3098 563 omnia
3131 501 3351 565 bonum
3412 512 3719 586 appetunt,

330 593 448 673 περὶ
480 599 570 650 τοῦ
622 593 703 669 μὴ
730 594 905 669 ὄντος,
942 592 1023 652 ὅτι
1069 603 1224 654 τοῦτο
1275 596 1336 651 τὸ
1365 594 1443 668 μὴ
1492 594 1550 650 ὃν
1580 593 1626 648 οἱ
1658 591 1872 648 παλαιοὶ
1905 591 1982 666 μὴ

330 683 494 757 μόνον
525 680 754 740 ἀνείδεον
796 682 929 751 ὅλην
961 682 1239 762 ἐκάλεσαν,
1284 682 1423 740 ἀλλὰ
1475 684 1562 740 καὶ
1592 679 1820 762 ἔσχατον
1883 680 1982 736 α’ίο

330 795 488 852 σχος,
526 771 747 850 Λέγεται
793 771 848 828 δὲ
879 774 956 841 ’ιή
986 773 1044 830 ὃν
1089 775 1122 842 ἡ
1153 773 1255 841 ὕλη
1286 773 1392 854 οὐχ
1424 773 1504 830 ὅτι
1533 771 1810 834 παντελῶς
1838 769 1986 833 οὐδέν

330 862 496 937 ἐστιν,
531 860 652 920 ἀλλ’
697 861 775 919 ὅτι
824 863 902 939 μὴ
950 865 1060 920 ὲστί
1100 885 1150 920 τι
1182 869 1286 921 τῶν
1327 863 1518 921 ὄντων’
1574 862 1838 939 παρῆκται
1887 860 1985 936 μὲν

329 953 429 1032 γὰρ
477 952 538 1009 ἐκ
567 951 644 1027 μὴ
671 948 835 1008 ὄντων
895 953 995 1009 ὑπὸ
1025 960 1118 1009 τοῦ
1151 959 1283 1010 Θεοῦ
1314 955 1400 1010 καὶ
1429 955 1464 1021 ἡ
1511 951 1634 1018 ὅλη·
1671 949 1787 1008 ἀλλ’
1848 954 1974 1029 οὐχ,

327 1042 402 1105 ὥς
459 1063 596 1106 τινες
626 1040 912 1116 ὑπέλαϐον,
945 1042 1174 1108 ἀνείδεος
1233 1045 1318 1100 καὶ
1371 1043 1803 1123 ἀσχημάτιστος·
1863 1039 1978 1096 ὅθεν

329 1129 446 1188 οὐδὲ
503 1132 651 1212 ἀρχὴ
706 1134 811 1188 τῶν
873 1133 1136 1201 αἰσθητῶν
1165 1136 1200 1202 ἡ
1251 1132 1377 1206 ὕλη,
1425 1132 1561 1189 ἀλλά
1591 1130 1796 1207 μᾶλλον
1841 1151 1977 1205 συμ-

328 1221 647 1301 πληρωτικὴ
705 1222 902 1279 τούτων
958 1225 1044 1279 καὶ
1114 1223 1347 1303 ἔσχατόν
1406 1245 1454 1278 τι
1514 1224 1602 1279 καὶ
1662 1220 1975 1296 ὑποστάθμη

334 1317 436 1370 τῶν
480 1308 668 1385 ὄντων,
703 1312 800 1372 Καὶ
829 1313 890 1368 τὸ
948 1313 1193 1379 αἰσθητὸν
1225 1313 1319 1370 οὒκ
1363 1311 1484 1368 ἄνευ
1516 1312 1614 1388 μὲν
1642 1311 1775 1378 ὕλης
1843 1311 1978 1388 ἐστὶ,

329 1414 576 1478 κρεῖττον
633 1398 688 1457 δὲ
718 1401 813 1469 τῆς
866 1401 1021 1475 ὕλης,
1056 1401 1229 1467 εἴδους
1289 1405 1529 1461 ὃπωσοῦν
1573 1401 1826 1480 μετέχονο
1887 1401 1981 1456 οῦ-

333 1489 519 1548 δὲποτε
573 1491 660 1548 οὗν
719 1490 1058 1572 δειχθήσεται
1115 1495 1149 1561 ἡ
1207 1493 1308 1560 ὕλη
1367 1491 1494 1572 δίχα
1536 1501 1628 1551 τοῦ
1689 1489 1866 1553 εἴδους
1898 1491 1985 1546 καὶ

332 1587 440 1639 τῶν
498 1581 822 1651 ποιοτήτωνο
855 1582 984 1638 πότε
1039 1583 1138 1660 γὰρ
1188 1582 1373 1661 γέγονε
1429 1584 1490 1638 τὸ
1541 1589 1640 1659 πῦρ
1685 1581 1805 1636 ἄνευ
1864 1583 1985 1658 θερ-

336 1691 572 1746 μοτητος
629 1670 665 1739 ἢ
708 1672 904 1751 φωτὸς,
940 1672 974 1740 ἢ
1031 1671 1090 1728 τὰ
1141 1669 1276 1749 ὕδωρ
1335 1671 1456 1728 ἄνευ
1501 1670 1843 1751 ψυχρότητος
1899 1663 1988 1725 καὶ

332 1761 620 1840 ὑγρότητος
676 1761 763 1817 καὶ
791 1760 884 1817 τοῦ
932 1761 1260 1832 κυανίζοντος
1307 1762 1594 1840 χρώματος
1629 1780 1650 1831 ;
1687 1761 1783 1816 Διά
1835 1765 1987 1817 τοῦτο

2068 588 2365 667 quomodo
2401 587 2571 651 turba
2603 590 2936 652 daemonum
2965 611 3082 653 non
3115 593 3263 655 illud
3297 595 3556 676 expetit?
3581 596 3718 659 Pri-

2069 695 2230 740 mum
2257 688 2453 741 autem
2498 679 2933 742 observandum
2969 683 3126 744 circa
3161 702 3279 744 non
3328 703 3454 760 ens,
3491 693 3723 748 veteres

2070 766 2213 829 illud
2230 786 2466 830 nonens
2484 787 2606 832 non
2619 771 2810 832 solum
2827 769 3144 832 informem
3165 773 3720 855 materiam,verum

2070 858 2246 919 etiam
2280 866 2602 920 extremam
2637 859 3067 939 turpitudinem
3091 861 3446 942 appellasse.
3481 866 3726 928 Materia

2057 953 2252 1008 autem
2281 947 2499 1011 dicitur
2521 969 2639 1010 non
2671 968 2928 1030 ens,non
2981 950 3149 1030 quod
3187 951 3430 1014 omnino
3457 954 3604 1017 nihil
3627 957 3724 1032 sit,

2059 1036 2164 1097 sed
2189 1038 2344 1117 quod
2369 1057 2486 1099 non
2494 1039 2594 1117 ,‘sit
2622 1039 2843 1120 aliquid
2857 1058 3065 1102 rerum
3093 1041 3729 1126 exsistentium;siqui-

2062 1127 2197 1188 dem
2232 1147 2299 1189 ex
2326 1147 2440 1190 ncn
2461 1130 2700 1192 antibus
2725 1131 2902 1191 etiam
2929 1131 3058 1210 ipsa
3081 1132 3335 1194 materia
3362 1151 3396 1194 a
3427 1131 3549 1196 Deo
3578 1152 3727 1216 pro-

2062 1216 2239 1278 ducta
2267 1217 2417 1293 fuit;
2455 1219 2559 1281 sed
2615 1239 2758 1300 non,
2796 1229 2861 1282 ut
2913 1221 3096 1300 aliqui
3141 1221 3560 1303 opinabantur,
3597 1225 3730 1289 sine

2064 1307 2252 1368 forma
2283 1314 2342 1368 et
2405 1310 2595 1388 ligura
2631 1329 2643 1372 :
2681 1309 2942 1392 ideoque
2989 1309 3128 1372 405
3178 1311 3428 1379 materia
3467 1332 3587 1376 non
3639 1323 3731 1378 est

2068 1397 2425 1478 principium
2459 1399 2795 1482 sensilium,
2831 1402 2936 1462 sed
2971 1405 3167 1482 potius
3188 1420 3396 1465 eorum
3451 1405 3729 1486 comple-

2072 1497 2362 1562 mentum,
2393 1498 2450 1551 et
2483 1500 2815 1554 extremum
2839 1492 2982 1573 quid
3013 1511 3081 1554 ac
3114 1492 3568 1557 fundamentum
3619 1513 3730 1558 en-

2071 1577 2324 1641 tium.Et
2355 1579 2512 1660 quod
2544 1581 2828 1642 sensibile
2860 1590 2972 1662 est,
3004 1601 3124 1643 non
3156 1583 3288 1644 sine
3327 1585 3576 1647 materia
3603 1595 3724 1661 est,

2071 1667 2175 1730 sed
2201 1687 2335 1730 cum
2360 1670 2433 1730 sit
2453 1670 2828 1751 praestantius
2848 1671 2991 1752 quid
3018 1671 3288 1753 materia,
3308 1673 3557 1736 formam
3581 1693 3730 1757 quo-

2070 1777 2186 1839 quo
2214 1761 2388 1821 modo
2426 1761 2740 1842 participat
2779 1781 2795 1835 ;
2829 1781 3131 1843 nunquam
3163 1762 3339 1841 igitur
3383 1763 3732 1826 ostendetur

334 1852 423 1908 καὶ
479 1848 623 1929 λό’γῳ
675 1853 918 1929 θεωρητή
977 1851 1118 1908 ἐστιν
1175 1854 1208 1919 ἦ
1267 1851 1390 1926 ὕλη,
1452 1853 1543 1907 καὶ
1598 1853 1691 1907 οῦκ
1748 1851 1984 1919 αἰσθήσει

2074 1851 2318 1912 materia
2343 1852 2476 1914 sine
2498 1852 2690 1913 forma
2741 1860 2799 1913 et
2848 1852 3264 1932 qualitatibus:
3302 1851 3538 1934 quando
3569 1853 3732 1916 enim

336 1939 542 2019 ληπτὴ,
582 1941 666 1996 καὶ
711 1942 845 2015 νόθῳ
893 1939 1138 2019 λογισμῷ
1191 1939 1688 2016 καταλαμϐάνεσται
1746 1939 1978 2018 λέγεται“

331 2027 454 2087 τόδε
484 2030 631 2110 ἐστὶ,
681 2029 919 2111 λέγεται,
950 2028 1074 2087 ἀλλ’
1127 2028 1205 2086 ὅτι
1239 2029 1356 2087 τόδε
1390 2035 1482 2089 οῦκ
1513 2030 1648 2100 ἔστι,
1709 2042 1899 2110 χεῖρον
1930 2027 1984 2084 δὲ

2067 1937 2173 2000 fuit
2195 1940 2348 2018 ignis
2379 1941 2510 2002 sine
2541 1941 2746 2003 calore
2778 1951 2877 2002 aut
2911 1941 3256 2016 lumine,val
3289 1959 3439 2022 aqua
3469 1942 3602 2006 sine
3633 1942 3733 2004 fri-

2067 2048 2210 2107 gore
2227 2040 2287 2091 et
2310 2030 2656 2093 humiditate
2679 2040 2736 2092 et
2758 2033 3017 2093 caeruleo
3037 2030 3500 2094 colore?ldcirco
3549 2033 3728 2095 etiam

331 2120 569 2184 πάντων,
631 2119 784 2178 Οὕτω
811 2123 910 2199 γὰρ
965 2122 1052 2176 καὶ
1104 2120 1189 2176 ἐπὶ
1232 2131 1325 2180 τοῦ
1377 2122 1508 2177 Θεοῦ
1549 2119 1800 2198 λέγομεν·
1862 2116 1982 2174 ἀλλ’

2074 2119 2188 2180 dixi
2221 2122 2528 2183 materiam
2578 2122 2822 2184 ratione
2856 2123 3111 2204 concipi,
3148 2131 3206 2183 et
3263 2142 3378 2184 non
3413 2141 3594 2185 sensu
3622 2141 3731 2205 ap-

330 2212 512 2267 ἒκεϊσε
567 2223 810 2287 κρεῖττον
867 2210 1079 2269 πάντων
1125 2212 1322 2290 φαμὲν,
1380 2212 1468 2267 καὶ
1515 2211 1862 2289 ὑπερουσίως.
1924 2211 1983 2266 Ei

2076 2210 2511 2288 prehendi,nec
2545 2231 2667 2273 non
2690 2212 3022 2291 impropria
3039 2230 3140 2273 seu
3175 2211 3484 2290 illegitima
3503 2213 3734 2278 ratione

333 2307 462 2378 γοῦν
492 2297 630 2356 οὕτω
685 2303 872 2374 ταῦτα,
904 2306 1019 2364 πῶς
1081 2303 1114 2368 ἡ
1149 2298 1393 2376 δαιμονία
1447 2299 1651 2367 πληθὺς
1701 2306 1793 2355 τοῦ
1849 2298 1986 2376 ἀγα-

2076 2301 2311 2379 concipi
2346 2301 2717 2380 perhibetur:
2756 2303 2842 2364 sic
2875 2303 3052 2364 etiam
3076 2301 3229 2382 quod
3248 2303 3360 2363 lioc
3392 2302 3729 2381 sitdicitur,

333 2394 427 2447 θοῦ
457 2393 550 2449 οὒκ
574 2390 797 2469 ἐφίεται,
832 2392 1261 2447 ἀποπεπτωκυϊα
1311 2388 1389 2464 δὲ,
1416 2396 1594 2447 κακῶν
1625 2390 1874 2446 ἁπάντων
1905 2391 1989 2445 καὶ

338 2480 503 2557 ἑαυτῇ
533 2481 618 2536 καὶ
646 2493 764 2546 τοῖς
794 2479 1175 2556 κακυνομὲνοις
1207 2480 1346 2536 αἰτία
1368 2482 1593 2558 γίνεταις
1626 2479 1746 2543 Πῶς
1774 2477 1852 2552 δὲ,
1878 2499 1989 2534 πα-

341 2573 609 2650 ραχθετσα
665 2569 726 2626 ἐκ
781 2577 874 2628 τοῦ
920 2570 1140 2648 ἀγαθοῦ,
1173 2572 1266 2626 οὐκ
1317 2570 1464 2627 ἔστιν
1523 2566 1854 2648 ἀγαθοειδης,
1891 2589 1990 2643 με·

339 2666 635 2740 τασχοῦσα,
665 2667 759 2717 τοῦ
787 2658 1053 2724 οὖσιωδῶς
1082 2661 1168 2717 καὶ
1199 2663 1257 2718 οὔ
1310 2660 1446 2716 κατᾶ
1476 2659 1721 2738 μετοχὴν
1746 2660 1940 2736 ἀγαθοῦ
1973 2673 1990 2733 ;

341 2750 410 2806 τὰ
465 2750 566 2828 γὰρ
625 2747 811 2816 ἔξωθεν
887 2749 1252 2828 ἀγαθονόμενα
1307 2755 1375 2825 τῇ
1431 2750 1551 2827 περὶ
1635 2749 1760 2805 αὐτὸ
1817 2745 1991 2826 ἒφέσει

342 2835 628 2916 ἀγαθοειδῆ
687 2836 956 2917 λέγονται,
1010 2841 1110 2894 καὶ
1169 2840 1261 2895 οὒκ
1323 2836 1644 2917 αὒτόχρημα
1704 2836 1896 2914 ἀγαθά·
1955 2836 1992 2905 ἢ

342 2927 460 2993 πῶς
508 2928 702 3005 ἀγαθὸν
744 2929 989 3006 γεγονὸς,
1022 2926 1324 3007 ἦλλοιώτη,
1360 2929 1436 3002 μὴ
1490 2929 1583 2982 τοῦ
1638 2925 1836 3003 ἀγαθοῦ
1896 2924 1993 2981 ἐκ·-

2073 2389 2178 2450 sed
2210 2391 2364 2472 quod
2389 2391 2538 2452 illud
2561 2411 2680 2452 non
2703 2391 3026 2471 sit,quippe
3056 2391 3197 2472 quid
3223 2393 3392 2472 pejus
3422 2393 3730 2460 omnibus.

2075 2483 2310 2544 Etenim
2343 2480 2428 2542 sic
2459 2480 2636 2542 etiam
2670 2480 2744 2542 de
2776 2480 2898 2542 Deo
2945 2481 3436 2555 dicimus,verum
3472 2490 3608 2544 tunc
3639 2501 3734 2548 as-

2075 2571 2348 2649 serimus,
2376 2571 2569 2649 ipsum
2601 2571 2740 2650 quid
2772 2570 3050 2631 omnibus
3081 2587 3216 2630 esse
3277 2571 3514 2650 melius,
3547 2573 3728 2652 idque

2074 2659 2673 2742 superessentialiter.
2717 2660 2778 2720 Si
2813 2663 3011 2739 itaque
3041 2660 3171 2721 haec
3204 2659 3284 2720 ita
3328 2677 3398 2722 se
3445 2661 3730 2744 habeant,

2076 2750 2374 2832 quomodo
2403 2749 2574 2810 turba
2605 2747 2944 2810 daemonum
2979 2749 3197 2810 bonum
3225 2767 3344 2810 non
3373 2752 3730 2830 expetit;sed

2075 2858 2108 2902 a
2139 2859 2246 2902 suo
2278 2846 2430 2901 statu
2468 2837 2774 2920 prolapsa,
2808 2845 2927 2901 tam
2954 2837 3066 2899 sibi
3086 2839 3197 2919 ipsi
3219 2856 3396 2918 quam
3425 2841 3558 2902 aliis
3588 2859 3731 2921 per-

2079 2929 2269 2992 versis
2300 2929 2589 2990 malorum
2616 2929 2882 2989 omnium
2917 2945 3094 2990 causa
3113 2928 3346 2991 exsistit
3375 2927 3732 3002 ?Quomodo

344 3018 717 3093 νικήσαντος;
781 3020 877 3075 Καὶ
928 3017 978 3072 τί
1014 3015 1124 3073 ἐστι
1178 3019 1237 3072 τὸ
1281 3021 1503 3084 κινῆσαν
1566 3015 1732 3082 αὐτὴν
1781 3016 1853 3079 εἰς
1899 3037 1990 3073 κα·

2080 3029 2444 3094 autem,cum
2482 3018 2769 3098 producta
2791 3018 2954 3079 sitex
2979 3018 3517 3092 bono,boniforma
3539 3028 3727 3096 caret,

345 3109 486 3187 κίαν,
517 3107 554 3175 ἢ
585 3105 814 3186 μᾶλλον,
847 3107 922 3172 τίς
963 3109 998 3176 ἡ
1027 3107 1174 3188 ἀρχὴ
1228 3108 1412 3164 τούτου
1446 3125 1462 3188 ς
1497 3105 1612 3163 οῦδὲ
1654 3107 1752 3184 γὰρ
1785 3106 1990 3184 εὐαγὲς,

2081 3110 2376 3191 particeps
2402 3109 2839 3189 exsistensejus
2865 3108 3380 3188 quiessentialiter
3394 3117 3447 3171 et
3468 3129 3585 3172 non
3608 3129 3736 3190 par-

341 3195 429 3254 δύο
485 3197 660 3277 ἀριοὰς
705 3198 899 3270 εἰπεῖν,
956 3199 1092 3258 κατά
1147 3198 1270 3262 τοὺς
1327 3197 1690 3276 Μανιχαίους.
1750 3199 1806 3252 Εἰ
1862 3195 1917 3252 δὲ
1972 3200 1996 3253 ὁ

2081 3199 2424 3280 ticipatione
2446 3199 2636 3260 bonus
2667 3209 2759 3260 est
2789 3205 2816 3260 ?
2844 3217 2978 3259 nam
3032 3218 3166 3278 quia
3198 3199 3571 3262 extrinsecus
3601 3200 3732 3282 ejus

339 3287 535 3366 ἀγαθὸς
564 3284 797 3366 παρῆξεν
852 3287 1037 3359 αὐτὴν,
1075 3293 1188 3352 πῶς
1217 3285 1488 3356 ἠϐουλήθη
1535 3293 1691 3344 τοῦτο
1720 3290 1938 3354 ποιῆσαι
1975 3307 1990 3360 ;

2083 3289 2381 3352 desiderio
2413 3287 2572 3350 bona
2603 3289 2756 3350 facta
2785 3295 2944 3362 sunt,
2969 3287 3324 3349 boniformia
3341 3289 3640 3365 dicuntur,
3673 3295 3736 3354 et

337 3377 376 3445 ἦ
417 3375 726 3454 βουληθεὶς,
760 3382 874 3440 πῶς
932 3375 1214 3454 ἠδυνήθη,
1270 3388 1341 3443 Ως
1384 3377 1483 3454 γὰρ
1527 3377 1586 3432 τὸ
1615 3378 1714 3453 πῦρ
1772 3376 1997 3456 φυσικὴν

340 3465 626 3542 ἀδυναμίαν
656 3465 772 3546 ἔχει
829 3468 962 3545 πρὸς
994 3469 1055 3523 τὸ
1113 3467 1333 3546 ψύχειν,
1369 3468 1454 3522 καὶ
1505 3469 1564 3523 οὗ
1607 3465 1755 3540 ψύξει
1813 3464 1913 3521 κᾶν
1944 3464 1996 3520 εἴ

339 3577 388 3612 τι
419 3556 507 3612 καὶ
559 3554 802 3632 γένηταιο
865 3555 1001 3611 οἍτω
1045 3558 1130 3611 καὶ
1184 3558 1246 3611 τὸ
1279 3555 1572 3633 αῦτάγαθον
1616 3555 1838 3634 pum-iw
1871 3553 1998 3610 ἀδυ-

341 3645 533 3720 ναμίαν
589 3643 706 3723 ἔχει
766 3645 899 3721 πρὸς
961 3646 1019 3700 τὸ
1079 3647 1242 3700 κακὸν
1301 3643 1554 3722 παραξαι.
1619 3645 1738 3707 Πῶς
1800 3641 1854 3699 δὲ
1909 3643 1998 3699 καὶ

343 3737 590 3817 προνοίας
649 3734 810 3805 οὔσης
848 3738 940 3794 καί
993 3734 1354 3817 κυϐερνώσης,
1391 3735 1471 3816 ἐφ’
1530 3740 1573 3810 ᾧ
1605 3737 1778 3795 πάντα
1817 3736 1871 3792 ἐν
1920 3744 1997 3811 τῷ

2081 3396 2196 3440 non
2210 3396 2422 3458 reapse
2440 3378 2996 3457 bona,autquodam
3008 3378 3180 3438 modo
3197 3376 3352 3439 bona
3367 3379 3736 3454 facta,muta.

2081 3474 2134 3528 ta
2166 3476 2258 3528 est
2286 3466 2442 3527 bono
2466 3466 2712 3527 minime
2737 3471 3093 3545 superante?
3117 3465 3342 3546 Ecquid
3364 3473 3453 3529 est
3483 3470 3638 3547 quod
3657 3468 3732 3530 il-

2080 3557 2194 3618 lam
2214 3555 2474 3617 movitad
2491 3555 2888 3629 malitiam,vel
2913 3555 3407 3635 potiusquodnam
3424 3559 3554 3637 ejus
3582 3558 3741 3638 prin-

2079 3644 2334 3726 cipium?
2367 3663 2562 3725 neque
2594 3647 2748 3709 enim
2783 3645 3128 3723 religiosum
3186 3645 3262 3708 sit
3295 3645 3410 3707 duo
3445 3647 3738 3728 principia

2082 3743 2368 3810 statuere,
2404 3735 2738 3797 secundum
2787 3735 3159 3797 Manichaeos.
3219 3735 3280 3796 Si
3312 3745 3508 3798 autem
3543 3736 3738 3799 bonus

346 3827 527 3906 ἀγαθῷ
569 3824 770 3903 μένειν,
801 3825 911 3882 ἔστι
955 3828 1016 3882 τὸ
1073 3829 1263 3906 κακὸν,
1296 3827 1332 3894 ἢ
1391 3827 1672 3904 γινόμενον
1706 3848 1723 3900 ;
1761 3826 1792 3894 ἢ
1843 3825 1990 3884 εἵπου

2082 3826 2270 3907 ipsam
2306 3825 2920 3906 produxit,quomodo
2957 3825 3136 3886 voluit
3161 3825 3272 3887 hoc
3303 3826 3535 3888 facere?
3568 3827 3656 3889 vel
3687 3827 3739 3889 si

347 3920 436 3973 καὶ
493 3915 743 3996 ἐγενήθη,
775 3917 854 3992 μὴ
896 3917 1267 3995 ἀναιρούμενον
1299 3935 1317 3993 ;
1366 3919 1454 3973 καὶ
1494 3919 1610 3983 πῶς
1669 3917 1830 3998 ἐστιν,
1867 3917 1990 3998 ἀφέ-

2083 3916 2595 3996 voluit,quomodo
2635 3914 3371 3996 potuitmuemadmodum
3402 3917 3558 3978 enim
3582 3917 3740 3994 ignis

351 4008 508 4084 μενόν
539 4029 588 4063 τι
620 4010 714 4064 τοῦ
741 4007 960 4088 ἀγαθοῦ,
991 4010 1085 4065 τοῦ
1113 4008 1282 4065 κακοῦ
1310 4008 1542 4090 ἐφίεσθαι
1577 4025 1594 4085 ;

2085 4007 2414 4069 naturalem
2437 4007 2844 4087 impotentiam
2861 4005 3124 4066 habetad
3147 4005 3740 4080 frigefacienduin,et

351 4095 644 4177 quidquid
682 4096 781 4158 ﬁat
839 4115 958 4158 non
1015 4097 1454 4179 refrigerabit;
1512 4097 1600 4161 sic
1632 4099 1809 4162 etiam
1865 4108 2058 4182 ipsum
2109 4116 2215 4180 per
2265 4115 2328 4157 se
2375 4095 2596 4157 bonum
2650 4095 2979 4157 naturalem
3018 4095 3426 4173 impotentiam
3461 4095 3641 4156 habet
3662 4096 3739 4157 ad

350 4185 685 4249 faciendum
719 4186 961 4249 malum.
997 4186 1305 4260 Quomodo
1338 4205 1497 4268 vero,
1525 4189 1701 4250 etiam
1735 4199 1998 4254 exstante
2025 4200 2199 4270 atque
2234 4186 2434 4248 omnia
2454 4185 2821 4265 gubernante
2855 4183 3252 4260 Providentia,
3288 4203 3403 4266 qua
3433 4194 3648 4247 cuncta
3678 4187 3740 4248 in

351 4272 509 4337 bono
543 4285 948 4356 perseverant,
983 4277 1202 4339 malum
1237 4287 1350 4355 est,
1384 4277 1476 4340 vel
1504 4279 1568 4339 ﬁt
1596 4277 1620 4341 ξ’
1652 4279 1742 4341 vel
1774 4282 1824 4341 si
1854 4299 2113 4361 unquam
2145 4279 2362 4340 factum
2425 4276 2525 4351 sit,
2560 4295 2676 4337 non
2710 4294 2742 4338 e
2772 4275 2968 4336 medio
3000 4273 3301 4335 sublatum
3334 4283 3421 4336 est
3450 4281 3478 4338 ?
3507 4283 3569 4336 et
3599 4293 3742 4356 quo-

351 4365 529 4428 modo
562 4365 866 4446 quidpiam
901 4367 1108 4429 relicto
1139 4368 1322 4449 bono,
1356 4368 1575 4431 malum
1608 4371 1887 4450 expetit?
3253 4441 3258 4445 ,

425 4454 457 4537 5
508 4455 665 4519 ΧιΧο
719 4455 810 4514 Ἕν
867 4457 1044 4532 ταῦτῷ
1101 4460 1380 4536 γὺμνάζων
1409 4461 1500 4515 τὸν
1559 4459 1718 4538 λόγον
1747 4464 1863 4540 περὶ
1907 4472 1990 4523 τοῦ

2159 4455 2605 4538 §XIX.Stylum
2640 4455 2735 4517 hic
2793 4453 2955 4516 circa
3013 4454 3232 4516 malum
3289 4455 3646 4536 simpliciter
3684 4466 3742 4520 et

344 4553 512 4604 κακοῦ
568 4544 776 4623 ἁπλῶς,
812 4550 898 4604 καὶ
929 4547 988 4604 οὒ
1018 4551 1138 4628 περὶ
1178 4555 1285 4604 τῶν
1315 4547 1602 4627 δαιμόνων,
1636 4551 1724 4608 καὶ
1751 4551 1990 4610 ἀναλύων

2077 4557 2136 4610 et
2164 4567 2285 4610 non
2313 4547 2472 4611 circa
2497 4547 2802 4608 dwmones
2835 4545 3539 4621 exercens,etresolvens
3572 4565 3738 4628 quaa-

343 4636 438 4700 τὰς
495 4635 714 4716 ἀπορίας
781 4638 934 4718 φησί·
993 4639 1072 4697 Τὸ
1131 4640 1296 4696 κακὸν
1354 4637 1470 4696 οὔτε
1531 4639 1591 4696 ἐκ
1647 4648 1740 4698 τοῦ
1799 4642 1995 4721 ἀγαθοῦ

345 4724 635 4802 μέλλομειν
682 4726 855 4786 εἰπεῖν
885 4732 1247 4808 παραχθῆναι,
1282 4729 1398 4786 οὔτε
1457 4729 1516 4785 ἐκ
1568 4739 1658 4789 τοῦ
1687 4740 1871 4790 κακοῦ·
1935 4733 1995 4791 ἐκ

345 4815 442 4898 μὲν
483 4817 798 4898 τοῦάγαθοῦ
847 4817 942 4876 οὒκ
971 4817 1135 4894 ἔστιν,
1171 4819 1256 4876 ὅτι
1311 4822 1400 4877 καὶ
1429 4822 1553 4879 αὒτὸ
1583 4819 1804 4898 ἔμελλεν
1849 4823 1992 4881 εἶναι

345 4895 404 4951 οῦ
461 4897 647 4955 κακόν·
682 4900 756 4963 ὡς
814 4899 915 4979 γὰρ
972 4901 1030 4957 οὐ
1073 4902 1233 4980 πυρὸς
1280 4906 1342 4956 τὸ
1401 4895 1622 4982 ψύχειν,
1652 4902 1818 4968 οὕτως
1879 4903 1993 4962 οὐδὲ

346 4985 544 5064 ἀγαθοῦ
585 4988 646 5046 τὸ
699 4988 954 5068 παράγειν
1007 4990 1194 5053 κακόν.
1255 4990 1420 5048 Πάλιν
1477 4991 1533 5047 δὲ
1583 4991 1642 5050 ἐκ
1684 5001 1776 5052 τοῦ
1831 5001 1997 5052 κακοῦ

351 5077 446 5134 οὒκ
500 5076 666 5155 ἔστιν,
714 5077 794 5135 ὅτι
827 5077 1006 5159 ὥςπερ
1051 5087 1127 5155 τῷ
1170 5082 1348 5161 ἀγαθῷ
1391 5082 1540 5161 φύσις
1573 5083 1684 5141 ἐστὶ
1740 5087 1996 5166 παράγειν

350 5168 442 5224 καὶ
493 5167 706 5240 ειώζειν⁹
769 5169 909 5227 οὕτω
969 5178 1046 5245 τῷ
1103 5176 1254 5244 κακῷ
1305 5175 1526 5252 φθείρειν
1563 5175 1648 5230 καὶ
1691 5175 1998 5236 ἀπολλύειν.

352 5257 413 5314 Τί
448 5256 536 5313 οὖν
563 5278 592 5330 ;
643 5256 788 5316 εἴποι
818 5277 921 5325 τιςο
958 5259 1042 5316 ’Ἥ
1085 5262 1254 5320 τοίνυν
1287 5263 1382 5318 οῦκ
1435 5261 1543 5320 ἔστι
1575 5261 1760 5323 λοιπὸν
1790 5267 1850 5324 τό
1903 5290 2000 5325 καο

349 5347 469 5421 κὸν,
501 5345 538 5415 ἢ
564 5346 624 5403 ’o‘v
655 5346 772 5428 ἔχει
823 5350 946 5408 τινὰ
985 5362 1179 5428 μοῖραν
1208 5358 1300 5407 τοῦ
1350 5352 1570 5432 ἀγαθοῦ,
1602 5355 1720 5411 καθ’
1763 5355 1828 5424 ἢν
1863 5355 2000 5421 ὅλως

348 5433 481 5497 ἐστί.
549 5436 728 5494 Πώλιν
787 5437 873 5495 οῦν
933 5439 1302 5519 ἀμφοτέρωθεν
1356 5441 1567 5521 ἀπορία.
1631 5446 1691 5502 Εἰ
1747 5447 1844 5522 μὲν
1908 5448 2003 5505 οὔκ

346 5523 489 5581 ’ἐστιν
548 5524 689 5592 ὅλως
739 5528 802 5584 τὰ
844 5529 1032 5604 κακὸν,
1081 5528 1264 5606 μέλλει
1319 5530 1463 5588 εἶναι
1522 5534 1556 5604 ἡ
1614 5534 1778 5612 ἀρετὴ
1838 5539 1925 5595 καὶ
1968 5540 2001 5606 ἡ

343 5616 504 5673 κακία
557 5616 775 5700 ταύτὸν,
806 5615 936 5696 ὅπερ
992 5619 1335 5699 παρακατιὼν
1383 5621 1610 5690 τίθησιν
1677 5626 1720 5680 εί
1769 5623 1822 5682 δέ
1865 5631 2000 5709 ἐστι,

345 5705 411 5763 τὰ
463 5702 521 5770 δὶ
546 5703 675 5768 ὄντα
732 5707 902 5766 πάντα
943 5714 1035 5767 τοῦ
1078 5707 1244 5768 καλοῦ
1285 5709 1540 5794 ὶφίενται,
1572 5715 1659 5771 καὶ
1689 5713 1795 5775 εἴτι
1854 5702 2001 5798 γίνελ

2074 4638 2323 4718 stiones,
2345 4637 2464 4699 ait:
2499 4636 2716 4699 Malum
2735 4653 2928 4717 neque
2944 4652 3013 4696 ex
3042 4633 3200 4695 bono
3215 4633 3488 4697 dicemus
3508 4636 3654 4716 prod
3666 4657 3739 4697 ιι·-

2076 4736 2201 4790 tum
2235 4745 2388 4802 esse,
2425 4745 2618 4809 neque
2649 4745 2723 4789 ex
2769 4724 2926 4788 malo
2963 4742 2978 4799 ;
3031 4725 3322 4805 siquidem
3369 4742 3492 4786 non
3524 4734 3612 4788 est
3667 4743 3742 4789 ex

2078 4818 2259 4895 bono,
2294 4817 2431 4898 quia
2475 4818 2625 4881 alias
2658 4823 2852 4898 ipsum
2883 4833 3120 4895 quoque
3152 4834 3271 4876 non
3306 4824 3467 4878 esset
3493 4817 3740 4894 malum;

2078 4906 2582 4990 quemadmodum
2616 4907 2773 4969 enim
2801 4907 2954 4984 ignis
2985 4924 3106 4967 non
3137 4914 3226 4967 est
3261 4906 3744 4985 refrigerare,sic

2081 5016 2274 5078 neque
2306 4997 2444 5059 boni
2478 4998 2696 5059 malum
2734 4997 3089 5075 producere.
3151 4997 3412 5058 Rursum
3445 5015 3590 5058 vero
3623 5014 3743 5059 non

2083 5097 2272 5152 estex
2331 5089 2514 5163 malo,
2567 5089 2850 5168 quoniam
2912 5085 3063 5146 sicut
3111 5085 3253 5147 boni
3289 5085 3430 5148 406
3459 5095 3548 5148 est
3601 5105 3743 5168 pro-
3837 5125 3842 5128 -

2084 5176 2308 5240 ducere
2338 5195 2406 5239 ac
2430 5194 2692 5253 servare,
2729 5177 2818 5238 sic
2847 5176 3030 5236 etiam
3062 5175 3202 5239 mali
3235 5184 3325 5239 est
3351 5194 3746 5258 corrumpere

2083 5285 2150 5329 ac
2186 5266 2462 5348 perdere.
2496 5265 2649 5339 Quid
2675 5266 2857 5346 igitur
2893 5264 2923 5325 ?
2969 5265 3129 5328 dicet
3157 5267 3390 5349 aliquis.
3426 5266 3537 5330 Vel
3568 5266 3747 5346 igitur

2083 5380 2201 5423 non
2218 5368 2305 5422 est
2328 5360 2545 5420 malum
2567 5357 2989 5438 reliquum,vel
3007 5359 3296 5422 exsistens
3310 5359 3744 5438 habetpartem

2087 5451 2345 5530 aliquam
2373 5448 2875 5522 boni,secundum
2893 5468 3071 5530 quam
3093 5449 3337 5512 omnino
3363 5450 3742 5512 est.Rursum

2089 5541 2276 5605 oritur
2308 5540 2586 5619 utrinque
2619 5540 2885 5617 quaestio.
2921 5540 2984 5603 Si
3018 5557 3272 5620 namque
3301 5556 3420 5600 non
3475 5545 3564 5599 est
3607 5555 3744 5599 om-

2087 5631 2229 5692 nino
2263 5627 2696 5705 malum,virtus
2711 5634 2770 5690 et
2793 5628 3016 5691 malitis
3044 5627 3186 5708 quid
3223 5645 3404 5689 unum
3432 5635 3630 5708 erunt,
3657 5628 3745 5688 uti

2086 5721 2150 5787 in
2179 5737 2496 5802 progressu
2536 5717 2715 5784 tradit
2744 5739 2760 5802 ς
2795 5717 2845 5780 si
2875 5727 3074 5783 autem
3105 5725 3218 5796 est,
3245 5724 3302 5780 et
3328 5734 3399 5782 ea
3419 5735 3550 5800 quae
3581 5725 3740 5796 sunt,
