4156 6156
345 360 464 426 785

814 367 911 429 DE
954 369 1254 433 DIVINIS
1296 370 1750 451 NOMINIBUS,
1794 370 1960 435 CAP.
2007 370 2115 436 IV.
2165 402 2241 413 ——
2288 368 2675 431 PARAPHR.
2723 362 3241 432 PAGHYMER/E.

3591 362 3711 430 786

341 497 595 563 titionem
655 500 830 576 ἕτερον
879 502 1147 581 λογισμὸν
1234 503 1610 585 ἀληθέστερον,
1658 508 1745 563 καί
1803 530 1984 587 φησιν,

2081 522 2217 565 nem
2251 504 2470 578 facere,
2517 502 2686 564 aliam
2723 504 2968 583 opponit
2993 504 3282 567 rationem
3304 502 3622 584 veriorem,
3655 512 3716 568 et

340 588 420 643 ὅτι
456 593 513 646 τό
547 593 730 661 κακὸν,
779 598 813 667 ᾖ
844 596 1032 664 κακὸν,
1080 594 1324 669 οὗὸεμίαν
1356 595 1564 673 γένεσιν
1621 611 1790 669 ποιεῖ,
1827 598 1991 673 μόνον

339 675 387 731 δὲ
425 680 639 756 φθείρει,
693 681 815 736 ὅσον
859 683 919 736 τὸ
972 684 1055 738 ἐπ’
1092 688 1252 756 αὗτῷ,
1290 687 1385 753 τὴν
1417 692 1522 743 τῶν
1568 686 1732 743 ὄντων
1762 688 1992 745 ὑπόστα-

337 789 444 828 σιν,
480 771 537 823 ΕΞ
570 768 619 823 δὲ
652 769 806 847 ὶέγοι
844 794 921 835 τις
976 775 1098 829 αὒτο
1152 779 1543 853 γενεσιουργὸν,
1582 775 1713 833 διότι
1744 781 1776 846 ἡ
1809 778 1988 859 ἑτερου

337 860 498 932 (pingat
556 862 771 935 θατερου
826 860 1029 937 γένεσίς
1090 863 1253 935 ἐστιν,
1317 864 1655 945 ἀποκριτέον,
1689 869 1761 930 ὡς
1808 869 1977 948 οἶ)χῇ

338 947 527 1024 φθείρει
559 944 735 1004 δίδωσι
766 951 861 1017 τὴν
893 950 1115 1027 γένεσιν·
1156 951 1274 1008 ἀλλ’
1419 960 1514 1029 μὲν
1561 944 1727 1036 φθδρά
1756 944 1973 1037 (wgf-9‘s")

336 1036 379 1089 εί
409 1034 463 1088 δεῖ
492 1057 551 1112 γε
587 1042 671 1091 καὶ
704 1038 901 1111 γίνεται
962 1062 1036 1117 τι,
1098 1040 1159 1097 ἐκ
1216 1045 1307 1097 τοῦ
1362 1034 1583 1120 ἀγαθοῦν
1609 1034 1832 1127 γίνεται,
1876 1034 1979 1104 litati

335 1122 481 1179 ἔσται
514 1127 572 1179 τὸ
605 1129 789 1188 κακόν.
854 1132 1161 1205 Σημείωσαι
1207 1133 1305 1209 γὰρ
1353 1132 1435 1189 ὅτι
1467 1134 1541 1191 ἔτι
1596 1137 1847 1213 γδμνάζει
1887 1139 1978 1193 τὸν

336 1211 520 1290 λόγον,
585 1218 670 1270 καὶ
702 1215 783 1273 διὰ
814 1227 967 1276 τοῦτο
996 1221 1162 1298 λέγει,
1212 1221 1321 1279 ἔστι
1371 1226 1456 1280 καὶ
1498 1225 1594 1282 οὒκ
1624 1225 1793 1288 ἔστιν.
1830 1215 1980 1284 ’Ἐσ-

335 1325 421 1358 ται
454 1305 624 1359 τοίνυν
660 1308 713 1363 τὸ
750 1312 913 1365 κακον
947 1314 1111 1389 φθορᾶ
1141 1314 1238 1387 μὲν
1270 1313 1338 1371 δι’
1371 1315 1549 1372 ἑαυτό·
1573 1314 1666 1372 διὰ
1694 1318 1756 1372 τὸ
1785 1315 1981 1396 ἀγαθὸν

337 1391 391 1446 δὲ
425 1397 813 1475 γενεσιουργὸν.
852 1403 950 1458 Καὶ
978 1398 1043 1455 δι’
1077 1402 1229 1461 ἑαυτὸ
1261 1405 1356 1478 μὲν
1390 1403 1506 1462 οὕτε
1540 1406 1625 1485 ὃν,
1668 1405 1785 1463 οὔτε
1814 1407 1980 1464 ὅντων

348 1482 623 1549 ποιητικόν
682 1485 815 1542 ἐστι’
868 1491 1030 1545 κακον
1087 1493 1185 1569 γὰρ
1215 1495 1298 1569 ὃν,
1333 1495 1448 1558 πῶς
1479 1494 1542 1551 ἂν
1571 1498 1795 1564 συσταίη
1824 1496 1979 1567 ποτὲ,

343 1576 429 1628 καὶ
462 1572 615 1630 πόθεν
648 1577 812 1656 σχοίη
857 1580 956 1645 τὴν
1001 1578 1239 1657 ὕπαρξιν,
1274 1582 1521 1661 στέρησις
1554 1584 1635 1657 ὅν;
1676 1586 1773 1641 Διά
1821 1584 1877 1641 δὲ
1926 1587 1986 1643 τὸ

342 1662 564 1738 ἀγαθὸν,
598 1667 684 1721 καὶ
717 1667 775 1721 ὃν
829 1671 914 1724 καὶ
944 1671 1156 1747 ἀγαθῶν
1198 1674 1479 1742 ποιητικόν
1503 1674 1665 1730 ἐστιν·
1693 1676 1751 1731 ὃν
1775 1675 1984 1751 μέν,ὂτι

339 1754 524 1809 τούτου
579 1756 1009 1839 ὑποχωροῦντος,
1076 1761 1254 1818 ἐκεῖνο
1312 1762 1640 1840 ἐμφαίνεται·
1681 1764 1892 1842 ἀγαθῶν
1925 1764 1981 1821 δὲ

2074 594 2408 672 ait,malum
2432 611 2547 672 qua
2580 591 2799 653 malum
2824 593 2898 655 ad
2926 594 3145 655 nullam
3167 593 3613 674 generationem
3634 592 3716 655 i‘a-

2073 702 2233 752 cere,
2264 683 2369 743 sed
2391 692 2615 744 tantum
2643 700 3054 764 corrumpere,
3088 692 3377 761 quantum
3405 702 3476 746 ex
3495 701 3560 746 3e
3589 692 3709 763 est,

2071 792 2272 837 rerum
2297 770 2771 834 subsistentiam.
2799 771 2860 834 Si
2890 773 3023 848 quis
3066 781 3262 834 autem
3312 773 3550 847 dixerit,
3597 773 3711 835 hoc

2070 864 2200 945 ipso
2251 863 2619 938 generationi
2650 862 3016 937 subservire,
3053 862 3210 943 quod
3236 863 3476 925 alterius
3507 881 3714 927 corruo

2066 955 2185 1033 ptio
2202 954 2448 1015 alterius
2465 955 2768 1031 generatio
2800 952 3712 1035 cxsistat,respondendum,non

2062 1043 2122 1105 in
2142 1052 2425 1123 quantum
2445 1042 2775 1120 corrumpit
2795 1043 2936 1105 dare
2962 1043 3437 1123 generationem;
3458 1042 3563 1105 sed
3583 1062 3711 1106 cor-

2062 1134 2256 1213 ruptio
2282 1133 2521 1210 quidem
2548 1132 3109 1213 corrumpit,siquid
3133 1140 3329 1195 autem
3350 1132 3714 1213 gignitur,ex

2068 1222 2223 1284 bono
2255 1221 2539 1303 gignitur,
2566 1229 2625 1284 et
2656 1222 2771 1285 erit
2804 1221 3330 1286 malum.0bserva
3352 1223 3514 1285 enim
3546 1222 3705 1303 quod

2066 1313 2261 1375 adhuc
2284 1316 2579 1374 examinet
2607 1314 2928 1386 rationem,
2963 1318 3024 1375 et
3054 1312 3280 1375 idcirco
3305 1312 3486 1376 dicat:
3520 1313 3626 1376 Est
3653 1320 3713 1374 et

2067 1422 2185 1463 non
2216 1402 2532 1483 est.Atque
2553 1402 2703 1464 adeo
2730 1402 2950 1465 malum
2973 1421 3046 1465 ex
3067 1420 3133 1465 se
3151 1402 3392 1482 quidem
3428 1402 3544 1465 erit
3571 1420 3707 1464 cor-

2069 1492 2290 1573 ruptio,
2326 1493 2618 1554 subservit
2646 1500 2843 1554 autem
2895 1491 3265 1572 generationi
3325 1510 3430 1572 per
3460 1492 3519 1555 id
3549 1492 3709 1574 quod

2070 1581 2292 1643 bonum
2327 1586 2514 1646 est.Et
2541 1600 2645 1662 per
2666 1600 2731 1644 se
2751 1582 2993 1664 quidem
3026 1600 3221 1663 neque
3250 1600 3348 1645 res
3369 1589 3481 1654 est,
3512 1600 3708 1663 neque

2068 1689 2166 1732 res
2202 1672 2496 1749 producit;
2522 1691 2656 1733 cum
2682 1672 2840 1734 enim
2864 1672 2939 1733 sit
2962 1672 3206 1753 malum,
3234 1673 3531 1753 quomodo
3553 1691 3704 1734 con-

2069 1760 2238 1823 sistat
2268 1780 2554 1841 unquam,
2586 1771 2642 1823 et
2666 1762 2827 1824 unde
2861 1761 3535 1842 habeatexsistentiam,
3564 1780 3702 1825 cum
3738 1832 3745 1837 ε

336 1845 640 1924 ποιητικὸν,
675 1845 755 1902 ὅτι
788 1847 842 1902 ἐν
870 1855 945 1922 τῷ
1003 1851 1224 1928 φθείρειν
1279 1860 1434 1911 τοῦτο
1481 1854 1583 1921 τὴν
1635 1851 1979 1923 εἰδοπεποιη-

2069 1851 2143 1911 sit
2174 1850 2449 1929 privatio?
2474 1850 2586 1913 Per
2625 1851 2846 1913 bonum
2879 1859 3078 1914 autem
3102 1863 3163 1913 et
3192 1868 3289 1914 res
3318 1862 3434 1925 est,
3469 1859 3530 1913 et
3556 1853 3713 1914 bona

334 1933 504 2007 μένην
544 1936 744 2016 οὖσίαν,
778 1937 1141 2018 ἀντεισάγεται
1173 1941 1320 2005 εἶδος
1362 1942 1536 2022 ἕτερον
1566 1948 1665 2010 τῆς
1695 1943 1827 2011 ὕλης
1858 1945 1981 2002 ἐνυ-

338 2027 680 2104 παρχούσης,
734 2030 818 2084 καὶ
863 2027 946 2085 διὰ
994 2032 1055 2087 τὸ
1111 2031 1308 2109 ἀγαθὸν
1370 2030 1673 2113 δεχομένης
1709 2033 1809 2101 τὴν
1837 2033 1980 2092 εἰδο-

336 2116 577 2181 ποίησιν⁹
611 2116 815 2192 μᾶλλον
845 2117 898 2174 δὲ
930 2120 1043 2176 ἐπεὶ
1083 2121 1353 2187 ἀκώλυτός
1381 2122 1524 2179 ἐστιν
1577 2124 1632 2181 ἐν
1674 2136 1793 2188 τοϊς
1822 2127 1982 2190 θείοις

333 2203 537 2282 λογίοις
561 2208 594 2275 ἡ
621 2206 670 2272 ἐξ
699 2207 1081 2287 ἐποιλογισμοῦ
1110 2217 1218 2267 τῶν
1249 2211 1635 2292 ἀκριϐεστέρων
1666 2212 1980 2291 παράδοσις.

334 2298 411 2351 Τὸ
444 2301 567 2368 πᾶν,
603 2295 768 2375 λέγει,
805 2307 895 2357 τοῦ
924 2301 1120 2378 ἀγαθοῦ
1171 2301 1304 2382 ἐστι,
1338 2304 1511 2367 καθὼς
1556 2306 1646 2361 καὶ
1703 2326 1984 2382 παρακατ-

335 2385 435 2441 ιὼν
466 2384 740 2452 ἀποδείξει,
802 2390 924 2454 Πῦς
972 2391 1071 2467 γὰρ
1128 2389 1274 2447 ἔσται
1327 2394 1387 2448 τὸ
1451 2392 1577 2449 αὖτό
1634 2394 1725 2449 καὶ
1780 2393 1984 2471 ἀγαθὸν

330 2477 412 2539 ὼς
457 2474 517 2531 ἐκ
542 2483 632 2531 τοῦ
686 2478 907 2557 φθείρειν
965 2478 1241 2557 προξενοῦν
1301 2479 1532 2557 γένεσιν,
1570 2483 1659 2538 καὶ
1702 2483 1870 2539 κακὸν
1910 2484 1985 2545 ὡς

333 2568 575 2644 φθεῖρον,
608 2564 725 2623 οὔδε
779 2568 879 2647 γὰρ
912 2571 1004 2625 τοῦ
1047 2571 1207 2626 αὖτοῦ
1252 2571 1340 2626 καὶ
1381 2568 1498 2635 ἕνὸς
1534 2571 1848 2650 πράγματος
1892 2573 1987 2648 μία

333 2656 479 2711 κατὰ
536 2657 594 2712 τὸ
636 2659 762 2715 αὐτὸ
803 2657 1044 2738 δύναμις,
1095 2661 1183 2716 καὶ
1232 2660 1396 2739 φθορά
1450 2659 1561 2716 ἐστι
1619 2663 1706 2718 καὶ
1753 2660 1984 2739 γένεσις·

332 2743 472 2821 ὅπερ
531 2743 824 2820 συμϐαίνει,
885 2746 1042 2827 εἴπερ
1098 2747 1397 2824 δεξαίμεθα,
1451 2749 1533 2806 ὅτι
1580 2749 1804 2826 δύναμις
1872 2750 1987 2808 ἔστι

330 2836 401 2889 τὸ
460 2837 622 2891 κακὸν
678 2835 795 2892 καθ’
839 2836 1033 2905 ἑαυτὴν
1089 2841 1167 2915 μὴ
1239 2840 1539 2919 φθείρουσα,
1598 2841 1736 2899 κατὰ
1779 2838 1986 2916 συμϐε-

327 2923 507 2990 ϐηκὸς
537 2922 590 2980 δὲ
618 2925 718 2992 τὴν
775 2924 979 3002 γένεσιν
1028 2928 1359 3009 παρέχουσα,
1423 2930 1541 2992 [Ιῶς
1599 2931 1699 3008 γὰρ
1732 2936 1831 2999 τῆς
1878 2938 1985 2988 τῶν

327 3012 589 3070 ἐναντίων
639 3016 900 3085 κινήσεως
949 3018 1043 3093 μία
1085 3019 1172 3075 καί
1206 3020 1239 3087 ἡ
1282 3019 1417 3086 αὐτὴ
1460 3018 1607 3076 ἔσται
1637 3018 1882 3096 δύναμις
1932 3024 1986 3078 Εἰ

324 3106 439 3181 γᾶρ
469 3106 557 3160 καὶ
584 3106 611 3160 ὅ
643 3106 819 3185 ἰατρὸς
861 3104 1073 3185 λέγεται
1130 3106 1347 3184 δύναμιν
1400 3108 1551 3190 ἔχειν
1606 3111 1841 3188 ὑγιάσαι,
1900 3112 1986 3168 καὶ

327 3193 556 3268 δῦναμιν
615 3193 763 3275 ἔχειν
811 3198 964 3255 νόσον
995 3210 1324 3278 παρασχεῖν,
1357 3199 1418 3255 τὸ
1449 3199 1549 3273 μὲν
1578 3198 1694 3255 καθ’
1728 3203 1878 3272 αὐτὸ,
1924 3203 1984 3256 τὸ
2005 3248 2046 3301 C

332 3282 355 3301 o.
536 3283 548 3301 ν
698 3284 727 3301 ρ
761 3284 789 3301 ο
867 3289 880 3301 .
1010 3294 1032 3301 -
1253 3289 1291 3301 ..
1432 3292 1441 3301 .
1559 3295 1584 3301 _
1703 3289 1715 3301 .
1759 3291 1772 3301 .
1934 3288 1945 3301 .

327 3282 383 3355 δε
419 3283 559 3341 κατά
590 3284 924 3359 συμϐεϐηκὸς
971 3294 1040 3362 τῇ
1071 3289 1298 3359 απουσία
1360 3292 1457 3345 καὶ
1519 3295 1595 3361 τῷ
1652 3289 1730 3363 μὴ
1759 3288 1985 3347 ἔπισκὲ-

326 3376 549 3449 ψασθαι⁶
603 3376 692 3431 καὶ
749 3377 839 3432 τὸν
895 3374 1225 3454 κυϐερνήτην
1256 3376 1533 3453 μὴμόνον
1590 3379 1829 3455 παρόντα
1886 3382 1987 3447 τῆς

324 3463 607 3539 σωτηρίας
636 3465 733 3531 τῆς
785 3467 918 3530 νεὼς
973 3466 1284 3542 αἰτιώμεθα,
1334 3465 1473 3522 ἀλλὰ
1517 3467 1604 3522 καὶ
1648 3465 1856 3524 ἀπόντα
1887 3473 1986 3535 τῆς

324 3550 626 3617 ἀπωλείας.
688 3545 773 3613 ”Ο
824 3556 925 3633 γὰρ
969 3557 1137 3633 παρὸν
1204 3555 1491 3629 αἰτιώμεθα
1530 3552 1707 3629 τοῦδε,
1769 3556 1928 3636 φησὶν
1960 3559 1988 3614 ὁ

324 3640 731 3719 Ἀριστοτέλης,
766 3653 921 3703 τοῦτο
954 3648 1040 3701 καὶ
1069 3644 1206 3700 ἀπὸν
1238 3644 1526 3718 αἰτιώμεθα
1569 3650 1663 3701 τοῦ
1721 3646 1981 3710 ἔδαντίου,

326 3732 501 3789 Ἀλλά
531 3735 930 3813 προϋπόκειται,
974 3732 1055 3790 ὅτι
1100 3732 1317 3809 δύναμις
1352 3734 1427 3798 τίς
1495 3755 1637 3791 εστιν
1667 3733 1722 3792 ἐν
1751 3735 1981 3809 τούτοις,

327 3822 381 3877 ὲν
409 3822 600 3895 ἒκείνῳ
642 3823 738 3896 μὲν
793 3833 886 3883 τοῦ
943 3824 1181 3901 ὑγιάσαι,
1238 3824 1294 3879 ἐν
1343 3824 1514 3897 τούτῳ
1574 3822 1629 3880 δὲ
1659 3832 1754 3883 τοῦ
1785 3831 1981 3906 σῶσαι,

326 3914 548 3980 ἧστινος
591 3914 626 3981 ἡ
660 3913 886 3971 ἀπουσία
936 3910 1183 3971 τάναντία
1232 3913 1492 3994 παρέχει⁶
1547 3916 1638 3971 καὶ
1707 3916 1822 3973 καθ’
1857 3917 1982 3974 αὐτὸ

328 4003 428 4076 μὲν
474 4004 539 4057 τα
596 4000 712 4059 καθ’
747 4002 848 4069 ἕξιν
879 4003 1141 4083 γίνονται,
1173 4004 1238 4060 τὰ
1268 4001 1322 4059 δὲ
1351 4004 1490 4060 κατὰ
1546 4003 1795 4081 στέρησιν
1848 4006 1984 4063 κατᾶ

328 4087 688 4168 συμϐεϐηκός·
723 4092 901 4150 ἐκεῖσε
945 4091 998 4149 δὲ
1030 4092 1065 4159 ἦ
1111 4095 1209 4168 μὲν
1265 4093 1508 4163 στέρησις
1573 4096 1634 4151 τὸ
1694 4094 1813 4152 καθ’
1857 4095 1986 4152 αὖτὸ

330 4180 354 4201 Ἰ
536 4184 546 4204 ε
597 4182 636 4202 αἱ
675 4182 724 4203 κν
852 4185 864 4202 \
1043 4184 1055 4199 ἱ
1230 4180 1260 4205 ρ
1298 4181 1322 4199 ο
1566 4184 1578 4203 Ι
1666 4184 1693 4207 Ὺ
1765 4186 1778 4208 τ
1865 4185 1877 4206 Ι

332 4204 480 4262 εχει,
531 4205 560 4248 η
591 4200 644 4238 οε
676 4205 784 4248 εςις
817 4205 877 4238 το
932 4204 1070 4239 κατα
1121 4184 1482 4257 συμοεοηκός.
1518 4194 1602 4250 Τις
1637 4207 1724 4241 ουν
1759 4210 1790 4253 η
1822 4182 1986 4242 δυνα-

330 4294 424 4344 μις
482 4272 635 4343 αὕτη,
671 4274 705 4340 ἡ
738 4274 874 4328 κατὰ
934 4272 1179 4346 στέρησιν
1240 4272 1624 4351 συνισταμένη,
1683 4272 1800 4341 ἥτις
1842 4277 1982 4331 ἐστὶν

328 4362 384 4415 ἓν
450 4368 527 4434 τῷ
585 4363 724 4433 αὐτῷ
781 4363 868 4416 καὶ
924 4363 1058 4441 φορὰ
1108 4363 1196 4417 καὶ
1254 4360 1459 4438 γένεσις
1519 4359 1637 4419 οὐδὲ
1720 4363 1822 4439 γὰρ
1884 4362 1981 4431 τῆς

328 4453 528 4529 φθορᾶς
584 4451 619 4517 ἡ
675 4450 921 4527 στέρησις
984 4450 1187 4528 γένεσίς
1232 4449 1399 4528 ἐστιν,
1460 4446 1583 4505 ἀλλ’
1627 4450 1663 4516 ἦ
1722 4450 1979 4527 γενέσεως

329 4540 421 4595 καὶ
466 4547 555 4598 τοῦ
598 4539 744 4596 εἶναι
795 4538 1041 4616 στέρησις
1098 4541 1284 4620 φθορά·
1336 4536 1453 4594 οὔδε
1516 4543 1613 4606 τῆς
1679 4542 1981 4615 στερήσεως

327 4629 563 4686 ἀπουσία
595 4627 761 4709 εἶδος,
808 4627 925 4685 ἀλλ’
956 4632 991 4699 ἡ
1022 4637 1113 4685 τοῦ
1144 4628 1318 4694 εἴδους
1385 4629 1608 4685 ἀπουσία
1663 4631 1827 4708 φθορὰ
1896 4632 1984 4689 καὶ

327 4717 606 4796 στέρησις,
646 4718 741 4775 Διά
764 4727 940 4799 τοῦτο,
975 4720 1087 4776 ἐπεὶ
1123 4720 1208 4775 καὶ
1238 4720 1299 4775 τὸ
1342 4720 1505 4774 κακὸν
1529 4718 1822 4799 αυότοφθορά
1851 4719 1985 4798 ἐστι,

328 4810 391 4863 τὸ
442 4806 497 4863 δὲ
559 4809 755 4886 ἀγαθὸν
787 4806 1131 4884 αὗτοδόναμις
1184 4809 1257 4871 εἰς
1321 4808 1546 4885 γένεσιν,
1601 4815 1716 4870 πῶς
1776 4808 1837 4864 ἂν
1894 4807 1986 4876 εἴη

331 4899 367 4965 ἡ
416 4898 714 4977 αὔτοφθορα
764 4896 1131 4974 αὒτοδύναμις,
1192 4900 1264 4962 ὡς
1323 4895 1566 4953 δύνασθαι
1621 4897 1787 4966 αὐτὴν
1859 4919 1985 4955 ποι·-

330 5001 416 5043 etv
462 5007 537 5067 tt;
582 4986 733 5045 Ἀλλ’
798 4987 988 5045 εἰδέναι
1046 4989 1184 5068 χρὴ,
1251 4988 1332 5044 ὅτι
1377 4986 1490 5043 ἐπεί
1548 4989 1609 5042 τὸ
1665 4985 1981 5061 αὖτόκακον,

329 5078 716 5157 αὒτοαμετρον,
764 5080 851 5135 καὶ
910 5076 1291 5149 αὒτοανείδεον,
1326 5078 1410 5134 καὶ
1471 5077 1645 5151 ἐαυτῷ
1693 5079 1857 5134 κακὸν
1889 5076 1985 5134 οὐ-

331 5163 525 5231 σιὼδές
568 5167 733 5248 ἐστιν,
768 5168 829 5225 οὗ
886 5169 995 5243 μὴν
1042 5166 1203 5247 ἑτέρῳ
1259 5168 1445 5224 κακόν·
1504 5173 1659 5223 τοῦτο
1708 5168 1805 5245 γὰρ
1836 5164 1983 5229 εἶδός

328 5254 474 5311 ἐστιν
532 5257 649 5313 οἷον
705 5245 790 5314 καὶ
848 5245 1181 5331 συμϐεϐηκὸς
1241 5258 1452 5318 κακίας.
1491 5245 1717 5335 ’¹Ωσπερ
1749 5255 1908 5313 πάλιν
1955 5259 1982 5313 ὁ

330 5346 467 5408 Θεὸς
515 5348 856 5426 αὒτόμετρον,
917 5348 1004 5403 καὶ
1056 5345 1471 5419 αὒτοειδοποιὸν,
1522 5347 1609 5402 καὶ
1662 5344 1983 5424 αὖτοάγαθον

326 5432 609 5515 οὐσιῶδες,
668 5441 727 5495 οὔ
770 5438 875 5511 μὴν
932 5439 992 5491 το
1050 5436 1103 5491 ἐν
1160 5435 1321 5513 ἐτὲρνρ
1378 5436 1593 5514 ἀγαθόν·
1646 5433 1981 5510 κυμϐεϐηκὸς

324 5525 429 5602 γὰρ
463 5532 643 5588 τοῦτο.
685 5529 847 5584 Τοῦτο
906 5526 1074 5582 τοίνυν
1136 5528 1196 5581 τὸ
1242 5524 1534 5582 αὒτὸκκκον
1586 5525 1700 5583 οὔτε
1744 5526 1827 5585 ὃν.
1867 5524 1983 5582 οὔτε

323 5617 617 5680 ποιητικόν
652 5617 811 5695 ἐστιν,
860 5618 953 5672 οὐκ
983 5615 1038 5670 ἐν
1080 5616 1294 5691 ὑπάρξει
1330 5617 1428 5671 τινὶ
1463 5616 1723 5695 φαίνεται,
1778 5614 1893 5672 ἀλλ’
1928 5615 1982 5670 ἐν

325 5702 668 5782 παρεισδύσει
723 5708 776 5763 ἐν
837 5714 904 5783 τῇ
963 5728 1052 5762 του
1109 5706 1305 5783 ἀγαιθοῦ
1363 5707 1631 5784 στερήσει.
1673 5707 1767 5764 Καὶ
1827 5707 1982 5763 τοῦτό

2068 1940 2341 2018 producit
2373 1939 2789 2021 Res,inquam,
2813 1941 3097 2021 quoniam
3127 1941 3240 2005 hoc
3271 1940 3591 2004 recedente
3622 1941 3701 2003 il-

2066 2030 2167 2091 lud
2183 2031 2619 2110 apparet;bona
2651 2048 2787 2093 vero
2820 2030 3262 2111 producit,quia
3289 2030 3431 2093 dum
3450 2031 3705 2094 hoccor-

2063 2121 2285 2199 rumpit
2308 2119 2695 2183 substantiam
2721 2119 3578 2200 formatam,subintrotlucitur
3596 2120 3711 2183 alia

2069 2208 2259 2270 forma
2282 2210 2539 2271 materiae
2560 2208 2966 2291 inexistentis,
3001 2216 3060 2271 et
3100 2226 3206 2289 per
3226 2207 3449 2271 bonum
3481 2209 3708 2273 forma-

2072 2301 2295 2361 tionem
2349 2299 2724 2377 suscipientis
2760 2319 2778 2375 ;
2812 2298 3145 2379 praesertim
3177 2317 3313 2361 cum
3345 2297 3517 2363 obvia
3545 2299 3624 2362 sit
3647 2300 3708 2362 iu

2072 2387 2283 2450 divinis
2311 2389 2568 2451 oraculis
2600 2409 2670 2450 ex
2701 2407 2903 2451 rerum
2937 2391 3369 2470 praecipuarum
3393 2407 3711 2453 enumera-

2073 2479 2232 2539 tione
2276 2478 2417 2538 408
2464 2477 2728 2540 traditio.
2764 2480 2888 2540 Hoc
2927 2478 3291 2554 universum,
3326 2478 3541 2560 inquit,
3566 2479 3710 2542 boni

2071 2574 2182 2640 est,
2234 2573 2385 2629 sicut
2440 2566 2501 2628 in
2561 2585 2876 2646 progressu
2913 2566 3366 2630 demonstrabit.
3403 2566 3713 2641 Quomodo

2072 2657 2228 2719 enim
2250 2656 2307 2718 id
2342 2657 2536 2737 ipsum
2561 2659 2674 2718 erit
2696 2660 2758 2719 et
2781 2658 3096 2731 bonum,in
3123 2665 3412 2734 quantum
3434 2675 3711 2721 corrum-

2071 2746 2269 2828 pendo
2293 2753 2596 2828 promovet
2614 2746 3084 2827 generationem,
3109 2756 3168 2810 et
3189 2747 3504 2828 malum,in
3526 2766 3715 2829 quan-

2069 2847 2194 2898 tum
2217 2834 2574 2918 corrumpit?
2604 2855 2798 2918 neque
2839 2836 3000 2899 enim
3028 2837 3296 2917 ejusdem
3330 2846 3391 2900 et
3419 2837 3600 2899 unius
3627 2837 3719 2900 rei

2075 2926 2260 2987 virtus
2278 2927 2449 2988 unica
2463 2925 2794 2988 secundum
2819 2926 2976 2988 idem
3002 2936 3061 2988 et
3077 2926 3378 3006 corruptio
3400 2934 3490 2989 est
3518 2933 3578 2989 et
3608 2945 3717 3007 ge-

2071 3015 2488 3097 neratio;quod
2511 3016 2717 3094 utique
2739 3016 3106 3094 contingit,si
3127 3015 3550 3093 concedamus,
3598 3036 3719 3080 ma-

2073 3105 2195 3167 lum
2219 3124 2355 3168 esse
2377 3105 2652 3167 virtutem
2676 3123 2808 3188 quae
2833 3105 3164 3168 secundum
3204 3124 3269 3168 se
3302 3124 3423 3168 non
3453 3124 3723 3170 corrum-

2076 3204 2311 3275 pat,per
2332 3193 2616 3256 accidens
2637 3203 2838 3257 autem
2861 3202 2919 3257 et
2940 3194 3387 3275 generationem
3416 3195 3718 3260 exhibeat.

2075 3282 2386 3358 Quomodo
2404 3284 2561 3345 enim
2582 3293 2778 3346 motus
2800 3283 3245 3346 contrariorum
3263 3303 3380 3346 una
3392 3284 3725 3365 eademque

2073 3378 2164 3435 vis
2190 3374 2332 3437 erit?
2359 3392 2492 3435 nam
2521 3374 2574 3435 si
2598 3373 2777 3436 etiam
2797 3372 3064 3436 medicus
3089 3373 3324 3437 dicatur
3346 3372 3568 3436 habere
3603 3374 3723 3436 vim

2075 3463 2347 3538 sanandi,
2381 3471 2439 3524 et
2474 3462 2696 3525 habere
2714 3464 2826 3523 vim
2862 3462 3137 3525 morbum
3170 3461 3544 3535 conferendi,
3577 3463 3725 3527 illud

2075 3552 2317 3633 quidem
2344 3569 2449 3633 per
2472 3553 2682 3632 se,hoc
2705 3560 2909 3614 autem
2934 3570 3043 3632 per
3065 3551 3723 3634 accidens,propterab-

2072 3640 2323 3702 sentiam
2344 3642 2433 3703 vel
2460 3641 3043 3717 inadvertentiam;et
3071 3639 3466 3721 gubernatori
3485 3660 3605 3705 non
3634 3661 3728 3705 so-

2072 3730 2191 3793 lum
2254 3730 2529 3811 praesenti
2579 3730 2832 3792 salutem
2883 3730 3048 3792 navis
3091 3730 3469 3806 ascribimus,
3520 3750 3725 3796 verum

2071 3821 2244 3882 etiam
2296 3819 2526 3884 absenti
2568 3820 2991 3901 perditionem.
3026 3818 3196 3893 Quod
3248 3820 3409 3883 enim
3457 3839 3725 3902 praesens

2072 3910 2252 3990 hujus
2270 3929 2508 3972 causam
2530 3910 2806 3989 dicimus,
2834 3909 3420 3992 inquitAristoteles,
3453 3911 3512 3973 id
3544 3912 3724 3976 etiam

2072 4000 2291 4061 absens
2305 4001 2585 4061 contrarii
2601 4018 2842 4062 causam
2869 4002 3217 4064 asserimus.
3238 3998 3354 4063 Sed
3375 4017 3724 4082 prmsuppo-

2074 4089 2308 4151 niturin
2334 4090 2426 4150 his
2448 4089 2530 4151 vis
2552 4089 2770 4169 aliqua,
2820 4090 2878 4149 in
2927 4089 3029 4151 illo
3056 4090 3298 4169 quidem
3341 4090 3618 4171 curandi,
3661 4089 3725 4152 in

2076 4179 2186 4240 hoc
2206 4188 2400 4241 autem
2431 4177 2909 4259 servandi,cujus
2937 4177 3211 4240 absentia
3239 4178 3537 4242 contraria
3573 4197 3726 4259 prae-

2073 4276 2281 4345 stet;ac
2310 4287 2416 4349 per
2437 4287 2502 4330 se
2525 4268 2763 4349 quidem
2789 4267 2888 4329 illa
2911 4269 3060 4329 ﬁunt
3081 4269 3415 4331 secundum
3430 4268 3724 4350 habitum,

2072 4359 2196 4420 haec
2228 4377 2366 4420 vero
2417 4358 2745 4421 secundum
2800 4357 3196 4437 privationem
3251 4376 3358 4438 per
3397 4357 3720 4422 accidens:

2069 4448 2153 4509 ibi
2184 4457 2379 4510 autem
2414 4448 2660 4530 privatio
2696 4466 2761 4509 se
2794 4445 2973 4509 habet
3029 4466 3135 4529 per
3186 4466 3274 4523 se,
3311 4446 3547 4510 habitus
3579 4466 3719 4511 vero

2072 4557 2179 4619 per
2208 4539 2509 4601 accidens.
2536 4538 2816 4611 Quaenam
2852 4536 3049 4617 itaque
3082 4539 3206 4601 haec
3228 4538 3314 4599 vis
3343 4537 3582 4619 sit,quae
3626 4555 3723 4601 se-

2009 4611 2051 4664 D
2072 4611 2336 4688 cundum
2370 4628 2764 4707 privationem
2787 4611 3231 4708 subsistat,qute
3248 4628 3307 4689 in
3340 4611 3554 4691 eodem
3576 4628 3722 4689 sitet

2074 4718 2378 4797 corruptio
2423 4724 2481 4778 et
2513 4717 2846 4796 generatio?
2885 4714 3088 4797 Neque
3132 4717 3293 4779 enim
3322 4716 3724 4797 corruptionis

2076 4807 2319 4886 privatio
2341 4806 2645 4887 generatio
2667 4804 2894 4882 est,sed
2925 4807 3327 4885 generationis
3349 4815 3407 4869 et
3433 4806 3722 4868 exsisteu-

2070 4902 2171 4958 tiae
2198 4898 2447 4977 privatio
2473 4895 2774 4975 corruptio
2802 4904 3126 4977 est;neque
3144 4897 3488 4978 privationis
3505 4895 3720 4959 absen-

2074 4986 2152 5045 tia
2175 4986 2365 5048 forma
2390 4985 2613 5063 est,sed
2636 4985 2844 5047 formai
2889 4984 3165 5048 absentia
3206 4986 3508 5068 corruptio
3536 4994 3626 5049 est
3654 4990 3718 5050 et

2074 5075 2724 5156 privatio.Quapropter
2744 5093 2880 5136 cum
2905 5074 3083 5136 etiam
3113 5076 3334 5138 malum
3371 5094 3476 5156 per
3505 5094 3571 5138 se
3592 5093 3719 5137 cor-

2070 5183 2137 5225 ru
2149 5166 2267 5244 ptio
2290 5164 2620 5247 sit,bonum
2665 5173 2865 5226 autem
2901 5181 3009 5245 per
3035 5182 3101 5227 se
3133 5166 3327 5228 valeat
3356 5166 3431 5228 ad
3462 5183 3715 5247 genera-

2072 5252 2624 5334 tiouem,quomodo
2646 5270 2753 5333 per
2773 5271 2837 5314 se
2858 5256 3158 5336 corruptio
3183 5256 3259 5318 sit
3279 5274 3389 5336 per
3408 5274 3473 5319 se
3504 5257 3709 5329 virtus,

2072 5355 2134 5407 ut
2166 5344 2366 5424 possit
2396 5342 2617 5423 aliquid
2649 5343 2875 5405 facere?
2904 5342 3019 5406 Sed
3050 5343 3550 5426 sciendum,quod
3574 5361 3710 5406 cum

2072 5451 2177 5514 per
2228 5452 2295 5496 se
2348 5433 2595 5507 malum,
2632 5451 2739 5513 per
2769 5451 2834 5495 se
2883 5434 3267 5511 immensum,
3328 5453 3434 5516 per
3502 5451 3586 5515 se.
3621 5431 3713 5495 in-

2069 5525 2347 5602 i'orme,et
2367 5542 2428 5582 se
2453 5522 2578 5602 ipso
2604 5520 3004 5585 essentialiter
3029 5525 3249 5586 malum
3264 5524 3488 5595 sit,non
3510 5531 3709 5584 autem

2070 5634 2174 5695 per
2194 5614 2443 5675 alterum
2472 5611 2719 5688 malum;
2746 5613 2857 5674 hoc
2885 5613 3041 5675 enim
3075 5614 3264 5676 forma
3305 5622 3415 5688 est,
3451 5621 3510 5675 et
3539 5613 3705 5689 quasi

2066 5703 2345 5767 accidens
2376 5702 2639 5768 malitiae.
2673 5701 2837 5766 Sicut
2882 5701 3097 5767 iterum
3129 5703 3288 5767 Deus
3319 5720 3426 5784 per
3451 5720 3517 5766 se
3547 5719 3711 5765 men-
