4156 6156
448 353 567 422 787
1613 352 1672 412 S.
1725 353 2064 420 DIONYSII
2120 353 2652 422 AREOPAGITzE.
3719 350 3839 418 788

451 511 610 567 sura,
647 509 750 572 per
771 510 836 553 se
859 489 1109 554 formam
1136 489 1498 564 tribuens,et
1521 505 1628 568 per
1649 505 1713 550 se
1744 488 1965 553 bonum
1997 511 2097 555 es-

2201 512 2323 550 ;στιν
2381 490 2410 546 ὃ
2433 488 2578 568 λέγει
2610 490 2638 545 ὁ
2683 487 2849 567 μέγείς
2883 486 3132 566 θεολόγος
3159 489 3448 569 Γρηγόριος
3483 494 3549 557 τῆ
3595 496 3692 548 τοῦ
3723 511 3830 548 δια-

451 583 700 646 sentiale
721 588 828 655 est,
859 600 983 644 non
1004 592 1200 643 autem
1223 580 1284 641 in
1307 579 1492 641 altero
1517 576 1756 660 bonum;
1792 579 1908 642 hoc
1933 582 2092 644 enim

2201 585 2269 640 ,οὗ
2299 586 2466 660 φυγῇ.
2503 580 2619 644 Πῶς
2647 579 2818 638 τοίνυν
2866 585 2925 634 τὸ
2958 580 3146 651 κακὸν,
3195 580 3271 654 μὴ
3312 580 3397 656 ὃν,
3431 579 3830 660 παρεισδόεται,

452 673 748 736 accidens.
795 671 958 734 Istud
991 673 1190 751 itaque
1241 687 1347 752 per
1375 687 1440 730 se
1489 668 1706 728 malum
1740 687 1936 749 neque
1980 679 2093 747 est,

2205 672 2411 736 κτίθησι
2472 667 2822 746 πλατύτερον,
2853 669 2942 726 καὶ
2970 671 3032 725 τὸ
3074 674 3179 726 πᾶν
3224 669 3460 746 ἐπινέμει
3493 672 3571 746 τῷ
3624 673 3831 749 ἀγαθῷ.

451 781 646 844 neque
661 763 870 824 efﬁcax
885 770 994 836 est,
1025 777 1134 824 nec
1153 766 1402 839 apparet
1427 759 1486 818 in
1501 758 1698 838 aliqua
1723 760 2094 838 exsistentia,

2201 760 2250 818 Γὸ
2290 763 2414 836 γοῦν
2447 755 2666 836 ἀγαθὸν,
2701 756 2754 812 ἐν
2810 757 2897 820 οἷς
2955 756 3052 831 μὲν
3103 757 3297 824 τελέως
3348 758 3663 839 ἐγγένηται,
3699 759 3832 834 ἀμι-

451 855 556 916 sed
587 853 647 914 in
697 852 1044 934 irreptioue,
1081 851 1142 911 in
1173 849 1310 910 boni
1346 847 1692 929 privatione.
1727 847 1795 909 Et
1840 849 1951 912 hoc
1983 859 2094 927 est,

2201 853 2252 928 (ἦ
2284 861 2434 906 ποιεῖ
2457 849 2542 903 καὶ
2573 846 2842 923 όλὸκληρα
2877 847 3069 925 ἀγαθάο
3105 848 3193 908 οἷς
3225 847 3278 905 δὲ
3310 848 3497 931 ἧττον,
3527 847 3836 928 μεμιγμένα

451 943 607 1024 quod
643 933 890 1020 magnus
921 942 1018 1004 ille
1049 940 1361 1015 theologus
1392 937 1714 1016 Gregorius
1760 940 1838 1000 ait
1867 958 2001 1002 esse
2035 942 2097 1002 in

2201 940 2312 1017 πρὸς
2356 940 2418 994 τὸ
2449 933 2642 999 κακόν.
2677 939 2750 995 Οὔ
2781 937 2890 1012 μὴν
2947 935 3003 993 δέ
3054 937 3166 995 ἐστι
3196 939 3261 996 τὸ
3300 940 3467 996 κακὸν
3524 939 3647 998 καθ’
3679 939 3831 1008 αὐτὸ,

455 1031 779 1111 bonifuga.
812 1029 1116 1103 Quomodo
1146 1029 1325 1108 igitur
1339 1027 1956 1108 malumirrepat,cum
1978 1049 2099 1092 non

2201 1027 2325 1086 ἱλλὰ
2349 1025 2457 1107 διὰ,
2492 1028 2590 1095 τὴν
2621 1029 2716 1084 τοῦ
2745 1027 2942 1106 ἀγαθοῦ
2972 1025 3230 1104 ἔλλειψινθ
3277 1029 3492 1109 ἐπείπερ
3519 1032 3555 1099 ἡ
3585 1028 3670 1086 διὰ
3695 1027 3836 1086 πάν-

454 1121 550 1196 sit,
577 1122 762 1183 fusius
791 1120 1054 1200 exponit,
1078 1128 1136 1181 et
1155 1127 1338 1180 totum
1356 1118 1510 1179 bono
1535 1119 1828 1182 attribuit.
1863 1119 2096 1182 Bonum

2201 1139 2284 1175 πων
2343 1123 2580 1197 φοιτῶσα
2632 1117 2898 1185 παντελὴς
2964 1119 3230 1196 αγαθότης
3303 1121 3362 1176 οὗ
3427 1120 3593 1200 μέχρι
3651 1119 3835 1194 μόνων

451 1211 592 1274 409
629 1212 826 1292 itaque
854 1209 1306 1291 quibuscunque
1340 1207 1585 1285 quidem
1621 1209 1882 1288 perfecte
1914 1208 2093 1289 inest,

453 1302 661 1364 eadem
694 1300 1061 1382 impermista
1082 1307 1138 1360 et
1170 1298 1399 1376 integra
1418 1298 1576 1359 bona
1601 1298 1802 1360 reddit
1833 1321 1848 1370 ;
1883 1298 2100 1379 quibus

455 1410 596 1454 vero
615 1389 1297 1469 minusinest.permista
1310 1388 1871 1451 suntmalo.Malum
1904 1397 2101 1451 tamen

455 1499 575 1542 non
593 1489 682 1542 est
705 1499 811 1560 per
839 1499 927 1560 se,
948 1479 1051 1542 sed
1080 1497 1187 1558 per
1211 1478 1351 1539 boni
1382 1477 2100 1559 defectum,quandoqui-

2183 1221 2359 1287 χωρεῖ
2417 1213 2524 1264 τῶν
2567 1207 2818 1282 οδρανίων
2851 1209 2937 1266 καὶ
2963 1211 3115 1266 θείων
3177 1207 3478 1290 δυνάμεων,
3509 1208 3634 1267 ἀλλ’
3663 1207 3838 1266 ἑκτεί-

2183 1319 2324 1354 νετσι
2383 1296 2509 1377 ἂχρι
2568 1300 2656 1354 καὶ
2707 1303 2813 1354 τῶν
2871 1297 3118 1379 ἐσχάτων
3176 1302 3262 1357 καὶ
3311 1306 3417 1358 τῶν
3464 1314 3698 1379 γηϊνων’
3752 1297 3836 1356 διὰ

2183 1394 2337 1445 τοῦτο
2365 1387 2464 1467 γὰρ
2494 1388 2582 1446 καὶ
2614 1389 2644 1456 ἡ
2677 1393 2748 1466 γῆ
2781 1395 2872 1446 τοῦ
2920 1395 3052 1446 Θεοῦ
3110 1389 3321 1469 λέγεται
3372 1389 3685 1450 ὑποπόδιον.
3737 1390 3836 1449 Καὶ

2187 1490 2303 1543 τοῖς
2364 1477 2459 1554 μὲν
2516 1477 2692 1544 ἄλλως
2749 1481 2836 1536 καὶ
2886 1478 3059 1544 ἄλλως
3089 1481 3208 1537 κατ’
3240 1483 3476 1539 ἐπίτασίν
3506 1505 3562 1539 τε
3593 1483 3682 1539 καὶ
3712 1480 3832 1563 τἄφε-

456 1571 592 1632 dem
618 1571 714 1633 illa
743 1570 1002 1650 perfecta
1027 1568 1854 1648 bonitas,quzeperomniase,
1879 1568 2107 1629 ditl‘un-

2201 1590 2293 1647 τιν,
2327 1581 2443 1632 τοῖς
2474 1566 2527 1623 δὲ
2558 1568 2808 1649 ἐσχάτοις
2855 1570 2990 1626 κατά
3033 1569 3265 1650 ’ἐσχάτον
3299 1573 3578 1652 ἀπὴχημα
3608 1572 3831 1647 πάρεστι

457 1662 561 1736 dit,
588 1681 705 1721 non
726 1661 916 1722 solum
949 1679 1132 1739 usque
1165 1659 1237 1719 ad
1273 1657 1549 1720 ccelestes
1579 1676 1648 1719 ac
1671 1659 1899 1719 divinas
1927 1658 2108 1720 virtu-

2201 1658 2438 1736 τάγαθόν.
2471 1657 2566 1723 Ὠς
2625 1660 2710 1739 γάρ
2763 1659 2992 1739 ἔφημεν,
3038 1661 3230 1717 ὑπόθου
3281 1662 3398 1718 τινά
3446 1664 3639 1739 βοῆσαι
3672 1661 3836 1741 μέγα,

460 1760 547 1812 tes
572 1751 874 1831 pertingit,
909 1749 1012 1810 sed
1046 1750 1118 1810 ad
1153 1755 1446 1809 extremas
1478 1766 1666 1827 usque
1699 1749 1875 1810 etiam
1913 1754 2106 1810 terre-

2201 1749 2275 1805 καὶ
2335 1750 2424 1804 τὸν
2512 1749 2608 1822 μὲν
2689 1749 2845 1828 ἐγγὺς
2919 1750 3200 1825 ἱστάμενον
3260 1755 3342 1808 ταὶ
3423 1752 3717 1830 ἐρρωμένον
3775 1753 3838 1808 τὸ

457 1861 681 1922 nasque
708 1839 1119 1921 protenditur:
1155 1839 1442 1919 quoniam
1477 1837 1701 1900 idcirco
1735 1838 1916 1899 etiam
1950 1845 2108 1900 terra

2201 1838 2502 1895 ἀκουστικὸν
2533 1837 2664 1906 ὅλην
2695 1838 2930 1904 δέξασθαι
2961 1839 3062 1906 τὴν
3099 1842 3256 1917 βοὴν,
3285 1843 3407 1904 τοὺς
3439 1840 3495 1898 δὲ
3530 1841 3837 1923 ἀφεστηκό-

428 1931 666 2000 _diritur
691 1930 1005 1988 scabellum
1027 1929 1123 1986 Dei
1144 1943 1186 1983 a.
1217 1929 1404 1999 Atque
1426 1926 1552 1984 aliis
1583 1927 1816 1999 quidem
1847 1928 2007 1984 aliter
2025 1935 2110 1986 at-

2201 1951 2293 1991 τας
2326 1926 2602 2007 ἀναλόγως
2635 1935 2702 2006 τῇ
2731 1928 3022 2001 διαστάσει,
3074 1933 3163 1988 τὸν
3221 1931 3275 1988 δὲ
3324 1932 3460 1992 πᾶνυ
3502 1932 3681 2012 πόρῤω
3712 1932 3845 2007 ἀμυο

458 2037 568 2094 que
589 2020 753 2078 aliter
774 2019 1090 2077 secundum
1107 2019 1489 2074 intentionem
1511 2026 1564 2074 et
1585 2017 2116 2082 remissionem,ex-

2201 2017 2423 2097 δρότατα
2482 2021 2554 2084 ὡς
2612 2021 2982 2101 ἀπηχήματος
3044 2022 3271 2080 ὑστάτου
3322 2030 3501 2089 ποσῶς
3559 2023 3841 2082 αἰσθανέσ-

461 2111 666 2172 tremis
682 2129 820 2172 vero
840 2109 1170 2171 secundum
1188 2116 1513 2169 extremam
1533 2107 1699 2188 quasi
1715 2108 2115 2170 resonantiam

2201 2112 2305 2165 θαι·
2362 2110 2406 2164 εἷ
2463 2109 2560 2188 γὰρ
2611 2111 2692 2184 μὴ
2750 2109 2914 2175 οὕτως
2975 2112 3008 2180 ἡ
3057 2118 3150 2169 1:05
3199 2112 3394 2192 ἀγαθοῦ
3452 2115 3704 2190 μετουσία
3749 2115 3837 2188 ἦν,

461 2202 630 2263 adest
652 2199 1242 2262 bonum.Sicutenim
1270 2198 1835 2278 diximus,suppone
1855 2198 2112 2279 aliquem

2202 2202 2336 2267 ἦσαν
2375 2198 2437 2253 ἂν
2478 2199 2542 2255 τὰ
2583 2200 2828 2256 θειότατα
2888 2200 2987 2268 τὴν
3018 2207 3124 2257 τῶν
3156 2201 3402 2282 ἐσχάτων
3433 2202 3579 2269 τάξιν
3617 2203 3840 2284 ἔχοιτα.

463 2293 581 2353 alte
608 2289 1018 2364 vociferari,ac
1033 2289 1290 2350 vicinum
1317 2286 1560 2368 quidem
1575 2288 1898 2368 audituque
1923 2288 2116 2350 valen-

2201 2288 2318 2351 Πῶς
2349 2286 2403 2344 δέ
2438 2287 2538 2344 ἔδει
2597 2291 2768 2346 πάντα
2821 2290 3008 2357 ἐπίσης
3059 2289 3307 2372 δέχεσθαι
3365 2295 3426 2350 τὸ
3486 2294 3706 2374 ἀγαθὸν,
3768 2294 3846 2369 μὴ

464 2390 586 2444 tem
609 2388 790 2442 totam
809 2398 1011 2441 vocem
1028 2378 1330 2460 excipere,
1355 2387 1620 2439 remotos
1641 2386 1836 2440 autem
1864 2396 1969 2458 pro
1991 2387 2116 2441 rata

2201 2378 2320 2436 ὅντα
2351 2380 2540 2446 ἐπίσης
2592 2383 2718 2459 πρὸς
2769 2388 2925 2438 τοῦτο
2979 2381 3251 2452 ἐπιτήδεια
3285 2402 3304 2459 ς
3341 2385 3441 2442 Νῦν
3471 2383 3525 2440 δὲ
3569 2383 3723 2442 τοῦτό
3751 2385 3848 2440 ἔσ-

462 2471 761 2533 distantiae
790 2469 1083 2550 portione,
1109 2468 1575 2529 remotissimum
1603 2485 1742 2529 vero
1761 2469 2115 2531 obscurissi-

2201 2490 2245 2525 τι
2271 2470 2331 2524 τὸ
2359 2467 2688 2548 ὑπερϐάλλον
2717 2477 2812 2546 τῇς
2843 2479 2933 2528 τοῦ
2973 2471 3168 2549 ἀγαθοῦ
3198 2471 3493 2548 δυνάμεως,
3529 2473 3610 2530 ὅτι
3660 2476 3746 2531 καὶ
3777 2474 3846 2532 τὰ

465 2580 559 2623 me
592 2570 866 2641 tanquam
891 2557 1295 2620 resonantiam
1322 2559 1635 2639 quamdam
1671 2559 1934 2620 ultimam
1954 2561 2113 2624 vocis

465 2650 901 2732 quodammodo
918 2649 1373 2730 percipere;nisi
1395 2649 1552 2710 enim
1570 2650 1680 2710 hoc
1699 2650 1872 2712 modo
1888 2648 2109 2715 bonum

464 2743 946 2823 participaretur,
974 2741 1174 2821 utique
1207 2739 1576 2802 divinissima
1598 2739 2113 2822 exsisterent,quae

463 2832 924 2894 novissimorum
952 2830 1126 2891 modo
1152 2829 1671 2892 ordinemtenent.
1706 2831 1972 2904 Quonam
2001 2849 2111 2892 au-

424 2990 431 2996 _
469 2932 586 2983 tem
605 2919 1429 3001 pactooportebataaqualiter
1461 2918 1897 2981 omniabonum
1935 2919 2115 2999 parti-

468 3010 833 3091 cipare,cum
858 3009 1220 3090 quaelibetad
1236 3009 1521 3089 aequalem
1548 3008 2112 3090 boniparticipatio-

469 3117 608 3162 nem
635 3119 752 3160 non
782 3100 899 3160 sint
919 3097 1360 3160 accommodata
1387 3096 1412 3160 ?
1441 3097 1611 3160 Nunc
1641 3110 1838 3160 autem
1868 3100 1993 3163 haec
2025 3113 2113 3162 est

471 3189 752 3270 potentia;
779 3188 916 3250 boni
942 3195 1228 3268 praestans
1254 3187 1620 3266 magnitudo,
1652 3189 1807 3268 quod
1833 3191 2004 3252 etiam
2026 3191 2114 3252 sui

473 3278 736 3358 expertia
765 3297 882 3339 non
907 3276 1064 3351 aliis,
1096 3295 1294 3357 neque
1322 3279 1500 3339 aliter
1523 3297 1698 3358 quam
1733 3299 1838 3359 per
1861 3280 1951 3342 sui
1987 3279 2115 3359 pri-

471 3368 764 3430 vationem
798 3367 1148 3430 corroboret
1169 3367 1244 3428 ad
1272 3369 1465 3448 ipsum
1490 3369 1729 3430 omnino
1756 3370 2116 3450 participan-

472 3457 718 3522 dum.Et
743 3459 853 3520 hoc
880 3467 991 3538 est,
1012 3457 1166 3538 quod
1191 3475 1321 3537 quae
1351 3458 1744 3538 impossibilia
1764 3470 1897 3521 sunt
1921 3462 2117 3524 homi-

471 3548 675 3622 nibus,
710 3547 1015 3628 possibilia
1065 3547 1185 3608 sint
1216 3545 1359 3611 Deo.
1424 3549 1594 3622 Quod
1629 3548 1675 3609 si
1725 3549 2121 3612 confidentius

469 3638 676 3700 dicere
702 3637 896 3713 liceat,
927 3637 1028 3699 illa
1051 3637 1230 3700 etiam
1254 3656 1383 3718 quae
1400 3637 1514 3718 ipsi
1537 3639 2120 3720 repugnant,ipsius-

470 3735 591 3789 met
622 3729 672 3787 vi
705 3737 762 3789 et
790 3735 930 3789 sunt
958 3736 1015 3788 et
1039 3739 1306 3808 pugnant
1337 3729 1620 3808 ;sustinet
1653 3729 1812 3789 enim
1836 3738 2116 3808 peccato-

471 3835 570 3880 res
601 3818 784 3892 Deus,
820 3818 935 3880 imo
991 3815 1276 3896 plurimos
1309 3816 1522 3878 divinis
1565 3819 1688 3879 suis
1718 3819 2118 3882 voluntatibus

469 3916 900 3989 repugnantes;
937 3914 994 3969 et
1017 3907 1129 3968 hoc
1151 3914 1237 3967 est
1275 3907 1429 3986 quod
1450 3907 1890 3988 ipsiusjudiciis
1915 3926 2117 3972 reser—

468 4005 666 4059 vatum
689 4006 799 4071 est,
821 3996 962 4057 dum
987 3995 1742 4077 dicimus,quibusjudiciis
1764 3998 2112 4075 novitDeus,

468 4088 584 4150 hoc
618 4086 700 4164 ﬁt,
728 4098 790 4149 et
821 4087 933 4148 hoc
959 4105 1076 4147 non
1109 4086 1194 4147 ﬁt.
1231 4085 1529 4163 Quinimo,
1564 4094 1624 4147 ut
1657 4089 1996 4151 summatim
2022 4088 2116 4150 di-

2196 2560 2522 2638 εστερημένα
2563 2560 2656 2616 οὒκ
2709 2559 2884 2616 ἄλλον
2941 2558 3056 2617 οὑδὲ
3118 2561 3235 2618 κατ’
3268 2561 3399 2621 ἄλλο
3430 2586 3506 2637 τι,
3538 2561 3676 2620 ἀλλὰ
3704 2564 3844 2620 κατὰ

2195 2649 2294 2716 τὴν
2350 2649 2507 2706 αὐτοῦ
2558 2672 2807 2728 στερησιν
2861 2649 3146 2728 ἐνδυναμοῖ
3205 2655 3342 2711 κατά
3381 2662 3559 2728 τοῦτο,
3605 2655 3743 2710 κατά
3785 2655 3847 2710 τὸ

2195 2739 2332 2804 ὅλως
2378 2743 2535 2798 αὑτοῦ
2590 2743 2860 2824 μετέχειν.
2899 2745 2997 2802 Καὶ
3026 2745 3179 2802 τοῦτό
3239 2746 3352 2803 ἐστι
3404 2747 3488 2803 τό*
3521 2746 3588 2803 τὰ
3618 2744 3845 2803 ἀδύνατα

2194 2831 2335 2907 παρὰ
2366 2830 2656 2900 ἀνθρώποις
2689 2834 2878 2891 δυνατά
2910 2835 3118 2912 παρᾶρὰ
3159 2841 3237 2910 τῷ
3268 2842 3383 2910 Θεῷ
3441 2838 3499 2894 Εἰ
3529 2839 3639 2916 χρὴ
3671 2834 3724 2892 δὲ
3759 2835 3840 2893 εί-

2195 2934 2320 2976 πεῖν
2350 2920 2835 3004 παῤῥησιασμένον,
2890 2923 2969 2980 ὅτι
3027 2926 3114 2980 καί
3143 2926 3208 2982 τὰ
3257 2925 3546 3006 μαχόμενα
3580 2926 3746 3008 αὖτῷ,
3776 2927 3845 3003 τῇ

2198 3009 2353 3067 αὐτοῦ
2399 3012 2612 3086 δυνάμει
2668 3015 2757 3070 καὶ
2813 3013 2924 3070 ἐστι
2972 3016 3062 3071 καὶ
3117 3016 3415 3095 μάχονται⁶
3457 3016 3712 3097 ἀνέχεται
3743 3017 3846 3096 γάρ

2196 3103 2282 3156 καὶ
2338 3101 2669 3178 ἁμαρτωλῶν
2700 3105 2727 3159 ὃ
2759 3105 2910 3176 Θεὸς,
2962 3102 3096 3161 ἀλλά
3127 3107 3211 3161 καί
3243 3105 3458 3162 πολλῶν
3516 3107 3846 3186 μαχομένων

2197 3202 2315 3254 τοῖς
2370 3191 2524 3254 θείοις
2582 3193 2738 3252 αὕτοῦ
2788 3192 3076 3268 θελήμασι⁸
3124 3196 3211 3251 καὶ
3240 3197 3394 3252 τοῦτό
3454 3197 3566 3252 ἐστι
3621 3198 3680 3252 τὸ
3725 3197 3848 3262 τότς

2200 3279 2355 3337 αὖτοϋ
2386 3283 2898 3360 παραπεμπόμενον,
2932 3283 3171 3358 κρίμασι,
3209 3283 3474 3361 λεγόντων
3537 3287 3717 3358 ἡμῶν·
3747 3286 3854 3352 Οἷς

2201 3374 2443 3448 κρίμασιν
2475 3369 2590 3427 οἶδε
2624 3373 2778 3446 Θεός,
2813 3379 2967 3429 τοῦτο
2997 3375 3223 3449 γίνεται,
3287 3376 3374 3431 καὶ
3429 3383 3582 3432 τοῦτο
3617 3377 3678 3431 οὒ
3706 3397 3855 3453 γινε-

2200 3482 2309 3521 ται,
2347 3459 2558 3518 Μᾶλλον
2591 3459 2666 3539 δὲ,
2712 3460 2801 3518 ἴνα
2855 3460 3131 3518 συλλαϐὼν
3182 3461 3350 3539 sine);
3384 3466 3446 3520 τὰ
3478 3464 3603 3521 ὄντα
3655 3466 3853 3541 πάντα,

2203 3548 2316 3606 καθ’
2348 3549 2470 3607 ὅσον
2515 3552 2683 3629 ἀγαθά
2715 3552 2846 3626 ἐστι,
2882 3554 2968 3608 καὶ
3001 3553 3131 3630 ἔστι,
3168 3555 3252 3609 καὶ
3307 3554 3475 3631 ἀγαθὰ
3503 3555 3561 3610 ἐκ
3591 3563 3681 3612 τοὺ
3704 3578 3846 3634 αγα-

2201 3643 2289 3698 θοῦ
2321 3640 2450 3698 ἐστι·
2485 3639 2602 3698 καθ’
2639 3640 2758 3699 ὅσον
2792 3639 2846 3697 δὲ
2903 3641 3211 3719 ἐστέρηνται
3267 3652 3355 3701 τοῦ
3386 3645 3581 3721 ἀγαθοῦ
3613 3646 3690 3719 μὴ
3741 3645 3850 3720 μόο

2202 3754 2290 3787 νον
2339 3733 2430 3787 οὑκ
2478 3732 2668 3810 ἀγαθά,
2731 3731 2850 3789 ἀλλ’
2894 3731 3007 3789 οὖδὲ
3059 3732 3184 3790 ὅντα
3245 3733 3406 3797 ἐστιν,
3471 3724 3671 3792 ’Ἔνθεν
3717 3737 3855 3806 νοή-

2201 3842 2310 3886 σεις
2343 3823 2428 3877 καὶ
2469 3824 2530 3877 τὸ
2581 3822 2723 3900 παρά
2756 3820 2961 3878 ’Λὸδιοὺ
3008 3827 3085 3896 τῷ
3129 3825 3374 3904 προφήτῃ
3421 3824 3699 3902 ετρημένον
3731 3825 3853 3903 περὶ

2199 3917 2303 3968 τῶν
2363 3910 2714 3989 ἁμαρτωλῶν·
2790 3913 2884 3970 Καὶ
2935 3912 3140 3969 ἔσονται
3183 3915 3255 3976 ὡς
3309 3914 3386 3988 μὴ
3449 3914 3619 3978 ὄντες.
3663 3907 3852 3974 ’Ὅπου

2200 4022 2260 4078 γε
2316 4002 2403 4056 καὶ
2460 4003 2598 4080 παρὰ
2631 4014 2744 4064 τοῖς
2781 4001 2966 4067 ἔξωθεν
2996 4009 3152 4060 τοῦτο
3205 4002 3437 4080 λέγεται,
3473 4006 3545 4070 ὡς
3601 4006 3744 4083 παρά
3773 4008 3852 4079 τῷ

2201 4090 2448 4168 Ὀμήρῳ,
2483 4091 2536 4146 ὲν
2567 4105 2649 4155 οῖς
2681 4091 2824 4169 λέγει
2857 4115 2934 4158 τις
2965 4094 3082 4172 περὶ
3127 4099 3233 4150 τῶν
3262 4097 3337 4149 ῶν
3380 4096 3432 4150 ὲν
3466 4096 3717 4169 μετουσίᾳ
3741 4118 3851 4153 πα-

471 4197 622 4250 cam,
649 4194 719 4238 ea
740 4194 870 4257 quae
898 4183 1037 4239 sunt
1063 4177 1286 4253 omnia,
1311 4177 1369 4237 in
1402 4185 1684 4257 quantum
1722 4179 1876 4239 bona
1894 4187 2116 4260 sunt,et

2201 4180 2288 4238 λαι
2331 4180 2512 4237 καλῶν
2543 4181 2802 4262 ἐγεγόνει,
2834 4185 2918 4239 καὶ
2950 4192 3036 4242 νῦν
3070 4184 3268 4240 τούτων
3301 4183 3601 4264 ἐστέρηται,
3635 4186 3685 4240 εἴ
3721 4208 3850 4242 ποτε

469 4276 631 4348 sunt,
664 4274 723 4327 et
767 4265 922 4327 bona
953 4284 1023 4326 ex
1068 4265 1222 4327 bono
1254 4276 1393 4328 sunt
1427 4287 1442 4342 ;
1497 4266 1558 4327 in
1588 4276 1875 4348 quantum
1925 4278 2116 4331 autem

2203 4274 2270 4340 ἦν
2302 4292 2385 4350 γε,
2421 4261 2686 4328 Ἐκιτεῦθεν
2717 4271 3082 4352 συλλογίζεται
3135 4273 3214 4329 ὅτι
3247 4275 3308 4329 τό
3339 4261 3611 4338 παντελῶς
3659 4277 3849 4348 κακὸν,

472 4366 628 4421 bono
665 4357 890 4438 privata
918 4364 1076 4428 sunt,
1113 4375 1233 4416 non
1269 4356 1442 4417 modo
1478 4374 1596 4418 non
1631 4357 1782 4418 bona
1824 4367 1982 4438 sunt,
2018 4360 2116 4421 sed

2204 4363 2276 4424 ὡς
2328 4359 2683 4439 ἐστερημένον
2711 4361 2984 4425 παντελῶς
3041 4370 3132 4420 τοῦ
3190 4363 3408 4440 ἀγαθοῦ,
3454 4362 3571 4419 οὔτε
3608 4364 3699 4437 ἦν,
3734 4364 3853 4422 οὔτε

474 4467 549 4509 ne
573 4447 868 4508 exsistunt
883 4443 1310 4526 quidem.llinc
1330 4445 1631 4525 intelliges
1651 4448 1827 4508 etiam
1846 4448 1987 4509 illud
2003 4447 2116 4510 Ab-

2205 4453 2368 4526 εστὶν,
2403 4449 2518 4508 οὔτε
2553 4452 2697 4508 εἶναι
2754 4450 2988 4516 δύναται,
3027 4450 3129 4514 Καὶ
3191 4475 3373 4526 φησιν,
3410 4453 3638 4510 ’Υπόθου
3670 4453 3773 4521 ἕξιν
3799 4455 3859 4513 τό

473 4538 587 4599 dim
621 4535 922 4616 prephetaa
953 4534 1178 4595 dictum
1214 4535 1289 4597 de
1322 4536 1737 4616 peccatoribus
1765 4558 1778 4596 :
1821 4537 1897 4598 Et
1946 4547 2116 4600 erant

2211 4540 2423 4617 ἀγαθόν·
2483 4541 2578 4598 κᾶν
2636 4544 2735 4620 γάρ
2776 4543 3095 4621 ὕπερουσίως
3153 4544 3240 4600 καὶ
3302 4543 3594 4621 αεῖιτάγαθόν
3651 4545 3763 4602 ἐστι
3799 4546 3860 4602 τό

473 4628 652 4708 quasi.
674 4643 792 4688 non
814 4626 939 4686 sint
971 4622 1195 4696 b.0uod
1218 4624 1395 4686 etiam
1422 4629 1480 4685 in
1500 4627 1764 4705 profanis
1789 4625 1989 4687 locum
2015 4627 2124 4688 ha-

474 4717 598 4797 bet,
632 4723 696 4778 ut
725 4715 783 4775 in
819 4717 1107 4787 Homero,
1134 4732 1187 4773 v.
1213 4733 1269 4791 ε.
1299 4731 1434 4774 cum
1462 4714 1595 4792 quis
1628 4714 1887 4795 loquitur
1908 4715 1984 4776 de
2015 4715 2125 4777 bo-

476 4807 568 4868 nis
618 4823 871 4886 quorum
901 4802 1043 4864 olim
1081 4802 1375 4882 particeps
1428 4803 1669 4876 exstitit,
1704 4802 1918 4883 quibus
1951 4805 2124 4867 modo

477 4897 739 4976 privatus
788 4897 959 4956 estsi
1008 4892 1252 4973 quando
1303 4892 1560 4968 fuerint.
1614 4891 1783 4956 Unde
1833 4893 2129 4974 colligitur

480 4985 725 5046 omnino
779 4984 996 5044 malum
1032 5001 1164 5045 esse
1215 4981 1374 5062 quod
1417 4982 1659 5045 omnino
1692 4982 1980 5064 privatum
2039 4993 2129 5045 est

479 5073 658 5148 bono,
696 5081 759 5133 ut
792 5072 947 5153 quod
985 5091 1107 5134 nec-
1127 5081 1278 5153 erat,
1316 5089 1426 5132 nec
1458 5081 1570 5147 est,
1607 5091 1716 5134 nec
1746 5091 1876 5134 esse
1911 5081 2122 5154 potest.

480 5180 768 5242 suppoue,
805 5162 1018 5242 inquit,
1054 5161 1274 5223 bonum
1319 5180 1450 5224 esse
1484 5163 1786 5240 habitum;
1822 5164 1960 5222 MO
1990 5182 2124 5226 nam

477 5253 620 5315 licet
643 5254 802 5314 Deus
819 5256 890 5312 sit
913 5251 1569 5330 supersubstantialiter
1593 5261 1652 5315 et
1675 5271 1777 5334 per
1792 5272 1855 5314 se
1875 5255 2120 5325 bonum,

480 5352 538 5404 et
589 5339 902 5403 essentiale
936 5342 1176 5415 bonum,
1215 5351 1412 5403 tamen
1437 5343 1496 5403 in
1531 5343 1918 5425 partipicibus
1949 5343 2125 5405 etiam

482 5433 702 5500 bonum
719 5429 1147 5492 estsecundum
1165 5433 1482 5507 quemdam
1507 5433 1798 5495 habitum.
1824 5435 1995 5495 Ponit
2013 5433 2126 5495 ita—

484 5541 600 5605 que
621 5521 874 5602 aliquam
893 5519 1131 5603 quidem
1168 5539 1410 5584 manere
1433 5527 1492 5582 in
1524 5522 1754 5600 habitu,
1777 5523 1953 5584 etiam
1977 5522 2127 5585 deli-

567 5695 589 5724 ι
619 5683 735 5746 lsa.
768 5699 925 5764 Lm,
959 5684 1021 5748 1.
1103 5682 1129 5726 δ
1159 5681 1316 5745 Abd.
1361 5683 1458 5747 16.

2212 4637 2382 4704 Θειον,
2431 4631 2519 4686 καὶ
2577 4630 2822 4695 οὖσιῶδες
2884 4631 3101 4709 ἀγαθόν,
3162 4630 3298 4688 ἀλλά
3343 4635 3430 4688 καὶ
3460 4633 3545 4690 ἐπὶ
3575 4649 3691 4697 τοῖς
3723 4657 3861 4709 μετ-

2211 4719 2394 4799 έχουσι
2429 4722 2488 4776 τὸ
2519 4721 2713 4798 ἀγαθὸν
2744 4724 2879 4781 κατὰ
2911 4720 3013 4786 ἕξιν
3071 4723 3187 4778 τινὰ
3229 4725 3367 4783 km.
3446 4723 3628 4790 Τίθησι
3689 4725 3859 4782 τοίνυν

2210 4809 2326 4864 τινὰ
2383 4808 2481 4884 μὲν
2543 4809 2772 4882 μένοντα
2838 4811 2893 4866 ἐν
2951 4815 3019 4886 τῇ
3055 4810 3180 4891 ἕξει,
3213 4813 3298 4868 καὶ
3330 4809 3728 4880 ἀπολειπούσης
3766 4823 3860 4886 τῆς

2211 4895 2389 4969 ἕξεως,
2446 4898 2517 4960 ὡς
2570 4903 2668 4964 τῆς
2713 4906 2803 4954 τοῦ
2856 4901 3016 4978 πυρὸς
3074 4900 3422 4980 θερμότητος,
3497 4903 3562 4957 τά
3625 4905 3855 4980 θερμανο

2209 4985 2363 5043 θέντα
2391 4987 2577 5062 θερμὰ,
2624 4989 2710 5044 καὶ
2739 4990 2838 5055 τῆς
2873 4989 3214 5068 ψυχρότητος
3248 4989 3342 5058 τῆς
3384 4989 3602 5070 χίόνος,
3648 4993 3715 5048 τὰ
3746 4997 3854 5068 ψυ-

2212 5075 2503 5156 χρανθέντα
2536 5077 2742 5157 ψυχρά,
2785 5080 2879 5136 Καὶ
2936 5078 3096 5139 πάλιν
3156 5075 3313 5154 ἅ)λα,
3349 5078 3482 5158 ἅπερ
3510 5079 3607 5136 οὒκ
3633 5083 3690 5136 ἓν
3721 5085 3854 5157 μεθο

2213 5165 2313 5230 έΞει
2363 5165 2488 5223 ὅντα
2560 5172 2717 5223 τινῶν
2777 5168 2958 5242 ἕξεων,
3048 5168 3194 5244 ὅμως
3276 5169 3532 5240 σώζονται
3592 5173 3682 5227 καί
3731 5172 3850 5228 εἱσι.

2216 5255 2357 5312 Πόσα
2391 5257 2489 5335 γάρ
2522 5255 2715 5336 ἕέμοιρα
2760 5263 2922 5331 ζωῆς,
2987 5260 3128 5315 πόσα
3188 5267 3300 5335 νοῦ,
3349 5257 3468 5315 ἀλλ’
3527 5259 3674 5334 ὄμῶς
3734 5262 3852 5340 sici,

2212 5346 2340 5402 λίθοι
2370 5348 2457 5403 καὶ
2487 5348 2640 5422 φυτὰ,
2679 5349 2764 5406 καὶ
2796 5349 2857 5404 τά
2889 5348 3262 5427 παραπλήσια;
3295 5348 3447 5407 Ἐλθὲ
3499 5351 3584 5406 καὶ
3638 5350 3722 5406 ἐπ’
3755 5350 3854 5406 αὒ-

2211 5435 2301 5490 τδν
2332 5437 2422 5491 τὸν
2457 5436 2608 5494 θεόν·
2641 5437 2817 5500 οὕσίας
2863 5436 3184 5516 ἐξῃρημένος
3219 5441 3349 5518 ἐστὶ,
3400 5439 3487 5494 καὶ
3517 5437 3660 5496 ἔστιν
3689 5441 3854 5510 ὅπερ·

2215 5527 2412 5588 οὖσιος.
2450 5527 2546 5584 Καὶ
2595 5525 2800 5601 ἀπλῶς,
2836 5529 2922 5584 ἰπὶ
2954 5529 3050 5604 μὲν
3080 5533 3187 5584 τῶν
3239 5526 3437 5607 ἄλλων,
3498 5528 3531 5597 ἢ
3592 5527 3855 5586 ἀπελθού-
