4156 6156
318 379 442 451 789

791 384 891 451 DE
931 385 1231 452 DIVINIS
1271 382 1725 460 NOMINIBUS,
1770 380 1933 449 CAP.
1981 384 2096 450 IV.
2155 415 2235 431 -
2278 386 2660 455 PARAPHR.
2710 386 3230 457 PACHYMERE.

3585 387 3707 459 790

316 545 420 592 σης
449 524 549 591 τῆς
575 521 755 595 ἕξεως,
792 522 828 593 ἢ
858 520 996 611 μηδὲ
1023 519 1401 611 ἐγγινομένης,
1436 518 1585 611 ε’ίναίΔ
1619 542 1670 576 τι
1725 499 1818 577 καὶ.
1842 522 1962 601 ὑφί-

2052 522 2244 585 ciente
2272 523 3002 599 habitu,sicutdeticiente
3031 526 3228 591 calore
3243 527 3398 608 ignis
3420 502 3709 611 (manent)

318 616 537 671 στασθαι
588 612 823 685 δύναται,
859 614 919 668 τὸ
955 609 1011 667 δὲ
1060 611 1194 668 κατὰ
1223 610 1395 667 πάντα
1423 616 1523 666 τοῦ
1566 609 1766 688 ἀγαθοῦ
1815 612 1971 668 ἐστε.-

315 703 572 784 ρημένον,
603 705 679 768 ὡς
725 703 869 759 εῖναι
898 701 1214 775 αῦτόκακον,
1251 700 1349 757 οῦκ
1382 700 1526 756 εἶναι
1586 705 1767 763 ποσῶς
1812 698 1971 757 δύνα-

316 795 425 856 ταί.
463 791 644 861 Τίθησι
675 798 800 871 γοῦν
833 788 1171 868 παράδειγμα
1198 791 1291 847 τὸν
1347 788 1670 863 ἀκόλαστον,
1706 791 1762 853 ὃς
1809 790 1864 846 ἐν
1896 797 1971 865 τῷ

314 889 481 940 κακοῦ
506 881 765 963 μετέχειν
789 880 907 939 οὔτε
953 880 1118 958 ἐστὶν,
1151 879 1269 936 οὔτε
1319 878 1486 943 ὅντως
1519 879 1769 954 ἐπιθυμεῖ
1788 929 1800 953 ,
1831 878 1971 961 (οἶος

316 974 414 1052 γὰρ
472 974 501 1030 ὁ
557 970 711 1052 ἔρως,
763 972 983 1028 τοιαῦτα
1042 971 1131 1026 καὶ
1192 969 1257 1025 τὰ
1296 967 1516 1046 ἐραστὰ)
1557 967 1679 1025 κατ’
1722 970 1848 1026 αὒτὸ
1912 969 1969 1026 δὲ

313 1062 461 1138 ὅμως
518 1064 578 1120 τὸ
615 1064 715 1130 τῆς
771 1061 1011 1126 ἐνώσεως
1060 1061 1148 1116 καὶ
1195 1058 1371 1138 φιλίας
1403 1064 1599 1140 σχῆμα
1630 1080 1850 1140 μετεχει
1879 1068 1970 1118 τοῦ

312 1152 535 1231 ἀγαθοῦ,
588 1154 634 1209 εὶ
664 1153 751 1209 καὶ
795 1151 870 1226 μὴ
919 1150 1095 1229 ὄντος,
1127 1147 1265 1205 ἀλλά
1306 1156 1401 1206 τοῦ
1457 1147 1760 1214 δοκοῦντος’
1817 1159 1968 1208 τοῦτο

312 1240 413 1321 γάρ
457 1243 569 1299 ἐστι
598 1244 659 1299 τὸ
690 1239 919 1320 ἀμυδρὸν
950 1244 1047 1307 τῆς
1098 1239 1264 1296 ὄντων
1295 1238 1471 1318 φιλίας
1524 1238 1827 1318 ἀπήχημα.
1862 1236 1963 1301 Καὶ

310 1335 340 1389 ὁ
382 1340 460 1407 τῷ
499 1335 649 1408 θυμῷ
698 1330 1045 1409 ἀπορώμενος
1103 1329 1357 1410 μετέχειν
1405 1329 1620 1405 λέγεται
1673 1332 1766 1387 τοῦ
1822 1329 1962 1409 ἀγα-

310 1429 403 1483 θοῦ
430 1429 484 1481 ὲν
512 1433 589 1500 τῷ
637 1427 768 1506 πρὸς
800 1423 1073 1505 διόρθωσιν
1104 1426 1366 1481 κινεῖσθαι
1394 1422 1500 1479 τῶν
1531 1421 1825 1480 δοκούντων
1857 1444 1963 1479 κα-

311 1517 440 1575 κῶν.
489 1514 645 1573 0310s
680 1516 770 1571 καὶ
798 1517 827 1570 ὁ
877 1515 977 1581 τῆς
1008 1513 1266 1581 κακίστης
1322 1516 1467 1584 ζωῆς
1514 1511 1791 1590 ἐφιέμενος
1855 1534 1960 1588 με·

310 1605 462 1685 τέχει
510 1612 606 1663 τοῦ
651 1603 849 1682 ἀγαθοῦ
894 1601 947 1659 ἒν
978 1610 1055 1678 τῷ
1100 1608 1199 1671 τῆς
1256 1601 1513 1670 δοκούσης
1545 1607 1688 1678 αῦτῷ
1716 1602 1964 1682 ἀρίστης

309 1700 454 1766 ζωῆς
502 1695 756 1776 ἐφίεσθαι.
798 1695 894 1752 Καὶ
942 1695 1057 1750 ὁτὸ
1108 1695 1274 1750 κακὸν
1303 1690 1356 1748 δὲ
1414 1693 1611 1768 μετιὼν
1660 1692 1715 1748 ἐν
1746 1714 1822 1766 τῳ
1869 1691 1963 1750 δο-

308 1800 428 1841 κεῖν
479 1783 644 1842 καλὸν
702 1786 880 1842 ποιεῖν
940 1783 1160 1864 μετέχει
1216 1789 1307 1839 τοῦ
1366 1781 1583 1860 ἀγαθοῦ.
1645 1781 1858 1857 ⁷¹Ωστε,
1904 1783 1965 1840 ἂν

2058 613 2249 675 calida
2274 631 2405 694 qum
2431 614 2714 676 calefacta
2743 624 2900 690 sunt,
2934 624 2991 678 et
3017 617 3235 697 frigora
3287 618 3438 681 nivis
3469 619 3700 701 frigida,

2058 720 2188 783 quae
2216 704 2518 781 frigetacta
2538 712 2697 768 sunt.
2728 707 2797 766 Et
2819 723 3057 768 rursum
3082 708 3197 769 alia
3226 717 3386 789 sunt,
3413 728 3547 791 quae
3563 709 3704 773 dum

2060 792 2292 874 aliquos
2314 793 2547 857 habitus
2570 813 2687 856 non
2714 794 3293 877 participaut,tamen
3318 808 3627 862 servantur
3648 809 3710 864 et

2058 884 2526 958 exsistunt.Quot
2541 883 2698 947 enim
2716 902 2814 947 res
2837 892 2975 947 sunt
2996 884 3125 947 vitae
3143 888 3478 968 mentisque
3496 908 3709 972 exper-

2055 982 2428 1041 tes.attamen
2462 983 2619 1049 sunt,
2672 974 2925 1057 lapides,
2973 984 3035 1037 et
3063 978 3306 1057 stirpes,
3341 987 3400 1040 et
3429 978 3648 1042 similia
3672 981 3705 1044 ‘I

2051 1063 2200 1126 Veni
2232 1065 2410 1127 etiam
2440 1064 2511 1127 ad
2541 1067 2732 1146 ipsum
2757 1065 3024 1149 Deum;‘a
3046 1067 3373 1133 substantia
3393 1072 3707 1151 exemptus

2053 1163 2228 1235 est,et
2259 1162 2348 1217 est
2367 1155 3066 1238 supersubstanﬁalisEt
3090 1159 3445 1241 simpliciter
3473 1158 3537 1222 in
3566 1159 3703 1222 aliis

2050 1244 2417 1322 quidem,vel
2446 1245 2695 1308 absente
2727 1247 2905 1310 etiam
2936 1247 3145 1311 habitu
3189 1249 3280 1311 vel
3324 1267 3444 1311 non
3496 1248 3701 1328 insito,

2049 1353 2180 1397 esse
2201 1334 2429 1413 aliquid
2460 1344 2516 1397 et
2546 1336 2870 1400 subsistere
2902 1347 3113 1418 potest;
3147 1338 3305 1420 quod
3333 1357 3473 1401 vero
3506 1339 3703 1402 omni-

2050 1426 2225 1488 modo
2258 1428 2409 1489 bono
2443 1427 2732 1507 privatum
2757 1435 2867 1511 est,
2902 1437 3185 1509 tanquam
3215 1446 3323 1509 per
3354 1446 3421 1491 se
3455 1429 3700 1511 malum,

2051 1535 2422 1598 nequaquam
2456 1519 2739 1580 exsistere
2771 1507 2985 1596 potest.
3024 1507 3419 1598 Ponit—igitur
3450 1507 3707 1602 exempli

2049 1609 2231 1688 gratia
2253 1608 2893 1689 intemperantem,qui
2927 1617 3217 1687 quatenus
3242 1609 3382 1673 mali
3410 1610 3709 1693 particeps

2051 1708 2281 1780 est,neq
2295 1719 2367 1761 ue
2391 1709 2720 1777 est,neque
2735 1699 2977 1761 omnino
3003 1700 3324 1781 quidquam
3338 1700 3712 1782 concupiscit

2052 1790 2268 1867 (qualis
2300 1791 2463 1852 enim
2495 1808 2666 1852 amor
2687 1801 2798 1871 est,
2837 1789 2978 1852 talia
3015 1796 3076 1851 et
3122 1790 3224 1853 illa
3252 1809 3386 1872 qua;
3414 1795 3707 1870 amantur)

306 1874 484 1942 πάντη
534 1877 596 1931 1‘0
625 1873 819 1954 ἀγαθὸν
869 1862 1332 1951 ἀνέλῃςάνετλες
1393 1873 1484 1928 καὶ
1539 1872 1736 1932 πέντα.
1792 1862 1962 1929 ’Ὥστε

2051 1862 2224 1944 simul
2255 1889 2456 1943 tamen
2470 1862 2808 1942 secundum
2826 1880 3145 1957 quamdam
3170 1862 3409 1943 unionis
3425 1889 3490 1943 et
3506 1862 3712 1944 amici-

308 1965 397 2021 καὶ
444 1966 504 2021 τὸ
533 1964 594 2021 ἑιι
639 1967 832 2044 φθορᾶς
863 1965 1094 2043 γίνεσθαι
1127 1960 1359 2040 γένεσιν,
1395 1961 1423 2017 ὃ
1480 1960 1731 2037 ἀνωτέρω
1759 1961 1964 2041 ἔλεγεν,

309 2053 405 2110 οῦκ
451 2053 563 2110 ἔστι
588 2060 754 2110 κακοῦ
800 2051 1040 2131 δύναμις,
1075 2049 1191 2107 ἀλλ’
1253 2051 1454 2130 ἀγαθοῦ
1489 2053 1712 2121 ἥττονος
1743 2050 1965 2131 ἑπικράο

305 2163 483 2210 τησις,
544 2131 762 2220 υΩσπερ
813 2145 900 2199 καὶ
949 2145 984 2210 ἡ
1029 2143 1201 2220 ὑγίεια
1249 2140 1394 2206 τάξις
1451 2140 1562 2197 ἐστὶ
1613 2142 1702 2197 καὶ
1752 2162 1964 2218 συμμε-

305 2233 421 2308 τρία
474 2236 581 2288 τῶν
625 2231 887 2311 κράσεων,
923 2233 957 2300 ἡ
1004 2229 1060 2287 δὲ
1090 2236 1242 2294 νόσος
1294 2229 1533 2306 ἔλλειψις
1562 2235 1664 2298 τῆς
1709 2232 1965 2298 τοιαύτης

304 2321 524 2395 τάξεως,
560 2320 703 2388 πλὴν
746 2318 800 2377 δὲ
831 2323 889 2378 οὗ
919 2321 1121 2394 πάσης,
1155 2318 1293 2377 ἀλλᾶ
1347 2339 1514 2382 τινοςο
1553 2322 1597 2376 εἱ
1629 2320 1729 2400 γὰρ
1758 2321 1963 2396 πάσης,

302 2412 625 2488 φθαρήσεται
674 2410 736 2466 ἄν
765 2411 826 2467 τὸ
853 2415 1013 2490 ζῶον,
1044 2411 1133 2467 καί
1160 2411 1195 2477 ἡ
1248 2409 1403 2474 νόσος
1434 2411 1533 2490 οὔχ
1580 2411 1963 2481 ῦποστήσεται.

305 2499 482 2558 ’Ἔστι
567 2500 738 2557 τοίνυν
793 2504 828 2570 ἦ
906 2501 1061 2563 νόσος
1119 2500 1347 2556 ἀπουσία
1431 2501 1657 2580 ὑγιείας,
1717 2501 1964 2557 σύστασιν

307 2592 508 2672 ἔχουσα
557 2590 655 2658 τὴν
723 2589 1017 2670 ἐλαχίστην
1075 2588 1239 2656 τάξιν
1303 2588 1364 2645 ἃν
1424 2590 1502 2666 μὴ
1560 2591 1660 2668 γὰρ
1716 2591 1963 2670 ἀποφύγῃ

300 2685 493 2763 ὑγίεια,
528 2684 621 2740 οῦκ
658 2681 721 2739 ἂν
751 2682 970 2749 συσταίη
1021 2684 1055 2750 ἡ
1102 2680 1280 2756 νόσος,
1314 2680 1754 2761 παρυφισταμένη
1807 2681 1861 2736 ἐν
1888 2686 1965 2754 τῷ

301 2777 402 2842 τὴν
454 2772 558 2839 ἕξιν
616 2770 1035 2852 ἀποδιίστασθαι,
1069 2771 1185 2829 οῦδὲ
1231 2771 1504 2845 νιιωμένη
1547 2772 1649 2827 ὑπὸ
1678 2770 1779 2839 τῆς
1811 2770 1965 2827 νόσου

300 2866 337 2933 ἡ
366 2865 536 2942 ὑγίεια
567 2860 800 2920 ἄπεισινο
834 2860 971 2919 οὕτω
1035 2863 1135 2940 γὰρ
1166 2863 1229 2918 ἂν
1260 2862 1422 2942 εἶχεν
1451 2863 1486 2930 ἡ
1536 2863 1688 2927 νόσος
1717 2863 1807 2918 καὶ
1861 2860 1960 2928 τὴν

2054 1973 2148 2033 tiae
2168 1971 2428 2052 speciem
2456 1969 2593 2032 boni
2619 1970 2913 2050 particeps
2938 1969 3247 2047 exsistit,si
3272 1987 3392 2032 non
3412 1970 3708 2033 exsisten-

2052 2062 2148 2138 tis,
2209 2065 2414 2123 saltem
2463 2060 2804 2140 apparentia
2839 2084 2855 2133 ς
2888 2061 3002 2123 hoc
3048 2062 3207 2123 enim
3239 2068 3329 2122 est
3384 2060 3707 2124 obscurum

2051 2151 2355 2233 quoddam
2388 2168 2598 2214 eorum
2631 2169 2764 2228 quae
2792 2157 2932 2212 sunt
2959 2150 3234 2213 amicitiae
3259 2149 3601 2229 vestigium.
3634 2148 3707 2214 Et

2051 2244 2153 2322 qui
2175 2242 2484 2304 iracundia
2514 2240 3106 2322 sbutitur,particeps
3131 2258 3267 2303 esse
3299 2238 3442 2302 boni
3464 2238 3703 2316 dicitur,

2050 2333 2108 2395 in
2141 2340 2434 2414 quantum
2460 2340 2732 2395 movetur
2752 2330 2826 2392 ad
2848 2330 3201 2410 corrigenda
3223 2330 3326 2392 illa
3345 2346 3480 2411 quae
3503 2329 3710 2393 viden-

2049 2431 2144 2484 tur
2177 2424 2351 2485 mala.
2388 2421 2485 2484 Sic
2517 2433 2575 2484 et
2606 2423 2655 2484 is
2701 2421 2803 2502 qui
2834 2421 3215 2483 deterrimam
3247 2420 3426 2482 vitam
3454 2418 3703 2502 expetit,

2050 2510 2191 2573 boni
2221 2512 2514 2593 particeps
2537 2509 2857 2584 exsistit,in
2879 2519 3166 2591 quantum
3194 2508 3357 2589 cupit
3387 2508 3561 2570 vitam
3591 2527 3705 2589 op-

2048 2608 2249 2663 timam
2284 2601 2395 2681 ipsi
2445 2602 2651 2663 visam.
2709 2599 2782 2662 Et
2812 2600 2913 2681 qui
2960 2599 3183 2662 malum
3226 2596 3588 2679 aggreditur,
3643 2598 3707 2661 in

2049 2700 2335 2769 quantum
2359 2690 2601 2753 videtur
2630 2690 2854 2753 bonum
2884 2707 3084 2770 agere.
3104 2688 3327 2751 bonum
3362 2687 3703 2768 participat.

2046 2783 2127 2842 Ita
2152 2788 2272 2842 utsi
2305 2782 2551 2843 omnino
2586 2779 2810 2843 bonum
2837 2778 3170 2860 sustuleris,
3208 2777 3410 2840 omnia
3440 2776 3708 2840 sustule-

2047 2873 2229 2935 ris.Et
2257 2870 2415 2952 quod
2449 2890 2517 2932 ex
2552 2871 2940 2951 corruptione
2964 2870 3065 2932 fiat
3088 2867 3508 2948 generatio,uti
3533 2884 3709 2949 supe-

303 2954 610 3033 πρωτίστην
656 2952 825 3019 τάξιν.
858 2949 1008 3008 Ἀλλ’
1040 2954 1075 3020 ἡ
1135 2956 1235 3019 τῆς
1265 2951 1466 3027 ὑγιείας
1499 2950 1750 3029 στέρησις
1802 2951 1956 3014 νόσος

2048 2961 2167 3023 rius
2189 2949 2491 3041 dixit,non
2527 2969 2617 3022 est
2649 2949 2791 3022 mali
2816 2961 2924 3033 vis,
2952 2959 3060 3022 sed
3083 2957 3330 3020 minoris
3357 2955 3498 3018 boni
3524 2955 3706 3019 victo-

304 3044 435 3101 ἱστί’
495 3042 581 3099 διὰ
631 3048 786 3099 τοῦτο
829 3042 929 3121 γὰρ
990 3042 1116 3099 εἶπε
1174 3041 1271 3099 καί
1322 3040 1783 3121 παρυφισταμὲθη⁶
1839 3039 1956 3096 οῦδὲ

2048 3051 2326 3115 ria.Sicut
2350 3039 2530 3113 etiam
2561 3051 2786 3113 sanitas
2816 3050 2963 3113 ordo
2997 3056 3164 3111 estet
3196 3047 3704 3110 commensuratio

304 3134 404 3211 γάρ
469 3131 587 3212 ἔχει
644 3132 962 3208 ὑπόστασιν,
1036 3131 1155 3189 ἀλλ’
1224 3135 1343 3188 οἷον
1427 3134 1825 3210 παρυπόστασιν
1901 3131 1954 3186 ἐν

2048 3141 2377 3221 lemperiei,
2414 3139 2660 3202 morbus
2685 3159 2823 3202 vero
2856 3139 3128 3202 defectus
3162 3135 3502 3199 istiusmodi
3534 3136 3707 3198 ordi-

303 3230 380 3298 τῷ
408 3222 506 3289 τὴν
534 3223 731 3299 ὑγίειαν
790 3221 1033 3300 ἀπεῖναι,
1065 3220 1249 3301 ὥσπερ
1278 3221 1339 3278 τὸ
1369 3242 1561 3284 σκοτος
1592 3226 1661 3297 τῇ
1691 3227 1784 3276 τοῦ
1839 3241 1956 3299 (po)-

2048 3220 2599 3300 nis,'verumtamen
2636 3249 2756 3291 non
2786 3228 3189 3309 universi,sed
3228 3227 3523 3323 alicujus:
3564 3242 3707 3289 nam

303 3313 393 3374 τὸς
450 3310 793 3391 ῦποχωρέσει
850 3311 1261 3391 παρυφισταται,
1312 3312 1382 3368 Τὸ
1439 3316 1562 3386 γοῦν
1634 3308 1811 3376 πσίντη
1869 3315 1961 3365 τοῦ

2048 3318 2093 3381 si
2120 3318 2387 3381 defectus
2419 3328 2580 3380 esset
2601 3319 2864 3380 universi
2887 3305 3136 3382 ordinis.
3162 3305 3705 3390 animal'interiret,

304 3402 502 3479 ἀγαθοῦ
556 3401 778 3479 ἄμοιρον
807 3403 901 3457 οὒκ
952 3398 1084 3472 ἔστι,
1119 3402 1180 3456 τὸ
1216 3397 1269 3455 δὲ
1328 3398 1562 3479 μετέχον
1616 3399 1704 3455 καὶ
1761 3398 1961 3473 ἀγαθοῦ

2048 3418 2102 3468 et
2137 3408 2377 3469 morbus
2411 3426 2531 3469 non
2562 3406 2938 3470 subsisteret.
2969 3406 3069 3469 Est
3097 3407 3298 3488 itaque
3329 3404 3576 3467 morbus
3606 3403 3708 3466 ab-

303 3491 441 3548 κατά
495 3493 555 3547 τὸ
588 3491 806 3568 ἀγαθὸν,
839 3490 927 3547 καὶ
958 3490 1074 3546 καθ’
1105 3487 1230 3546 ὅσον
1276 3488 1496 3568 μετέχει
1544 3486 1634 3545 τοῦ
1662 3488 1880 3565 ἀγαθοῦ,
1923 3488 1957 3556 ἢ

2048 3497 2233 3559 sentia
2262 3498 2673 3577 sanitatis,pro
2708 3504 2860 3558 statu
2893 3497 3118 3558 habens
3148 3486 3452 3557 minimam
3485 3493 3708 3555 consti-

304 3579 510 3656 μᾶλλον
539 3580 575 3648 ἢ
606 3583 767 3648 ἧττόν
814 3579 949 3652 ἐστι,
981 3577 1078 3635 καὶ
1110 3579 1164 3634 ἐν
1195 3592 1313 3642 τοῖς
1345 3579 1490 3634 οῦσίν
1520 3577 1686 3640 ἐστιν,
1725 3568 1956 3650 Ὀμοίως

2048 3588 2382 3666 tutionem;
2422 3568 2743 3649 nisinenim
2796 3592 3019 3648 sanitas
3079 3587 3412 3664 aufugeret,
3458 3582 3703 3646 morbus

302 3669 463 3727 πάλιν
492 3672 578 3726 καὶ
619 3672 706 3727 επὶ
733 3670 826 3726 τοῦ
880 3669 1006 3726 αὐτὸ
1038 3668 1179 3726 εἶναι
1245 3668 1384 3724 κατὰ
1415 3666 1715 3747 ἀπόφασιν
1759 3667 1819 3723 τὸ
1865 3667 1964 3744 γὰρ

301 3757 525 3834 μηδαμῆ
584 3758 847 3834 μηδαμῶς
905 3758 989 3831 ὃν,
1020 3756 1150 3834 ὅπερ
1210 3756 1271 3813 ἂι
1302 3760 1390 3814 καὶ
1438 3756 1653 3835 λέγοιτο
1685 3756 1775 3813 καὶ
1838 3757 1964 3812 αύτὸ

300 3849 444 3905 εἶναι
478 3850 614 3906 κατὰ
643 3848 933 3928 ἀπόφασιν,
980 3850 1075 3905 οῦκ
1106 3847 1272 3908 ἔσται.
1310 3848 1382 3905 Τὸ
1425 3844 1477 3902 δὲ
1513 3846 1591 3921 μῆ
1624 3846 1720 3922 μέν
1769 3845 1852 3921 ὃν,
1886 3850 1963 3912 πῆ

301 3936 357 3994 δὲ
415 3938 493 4013 μὴ
523 3938 605 4018 ὃν,
638 3935 754 3994 καθ’
813 3938 936 3994 ὅσον
969 3943 1061 3995 τοῦ
1120 3937 1282 4002 ὅντως
1331 3936 1483 4000 ὄντος
1545 3935 1962 4015 ἀποπέπτωκεν,

2049 3695 2166 3737 non
2207 3676 2581 3749 subsisteret,
2617 3676 2719 3756 qui
2742 3675 3015 3738 consistit
3044 3676 3105 3739 in
3142 3675 3374 3738 defectu
3406 3674 3702 3735 constitu-

2050 3765 2249 3845 tionis,
2286 3784 2482 3847 neque
2511 3766 2736 3829 sanitas
2785 3783 2820 3828 a
2852 3765 3061 3829 morbo
3091 3770 3369 3847 superata
3420 3761 3658 3826 abesset
3695 3782 3713 3842 ;

2051 3872 2183 3914 nam
2216 3854 2302 3915 sic
2324 3852 2503 3918 etiam
2538 3853 2780 3916 morbus
2811 3854 2963 3934 prim
2984 3874 3080 3917 um
3135 3853 3409 3917 ordinem
3442 3850 3715 3914 haberet.

2049 3945 2280 4005 Verum
2305 3941 2553 4006 morbus
2573 3952 2663 4006 est
2688 3944 2946 4025 privatio
2980 3941 3512 4025 sanitatis,idcirco
3537 3942 3719 4004 etiam

2049 4033 2195 4095 dixit
2218 4035 2663 4114 παρυφισταμὲνη
2700 4035 2786 4114 (id
2820 4044 2909 4097 est
2941 4034 3084 4115 quid
3119 4033 3315 4096 minus
3345 4050 3522 4112 quam
3566 4030 3718 4094 sub-
3776 4036 3781 4039 ’

301 4116 665 4198 διακρατεϊται
712 4118 807 4175 καΐ
880 4116 1211 4187 διασώζεται’
1287 4115 1442 4173 τοῦτό
1502 4117 1602 4193 γὰρ
1663 4114 1813 4191 ἔλεγε
1874 4115 1962 4170 καὶ

2048 4122 2315 4198 sistens;)
2371 4122 2667 4200 siquidem
2700 4142 2817 4184 non
2872 4114 3047 4185 habet
3091 4120 3574 4195 subsistentiam,
3606 4119 3718 4183 sed

298 4208 574 4286 πρότερον,
622 4208 701 4264 ὅτι
764 4210 849 4265 ιιαὶ
903 4208 969 4263 τὰ
1026 4207 1357 4284 ἐστερημέναι
1415 4204 1645 4278 δ’)ναμοῖ
1707 4204 1845 4260 κατὰ
1901 4204 1961 4258 τὸ

2048 4213 2213 4292 quasi
2236 4211 2686 4274 subsistentiam
2721 4213 2851 4274 4H
2873 4214 2930 4274 in
2951 4215 3065 4275 hoc
3097 4213 3257 4294 quod
3284 4211 3436 4272 absit
3462 4215 3711 4292 sanitas;

298 4296 437 4360 ὅλως
469 4297 633 4359 εἶναι.
693 4300 763 4357 Τὸ
802 4299 925 4375 γοῦν
962 4297 1134 4363 πάντη
1192 4297 1358 4352 κακὸν
1405 4297 1495 4351 οῦν
1531 4293 1672 4352 ἔστι.
1702 4296 1763 4348 τὸ
1793 4290 1844 4347 δὲ
1881 4297 1957 4359 πῆ

2051 4290 2204 4363 sicut
2228 4300 2487 4364 tenebrm
2512 4302 2666 4364 lucis
2680 4302 3085 4365 subtractione
3106 4290 3547 4383 quodammodo
3577 4290 3721 4362 sub;

299 4387 395 4456 μὲν
444 4389 659 4465 ἀγαθον,
693 4392 770 4454 πῆ
802 4385 855 4443 δὲ
913 4388 1005 4444 οῦκ
1034 4387 1254 4465 ἀγαθὸν,
1290 4384 1444 4441 τοῦτό
1483 4384 1593 4440 ἔστι
1625 4382 1685 4439 τό
1708 4403 1807 4438 τινι
1843 4404 1957 4455 μα-

2053 4391 2471 4464 sistunt.Quod
2487 4392 2684 4472 itaque
2698 4412 2791 4454 om
2805 4392 2943 4455 nino
2967 4382 3335 4472 boniexpers
3350 4397 3592 4463 est,non
3613 4407 3721 4453 ex-

298 4478 535 4558 χόμενον
578 4476 779 4554 ἀγαθῷ,
826 4490 1101 4554 κρατεῖται
1135 4473 1189 4530 δὲ
1234 4476 1319 4532 καὶ
1378 4475 1504 4532 αὒτὸ
1535 4474 1627 4528 καὶ
1674 4471 1956 4551 συνέχεται

2052 4480 2363 4559 istit;quod
2385 4471 2756 4543 autem’boni
2788 4482 3090 4562 particeps
3122 4471 3573 4561 est,secundum
3606 4477 3720 4541 bo-

296 4569 439 4645 παρά
483 4574 576 4625 τοῦ
615 4567 810 4646 ἀγαθοῦ
838 4572 907 4643 τῇ
961 4568 1134 4629 nosch
1168 4566 1420 4639 μετουσίᾳ
1478 4561 1658 4623 αὖτοῦ.
1697 4560 1804 4619 Κᾶν
1858 4561 1957 4638 γὰρ

2052 4579 2279 4642 num,et
2301 4569 2360 4630 in
2381 4576 2666 4649 quantum
2692 4560 2833 4632 boni
2849 4560 3152 4651 particeps
3175 4560 3384 4643 est,vel
3407 4568 3600 4648 majus
3623 4567 3718 4630 vel

297 4656 395 4724 τὴν
452 4654 647 4713 δειλίαν
680 4655 881 4736 εἴποις,
913 4655 1011 4713 κᾶν
1072 4657 1133 4711 τὸ
1178 4654 1391 4731 θράσος,
1423 4651 1609 4732 ἔχωσι
1644 4653 1736 4707 οιαὶ
1791 4659 1957 4709 ταῦτα

2048 4658 2238 4720 minus
2253 4641 2808 4741 quid-exsistit,etin
2823 4641 3003 4722 rebus
3026 4641 3346 4725 es't.Simili
3381 4641 3559 4720 modo
3594 4656 3718 4719 eti-

295 4744 346 4811 ἓξ
402 4746 597 4824 ἀγαθοῦ
645 4758 861 4823 μοῖραν⁶
924 4748 957 4813 ἡ
993 4746 1088 4818 μὲν
1148 4746 1210 4802 τὸ
1267 4744 1622 4821 προνοητικὸν
1659 4742 1745 4796 καὶ
1788 4738 1949 4820 φιλό-

2048 4773 2127 4814 am
2161 4760 2216 4814 in
2241 4738 2306 4815 eo
2336 4758 2489 4830 quod
2520 4738 2727 4816 dicitur
2754 4761 2941 4831 ipsum
2965 4774 3088 4817 esse
3105 4774 3205 4831 per
3235 4757 3709 4827 amrmationem;

294 4843 451 4915 ζωον,
487 4837 547 4892 τὸ
604 4834 660 4892 δὲ
713 4835 985 4915 τολμηρὸν
1016 4836 1104 4891 καὶ
1153 4836 1284 4913 πρὸς
1327 4834 1449 4896 τοὺς
1487 4829 1747 4895 ιιινδύνους
1813 4828 1953 4886 ἐτοι-

2048 4858 2171 4900 nam
2192 4828 2732 4918 quod‘nequaquam
2753 4828 2994 4919 usquam
3011 4828 3351 4915 est,tametsi
3369 4844 3543 4902 etiam
3567 4843 3719 4902 dice-

303 4030 398 4087 οὐκ
452 4027 561 4085 ’ἐστι
596 4032 680 4084 καὶ
724 4028 776 4085 ἓν
819 4029 895 4101 τῷ
938 4049 1119 4091 ποσως
1150 4028 1317 4099 εἶναι,
1350 4026 1443 4083 καὶ
1478 4029 1539 4082 τὸ
1576 4026 1654 4101 μὴ
1714 4028 1771 4081 ὃν
1806 4027 1966 4083 αὒτοῦ

296 4946 419 4999 μον.
478 4925 659 4993 Πέντη
717 4927 817 5004 γὰρ
867 4923 1187 4988 ἀπελθόθτος
1227 4930 1319 4980 τοῦ
1376 4923 1597 5001 ἀγαθοῦ,
1631 4922 1691 4976 τὸ
1747 4919 1954 4975 ἐναπο-

296 5026 485 5088 μεϊναν
545 5013 663 5072 οὔτε
692 5014 917 5071 καθόλου
958 5013 1154 5091 ἀγαθὸν
1205 5011 1377 5091 ἔσται,
1412 5010 1529 5068 οὔτε
1574 5012 1791 5086 μικτὸν,
1841 5005 1956 5063 οὔτε

294 5105 403 5177 μὴν
462 5105 776 5163 αῦτόκακον.
840 5105 916 5163 Τὰ
975 5105 1098 5182 γοῦν
1156 5101 1244 5160 δύο
1293 5100 1618 5180 παρέδραμε.
1683 5098 1804 5161 Πῶς
1856 5098 1955 5174 γὰρ

296 5192 520 5251 καθόλου
574 5194 721 5251 ἔσται
780 5195 996 5272 ἀγαθὸν,
1032 5191 1083 5258 ἐξ
1143 5196 1304 5271 οὗπερ
1348 5190 1554 5259 ἀπῆλθε
1584 5192 1645 5248 τὸ
1694 5185 1953 5249 παντελὲς

295 5282 489 5360 ἀγαθόν
526 5303 542 5358 ;
575 5290 689 5348 πῶς
721 5282 775 5339 δὲ
829 5281 990 5339 πὶλιν
1019 5284 1311 5339 αῦτόκακυν
1358 5280 1534 5360 ἔσται,
1567 5276 1752 5345 ἐπειδὴ
1783 5276 1957 5333 πάντα

295 5374 359 5431 τὰ
413 5373 538 5430 ὄντα
568 5382 658 5431 τοῦ
685 5373 882 5449 ἀγαθοῦ
926 5371 1230 5451 μετέχοντά
1261 5374 1358 5428 είσι
1391 5393 1416 5443 ;
1473 5377 1629 5427 τοῦτο
1658 5366 1712 5423 δὲ
1745 5386 1947 5423 παντε-

295 5459 402 5527 λῶς
431 5461 627 5542 ἀπέχει
672 5464 767 5518 τοῦ
795 5462 1013 5539 ἀγαθοῦ.
1052 5464 1122 5520 Τὸ
1181 5459 1259 5540 δὲ,
1295 5460 1375 5516 ὅτι
1420 5463 1481 5517 οῦ
1525 5460 1714 5536 μικτὸν
1756 5456 1950 5512 ἐναπο-

296 5549 631 5630 λειφθάσεται
661 5555 715 5607 ὲν
746 5556 813 5628 τῇ
865 5549 1123 5608 παντελεῖ
1152 5549 1378 5618 ἀπουσίᾳ
1420 5557 1514 5606 τοῦ
1559 5548 1776 5627 ἀγαθον,
1808 5544 1949 5601 ἀπο-

298 5637 525 5697 δείκνυσι
573 5639 747 5719 λέγων
776 5639 964 5704 οὕτως’
1032 5641 1091 5697 Εἰ
1120 5638 1382 5715 δώσομεν,
1421 5639 1502 5696 ὅτι
1561 5639 1614 5694 ἐν
1646 5642 1712 5713 τῇ
1754 5656 1956 5692 παντε-

2038 4938 2193 4991 retur
2214 4933 2400 5005 ipsum
2417 4950 2543 4992 esse
2570 4951 2673 5008 per
2701 4937 3553 5009 amrmattonemmequaquam
3583 4934 3714 5003 erit,

2039 5014 2205 5086 Quod
2240 5023 2437 5078 autem
2472 5018 2684 5098 partim
2719 5018 2957 5097 quidem
2992 5026 3105 5098 est,
3141 5017 3358 5098 partim
3412 5032 3552 5078 vero
3591 5033 3716 5079 non

2041 5112 2154 5177 est,
2185 5104 2243 5164 in
2278 5112 2577 5185 quatenus
2602 5104 2677 5168 ab
2706 5123 2775 5167 eo
2810 5108 2969 5183 quod
3004 5124 3142 5169 vere
3183 5115 3275 5169 est
3303 5105 3552 5183 decidit,
3594 5123 3715 5170 non

2041 5202 2130 5257 est
2161 5193 2337 5256 etiam
2371 5197 2463 5257 vel
2494 5196 2745 5277 aliquali
2780 5198 2981 5271 modo,
3006 5207 3064 5263 et
3094 5217 3216 5260 non
3250 5216 3359 5260 ens
3389 5197 3580 5279 ipsius
3604 5214 3710 5259 su-
3750 5196 3757 5201 ’

2040 5290 2278 5364 peratur
2297 5293 2472 5366 atque
2495 5295 2781 5361 servatur;
2823 5305 2899 5347 na
2917 5306 2970 5349 m
3005 5290 3117 5351 hoc
3140 5288 3531 5369 etiam,prius
3566 5287 3716 5350 dixit

2032 5374 2193 5451 quod
2213 5375 2393 5436 etiam
2413 5376 2743 5455 privatione
2756 5395 2785 5438 s
2806 5380 3050 5441 roboret
3064 5378 3399 5442 secundum
3414 5377 3572 5458 quod
3589 5394 3717 5438 om-

2036 5462 2175 5524 nino
2226 5473 2383 5527 sunt.
2431 5465 2604 5539 Quod
2643 5466 2840 5547 itaque
2870 5486 3116 5550 prorsus
3147 5469 3370 5529 malum
3420 5476 3536 5540 est,
3574 5483 3714 5528 'nec

2040 5561 2129 5614 est
2153 5553 2393 5634 quidem
2430 5575 2444 5617 :
2481 5556 2640 5640 quod
2670 5565 2871 5619 autem
2905 5558 3124 5640 partim
3172 5560 3422 5638 quidem
3461 5553 3710 5637 bonum,

2046 5644 2255 5724 partim
2306 5663 2443 5707 vero
2507 5664 2626 5707 non
2703 5644 2924 5710 bonum
2975 5658 3088 5723 est,
3171 5647 3283 5708 hoc
3357 5643 3539 5707 alicui
3596 5644 3710 5708 bo-

299 5731 387 5789 λιῐ
417 5730 646 5805 ἀπουσίᾳ
691 5739 783 5789 νοῦ
810 5730 1009 5808 ἀγαθοῦ
1038 5731 1096 5787 τὸ
1139 5728 1497 5807 ἑναπομεϊναν
1558 5728 1724 5786 κακὸν
1777 5723 1962 5789 ἀτελές

2051 5723 2129 5795 no
2180 5732 2552 5819 adversatur,
2582 5744 3017 5800 verumtamen
3050 5742 3367 5825 superatur
3412 5741 3473 5799 et
3521 5734 3710 5807 conti-
