  <div class='ocr_page' id='page_1' title='image "/cluster/home/n/w/nwhite01/storage/ocr_20150623/3/mdp.39015008855614/403.png"; bbox 0 0 4156 6156; ppageno 0'>
   <div class='ocr_carea' id='block_1_1' title="bbox 523 319 635 385">
    <p class='ocr_par' dir='ltr' id='par_1_1' title="bbox 523 319 635 385">
     <span class='ocr_line' id='line_1_1' title="bbox 523 319 635 385; baseline 0 -1"><span class='ocrx_word' id='word_1_1' title='bbox 523 319 635 385; x_wconf 86' lang='grc'><strong>791</strong></span> 
     </span>
    </p>
   </div>
   <div class='ocr_carea' id='block_1_2' title="bbox 1691 316 2730 382">
    <p class='ocr_par' dir='ltr' id='par_1_2' title="bbox 1691 316 2730 382">
     <span class='ocr_line' id='line_1_2' title="bbox 1691 316 2730 382; baseline -0.002 -1"><span class='ocrx_word' id='word_1_2' title='bbox 1691 319 1754 382; x_wconf 90' lang='lat' dir='ltr'><strong>S.</strong></span> <span class='ocrx_word' id='word_1_3' title='bbox 1809 317 2148 380; x_wconf 79' lang='lat' dir='ltr'><strong>DIONYSII</strong></span> <span class='ocrx_word' id='word_1_4' title='bbox 2197 316 2730 382; x_wconf 65' lang='lat' dir='ltr'><strong>AliEOPAGITE.</strong></span> 
     </span>
    </p>
   </div>
   <div class='ocr_carea' id='block_1_3' title="bbox 3777 327 3886 394">
    <p class='ocr_par' dir='ltr' id='par_1_3' title="bbox 3777 327 3886 394">
     <span class='ocr_line' id='line_1_3' title="bbox 3777 327 3886 394; baseline 0.009 -2"><span class='ocrx_word' id='word_1_5' title='bbox 3777 327 3886 394; x_wconf 77' lang='lat'>792</span> 
     </span>
    </p>
   </div>
   <div class='ocr_carea' id='block_1_4' title="bbox 519 449 2166 539">
    <p class='ocr_par' dir='ltr' id='par_1_4' title="bbox 519 449 2162 536">
     <span class='ocr_line' id='line_1_4' title="bbox 519 449 2162 536; baseline -0.004 -16"><span class='ocrx_word' id='word_1_6' title='bbox 519 464 698 522; x_wconf 88' lang='lat' dir='ltr'><strong>netur</strong></span> <span class='ocrx_word' id='word_1_7' title='bbox 737 475 768 516; x_wconf 89' lang='lat' dir='ltr'><strong>a</strong></span> <span class='ocrx_word' id='word_1_8' title='bbox 801 456 958 517; x_wconf 91' lang='lat' dir='ltr'><strong>bono</strong></span> <span class='ocrx_word' id='word_1_9' title='bbox 1014 451 1258 536; x_wconf 90' lang='lat' dir='ltr'><strong>aliquali</strong></span> <span class='ocrx_word' id='word_1_10' title='bbox 1303 451 1438 533; x_wconf 87' lang='lat' dir='ltr'><strong>ejus</strong></span> <span class='ocrx_word' id='word_1_11' title='bbox 1495 450 1971 533; x_wconf 77' lang='lat' dir='ltr'><strong>participatione.</strong></span> <span class='ocrx_word' id='word_1_12' title='bbox 2037 449 2162 514; x_wconf 87' lang='lat' dir='ltr'><strong>Etsi</strong></span> 
     </span>
    </p>
   </div>
   <div class='ocr_carea' id='block_1_5' title="bbox 2250 449 3886 539">
    <p class='ocr_par' dir='ltr' id='par_1_5' title="bbox 2250 451 3886 539">
     <span class='ocr_line' id='line_1_5' title="bbox 2250 451 3886 539; baseline 0.007 -31"><span class='ocrx_word' id='word_1_13' title='bbox 2250 451 2387 511; x_wconf 71' lang='grc' dir='ltr'>ἐστιν</span> <span class='ocrx_word' id='word_1_14' title='bbox 2439 453 2661 534; x_wconf 81' lang='grc' dir='ltr'>ἀγαθὸν,</span> <span class='ocrx_word' id='word_1_15' title='bbox 2695 453 2842 529; x_wconf 76' lang='grc' dir='ltr'>μένει</span> <span class='ocrx_word' id='word_1_16' title='bbox 2898 452 3089 513; x_wconf 84' lang='grc' dir='ltr'>λοιπὸν</span> <span class='ocrx_word' id='word_1_17' title='bbox 3143 455 3197 512; x_wconf 80' lang='grc' dir='ltr'>ἐν</span> <span class='ocrx_word' id='word_1_18' title='bbox 3249 457 3391 532; x_wconf 75' lang='grc' dir='ltr'>αὐτῷ</span> <span class='ocrx_word' id='word_1_19' title='bbox 3430 481 3481 514; x_wconf 87' lang='grc' dir='ltr'><strong>τι</strong></span> <span class='ocrx_word' id='word_1_20' title='bbox 3525 459 3743 539; x_wconf 74' lang='grc' dir='ltr'>ἀγαθόν’</span> <span class='ocrx_word' id='word_1_21' title='bbox 3775 461 3886 519; x_wconf 74' lang='grc' dir='ltr'>ἀλλ’</span> 
     </span>
    </p>
   </div>
   <div class='ocr_carea' id='block_1_6' title="bbox 520 540 2157 627">
    <p class='ocr_par' dir='ltr' id='par_1_6' title="bbox 520 540 2157 627">
     <span class='ocr_line' id='line_1_6' title="bbox 520 540 2157 627; baseline -0.005 -16"><span class='ocrx_word' id='word_1_22' title='bbox 520 546 680 611; x_wconf 93' lang='lat' dir='ltr'><strong>enim</strong></span> <span class='ocrx_word' id='word_1_23' title='bbox 742 544 1296 627; x_wconf 87' lang='lat' dir='ltr'><strong>pusillanimitatem</strong></span> <span class='ocrx_word' id='word_1_24' title='bbox 1346 549 1540 604; x_wconf 88' lang='lat' dir='ltr'><strong>autem</strong></span> <span class='ocrx_word' id='word_1_25' title='bbox 1574 541 1884 604; x_wconf 84' lang='lat' dir='ltr'><strong>audaciam</strong></span> <span class='ocrx_word' id='word_1_26' title='bbox 1917 540 2157 616; x_wconf 80' lang='lat' dir='ltr'><strong>dixeris,</strong></span> 
     </span>
    </p>
   </div>
   <div class='ocr_carea' id='block_1_7' title="bbox 516 631 2162 713">
    <p class='ocr_par' dir='ltr' id='par_1_7' title="bbox 516 631 2162 713">
     <span class='ocr_line' id='line_1_7' title="bbox 516 631 2162 713; baseline -0.005 -13"><span class='ocrx_word' id='word_1_27' title='bbox 516 638 741 700; x_wconf 83' lang='lat' dir='ltr'><strong>habent</strong></span> <span class='ocrx_word' id='word_1_28' title='bbox 770 641 948 698; x_wconf 87' lang='lat' dir='ltr'><strong>etiam</strong></span> <span class='ocrx_word' id='word_1_29' title='bbox 978 635 1107 697; x_wconf 71' lang='lat' dir='ltr'><strong>htec</strong></span> <span class='ocrx_word' id='word_1_30' title='bbox 1139 632 1474 713; x_wconf 90' lang='lat' dir='ltr'><strong>portionem</strong></span> <span class='ocrx_word' id='word_1_31' title='bbox 1516 632 1774 713; x_wconf 83' lang='lat' dir='ltr'><strong>aliquam</strong></span> <span class='ocrx_word' id='word_1_32' title='bbox 1833 631 1998 706; x_wconf 84' lang='lat' dir='ltr'><strong>boni,</strong></span> <span class='ocrx_word' id='word_1_33' title='bbox 2063 631 2162 692; x_wconf 92' lang='lat' dir='ltr'><strong>illa</strong></span> 
     </span>
    </p>
   </div>
   <div class='ocr_carea' id='block_1_8' title="bbox 513 722 2161 809">
    <p class='ocr_par' dir='ltr' id='par_1_8' title="bbox 513 722 2161 809">
     <span class='ocr_line' id='line_1_8' title="bbox 513 722 2161 809; baseline -0.003 -21"><span class='ocrx_word' id='word_1_34' title='bbox 513 726 759 809; x_wconf 87' lang='lat' dir='ltr'><strong>quidem</strong></span> <span class='ocrx_word' id='word_1_35' title='bbox 807 723 1236 806; x_wconf 83' lang='lat' dir='ltr'><strong>providentiam</strong></span> <span class='ocrx_word' id='word_1_36' title='bbox 1271 730 1329 784; x_wconf 88' lang='lat' dir='ltr'><strong>et</strong></span> <span class='ocrx_word' id='word_1_37' title='bbox 1384 739 1648 784; x_wconf 88' lang='lat' dir='ltr'><strong>amorem</strong></span> <span class='ocrx_word' id='word_1_38' title='bbox 1680 722 1841 796; x_wconf 69' lang='lat' dir='ltr'><strong>vitae,</strong></span> <span class='ocrx_word' id='word_1_39' title='bbox 1876 722 2000 783; x_wconf 61' lang='lat' dir='ltr'><strong>haec</strong></span> <span class='ocrx_word' id='word_1_40' title='bbox 2026 739 2161 783; x_wconf 90' lang='lat' dir='ltr'><strong>vero</strong></span> 
     </span>
    </p>
   </div>
   <div class='ocr_carea' id='block_1_9' title="bbox 514 811 2164 895">
    <p class='ocr_par' dir='ltr' id='par_1_9' title="bbox 514 811 2164 895">
     <span class='ocr_line' id='line_1_9' title="bbox 514 811 2164 895; baseline -0.005 -15"><span class='ocrx_word' id='word_1_41' title='bbox 514 817 928 881; x_wconf 86' lang='lat' dir='ltr'><strong>strenuitatem</strong></span> <span class='ocrx_word' id='word_1_42' title='bbox 962 823 1021 876; x_wconf 88' lang='lat' dir='ltr'><strong>et</strong></span> <span class='ocrx_word' id='word_1_43' title='bbox 1047 816 1122 877; x_wconf 90' lang='lat' dir='ltr'><strong>ad</strong></span> <span class='ocrx_word' id='word_1_44' title='bbox 1142 811 1402 895; x_wconf 84' lang='lat' dir='ltr'><strong>pericula</strong></span> <span class='ocrx_word' id='word_1_45' title='bbox 1430 811 2164 894; x_wconf 84' lang='lat' dir='ltr'><strong>promptitudinem.Bonu</strong></span> 
     </span>
    </p>
   </div>
   <div class='ocr_carea' id='block_1_10' title="bbox 513 901 2163 987">
    <p class='ocr_par' dir='ltr' id='par_1_10' title="bbox 513 901 2163 987">
     <span class='ocr_line' id='line_1_10' title="bbox 513 901 2163 987; baseline -0.005 -17"><span class='ocrx_word' id='word_1_46' title='bbox 513 909 676 970; x_wconf 89' lang='lat' dir='ltr'><strong>enim</strong></span> <span class='ocrx_word' id='word_1_47' title='bbox 712 923 952 987; x_wconf 81' lang='lat' dir='ltr'><strong>prorsus</strong></span> <span class='ocrx_word' id='word_1_48' title='bbox 971 903 1320 967; x_wconf 85' lang='lat' dir='ltr'><strong>decedente.</strong></span> <span class='ocrx_word' id='word_1_49' title='bbox 1350 902 1410 963; x_wconf 87' lang='lat' dir='ltr'><strong>id</strong></span> <span class='ocrx_word' id='word_1_50' title='bbox 1436 901 1591 983; x_wconf 89' lang='lat' dir='ltr'><strong>quod</strong></span> <span class='ocrx_word' id='word_1_51' title='bbox 1614 911 1886 964; x_wconf 89' lang='lat' dir='ltr'><strong>remanet</strong></span> <span class='ocrx_word' id='word_1_52' title='bbox 1910 920 2018 963; x_wconf 89' lang='lat' dir='ltr'><strong>nec</strong></span> <span class='ocrx_word' id='word_1_53' title='bbox 2041 921 2163 962; x_wconf 82' lang='lat' dir='ltr'><strong>om-</strong></span> 
     </span>
    </p>
   </div>
   <div class='ocr_carea' id='block_1_11' title="bbox 516 991 2166 1075">
    <p class='ocr_par' dir='ltr' id='par_1_11' title="bbox 516 991 2166 1075">
     <span class='ocr_line' id='line_1_11' title="bbox 516 991 2166 1075; baseline -0.002 -16"><span class='ocrx_word' id='word_1_54' title='bbox 516 999 659 1060; x_wconf 91' lang='lat' dir='ltr'><strong>nino</strong></span> <span class='ocrx_word' id='word_1_55' title='bbox 691 996 913 1058; x_wconf 88' lang='lat' dir='ltr'><strong>bonum</strong></span> <span class='ocrx_word' id='word_1_56' title='bbox 939 997 1071 1071; x_wconf 87' lang='lat' dir='ltr'><strong>erit,</strong></span> <span class='ocrx_word' id='word_1_57' title='bbox 1105 1012 1303 1075; x_wconf 90' lang='lat' dir='ltr'><strong>neque</strong></span> <span class='ocrx_word' id='word_1_58' title='bbox 1325 992 1592 1074; x_wconf 90' lang='lat' dir='ltr'><strong>mistum,</strong></span> <span class='ocrx_word' id='word_1_59' title='bbox 1625 1011 1820 1074; x_wconf 91' lang='lat' dir='ltr'><strong>neque</strong></span> <span class='ocrx_word' id='word_1_60' title='bbox 1849 991 2025 1054; x_wconf 85' lang='lat' dir='ltr'><strong>etiam</strong></span> <span class='ocrx_word' id='word_1_61' title='bbox 2060 1012 2166 1073; x_wconf 89' lang='lat' dir='ltr'><strong>per</strong></span> 
     </span>
    </p>
   </div>
   <div class='ocr_carea' id='block_1_12' title="bbox 517 1082 2160 1165">
    <p class='ocr_par' dir='ltr' id='par_1_12' title="bbox 517 1082 2160 1165">
     <span class='ocr_line' id='line_1_12' title="bbox 517 1082 2160 1165; baseline -0.005 -15"><span class='ocrx_word' id='word_1_62' title='bbox 517 1105 582 1150; x_wconf 86' lang='lat' dir='ltr'><strong>se</strong></span> <span class='ocrx_word' id='word_1_63' title='bbox 615 1087 858 1150; x_wconf 90' lang='lat' dir='ltr'><strong>malum.</strong></span> <span class='ocrx_word' id='word_1_64' title='bbox 892 1085 1018 1148; x_wconf 92' lang='lat' dir='ltr'><strong>Duo</strong></span> <span class='ocrx_word' id='word_1_65' title='bbox 1063 1083 1242 1163; x_wconf 83' lang='lat' dir='ltr'><strong>igitur</strong></span> <span class='ocrx_word' id='word_1_66' title='bbox 1283 1091 1612 1165; x_wconf 90' lang='lat' dir='ltr'><strong>percurret.</strong></span> <span class='ocrx_word' id='word_1_67' title='bbox 1664 1082 1972 1156; x_wconf 87' lang='lat' dir='ltr'><strong>Quomodo</strong></span> <span class='ocrx_word' id='word_1_68' title='bbox 2002 1083 2160 1143; x_wconf 90' lang='lat' dir='ltr'><strong>enim</strong></span> 
     </span>
    </p>
   </div>
   <div class='ocr_carea' id='block_1_13' title="bbox 516 1171 2159 1254">
    <p class='ocr_par' dir='ltr' id='par_1_13' title="bbox 516 1171 2159 1254">
     <span class='ocr_line' id='line_1_13' title="bbox 516 1171 2159 1254; baseline -0.005 -13"><span class='ocrx_word' id='word_1_69' title='bbox 516 1179 759 1240; x_wconf 91' lang='lat' dir='ltr'><strong>omnino</strong></span> <span class='ocrx_word' id='word_1_70' title='bbox 789 1177 902 1240; x_wconf 90' lang='lat' dir='ltr'><strong>erit</strong></span> <span class='ocrx_word' id='word_1_71' title='bbox 931 1175 1176 1254; x_wconf 86' lang='lat' dir='ltr'><strong>bonum,</strong></span> <span class='ocrx_word' id='word_1_72' title='bbox 1211 1193 1245 1235; x_wconf 92' lang='lat' dir='ltr'><strong>a</strong></span> <span class='ocrx_word' id='word_1_73' title='bbox 1275 1191 1392 1254; x_wconf 91' lang='lat' dir='ltr'><strong>quo</strong></span> <span class='ocrx_word' id='word_1_74' title='bbox 1435 1172 1696 1235; x_wconf 89' lang='lat' dir='ltr'><strong>decessit</strong></span> <span class='ocrx_word' id='word_1_75' title='bbox 1748 1171 2159 1234; x_wconf 86' lang='lat' dir='ltr'><strong>omnimodum</strong></span> 
     </span>
    </p>
   </div>
   <div class='ocr_carea' id='block_1_14' title="bbox 2245 543 3890 627">
    <p class='ocr_par' dir='ltr' id='par_1_14' title="bbox 2245 543 3890 627">
     <span class='ocr_line' id='line_1_14' title="bbox 2245 543 3890 627; baseline 0.005 -25"><span class='ocrx_word' id='word_1_76' title='bbox 2245 546 2332 602; x_wconf 70' lang='grc' dir='ltr'>οὖν</span> <span class='ocrx_word' id='word_1_77' title='bbox 2360 544 2414 601; x_wconf 78' lang='grc' dir='ltr'>ἐν</span> <span class='ocrx_word' id='word_1_78' title='bbox 2465 549 2534 620; x_wconf 75' lang='grc' dir='ltr'><strong>τῇ</strong></span> <span class='ocrx_word' id='word_1_79' title='bbox 2561 543 2817 602; x_wconf 78' lang='grc' dir='ltr'>παντελεῖ</span> <span class='ocrx_word' id='word_1_80' title='bbox 2851 543 3075 620; x_wconf 73' lang='grc' dir='ltr'>ἀπουσίᾳ</span> <span class='ocrx_word' id='word_1_81' title='bbox 3107 553 3198 605; x_wconf 81' lang='grc' dir='ltr'><strong>τοῦ</strong></span> <span class='ocrx_word' id='word_1_82' title='bbox 3255 549 3454 627; x_wconf 78' lang='grc' dir='ltr'>ἀγαθοῦ</span> <span class='ocrx_word' id='word_1_83' title='bbox 3480 551 3564 608; x_wconf 58' lang='grc' dir='ltr'><strong>καῖ</strong></span> <span class='ocrx_word' id='word_1_84' title='bbox 3607 553 3669 609; x_wconf 75' lang='grc' dir='ltr'><strong>τὸ</strong></span> <span class='ocrx_word' id='word_1_85' title='bbox 3699 553 3890 613; x_wconf 81' lang='grc' dir='ltr'>τέλειον</span> 
     </span>
    </p>
   </div>
   <div class='ocr_carea' id='block_1_15' title="bbox 2247 631 3894 716">
    <p class='ocr_par' dir='ltr' id='par_1_15' title="bbox 2247 631 3894 716">
     <span class='ocr_line' id='line_1_15' title="bbox 2247 631 3894 716; baseline 0.006 -25"><span class='ocrx_word' id='word_1_86' title='bbox 2247 635 2332 691; x_wconf 84' lang='grc' dir='ltr'>καὶ</span> <span class='ocrx_word' id='word_1_87' title='bbox 2391 634 2452 689; x_wconf 82' lang='grc' dir='ltr'>τὸ</span> <span class='ocrx_word' id='word_1_88' title='bbox 2488 631 2673 697; x_wconf 78' lang='grc' dir='ltr'>ἀνελὲς</span> <span class='ocrx_word' id='word_1_89' title='bbox 2715 634 2966 716; x_wconf 77' lang='grc' dir='ltr'>ἀπέσται,</span> <span class='ocrx_word' id='word_1_90' title='bbox 3017 639 3109 694; x_wconf 77' lang='grc' dir='ltr'><strong>καὶ</strong></span> <span class='ocrx_word' id='word_1_91' title='bbox 3159 639 3275 702; x_wconf 79' lang='grc' dir='ltr'><strong>πῶς</strong></span> <span class='ocrx_word' id='word_1_92' title='bbox 3326 637 3474 696; x_wconf 76' lang='grc' dir='ltr'>ἕσται</span> <span class='ocrx_word' id='word_1_93' title='bbox 3513 647 3670 700; x_wconf 81' lang='grc' dir='ltr'>τοῦτο</span> <span class='ocrx_word' id='word_1_94' title='bbox 3721 642 3894 709; x_wconf 74' lang='grc' dir='ltr'>ἀτελὲς</span> 
     </span>
    </p>
   </div>
   <div class='ocr_carea' id='block_1_16' title="bbox 2245 722 3893 806">
    <p class='ocr_par' dir='ltr' id='par_1_16' title="bbox 2245 722 3893 806">
     <span class='ocr_line' id='line_1_16' title="bbox 2245 722 3893 806; baseline 0.007 -26"><span class='ocrx_word' id='word_1_95' title='bbox 2245 722 2468 804; x_wconf 80' lang='grc' dir='ltr'>ἀγαθόν,</span> <span class='ocrx_word' id='word_1_96' title='bbox 2507 723 2628 780; x_wconf 75' lang='grc' dir='ltr'>τότε</span> <span class='ocrx_word' id='word_1_97' title='bbox 2659 740 2682 798; x_wconf 87' lang='grc'><em>;</em></span> <span class='ocrx_word' id='word_1_98' title='bbox 2725 724 2824 803; x_wconf 78' lang='grc' dir='ltr'><strong>γὰρ</strong></span> <span class='ocrx_word' id='word_1_99' title='bbox 2881 725 3044 801; x_wconf 81' lang='grc' dir='ltr'>μόνον</span> <span class='ocrx_word' id='word_1_100' title='bbox 3078 727 3363 806; x_wconf 75' lang='grc' dir='ltr'>ὀφθήσεται</span> <span class='ocrx_word' id='word_1_101' title='bbox 3391 729 3453 786; x_wconf 77' lang='grc' dir='ltr'>τὸ</span> <span class='ocrx_word' id='word_1_102' title='bbox 3503 733 3669 788; x_wconf 78' lang='grc' dir='ltr'>κακὸν</span> <span class='ocrx_word' id='word_1_103' title='bbox 3721 731 3893 798; x_wconf 75' lang='grc' dir='ltr'>ἀτελὲς</span> 
     </span>
    </p>
   </div>
   <div class='ocr_carea' id='block_1_17' title="bbox 2246 811 3892 901">
    <p class='ocr_par' dir='ltr' id='par_1_17' title="bbox 2246 811 3892 901">
     <span class='ocr_line' id='line_1_17' title="bbox 2246 811 3892 901; baseline 0.007 -32"><span class='ocrx_word' id='word_1_104' title='bbox 2246 811 2466 891; x_wconf 81' lang='grc' dir='ltr'>ἀγαθὸν,</span> <span class='ocrx_word' id='word_1_105' title='bbox 2504 811 2593 870; x_wconf 82' lang='grc' dir='ltr'><strong>ὅτε</strong></span> <span class='ocrx_word' id='word_1_106' title='bbox 2642 812 2699 870; x_wconf 77' lang='grc' dir='ltr'>οὗ</span> <span class='ocrx_word' id='word_1_107' title='bbox 2730 815 2933 892; x_wconf 82' lang='grc' dir='ltr'>γίνεται</span> <span class='ocrx_word' id='word_1_108' title='bbox 2985 816 3256 885; x_wconf 76' lang='grc' dir='ltr'>παντελὴς</span> <span class='ocrx_word' id='word_1_109' title='bbox 3288 819 3510 877; x_wconf 76' lang='grc' dir='ltr'>ἀπουσία</span> <span class='ocrx_word' id='word_1_110' title='bbox 3541 823 3631 877; x_wconf 62' lang='lat' dir='ltr'><strong>toﬁ</strong></span> <span class='ocrx_word' id='word_1_111' title='bbox 3685 822 3892 901; x_wconf 75' lang='grc' dir='ltr'>ἀγαθοῦ.</span> 
     </span>
    </p>
   </div>
   <div class='ocr_carea' id='block_1_18' title="bbox 2246 899 3898 986">
    <p class='ocr_par' dir='ltr' id='par_1_18' title="bbox 2246 899 3898 986">
     <span class='ocr_line' id='line_1_18' title="bbox 2246 899 3898 986; baseline 0.006 -28"><span class='ocrx_word' id='word_1_112' title='bbox 2246 899 2417 959; x_wconf 78' lang='grc' dir='ltr'>Ἀλλὰ</span> <span class='ocrx_word' id='word_1_113' title='bbox 2447 901 2512 959; x_wconf 79' lang='lat' dir='ltr'><strong>to&#39;</strong></span> <span class='ocrx_word' id='word_1_114' title='bbox 2551 905 2788 960; x_wconf 71' lang='grc' dir='ltr'>τοιοῦτον</span> <span class='ocrx_word' id='word_1_115' title='bbox 2816 918 2936 971; x_wconf 84' lang='grc' dir='ltr'>τοῖς</span> <span class='ocrx_word' id='word_1_116' title='bbox 2970 907 3067 981; x_wconf 76' lang='grc' dir='ltr'><strong>μὲν</strong></span> <span class='ocrx_word' id='word_1_117' title='bbox 3099 908 3206 962; x_wconf 82' lang='grc' dir='ltr'>τῶν</span> <span class='ocrx_word' id='word_1_118' title='bbox 3236 907 3448 986; x_wconf 78' lang='grc' dir='ltr'><strong>ἀγαθῶν</strong></span> <span class='ocrx_word' id='word_1_119' title='bbox 3467 911 3539 976; x_wconf 82' lang='grc' dir='ltr'>ὡς</span> <span class='ocrx_word' id='word_1_120' title='bbox 3570 899 3742 968; x_wconf 71' lang='grc' dir='ltr'>κακὸν</span> <span class='ocrx_word' id='word_1_121' title='bbox 3763 913 3898 969; x_wconf 78' lang='grc' dir='ltr'>ἐναν·</span> 
     </span>
    </p>
   </div>
   <div class='ocr_carea' id='block_1_19' title="bbox 2246 990 3897 1080">
    <p class='ocr_par' dir='ltr' id='par_1_19' title="bbox 2246 990 3897 1080">
     <span class='ocr_line' id='line_1_19' title="bbox 2246 990 3897 1080; baseline 0.007 -32"><span class='ocrx_word' id='word_1_122' title='bbox 2246 997 2472 1071; x_wconf 64' lang='lat' dir='ltr'><strong>unum,</strong></span> <span class='ocrx_word' id='word_1_123' title='bbox 2505 991 2610 1049; x_wconf 80' lang='grc' dir='ltr'><strong>τῶν</strong></span> <span class='ocrx_word' id='word_1_124' title='bbox 2673 990 2728 1049; x_wconf 83' lang='grc' dir='ltr'>δὲ</span> <span class='ocrx_word' id='word_1_125' title='bbox 2757 995 2830 1057; x_wconf 83' lang='grc' dir='ltr'>ὡς</span> <span class='ocrx_word' id='word_1_126' title='bbox 2886 994 3082 1073; x_wconf 82' lang='grc' dir='ltr'>ἀγαθὸν</span> <span class='ocrx_word' id='word_1_127' title='bbox 3129 994 3444 1075; x_wconf 72' lang='grc' dir='ltr'><strong>ἐξήρτηται·</strong></span> <span class='ocrx_word' id='word_1_128' title='bbox 3481 999 3753 1080; x_wconf 74' lang='grc' dir='ltr'>μάχεσθαι</span> <span class='ocrx_word' id='word_1_129' title='bbox 3807 1005 3897 1080; x_wconf 79' lang='grc' dir='ltr'>γὰρ</span> 
     </span>
    </p>
   </div>
   <div class='ocr_carea' id='block_1_20' title="bbox 2247 1080 3898 1170">
    <p class='ocr_par' dir='ltr' id='par_1_20' title="bbox 2247 1080 3898 1170">
     <span class='ocr_line' id='line_1_20' title="bbox 2247 1080 3898 1170; baseline 0.006 -33"><span class='ocrx_word' id='word_1_130' title='bbox 2247 1081 2301 1138; x_wconf 76' lang='grc' dir='ltr'>ἐν</span> <span class='ocrx_word' id='word_1_131' title='bbox 2345 1088 2474 1138; x_wconf 76' lang='grc' dir='ltr'>πᾶσι</span> <span class='ocrx_word' id='word_1_132' title='bbox 2505 1082 2572 1138; x_wconf 80' lang='grc' dir='ltr'>τὰ</span> <span class='ocrx_word' id='word_1_133' title='bbox 2620 1080 2751 1139; x_wconf 72' lang='grc' dir='ltr'>αὐτὰ</span> <span class='ocrx_word' id='word_1_134' title='bbox 2783 1084 2918 1141; x_wconf 84' lang='grc' dir='ltr'>κατὰ</span> <span class='ocrx_word' id='word_1_135' title='bbox 2969 1085 3037 1141; x_wconf 79' lang='grc' dir='ltr'>τὰ</span> <span class='ocrx_word' id='word_1_136' title='bbox 3068 1087 3200 1143; x_wconf 72' lang='grc' dir='ltr'>αὐτὰ</span> <span class='ocrx_word' id='word_1_137' title='bbox 3245 1085 3524 1148; x_wconf 83' lang='grc' dir='ltr'>ἀδύνατον.</span> <span class='ocrx_word' id='word_1_138' title='bbox 3563 1093 3671 1150; x_wconf 79' lang='grc' dir='ltr'><strong>Οὐκ</strong></span> <span class='ocrx_word' id='word_1_139' title='bbox 3725 1090 3820 1170; x_wconf 77' lang='grc' dir='ltr'><strong>Ξὶρα</strong></span> <span class='ocrx_word' id='word_1_140' title='bbox 3847 1094 3898 1149; x_wconf 74' lang='grc' dir='ltr'><strong>ὃν</strong></span> 
     </span>
    </p>
   </div>
   <div class='ocr_carea' id='block_1_21' title="bbox 2246 1171 2678 1232">
    <p class='ocr_par' dir='ltr' id='par_1_21' title="bbox 2246 1171 2678 1232">
     <span class='ocr_line' id='line_1_21' title="bbox 2246 1171 2678 1232; baseline 0.014 -6"><span class='ocrx_word' id='word_1_141' title='bbox 2246 1173 2307 1227; x_wconf 83' lang='grc' dir='ltr'><strong>τὸ</strong></span> <span class='ocrx_word' id='word_1_142' title='bbox 2353 1171 2651 1228; x_wconf 76' lang='grc' dir='ltr'>αὒτόκακον</span> <span class='ocrx_word' id='word_1_143' title='bbox 2665 1218 2678 1232; x_wconf 94' lang='grc'><strong>.</strong></span> 
     </span>
    </p>
   </div>
   <div class='ocr_carea' id='block_1_22' title="bbox 514 1261 3895 1348">
    <p class='ocr_par' dir='ltr' id='par_1_22' title="bbox 514 1261 3895 1348">
     <span class='ocr_line' id='line_1_22' title="bbox 514 1261 3895 1348; baseline 0 -17"><span class='ocrx_word' id='word_1_144' title='bbox 514 1265 790 1331; x_wconf 84' lang='lat' dir='ltr'><strong>bonum?</strong></span> <span class='ocrx_word' id='word_1_145' title='bbox 819 1264 1117 1347; x_wconf 92' lang='lat' dir='ltr'><strong>quomodo</strong></span> <span class='ocrx_word' id='word_1_146' title='bbox 1141 1281 1280 1327; x_wconf 87' lang='lat' dir='ltr'><strong>vero</strong></span> <span class='ocrx_word' id='word_1_147' title='bbox 1305 1263 1516 1326; x_wconf 88' lang='lat' dir='ltr'><strong>iterum</strong></span> <span class='ocrx_word' id='word_1_148' title='bbox 1552 1281 1658 1342; x_wconf 86' lang='lat' dir='ltr'><strong>per</strong></span> <span class='ocrx_word' id='word_1_149' title='bbox 1683 1282 1744 1325; x_wconf 93' lang='lat' dir='ltr'><strong>se</strong></span> <span class='ocrx_word' id='word_1_150' title='bbox 1765 1265 1982 1324; x_wconf 86' lang='lat' dir='ltr'><strong>malum</strong></span> <span class='ocrx_word' id='word_1_151' title='bbox 2008 1267 2143 1334; x_wconf 84' lang='lat' dir='ltr'><strong>erit,</strong></span> <span class='ocrx_word' id='word_1_152' title='bbox 2165 1279 2300 1323; x_wconf 90' lang='lat' dir='ltr'><strong>cum</strong></span> <span class='ocrx_word' id='word_1_153' title='bbox 2333 1265 2534 1323; x_wconf 86' lang='lat' dir='ltr'><strong>omnia</strong></span> <span class='ocrx_word' id='word_1_154' title='bbox 2558 1280 2695 1342; x_wconf 69' lang='lat' dir='ltr'><strong>quae</strong></span> <span class='ocrx_word' id='word_1_155' title='bbox 2728 1269 2869 1323; x_wconf 93' lang='lat' dir='ltr'><strong>sunt</strong></span> <span class='ocrx_word' id='word_1_156' title='bbox 2894 1261 3117 1325; x_wconf 93' lang='lat' dir='ltr'><strong>bonum</strong></span> <span class='ocrx_word' id='word_1_157' title='bbox 3145 1265 3546 1348; x_wconf 83' lang='lat' dir='ltr'><strong>participent?</strong></span> <span class='ocrx_word' id='word_1_158' title='bbox 3574 1269 3690 1331; x_wconf 89' lang='lat' dir='ltr'><strong>hoc</strong></span> <span class='ocrx_word' id='word_1_159' title='bbox 3709 1277 3895 1332; x_wconf 89' lang='lat' dir='ltr'><strong>autem</strong></span> 
     </span>
    </p>
   </div>
   <div class='ocr_carea' id='block_1_23' title="bbox 517 1350 3894 1434">
    <p class='ocr_par' dir='ltr' id='par_1_23' title="bbox 517 1350 3894 1434">
     <span class='ocr_line' id='line_1_23' title="bbox 517 1350 3894 1434; baseline 0 -13"><span class='ocrx_word' id='word_1_160' title='bbox 517 1357 859 1421; x_wconf 88' lang='lat' dir='ltr'><strong>omnimode</strong></span> <span class='ocrx_word' id='word_1_161' title='bbox 907 1355 1073 1418; x_wconf 90' lang='lat' dir='ltr'><strong>abest</strong></span> <span class='ocrx_word' id='word_1_162' title='bbox 1105 1372 1139 1416; x_wconf 87' lang='lat' dir='ltr'><strong>a</strong></span> <span class='ocrx_word' id='word_1_163' title='bbox 1164 1352 1348 1416; x_wconf 89' lang='lat' dir='ltr'><strong>bono.</strong></span> <span class='ocrx_word' id='word_1_164' title='bbox 1397 1353 1563 1428; x_wconf 89' lang='lat' dir='ltr'><strong>Quod</strong></span> <span class='ocrx_word' id='word_1_165' title='bbox 1595 1372 1732 1416; x_wconf 86' lang='lat' dir='ltr'><strong>vero</strong></span> <span class='ocrx_word' id='word_1_166' title='bbox 1765 1373 1959 1434; x_wconf 89' lang='lat' dir='ltr'><strong>neque</strong></span> <span class='ocrx_word' id='word_1_167' title='bbox 1995 1353 2236 1413; x_wconf 79' lang='lat' dir='ltr'><strong>mistum</strong></span> <span class='ocrx_word' id='word_1_168' title='bbox 2266 1350 2408 1432; x_wconf 91' lang='lat' dir='ltr'><strong>quid</strong></span> <span class='ocrx_word' id='word_1_169' title='bbox 2439 1350 2748 1414; x_wconf 86' lang='lat' dir='ltr'><strong>residuum</strong></span> <span class='ocrx_word' id='word_1_170' title='bbox 2782 1352 2896 1414; x_wconf 88' lang='lat' dir='ltr'><strong>erit</strong></span> <span class='ocrx_word' id='word_1_171' title='bbox 2950 1352 3011 1415; x_wconf 87' lang='lat' dir='ltr'><strong>in</strong></span> <span class='ocrx_word' id='word_1_172' title='bbox 3050 1354 3405 1418; x_wconf 89' lang='lat' dir='ltr'><strong>omnimoda</strong></span> <span class='ocrx_word' id='word_1_173' title='bbox 3435 1357 3586 1420; x_wconf 92' lang='lat' dir='ltr'><strong>boni</strong></span> <span class='ocrx_word' id='word_1_174' title='bbox 3617 1358 3894 1431; x_wconf 88' lang='lat' dir='ltr'><strong>absentia,</strong></span> 
     </span>
    </p>
   </div>
   <div class='ocr_carea' id='block_1_24' title="bbox 512 1440 3898 1528">
    <p class='ocr_par' dir='ltr' id='par_1_24' title="bbox 512 1440 3898 1528">
     <span class='ocr_line' id='line_1_24' title="bbox 512 1440 3898 1528; baseline 0.001 -19"><span class='ocrx_word' id='word_1_175' title='bbox 512 1446 773 1510; x_wconf 91' lang='lat' dir='ltr'><strong>ostendit</strong></span> <span class='ocrx_word' id='word_1_176' title='bbox 803 1446 891 1509; x_wconf 89' lang='lat' dir='ltr'><strong>sic</strong></span> <span class='ocrx_word' id='word_1_177' title='bbox 921 1445 1128 1508; x_wconf 79' lang='lat' dir='ltr'><strong>dicens</strong></span> <span class='ocrx_word' id='word_1_178' title='bbox 1163 1464 1178 1504; x_wconf 88' lang='lat'><strong>:</strong></span> <span class='ocrx_word' id='word_1_179' title='bbox 1211 1445 1276 1508; x_wconf 97' lang='lat' dir='ltr'><strong>Si</strong></span> <span class='ocrx_word' id='word_1_180' title='bbox 1320 1444 1534 1507; x_wconf 87' lang='lat' dir='ltr'><strong>demus</strong></span> <span class='ocrx_word' id='word_1_181' title='bbox 1568 1446 1624 1506; x_wconf 93' lang='lat' dir='ltr'><strong>in</strong></span> <span class='ocrx_word' id='word_1_182' title='bbox 1657 1444 2000 1505; x_wconf 87' lang='lat' dir='ltr'><strong>omnimoda</strong></span> <span class='ocrx_word' id='word_1_183' title='bbox 2033 1441 2173 1503; x_wconf 89' lang='lat' dir='ltr'><strong>boni</strong></span> <span class='ocrx_word' id='word_1_184' title='bbox 2231 1440 2528 1512; x_wconf 87' lang='lat' dir='ltr'><strong>absentia,</strong></span> <span class='ocrx_word' id='word_1_185' title='bbox 2566 1443 2786 1502; x_wconf 88' lang='lat' dir='ltr'><strong>malum</strong></span> <span class='ocrx_word' id='word_1_186' title='bbox 2818 1443 2975 1522; x_wconf 83' lang='lat' dir='ltr'><strong>quod</strong></span> <span class='ocrx_word' id='word_1_187' title='bbox 3009 1453 3281 1507; x_wconf 90' lang='lat' dir='ltr'><strong>remanet</strong></span> <span class='ocrx_word' id='word_1_188' title='bbox 3312 1447 3742 1528; x_wconf 84' lang='lat' dir='ltr'><strong>imperfectum</strong></span> <span class='ocrx_word' id='word_1_189' title='bbox 3776 1469 3898 1512; x_wconf 89' lang='lat' dir='ltr'><strong>esse</strong></span> 
     </span>
    </p>
   </div>
   <div class='ocr_carea' id='block_1_25' title="bbox 511 1530 3898 1619">
    <p class='ocr_par' dir='ltr' id='par_1_25' title="bbox 511 1530 3898 1619">
     <span class='ocr_line' id='line_1_25' title="bbox 511 1530 3898 1619; baseline 0.001 -19"><span class='ocrx_word' id='word_1_190' title='bbox 511 1537 740 1600; x_wconf 91' lang='lat' dir='ltr'><strong>bonum</strong></span> <span class='ocrx_word' id='word_1_191' title='bbox 775 1535 1034 1598; x_wconf 89' lang='lat' dir='ltr'><strong>manebit</strong></span> <span class='ocrx_word' id='word_1_192' title='bbox 1055 1536 1114 1596; x_wconf 88' lang='lat' dir='ltr'><strong>in</strong></span> <span class='ocrx_word' id='word_1_193' title='bbox 1139 1535 1267 1615; x_wconf 92' lang='lat' dir='ltr'><strong>ipso</strong></span> <span class='ocrx_word' id='word_1_194' title='bbox 1283 1534 1593 1597; x_wconf 89' lang='lat' dir='ltr'><strong>residuum</strong></span> <span class='ocrx_word' id='word_1_195' title='bbox 1617 1534 1854 1614; x_wconf 84' lang='lat' dir='ltr'><strong>aliquod</strong></span> <span class='ocrx_word' id='word_1_196' title='bbox 1881 1534 2134 1606; x_wconf 88' lang='lat' dir='ltr'><strong>bonum;</strong></span> <span class='ocrx_word' id='word_1_197' title='bbox 2169 1532 2335 1612; x_wconf 83' lang='lat' dir='ltr'><strong>atqui</strong></span> <span class='ocrx_word' id='word_1_198' title='bbox 2366 1530 2430 1592; x_wconf 89' lang='lat' dir='ltr'><strong>in</strong></span> <span class='ocrx_word' id='word_1_199' title='bbox 2463 1531 2814 1592; x_wconf 89' lang='lat' dir='ltr'><strong>omnimoda</strong></span> <span class='ocrx_word' id='word_1_200' title='bbox 2840 1532 2980 1594; x_wconf 89' lang='lat' dir='ltr'><strong>boni</strong></span> <span class='ocrx_word' id='word_1_201' title='bbox 3012 1534 3312 1616; x_wconf 87' lang='lat' dir='ltr'><strong>absentia,</strong></span> <span class='ocrx_word' id='word_1_202' title='bbox 3349 1546 3466 1598; x_wconf 89' lang='lat' dir='ltr'><strong>tam</strong></span> <span class='ocrx_word' id='word_1_203' title='bbox 3491 1539 3653 1615; x_wconf 86' lang='lat' dir='ltr'><strong>quod</strong></span> <span class='ocrx_word' id='word_1_204' title='bbox 3687 1542 3898 1619; x_wconf 84' lang='lat' dir='ltr'><strong>perfec-</strong></span> 
     </span>
    </p>
   </div>
   <div class='ocr_carea' id='block_1_26' title="bbox 509 1619 3896 1708">
    <p class='ocr_par' dir='ltr' id='par_1_26' title="bbox 509 1619 3896 1708">
     <span class='ocr_line' id='line_1_26' title="bbox 509 1619 3896 1708; baseline 0.001 -19"><span class='ocrx_word' id='word_1_205' title='bbox 509 1636 636 1690; x_wconf 85' lang='lat' dir='ltr'><strong>tum</strong></span> <span class='ocrx_word' id='word_1_206' title='bbox 661 1646 834 1708; x_wconf 79' lang='lat' dir='ltr'><strong>quam</strong></span> <span class='ocrx_word' id='word_1_207' title='bbox 861 1626 1014 1708; x_wconf 91' lang='lat' dir='ltr'><strong>quod</strong></span> <span class='ocrx_word' id='word_1_208' title='bbox 1041 1625 1452 1706; x_wconf 86' lang='lat' dir='ltr'><strong>imperfectum</strong></span> <span class='ocrx_word' id='word_1_209' title='bbox 1476 1624 1806 1697; x_wconf 76' lang='lat' dir='ltr'><strong>est,aberit,</strong></span> <span class='ocrx_word' id='word_1_210' title='bbox 1833 1622 2130 1704; x_wconf 79' lang='lat' dir='ltr'><strong>quomodo</strong></span> <span class='ocrx_word' id='word_1_211' title='bbox 2153 1640 2293 1700; x_wconf 87' lang='lat' dir='ltr'><strong>ergo</strong></span> <span class='ocrx_word' id='word_1_212' title='bbox 2318 1619 2433 1682; x_wconf 86' lang='lat' dir='ltr'><strong>erit</strong></span> <span class='ocrx_word' id='word_1_213' title='bbox 2455 1620 2568 1680; x_wconf 90' lang='lat' dir='ltr'><strong>hoc</strong></span> <span class='ocrx_word' id='word_1_214' title='bbox 2595 1621 3011 1701; x_wconf 85' lang='lat' dir='ltr'><strong>imperfectum</strong></span> <span class='ocrx_word' id='word_1_215' title='bbox 3045 1623 3306 1688; x_wconf 86' lang='lat' dir='ltr'><strong>bonum?</strong></span> <span class='ocrx_word' id='word_1_216' title='bbox 3331 1635 3471 1688; x_wconf 88' lang='lat' dir='ltr'><strong>tunc</strong></span> <span class='ocrx_word' id='word_1_217' title='bbox 3499 1629 3660 1690; x_wconf 90' lang='lat' dir='ltr'><strong>enim</strong></span> <span class='ocrx_word' id='word_1_218' title='bbox 3681 1640 3896 1692; x_wconf 85' lang='lat' dir='ltr'><strong>tantum</strong></span> 
     </span>
    </p>
   </div>
   <div class='ocr_carea' id='block_1_27' title="bbox 509 1711 3899 1799">
    <p class='ocr_par' dir='ltr' id='par_1_27' title="bbox 509 1711 3899 1799">
     <span class='ocr_line' id='line_1_27' title="bbox 509 1711 3899 1799; baseline 0 -19"><span class='ocrx_word' id='word_1_219' title='bbox 509 1716 823 1799; x_wconf 82' lang='lat' dir='ltr'><strong>apparebit</strong></span> <span class='ocrx_word' id='word_1_220' title='bbox 848 1717 1064 1778; x_wconf 90' lang='lat' dir='ltr'><strong>malum</strong></span> <span class='ocrx_word' id='word_1_221' title='bbox 1091 1715 1503 1796; x_wconf 84' lang='lat' dir='ltr'><strong>imperfectum</strong></span> <span class='ocrx_word' id='word_1_222' title='bbox 1541 1714 1786 1790; x_wconf 92' lang='lat' dir='ltr'><strong>bonum,</strong></span> <span class='ocrx_word' id='word_1_223' title='bbox 1814 1713 2052 1796; x_wconf 83' lang='lat' dir='ltr'><strong>quando</strong></span> <span class='ocrx_word' id='word_1_224' title='bbox 2084 1731 2196 1772; x_wconf 92' lang='lat' dir='ltr'><strong>non</strong></span> <span class='ocrx_word' id='word_1_225' title='bbox 2225 1717 2312 1772; x_wconf 89' lang='lat' dir='ltr'><strong>est</strong></span> <span class='ocrx_word' id='word_1_226' title='bbox 2344 1711 2690 1771; x_wconf 90' lang='lat' dir='ltr'><strong>omnimoda</strong></span> <span class='ocrx_word' id='word_1_227' title='bbox 2724 1711 2864 1775; x_wconf 90' lang='lat' dir='ltr'><strong>boni</strong></span> <span class='ocrx_word' id='word_1_228' title='bbox 2899 1712 3196 1775; x_wconf 88' lang='lat' dir='ltr'><strong>absentia.</strong></span> <span class='ocrx_word' id='word_1_229' title='bbox 3223 1717 3339 1777; x_wconf 89' lang='lat' dir='ltr'><strong>Sed</strong></span> <span class='ocrx_word' id='word_1_230' title='bbox 3367 1717 3422 1778; x_wconf 91' lang='lat' dir='ltr'><strong>id</strong></span> <span class='ocrx_word' id='word_1_231' title='bbox 3450 1719 3608 1798; x_wconf 85' lang='lat' dir='ltr'><strong>quod</strong></span> <span class='ocrx_word' id='word_1_232' title='bbox 3637 1729 3727 1780; x_wconf 92' lang='lat' dir='ltr'><strong>est</strong></span> <span class='ocrx_word' id='word_1_233' title='bbox 3751 1721 3899 1799; x_wconf 85' lang='lat' dir='ltr'><strong>ejus-</strong></span> 
     </span>
    </p>
   </div>
   <div class='ocr_carea' id='block_1_28' title="bbox 510 1799 3901 1888">
    <p class='ocr_par' dir='ltr' id='par_1_28' title="bbox 510 1799 3901 1888">
     <span class='ocr_line' id='line_1_28' title="bbox 510 1799 3901 1888; baseline 0.001 -19"><span class='ocrx_word' id='word_1_234' title='bbox 510 1806 696 1888; x_wconf 83' lang='lat' dir='ltr'><strong>modi,</strong></span> <span class='ocrx_word' id='word_1_235' title='bbox 717 1805 1068 1888; x_wconf 86' lang='lat' dir='ltr'><strong>quibusdam</strong></span> <span class='ocrx_word' id='word_1_236' title='bbox 1094 1805 1335 1886; x_wconf 88' lang='lat' dir='ltr'><strong>quidem</strong></span> <span class='ocrx_word' id='word_1_237' title='bbox 1361 1805 1535 1866; x_wconf 91' lang='lat' dir='ltr'><strong>bonis</strong></span> <span class='ocrx_word' id='word_1_238' title='bbox 1557 1814 1837 1885; x_wconf 88' lang='lat' dir='ltr'><strong>tanquam</strong></span> <span class='ocrx_word' id='word_1_239' title='bbox 1866 1803 2083 1864; x_wconf 82' lang='lat' dir='ltr'><strong>malum</strong></span> <span class='ocrx_word' id='word_1_240' title='bbox 2112 1799 2544 1876; x_wconf 84' lang='lat' dir='ltr'><strong>adversabitur,</strong></span> <span class='ocrx_word' id='word_1_241' title='bbox 2576 1800 2647 1861; x_wconf 92' lang='lat' dir='ltr'><strong>ab</strong></span> <span class='ocrx_word' id='word_1_242' title='bbox 2665 1801 2799 1863; x_wconf 88' lang='lat' dir='ltr'><strong>aliis</strong></span> <span class='ocrx_word' id='word_1_243' title='bbox 2817 1813 3012 1863; x_wconf 83' lang='lat' dir='ltr'><strong>autem</strong></span> <span class='ocrx_word' id='word_1_244' title='bbox 3054 1813 3334 1886; x_wconf 87' lang='lat' dir='ltr'><strong>tanquam</strong></span> <span class='ocrx_word' id='word_1_245' title='bbox 3363 1807 3586 1868; x_wconf 90' lang='lat' dir='ltr'><strong>bonum</strong></span> <span class='ocrx_word' id='word_1_246' title='bbox 3615 1809 3901 1874; x_wconf 75' lang='lat' dir='ltr'><strong>eximitur;</strong></span> 
     </span>
    </p>
   </div>
   <div class='ocr_carea' id='block_1_29' title="bbox 506 1891 3900 1980">
    <p class='ocr_par' dir='ltr' id='par_1_29' title="bbox 506 1891 3900 1980">
     <span class='ocr_line' id='line_1_29' title="bbox 506 1891 3900 1980; baseline -0.001 -17"><span class='ocrx_word' id='word_1_247' title='bbox 506 1906 812 1980; x_wconf 87' lang='lat' dir='ltr'><strong>nequeunt</strong></span> <span class='ocrx_word' id='word_1_248' title='bbox 833 1896 991 1958; x_wconf 89' lang='lat' dir='ltr'><strong>enim</strong></span> <span class='ocrx_word' id='word_1_249' title='bbox 1025 1896 1232 1957; x_wconf 90' lang='lat' dir='ltr'><strong>eadem</strong></span> <span class='ocrx_word' id='word_1_250' title='bbox 1257 1895 1586 1957; x_wconf 88' lang='lat' dir='ltr'><strong>secundum</strong></span> <span class='ocrx_word' id='word_1_251' title='bbox 1616 1894 1827 1956; x_wconf 88' lang='lat' dir='ltr'><strong>eadem</strong></span> <span class='ocrx_word' id='word_1_252' title='bbox 1856 1894 2012 1956; x_wconf 85' lang='lat' dir='ltr'><strong>inter</strong></span> <span class='ocrx_word' id='word_1_253' title='bbox 2037 1912 2101 1955; x_wconf 91' lang='lat' dir='ltr'><strong>se</strong></span> <span class='ocrx_word' id='word_1_254' title='bbox 2127 1893 2184 1952; x_wconf 90' lang='lat' dir='ltr'><strong>in</strong></span> <span class='ocrx_word' id='word_1_255' title='bbox 2213 1891 2807 1980; x_wconf 79' lang='lat' dir='ltr'><strong>omnibuspugnare.</strong></span> <span class='ocrx_word' id='word_1_256' title='bbox 2844 1894 2977 1954; x_wconf 92' lang='lat' dir='ltr'><strong>Non</strong></span> <span class='ocrx_word' id='word_1_257' title='bbox 3013 1911 3044 1954; x_wconf 92' lang='lat' dir='ltr'><strong>e</strong></span> <span class='ocrx_word' id='word_1_258' title='bbox 3064 1912 3168 1973; x_wconf 85' lang='lat' dir='ltr'><strong>rgo</strong></span> <span class='ocrx_word' id='word_1_259' title='bbox 3201 1895 3429 1958; x_wconf 85' lang='lat' dir='ltr'><strong>exsistit</strong></span> <span class='ocrx_word' id='word_1_260' title='bbox 3449 1916 3557 1974; x_wconf 89' lang='lat' dir='ltr'><strong>per</strong></span> <span class='ocrx_word' id='word_1_261' title='bbox 3583 1916 3648 1959; x_wconf 85' lang='lat' dir='ltr'><strong>se</strong></span> <span class='ocrx_word' id='word_1_262' title='bbox 3675 1899 3900 1961; x_wconf 91' lang='lat' dir='ltr'><strong>malum.</strong></span> 
     </span>
    </p>
   </div>
   <div class='ocr_carea' id='block_1_30' title="bbox 585 1979 2166 2069">
    <p class='ocr_par' dir='ltr' id='par_1_30' title="bbox 585 1979 2143 2069">
     <span class='ocr_line' id='line_1_30' title="bbox 585 1979 2143 2069; baseline -0.004 -18"><span class='ocrx_word' id='word_1_263' title='bbox 585 1979 795 2069; x_wconf 65' lang='grc' dir='ltr'><strong>ςΧΧΙ.</strong></span> <span class='ocrx_word' id='word_1_264' title='bbox 832 1985 984 2059; x_wconf 88' lang='lat' dir='ltr'><strong>Quin</strong></span> <span class='ocrx_word' id='word_1_265' title='bbox 1031 2004 1106 2047; x_wconf 88' lang='lat' dir='ltr'><strong>ne</strong></span> <span class='ocrx_word' id='word_1_266' title='bbox 1157 1984 1400 2066; x_wconf 88' lang='lat' dir='ltr'><strong>quidem</strong></span> <span class='ocrx_word' id='word_1_267' title='bbox 1431 1993 1520 2046; x_wconf 90' lang='lat' dir='ltr'><strong>est</strong></span> <span class='ocrx_word' id='word_1_268' title='bbox 1551 1985 1610 2044; x_wconf 89' lang='lat' dir='ltr'><strong>in</strong></span> <span class='ocrx_word' id='word_1_269' title='bbox 1666 1984 1868 2062; x_wconf 90' lang='lat' dir='ltr'><strong>rebus,</strong></span> <span class='ocrx_word' id='word_1_270' title='bbox 1904 1983 1987 2045; x_wconf 80' lang='lat' dir='ltr'><strong>uti</strong></span> <span class='ocrx_word' id='word_1_271' title='bbox 2036 1984 2143 2044; x_wconf 78' lang='lat' dir='ltr'><strong>de~</strong></span> 
     </span>
    </p>
   </div>
   <div class='ocr_carea' id='block_1_31' title="bbox 2250 1979 3900 2069">
    <p class='ocr_par' dir='ltr' id='par_1_31' title="bbox 2314 1979 3900 2067">
     <span class='ocr_line' id='line_1_31' title="bbox 2314 1979 3900 2067; baseline 0.004 -28"><span class='ocrx_word' id='word_1_272' title='bbox 2314 1979 2527 2060; x_wconf 75' lang='lat' dir='ltr'><strong>§XXI.</strong></span> <span class='ocrx_word' id='word_1_273' title='bbox 2592 1981 2744 2038; x_wconf 76' lang='grc' dir='ltr'>Ἀλλ’</span> <span class='ocrx_word' id='word_1_274' title='bbox 2780 1980 2894 2038; x_wconf 74' lang='grc' dir='ltr'><strong>οὒδέ</strong></span> <span class='ocrx_word' id='word_1_275' title='bbox 2926 1983 2979 2038; x_wconf 80' lang='grc' dir='ltr'>ἐν</span> <span class='ocrx_word' id='word_1_276' title='bbox 3024 1999 3142 2048; x_wconf 69' lang='grc' dir='ltr'>τοῖς</span> <span class='ocrx_word' id='word_1_277' title='bbox 3178 1986 3317 2042; x_wconf 69' lang='grc' dir='ltr'>οὖσίν</span> <span class='ocrx_word' id='word_1_278' title='bbox 3375 1987 3513 2067; x_wconf 83' lang='grc' dir='ltr'>ἐστι,</span> <span class='ocrx_word' id='word_1_279' title='bbox 3549 1991 3732 2052; x_wconf 70' lang='grc' dir='ltr'>καθὼς</span> <span class='ocrx_word' id='word_1_280' title='bbox 3777 1991 3900 2044; x_wconf 75' lang='grc' dir='ltr'>ἀπο-</span> 
     </span>
    </p>
   </div>
   <div class='ocr_carea' id='block_1_32' title="bbox 510 2069 2166 2155">
    <p class='ocr_par' dir='ltr' id='par_1_32' title="bbox 510 2074 2152 2155">
     <span class='ocr_line' id='line_1_32' title="bbox 510 2074 2152 2155; baseline -0.005 -14"><span class='ocrx_word' id='word_1_281' title='bbox 510 2076 865 2142; x_wconf 81' lang='lat' dir='ltr'><strong>monstrabit</strong></span> <span class='ocrx_word' id='word_1_282' title='bbox 908 2093 1012 2155; x_wconf 90' lang='lat' dir='ltr'><strong>per</strong></span> <span class='ocrx_word' id='word_1_283' title='bbox 1055 2075 1454 2155; x_wconf 76' lang='lat' dir='ltr'><strong>syllogismum</strong></span> <span class='ocrx_word' id='word_1_284' title='bbox 1505 2075 1968 2155; x_wconf 79' lang='lat' dir='ltr'><strong>hypotheticum,</strong></span> <span class='ocrx_word' id='word_1_285' title='bbox 2013 2074 2152 2133; x_wconf 77' lang='lat' dir='ltr'><strong>M2</strong></span> 
     </span>
    </p>
   </div>
   <div class='ocr_carea' id='block_1_33' title="bbox 2250 2069 3900 2155">
    <p class='ocr_par' dir='ltr' id='par_1_33' title="bbox 2250 2069 3900 2152">
     <span class='ocr_line' id='line_1_33' title="bbox 2250 2069 3900 2152; baseline 0.004 -25"><span class='ocrx_word' id='word_1_286' title='bbox 2250 2070 2390 2137; x_wconf 71' lang='grc' dir='ltr'>Ξείξει</span> <span class='ocrx_word' id='word_1_287' title='bbox 2465 2069 2537 2127; x_wconf 82' lang='grc' dir='ltr'><strong>δι’</strong></span> <span class='ocrx_word' id='word_1_288' title='bbox 2616 2073 2928 2130; x_wconf 79' lang='grc' dir='ltr'>ὑποθετικοῦ</span> <span class='ocrx_word' id='word_1_289' title='bbox 3005 2073 3362 2152; x_wconf 83' lang='grc' dir='ltr'>συλλογισμοῦ</span> <span class='ocrx_word' id='word_1_290' title='bbox 3429 2079 3567 2132; x_wconf 76' lang='grc' dir='ltr'>κατὰ</span> <span class='ocrx_word' id='word_1_291' title='bbox 3641 2081 3730 2134; x_wconf 79' lang='grc' dir='ltr'>τὸν</span> <span class='ocrx_word' id='word_1_292' title='bbox 3793 2078 3900 2134; x_wconf 72' lang='grc' dir='ltr'>δια-</span> 
     </span>
    </p>
   </div>
   <div class='ocr_carea' id='block_1_34' title="bbox 509 2159 2166 2247">
    <p class='ocr_par' dir='ltr' id='par_1_34' title="bbox 509 2161 2156 2247">
     <span class='ocr_line' id='line_1_34' title="bbox 509 2161 2156 2247; baseline -0.003 -16"><span class='ocrx_word' id='word_1_293' title='bbox 509 2166 932 2247; x_wconf 88' lang='lat' dir='ltr'><strong>conjunctione</strong></span> <span class='ocrx_word' id='word_1_294' title='bbox 952 2161 1394 2244; x_wconf 84' lang='lat' dir='ltr'><strong>disjunctiva.Si</strong></span> <span class='ocrx_word' id='word_1_295' title='bbox 1415 2164 1572 2225; x_wconf 89' lang='lat' dir='ltr'><strong>enim</strong></span> <span class='ocrx_word' id='word_1_296' title='bbox 1591 2164 1652 2224; x_wconf 92' lang='lat' dir='ltr'><strong>in</strong></span> <span class='ocrx_word' id='word_1_297' title='bbox 1673 2164 1851 2226; x_wconf 89' lang='lat' dir='ltr'><strong>rebus</strong></span> <span class='ocrx_word' id='word_1_298' title='bbox 1873 2163 2156 2226; x_wconf 85' lang='lat' dir='ltr'><strong>omnibus</strong></span> 
     </span>
    </p>
   </div>
   <div class='ocr_carea' id='block_1_35' title="bbox 2250 2159 3899 2247">
    <p class='ocr_par' dir='ltr' id='par_1_35' title="bbox 2250 2159 3899 2242">
     <span class='ocr_line' id='line_1_35' title="bbox 2250 2159 3899 2242; baseline 0.004 -26"><span class='ocrx_word' id='word_1_299' title='bbox 2250 2162 2504 2232; x_wconf 72' lang='grc' dir='ltr'>ζευκτικὸν</span> <span class='ocrx_word' id='word_1_300' title='bbox 2563 2159 2711 2216; x_wconf 81' lang='grc' dir='ltr'>σύνδε</span> <span class='ocrx_word' id='word_1_301' title='bbox 2733 2184 2893 2238; x_wconf 84' lang='grc' dir='ltr'>σμον.</span> <span class='ocrx_word' id='word_1_302' title='bbox 2954 2165 3012 2220; x_wconf 84' lang='grc' dir='ltr'><strong>Εἰ</strong></span> <span class='ocrx_word' id='word_1_303' title='bbox 3073 2166 3166 2242; x_wconf 83' lang='grc' dir='ltr'><strong>γὰρ</strong></span> <span class='ocrx_word' id='word_1_304' title='bbox 3221 2164 3272 2221; x_wconf 77' lang='grc' dir='ltr'>ἐν</span> <span class='ocrx_word' id='word_1_305' title='bbox 3324 2173 3453 2222; x_wconf 78' lang='grc' dir='ltr'>πᾶσι</span> <span class='ocrx_word' id='word_1_306' title='bbox 3511 2181 3632 2231; x_wconf 79' lang='grc' dir='ltr'>τοῖς</span> <span class='ocrx_word' id='word_1_307' title='bbox 3689 2169 3800 2224; x_wconf 72' lang='grc' dir='ltr'>οὖσι</span> <span class='ocrx_word' id='word_1_308' title='bbox 3846 2172 3899 2223; x_wconf 83' lang='grc' dir='ltr'>τὸ</span> 
     </span>
    </p>
   </div>
   <div class='ocr_carea' id='block_1_36' title="bbox 510 2251 2166 2330">
    <p class='ocr_par' dir='ltr' id='par_1_36' title="bbox 510 2252 2149 2328">
     <span class='ocr_line' id='line_1_36' title="bbox 510 2252 2149 2328; baseline -0.004 -8"><span class='ocrx_word' id='word_1_309' title='bbox 510 2257 589 2321; x_wconf 89' lang='lat' dir='ltr'><strong>sit</strong></span> <span class='ocrx_word' id='word_1_310' title='bbox 629 2254 1102 2328; x_wconf 89' lang='lat' dir='ltr'><strong>bonum,malum</strong></span> <span class='ocrx_word' id='word_1_311' title='bbox 1139 2253 1225 2315; x_wconf 87' lang='lat' dir='ltr'><strong>vel</strong></span> <span class='ocrx_word' id='word_1_312' title='bbox 1258 2253 1318 2315; x_wconf 91' lang='lat' dir='ltr'><strong>in</strong></span> <span class='ocrx_word' id='word_1_313' title='bbox 1346 2252 1526 2315; x_wconf 87' lang='lat' dir='ltr'><strong>rebus</strong></span> <span class='ocrx_word' id='word_1_314' title='bbox 1561 2273 1678 2315; x_wconf 91' lang='lat' dir='ltr'><strong>non</strong></span> <span class='ocrx_word' id='word_1_315' title='bbox 1710 2253 1944 2326; x_wconf 83' lang='lat' dir='ltr'><strong>erit,vel</strong></span> <span class='ocrx_word' id='word_1_316' title='bbox 1976 2253 2024 2313; x_wconf 91' lang='lat' dir='ltr'><strong>si</strong></span> <span class='ocrx_word' id='word_1_317' title='bbox 2052 2254 2149 2328; x_wconf 89' lang='lat' dir='ltr'><strong>sit,</strong></span> 
     </span>
    </p>
   </div>
   <div class='ocr_carea' id='block_1_37' title="bbox 2250 2251 3894 2330">
    <p class='ocr_par' dir='ltr' id='par_1_37' title="bbox 2250 2251 3894 2330">
     <span class='ocr_line' id='line_1_37' title="bbox 2250 2251 3894 2330; baseline 0.002 -24"><span class='ocrx_word' id='word_1_318' title='bbox 2250 2251 2453 2330; x_wconf 72' lang='grc' dir='ltr'>Ξιγαθὸν,</span> <span class='ocrx_word' id='word_1_319' title='bbox 2487 2253 2546 2308; x_wconf 80' lang='grc' dir='ltr'>τὸ</span> <span class='ocrx_word' id='word_1_320' title='bbox 2595 2254 2760 2308; x_wconf 78' lang='grc' dir='ltr'>κακὸν</span> <span class='ocrx_word' id='word_1_321' title='bbox 2794 2252 2829 2320; x_wconf 72' lang='grc' dir='ltr'><strong>ἢ</strong></span> <span class='ocrx_word' id='word_1_322' title='bbox 2864 2253 2918 2309; x_wconf 80' lang='grc' dir='ltr'>ἐν</span> <span class='ocrx_word' id='word_1_323' title='bbox 2979 2267 3096 2318; x_wconf 77' lang='grc' dir='ltr'>τοῖς</span> <span class='ocrx_word' id='word_1_324' title='bbox 3131 2254 3274 2310; x_wconf 74' lang='grc' dir='ltr'>οὖσιν</span> <span class='ocrx_word' id='word_1_325' title='bbox 3306 2258 3397 2312; x_wconf 65' lang='grc' dir='ltr'>οὐκ</span> <span class='ocrx_word' id='word_1_326' title='bbox 3461 2256 3634 2328; x_wconf 76' lang='grc' dir='ltr'>ἔσται,</span> <span class='ocrx_word' id='word_1_327' title='bbox 3675 2259 3709 2326; x_wconf 74' lang='grc' dir='ltr'>ἢ</span> <span class='ocrx_word' id='word_1_328' title='bbox 3741 2258 3797 2314; x_wconf 76' lang='grc' dir='ltr'><strong>ὅν</strong></span> <span class='ocrx_word' id='word_1_329' title='bbox 3849 2258 3894 2312; x_wconf 80' lang='grc' dir='ltr'>ἐν</span> 
     </span>
    </p>
   </div>
   <div class='ocr_carea' id='block_1_38' title="bbox 513 2342 2166 2426">
    <p class='ocr_par' dir='ltr' id='par_1_38' title="bbox 513 2342 2146 2425">
     <span class='ocr_line' id='line_1_38' title="bbox 513 2342 2146 2425; baseline -0.003 -16"><span class='ocrx_word' id='word_1_330' title='bbox 513 2366 552 2409; x_wconf 92' lang='lat' dir='ltr'><strong>n</strong></span> <span class='ocrx_word' id='word_1_331' title='bbox 585 2346 742 2408; x_wconf 92' lang='lat' dir='ltr'><strong>bono</strong></span> <span class='ocrx_word' id='word_1_332' title='bbox 775 2352 882 2425; x_wconf 85' lang='lat' dir='ltr'><strong>est;</strong></span> <span class='ocrx_word' id='word_1_333' title='bbox 919 2345 1022 2406; x_wconf 90' lang='lat' dir='ltr'><strong>sed</strong></span> <span class='ocrx_word' id='word_1_334' title='bbox 1049 2345 1163 2405; x_wconf 89' lang='lat' dir='ltr'><strong>hoc</strong></span> <span class='ocrx_word' id='word_1_335' title='bbox 1208 2342 1580 2425; x_wconf 86' lang='lat' dir='ltr'><strong>impossibile</strong></span> <span class='ocrx_word' id='word_1_336' title='bbox 1600 2353 1690 2406; x_wconf 89' lang='lat' dir='ltr'><strong>est</strong></span> <span class='ocrx_word' id='word_1_337' title='bbox 1713 2351 1864 2404; x_wconf 85' lang='lat' dir='ltr'><strong>utsit</strong></span> <span class='ocrx_word' id='word_1_338' title='bbox 1893 2344 1952 2404; x_wconf 90' lang='lat' dir='ltr'><strong>in</strong></span> <span class='ocrx_word' id='word_1_339' title='bbox 1967 2345 2146 2417; x_wconf 90' lang='lat' dir='ltr'><strong>bono;</strong></span> 
     </span>
    </p>
   </div>
   <div class='ocr_carea' id='block_1_39' title="bbox 2250 2342 3894 2426">
    <p class='ocr_par' dir='ltr' id='par_1_39' title="bbox 2250 2342 3894 2426">
     <span class='ocr_line' id='line_1_39' title="bbox 2250 2342 3894 2426; baseline 0.002 -28"><span class='ocrx_word' id='word_1_340' title='bbox 2250 2349 2313 2417; x_wconf 76' lang='grc' dir='ltr'>τῷ</span> <span class='ocrx_word' id='word_1_341' title='bbox 2357 2344 2535 2420; x_wconf 76' lang='grc' dir='ltr'>ἀγαθῷ</span> <span class='ocrx_word' id='word_1_342' title='bbox 2588 2342 2756 2398; x_wconf 80' lang='grc' dir='ltr'>ἐστιν·</span> <span class='ocrx_word' id='word_1_343' title='bbox 2806 2342 2940 2399; x_wconf 72' lang='grc' dir='ltr'>ἀλλὰ</span> <span class='ocrx_word' id='word_1_344' title='bbox 2972 2345 3079 2419; x_wconf 80' lang='grc' dir='ltr'><strong>μὴν</strong></span> <span class='ocrx_word' id='word_1_345' title='bbox 3138 2353 3293 2401; x_wconf 78' lang='grc' dir='ltr'>τοῦτο</span> <span class='ocrx_word' id='word_1_346' title='bbox 3323 2345 3603 2426; x_wconf 73' lang='grc' dir='ltr'>ἀδύνατον,</span> <span class='ocrx_word' id='word_1_347' title='bbox 3637 2349 3717 2405; x_wconf 78' lang='grc' dir='ltr'><strong>ὅτι</strong></span> <span class='ocrx_word' id='word_1_348' title='bbox 3762 2348 3894 2404; x_wconf 77' lang='grc' dir='ltr'>ἐστίν</span> 
     </span>
    </p>
   </div>
   <div class='ocr_carea' id='block_1_40' title="bbox 509 2432 2166 2516">
    <p class='ocr_par' dir='ltr' id='par_1_40' title="bbox 509 2433 2153 2516">
     <span class='ocr_line' id='line_1_40' title="bbox 509 2433 2153 2516; baseline -0.002 -18"><span class='ocrx_word' id='word_1_349' title='bbox 509 2455 648 2516; x_wconf 83' lang='lat' dir='ltr'><strong>ergo</strong></span> <span class='ocrx_word' id='word_1_350' title='bbox 692 2434 965 2512; x_wconf 85' lang='lat' dir='ltr'><strong>sequitur</strong></span> <span class='ocrx_word' id='word_1_351' title='bbox 994 2433 1138 2496; x_wconf 92' lang='lat' dir='ltr'><strong>illud</strong></span> <span class='ocrx_word' id='word_1_352' title='bbox 1176 2434 1359 2514; x_wconf 90' lang='lat' dir='ltr'><strong>prius,</strong></span> <span class='ocrx_word' id='word_1_353' title='bbox 1395 2434 1549 2515; x_wconf 89' lang='lat' dir='ltr'><strong>quod</strong></span> <span class='ocrx_word' id='word_1_354' title='bbox 1584 2452 1702 2496; x_wconf 93' lang='lat' dir='ltr'><strong>non</strong></span> <span class='ocrx_word' id='word_1_355' title='bbox 1734 2435 1812 2495; x_wconf 92' lang='lat' dir='ltr'><strong>sit</strong></span> <span class='ocrx_word' id='word_1_356' title='bbox 1841 2435 2060 2495; x_wconf 90' lang='lat' dir='ltr'><strong>malum</strong></span> <span class='ocrx_word' id='word_1_357' title='bbox 2093 2434 2153 2494; x_wconf 89' lang='lat' dir='ltr'><strong>in</strong></span> 
     </span>
    </p>
   </div>
   <div class='ocr_carea' id='block_1_41' title="bbox 2250 2432 3896 2516">
    <p class='ocr_par' dir='ltr' id='par_1_41' title="bbox 2250 2432 3896 2513">
     <span class='ocr_line' id='line_1_41' title="bbox 2250 2432 3896 2513; baseline 0.003 -24"><span class='ocrx_word' id='word_1_358' title='bbox 2250 2433 2294 2490; x_wconf 71' lang='lat' dir='ltr'><strong>iv</strong></span> <span class='ocrx_word' id='word_1_359' title='bbox 2347 2438 2424 2505; x_wconf 80' lang='grc' dir='ltr'><strong>τῷ</strong></span> <span class='ocrx_word' id='word_1_360' title='bbox 2456 2432 2659 2511; x_wconf 79' lang='grc' dir='ltr'>ἀγαθῷ·</span> <span class='ocrx_word' id='word_1_361' title='bbox 2695 2435 2755 2488; x_wconf 83' lang='grc' dir='ltr'>τὸ</span> <span class='ocrx_word' id='word_1_362' title='bbox 2817 2434 3068 2513; x_wconf 83' lang='grc' dir='ltr'>πρότερον</span> <span class='ocrx_word' id='word_1_363' title='bbox 3099 2435 3220 2513; x_wconf 73' lang='grc' dir='ltr'>ἄρα,</span> <span class='ocrx_word' id='word_1_364' title='bbox 3255 2436 3331 2491; x_wconf 80' lang='grc' dir='ltr'>ὄτι</span> <span class='ocrx_word' id='word_1_365' title='bbox 3367 2439 3459 2493; x_wconf 74' lang='grc' dir='ltr'>οὒκ</span> <span class='ocrx_word' id='word_1_366' title='bbox 3489 2437 3603 2496; x_wconf 74' lang='grc' dir='ltr'>ἔστι</span> <span class='ocrx_word' id='word_1_367' title='bbox 3661 2442 3718 2494; x_wconf 79' lang='grc' dir='ltr'>τὸ</span> <span class='ocrx_word' id='word_1_368' title='bbox 3748 2440 3896 2494; x_wconf 78' lang='grc' dir='ltr'>κακὸν</span> 
     </span>
    </p>
   </div>
   <div class='ocr_carea' id='block_1_42' title="bbox 506 2522 2166 2606">
    <p class='ocr_par' dir='ltr' id='par_1_42' title="bbox 506 2522 2157 2606">
     <span class='ocr_line' id='line_1_42' title="bbox 506 2522 2157 2606; baseline -0.004 -16"><span class='ocrx_word' id='word_1_369' title='bbox 506 2526 1096 2604; x_wconf 81' lang='lat' dir='ltr'><strong>rebus.Assumptum</strong></span> <span class='ocrx_word' id='word_1_370' title='bbox 1129 2522 1329 2604; x_wconf 88' lang='lat' dir='ltr'><strong>itaque</strong></span> <span class='ocrx_word' id='word_1_371' title='bbox 1386 2523 1698 2585; x_wconf 83' lang='lat' dir='ltr'><strong>conﬁrmat</strong></span> <span class='ocrx_word' id='word_1_372' title='bbox 1745 2524 1820 2585; x_wconf 92' lang='lat' dir='ltr'><strong>ab</strong></span> <span class='ocrx_word' id='word_1_373' title='bbox 1857 2524 2157 2606; x_wconf 82' lang='lat' dir='ltr'><strong>exemplo,</strong></span> 
     </span>
    </p>
   </div>
   <div class='ocr_carea' id='block_1_43' title="bbox 2250 2522 3894 2606">
    <p class='ocr_par' dir='ltr' id='par_1_43' title="bbox 2250 2523 3894 2600">
     <span class='ocr_line' id='line_1_43' title="bbox 2250 2523 3894 2600; baseline 0.001 -19"><span class='ocrx_word' id='word_1_374' title='bbox 2250 2525 2296 2581; x_wconf 72' lang='grc' dir='ltr'><strong>ἑν</strong></span> <span class='ocrx_word' id='word_1_375' title='bbox 2354 2534 2471 2586; x_wconf 76' lang='grc' dir='ltr'>τοῖς</span> <span class='ocrx_word' id='word_1_376' title='bbox 2528 2525 2638 2578; x_wconf 72' lang='grc' dir='ltr'>οὖσι</span> <span class='ocrx_word' id='word_1_377' title='bbox 2695 2523 2798 2591; x_wconf 77' lang='grc' dir='ltr'><strong>Τὴν</strong></span> <span class='ocrx_word' id='word_1_378' title='bbox 2836 2531 2959 2600; x_wconf 80' lang='grc' dir='ltr'>γοῦν</span> <span class='ocrx_word' id='word_1_379' title='bbox 3004 2523 3309 2600; x_wconf 70' lang='grc' dir='ltr'><strong>πρόσληψιν</strong></span> <span class='ocrx_word' id='word_1_380' title='bbox 3365 2527 3779 2599; x_wconf 72' lang='grc' dir='ltr'>κατασκευλάζει</span> <span class='ocrx_word' id='word_1_381' title='bbox 3840 2528 3894 2582; x_wconf 81' lang='grc' dir='ltr'>ἐκ</span> 
     </span>
    </p>
   </div>
   <div class='ocr_carea' id='block_1_44' title="bbox 509 2609 2166 2695">
    <p class='ocr_par' dir='ltr' id='par_1_44' title="bbox 509 2612 2132 2695">
     <span class='ocr_line' id='line_1_44' title="bbox 509 2612 2132 2695; baseline -0.002 -17"><span class='ocrx_word' id='word_1_382' title='bbox 509 2615 752 2678; x_wconf 89' lang='lat' dir='ltr'><strong>dicens:</strong></span> <span class='ocrx_word' id='word_1_383' title='bbox 786 2613 990 2695; x_wconf 87' lang='lat' dir='ltr'><strong>Neque</strong></span> <span class='ocrx_word' id='word_1_384' title='bbox 1021 2612 1180 2675; x_wconf 91' lang='lat' dir='ltr'><strong>enim</strong></span> <span class='ocrx_word' id='word_1_385' title='bbox 1201 2613 1260 2674; x_wconf 93' lang='lat' dir='ltr'><strong>in</strong></span> <span class='ocrx_word' id='word_1_386' title='bbox 1293 2612 1428 2692; x_wconf 84' lang='lat' dir='ltr'><strong>igne</strong></span> <span class='ocrx_word' id='word_1_387' title='bbox 1450 2613 1636 2692; x_wconf 79' lang='lat' dir='ltr'><strong>frigus</strong></span> <span class='ocrx_word' id='word_1_388' title='bbox 1667 2621 1778 2695; x_wconf 86' lang='lat' dir='ltr'><strong>est,</strong></span> <span class='ocrx_word' id='word_1_389' title='bbox 1815 2633 1924 2675; x_wconf 89' lang='lat' dir='ltr'><strong>nec</strong></span> <span class='ocrx_word' id='word_1_390' title='bbox 1949 2613 2132 2694; x_wconf 89' lang='lat' dir='ltr'><strong>depra</strong></span> 
     </span>
    </p>
   </div>
   <div class='ocr_carea' id='block_1_45' title="bbox 2250 2609 3899 2695">
    <p class='ocr_par' dir='ltr' id='par_1_45' title="bbox 2250 2609 3899 2695">
     <span class='ocr_line' id='line_1_45' title="bbox 2250 2609 3899 2695; baseline -0.001 -25"><span class='ocrx_word' id='word_1_391' title='bbox 2250 2609 2698 2690; x_wconf 69' lang='grc' dir='ltr'><strong>παραδείγματος,</strong></span> <span class='ocrx_word' id='word_1_392' title='bbox 2745 2611 2940 2691; x_wconf 79' lang='grc' dir='ltr'>λέγων·</span> <span class='ocrx_word' id='word_1_393' title='bbox 3002 2613 3142 2671; x_wconf 74' lang='lat' dir='ltr'><strong>&quot;Ott</strong></span> <span class='ocrx_word' id='word_1_394' title='bbox 3175 2617 3261 2672; x_wconf 85' lang='grc' dir='ltr'>καὶ</span> <span class='ocrx_word' id='word_1_395' title='bbox 3293 2618 3391 2695; x_wconf 82' lang='grc' dir='ltr'><strong>γὰρ</strong></span> <span class='ocrx_word' id='word_1_396' title='bbox 3450 2617 3569 2675; x_wconf 70' lang='grc' dir='ltr'><strong>0-5ὂέ</strong></span> <span class='ocrx_word' id='word_1_397' title='bbox 3602 2618 3654 2674; x_wconf 77' lang='grc' dir='ltr'>ἐν</span> <span class='ocrx_word' id='word_1_398' title='bbox 3687 2624 3762 2690; x_wconf 81' lang='grc' dir='ltr'>τῷ</span> <span class='ocrx_word' id='word_1_399' title='bbox 3788 2615 3899 2685; x_wconf 75' lang='grc' dir='ltr'>πυρὶ</span> 
     </span>
    </p>
   </div>
   <div class='ocr_carea' id='block_1_46' title="bbox 507 2700 2166 2786">
    <p class='ocr_par' dir='ltr' id='par_1_46' title="bbox 507 2700 2159 2786">
     <span class='ocr_line' id='line_1_46' title="bbox 507 2700 2159 2786; baseline -0.001 -18"><span class='ocrx_word' id='word_1_400' title='bbox 507 2708 660 2769; x_wconf 80' lang='lat' dir='ltr'><strong>vatio</strong></span> <span class='ocrx_word' id='word_1_401' title='bbox 683 2705 745 2767; x_wconf 90' lang='lat' dir='ltr'><strong>in</strong></span> <span class='ocrx_word' id='word_1_402' title='bbox 771 2724 842 2766; x_wconf 86' lang='lat' dir='ltr'><strong>eo</strong></span> <span class='ocrx_word' id='word_1_403' title='bbox 864 2700 1024 2786; x_wconf 89' lang='lat' dir='ltr'><strong>quod</strong></span> <span class='ocrx_word' id='word_1_404' title='bbox 1052 2703 1230 2764; x_wconf 91' lang='lat' dir='ltr'><strong>etiam</strong></span> <span class='ocrx_word' id='word_1_405' title='bbox 1257 2703 1480 2766; x_wconf 89' lang='lat' dir='ltr'><strong>malum</strong></span> <span class='ocrx_word' id='word_1_406' title='bbox 1510 2703 1730 2766; x_wconf 89' lang='lat' dir='ltr'><strong>bonum</strong></span> <span class='ocrx_word' id='word_1_407' title='bbox 1760 2704 2159 2777; x_wconf 88' lang='lat' dir='ltr'><strong>reddit.Quod</strong></span> 
     </span>
    </p>
   </div>
   <div class='ocr_carea' id='block_1_47' title="bbox 2250 2700 3900 2786">
    <p class='ocr_par' dir='ltr' id='par_1_47' title="bbox 2250 2701 3900 2781">
     <span class='ocr_line' id='line_1_47' title="bbox 2250 2701 3900 2781; baseline -0.001 -22"><span class='ocrx_word' id='word_1_408' title='bbox 2250 2704 2306 2759; x_wconf 78' lang='grc' dir='ltr'>τὸ</span> <span class='ocrx_word' id='word_1_409' title='bbox 2363 2703 2594 2781; x_wconf 81' lang='grc' dir='ltr'>ψυχρὸν,</span> <span class='ocrx_word' id='word_1_410' title='bbox 2630 2701 2749 2757; x_wconf 65' lang='grc' dir='ltr'>οῢσὲ</span> <span class='ocrx_word' id='word_1_411' title='bbox 2807 2704 2869 2759; x_wconf 78' lang='grc' dir='ltr'>τὸ</span> <span class='ocrx_word' id='word_1_412' title='bbox 2928 2705 3240 2761; x_wconf 72' lang='grc' dir='ltr'>κακύνεσθαι</span> <span class='ocrx_word' id='word_1_413' title='bbox 3297 2706 3350 2762; x_wconf 77' lang='grc' dir='ltr'>ἐν</span> <span class='ocrx_word' id='word_1_414' title='bbox 3385 2713 3461 2780; x_wconf 79' lang='grc' dir='ltr'>τῷ</span> <span class='ocrx_word' id='word_1_415' title='bbox 3518 2708 3613 2762; x_wconf 78' lang='grc' dir='ltr'>καί</span> <span class='ocrx_word' id='word_1_416' title='bbox 3643 2709 3703 2762; x_wconf 79' lang='grc' dir='ltr'>τὸ</span> <span class='ocrx_word' id='word_1_417' title='bbox 3753 2708 3900 2762; x_wconf 76' lang='grc' dir='ltr'>κακὸν</span> 
     </span>
    </p>
   </div>
   <div class='ocr_carea' id='block_1_48' title="bbox 508 2789 2166 2877">
    <p class='ocr_par' dir='ltr' id='par_1_48' title="bbox 508 2792 2163 2877">
     <span class='ocr_line' id='line_1_48' title="bbox 508 2792 2163 2877; baseline -0.002 -18"><span class='ocrx_word' id='word_1_418' title='bbox 508 2795 561 2860; x_wconf 86' lang='lat' dir='ltr'><strong>si</strong></span> <span class='ocrx_word' id='word_1_419' title='bbox 593 2795 731 2877; x_wconf 90' lang='lat' dir='ltr'><strong>erit,</strong></span> <span class='ocrx_word' id='word_1_420' title='bbox 762 2793 1061 2877; x_wconf 91' lang='lat' dir='ltr'><strong>quomodo</strong></span> <span class='ocrx_word' id='word_1_421' title='bbox 1094 2792 1209 2856; x_wconf 90' lang='lat' dir='ltr'><strong>erit</strong></span> <span class='ocrx_word' id='word_1_422' title='bbox 1241 2793 1298 2854; x_wconf 91' lang='lat' dir='ltr'><strong>in</strong></span> <span class='ocrx_word' id='word_1_423' title='bbox 1333 2793 1444 2854; x_wconf 91' lang='lat' dir='ltr'><strong>hoc</strong></span> <span class='ocrx_word' id='word_1_424' title='bbox 1488 2800 1516 2857; x_wconf 86' lang='lat'><strong>?</strong></span> <span class='ocrx_word' id='word_1_425' title='bbox 1559 2793 1610 2854; x_wconf 88' lang='lat' dir='ltr'><strong>si</strong></span> <span class='ocrx_word' id='word_1_426' title='bbox 1642 2792 1884 2874; x_wconf 89' lang='lat' dir='ltr'><strong>quidem</strong></span> <span class='ocrx_word' id='word_1_427' title='bbox 1931 2813 2002 2856; x_wconf 80' lang='lat' dir='ltr'><strong>ex</strong></span> <span class='ocrx_word' id='word_1_428' title='bbox 2033 2794 2163 2874; x_wconf 90' lang='lat' dir='ltr'><strong>ipso</strong></span> 
     </span>
    </p>
   </div>
   <div class='ocr_carea' id='block_1_49' title="bbox 2250 2789 3901 2877">
    <p class='ocr_par' dir='ltr' id='par_1_49' title="bbox 2250 2789 3901 2872">
     <span class='ocr_line' id='line_1_49' title="bbox 2250 2789 3901 2872; baseline 0.002 -25"><span class='ocrx_word' id='word_1_429' title='bbox 2250 2789 2579 2870; x_wconf 74' lang='grc' dir='ltr'>ἆγαθύνονει.</span> <span class='ocrx_word' id='word_1_430' title='bbox 2641 2793 2700 2849; x_wconf 73' lang='lat' dir='ltr'><strong>Ei</strong></span> <span class='ocrx_word' id='word_1_431' title='bbox 2759 2792 2859 2872; x_wconf 79' lang='grc' dir='ltr'><strong>γὰρ</strong></span> <span class='ocrx_word' id='word_1_432' title='bbox 2916 2792 3088 2868; x_wconf 73' lang='grc' dir='ltr'>ἔσται,</span> <span class='ocrx_word' id='word_1_433' title='bbox 3123 2800 3239 2859; x_wconf 84' lang='grc' dir='ltr'>πῶς</span> <span class='ocrx_word' id='word_1_434' title='bbox 3281 2795 3429 2851; x_wconf 76' lang='grc' dir='ltr'>ἔσται</span> <span class='ocrx_word' id='word_1_435' title='bbox 3484 2795 3541 2852; x_wconf 82' lang='grc' dir='ltr'>ἐν</span> <span class='ocrx_word' id='word_1_436' title='bbox 3598 2797 3809 2870; x_wconf 76' lang='grc' dir='ltr'>τούτῳ;</span> <span class='ocrx_word' id='word_1_437' title='bbox 3864 2793 3901 2850; x_wconf 75' lang='grc' dir='ltr'>εἰ</span> 
     </span>
    </p>
   </div>
   <div class='ocr_carea' id='block_1_50' title="bbox 505 2879 2166 2970">
    <p class='ocr_par' dir='ltr' id='par_1_50' title="bbox 505 2880 2163 2970">
     <span class='ocr_line' id='line_1_50' title="bbox 505 2880 2163 2970; baseline -0.002 -21"><span class='ocrx_word' id='word_1_438' title='bbox 505 2883 948 2970; x_wconf 85' lang='lat' dir='ltr'><strong>quodammodo</strong></span> <span class='ocrx_word' id='word_1_439' title='bbox 971 2880 1599 2957; x_wconf 81' lang='lat' dir='ltr'><strong>subsistat,absurdum</strong></span> <span class='ocrx_word' id='word_1_440' title='bbox 1622 2882 1683 2944; x_wconf 94' lang='lat' dir='ltr'><strong>id</strong></span> <span class='ocrx_word' id='word_1_441' title='bbox 1709 2893 1826 2965; x_wconf 86' lang='lat' dir='ltr'><strong>est,</strong></span> <span class='ocrx_word' id='word_1_442' title='bbox 1849 2901 1974 2946; x_wconf 82' lang='lat' dir='ltr'><strong>non</strong></span> <span class='ocrx_word' id='word_1_443' title='bbox 2003 2884 2163 2946; x_wconf 92' lang='lat' dir='ltr'><strong>enim</strong></span> 
     </span>
    </p>
   </div>
   <div class='ocr_carea' id='block_1_51' title="bbox 2250 2879 3902 2970">
    <p class='ocr_par' dir='ltr' id='par_1_51' title="bbox 2250 2879 3902 2964">
     <span class='ocr_line' id='line_1_51' title="bbox 2250 2879 3902 2964; baseline 0.002 -28"><span class='ocrx_word' id='word_1_444' title='bbox 2250 2880 2344 2956; x_wconf 75' lang='grc' dir='ltr'><strong>μὲν</strong></span> <span class='ocrx_word' id='word_1_445' title='bbox 2393 2882 2466 2943; x_wconf 85' lang='grc' dir='ltr'>ὡς</span> <span class='ocrx_word' id='word_1_446' title='bbox 2511 2879 2563 2946; x_wconf 73' lang='grc' dir='ltr'>ἐξ</span> <span class='ocrx_word' id='word_1_447' title='bbox 2615 2884 2772 2940; x_wconf 69' lang='grc' dir='ltr'>αὐτοῦ</span> <span class='ocrx_word' id='word_1_448' title='bbox 2827 2883 3062 2939; x_wconf 79' lang='grc' dir='ltr'><strong>ὑποστὰν</strong></span> <span class='ocrx_word' id='word_1_449' title='bbox 3133 2882 3355 2964; x_wconf 75' lang='grc' dir='ltr'>ἄτοπον,</span> <span class='ocrx_word' id='word_1_450' title='bbox 3420 2885 3479 2942; x_wconf 72' lang='grc' dir='ltr'>οὗ</span> <span class='ocrx_word' id='word_1_451' title='bbox 3543 2883 3754 2942; x_wconf 70' lang='grc' dir='ltr'>δοναται</span> <span class='ocrx_word' id='word_1_452' title='bbox 3813 2885 3902 2962; x_wconf 81' lang='grc' dir='ltr'><strong>γὰρ</strong></span> 
     </span>
    </p>
   </div>
   <div class='ocr_carea' id='block_1_52' title="bbox 501 2967 2166 3059">
    <p class='ocr_par' dir='ltr' id='par_1_52' title="bbox 501 2967 2158 3059">
     <span class='ocr_line' id='line_1_52' title="bbox 501 2967 2158 3059; baseline -0.001 -21"><span class='ocrx_word' id='word_1_453' title='bbox 501 2967 694 3059; x_wconf 59' lang='lat' dir='ltr'><strong>potest</strong></span> <span class='ocrx_word' id='word_1_454' title='bbox 714 2972 909 3037; x_wconf 73' lang='lat' dir='ltr'><strong>arbor</strong></span> <span class='ocrx_word' id='word_1_455' title='bbox 931 2973 1088 3035; x_wconf 81' lang='lat' dir='ltr'><strong>bona</strong></span> <span class='ocrx_word' id='word_1_456' title='bbox 1112 2971 1300 3059; x_wconf 80' lang='lat' dir='ltr'><strong>malos</strong></span> <span class='ocrx_word' id='word_1_457' title='bbox 1312 2971 1554 3051; x_wconf 78' lang='lat' dir='ltr'><strong>fructus</strong></span> <span class='ocrx_word' id='word_1_458' title='bbox 1566 2971 2158 3051; x_wconf 48' lang='lat' dir='ltr'><strong>facereﬁsecundum</strong></span> 
     </span>
    </p>
   </div>
   <div class='ocr_carea' id='block_1_53' title="bbox 2250 2967 3903 3059">
    <p class='ocr_par' dir='ltr' id='par_1_53' title="bbox 2250 2967 3903 3052">
     <span class='ocr_line' id='line_1_53' title="bbox 2250 2967 3903 3052; baseline 0.001 -26"><span class='ocrx_word' id='word_1_459' title='bbox 2250 2970 2449 3049; x_wconf 79' lang='grc' dir='ltr'>ἀγαθὸν</span> <span class='ocrx_word' id='word_1_460' title='bbox 2503 2967 2710 3048; x_wconf 80' lang='grc' dir='ltr'>δένδρον</span> <span class='ocrx_word' id='word_1_461' title='bbox 2768 2972 3002 3050; x_wconf 76' lang='grc' dir='ltr'>καρποὺς</span> <span class='ocrx_word' id='word_1_462' title='bbox 3076 2974 3340 3052; x_wconf 80' lang='grc' dir='ltr'>πονηροὺς</span> <span class='ocrx_word' id='word_1_463' title='bbox 3398 2988 3602 3050; x_wconf 66' lang='grc' dir='ltr'>ποιεῖν,</span> <span class='ocrx_word' id='word_1_464' title='bbox 3664 2974 3798 3032; x_wconf 78' lang='grc' dir='ltr'>κατὰ</span> <span class='ocrx_word' id='word_1_465' title='bbox 3847 2976 3903 3029; x_wconf 83' lang='grc' dir='ltr'><strong>τὰ</strong></span> 
     </span>
    </p>
   </div>
   <div class='ocr_carea' id='block_1_54' title="bbox 511 3058 2166 3145">
    <p class='ocr_par' dir='ltr' id='par_1_54' title="bbox 511 3058 2158 3142">
     <span class='ocr_line' id='line_1_54' title="bbox 511 3058 2158 3142; baseline -0.003 -12"><span class='ocrx_word' id='word_1_466' title='bbox 511 3058 718 3130; x_wconf 81' lang='lat' dir='ltr'><strong>sancta</strong></span> <span class='ocrx_word' id='word_1_467' title='bbox 746 3058 1304 3142; x_wconf 82' lang='lat' dir='ltr'><strong>Evangelia.Neque</strong></span> <span class='ocrx_word' id='word_1_468' title='bbox 1320 3061 1498 3124; x_wconf 85' lang='lat' dir='ltr'><strong>etiam</strong></span> <span class='ocrx_word' id='word_1_469' title='bbox 1529 3079 1564 3124; x_wconf 91' lang='lat' dir='ltr'><strong>e</strong></span> <span class='ocrx_word' id='word_1_470' title='bbox 1591 3069 1800 3124; x_wconf 84' lang='lat' dir='ltr'><strong>contra</strong></span> <span class='ocrx_word' id='word_1_471' title='bbox 1830 3061 2052 3125; x_wconf 90' lang='lat' dir='ltr'><strong>bonum</strong></span> <span class='ocrx_word' id='word_1_472' title='bbox 2088 3081 2158 3126; x_wconf 79' lang='lat' dir='ltr'><strong>ex</strong></span> 
     </span>
    </p>
   </div>
   <div class='ocr_carea' id='block_1_55' title="bbox 2250 3058 3893 3145">
    <p class='ocr_par' dir='ltr' id='par_1_55' title="bbox 2250 3059 3893 3145">
     <span class='ocr_line' id='line_1_55' title="bbox 2250 3059 3893 3145; baseline 0.003 -30"><span class='ocrx_word' id='word_1_473' title='bbox 2250 3060 2354 3135; x_wconf 78' lang='grc' dir='ltr'>ἱερὰ</span> <span class='ocrx_word' id='word_1_474' title='bbox 2386 3059 2724 3138; x_wconf 60' lang='grc' dir='ltr'>ξΕὖαγγέλια.</span> <span class='ocrx_word' id='word_1_475' title='bbox 2757 3060 2887 3120; x_wconf 75' lang='grc' dir='ltr'>Οὐδὲ</span> <span class='ocrx_word' id='word_1_476' title='bbox 2933 3061 3036 3138; x_wconf 59' lang='grc' dir='ltr'><strong>μὲν</strong></span> <span class='ocrx_word' id='word_1_477' title='bbox 3066 3064 3127 3120; x_wconf 79' lang='grc' dir='ltr'>τὸ</span> <span class='ocrx_word' id='word_1_478' title='bbox 3169 3062 3455 3145; x_wconf 69' lang='grc' dir='ltr'>ἀνάπαλιν,</span> <span class='ocrx_word' id='word_1_479' title='bbox 3488 3065 3572 3121; x_wconf 81' lang='grc' dir='ltr'>ὃτι</span> <span class='ocrx_word' id='word_1_480' title='bbox 3606 3066 3666 3121; x_wconf 77' lang='grc' dir='ltr'>τὸ</span> <span class='ocrx_word' id='word_1_481' title='bbox 3709 3063 3893 3142; x_wconf 75' lang='grc' dir='ltr'>ἀγαθὸν</span> 
     </span>
    </p>
   </div>
   <div class='ocr_carea' id='block_1_56' title="bbox 514 3147 2166 3234">
    <p class='ocr_par' dir='ltr' id='par_1_56' title="bbox 514 3149 2155 3234">
     <span class='ocr_line' id='line_1_56' title="bbox 514 3149 2155 3234; baseline -0.002 -15"><span class='ocrx_word' id='word_1_482' title='bbox 514 3155 672 3219; x_wconf 89' lang='lat' dir='ltr'><strong>malo</strong></span> <span class='ocrx_word' id='word_1_483' title='bbox 703 3151 1104 3234; x_wconf 89' lang='lat' dir='ltr'><strong>est,quoniam</strong></span> <span class='ocrx_word' id='word_1_484' title='bbox 1135 3149 1195 3213; x_wconf 92' lang='lat' dir='ltr'><strong>id</strong></span> <span class='ocrx_word' id='word_1_485' title='bbox 1225 3149 1521 3214; x_wconf 87' lang='lat' dir='ltr'><strong>absonum</strong></span> <span class='ocrx_word' id='word_1_486' title='bbox 1549 3159 1609 3214; x_wconf 92' lang='lat' dir='ltr'><strong>et</strong></span> <span class='ocrx_word' id='word_1_487' title='bbox 1638 3151 2013 3234; x_wconf 91' lang='lat' dir='ltr'><strong>impossibile</strong></span> <span class='ocrx_word' id='word_1_488' title='bbox 2043 3161 2155 3216; x_wconf 87' lang='lat' dir='ltr'><strong>est.</strong></span> 
     </span>
    </p>
   </div>
   <div class='ocr_carea' id='block_1_57' title="bbox 2250 3147 3899 3234">
    <p class='ocr_par' dir='ltr' id='par_1_57' title="bbox 2250 3147 3899 3230">
     <span class='ocr_line' id='line_1_57' title="bbox 2250 3147 3899 3230; baseline 0.002 -24"><span class='ocrx_word' id='word_1_489' title='bbox 2250 3149 2303 3206; x_wconf 75' lang='lat' dir='ltr'><strong>ix</strong></span> <span class='ocrx_word' id='word_1_490' title='bbox 2357 3155 2451 3207; x_wconf 80' lang='grc' dir='ltr'><strong>τοῦ</strong></span> <span class='ocrx_word' id='word_1_491' title='bbox 2492 3149 2679 3207; x_wconf 79' lang='grc' dir='ltr'><strong>χακοῦ³</strong></span> <span class='ocrx_word' id='word_1_492' title='bbox 2725 3157 2880 3208; x_wconf 82' lang='grc' dir='ltr'>τοῦτο</span> <span class='ocrx_word' id='word_1_493' title='bbox 2938 3152 3039 3230; x_wconf 77' lang='grc' dir='ltr'><strong>γὰρ</strong></span> <span class='ocrx_word' id='word_1_494' title='bbox 3100 3150 3300 3211; x_wconf 70' lang='grc' dir='ltr'>ἄτοπον</span> <span class='ocrx_word' id='word_1_495' title='bbox 3345 3154 3438 3211; x_wconf 64' lang='lat' dir='ltr'><strong>aui</strong></span> <span class='ocrx_word' id='word_1_496' title='bbox 3505 3152 3784 3212; x_wconf 79' lang='grc' dir='ltr'>ἀδύνατον.</span> <span class='ocrx_word' id='word_1_497' title='bbox 3849 3147 3899 3209; x_wconf 79' lang='grc' dir='ltr'><strong>ΕῙ</strong></span> 
     </span>
    </p>
   </div>
   <div class='ocr_carea' id='block_1_58' title="bbox 507 3236 2166 3324">
    <p class='ocr_par' dir='ltr' id='par_1_58' title="bbox 507 3240 2160 3324">
     <span class='ocr_line' id='line_1_58' title="bbox 507 3240 2160 3324; baseline -0.004 -14"><span class='ocrx_word' id='word_1_498' title='bbox 507 3245 612 3311; x_wconf 88' lang='lat' dir='ltr'><strong>Sin</strong></span> <span class='ocrx_word' id='word_1_499' title='bbox 643 3251 838 3307; x_wconf 87' lang='lat' dir='ltr'><strong>autem</strong></span> <span class='ocrx_word' id='word_1_500' title='bbox 871 3261 988 3304; x_wconf 93' lang='lat' dir='ltr'><strong>non</strong></span> <span class='ocrx_word' id='word_1_501' title='bbox 1018 3260 1089 3305; x_wconf 83' lang='lat' dir='ltr'><strong>ex</strong></span> <span class='ocrx_word' id='word_1_502' title='bbox 1118 3241 1348 3323; x_wconf 86' lang='lat' dir='ltr'><strong>ipso,ex</strong></span> <span class='ocrx_word' id='word_1_503' title='bbox 1380 3241 1493 3304; x_wconf 88' lang='lat' dir='ltr'><strong>alia</strong></span> <span class='ocrx_word' id='word_1_504' title='bbox 1520 3240 1784 3324; x_wconf 89' lang='lat' dir='ltr'><strong>profecto</strong></span> <span class='ocrx_word' id='word_1_505' title='bbox 1819 3260 1994 3304; x_wconf 87' lang='lat' dir='ltr'><strong>causa</strong></span> <span class='ocrx_word' id='word_1_506' title='bbox 2025 3242 2160 3305; x_wconf 83' lang='lat' dir='ltr'><strong>sub-</strong></span> 
     </span>
    </p>
   </div>
   <div class='ocr_carea' id='block_1_59' title="bbox 2250 3236 3888 3324">
    <p class='ocr_par' dir='ltr' id='par_1_59' title="bbox 2250 3236 3888 3324">
     <span class='ocr_line' id='line_1_59' title="bbox 2250 3236 3888 3324; baseline 0.001 -29"><span class='ocrx_word' id='word_1_507' title='bbox 2250 3236 2298 3295; x_wconf 76' lang='grc' dir='ltr'><strong>Βὲ</strong></span> <span class='ocrx_word' id='word_1_508' title='bbox 2350 3241 2446 3298; x_wconf 76' lang='grc' dir='ltr'><strong>οὐκ</strong></span> <span class='ocrx_word' id='word_1_509' title='bbox 2497 3238 2550 3305; x_wconf 69' lang='grc' dir='ltr'><strong>ἒξ</strong></span> <span class='ocrx_word' id='word_1_510' title='bbox 2605 3240 2786 3318; x_wconf 70' lang='grc' dir='ltr'>αὺτοῦ,</span> <span class='ocrx_word' id='word_1_511' title='bbox 2816 3239 2868 3307; x_wconf 75' lang='grc' dir='ltr'>ἐξ</span> <span class='ocrx_word' id='word_1_512' title='bbox 2924 3239 3094 3310; x_wconf 72' lang='grc' dir='ltr'>ἄλλης</span> <span class='ocrx_word' id='word_1_513' title='bbox 3125 3241 3370 3310; x_wconf 83' lang='grc' dir='ltr'>δηλονότι</span> <span class='ocrx_word' id='word_1_514' title='bbox 3403 3243 3573 3309; x_wconf 74' lang='grc' dir='ltr'>αἰτίας</span> <span class='ocrx_word' id='word_1_515' title='bbox 3607 3244 3888 3324; x_wconf 68' lang='grc' dir='ltr'>Βφίσταται,</span> 
     </span>
    </p>
   </div>
   <div class='ocr_carea' id='block_1_60' title="bbox 513 3325 2166 3417">
    <p class='ocr_par' dir='ltr' id='par_1_60' title="bbox 513 3331 2155 3417">
     <span class='ocr_line' id='line_1_60' title="bbox 513 3331 2155 3417; baseline -0.003 -19"><span class='ocrx_word' id='word_1_516' title='bbox 513 3337 769 3417; x_wconf 88' lang='lat' dir='ltr'><strong>sistet,et</strong></span> <span class='ocrx_word' id='word_1_517' title='bbox 799 3351 942 3396; x_wconf 86' lang='lat' dir='ltr'><strong>ecce</strong></span> <span class='ocrx_word' id='word_1_518' title='bbox 958 3332 1078 3394; x_wconf 90' lang='lat' dir='ltr'><strong>duo</strong></span> <span class='ocrx_word' id='word_1_519' title='bbox 1109 3331 1404 3414; x_wconf 88' lang='lat' dir='ltr'><strong>principia</strong></span> <span class='ocrx_word' id='word_1_520' title='bbox 1438 3340 1497 3393; x_wconf 93' lang='lat' dir='ltr'><strong>et</strong></span> <span class='ocrx_word' id='word_1_521' title='bbox 1524 3333 1924 3396; x_wconf 56' lang='lat' dir='ltr'><strong>causaNulla</strong></span> <span class='ocrx_word' id='word_1_522' title='bbox 1955 3343 2155 3396; x_wconf 88' lang='lat' dir='ltr'><strong>autem</strong></span> 
     </span>
    </p>
   </div>
   <div class='ocr_carea' id='block_1_61' title="bbox 2250 3325 3896 3417">
    <p class='ocr_par' dir='ltr' id='par_1_61' title="bbox 2250 3325 3896 3417">
     <span class='ocr_line' id='line_1_61' title="bbox 2250 3325 3896 3417; baseline 0.002 -33"><span class='ocrx_word' id='word_1_523' title='bbox 2250 3325 2337 3417; x_wconf 68' lang='grc' dir='ltr'><strong>ιιαῖ</strong></span> <span class='ocrx_word' id='word_1_524' title='bbox 2367 3325 2477 3386; x_wconf 79' lang='grc' dir='ltr'>ἰδοὺ</span> <span class='ocrx_word' id='word_1_525' title='bbox 2508 3327 2595 3386; x_wconf 81' lang='grc' dir='ltr'><strong>δύο</strong></span> <span class='ocrx_word' id='word_1_526' title='bbox 2642 3329 2807 3411; x_wconf 79' lang='grc' dir='ltr'>ἀρχαὶ</span> <span class='ocrx_word' id='word_1_527' title='bbox 2838 3331 2926 3387; x_wconf 79' lang='grc' dir='ltr'><strong>καὶ</strong></span> <span class='ocrx_word' id='word_1_528' title='bbox 2960 3331 3142 3393; x_wconf 68' lang='grc' dir='ltr'>αἰτίαι.</span> <span class='ocrx_word' id='word_1_529' title='bbox 3189 3336 3340 3390; x_wconf 78' lang='grc' dir='ltr'>Πᾶσα</span> <span class='ocrx_word' id='word_1_530' title='bbox 3382 3331 3438 3390; x_wconf 79' lang='grc' dir='ltr'>δὲ</span> <span class='ocrx_word' id='word_1_531' title='bbox 3477 3331 3604 3400; x_wconf 80' lang='grc' dir='ltr'>δυὰς</span> <span class='ocrx_word' id='word_1_532' title='bbox 3647 3337 3740 3393; x_wconf 74' lang='grc' dir='ltr'><strong>οὐκ</strong></span> <span class='ocrx_word' id='word_1_533' title='bbox 3768 3330 3896 3388; x_wconf 76' lang='grc' dir='ltr'>ἔστιν</span> 
     </span>
    </p>
   </div>
   <div class='ocr_carea' id='block_1_62' title="bbox 511 3416 2166 3506">
    <p class='ocr_par' dir='ltr' id='par_1_62' title="bbox 511 3416 2156 3506">
     <span class='ocr_line' id='line_1_62' title="bbox 511 3416 2156 3506; baseline -0.002 -18"><span class='ocrx_word' id='word_1_534' title='bbox 511 3416 765 3488; x_wconf 80' lang='lat' dir='ltr'><strong>dualitas</strong></span> <span class='ocrx_word' id='word_1_535' title='bbox 779 3421 1120 3506; x_wconf 86' lang='lat' dir='ltr'><strong>principiat,</strong></span> <span class='ocrx_word' id='word_1_536' title='bbox 1151 3421 1258 3484; x_wconf 89' lang='lat' dir='ltr'><strong>sed</strong></span> <span class='ocrx_word' id='word_1_537' title='bbox 1293 3421 1488 3484; x_wconf 87' lang='lat' dir='ltr'><strong>unitas</strong></span> <span class='ocrx_word' id='word_1_538' title='bbox 1519 3440 1756 3502; x_wconf 92' lang='lat' dir='ltr'><strong>quoque</strong></span> <span class='ocrx_word' id='word_1_539' title='bbox 1783 3423 1900 3484; x_wconf 89' lang='lat' dir='ltr'><strong>erit</strong></span> <span class='ocrx_word' id='word_1_540' title='bbox 1931 3421 2156 3503; x_wconf 90' lang='lat' dir='ltr'><strong>princi-</strong></span> 
     </span>
    </p>
   </div>
   <div class='ocr_carea' id='block_1_63' title="bbox 2250 3416 3898 3506">
    <p class='ocr_par' dir='ltr' id='par_1_63' title="bbox 2250 3416 3898 3506">
     <span class='ocr_line' id='line_1_63' title="bbox 2250 3416 3898 3506; baseline -0.001 -30"><span class='ocrx_word' id='word_1_541' title='bbox 2250 3416 2414 3506; x_wconf 63' lang='grc' dir='ltr'>ᾇρχή·</span> <span class='ocrx_word' id='word_1_542' title='bbox 2463 3421 2496 3487; x_wconf 80' lang='grc' dir='ltr'>ἡ</span> <span class='ocrx_word' id='word_1_543' title='bbox 2523 3420 2693 3493; x_wconf 80' lang='grc' dir='ltr'>μονὰς</span> <span class='ocrx_word' id='word_1_544' title='bbox 2725 3421 2826 3500; x_wconf 82' lang='grc' dir='ltr'><strong>γὰρ</strong></span> <span class='ocrx_word' id='word_1_545' title='bbox 2858 3419 3008 3477; x_wconf 71' lang='grc' dir='ltr'>ἔσται</span> <span class='ocrx_word' id='word_1_546' title='bbox 3037 3421 3134 3478; x_wconf 70' lang='grc' dir='ltr'><strong>καὶ</strong></span> <span class='ocrx_word' id='word_1_547' title='bbox 3176 3424 3274 3490; x_wconf 76' lang='grc' dir='ltr'>τῆς</span> <span class='ocrx_word' id='word_1_548' title='bbox 3305 3420 3487 3488; x_wconf 83' lang='grc' dir='ltr'>δυάδος</span> <span class='ocrx_word' id='word_1_549' title='bbox 3532 3423 3704 3504; x_wconf 69' lang='grc' dir='ltr'>ἀρχή.</span> <span class='ocrx_word' id='word_1_550' title='bbox 3739 3419 3898 3480; x_wconf 73' lang='grc' dir='ltr'>Ταῦτα</span> 
     </span>
    </p>
   </div>
   <div class='ocr_carea' id='block_1_64' title="bbox 517 3504 2166 3596">
    <p class='ocr_par' dir='ltr' id='par_1_64' title="bbox 517 3504 2163 3596">
     <span class='ocr_line' id='line_1_64' title="bbox 517 3504 2163 3596; baseline -0.001 -20"><span class='ocrx_word' id='word_1_551' title='bbox 517 3514 681 3596; x_wconf 88' lang='lat' dir='ltr'><strong>pium</strong></span> <span class='ocrx_word' id='word_1_552' title='bbox 715 3504 1182 3576; x_wconf 68' lang='lat' dir='ltr'><strong>dualitatis.Haec</strong></span> <span class='ocrx_word' id='word_1_553' title='bbox 1211 3519 1410 3574; x_wconf 88' lang='lat' dir='ltr'><strong>autem</strong></span> <span class='ocrx_word' id='word_1_554' title='bbox 1427 3509 1927 3574; x_wconf 84' lang='lat' dir='ltr'><strong>omniadicnntur</strong></span> <span class='ocrx_word' id='word_1_555' title='bbox 1955 3519 2163 3574; x_wconf 85' lang='lat' dir='ltr'><strong>contra</strong></span> 
     </span>
    </p>
   </div>
   <div class='ocr_carea' id='block_1_65' title="bbox 2250 3504 3892 3596">
    <p class='ocr_par' dir='ltr' id='par_1_65' title="bbox 2250 3504 3892 3593">
     <span class='ocr_line' id='line_1_65' title="bbox 2250 3504 3892 3593; baseline 0.002 -31"><span class='ocrx_word' id='word_1_556' title='bbox 2250 3504 2299 3562; x_wconf 73' lang='grc' dir='ltr'><strong>δὲ</strong></span> <span class='ocrx_word' id='word_1_557' title='bbox 2328 3507 2499 3564; x_wconf 74' lang='grc' dir='ltr'>πάΛτα</span> <span class='ocrx_word' id='word_1_558' title='bbox 2562 3509 2700 3567; x_wconf 80' lang='grc' dir='ltr'>κατά</span> <span class='ocrx_word' id='word_1_559' title='bbox 2731 3510 3049 3591; x_wconf 80' lang='grc' dir='ltr'>Μανιχαίων</span> <span class='ocrx_word' id='word_1_560' title='bbox 3102 3510 3370 3593; x_wconf 79' lang='grc' dir='ltr'>λέγονται,</span> <span class='ocrx_word' id='word_1_561' title='bbox 3406 3511 3526 3569; x_wconf 72' lang='grc' dir='ltr'>ἐπεὶ</span> <span class='ocrx_word' id='word_1_562' title='bbox 3571 3515 3606 3582; x_wconf 76' lang='grc' dir='ltr'><strong>ἡ</strong></span> <span class='ocrx_word' id='word_1_563' title='bbox 3638 3511 3758 3574; x_wconf 81' lang='grc' dir='ltr'>δυάς</span> <span class='ocrx_word' id='word_1_564' title='bbox 3810 3512 3892 3566; x_wconf 65' lang='grc' dir='ltr'><strong>οὖν</strong></span> 
     </span>
    </p>
   </div>
   <div class='ocr_carea' id='block_1_66' title="bbox 507 3593 2166 3684">
    <p class='ocr_par' dir='ltr' id='par_1_66' title="bbox 507 3593 2161 3683">
     <span class='ocr_line' id='line_1_66' title="bbox 507 3593 2161 3683; baseline -0.003 -15"><span class='ocrx_word' id='word_1_565' title='bbox 507 3593 896 3676; x_wconf 65' lang='grc' dir='ltr'>Μειιίοὶιωοε,</span> <span class='ocrx_word' id='word_1_566' title='bbox 930 3601 1070 3683; x_wconf 86' lang='lat' dir='ltr'><strong>quia</strong></span> <span class='ocrx_word' id='word_1_567' title='bbox 1123 3599 1380 3663; x_wconf 88' lang='lat' dir='ltr'><strong>dualitas</strong></span> <span class='ocrx_word' id='word_1_568' title='bbox 1423 3619 1543 3662; x_wconf 92' lang='lat' dir='ltr'><strong>non</strong></span> <span class='ocrx_word' id='word_1_569' title='bbox 1587 3600 1928 3682; x_wconf 89' lang='lat' dir='ltr'><strong>principiat,</strong></span> <span class='ocrx_word' id='word_1_570' title='bbox 1964 3603 2161 3664; x_wconf 85' lang='lat' dir='ltr'><strong>unitas</strong></span> 
     </span>
    </p>
   </div>
   <div class='ocr_carea' id='block_1_67' title="bbox 2250 3593 3893 3684">
    <p class='ocr_par' dir='ltr' id='par_1_67' title="bbox 2250 3593 3893 3684">
     <span class='ocr_line' id='line_1_67' title="bbox 2250 3593 3893 3684; baseline -0.012 -7"><span class='ocrx_word' id='word_1_571' title='bbox 2250 3596 2416 3677; x_wconf 59' lang='grc' dir='ltr'><strong>ἆρχῆο</strong></span> <span class='ocrx_word' id='word_1_572' title='bbox 2451 3599 2617 3673; x_wconf 64' lang='grc' dir='ltr'>μονάς</span> <span class='ocrx_word' id='word_1_573' title='bbox 2671 3598 2725 3656; x_wconf 71' lang='grc' dir='ltr'>δὲ</span> <span class='ocrx_word' id='word_1_574' title='bbox 2755 3599 2934 3669; x_wconf 69' lang='grc' dir='ltr'>πάσης</span> <span class='ocrx_word' id='word_1_575' title='bbox 2966 3597 3150 3668; x_wconf 67' lang='grc' dir='ltr'><strong>δυάδθς</strong></span> <span class='ocrx_word' id='word_1_576' title='bbox 3177 3603 3348 3684; x_wconf 74' lang='grc' dir='ltr'>ἀρχή.</span> <span class='ocrx_word' id='word_1_577' title='bbox 3408 3603 3578 3661; x_wconf 66' lang='grc' dir='ltr'>Πάλιν</span> <span class='ocrx_word' id='word_1_578' title='bbox 3607 3603 3799 3660; x_wconf 81' lang='grc' dir='ltr'>ἄτοπον</span> <span class='ocrx_word' id='word_1_579' title='bbox 3848 3593 3893 3658; x_wconf 75' lang='grc' dir='ltr'><strong>ἐξ</strong></span> 
     </span>
    </p>
   </div>
   <div class='ocr_carea' id='block_1_68' title="bbox 508 3689 2163 3772">
    <p class='ocr_par' dir='ltr' id='par_1_68' title="bbox 508 3689 2163 3772">
     <span class='ocr_line' id='line_1_68' title="bbox 508 3689 2163 3772; baseline -0.003 -15"><span class='ocrx_word' id='word_1_580' title='bbox 508 3702 708 3757; x_wconf 86' lang='lat' dir='ltr'><strong>autem</strong></span> <span class='ocrx_word' id='word_1_581' title='bbox 732 3691 927 3754; x_wconf 91' lang='lat' dir='ltr'><strong>omnis</strong></span> <span class='ocrx_word' id='word_1_582' title='bbox 956 3689 1256 3753; x_wconf 83' lang='lat' dir='ltr'><strong>dualitatis</strong></span> <span class='ocrx_word' id='word_1_583' title='bbox 1284 3690 1649 3772; x_wconf 86' lang='lat' dir='ltr'><strong>principium</strong></span> <span class='ocrx_word' id='word_1_584' title='bbox 1674 3692 2163 3755; x_wconf 83' lang='lat' dir='ltr'><strong>exsistit.Rursus</strong></span> 
     </span>
    </p>
   </div>
   <div class='ocr_carea' id='block_1_69' title="bbox 508 3779 2162 3863">
    <p class='ocr_par' dir='ltr' id='par_1_69' title="bbox 508 3779 2162 3863">
     <span class='ocr_line' id='line_1_69' title="bbox 508 3779 2162 3863; baseline -0.004 -16"><span class='ocrx_word' id='word_1_585' title='bbox 508 3782 861 3863; x_wconf 88' lang='lat' dir='ltr'><strong>absurdum,</strong></span> <span class='ocrx_word' id='word_1_586' title='bbox 894 3798 965 3844; x_wconf 83' lang='lat' dir='ltr'><strong>ex</strong></span> <span class='ocrx_word' id='word_1_587' title='bbox 996 3798 1116 3843; x_wconf 92' lang='lat' dir='ltr'><strong>uno</strong></span> <span class='ocrx_word' id='word_1_588' title='bbox 1143 3789 1202 3842; x_wconf 90' lang='lat' dir='ltr'><strong>et</strong></span> <span class='ocrx_word' id='word_1_589' title='bbox 1232 3779 1446 3844; x_wconf 88' lang='lat' dir='ltr'><strong>eodem</strong></span> <span class='ocrx_word' id='word_1_590' title='bbox 1471 3780 1587 3841; x_wconf 90' lang='lat' dir='ltr'><strong>duo</strong></span> <span class='ocrx_word' id='word_1_591' title='bbox 1612 3780 2162 3850; x_wconf 81' lang='lat' dir='ltr'><strong>contraria,bonum</strong></span> 
     </span>
    </p>
   </div>
   <div class='ocr_carea' id='block_1_70' title="bbox 485 3869 2160 3952">
    <p class='ocr_par' dir='ltr' id='par_1_70' title="bbox 485 3869 2160 3952">
     <span class='ocr_line' id='line_1_70' title="bbox 485 3869 2160 3952; baseline -0.004 -15"><span class='ocrx_word' id='word_1_592' title='bbox 485 3883 567 3939; x_wconf 80' lang='lat' dir='ltr'><strong>et</strong></span> <span class='ocrx_word' id='word_1_593' title='bbox 595 3869 1177 3952; x_wconf 83' lang='lat' dir='ltr'><strong>malum,proﬁcisci,</strong></span> <span class='ocrx_word' id='word_1_594' title='bbox 1209 3879 1269 3933; x_wconf 91' lang='lat' dir='ltr'><strong>et</strong></span> <span class='ocrx_word' id='word_1_595' title='bbox 1299 3869 1662 3951; x_wconf 88' lang='lat' dir='ltr'><strong>principium</strong></span> <span class='ocrx_word' id='word_1_596' title='bbox 1695 3889 1812 3932; x_wconf 91' lang='lat' dir='ltr'><strong>non</strong></span> <span class='ocrx_word' id='word_1_597' title='bbox 1851 3887 1980 3931; x_wconf 89' lang='lat' dir='ltr'><strong>esse</strong></span> <span class='ocrx_word' id='word_1_598' title='bbox 2014 3870 2160 3930; x_wconf 90' lang='lat' dir='ltr'><strong>sim-</strong></span> 
     </span>
    </p>
   </div>
   <div class='ocr_carea' id='block_1_71' title="bbox 508 3958 2162 4045">
    <p class='ocr_par' dir='ltr' id='par_1_71' title="bbox 508 3958 2162 4045">
     <span class='ocr_line' id='line_1_71' title="bbox 508 3958 2162 4045; baseline -0.005 -18"><span class='ocrx_word' id='word_1_599' title='bbox 508 3964 662 4045; x_wconf 83' lang='lat' dir='ltr'><strong>plex,</strong></span> <span class='ocrx_word' id='word_1_600' title='bbox 695 3961 802 4025; x_wconf 91' lang='lat' dir='ltr'><strong>sed</strong></span> <span class='ocrx_word' id='word_1_601' title='bbox 828 3961 1050 4042; x_wconf 80' lang='lat' dir='ltr'><strong>duplex</strong></span> <span class='ocrx_word' id='word_1_602' title='bbox 1077 3978 1094 4037; x_wconf 90' lang='lat'><strong>;</strong></span> <span class='ocrx_word' id='word_1_603' title='bbox 1124 3959 1359 4042; x_wconf 91' lang='lat' dir='ltr'><strong>sibique</strong></span> <span class='ocrx_word' id='word_1_604' title='bbox 1383 3959 1477 4023; x_wconf 89' lang='lat' dir='ltr'><strong>vel</strong></span> <span class='ocrx_word' id='word_1_605' title='bbox 1501 3958 1944 4036; x_wconf 82' lang='lat' dir='ltr'><strong>contrarisri,in</strong></span> <span class='ocrx_word' id='word_1_606' title='bbox 1969 3977 2162 4040; x_wconf 90' lang='lat' dir='ltr'><strong>quan-</strong></span> 
     </span>
    </p>
   </div>
   <div class='ocr_carea' id='block_1_72' title="bbox 507 4049 2160 4134">
    <p class='ocr_par' dir='ltr' id='par_1_72' title="bbox 507 4049 2160 4134">
     <span class='ocr_line' id='line_1_72' title="bbox 507 4049 2160 4134; baseline -0.004 -18"><span class='ocrx_word' id='word_1_607' title='bbox 507 4063 629 4116; x_wconf 91' lang='lat' dir='ltr'><strong>tum</strong></span> <span class='ocrx_word' id='word_1_608' title='bbox 662 4052 961 4116; x_wconf 89' lang='lat' dir='ltr'><strong>contraria</strong></span> <span class='ocrx_word' id='word_1_609' title='bbox 987 4049 1385 4134; x_wconf 87' lang='lat' dir='ltr'><strong>producit;vel</strong></span> <span class='ocrx_word' id='word_1_610' title='bbox 1417 4049 1820 4125; x_wconf 88' lang='lat' dir='ltr'><strong>immutari,ut</strong></span> <span class='ocrx_word' id='word_1_611' title='bbox 1853 4050 1998 4112; x_wconf 88' lang='lat' dir='ltr'><strong>alias</strong></span> <span class='ocrx_word' id='word_1_612' title='bbox 2022 4049 2160 4128; x_wconf 75' lang='lat' dir='ltr'><strong>qni-</strong></span> 
     </span>
    </p>
   </div>
   <div class='ocr_carea' id='block_1_73' title="bbox 2248 3686 3892 3771">
    <p class='ocr_par' dir='ltr' id='par_1_73' title="bbox 2248 3686 3892 3771">
     <span class='ocr_line' id='line_1_73' title="bbox 2248 3686 3892 3771; baseline 0.002 -29"><span class='ocrx_word' id='word_1_613' title='bbox 2248 3686 2362 3749; x_wconf 73' lang='grc' dir='ltr'>ἑνὸς</span> <span class='ocrx_word' id='word_1_614' title='bbox 2421 3689 2509 3744; x_wconf 81' lang='grc' dir='ltr'><strong>καὶ</strong></span> <span class='ocrx_word' id='word_1_615' title='bbox 2537 3695 2632 3746; x_wconf 81' lang='grc' dir='ltr'>τοῦ</span> <span class='ocrx_word' id='word_1_616' title='bbox 2666 3693 2824 3750; x_wconf 65' lang='grc' dir='ltr'>αὐτοῦ</span> <span class='ocrx_word' id='word_1_617' title='bbox 2853 3690 2942 3749; x_wconf 81' lang='grc' dir='ltr'>δύο</span> <span class='ocrx_word' id='word_1_618' title='bbox 2972 3690 3202 3764; x_wconf 67' lang='grc' dir='ltr'>ἐναντία,</span> <span class='ocrx_word' id='word_1_619' title='bbox 3234 3695 3296 3750; x_wconf 75' lang='grc' dir='ltr'>τὸ</span> <span class='ocrx_word' id='word_1_620' title='bbox 3325 3693 3528 3771; x_wconf 78' lang='grc' dir='ltr'>ἀγαθὸν</span> <span class='ocrx_word' id='word_1_621' title='bbox 3560 3693 3654 3750; x_wconf 77' lang='grc' dir='ltr'>καί</span> <span class='ocrx_word' id='word_1_622' title='bbox 3688 3695 3745 3749; x_wconf 84' lang='grc' dir='ltr'>τὸ</span> <span class='ocrx_word' id='word_1_623' title='bbox 3798 3712 3892 3747; x_wconf 81' lang='grc' dir='ltr'><strong>χα-</strong></span> 
     </span>
    </p>
   </div>
   <div class='ocr_carea' id='block_1_74' title="bbox 2246 3777 3893 3863">
    <p class='ocr_par' dir='ltr' id='par_1_74' title="bbox 2246 3777 3893 3863">
     <span class='ocr_line' id='line_1_74' title="bbox 2246 3777 3893 3863; baseline 0.002 -30"><span class='ocrx_word' id='word_1_624' title='bbox 2246 3777 2362 3850; x_wconf 80' lang='grc' dir='ltr'>κὸν,</span> <span class='ocrx_word' id='word_1_625' title='bbox 2413 3777 2682 3859; x_wconf 79' lang='grc' dir='ltr'>προίέναι,</span> <span class='ocrx_word' id='word_1_626' title='bbox 2713 3782 2786 3847; x_wconf 84' lang='grc' dir='ltr'><strong>ὡς</strong></span> <span class='ocrx_word' id='word_1_627' title='bbox 2837 3781 3072 3840; x_wconf 71' lang='grc' dir='ltr'>ἐντεῦθεν</span> <span class='ocrx_word' id='word_1_628' title='bbox 3116 3784 3202 3840; x_wconf 80' lang='grc' dir='ltr'>καὶ</span> <span class='ocrx_word' id='word_1_629' title='bbox 3258 3783 3359 3851; x_wconf 75' lang='grc' dir='ltr'><strong>τὴν</strong></span> <span class='ocrx_word' id='word_1_630' title='bbox 3402 3783 3580 3863; x_wconf 78' lang='grc' dir='ltr'>ἀρχὴν</span> <span class='ocrx_word' id='word_1_631' title='bbox 3639 3783 3778 3839; x_wconf 78' lang='grc' dir='ltr'>εἶναι</span> <span class='ocrx_word' id='word_1_632' title='bbox 3825 3779 3893 3855; x_wconf 77' lang='grc' dir='ltr'><strong>μὴ</strong></span> 
     </span>
    </p>
   </div>
   <div class='ocr_carea' id='block_1_75' title="bbox 2247 3865 3894 3949">
    <p class='ocr_par' dir='ltr' id='par_1_75' title="bbox 2247 3865 3894 3949">
     <span class='ocr_line' id='line_1_75' title="bbox 2247 3865 3894 3949; baseline 0.004 -27"><span class='ocrx_word' id='word_1_633' title='bbox 2247 3865 2450 3942; x_wconf 84' lang='grc' dir='ltr'>ἁπλῆν,</span> <span class='ocrx_word' id='word_1_634' title='bbox 2477 3866 2615 3924; x_wconf 80' lang='grc' dir='ltr'>ἀλλά</span> <span class='ocrx_word' id='word_1_635' title='bbox 2672 3867 2898 3939; x_wconf 81' lang='grc' dir='ltr'>δυοειδῆ·</span> <span class='ocrx_word' id='word_1_636' title='bbox 2931 3881 3025 3929; x_wconf 72' lang='grc' dir='ltr'>καὶ</span> <span class='ocrx_word' id='word_1_637' title='bbox 3062 3873 3096 3940; x_wconf 74' lang='grc' dir='ltr'><strong>ἢ</strong></span> <span class='ocrx_word' id='word_1_638' title='bbox 3151 3871 3394 3930; x_wconf 77' lang='grc' dir='ltr'>ἐναντίαν</span> <span class='ocrx_word' id='word_1_639' title='bbox 3447 3873 3634 3949; x_wconf 79' lang='grc' dir='ltr'>ἑαυτῇ,</span> <span class='ocrx_word' id='word_1_640' title='bbox 3666 3871 3790 3928; x_wconf 79' lang='grc' dir='ltr'>καθὸ</span> <span class='ocrx_word' id='word_1_641' title='bbox 3838 3867 3894 3925; x_wconf 79' lang='grc' dir='ltr'><strong>τά</strong></span> 
     </span>
    </p>
   </div>
   <div class='ocr_carea' id='block_1_76' title="bbox 2244 3956 3893 4038">
    <p class='ocr_par' dir='ltr' id='par_1_76' title="bbox 2244 3956 3893 4038">
     <span class='ocr_line' id='line_1_76' title="bbox 2244 3956 3893 4038; baseline 0.002 -28"><span class='ocrx_word' id='word_1_642' title='bbox 2244 3956 2458 4012; x_wconf 77' lang='grc' dir='ltr'>ἒναντία</span> <span class='ocrx_word' id='word_1_643' title='bbox 2517 3959 2785 4036; x_wconf 68' lang='grc' dir='ltr'>προΐεταιο</span> <span class='ocrx_word' id='word_1_644' title='bbox 2845 3962 2880 4029; x_wconf 75' lang='grc' dir='ltr'><strong>ἢ</strong></span> <span class='ocrx_word' id='word_1_645' title='bbox 2969 3960 3365 4038; x_wconf 69' lang='grc' dir='ltr'>ἧλλοιωμέυην,</span> <span class='ocrx_word' id='word_1_646' title='bbox 3430 3963 3503 4025; x_wconf 83' lang='grc' dir='ltr'>ὡς</span> <span class='ocrx_word' id='word_1_647' title='bbox 3563 3961 3751 4019; x_wconf 76' lang='grc' dir='ltr'>ἄλλοτε</span> <span class='ocrx_word' id='word_1_648' title='bbox 3807 3960 3893 4034; x_wconf 68' lang='grc' dir='ltr'><strong>μὲν</strong></span> 
     </span>
    </p>
   </div>
   <div class='ocr_carea' id='block_1_77' title="bbox 2245 4044 3892 4128">
    <p class='ocr_par' dir='ltr' id='par_1_77' title="bbox 2245 4044 3892 4128">
     <span class='ocr_line' id='line_1_77' title="bbox 2245 4044 3892 4128; baseline -0.004 -23"><span class='ocrx_word' id='word_1_649' title='bbox 2245 4044 2506 4124; x_wconf 76' lang='grc' dir='ltr'>παράγειν</span> <span class='ocrx_word' id='word_1_650' title='bbox 2553 4049 2613 4104; x_wconf 86' lang='grc' dir='ltr'>τὸ</span> <span class='ocrx_word' id='word_1_651' title='bbox 2644 4048 2864 4127; x_wconf 74' lang='grc' dir='ltr'>ἀγαθὸν,</span> <span class='ocrx_word' id='word_1_652' title='bbox 2896 4050 3088 4109; x_wconf 69' lang='grc' dir='ltr'>ἄλλοτε</span> <span class='ocrx_word' id='word_1_653' title='bbox 3117 4051 3170 4107; x_wconf 85' lang='grc' dir='ltr'><strong>δὲ</strong></span> <span class='ocrx_word' id='word_1_654' title='bbox 3221 4049 3615 4110; x_wconf 74' lang='grc' dir='ltr'>ἀλλοιωθετσαν</span> <span class='ocrx_word' id='word_1_655' title='bbox 3649 4049 3892 4128; x_wconf 65' lang='grc' dir='ltr'>παράγειν</span> 
     </span>
    </p>
   </div>
   <div class='ocr_carea' id='block_1_78' title="bbox 509 4134 2166 4224">
    <p class='ocr_par' dir='ltr' id='par_1_78' title="bbox 509 4137 2160 4224">
     <span class='ocr_line' id='line_1_78' title="bbox 509 4137 2160 4224; baseline -0.004 -18"><span class='ocrx_word' id='word_1_656' title='bbox 509 4144 645 4207; x_wconf 89' lang='lat' dir='ltr'><strong>dem</strong></span> <span class='ocrx_word' id='word_1_657' title='bbox 669 4139 1371 4224; x_wconf 88' lang='lat' dir='ltr'><strong>producatbonum,alias</strong></span> <span class='ocrx_word' id='word_1_658' title='bbox 1384 4157 1521 4202; x_wconf 90' lang='lat' dir='ltr'><strong>vero</strong></span> <span class='ocrx_word' id='word_1_659' title='bbox 1539 4137 1919 4202; x_wconf 81' lang='lat' dir='ltr'><strong>immutatum</strong></span> <span class='ocrx_word' id='word_1_660' title='bbox 1945 4139 2160 4218; x_wconf 90' lang='lat' dir='ltr'><strong>produ-</strong></span> 
     </span>
    </p>
   </div>
   <div class='ocr_carea' id='block_1_79' title="bbox 2250 4134 3894 4224">
    <p class='ocr_par' dir='ltr' id='par_1_79' title="bbox 2250 4134 3894 4216">
     <span class='ocr_line' id='line_1_79' title="bbox 2250 4134 3894 4216; baseline 0.001 -26"><span class='ocrx_word' id='word_1_661' title='bbox 2250 4134 2307 4190; x_wconf 78' lang='grc' dir='ltr'>τὸ</span> <span class='ocrx_word' id='word_1_662' title='bbox 2337 4137 2521 4198; x_wconf 69' lang='grc' dir='ltr'>ιιαοιόν.</span> <span class='ocrx_word' id='word_1_663' title='bbox 2561 4139 2616 4194; x_wconf 78' lang='grc' dir='ltr'><strong>Εἰ</strong></span> <span class='ocrx_word' id='word_1_664' title='bbox 2646 4137 2733 4194; x_wconf 77' lang='grc' dir='ltr'>οὖν</span> <span class='ocrx_word' id='word_1_665' title='bbox 2762 4141 2828 4196; x_wconf 87' lang='grc' dir='ltr'>τὸ</span> <span class='ocrx_word' id='word_1_666' title='bbox 2862 4140 2918 4196; x_wconf 78' lang='grc' dir='ltr'>ἕν</span> <span class='ocrx_word' id='word_1_667' title='bbox 2937 4140 3135 4197; x_wconf 69' lang='grc' dir='ltr'>ἄτοπον</span> <span class='ocrx_word' id='word_1_668' title='bbox 3167 4139 3252 4198; x_wconf 87' lang='grc' dir='ltr'><strong>διά</strong></span> <span class='ocrx_word' id='word_1_669' title='bbox 3281 4149 3467 4216; x_wconf 75' lang='grc' dir='ltr'>ταῦτα,</span> <span class='ocrx_word' id='word_1_670' title='bbox 3500 4141 3552 4196; x_wconf 84' lang='grc' dir='ltr'><strong>τί</strong></span> <span class='ocrx_word' id='word_1_671' title='bbox 3593 4139 3657 4207; x_wconf 79' lang='grc' dir='ltr'><strong>δὴ</strong></span> <span class='ocrx_word' id='word_1_672' title='bbox 3687 4139 3796 4196; x_wconf 77' lang='grc' dir='ltr'>εἶεν</span> <span class='ocrx_word' id='word_1_673' title='bbox 3839 4135 3894 4191; x_wconf 78' lang='grc' dir='ltr'><strong>ἂν</strong></span> 
     </span>
    </p>
   </div>
   <div class='ocr_carea' id='block_1_80' title="bbox 507 4224 2166 4305">
    <p class='ocr_par' dir='ltr' id='par_1_80' title="bbox 507 4228 2161 4305">
     <span class='ocr_line' id='line_1_80' title="bbox 507 4228 2161 4305; baseline -0.005 -7"><span class='ocrx_word' id='word_1_674' title='bbox 507 4241 601 4298; x_wconf 89' lang='lat' dir='ltr'><strong>cat</strong></span> <span class='ocrx_word' id='word_1_675' title='bbox 632 4229 1051 4305; x_wconf 85' lang='lat' dir='ltr'><strong>malum.Quod</strong></span> <span class='ocrx_word' id='word_1_676' title='bbox 1085 4230 1137 4292; x_wconf 91' lang='lat' dir='ltr'><strong>si</strong></span> <span class='ocrx_word' id='word_1_677' title='bbox 1162 4229 1252 4293; x_wconf 86' lang='lat' dir='ltr'><strong>vel</strong></span> <span class='ocrx_word' id='word_1_678' title='bbox 1301 4249 1484 4292; x_wconf 91' lang='lat' dir='ltr'><strong>unum</strong></span> <span class='ocrx_word' id='word_1_679' title='bbox 1529 4228 1853 4292; x_wconf 91' lang='lat' dir='ltr'><strong>absurdum</strong></span> <span class='ocrx_word' id='word_1_680' title='bbox 1892 4229 2030 4292; x_wconf 85' lang='lat' dir='ltr'><strong>hinc</strong></span> <span class='ocrx_word' id='word_1_681' title='bbox 2061 4247 2161 4291; x_wconf 90' lang='lat' dir='ltr'><strong>se-</strong></span> 
     </span>
    </p>
   </div>
   <div class='ocr_carea' id='block_1_81' title="bbox 2250 4224 3897 4305">
    <p class='ocr_par' dir='ltr' id='par_1_81' title="bbox 2250 4224 3897 4305">
     <span class='ocr_line' id='line_1_81' title="bbox 2250 4224 3897 4305; baseline -0.001 -25"><span class='ocrx_word' id='word_1_682' title='bbox 2250 4226 2299 4280; x_wconf 74' lang='grc' dir='ltr'>αἱ</span> <span class='ocrx_word' id='word_1_683' title='bbox 2335 4224 2501 4305; x_wconf 73' lang='grc' dir='ltr'>ἀρχαί</span> <span class='ocrx_word' id='word_1_684' title='bbox 2535 4246 2549 4288; x_wconf 84' lang='lat'><strong>:</strong></span> <span class='ocrx_word' id='word_1_685' title='bbox 2603 4229 2693 4284; x_wconf 81' lang='grc' dir='ltr'><strong>καὶ</strong></span> <span class='ocrx_word' id='word_1_686' title='bbox 2731 4229 2891 4286; x_wconf 79' lang='grc' dir='ltr'>πάλιν</span> <span class='ocrx_word' id='word_1_687' title='bbox 2921 4229 3010 4288; x_wconf 82' lang='grc' dir='ltr'>δύο</span> <span class='ocrx_word' id='word_1_688' title='bbox 3053 4229 3264 4288; x_wconf 68' lang='grc' dir='ltr'>ἐναντία</span> <span class='ocrx_word' id='word_1_689' title='bbox 3297 4251 3314 4304; x_wconf 87' lang='lat'><strong>;</strong></span> <span class='ocrx_word' id='word_1_690' title='bbox 3353 4229 3475 4287; x_wconf 81' lang='grc' dir='ltr'>ἀλλ’</span> <span class='ocrx_word' id='word_1_691' title='bbox 3535 4229 3753 4288; x_wconf 72' lang='grc' dir='ltr'>ἄτοπον·</span> <span class='ocrx_word' id='word_1_692' title='bbox 3784 4224 3897 4284; x_wconf 71' lang='grc' dir='ltr'>οὔτε</span> 
     </span>
    </p>
   </div>
   <div class='ocr_carea' id='block_1_82' title="bbox 506 4313 2166 4405">
    <p class='ocr_par' dir='ltr' id='par_1_82' title="bbox 506 4319 2166 4405">
     <span class='ocr_line' id='line_1_82' title="bbox 506 4319 2166 4405; baseline -0.004 -19"><span class='ocrx_word' id='word_1_693' title='bbox 506 4332 744 4405; x_wconf 85' lang='lat' dir='ltr'><strong>quatur,</strong></span> <span class='ocrx_word' id='word_1_694' title='bbox 779 4321 934 4404; x_wconf 91' lang='lat' dir='ltr'><strong>quod</strong></span> <span class='ocrx_word' id='word_1_695' title='bbox 963 4319 1199 4402; x_wconf 89' lang='lat' dir='ltr'><strong>utrique</strong></span> <span class='ocrx_word' id='word_1_696' title='bbox 1230 4329 1405 4383; x_wconf 88' lang='lat' dir='ltr'><strong>erunt</strong></span> <span class='ocrx_word' id='word_1_697' title='bbox 1437 4320 1566 4400; x_wconf 90' lang='lat' dir='ltr'><strong>ipsa</strong></span> <span class='ocrx_word' id='word_1_698' title='bbox 1588 4319 1911 4401; x_wconf 86' lang='lat' dir='ltr'><strong>principia?</strong></span> <span class='ocrx_word' id='word_1_699' title='bbox 1933 4336 2005 4380; x_wconf 88' lang='lat' dir='ltr'><strong>an</strong></span> <span class='ocrx_word' id='word_1_700' title='bbox 2039 4336 2166 4380; x_wconf 88' lang='lat' dir='ltr'><strong>rur-</strong></span> 
     </span>
    </p>
   </div>
   <div class='ocr_carea' id='block_1_83' title="bbox 2250 4313 3893 4405">
    <p class='ocr_par' dir='ltr' id='par_1_83' title="bbox 2250 4313 3893 4405">
     <span class='ocr_line' id='line_1_83' title="bbox 2250 4313 3893 4405; baseline 0.001 -35"><span class='ocrx_word' id='word_1_701' title='bbox 2250 4313 2351 4405; x_wconf 69' lang='grc' dir='ltr'><strong>γᾴρ</strong></span> <span class='ocrx_word' id='word_1_702' title='bbox 2409 4314 2753 4405; x_wconf 15' lang='grc' dir='ltr'>ἱνλᾷλλήλαις</span> <span class='ocrx_word' id='word_1_703' title='bbox 2787 4319 2932 4376; x_wconf 74' lang='grc' dir='ltr'>εἶναι</span> <span class='ocrx_word' id='word_1_704' title='bbox 2986 4319 3178 4384; x_wconf 85' lang='grc' dir='ltr'>ταύτας</span> <span class='ocrx_word' id='word_1_705' title='bbox 3211 4321 3376 4393; x_wconf 62' lang='grc' dir='ltr'>εἰκὸς,</span> <span class='ocrx_word' id='word_1_706' title='bbox 3421 4319 3540 4377; x_wconf 75' lang='grc' dir='ltr'>οὔτε</span> <span class='ocrx_word' id='word_1_707' title='bbox 3572 4319 3678 4394; x_wconf 71' lang='grc' dir='ltr'><strong>μήν</strong></span> <span class='ocrx_word' id='word_1_708' title='bbox 3723 4337 3893 4405; x_wconf 77' lang='grc' dir='ltr'>μαχο-</span> 
     </span>
    </p>
   </div>
   <div class='ocr_carea' id='block_1_84' title="bbox 508 4402 2166 4489">
    <p class='ocr_par' dir='ltr' id='par_1_84' title="bbox 508 4402 2166 4489">
     <span class='ocr_line' id='line_1_84' title="bbox 508 4402 2166 4489; baseline -0.004 -13"><span class='ocrx_word' id='word_1_709' title='bbox 508 4402 611 4476; x_wconf 77' lang='lat' dir='ltr'><strong>sus</strong></span> <span class='ocrx_word' id='word_1_710' title='bbox 639 4402 758 4474; x_wconf 87' lang='lat' dir='ltr'><strong>duo</strong></span> <span class='ocrx_word' id='word_1_711' title='bbox 789 4402 1089 4473; x_wconf 84' lang='lat' dir='ltr'><strong>contraria</strong></span> <span class='ocrx_word' id='word_1_712' title='bbox 1120 4416 1149 4473; x_wconf 65' lang='grc' dir='ltr'><strong>ἲ</strong></span> <span class='ocrx_word' id='word_1_713' title='bbox 1186 4409 1292 4472; x_wconf 89' lang='lat' dir='ltr'><strong>sed</strong></span> <span class='ocrx_word' id='word_1_714' title='bbox 1354 4409 1412 4471; x_wconf 90' lang='lat' dir='ltr'><strong>id</strong></span> <span class='ocrx_word' id='word_1_715' title='bbox 1443 4409 1764 4472; x_wconf 90' lang='lat' dir='ltr'><strong>absurdum</strong></span> <span class='ocrx_word' id='word_1_716' title='bbox 1799 4417 1888 4471; x_wconf 89' lang='lat' dir='ltr'><strong>est</strong></span> <span class='ocrx_word' id='word_1_717' title='bbox 1921 4428 1935 4469; x_wconf 91' lang='lat'><strong>:</strong></span> <span class='ocrx_word' id='word_1_718' title='bbox 1974 4425 2166 4489; x_wconf 87' lang='lat' dir='ltr'><strong>neque</strong></span> 
     </span>
    </p>
   </div>
   <div class='ocr_carea' id='block_1_85' title="bbox 2250 4402 3890 4489">
    <p class='ocr_par' dir='ltr' id='par_1_85' title="bbox 2252 4402 3890 4488">
     <span class='ocr_line' id='line_1_85' title="bbox 2252 4402 3890 4488; baseline 0.004 -30"><span class='ocrx_word' id='word_1_719' title='bbox 2252 4402 2413 4477; x_wconf 80' lang='grc' dir='ltr'>μένας</span> <span class='ocrx_word' id='word_1_720' title='bbox 2444 4403 2731 4476; x_wconf 77' lang='grc' dir='ltr'>ἀλλήλαις·</span> <span class='ocrx_word' id='word_1_721' title='bbox 2779 4406 2873 4464; x_wconf 77' lang='grc' dir='ltr'><strong>καὶ</strong></span> <span class='ocrx_word' id='word_1_722' title='bbox 2924 4409 3023 4488; x_wconf 78' lang='grc' dir='ltr'><strong>γάρ</strong></span> <span class='ocrx_word' id='word_1_723' title='bbox 3053 4409 3199 4467; x_wconf 77' lang='grc' dir='ltr'>ἔσται</span> <span class='ocrx_word' id='word_1_724' title='bbox 3250 4409 3344 4466; x_wconf 72' lang='grc' dir='ltr'><strong>καὶ</strong></span> <span class='ocrx_word' id='word_1_725' title='bbox 3379 4411 3407 4466; x_wconf 71' lang='grc' dir='ltr'><strong>ὃ</strong></span> <span class='ocrx_word' id='word_1_726' title='bbox 3462 4412 3594 4472; x_wconf 82' lang='grc' dir='ltr'>Θεὸς</span> <span class='ocrx_word' id='word_1_727' title='bbox 3622 4410 3715 4465; x_wconf 80' lang='grc' dir='ltr'><strong>οὐκ</strong></span> <span class='ocrx_word' id='word_1_728' title='bbox 3751 4403 3890 4470; x_wconf 69' lang='grc' dir='ltr'>ἀπή·</span> 
     </span>
    </p>
   </div>
   <div class='ocr_carea' id='block_1_86' title="bbox 507 4495 2166 4580">
    <p class='ocr_par' dir='ltr' id='par_1_86' title="bbox 507 4497 2166 4580">
     <span class='ocr_line' id='line_1_86' title="bbox 507 4497 2166 4580; baseline -0.005 -14"><span class='ocrx_word' id='word_1_729' title='bbox 507 4500 674 4566; x_wconf 92' lang='lat' dir='ltr'><strong>enim</strong></span> <span class='ocrx_word' id='word_1_730' title='bbox 698 4499 1034 4562; x_wconf 87' lang='lat' dir='ltr'><strong>sibimutuo</strong></span> <span class='ocrx_word' id='word_1_731' title='bbox 1057 4505 1256 4563; x_wconf 89' lang='lat' dir='ltr'><strong>inesse</strong></span> <span class='ocrx_word' id='word_1_732' title='bbox 1275 4509 1544 4580; x_wconf 81' lang='lat' dir='ltr'><strong>possunt,</strong></span> <span class='ocrx_word' id='word_1_733' title='bbox 1571 4516 1767 4580; x_wconf 86' lang='lat' dir='ltr'><strong>neque</strong></span> <span class='ocrx_word' id='word_1_734' title='bbox 1779 4497 1893 4559; x_wconf 86' lang='lat' dir='ltr'><strong>sibi</strong></span> <span class='ocrx_word' id='word_1_735' title='bbox 1917 4497 2166 4558; x_wconf 81' lang='lat' dir='ltr'><strong>invicem</strong></span> 
     </span>
    </p>
   </div>
   <div class='ocr_carea' id='block_1_87' title="bbox 2250 4495 3892 4580">
    <p class='ocr_par' dir='ltr' id='par_1_87' title="bbox 2255 4495 3892 4579">
     <span class='ocr_line' id='line_1_87' title="bbox 2255 4495 3892 4579; baseline 0.001 -31"><span class='ocrx_word' id='word_1_736' title='bbox 2255 4515 2396 4573; x_wconf 83' lang='grc' dir='ltr'>μων,</span> <span class='ocrx_word' id='word_1_737' title='bbox 2429 4496 2516 4551; x_wconf 80' lang='grc' dir='ltr'>καὶ</span> <span class='ocrx_word' id='word_1_738' title='bbox 2547 4499 2642 4554; x_wconf 69' lang='grc' dir='ltr'>οὐκ</span> <span class='ocrx_word' id='word_1_739' title='bbox 2671 4495 2825 4562; x_wconf 78' lang='grc' dir='ltr'>ἐκτὸς</span> <span class='ocrx_word' id='word_1_740' title='bbox 2855 4497 3105 4578; x_wconf 77' lang='grc' dir='ltr'>ἐπηρείας</span> <span class='ocrx_word' id='word_1_741' title='bbox 3138 4499 3226 4556; x_wconf 82' lang='grc' dir='ltr'><strong>καὶ</strong></span> <span class='ocrx_word' id='word_1_742' title='bbox 3257 4497 3622 4579; x_wconf 74' lang='grc' dir='ltr'>ἒνοχλήσεως.</span> <span class='ocrx_word' id='word_1_743' title='bbox 3665 4495 3892 4552; x_wconf 73' lang='grc' dir='ltr'>’Ἔπειτα</span> 
     </span>
    </p>
   </div>
   <div class='ocr_carea' id='block_1_88' title="bbox 507 4580 2166 4674">
    <p class='ocr_par' dir='ltr' id='par_1_88' title="bbox 507 4585 2166 4674">
     <span class='ocr_line' id='line_1_88' title="bbox 507 4585 2166 4674; baseline -0.006 -18"><span class='ocrx_word' id='word_1_744' title='bbox 507 4607 1008 4674; x_wconf 72' lang='lat' dir='ltr'><strong>repugnareznam</strong></span> <span class='ocrx_word' id='word_1_745' title='bbox 1023 4589 1110 4652; x_wconf 84' lang='lat' dir='ltr'><strong>sic</strong></span> <span class='ocrx_word' id='word_1_746' title='bbox 1142 4605 1219 4651; x_wconf 89' lang='lat' dir='ltr'><strong>ne</strong></span> <span class='ocrx_word' id='word_1_747' title='bbox 1236 4588 1394 4651; x_wconf 86' lang='lat' dir='ltr'><strong>Deus</strong></span> <span class='ocrx_word' id='word_1_748' title='bbox 1422 4587 1662 4670; x_wconf 88' lang='lat' dir='ltr'><strong>quidem</strong></span> <span class='ocrx_word' id='word_1_749' title='bbox 1695 4591 1823 4670; x_wconf 91' lang='lat' dir='ltr'><strong>ipse</strong></span> <span class='ocrx_word' id='word_1_750' title='bbox 1854 4585 2166 4650; x_wconf 84' lang='lat' dir='ltr'><strong>incolumis</strong></span> 
     </span>
    </p>
   </div>
   <div class='ocr_carea' id='block_1_89' title="bbox 2250 4580 3887 4674">
    <p class='ocr_par' dir='ltr' id='par_1_89' title="bbox 2251 4580 3887 4669">
     <span class='ocr_line' id='line_1_89' title="bbox 2251 4580 3887 4669; baseline 0 -32"><span class='ocrx_word' id='word_1_751' title='bbox 2251 4580 2402 4638; x_wconf 79' lang='grc' dir='ltr'>ἔσται</span> <span class='ocrx_word' id='word_1_752' title='bbox 2443 4582 2615 4642; x_wconf 70' lang='grc' dir='ltr'>πάντα</span> <span class='ocrx_word' id='word_1_753' title='bbox 2646 4584 2847 4644; x_wconf 65' lang='grc' dir='ltr'>ἄτακτα</span> <span class='ocrx_word' id='word_1_754' title='bbox 2877 4592 2972 4644; x_wconf 82' lang='grc' dir='ltr'><strong>καί</strong></span> <span class='ocrx_word' id='word_1_755' title='bbox 3005 4591 3323 4669; x_wconf 73' lang='grc' dir='ltr'>μαχόμενα,</span> <span class='ocrx_word' id='word_1_756' title='bbox 3354 4588 3420 4645; x_wconf 83' lang='grc' dir='ltr'><strong>τά</strong></span> <span class='ocrx_word' id='word_1_757' title='bbox 3471 4589 3570 4663; x_wconf 82' lang='grc' dir='ltr'><strong>μὲν</strong></span> <span class='ocrx_word' id='word_1_758' title='bbox 3605 4586 3703 4644; x_wconf 76' lang='grc' dir='ltr'>ὑπὸ</span> <span class='ocrx_word' id='word_1_759' title='bbox 3729 4589 3887 4652; x_wconf 81' lang='grc' dir='ltr'>τοῦτο,</span> 
     </span>
    </p>
   </div>
   <div class='ocr_carea' id='block_1_90' title="bbox 511 4669 2166 4778">
    <p class='ocr_par' dir='ltr' id='par_1_90' title="bbox 511 4669 2166 4778">
     <span class='ocr_line' id='line_1_90' title="bbox 511 4669 2166 4778; baseline -0.005 -34"><span class='ocrx_word' id='word_1_760' title='bbox 511 4669 801 4778; x_wconf 70' lang='lat' dir='ltr'><strong>erit,etab</strong></span> <span class='ocrx_word' id='word_1_761' title='bbox 840 4677 1061 4778; x_wconf 77' lang='lat' dir='ltr'><strong>insultu</strong></span> <span class='ocrx_word' id='word_1_762' title='bbox 1093 4677 1484 4778; x_wconf 73' lang='lat' dir='ltr'><strong>molestiaque</strong></span> <span class='ocrx_word' id='word_1_763' title='bbox 1515 4674 1934 4778; x_wconf 64' lang='lat' dir='ltr'><strong>liber.Deipde</strong></span> <span class='ocrx_word' id='word_1_764' title='bbox 1959 4681 2166 4778; x_wconf 77' lang='lat' dir='ltr'><strong>cuncta</strong></span> 
     </span>
    </p>
   </div>
   <div class='ocr_carea' id='block_1_91' title="bbox 2250 4669 3890 4778">
    <p class='ocr_par' dir='ltr' id='par_1_91' title="bbox 2253 4669 3890 4778">
     <span class='ocr_line' id='line_1_91' title="bbox 2253 4669 3890 4753; baseline 0.002 -26"><span class='ocrx_word' id='word_1_765' title='bbox 2253 4671 2318 4728; x_wconf 86' lang='grc' dir='ltr'><strong>τά</strong></span> <span class='ocrx_word' id='word_1_766' title='bbox 2369 4670 2423 4727; x_wconf 80' lang='grc' dir='ltr'><strong>δὲ</strong></span> <span class='ocrx_word' id='word_1_767' title='bbox 2453 4674 2554 4730; x_wconf 80' lang='grc' dir='ltr'><strong>ὑπὸ</strong></span> <span class='ocrx_word' id='word_1_768' title='bbox 2611 4682 2764 4734; x_wconf 80' lang='grc' dir='ltr'>τοῦτο</span> <span class='ocrx_word' id='word_1_769' title='bbox 2813 4675 2962 4735; x_wconf 72' lang='grc' dir='ltr'>ὄντα⁹</span> <span class='ocrx_word' id='word_1_770' title='bbox 3009 4677 3146 4736; x_wconf 79' lang='grc' dir='ltr'>ἄλλά</span> <span class='ocrx_word' id='word_1_771' title='bbox 3194 4684 3350 4736; x_wconf 82' lang='grc' dir='ltr'>τοῦτο</span> <span class='ocrx_word' id='word_1_772' title='bbox 3406 4675 3680 4750; x_wconf 79' lang='grc' dir='ltr'>ἀδύνατον,</span> <span class='ocrx_word' id='word_1_773' title='bbox 3733 4669 3890 4753; x_wconf 75' lang='grc' dir='ltr'>φιλίας</span> 
     </span>
     <span class='ocr_line' id='line_1_92' title="bbox 2305 4760 3886 4778; baseline 0 0"><span class='ocrx_word' id='word_1_774' title='bbox 2305 4761 2319 4778; x_wconf 75' lang='grc'><strong><em>,</em></strong></span> <span class='ocrx_word' id='word_1_775' title='bbox 2433 4763 2446 4778; x_wconf 64' lang='grc' dir='ltr'><strong>ι</strong></span> <span class='ocrx_word' id='word_1_776' title='bbox 2523 4763 2538 4778; x_wconf 81' lang='lat'><em>.</em></span> <span class='ocrx_word' id='word_1_777' title='bbox 2621 4765 2664 4778; x_wconf 76' lang='lat'><strong>-.</strong></span> <span class='ocrx_word' id='word_1_778' title='bbox 2903 4764 2972 4778; x_wconf 59' lang='grc' dir='ltr'><strong>κ...</strong></span> <span class='ocrx_word' id='word_1_779' title='bbox 3235 4767 3247 4778; x_wconf 89' lang='grc'>.</span> <span class='ocrx_word' id='word_1_780' title='bbox 3350 4771 3363 4778; x_wconf 94' lang='grc'><strong>-</strong></span> <span class='ocrx_word' id='word_1_781' title='bbox 3545 4767 3556 4778; x_wconf 96' lang='grc'>.</span> <span class='ocrx_word' id='word_1_782' title='bbox 3697 4765 3710 4778; x_wconf 93' lang='grc'><strong>.</strong></span> <span class='ocrx_word' id='word_1_783' title='bbox 3779 4768 3808 4778; x_wconf 63' lang='grc' dir='ltr'>η</span> <span class='ocrx_word' id='word_1_784' title='bbox 3843 4760 3886 4778; x_wconf 51' lang='grc' dir='ltr'><strong>μ</strong></span> 
     </span>
    </p>
   </div>
   <div class='ocr_carea' id='block_1_92' title="bbox 510 4760 2166 4848">
    <p class='ocr_par' dir='ltr' id='par_1_92' title="bbox 510 4764 2166 4848">
     <span class='ocr_line' id='line_1_93' title="bbox 510 4764 2166 4848; baseline -0.007 -13"><span class='ocrx_word' id='word_1_785' title='bbox 510 4775 691 4836; x_wconf 85' lang='lat' dir='ltr'><strong>erunt</strong></span> <span class='ocrx_word' id='word_1_786' title='bbox 720 4767 1059 4832; x_wconf 85' lang='lat' dir='ltr'><strong>inordinata</strong></span> <span class='ocrx_word' id='word_1_787' title='bbox 1097 4764 1562 4848; x_wconf 80' lang='lat' dir='ltr'><strong>pugnantiaque,</strong></span> <span class='ocrx_word' id='word_1_788' title='bbox 1596 4784 1733 4829; x_wconf 85' lang='lat' dir='ltr'><strong>cum</strong></span> <span class='ocrx_word' id='word_1_789' title='bbox 1779 4765 1896 4826; x_wconf 91' lang='lat' dir='ltr'><strong>alia</strong></span> <span class='ocrx_word' id='word_1_790' title='bbox 1924 4764 2166 4844; x_wconf 77' lang='lat' dir='ltr'><strong>quidem</strong></span> 
     </span>
    </p>
   </div>
   <div class='ocr_carea' id='block_1_93' title="bbox 2250 4760 3889 4848">
    <p class='ocr_par' dir='ltr' id='par_1_93' title="bbox 2253 4760 3889 4845">
     <span class='ocr_line' id='line_1_94' title="bbox 2253 4760 3889 4845; baseline 0.002 -29"><span class='ocrx_word' id='word_1_791' title='bbox 2253 4761 2354 4838; x_wconf 79' lang='grc' dir='ltr'>γάρ</span> <span class='ocrx_word' id='word_1_792' title='bbox 2398 4763 2458 4817; x_wconf 84' lang='grc' dir='ltr'>τὸ</span> <span class='ocrx_word' id='word_1_793' title='bbox 2515 4763 2708 4841; x_wconf 81' lang='grc' dir='ltr'>ἀγαθὸν</span> <span class='ocrx_word' id='word_1_794' title='bbox 2759 4764 3096 4843; x_wconf 73' lang='grc' dir='ltr'>μεταδίδωσι,</span> <span class='ocrx_word' id='word_1_795' title='bbox 3159 4767 3250 4824; x_wconf 64' lang='lat' dir='ltr'><strong>mn?</strong></span> <span class='ocrx_word' id='word_1_796' title='bbox 3309 4767 3630 4845; x_wconf 77' lang='grc' dir='ltr'>αὒτοειρήνη</span> <span class='ocrx_word' id='word_1_797' title='bbox 3691 4765 3718 4819; x_wconf 83' lang='grc' dir='ltr'>ὁ</span> <span class='ocrx_word' id='word_1_798' title='bbox 3775 4760 3889 4820; x_wconf 59' lang='grc' dir='ltr'>Θεὸς</span> 
     </span>
    </p>
   </div>
   <div class='ocr_carea' id='block_1_94' title="bbox 512 4848 2166 4936">
    <p class='ocr_par' dir='ltr' id='par_1_94' title="bbox 512 4853 2166 4934">
     <span class='ocr_line' id='line_1_95' title="bbox 512 4853 2166 4934; baseline -0.006 -10"><span class='ocrx_word' id='word_1_799' title='bbox 512 4858 624 4924; x_wconf 85' lang='lat' dir='ltr'><strong>sub</strong></span> <span class='ocrx_word' id='word_1_800' title='bbox 647 4861 785 4934; x_wconf 90' lang='lat' dir='ltr'><strong>hoc,</strong></span> <span class='ocrx_word' id='word_1_801' title='bbox 821 4858 936 4921; x_wconf 90' lang='lat' dir='ltr'><strong>alia</strong></span> <span class='ocrx_word' id='word_1_802' title='bbox 961 4875 1103 4920; x_wconf 89' lang='lat' dir='ltr'><strong>vero</strong></span> <span class='ocrx_word' id='word_1_803' title='bbox 1127 4855 1240 4920; x_wconf 88' lang='lat' dir='ltr'><strong>sub</strong></span> <span class='ocrx_word' id='word_1_804' title='bbox 1272 4855 1386 4918; x_wconf 88' lang='lat' dir='ltr'><strong>isto</strong></span> <span class='ocrx_word' id='word_1_805' title='bbox 1413 4855 1728 4919; x_wconf 82' lang='lat' dir='ltr'><strong>exsistant:</strong></span> <span class='ocrx_word' id='word_1_806' title='bbox 1763 4854 1869 4916; x_wconf 89' lang='lat' dir='ltr'><strong>sed</strong></span> <span class='ocrx_word' id='word_1_807' title='bbox 1898 4853 2012 4916; x_wconf 90' lang='lat' dir='ltr'><strong>hoc</strong></span> <span class='ocrx_word' id='word_1_808' title='bbox 2041 4854 2166 4916; x_wconf 87' lang='lat' dir='ltr'><strong>tieri</strong></span> 
     </span>
    </p>
   </div>
   <div class='ocr_carea' id='block_1_95' title="bbox 2250 4848 3890 4936">
    <p class='ocr_par' dir='ltr' id='par_1_95' title="bbox 2251 4848 3890 4936">
     <span class='ocr_line' id='line_1_96' title="bbox 2251 4848 3890 4936; baseline -0.004 -28"><span class='ocrx_word' id='word_1_809' title='bbox 2251 4848 2524 4924; x_wconf 74' lang='grc' dir='ltr'>ὕμνετται·</span> <span class='ocrx_word' id='word_1_810' title='bbox 2583 4853 2663 4910; x_wconf 81' lang='grc' dir='ltr'>διὸ</span> <span class='ocrx_word' id='word_1_811' title='bbox 2720 4856 2808 4912; x_wconf 83' lang='grc' dir='ltr'><strong>καὶ</strong></span> <span class='ocrx_word' id='word_1_812' title='bbox 2861 4857 3030 4914; x_wconf 81' lang='grc' dir='ltr'>πάντα</span> <span class='ocrx_word' id='word_1_813' title='bbox 3059 4856 3124 4914; x_wconf 70' lang='grc' dir='ltr'><strong>τά</strong></span> <span class='ocrx_word' id='word_1_814' title='bbox 3179 4857 3346 4936; x_wconf 74' lang='grc' dir='ltr'>ἀγαθά</span> <span class='ocrx_word' id='word_1_815' title='bbox 3377 4856 3659 4931; x_wconf 73' lang='grc' dir='ltr'>ἐναρμόνια</span> <span class='ocrx_word' id='word_1_816' title='bbox 3702 4850 3792 4932; x_wconf 88' lang='grc' dir='ltr'><strong>(ὡς</strong></span> <span class='ocrx_word' id='word_1_817' title='bbox 3832 4849 3890 4902; x_wconf 67' lang='lat' dir='ltr'><strong>ti</strong></span> 
     </span>
    </p>
   </div>
   <div class='ocr_carea' id='block_1_96' title="bbox 513 4945 2171 5031">
    <p class='ocr_par' dir='ltr' id='par_1_96' title="bbox 513 4945 2171 5031">
     <span class='ocr_line' id='line_1_97' title="bbox 513 4945 2171 5031; baseline -0.003 -20"><span class='ocrx_word' id='word_1_818' title='bbox 513 4949 1030 5031; x_wconf 89' lang='lat' dir='ltr'><strong>nequit,quoniam</strong></span> <span class='ocrx_word' id='word_1_819' title='bbox 1046 4947 1266 5011; x_wconf 92' lang='lat' dir='ltr'><strong>bonum</strong></span> <span class='ocrx_word' id='word_1_820' title='bbox 1287 4946 1613 5009; x_wconf 86' lang='lat' dir='ltr'><strong>amicitiam</strong></span> <span class='ocrx_word' id='word_1_821' title='bbox 1632 4945 2000 5022; x_wconf 86' lang='lat' dir='ltr'><strong>conciliat,et</strong></span> <span class='ocrx_word' id='word_1_822' title='bbox 2017 4945 2171 5006; x_wconf 90' lang='lat' dir='ltr'><strong>Deus</strong></span> 
     </span>
    </p>
   </div>
   <div class='ocr_carea' id='block_1_97' title="bbox 515 5033 2173 5121">
    <p class='ocr_par' dir='ltr' id='par_1_97' title="bbox 515 5033 2173 5121">
     <span class='ocr_line' id='line_1_98' title="bbox 515 5033 2173 5121; baseline -0.004 -19"><span class='ocrx_word' id='word_1_823' title='bbox 515 5058 627 5121; x_wconf 82' lang='lat' dir='ltr'><strong>pax</strong></span> <span class='ocrx_word' id='word_1_824' title='bbox 670 5038 800 5120; x_wconf 87' lang='lat' dir='ltr'><strong>ipsa</strong></span> <span class='ocrx_word' id='word_1_825' title='bbox 852 5037 1231 5117; x_wconf 78' lang='lat' dir='ltr'><strong>celebratur;</strong></span> <span class='ocrx_word' id='word_1_826' title='bbox 1265 5037 1491 5100; x_wconf 90' lang='lat' dir='ltr'><strong>idcirco</strong></span> <span class='ocrx_word' id='word_1_827' title='bbox 1555 5037 1733 5098; x_wconf 88' lang='lat' dir='ltr'><strong>etiam</strong></span> <span class='ocrx_word' id='word_1_828' title='bbox 1783 5034 1982 5098; x_wconf 86' lang='lat' dir='ltr'><strong>omnia</strong></span> <span class='ocrx_word' id='word_1_829' title='bbox 2018 5033 2173 5095; x_wconf 88' lang='lat' dir='ltr'><strong>bona</strong></span> 
     </span>
    </p>
   </div>
   <div class='ocr_carea' id='block_1_98' title="bbox 515 5126 2174 5209">
    <p class='ocr_par' dir='ltr' id='par_1_98' title="bbox 515 5126 2174 5209">
     <span class='ocr_line' id='line_1_99' title="bbox 515 5126 2174 5209; baseline -0.004 -18"><span class='ocrx_word' id='word_1_830' title='bbox 515 5147 794 5209; x_wconf 77' lang='lat' dir='ltr'><strong>consona</strong></span> <span class='ocrx_word' id='word_1_831' title='bbox 809 5136 949 5189; x_wconf 89' lang='lat' dir='ltr'><strong>sunt</strong></span> <span class='ocrx_word' id='word_1_832' title='bbox 977 5129 1157 5205; x_wconf 89' lang='lat' dir='ltr'><strong>(sicut</strong></span> <span class='ocrx_word' id='word_1_833' title='bbox 1189 5128 1340 5190; x_wconf 88' lang='lat' dir='ltr'><strong>mala</strong></span> <span class='ocrx_word' id='word_1_834' title='bbox 1374 5126 1614 5209; x_wconf 85' lang='lat' dir='ltr'><strong>pariunt</strong></span> <span class='ocrx_word' id='word_1_835' title='bbox 1645 5126 2174 5209; x_wconf 79' lang='lat' dir='ltr'><strong>divisionemmam</strong></span> 
     </span>
    </p>
   </div>
   <div class='ocr_carea' id='block_1_99' title="bbox 514 5207 2173 5290">
    <p class='ocr_par' dir='ltr' id='par_1_99' title="bbox 514 5207 2173 5290">
     <span class='ocr_line' id='line_1_100' title="bbox 514 5207 2173 5290; baseline 0 -23"><span class='ocrx_word' id='word_1_836' title='bbox 514 5211 706 5272; x_wconf 68' lang='grc' dir='ltr'>καλὸν.</span> <span class='ocrx_word' id='word_1_837' title='bbox 742 5207 800 5269; x_wconf 91' lang='lat' dir='ltr'><strong>id</strong></span> <span class='ocrx_word' id='word_1_838' title='bbox 833 5217 926 5270; x_wconf 90' lang='lat' dir='ltr'><strong>est</strong></span> <span class='ocrx_word' id='word_1_839' title='bbox 948 5209 1232 5288; x_wconf 78' lang='lat' dir='ltr'><strong>vitium,a</strong></span> <span class='ocrx_word' id='word_1_840' title='bbox 1250 5207 1492 5290; x_wconf 58' lang='grc' dir='ltr'><strong>χαίζὼλά</strong></span> <span class='ocrx_word' id='word_1_841' title='bbox 1517 5219 1612 5270; x_wconf 85' lang='lat' dir='ltr'><strong>est</strong></span> <span class='ocrx_word' id='word_1_842' title='bbox 1635 5208 1917 5288; x_wconf 74' lang='lat' dir='ltr'><strong>vito,sive</strong></span> <span class='ocrx_word' id='word_1_843' title='bbox 1939 5207 2173 5283; x_wconf 84' lang='lat' dir='ltr'><strong>recedo,</strong></span> 
     </span>
    </p>
   </div>
   <div class='ocr_carea' id='block_1_100' title="bbox 517 5295 2174 5379">
    <p class='ocr_par' dir='ltr' id='par_1_100' title="bbox 517 5295 2174 5379">
     <span class='ocr_line' id='line_1_101' title="bbox 517 5295 2174 5379; baseline -0.004 -15"><span class='ocrx_word' id='word_1_844' title='bbox 517 5316 738 5364; x_wconf 88' lang='lat' dir='ltr'><strong>nomen</strong></span> <span class='ocrx_word' id='word_1_845' title='bbox 761 5295 959 5370; x_wconf 83' lang='lat' dir='ltr'><strong>habet)</strong></span> <span class='ocrx_word' id='word_1_846' title='bbox 983 5305 1127 5360; x_wconf 85' lang='lat' dir='ltr'><strong>etex</strong></span> <span class='ocrx_word' id='word_1_847' title='bbox 1154 5317 1272 5360; x_wconf 90' lang='lat' dir='ltr'><strong>una</strong></span> <span class='ocrx_word' id='word_1_848' title='bbox 1299 5297 1415 5360; x_wconf 80' lang='lat' dir='ltr'><strong>vita</strong></span> <span class='ocrx_word' id='word_1_849' title='bbox 1447 5297 1650 5360; x_wconf 90' lang='lat' dir='ltr'><strong>divina</strong></span> <span class='ocrx_word' id='word_1_850' title='bbox 1675 5303 1992 5379; x_wconf 83' lang='lat' dir='ltr'><strong>propagata</strong></span> <span class='ocrx_word' id='word_1_851' title='bbox 2012 5305 2174 5376; x_wconf 92' lang='lat' dir='ltr'><strong>sunt,</strong></span> 
     </span>
    </p>
   </div>
   <div class='ocr_carea' id='block_1_101' title="bbox 516 5387 2176 5468">
    <p class='ocr_par' dir='ltr' id='par_1_101' title="bbox 516 5387 2176 5468">
     <span class='ocr_line' id='line_1_102' title="bbox 516 5387 2176 5468; baseline -0.005 -14"><span class='ocrx_word' id='word_1_852' title='bbox 516 5399 577 5454; x_wconf 89' lang='lat' dir='ltr'><strong>et</strong></span> <span class='ocrx_word' id='word_1_853' title='bbox 605 5389 681 5453; x_wconf 92' lang='lat' dir='ltr'><strong>ad</strong></span> <span class='ocrx_word' id='word_1_854' title='bbox 721 5407 904 5452; x_wconf 92' lang='lat' dir='ltr'><strong>unum</strong></span> <span class='ocrx_word' id='word_1_855' title='bbox 938 5387 1160 5451; x_wconf 90' lang='lat' dir='ltr'><strong>bonum</strong></span> <span class='ocrx_word' id='word_1_856' title='bbox 1179 5387 1589 5450; x_wconf 86' lang='lat' dir='ltr'><strong>tendunt.Non</strong></span> <span class='ocrx_word' id='word_1_857' title='bbox 1615 5388 1794 5468; x_wconf 83' lang='lat' dir='ltr'><strong>igitur</strong></span> <span class='ocrx_word' id='word_1_858' title='bbox 1817 5388 1875 5448; x_wconf 86' lang='lat' dir='ltr'><strong>in</strong></span> <span class='ocrx_word' id='word_1_859' title='bbox 1910 5387 2176 5465; x_wconf 88' lang='lat' dir='ltr'><strong>Deo,nec</strong></span> 
     </span>
    </p>
   </div>
   <div class='ocr_carea' id='block_1_102' title="bbox 519 5474 2172 5564">
    <p class='ocr_par' dir='ltr' id='par_1_102' title="bbox 519 5474 2172 5564">
     <span class='ocr_line' id='line_1_103' title="bbox 519 5474 2172 5564; baseline -0.005 -19"><span class='ocrx_word' id='word_1_860' title='bbox 519 5481 662 5564; x_wconf 90' lang='lat' dir='ltr'><strong>quid</strong></span> <span class='ocrx_word' id='word_1_861' title='bbox 694 5479 988 5551; x_wconf 84' lang='lat' dir='ltr'><strong>divinum,</strong></span> <span class='ocrx_word' id='word_1_862' title='bbox 1023 5496 1134 5541; x_wconf 89' lang='lat' dir='ltr'><strong>nec</strong></span> <span class='ocrx_word' id='word_1_863' title='bbox 1182 5497 1256 5541; x_wconf 84' lang='lat' dir='ltr'><strong>ex</strong></span> <span class='ocrx_word' id='word_1_864' title='bbox 1298 5477 1418 5540; x_wconf 90' lang='lat' dir='ltr'><strong>Deo</strong></span> <span class='ocrx_word' id='word_1_865' title='bbox 1455 5477 1679 5540; x_wconf 89' lang='lat' dir='ltr'><strong>malum</strong></span> <span class='ocrx_word' id='word_1_866' title='bbox 1719 5487 1814 5538; x_wconf 88' lang='lat' dir='ltr'><strong>est</strong></span> <span class='ocrx_word' id='word_1_867' title='bbox 1848 5497 1864 5555; x_wconf 86' lang='lat'><strong>;</strong></span> <span class='ocrx_word' id='word_1_868' title='bbox 1900 5476 1985 5536; x_wconf 90' lang='lat' dir='ltr'><strong>vel</strong></span> <span class='ocrx_word' id='word_1_869' title='bbox 2015 5474 2172 5537; x_wconf 90' lang='lat' dir='ltr'><strong>enim</strong></span> 
     </span>
    </p>
   </div>
   <div class='ocr_carea' id='block_1_103' title="bbox 513 5564 2175 5651">
    <p class='ocr_par' dir='ltr' id='par_1_103' title="bbox 513 5564 2175 5651">
     <span class='ocr_line' id='line_1_104' title="bbox 513 5564 2175 5651; baseline -0.007 -14"><span class='ocrx_word' id='word_1_870' title='bbox 513 5590 633 5638; x_wconf 86' lang='lat' dir='ltr'><strong>non</strong></span> <span class='ocrx_word' id='word_1_871' title='bbox 663 5570 857 5635; x_wconf 88' lang='lat' dir='ltr'><strong>bonus</strong></span> <span class='ocrx_word' id='word_1_872' title='bbox 878 5569 1031 5634; x_wconf 85' lang='lat' dir='ltr'><strong>etsic</strong></span> <span class='ocrx_word' id='word_1_873' title='bbox 1063 5584 1133 5632; x_wconf 83' lang='lat' dir='ltr'><strong>ex</strong></span> <span class='ocrx_word' id='word_1_874' title='bbox 1166 5567 1299 5651; x_wconf 83' lang='lat' dir='ltr'><strong>ipso</strong></span> <span class='ocrx_word' id='word_1_875' title='bbox 1329 5567 1552 5631; x_wconf 91' lang='lat' dir='ltr'><strong>malum</strong></span> <span class='ocrx_word' id='word_1_876' title='bbox 1578 5575 1669 5631; x_wconf 92' lang='lat' dir='ltr'><strong>est</strong></span> <span class='ocrx_word' id='word_1_877' title='bbox 1698 5565 1830 5642; x_wconf 89' lang='lat' dir='ltr'><strong>;vel</strong></span> <span class='ocrx_word' id='word_1_878' title='bbox 1861 5567 2015 5628; x_wconf 86' lang='lat' dir='ltr'><strong>bona</strong></span> <span class='ocrx_word' id='word_1_879' title='bbox 2036 5564 2175 5627; x_wconf 83' lang='lat' dir='ltr'><strong>facit</strong></span> 
     </span>
    </p>
   </div>
   <div class='ocr_carea' id='block_1_104' title="bbox 605 5731 1160 5811">
    <p class='ocr_par' dir='ltr' id='par_1_104' title="bbox 605 5731 1160 5811">
     <span class='ocr_line' id='line_1_105' title="bbox 605 5731 1160 5811; baseline -0.014 -8"><span class='ocrx_word' id='word_1_880' title='bbox 605 5754 632 5782; x_wconf 81' lang='grc' dir='ltr'>ο</span> <span class='ocrx_word' id='word_1_881' title='bbox 658 5731 865 5802; x_wconf 77' lang='lat' dir='ltr'><strong>Matth.</strong></span> <span class='ocrx_word' id='word_1_882' title='bbox 909 5748 1014 5811; x_wconf 86' lang='lat' dir='ltr'><strong>vn,</strong></span> <span class='ocrx_word' id='word_1_883' title='bbox 1056 5731 1160 5798; x_wconf 79' lang='grc'><strong>18.</strong></span> 
     </span>
    </p>
   </div>
   <div class='ocr_carea' id='block_1_105' title="bbox 2252 4940 3884 5026">
    <p class='ocr_par' dir='ltr' id='par_1_105' title="bbox 2252 4940 3884 5026">
     <span class='ocr_line' id='line_1_106' title="bbox 2252 4940 3884 5026; baseline -0.004 -28"><span class='ocrx_word' id='word_1_884' title='bbox 2252 4941 2392 4998; x_wconf 80' lang='grc' dir='ltr'>κακά</span> <span class='ocrx_word' id='word_1_885' title='bbox 2427 4942 2777 5001; x_wconf 77' lang='grc' dir='ltr'>σκεδαστικάο</span> <span class='ocrx_word' id='word_1_886' title='bbox 2813 4947 2978 5003; x_wconf 57' lang='grc' dir='ltr'>καλὸν</span> <span class='ocrx_word' id='word_1_887' title='bbox 3034 4947 3134 5025; x_wconf 81' lang='grc' dir='ltr'><strong>γάρ</strong></span> <span class='ocrx_word' id='word_1_888' title='bbox 3186 4945 3291 5003; x_wconf 81' lang='grc' dir='ltr'><strong>ἂπὸ</strong></span> <span class='ocrx_word' id='word_1_889' title='bbox 3346 4953 3436 5004; x_wconf 83' lang='grc' dir='ltr'>τοῦ</span> <span class='ocrx_word' id='word_1_890' title='bbox 3487 4945 3636 5026; x_wconf 80' lang='grc' dir='ltr'>χάζω</span> <span class='ocrx_word' id='word_1_891' title='bbox 3663 4943 3723 5001; x_wconf 81' lang='grc' dir='ltr'>τὸ</span> <span class='ocrx_word' id='word_1_892' title='bbox 3766 4940 3884 4995; x_wconf 72' lang='grc' dir='ltr'><strong>ὑπο⁸</strong></span> 
     </span>
    </p>
   </div>
   <div class='ocr_carea' id='block_1_106' title="bbox 2254 5027 3881 5112">
    <p class='ocr_par' dir='ltr' id='par_1_106' title="bbox 2254 5027 3881 5112">
     <span class='ocr_line' id='line_1_107' title="bbox 2254 5027 3881 5112; baseline -0.001 -26"><span class='ocrx_word' id='word_1_893' title='bbox 2254 5036 2422 5110; x_wconf 85' lang='grc' dir='ltr'>χωρῶ</span> <span class='ocrx_word' id='word_1_894' title='bbox 2457 5029 2724 5112; x_wconf 79' lang='grc' dir='ltr'>λέγεται·)</span> <span class='ocrx_word' id='word_1_895' title='bbox 2771 5037 2865 5091; x_wconf 82' lang='grc' dir='ltr'><strong>καί</strong></span> <span class='ocrx_word' id='word_1_896' title='bbox 2897 5041 3021 5112; x_wconf 78' lang='grc' dir='ltr'>μιᾶς</span> <span class='ocrx_word' id='word_1_897' title='bbox 3053 5042 3194 5107; x_wconf 76' lang='grc' dir='ltr'>ζωῆς</span> <span class='ocrx_word' id='word_1_898' title='bbox 3224 5040 3322 5102; x_wconf 80' lang='grc' dir='ltr'>τῆς</span> <span class='ocrx_word' id='word_1_899' title='bbox 3352 5035 3493 5098; x_wconf 79' lang='grc' dir='ltr'>θείας</span> <span class='ocrx_word' id='word_1_900' title='bbox 3548 5031 3734 5110; x_wconf 69' lang='grc' dir='ltr'>ἔκγονα</span> <span class='ocrx_word' id='word_1_901' title='bbox 3764 5027 3881 5100; x_wconf 74' lang='grc' dir='ltr'>ἐστι,</span> 
     </span>
    </p>
   </div>
   <div class='ocr_carea' id='block_1_107' title="bbox 2259 5118 3884 5202">
    <p class='ocr_par' dir='ltr' id='par_1_107' title="bbox 2259 5118 3884 5202">
     <span class='ocr_line' id='line_1_108' title="bbox 2259 5118 3884 5202; baseline 0 -28"><span class='ocrx_word' id='word_1_902' title='bbox 2259 5119 2350 5176; x_wconf 82' lang='grc' dir='ltr'>καὶ</span> <span class='ocrx_word' id='word_1_903' title='bbox 2406 5120 2538 5193; x_wconf 83' lang='grc' dir='ltr'>πρὸς</span> <span class='ocrx_word' id='word_1_904' title='bbox 2569 5122 2625 5179; x_wconf 82' lang='grc' dir='ltr'>ἓν</span> <span class='ocrx_word' id='word_1_905' title='bbox 2674 5125 2898 5182; x_wconf 83' lang='grc' dir='ltr'>τείνουσι</span> <span class='ocrx_word' id='word_1_906' title='bbox 2927 5125 2989 5182; x_wconf 83' lang='grc' dir='ltr'>τὸ</span> <span class='ocrx_word' id='word_1_907' title='bbox 3047 5124 3267 5202; x_wconf 80' lang='grc' dir='ltr'>ἀγαθόν,</span> <span class='ocrx_word' id='word_1_908' title='bbox 3303 5123 3488 5181; x_wconf 76' lang='grc' dir='ltr'>’Ὥστε</span> <span class='ocrx_word' id='word_1_909' title='bbox 3517 5121 3631 5180; x_wconf 70' lang='grc' dir='ltr'>οὔτε</span> <span class='ocrx_word' id='word_1_910' title='bbox 3660 5120 3711 5177; x_wconf 83' lang='grc' dir='ltr'>ἐν</span> <span class='ocrx_word' id='word_1_911' title='bbox 3765 5118 3884 5184; x_wconf 79' lang='grc' dir='ltr'><strong>Θτῷ,</strong></span> 
     </span>
    </p>
   </div>
   <div class='ocr_carea' id='block_1_108' title="bbox 2260 5205 3888 5292">
    <p class='ocr_par' dir='ltr' id='par_1_108' title="bbox 2260 5205 3888 5292">
     <span class='ocr_line' id='line_1_109' title="bbox 2260 5205 3888 5292; baseline -0.001 -28"><span class='ocrx_word' id='word_1_912' title='bbox 2260 5207 2377 5264; x_wconf 72' lang='grc' dir='ltr'>οὔτε</span> <span class='ocrx_word' id='word_1_913' title='bbox 2437 5207 2636 5292; x_wconf 71' lang='grc' dir='ltr'>ἔνθεον,</span> <span class='ocrx_word' id='word_1_914' title='bbox 2668 5211 2786 5270; x_wconf 70' lang='grc' dir='ltr'>οὔτε</span> <span class='ocrx_word' id='word_1_915' title='bbox 2841 5212 2901 5270; x_wconf 74' lang='grc' dir='ltr'><strong>ἐκ</strong></span> <span class='ocrx_word' id='word_1_916' title='bbox 2932 5220 3064 5271; x_wconf 81' lang='grc' dir='ltr'>Θεοῦ</span> <span class='ocrx_word' id='word_1_917' title='bbox 3095 5215 3157 5270; x_wconf 84' lang='grc' dir='ltr'>τὸ</span> <span class='ocrx_word' id='word_1_918' title='bbox 3206 5215 3396 5270; x_wconf 60' lang='grc' dir='ltr'><strong>κακὸν</strong></span> <span class='ocrx_word' id='word_1_919' title='bbox 3428 5213 3464 5282; x_wconf 76' lang='grc' dir='ltr'>ἢ</span> <span class='ocrx_word' id='word_1_920' title='bbox 3494 5212 3593 5292; x_wconf 79' lang='grc' dir='ltr'><strong>γάρ</strong></span> <span class='ocrx_word' id='word_1_921' title='bbox 3620 5209 3712 5265; x_wconf 81' lang='grc' dir='ltr'><strong>οὒκ</strong></span> <span class='ocrx_word' id='word_1_922' title='bbox 3765 5205 3888 5280; x_wconf 60' lang='lat'><strong>3:11-</strong></span> 
     </span>
    </p>
   </div>
   <div class='ocr_carea' id='block_1_109' title="bbox 2258 5295 3887 5380">
    <p class='ocr_par' dir='ltr' id='par_1_109' title="bbox 2258 5295 3887 5380">
     <span class='ocr_line' id='line_1_110' title="bbox 2258 5295 3887 5380; baseline -0.018 -4"><span class='ocrx_word' id='word_1_923' title='bbox 2258 5298 2348 5362; x_wconf 66' lang='grc' dir='ltr'><strong>θδς</strong></span> <span class='ocrx_word' id='word_1_924' title='bbox 2386 5297 2496 5379; x_wconf 65' lang='grc' dir='ltr'><strong>(καὶ</strong></span> <span class='ocrx_word' id='word_1_925' title='bbox 2557 5300 2724 5366; x_wconf 61' lang='grc' dir='ltr'><strong>οὕτως</strong></span> <span class='ocrx_word' id='word_1_926' title='bbox 2773 5302 2825 5369; x_wconf 77' lang='grc' dir='ltr'>ἐξ</span> <span class='ocrx_word' id='word_1_927' title='bbox 2874 5301 3074 5360; x_wconf 78' lang='grc' dir='ltr'>ἐκεινου</span> <span class='ocrx_word' id='word_1_928' title='bbox 3106 5301 3216 5360; x_wconf 76' lang='grc' dir='ltr'>ἐστὶ</span> <span class='ocrx_word' id='word_1_929' title='bbox 3272 5304 3332 5358; x_wconf 82' lang='grc' dir='ltr'>τὸ</span> <span class='ocrx_word' id='word_1_930' title='bbox 3378 5301 3590 5380; x_wconf 60' lang='grc' dir='ltr'>κακὸν),</span> <span class='ocrx_word' id='word_1_931' title='bbox 3623 5299 3658 5368; x_wconf 73' lang='grc' dir='ltr'><strong>ἢ</strong></span> <span class='ocrx_word' id='word_1_932' title='bbox 3710 5295 3887 5372; x_wconf 71' lang='grc' dir='ltr'>ἀγαθο-</span> 
     </span>
    </p>
   </div>
   <div class='ocr_carea' id='block_1_110' title="bbox 2259 5379 3887 5470">
    <p class='ocr_par' dir='ltr' id='par_1_110' title="bbox 2259 5379 3887 5470">
     <span class='ocr_line' id='line_1_111' title="bbox 2259 5379 3887 5470; baseline -0.001 -26"><span class='ocrx_word' id='word_1_933' title='bbox 2259 5401 2428 5463; x_wconf 82' lang='grc' dir='ltr'>ποιετ,</span> <span class='ocrx_word' id='word_1_934' title='bbox 2461 5391 2557 5447; x_wconf 73' lang='grc' dir='ltr'><strong>καὶ</strong></span> <span class='ocrx_word' id='word_1_935' title='bbox 2607 5396 2702 5451; x_wconf 69' lang='grc' dir='ltr'><strong>οὐκ</strong></span> <span class='ocrx_word' id='word_1_936' title='bbox 2758 5392 2818 5449; x_wconf 78' lang='grc' dir='ltr'><strong>ἐκ</strong></span> <span class='ocrx_word' id='word_1_937' title='bbox 2876 5393 3060 5450; x_wconf 76' lang='grc' dir='ltr'>τούτου</span> <span class='ocrx_word' id='word_1_938' title='bbox 3117 5393 3281 5452; x_wconf 78' lang='grc' dir='ltr'>ἐστίν.</span> <span class='ocrx_word' id='word_1_939' title='bbox 3316 5391 3444 5451; x_wconf 71' lang='grc' dir='ltr'><strong>Οὒδέ</strong></span> <span class='ocrx_word' id='word_1_940' title='bbox 3497 5379 3596 5470; x_wconf 76' lang='grc' dir='ltr'><strong>γάρ</strong></span> <span class='ocrx_word' id='word_1_941' title='bbox 3626 5387 3748 5446; x_wconf 77' lang='grc' dir='ltr'>ποτὲ</span> <span class='ocrx_word' id='word_1_942' title='bbox 3801 5379 3887 5457; x_wconf 67' lang='grc' dir='ltr'><strong>μὲν</strong></span> 
     </span>
    </p>
   </div>
   <div class='ocr_carea' id='block_1_111' title="bbox 2259 5469 3886 5558">
    <p class='ocr_par' dir='ltr' id='par_1_111' title="bbox 2259 5469 3886 5558">
     <span class='ocr_line' id='line_1_112' title="bbox 2259 5469 3886 5558; baseline -0.002 -23"><span class='ocrx_word' id='word_1_943' title='bbox 2259 5476 2453 5557; x_wconf 73' lang='grc' dir='ltr'>ἀγαθὸν</span> <span class='ocrx_word' id='word_1_944' title='bbox 2511 5480 2754 5558; x_wconf 76' lang='grc' dir='ltr'>παράξει,</span> <span class='ocrx_word' id='word_1_945' title='bbox 2789 5483 2918 5539; x_wconf 83' lang='grc' dir='ltr'>ποτὲ</span> <span class='ocrx_word' id='word_1_946' title='bbox 2982 5481 3036 5540; x_wconf 73' lang='grc' dir='ltr'>δὲ</span> <span class='ocrx_word' id='word_1_947' title='bbox 3068 5483 3253 5540; x_wconf 74' lang='grc' dir='ltr'>κακόν·</span> <span class='ocrx_word' id='word_1_948' title='bbox 3309 5469 3588 5539; x_wconf 79' lang='grc' dir='ltr'>ἀλλοίωσιν</span> <span class='ocrx_word' id='word_1_949' title='bbox 3645 5477 3740 5556; x_wconf 67' lang='grc' dir='ltr'><strong>γάρ</strong></span> <span class='ocrx_word' id='word_1_950' title='bbox 3779 5469 3886 5528; x_wconf 56' lang='grc' dir='ltr'>πεῖν</span> 
     </span>
    </p>
   </div>
   <div class='ocr_carea' id='block_1_112' title="bbox 2261 5560 3882 5651">
    <p class='ocr_par' dir='ltr' id='par_1_112' title="bbox 2261 5560 3882 5651">
     <span class='ocr_line' id='line_1_113' title="bbox 2261 5560 3882 5651; baseline -0.002 -26"><span class='ocrx_word' id='word_1_951' title='bbox 2261 5587 2430 5642; x_wconf 72' lang='grc' dir='ltr'>σεται,</span> <span class='ocrx_word' id='word_1_952' title='bbox 2464 5571 2549 5626; x_wconf 82' lang='grc' dir='ltr'><strong>καὶ</strong></span> <span class='ocrx_word' id='word_1_953' title='bbox 2607 5570 2766 5629; x_wconf 79' lang='grc' dir='ltr'><strong>ταῦτο</strong></span> <span class='ocrx_word' id='word_1_954' title='bbox 2799 5574 2924 5651; x_wconf 85' lang='grc' dir='ltr'><strong>περί</strong></span> <span class='ocrx_word' id='word_1_955' title='bbox 2982 5573 3109 5632; x_wconf 70' lang='grc' dir='ltr'>αὐτὸ</span> <span class='ocrx_word' id='word_1_956' title='bbox 3139 5573 3199 5630; x_wconf 82' lang='grc' dir='ltr'>τὸ</span> <span class='ocrx_word' id='word_1_957' title='bbox 3251 5569 3544 5647; x_wconf 81' lang='grc' dir='ltr'>θειότατον,</span> <span class='ocrx_word' id='word_1_958' title='bbox 3569 5569 3664 5634; x_wconf 74' lang='grc' dir='ltr'>τὴν</span> <span class='ocrx_word' id='word_1_959' title='bbox 3713 5560 3882 5620; x_wconf 73' lang='grc' dir='ltr'>αἰτίαν·</span> 
     </span>
    </p>
   </div>
  </div>
