4156 6156
1748 195 1777 212 ς

364 372 484 443 793
848 375 949 440 DE
993 373 1294 440 DIVINIS
1330 372 1788 453 NOMINIBUS,
1834 372 2001 438 CAP.
2048 368 2154 437 IV.
2200 402 2281 418 —
2322 369 2717 435 PARAPHR.
2762 370 3281 436 PACHYMEBIE.
3634 365 3753 434 794

365 508 426 568 Ei
466 504 522 564 δὲ
563 503 880 587 ἕτερόψέστι
910 506 1067 587 θεὸς,
1096 505 1184 563 καὶ
1215 504 1395 583 ἕτερον
1425 503 1479 562 ἐν
1511 505 1655 577 αότῷ
1680 504 1715 573 ἡ
1750 505 1847 561 τοῦ
1883 491 2012 580 ἀγα-

2099 508 2156 566 et
2186 507 2275 566 sic
2301 521 2372 566 ex
2402 501 2532 584 ipso
2561 521 2680 565 non
2703 502 3029 585 est.Neque
3050 504 3227 568 etiam
3259 502 3580 586 aliquando
3607 504 3749 585 qui-

363 601 454 656 θοῦ
518 594 755 676 ὕπαρξις,
801 596 935 654 κατά
992 592 1326 670 συμϐεϐηκὸς
1377 593 1441 651 ἂν
1498 594 1592 662 εἴη
1619 594 1680 651 τὰ
1703 594 1896 673 ἀγαθὸν
1933 596 2009 670 τῷ

2099 592 2234 655 dem
2266 592 2490 656 bonum
2516 595 2823 673 producet,
2866 595 3188 675 aliquando
3209 611 3347 657 vero
3383 595 3633 677 malum;
3664 594 3754 657 sic

364 690 500 762 Θεῷ·
532 685 671 745 ὥστε
703 687 790 744 καὶ
817 684 949 743 ποτὲ
980 685 1078 762 μὶν
1106 684 1255 742 ἔσται
1287 684 1418 747 Θεὸς
1449 682 1596 765 ἔχων
1627 685 1690 742 τὸ
1734 684 2012 762 γνώρίσμα

2099 682 2260 746 enim
2283 683 2673 747 mutationem
2691 688 2994 764 pateretur
3007 684 3183 748 etiam
3199 685 3361 747 circa
3378 684 3433 747 id
3453 684 3612 765 quod
3627 703 3753 747 om-

360 782 459 846 τῆς
486 777 782 852 θειότητος,
832 775 1087 855 τάγαθὸν,
1121 776 1253 832 ποτὲ
1299 772 1355 831 δὲ
1393 777 1489 834 οὒκ
1523 774 1699 849 ἔσται,
1735 773 2012 833 ἀποϐαλὼν

2102 773 2265 835 nium
2301 782 2391 835 est
2420 773 2884 850 divinissimum,
2918 774 3148 837 scilicet
3208 792 3474 839 causam.
3509 773 3571 837 Si
3614 791 3752 838 vero

363 866 513 927 αὐτό.
545 866 652 926 Καὶ
681 869 722 921 ετ
755 864 954 941 μεθέξει
998 872 1092 922 τοῦ
1144 864 1362 942 ἀγαθοῦ,
1401 863 1456 932 ἐξ
1487 864 1669 944 ἐτέρου
1701 862 1903 939 μεθέξει
1932 864 2012 922 καῖ

2103 862 2246 945 quid
2278 862 2434 925 aliud
2458 864 2536 925 sit
2556 865 2737 944 Deus,
2772 872 2830 926 et
2858 863 3015 926 aliud
3039 863 3098 924 in
3133 865 3261 945 ipso
3295 864 3434 925 boni
3470 864 3751 927 substan-

367 957 521 1031 ποτὲ,
554 956 685 1013 ποτὲ
716 953 770 1011 δὲ
801 955 860 1012 οὗ
891 953 1119 1034 μεθέξει,
1154 952 1290 1010 ἀλλά
1319 960 1412 1012 τοῦ
1442 962 1612 1014 κακοῦ
1656 953 1887 1029 μεθέξει·
1909 954 2011 1012 ὥσ-

2099 953 2200 1027 tia,
2237 954 2440 1034 utique
2464 972 2570 1033 per
2591 954 2871 1016 accidens
2901 954 2962 1015 in
2986 956 3105 1017 Deo
3140 954 3368 1015 bonum
3401 954 3558 1036 erit;
3586 955 3754 1018 etsic

363 1067 422 1103 τε
468 1045 556 1102 καὶ
601 1044 849 1124 μετέχων
901 1045 994 1102 τοῦ
1046 1045 1269 1123 ἀγαθοῦ,
1313 1046 1375 1102 τὸ
1418 1043 1614 1123 ἀγαθὸν
1655 1043 1898 1123 παράξει,
1933 1045 2010 1120 μὴ

2099 1042 2415 1119 aliquando
2448 1043 2690 1121 quidem
2728 1044 2863 1104 4ιῦ
2888 1043 3047 1106 Deus
3069 1044 3181 1105 erit
3212 1043 3439 1105 habens
3470 1044 3533 1104 in
3555 1063 3620 1106 se
3647 1064 3758 1106 no-

364 1134 610 1215 μτέχων
641 1132 696 1190 δὲ
724 1134 929 1209 τούτου,
956 1135 1017 1190 τὸ
1059 1140 1248 1213 κακὸν,
1278 1131 1407 1213 ὅπερ
1438 1132 1659 1197 ἄτοπον.
1692 1136 1799 1192 Οὔκ
1830 1133 1931 1209 ἄρα
1950 1133 2012 1191 ἐκ

2099 1140 2210 1194 tam
2240 1132 2828 1207 divinitatis,scilicet
2852 1133 3435 1215 bonum,aliquando
3460 1152 3598 1196 vero
3632 1152 3752 1196 non

365 1232 495 1283 Θεοῦ
519 1223 616 1294 ἢέν
632 1228 748 1298 Θεῷ
763 1226 824 1280 τὸ
843 1221 1153 1302 κακὸνρὸτε
1165 1222 1349 1287 απλῶς
1367 1221 1483 1280 οὔτε
1496 1245 1632 1281 κατα
1649 1247 1763 1282 τινα
1789 1224 1983 1305 χρόνον
1995 1270 2008 1286 .

2099 1222 2463 1295 erit,bonum
2493 1222 2983 1304 abjiciens.Quod
3015 1224 3064 1285 si
3093 1223 3753 1306 participetbonum,ex

361 1316 478 1378 alio
523 1311 904 1396 participabit
933 1320 996 1375 et
1043 1313 1386 1393 aliquando,
1420 1314 1781 1396 quandoque
1836 1332 1973 1377 vero
2015 1332 2134 1376 non
2195 1314 2596 1394 participabit,
2634 1314 2739 1378 sed
2802 1315 2940 1377 mali
2989 1315 3289 1396 particeps
3350 1315 3464 1376 erit
3500 1337 3515 1388 ;
3549 1324 3611 1379 et
3665 1316 3752 1376 sic

363 1404 589 1468 bonum
619 1403 859 1484 quidem
892 1402 1259 1482 participans
1289 1402 1536 1486 bonum,
1571 1423 1689 1466 non
1724 1404 2089 1485 participans
2118 1412 2317 1466 autem
2344 1405 2631 1484 producet
2661 1405 2902 1482 malum,
2938 1405 3095 1487 quod
3124 1412 3214 1467 est
3241 1403 3592 1468 absurdum.
3622 1402 3751 1467 Non

360 1494 564 1574 itaque
593 1510 670 1555 ex
700 1494 846 1564 Deo,
881 1492 972 1554 vel
1005 1499 1065 1553 in
1096 1492 1219 1556 Deo
1255 1495 1497 1576 malum,
1536 1512 1735 1576 neque
1770 1495 2047 1572 omnino,
2081 1513 2278 1576 neque
2308 1504 2477 1558 certo
2509 1504 2807 1577 tempore.

440 1584 680 1665 §XXIL
704 1582 743 1608 ”
776 1592 864 1642 Ετι
894 1581 949 1640 δὲ
994 1582 1099 1640 οὐδ’
1144 1583 1198 1638 ἐν
1229 1583 1477 1662 ἀγγέλοις
1528 1585 1638 1642 ἐστὶ
1668 1587 1728 1642 τὸ
1756 1587 1945 1650 κακόν,
1982 1589 2010 1643 ὁ

360 1675 460 1754 γὰρ
490 1672 719 1753 ἅγγελος
750 1673 905 1730 εἰκών
945 1675 1058 1729 εστι
1105 1676 1196 1730 τοῦ
1228 1681 1383 1750 Θεοῦ,
1426 1689 1605 1732 εκεϊνο
1648 1676 1723 1733 ὥν
1753 1674 2008 1756 δευτέρως

361 1764 498 1820 κατά
547 1762 774 1839 μέθεξιν.
835 1762 965 1840 ὅπερ
1016 1762 1239 1839 πρώτως
1274 1764 1390 1821 κατ’
1425 1766 1586 1821 εἷτίαν
1632 1769 1693 1822 τὸ
1737 1766 2008 1844 ἀγγελλὸο
2036 1756 2071 1805 Β

362 1876 546 1930 μενον,
601 1875 891 1933 φανερωσις
946 1859 1040 1909 τοῦ
1089 1855 1318 1933 ἀφανοῦς
1366 1857 1567 1934 φωτὸς,
1620 1857 1706 1911 καὶ
1755 1855 2008 1935 ἔσοπτρον

364 1942 712 2001 διειδέστατον
752 1940 1125 2022 εἷσδεχόμενον
1168 1944 1262 2007 τὰς
1304 1950 1402 2011 τῆς
1454 1945 1780 2021 ὡραιότητος
1830 1948 2008 2024 lagani-

365 2050 493 2099 σεις·
528 2038 614 2089 καὶ
646 2038 852 2110 αμιγῶς
910 2034 1041 2111 πρὸς
1099 2035 1160 2089 τὸ
1232 2040 1423 2113 κακὸν,
1482 2033 1644 2113 ἤγουν
1687 2036 2007 2113 ἀγαθοειδῶς

366 2122 676 2199 ἀναλάμπον
732 2123 783 2177 ἐν
831 2123 1001 2194 ἐαυτῷ
1054 2125 1105 2178 τὸ
1166 2124 1359 2202 ἀγαθὸν
1390 2123 1485 2192 τῆς
1544 2124 1762 2203 κρυφίαις
1823 2131 2004 2204 σιγῆςο

367 2213 462 2271 οὒκ
504 2210 603 2288 ἄρα
634 2209 747 2270 οὐδὲ
779 2211 832 2268 ἐν
861 2211 1108 2289 ἀγγέλοις
1158 2212 1267 2269 ἐστὶ
1326 2215 1385 2270 τὸ
1428 2212 1614 2274 κακόν.
1666 2212 1752 2271 Ἐν
1799 2213 2008 2279 ἀδύτοις

366 2300 422 2358 δὲ
450 2307 638 2383 σιγὴν,
678 2303 776 2370 τὴν
820 2301 959 2357 θείαν
1018 2304 1145 2382 φησί
1204 2301 1550 2380 κροφιότητα·
1614 2307 1871 2383 σιγῶνται
1907 2306 2007 2382 γὰρ

369 2395 455 2450 καὶ
484 2394 549 2449 τὰ
578 2390 741 2467 ἄτιμα
770 2389 836 2447 δι’
867 2393 1221 2472 αἰσχρότητα,
1259 2400 1539 2470 σιγῶνται,
1573 2391 1628 2448 δὲ
1650 2397 1736 2451 καὶ
1764 2397 1831 2454 τά
1861 2395 2005 2451 ἕντι-

365 2504 440 2555 μα
483 2484 570 2539 καὶ
609 2483 676 2538 τὰ
702 2485 823 2537 θεῖα
852 2482 937 2537 ὀιά
966 2481 1272 2556 τιμιότητα,
1308 2484 1392 2538 καί
1421 2490 1514 2540 τοῦ
1557 2483 1635 2559 μή
1669 2483 1818 2565 ἔχειν
1849 2483 2010 2562 ἐξαγ-

356 2571 537 2649 γεῖλαι
586 2578 751 2628 ταῦτα
782 2570 834 2626 ἐν
866 2570 1074 2635 ἀδύτοις
1132 2572 1370 2645 κείμενν
1425 2571 1557 2630 ὅπου
1605 2575 1720 2637 νοῦς
1753 2574 1812 2630 οὗ
1842 2573 2011 2632 διεισ-

359 2659 518 2735 δύνει,
550 2668 645 2718 κᾶν
678 2660 795 2717 λίαν
823 2662 1048 2739 καθαρὸς
1092 2660 1152 2737 ᾗ,
1200 2664 1286 2717 καὶ
1337 2660 1405 2717 δι’
1452 2662 1717 2739 ἀγιότητα
1768 2662 2012 2722 διαδατι-

358 2751 620 2814 κώτατος,
654 2749 805 2807 Ἀλλ’
839 2750 984 2806 εἴποι
1018 2771 1122 2823 τις,
1157 2748 1238 2806 ὅτι
1269 2750 1431 2807 κακοὶ
1460 2754 1505 2808 οἱ
1536 2750 1780 2832 ἄγγελοι,
1813 2756 1887 2818 ὡς
1919 2775 2014 2810 κο·

358 2842 623 2905 λαστικοί,
697 2840 818 2897 Λύει
875 2846 1000 2919 γοῦν
1060 2842 1157 2907 τὴν
1234 2841 1491 2899 ἀντίθεσιν
1569 2842 2004 2924 φιλοσοῳώτατα*

358 2938 570 3011 πρῶτον
621 2930 717 3006 μὲν
775 2929 883 2987 ἀπὸ
930 2932 1032 2986 τῶν
1073 2929 1257 3008 ἱερέων
1300 2933 1410 2989 τῶν
1457 2932 1824 3011 ἀπειργόντων
1883 2934 2008 2998 τοὺς

359 3021 597 3088 ἀναξίους
632 3020 741 3077 τῶν
768 3020 920 3077 θείων
975 3021 1300 3099 μυστηρίωνθ
1364 3020 1546 3080 ἔπειτα
1592 3022 1764 3101 λέγει,
1788 3023 1878 3081 ὅτι
1913 3025 2009 3081 οὔ·

2180 1584 2394 1664 §XXlL
2423 1585 2577 1659 Quin
2611 1576 2685 1647 ne
2716 1584 2777 1647 in
2808 1584 3037 1664 angelis
3068 1583 3311 1666 quidem
3340 1594 3428 1647 est
3454 1576 3756 1661 malum,si

2098 1675 2341 1753 quidem
2371 1676 2617 1756 angelus
2641 1676 2833 1755 imago
2859 1676 2965 1739 Dei
2999 1684 3110 1757 est,
3145 1675 3204 1735 id
3236 1676 3431 1757 ipsum
3463 1674 3755 1738 exsistens

2092 1766 2421 1827 secundum
2451 1766 2959 1847 participationem
2993 1765 3259 1827 secundo
3308 1764 3542 1837 ordine,
3591 1763 3750 1843 quod

2093 1856 2423 1918 secundum
2437 1874 2673 1919 causam
2705 1864 2795 1919 est
2813 1856 2869 1918 id
2891 1856 3045 1937 quod
3070 1857 3411 1917 enuntiatur
3432 1855 3753 1936 primn,ar-

2094 1948 2222 2008 cani
2256 1946 2500 2008 luminis
2534 1946 2858 2009 ileclaratio
2900 1955 2961 2011 et
2989 1947 3300 2027 speculum
3335 1946 3748 2026 purissimum,

2094 2037 2416 2097 venustatis
2448 2039 2681 2116 species
2717 2037 3046 2116 excipiens,
3078 2046 3135 2098 et
3181 2055 3214 2098 a
3248 2038 3402 2098 malo
3434 2035 3750 2111 impolluta

2091 2127 2216 2186 sive
2250 2124 2741 2189 boniformiterin
2768 2127 3092 2207 semetipso
3108 2125 3496 2206 resplendere
3517 2124 3749 2187 faciens

2092 2215 2292 2278 arcani
2309 2215 2467 2277 illius
2479 2216 2697 2279 silentii
2717 2215 3223 2297 bonitatem;ergo
3246 2216 3419 2278 etiam
3434 2215 3495 2276 in
3519 2213 3750 2293 angelis

2094 2322 2214 2365 non
2245 2311 2337 2365 est
2356 2305 2598 2368 malum.
2629 2305 2952 2370 Silentium
3009 2313 3207 2368 autem
3241 2304 3396 2386 quod
3444 2304 3503 2366 in
3562 2301 3756 2385 adytis

2092 2401 2202 2468 est,
2231 2405 2404 2457 vocat
2425 2394 2691 2457 divinum
2725 2396 2866 2456 illud
2902 2413 3212 2470 arcanum;
3239 2394 3536 2475 siquidem
3566 2393 3624 2455 id
3656 2393 3749 2454 si-

2096 2480 2218 2544 lent
2239 2499 2338 2544 res
2368 2483 2512 2545 viles
2536 2493 2778 2566 propter
2798 2502 2961 2546 suam
2995 2483 3461 2565 deformitatem,
3481 2502 3583 2546 res
3608 2500 3750 2544 vero

2093 2571 2373 2651 pretiosae
2395 2592 2463 2634 ac
2483 2573 2692 2636 divinae
2721 2574 2868 2637 illud
2889 2574 3069 2636 silent
3092 2574 3488 2654 proptertejus
3501 2590 3753 2635 venera-

2098 2662 2632 2745 tionem,quodque
2658 2683 2777 2727 non
2799 2664 3031 2728 valeant
3051 2663 3369 2727 enuntiare
3389 2663 3494 2725 illa
3523 2680 3658 2743 qua)
3690 2661 3751 2723 in

2094 2751 2282 2832 adytis
2305 2752 2640 2835 latent,quo
2671 2772 2839 2817 mens
2870 2754 3032 2817 nulla
3063 2752 3750 2835 penetrat,quantumvis

2097 2858 2244 2921 pura
2273 2844 2440 2922 sit,et
2487 2854 2734 2924 propter
2785 2844 3160 2907 sanctitatem
3199 2840 3749 2924 perspicacissima.

2092 2932 2276 3008 Atqui
2309 2931 2471 2995 dicet
2493 2933 2709 3015 aliquis
2742 2935 2927 2997 malos
2976 2953 3110 2997 esse
3139 2934 3382 3011 angelos
3442 2932 3603 3014 quod
3638 2950 3755 3012 pu-

2096 3020 2283 3085 niant.
2318 3021 2487 3085 Hanc
2541 3023 2943 3103 objectionem
2972 3024 3417 3106 sapientissime
3450 3020 3749 3100 dissolvit,

359 3134 419 3170 τε
462 3113 587 3170 αὐτὸ
644 3113 705 3168 τὸ
759 3109 1070 3181 κολάζεσθαί
1116 3132 1259 3192 τινα,
1316 3114 1506 3169 κακόν·
1578 3111 1850 3177 παίδευσις
1910 3115 2011 3193 γὰρ

2099 3113 2355 3190 primum
2384 3130 2419 3173 a
2460 3113 2907 3196 sacerdotibus,
2961 3116 3063 3196 qui
3123 3114 3406 3195 indignos
3459 3132 3495 3176 a
3530 3108 3757 3174 divinis

360 3207 498 3277 ἔστι,
552 3202 638 3258 καὶ
691 3201 728 3270 ἡ
765 3198 1031 3264 παίδευσις
1074 3200 1296 3279 ἀγαθὸν,
1342 3200 1461 3260 οὔτε
1485 3203 1533 3259 οἱ
1566 3201 1880 3275 κολάζοντες
1911 3226 2012 3261 κα-

2103 3202 2394 3281 mysteriis
2418 3203 2873 3277 arcent;deinde
2895 3205 3063 3286 dicit,
3084 3225 3157 3267 ne
3189 3204 3249 3267 id
3280 3206 3473 3286 ipsum
3506 3201 3752 3283 quidem

362 3291 468 3350 κοί’
501 3289 714 3364 εἴρηται
744 3289 864 3367 γάρ·
901 3290 972 3348 05
1029 3289 1129 3367 γὰρ
1186 3289 1302 3358 εἰκῆ
1363 3291 1464 3358 τὴν
1510 3290 1788 3370 μάχαιραν
1836 3303 2012 3371 φορεῖ·

2101 3291 2322 3353 malum
2349 3309 2503 3368 esse,
2554 3294 2767 3374 punire
2807 3295 3095 3375 aliquem,
3144 3296 3424 3377 quoniam
3458 3289 3753 3377 correctio

362 3380 603 3443 διάκονος
685 3377 787 3458 γάρ
847 3377 962 3437 ἐστι
1022 3386 1155 3466 Θεοῦ
1223 3380 1296 3444 εἰς
1353 3380 1516 3459 ὀργὴν
1588 3386 1666 3453 τῷ
1720 3382 1783 3438 τὸ
1852 3382 2012 3438 κακὸν

2100 3389 2210 3460 est,
2242 3381 2537 3445 correctio
2557 3393 2757 3447 autem
2782 3383 2959 3464 bona,
2989 3375 3185 3466 neque
3203 3384 3303 3465 qui
3325 3381 3579 3462 puniunt
3608 3375 3753 3440 mali

363 3470 681 3550 πράσσοντι,
735 3469 933 3526 Λοιπὸν
981 3465 1244 3524 εἰσϐάλλει
1301 3470 1374 3531 εἷς
1431 3471 1531 3537 τὴν
1561 3467 1710 3526 λύσιν
1738 3473 1836 3539 τῆς
1876 3492 2014 3549 προ..

362 3557 616 3636 κειμένης
646 3558 890 3637 ἀπορίας,
929 3558 1016 3612 καί
1063 3578 1251 3636 φησιν,
1295 3556 1376 3614 ὅτί
1405 3556 1523 3614 οὔδε
1554 3560 1599 3616 0i
1634 3557 1878 3634 δαίμονες
1909 3559 2011 3638 φύ-

363 3670 445 3706 σει
499 3648 655 3705 κακοί
737 3654 902 3706 Τοῦτο
985 3653 1108 3724 γοῦν
1159 3646 1218 3703 ἐκ
1273 3645 1537 3705 πλειόνων
1604 3648 2009 3720 κατασκευάζεισ

362 3745 589 3819 πρῶτων
648 3739 771 3814 μὲν,
820 3741 938 3801 πῶς
993 3734 1220 3812 ἔμελλον
1303 3741 1648 3819 παραχθῆναι
1704 3736 1755 3805 ἒξ
1817 3738 2018 3817 ἀγαθοῦ

366 3834 613 3904 ποιητοῦ,
672 3829 759 3885 ναὶ
812 3825 969 3905 ἄλλο,
1016 3825 1097 3884 ὅτι
1156 3827 1241 3883 καὶ
1298 3825 1349 3893 ἐξ
1410 3827 1620 3905 ἀγαθῶν
1677 3825 2015 3902 μεταϐολονς

366 3919 420 3975 αἰ
446 3925 569 3995 γοῦν
599 3917 719 3975 κατ’
751 3914 1044 3974 ἀλλοίωαιν
1079 3913 1368 3992 μεταϐολαὶ
1416 3918 1476 3974 οὒ
1505 3916 1624 3975 κατ’
1655 3919 1834 3975 οὖσίαν
1865 3919 2013 3991 εἰσὶν,

363 4006 502 4065 ἀλλά
553 4008 690 4066 κατά
743 4009 803 4063 τὸ
861 4008 1041 4085 ποιὸν,
1105 4005 1285 4084 ὤτπερ
1346 4007 1396 4063 αἱ
1466 4008 1603 4063 κατὰ
1655 4005 1871 4075 αὔξησιν
1929 4009 2022 4065 καὶ

2097 3477 2258 3544 sunt,
2292 3469 2517 3533 dictum
2548 3480 2638 3534 est
2657 3473 2851 3537 enim:
2887 3474 3021 3538 Non
3050 3476 3215 3537 enim
3235 3475 3366 3535 sine
3395 3487 3584 3534 causa
3619 3468 3754 3550 gla-

2098 3561 2268 3623 dium
2290 3568 2514 3640 portat;
2531 3562 2640 3626 Dei
2663 3567 2826 3626 enim
2848 3564 3133 3627 minister
3148 3562 3562 3635 est,oinde:cin
3590 3562 3751 3625 iram

2100 3650 2157 3712 ei
2203 3652 2316 3730 qui
2367 3650 2527 3713 male
2564 3655 2696 3734 agit
2722 3653 2773 3718 ά.
2816 3656 3105 3719 Caeterum
3137 3652 3496 3716 solutionem
3531 3670 3752 3733 propo-

2100 3739 2235 3801 sitae
2265 3740 2609 3817 quaestionis
2626 3743 3512 3825 prosequitur,etait,uectipsos
3533 3741 3756 3805 daamo-

2102 3846 2210 3891 nes
2260 3838 2469 3893 natura
2502 3833 2691 3896 malos
2740 3851 2897 3897 esse.
2938 3833 3063 3896 Hoc
3095 3853 3167 3897 ex
3198 3833 3464 3914 pluribus
3496 3832 3747 3913 probat:

2101 3921 2358 4002 primum
2375 3920 2948 4004 quidem,quomodo
2967 3923 3232 4001 alioquin
3248 3942 3278 3986 a
3303 3923 3459 3985 bono
3476 3920 3762 3986 Creatore

2102 4008 2350 4089 cenditi,
2386 4017 2444 4071 et
2473 4011 2633 4073 aliud
2665 4013 2809 4093 sint,
2843 4013 3124 4093 quoniam
3150 4030 3219 4074 ex
3278 4012 3451 4072 bonis
3503 4011 3712 4071 mutati
3740 4009 3764 4070 ‘.’

367 4101 610 4175 μείωτιν,
665 4096 803 4154 κατὰ
832 4097 893 4153 τὸ
926 4095 1109 4153 ποσόν·
1157 4098 1193 4164 ἡ
1223 4094 1277 4152 δὲ
1324 4095 1448 4154 κατ’
1476 4096 1655 4153 οὐσίαν
1715 4095 2012 4172 μεταϐολὴ,

2105 4098 2466 4161 mutationes
2487 4100 2645 4161 enim
2663 4119 2794 4181 quae
2815 4109 2953 4162 sunt
2973 4100 3303 4162 secundum
3318 4098 3757 4178 alterationem,

367 4185 671 4265 ἢγέννησίς
728 4184 894 4264 ἐστιν,
927 4184 962 4253 ἢ
994 4186 1183 4264 φθορά.
1243 4185 1401 4244 Ἐπεὶ
1460 4185 1548 4242 οὖν
1587 4184 1737 4250 ὄντες
1793 4183 2012 4262 μετέϐα-

2113 4204 2232 4248 non
2262 4196 2399 4249 sunt
2439 4189 2767 4251 secundum
2824 4190 3239 4261 substantiam,
3284 4188 3391 4251 sed
3431 4187 3763 4251 secundum

367 4277 485 4355 λον,
518 4273 642 4349 ἔδει,
677 4275 722 4331 ei
750 4271 870 4332 κατ’
902 4275 1082 4331 οὖσίαν
1133 4272 1452 4349 μετέϐαλον,
1492 4275 1774 4353 φθαρῆναι,
1829 4278 1919 4333 καὶ
1954 4278 2012 4333 εἷς

2113 4276 2642 4357 qualitatem,sicut
2666 4279 2788 4342 illae
2807 4299 2939 4362 quae
2961 4287 3100 4341 sunt
3129 4277 3459 4342 secundum
3483 4295 3762 4356 augmen-

365 4367 430 4424 τὸ
458 4366 536 4441 μὴ
564 4365 625 4421 ’ὃν
658 4363 854 4422 ἐλθεῖν
890 4362 1009 4421 ἀλλ’
1070 4361 1178 4422 ἰδού
1223 4365 1363 4420 εἶσιν
1408 4363 1578 4421 obviat
1637 4362 1813 4443 ἀυλοι,
1851 4366 1896 4421 εί
1943 4388 2010 4423 κα

2114 4371 2238 4426 tum
2263 4361 3191 4444 autdecremmlumﬁecundum
3207 4365 3764 4448 quantitatem;mu-

368 4454 486 4513 κατ’
520 4453 684 4512 ἄλλον
711 4454 906 4532 τρόπον
937 4457 1033 4513 οὒκ
1064 4457 1204 4511 εἶναι
1250 4452 1519 4532 λέγονται,
1578 4454 1711 4512 καθὸ
1742 4456 1919 4515 κακοί.
1955 4456 2012 4511 Σί

375 4544 415 4558 ...
605 4545 617 4558 .
824 4541 2012 4558 ...,η.........,-..

2114 4455 2257 4558 tatio
2288 4464 2484 4518 autem
2530 4459 2858 4521 secundum
2892 4456 3612 4537 substantiam,generatio
3645 4465 3760 4558 est,

368 4544 426 4602 δὲ
454 4545 780 4621 σημείωααι,
822 4543 904 4601 ὅτι
936 4541 1066 4600 ἄλλο
1093 4543 1206 4602 εστὶ
1234 4544 1294 4600 τὸ
1323 4544 1400 4605 εἷς
1429 4543 1492 4600 τὸ
1523 4542 1601 4617 μὴ
1640 4542 1699 4598 ’ὃν
1731 4542 1904 4601 ἐλθεῖν
1936 4546 2012 4602 καῖ

2110 4542 2206 4605 vel
2239 4546 2567 4623 corruptio.
2603 4545 2751 4609 Cum
2797 4547 2991 4629 itaque
3025 4547 3232 4608 mutati
3264 4546 3407 4627 sint,
3446 4544 3766 4626 oportebat

369 4638 653 4714 φθαρῆναι,
700 4635 786 4692 καὶ
815 4631 947 4692 ἄλλο
991 4633 1070 4708 μὴ
1123 4632 1268 4689 εἶναί
1296 4655 1368 4690 τι.
1406 4630 1500 4697 Ὠς
1529 4633 1629 4711 γὰρ
1658 4634 1692 4701 ἦ
1725 4633 1953 4711 γένεσις,
1988 4636 2012 4699 ἦ

2111 4633 2291 4712 eos,5i
2331 4634 2661 4697 secundum
2694 4635 3079 4698 substantiam
3113 4635 3318 4697 mutati
3340 4636 3759 4708 essent,inter-

368 4725 470 4800 μὲν
502 4722 689 4790 ἀπλῶς
732 4725 900 4799 ἑστιν,
929 4724 1005 4786 ὡς
1036 4724 1071 4791 ἡ
1101 4719 1222 4780 κατ’
1256 4723 1458 4780 οὖσίαν*
1496 4723 1528 4791 ἡ
1574 4719 1625 4777 δὲ
1669 4722 1804 4779 κατά
1834 4745 1908 4797 τι,
1953 4724 2012 4780 ib.-

2112 4723 2221 4802 ire,
2248 4732 2305 4784 et
2334 4723 2394 4785 in
2439 4724 2693 4786 nihilum
2718 4726 2911 4799 abire;
2944 4725 3048 4788 sed
3082 4744 3225 4788 ecce
3253 4732 3390 4786 sunt
3418 4723 3764 4786 substantiae

368 4816 406 4883 ἡ
433 4814 552 4872 κατ’
610 4812 919 4893 ἀλλοίωςιν,
975 4810 1117 4870 οὕτω
1175 4813 1265 4870 καὶ
1294 4813 1328 4880 ἡ
1370 4812 1559 4890 φθορὰ,
1594 4813 1626 4880 ἡ
1660 4812 1758 4886 μὲν
1816 4811 2012 4872 ἀπλῶςχ

2110 4812 2562 4889 immateriales,
2601 4816 2836 4878 tametsi
2856 4815 3182 4878 secundum
3202 4814 3385 4877 alium
3412 4813 3651 4875 modum
3678 4812 3768 4876 di-

371 4906 408 4974 ἡ
438 4902 559 4962 κατ’
588 4903 790 4984 ὠσίαν,
821 4905 856 4973 ἡ
900 4900 956 4960 δὲ
1010 4902 1146 4960 διατά
1196 4924 1271 4978 τι,
1325 4903 1361 4971 ἡ
1412 4899 1532 4959 κατ’
1582 4899 1888 4962 ἀλλοίωαιν.
1925 4904 2012 4972 Τὴ·

2116 4910 2327 4963 cantur
2357 4922 2475 4964 non
2509 4904 2731 4978 esse,in
2762 4914 3049 4983 quantum
3085 4905 3221 4965 mali
3256 4910 3412 4964 sunt.
3446 4903 3535 4965 Tu
3563 4911 3765 4965 autem

374 4992 500 5072 γοῦν
576 4993 937 5063 ἀλλοιωτικὴν
1029 4992 1222 5073 φθορὰν
1296 4990 1617 5055 πεπονθότες
1653 5038 1671 5063 ,
1764 4994 1858 5049 οὑκ
1936 4993 2012 5051 εἴ·

2114 4991 2430 5053 considera
2459 4993 2599 5053 ωε
2623 4993 2780 5074 quod
2811 4993 2971 5055 aliud
3003 4998 3098 5066 sit,
3136 4992 3196 5054 in
3231 4992 3480 5054 nihilum
3512 4991 3678 5055 abire
3694 5010 3764 5056 ac

376 5105 460 5140 ναι
503 5081 772 5163 λέγονται⁹
805 5082 904 5152 την
960 5078 1016 5138 δὲ
1067 5080 1189 5139 κατ’
1247 5081 1425 5140 οὒτίαν
1474 5079 1552 5154 μὴ
1601 5079 1839 5158 γνόντες,
1865 5081 2012 5161 (ἀθάι

2114 5080 2383 5151 interire,
2421 5091 2478 5143 et
2507 5082 2668 5144 aliud
2714 5102 2829 5144 non
2873 5101 3005 5144 esse
3053 5081 3387 5163 quidpiam.
3418 5081 3579 5146 Sicut
3602 5082 3763 5145 enim

377 5173 524 5230 νατόι
553 5171 707 5254 γέρ,)
739 5173 799 5230 οὗ
847 5170 1093 5250 λέγονται
1147 5173 1407 5250 φθαρῆναι
1462 5170 1549 5226 καὶ
1608 5171 1681 5233 εἰς
1727 5170 1787 5226 τὸ
1846 5171 1926 5245 μὴ
1969 5171 2012 5228 Si

2111 5170 2419 5249 generatio
2449 5170 2563 5233 alia
2597 5172 2835 5253 quidem
2887 5171 3139 5254 simplex
3170 5180 3283 5243 est,
3317 5184 3383 5236 ut
3428 5172 3761 5236 secundum

386 5260 586 5325 ξλθιτν,
614 5313 621 5321 .
2111 5259 2498 5321 substantiam
2532 5284 2548 5334 ;
2582 5261 2696 5323 alia
2719 5280 2855 5323 vero
2876 5262 3205 5325 secundum
3239 5262 3400 5325 aliud
3424 5273 3534 5330 est,
3573 5270 3635 5323 ut
3666 5280 3759 5322 ae-

384 5350 648 5412 cuudum
707 5348 1120 5413 alterationem
1156 5367 1175 5424 ;
1217 5347 1300 5409 ita
1328 5351 1502 5409 etiam
1553 5346 1885 5428 corruptio,
1918 5347 2035 5410 alia
2064 5357 2153 5410 est
2211 5349 2584 5429 simpliciter,
2615 5369 2747 5432 quae
2776 5351 3112 5414 secundum
3169 5350 3555 5415 substantiam
3588 5371 3603 5431 ;
3650 5351 3764 5411 alia

383 5456 524 5502 vero
554 5439 891 5503 secundum
920 5438 1090 5521 quid,
1116 5455 1247 5520 quae
1294 5435 1622 5499 secundum
1654 5436 2089 5502 alterationem.
2122 5436 2288 5512 Quod
2342 5439 2543 5520 itaque
2574 5441 3025 5522 corruptionem
3055 5442 3417 5505 alterativam
3445 5438 3764 5517 subierint,

381 5528 671 5592 dicuntur
699 5545 821 5591 non
864 5545 999 5591 esse
1020 5544 1047 5617 7;
1080 5524 2002 5617 cumautemillamsecundum
2034 5525 2425 5593 substantiam
2472 5528 2804 5612 ignorarint
2837 5531 3147 5617 (quoniam
3181 5528 3550 5593 immortales
3604 5529 3773 5605 sunt)

383 5637 510 5681 non
545 5618 830 5681 dicuntur
856 5616 1104 5683 interire
1133 5623 1192 5680 et
1222 5614 1286 5678 in
1321 5614 1577 5678 nihilum
1608 5612 1801 5681 abire.

466 5742 495 5786 ά
525 5741 708 5806 Rom.
739 5755 867 5819 xm,
899 5739 963 5806 4.
