4156 6156
444 341 565 422 795

1607 363 1671 429 S.
1747 364 2098 432 DIONYSII
2166 363 2673 433 AREOPAGITE

3710 368 3832 441 796

528 503 558 586 §
585 496 798 570 XXIII.
827 500 1055 572 Deinde
1111 505 1383 573 dividens
1412 509 1508 573 hic
1541 519 1800 586 sanctus,
1831 511 2044 593 quaerit
2076 531 2090 576 :

2256 502 2531 585 §XXIIL
2595 496 2835 564 εἜπειτα
2893 504 3106 586 διαιρῶν
3142 507 3347 588 id?ch
3403 509 3599 590 ἐρωτᾷο
3659 515 3827 572 Κακοῐ

449 593 513 659 Si
544 596 683 658 mali
706 596 1071 673 sunt,sibine
1094 600 1231 660 mali
1270 607 1428 676 sunt,
1462 619 1536 663 an
1567 601 1700 664 aliis
1728 601 1829 664 ?Si
1851 602 2089 678 sibi,se-

449 686 811 768 quitur,illos
833 707 898 750 se
920 688 1082 770 ipsos
1106 690 1627 772 interimere(nam
1652 693 1870 754 malum
1895 693 2095 754 interi-

452 776 652 840 mendi
673 778 790 838 vim
823 777 1051 858 habet);
1084 795 1292 842 verum
1327 800 1444 842 non
1467 781 1548 844 ita
1565 800 1629 843 se
1651 799 1748 843 res
1780 781 2095 846 habet.Sin

451 865 585 928 aliis
599 866 859 948 (rursum
871 867 1229 950 distinguit.)
1245 871 1400 945 Quid
1416 869 2057 934 interimunt?Substan
2077 902 2091 914 -

453 956 679 1020 tiamne
697 961 810 1022 ?an
835 960 1155 1038 potentiam
1177 969 1235 1023 et
1254 961 1546 1023 actionem
1571 959 1775 1033 ?(talis
1804 960 2091 1022 differen—

454 1049 532 1109 tia
558 1057 648 1110 est
675 1050 829 1111 inter
843 1052 1161 1130 potentiam
1189 1061 1245 1113 et
1265 1052 1580 1133 actionem,
1607 1050 1800 1131 qualis
1825 1059 1916 1112 est
1940 1051 2093 1113 inter

450 1136 718 1201 habitum
750 1149 807 1200 et
834 1141 1237 1218 operationem
1261 1159 1329 1202 ex
1361 1140 1599 1217 habitu;
1632 1160 1687 1203 v.
1712 1161 1769 1220 g.
1797 1139 2085 1220 potentia,

450 1226 601 1308 ignis
631 1237 719 1290 est
746 1229 1105 1311 calefactiva,
1139 1232 1290 1292 actio
1313 1240 1508 1293 autem
1539 1239 1626 1293 est
1648 1229 1951 1292 calefactio
1974 1231 2088 1293 ali-

456 1320 677 1400 cujus.)
696 1318 756 1384 Si
783 1319 980 1398 itaque
1009 1319 1400 1383 substantiam
1435 1320 1806 1393 interimunt,
1833 1320 2090 1401 primum

453 1410 1320 1494 quidem.quandoquidemilla
1334 1430 1463 1492 quae
1478 1420 1690 1474 natura
1704 1430 1810 1472 sua
1825 1411 2093 1474 incorru-

456 1502 683 1583 ptibilia
708 1512 846 1566 sunt
868 1503 1114 1565 minime
1145 1501 1624 1582 interimunt,sed
1649 1520 1718 1563 ea
1735 1520 1871 1580 quae
1885 1511 2094 1567 natura

453 1613 560 1656 sua
573 1592 1444 1673 corruptibiliaexsistunt,quaa
1457 1591 1628 1653 etiam
1639 1592 1768 1653 sine
1783 1591 1898 1653 illis
1915 1592 2095 1654 debe-

452 1682 1202 1758 bantinterire,ni|faciunt
1219 1691 1423 1743 contra
1448 1681 1854 1762 naturam,sed
1880 1701 2095 1744 secun-

2177 594 2348 666 ὄντες,
2381 595 2591 660 ἑαύτοϊς
2621 597 2719 653 εἰσι
2771 599 2947 670 κακοὶ,
2981 598 3016 664 ἦ
3053 597 3274 676 ἑτέροις
3325 601 3382 658 Εἰ
3434 602 3532 676 μὲν
3580 605 3823 678 ἒαυτοῒς,

2177 683 2358 741 ἕπεται
2388 686 2450 741 τὸ
2479 686 2702 764 φθείρειν
2761 686 2999 750 ἑαυτούς’
3050 686 3394 766 (φθοροποιὸν
3441 692 3541 770 γὰρ
3600 693 3660 748 τὸ
3722 715 3827 750 κα-

2176 772 2318 853 κόν)
2370 772 2486 830 ἀλλ’
2545 772 2652 833 οὐδ’
2698 775 2807 832 ἐστὶ
2836 783 3015 839 τοῦτο.
3051 779 3108 835 Εἰ
3137 775 3182 833 δ’
3212 777 3440 855 ἑτέροις,
3478 779 3663 860 (πάλιν
3694 780 3832 838 διαι-

2174 863 2283 942 ρετ)
2345 864 2403 922 Τί
2459 864 2780 943 φθείροντες
2840 869 3042 938 οὖσίανς
3107 864 3348 942 εύυαμινς
3445 869 3481 938 ἢ
3535 869 3825 950 ἐνέργειαη

2177 951 2488 1033 (Δυνάμεως
2521 952 2575 1010 δὲ
2616 956 2747 1033 πρὸς
2791 955 2886 1023 τήν
2933 955 3199 1036 ἐνέργειαν
3221 957 3443 1026 τοιαύτη
3479 958 3587 1018 ἐστὶ
3635 958 3830 1039 διαφο-

2174 1042 2263 1116 ρὰ,
2296 1045 2368 1106 ὡς
2399 1048 2497 1111 τῆς
2529 1042 2680 1110 ἕξεως
2741 1047 2869 1124 πρὸς
2917 1047 3008 1114 τὴν
3054 1044 3170 1103 καθ’
3223 1044 3326 1112 ἕξιν
3376 1047 3667 1126 ἐνέργειανο
3701 1054 3827 1106 οἷον

2175 1134 2335 1210 πυρὸς
2377 1131 2594 1209 δύναμις
2616 1135 2650 1201 ἡ
2682 1136 3031 1213 θερμαντικὴ,
3073 1135 3311 1215 ἐνέργεια
3341 1134 3418 1210 δὲ,
3457 1137 3545 1195 ὅτε
3576 1139 3828 1216 θερμαί--

2176 1242 2250 1278 νει
2282 1220 2383 1302 τι.)
2423 1225 2476 1280 Ei
2529 1225 2616 1281 οὖν
2649 1224 2827 1280 οὗσίαν
2866 1226 3151 1302 φθείρουσι,
3195 1224 3405 1304 πρῶτόν
3439 1228 3560 1301 μὲν,
3615 1227 3731 1285 ἐπεὶ
3761 1229 3830 1284 τὰ

2175 1310 2326 1391 φύσει
2367 1309 2599 1393 ἄφθαρτα
2629 1312 2687 1369 οὒ
2731 1314 3046 1394 φθείρουσιν,
3091 1313 3229 1371 ἀλλὰ
3275 1316 3340 1371 τὰ
3397 1317 3545 1396 φύσει
3599 1319 3824 1398 φθαρτὰ,

2175 1399 2209 1455 ἂ
2237 1401 2324 1456 καὶ
2352 1401 2516 1480 χωρὶς
2560 1402 2758 1458 τούτων
2812 1400 2916 1458 ἔδει
2975 1405 3259 1483 φθαρῆναι,
3299 1405 3359 1460 οὒ
3389 1410 3599 1461 ποιοῦσι
3630 1407 3691 1461 τὸ
3722 1427 3830 1461 πα-

2176 1491 2239 1567 ρὰ
2268 1491 2437 1570 φύσιν,
2473 1491 2610 1547 ἆλΑᾶ
2641 1494 2699 1548 τὸ
2727 1493 2862 1549 κατὰ
2906 1494 3058 1573 φύσιν
3101 1507 3218 1559 τοῖς
3242 1494 3572 1573 πράγμασιν.
3607 1495 3834 1552 Ἐπειτα

2177 1578 2230 1635 δὲ
2261 1589 2414 1638 τοῦτο
2446 1583 2506 1638 οὔ
2559 1582 2732 1649 πάντη
2779 1584 2943 1639 κακὸν
2999 1582 3096 1658 ἔνι,
3150 1585 3286 1642 κατὰ
3344 1586 3499 1642 τοῦτο
3530 1585 3694 1660 μόνον
3739 1606 3838 1642 κα-

2181 1671 2293 1739 κὸν,
2329 1669 2408 1727 ὅτι
2462 1674 2560 1750 πρὸ
2591 1672 2689 1739 τῆς
2736 1672 3098 1748 νομιζομένης
3140 1673 3281 1751 ὥρας
3335 1675 3531 1752 γίνεται
3563 1676 3597 1741 ἡ
3648 1675 3836 1753 φθορὰ·

449 1773 590 1836 dum
605 1782 871 1835 naturam
887 1771 1349 1835 rerum.Deinde
1364 1789 1500 1832 vero
1515 1789 1710 1851 neque
1726 1759 1838 1834 hoc
1851 1774 2091 1834 omnino

2181 1759 2298 1817 ουδὲ
2329 1765 2509 1840 παντὶ,
2558 1760 2670 1816 ’ἐστι
2723 1764 2822 1841 γὰρ
2879 1763 2966 1818 καί
3024 1785 3128 1819 τισι
3175 1762 3363 1837 καλὸν,
3398 1767 3474 1828 ὡς
3502 1762 3588 1820 ἐπὶ
3616 1766 3839 1842 θηρίων,

449 1864 667 1926 malum
699 1863 924 1937 est,sed
951 1874 1198 1925 eatenus
1220 1863 1410 1924 solum
1435 1867 1526 1921 est
1557 1850 2091 1938 malum,quatenus

2186 1851 2274 1907 καὶ
2306 1850 2563 1928 ἑρπετῶν,
2597 1853 2683 1908 καὶ
2726 1853 2966 1929 βοτανῶν
3018 1852 3298 1916 ὁλεθπίων,
3346 1853 3520 1915 Λύσας
3551 1853 3640 1910 οὖν
3669 1854 3843 1910 κατὰ·

443 1955 804 2028 interitus,ut
835 1959 1175 2032 putatur,sit
1205 1962 1341 2014 ante
1373 1961 1641 2031 tempus;
1678 1971 1870 2032 neque
1913 1953 2091 2015 omni-

2189 1940 2665 2020 ἀντιπαραστασιν,
2698 1941 2802 2009 ἤδη
2838 1941 2948 1998 λύει
2983 1944 3068 1998 καὶ
3113 1943 3248 1999 κατᾶ
3307 1942 3572 2016 ἔνστασιν,
3608 1942 3688 1999 ὅτι
3722 1940 3841 2002 οὖδέ

442 2042 552 2106 bus
574 2044 633 2106 id
665 2030 884 2105 malum
909 2041 1564 2134 est,quibusdamAenim
1588 2040 1645 2102 id
1674 2030 1894 2102 bonum
1917 2050 2091 2123 est,ut

2182 2053 2235 2086 τι
2269 2053 2370 2087 των
2403 2030 2568 2087 ὄντων
2617 2032 2878 2111 φθείρεται
2933 2034 3063 2088 καθὸ
3122 2033 3293 2104 οὖσία,
3355 2031 3520 2108 ἤγουν
3551 2033 3594 2088 εἰ
3623 2031 3685 2088 τό
3717 2055 3831 2108 μη-

2187 2117 2209 2134 ..
2295 2125 2316 2134 -
2447 2118 2470 2134 ,ι
2558 2126 2585 2134 ..
3252 2124 3280 2134 η
3339 2121 3508 2134 η...
3639 2127 3667 2134 _

438 2134 498 2225 in
524 2133 667 2225 feris
704 2145 764 2225 et
793 2117 1171 2214 serpenti-bus
1199 2129 1476 2225 etherbis
1499 2130 1712 2225 noxiis.
1761 2132 1905 2225 Cum
1923 2117 2091 2211 igitur

2182 2117 2324 2192 δαμῆ
2358 2118 2622 2196 μηδαμῶς
2665 2135 2998 2202 προχωρεῖν·
3035 2120 3171 2178 ἀλλὰ
3219 2124 3286 2198 τῇ
3339 2121 3576 2198 ἐλλείψει
3605 2127 3704 2189 τῆς
3736 2145 3836 2180 κα-

2217 2208 2228 2225 ,
2324 2210 2336 2225 .
2505 2210 2546 2225 ,ρ
2691 2210 2735 2225 ,ν
2810 2215 2832 2225 -
2945 2224 2950 2225 ,
3008 2214 3020 2225 .
3147 2212 3160 2225 ι
3245 2213 3257 2225 .
3364 2211 3376 2225 ,
3541 2210 3563 2225 ..
3765 2203 3830 2225 ι..

440 2223 551 2284 hoc
579 2222 848 2286 solvisset
877 2208 982 2302 per
1009 2220 1661 2303 oppositionem,modo
1705 2220 1874 2282 solvit
1904 2208 2083 2283 etiam

2179 2208 2243 2265 τὰ
2272 2210 2426 2290 φύσιν
2457 2210 2653 2275 τάξεως
2686 2210 2952 2276 ἐξασθενεῖ
2981 2214 3054 2274 εἷς
3113 2212 3173 2268 τὸ
3233 2211 3486 2275 ὡσαύτως
3541 2210 3711 2290 ἔχειν.
3765 2208 3832 2270 Ἦ

444 2329 553 2393 per
581 2302 1108 2394 instantiam.quod
1125 2311 1490 2374 nihileorum
1514 2328 1649 2387 quae
1671 2321 1814 2371 sunt
1835 2311 2085 2375 intereat

2176 2302 2221 2358 δὲ
2253 2303 2490 2360 ἀσθένεια
2545 2305 2637 2361 οὒκ
2694 2303 2803 2360 ’ἐστι
2837 2303 3102 2372 παντελὴς
3155 2305 3340 2383 φθορὰο
3401 2306 3444 2360 εἷ
3477 2305 3576 2382 γὰρ
3615 2325 3816 2362 παντε-

443 2391 506 2462 in
536 2409 817 2480 quantum
849 2391 1179 2464 substantia
1210 2401 1409 2476 est,ita
1440 2399 1722 2461 nimirum
1759 2408 1820 2460 ut
1852 2400 2086 2480 penitus

2176 2392 2295 2473 λὴς,
2338 2391 2686 2467 ἀπολομένων
2737 2393 2946 2450 ἐκείνων
2981 2396 3100 2470 περὶ
3131 2393 3163 2449 ἂ
3191 2395 3226 2461 ἢ
3254 2395 3440 2474 φθορὰ,
3471 2396 3559 2451 καὶ
3589 2396 3622 2462 ἡ
3655 2395 3822 2474 φθορὰ

443 2489 751 2553 aboleatur
767 2491 1334 2565 etannihilotur,sed
1358 2489 1592 2550 defectu
1617 2490 1896 2551 naturalis
1919 2491 2082 2553 ordi—

2176 2482 2232 2538 Ξὶν
2261 2481 2609 2544 ἒπιλελοίπει,
2646 2482 2830 2539 "uate
2861 2485 2895 2551 ἡ
2927 2482 3168 2559 ἔλλειψις
3201 2487 3298 2552 τῆς
3331 2483 3529 2549 τάξεως
3561 2486 3620 2541 οὔ
3649 2491 3822 2542 tato-3-

442 2581 536 2643 nis
557 2581 955 2661 debiliatatur,
971 2589 1034 2644 ut
1054 2581 1132 2643 ita
1151 2600 1217 2643 se
1246 2578 1866 2644 habeatlmbecillitas
1892 2589 2088 2642 autem

2176 2594 2259 2628 τον
2290 2573 2476 2645 κακον,
2509 2570 2672 2649 ἥγο)ν
2722 2571 2995 2638 παντελῶς
3037 2575 3226 2647 κακὸν,
3272 2572 3398 2650 ὅπερ
3435 2573 3491 2628 δν
3526 2586 3641 2637 τοῖς
3672 2574 3818 2630 οὖσιν

446 2671 573 2734 haec
602 2689 718 2734 non
743 2681 831 2734 est
857 2659 1116 2751 perfecta
1139 2671 1439 2751 corruptio
1463 2689 1624 2750 ;nam
1646 2670 1695 2730 si
1729 2671 1986 2750 perfecta
2011 2670 2091 2730 fo-

2176 2664 2266 2719 οὖκ
2313 2659 2476 2740 ἔστιν,
2545 2660 2665 2717 ἀλλ’
2724 2661 2918 2724 ἐλλπὲς
2949 2662 3165 2740 ἀγαθόν.
3226 2665 3386 2726 Οὗτος
3418 2665 3444 2719 ὁ
3485 2660 3642 2741 λόγος
3670 2661 3821 2719 ἕσται

445 2762 683 2836 ret,illis
695 2768 851 2824 circa
868 2780 999 2841 quae
1010 2761 1313 2841 corruptio
1332 2770 1601 2822 versatur
1622 2761 2082 2823 intereuntibus.

2176 2755 2258 2808 καὶ
2329 2754 2446 2828 περὶ
2517 2758 2614 2820 τῆς
2699 2752 2969 2826 ὃύναμεως
3048 2755 3136 2810 καὶ
3197 2755 3311 2829 περὶ
3374 2759 3470 2820 τῆς
3528 2755 3818 2832 ἐνεργείας·

447 2852 892 2933 etiamipsamet
914 2852 1211 2933 corruptio
1245 2851 1552 2915 deﬁceret.
1586 2854 1792 2932 Itaque
1834 2848 2091 2912 defectio

2183 2845 2225 2898 εἶ
2267 2845 2367 2920 γὰρ
2413 2842 2673 2921 ἐφθείρετο
2730 2842 3003 2905 παντελῶς
3068 2846 3127 2898 τὸ
3187 2843 3530 2918 ὑποκείμενον
3585 2843 3640 2900 ἐν
3696 2847 3742 2918 ᾧ
3787 2847 3821 2913 ἡ

448 2930 805 3003 ordinisnon
819 2951 910 3003 est
923 2944 1036 3004 tale
1053 2930 1268 3004 malum
1281 2942 1422 3012 ,sive
1437 2942 1678 3004 omnino
1694 2930 1911 3002 malum
1936 2940 2091 3019 quod

2177 2930 2393 3006 δύναμις
2455 2930 2633 2999 obsis-ii
2666 2931 2925 3010 ἐνέργεια,
2984 2933 3061 3007 μὴ
3119 2933 3282 3007 μόνον
3341 2931 3456 2988 οὖδὲ
3513 2932 3550 2999 ἦ
3604 2931 3824 3009 δύναμις

449 3035 510 3093 in
544 3030 726 3094 rebus
747 3053 868 3094 non
895 3032 1260 3106 exsistit,sed
1295 3031 1589 3094 deﬁniens
1620 3029 2091 3092 bonum.Eadem

2176 3023 2263 3078 καί
2320 3025 2352 3089 ἡ
2415 3023 2650 3100 ἐνέργεια
2703 3024 2793 3094 ἦν,
2856 3021 2974 3078 ἀλλ’
3025 3021 3142 3079 οὐδὲ
3173 3023 3304 3089 αὒτή
3359 3025 3391 3090 ἡ
3423 3025 3609 3102 φθορά.
3659 3025 3715 3079 Ei
3767 3021 3824 3082 δὲ

449 3141 683 3204 quoque
711 3123 860 3184 ratio
893 3131 981 3185 est
1010 3123 1085 3184 de
1120 3121 1379 3201 potentia
1410 3129 1468 3183 et
1507 3126 1736 3182 actione
1775 3140 1791 3195 ;
1839 3119 1888 3181 si
1933 3119 2091 3180 enim

2177 3111 2401 3183 ἐσώζετο
2468 3113 2569 3186 μὲν
2623 3113 2684 3167 τὸ
2741 3112 3108 3186 ὑποκείμενον,
3161 3111 3408 3169 ἀπώλετο
3467 3111 3521 3168 δὲ
3572 3114 3607 3179 ὴ
3656 3111 3821 3168 δύνα-

2365 3203 2379 3217 .
2420 3203 2431 3217 ρ
2482 3201 2494 3217 τ
2545 3201 2554 3217 .
2829 3204 2842 3217 .
2941 3201 2964 3215 ν
3204 3200 3223 3217 ς
3258 3211 3270 3217 -
3470 3202 3483 3217 ι
3577 3202 3590 3217 .
3666 3205 3690 3217 -
3767 3202 3780 3217 ε

450 3200 722 3275 interiret
745 3213 990 3275 omnino
1025 3200 1360 3292 subjectum
1396 3212 1676 3289 potentiae
1706 3219 1763 3271 et
1811 3208 2087 3283 actionis,

2177 3225 2264 3275 μις
2297 3203 2382 3258 καὶ
2412 3203 2445 3268 ἡ
2478 3201 2734 3279 ἐνέργεια,
2793 3204 2886 3257 οὔκ
2937 3201 3002 3269 ἦν
3037 3200 3310 3264 παντελῶς
3360 3202 3526 3258 κακὸν
3569 3202 3602 3268 ἡ
3629 3202 3819 3281 φθορὰ,

2187 3293 2200 3309 ο
2346 3293 2358 3309 ι
2613 3290 2632 3309 \
2661 3293 2681 3303 ν
2837 3293 2861 3309 Λ
2900 3291 2911 3309 1
3178 3289 3258 3309 9“
3279 3292 3292 3309 Ν
3412 3289 3423 3309 Ι
3465 3293 3482 3309 ἱ
3622 3292 3634 3308 ι
3731 3288 3780 3309 Si

449 3321 566 3364 non
599 3303 787 3364 solum
824 3322 940 3363 non
996 3289 1415 3382 ipsa-potentia
1461 3309 1518 3361 et
1542 3301 1693 3362 actio
1735 3300 1949 3373 forent,
1985 3297 2088 3358 sed

2176 3293 2247 3355 ὼς
2297 3293 2372 3365 μὴ
2443 3290 2720 3352 παντελῶς
2797 3291 3096 3370 φθείρουσα,
3170 3289 3306 3346 ἆλλᾶ
3352 3289 3524 3364 μόνῆν
3582 3292 3678 3357 τὴν
3725 3289 3825 3346 δύε-

448 3411 558 3454 nec
589 3397 713 3473 ipsa
734 3378 1057 3473 corruptio.
1083 3378 1186 3454 Sin
1217 3390 1545 3469 subjectum
1600 3390 1836 3470 quidem
1887 3405 2086 3449 serva-

2176 3404 2333 3455 ναμιν
2364 3383 2448 3437 καὶ
2479 3382 2574 3447 τὴν
2604 3380 2890 3458 ἐνέργειαν.
2955 3379 3220 3444 Πολλᾶκις
3268 3378 3321 3436 δὲ
3378 3379 3599 3455 ἔμελλεν
3629 3382 3662 3448 ἡ
3688 3384 3823 3458 φθο-

444 3468 632 3558 retur,
660 3482 764 3544 sed
798 3468 1059 3563 potentia
1088 3468 1363 3558 actioque
1394 3468 1737 3553 deficerent,
1788 3478 2088 3558 corruptio

2176 3471 2238 3550 ρὰ
2268 3471 2410 3527 εἶναι
2461 3471 2549 3526 καὶ
2599 3469 2814 3548 ἀγαθόν·
2864 3471 2907 3525 εἰ
2935 3470 3034 3547 γὰρ
3082 3471 3114 3537 ἡ
3145 3468 3368 3543 δαναμις
3399 3472 3486 3525 καὶ
3516 3469 3550 3538 ἦ
3581 3470 3822 3549 ἐνέργεια

444 3571 584 3631 4Ιὸ
616 3573 741 3633 haec
773 3558 890 3631 non
914 3580 1069 3633 esset
1099 3571 1335 3631 omnino
1366 3569 1538 3635 mala.
1575 3579 1635 3628 ut
1667 3586 1797 3648 quae
1829 3585 1943 3628 non
1977 3584 2088 3646 pe-

2176 3566 2278 3615 τῶν
2330 3564 2534 3638 αγαθῶι
2584 3562 2742 3633 ἦσαν,
2800 3560 2864 3627 ἧν
2917 3558 2977 3614 ἂν
3016 3561 3190 3639 φθομα
3243 3566 3348 3616 τῶν
3403 3567 3607 3616 κακῶν⁶
3664 3563 3707 3616 εἰ
3761 3560 3819 3617 δὲ

447 3661 608 3723 nitus
639 3659 1030 3735 interimeret,
1084 3659 1189 3722 sed
1219 3659 1403 3722 solam
1439 3647 1758 3738 potentiam
1801 3666 1858 3718 et
1897 3661 2083 3718 actio-

2176 3653 2350 3708 ἐκεῖνα
2392 3657 2498 3706 τῶν
2543 3657 2720 3706 κακῶν
2753 3650 2912 3728 ἦσαν,
2947 3647 3012 3716 ἧν
3044 3647 3104 3703 ἂν
3148 3652 3181 3717 ἡ
3236 3651 3414 3727 φθομᾶ
3470 3649 3687 3727 ἀγαθὸν,
3742 3653 3822 3716 ὡς

448 3748 778 3822 nem.Quin
791 3748 968 3810 etiam
991 3767 1400 3829 saepenumera
1419 3736 1720 3826 corruptio
1753 3748 1972 3809 bonum
2001 3745 2088 3808 fo-

2176 3742 2313 3798 ἒῶσα
2345 3739 2441 3815 μὲν
2489 3742 2550 3795 τὸ
2611 3739 2996 3813 ὒποκείμενων,
3061 3738 3335 3816 φθείρουσα
3385 3736 3440 3794 δὲ
3501 3739 3599 3806 τὴν
3645 3744 3820 3808 κακὴν

446 3847 702 3912 ret;nam
731 3839 781 3900 si
813 3827 1160 3920 potentia—et
1186 3839 1338 3900 actio
1359 3838 1644 3899 bonarum
1667 3855 1865 3897 rerum
1894 3845 2084 3909 erant,

2176 3831 2275 3896 ἕξιν
2329 3832 2404 3886 κεὶ
2434 3831 2529 3897 τὴν
2560 3829 2845 3905 ἐνέργειαν.
2899 3831 3030 3886 Εἶτα
3087 3830 3133 3884 οἱ
3178 3827 3444 3902 δαίμονες,
3493 3830 3568 3892 ὥς
3599 3829 3658 3888 ὲκ
3689 3837 3825 3887 Θεοῦ

447 3929 749 4009 corruptio
772 3916 975 3991 earum
998 3929 1150 3991 inter
1180 3928 1330 3991 mala
1362 3940 1489 4000 est;
1523 3927 1616 3987 sin
1643 3925 1740 3986 illa
1771 3935 1939 3987 erant
1961 3943 2090 3985 ma~

2176 3928 2264 3978 τοῦ
2314 3920 2509 3996 ἀγαθοῦ
2555 3918 2857 3997 γεγονότες,
2917 3919 2974 3974 οὗ
3005 3918 3160 3974 κακοί
3219 3916 3356 3973 αλλὰ
3391 3918 3498 3992 μὴν
3527 3916 3675 3974 εἴποι
3707 3941 3812 3995 τις,

446 4005 645 4083 Ιιιτυηί
666 4037 893 4100 rerum,
925 4028 1048 4082 tum
1094 4017 1394 4099 corruptio
1419 4025 1543 4078 erat
1589 4016 1836 4088 bonum,
1873 4014 2091 4095 quippe

2176 4011 2253 4066 ὅτι
2315 4009 2487 4081 κακοὶ,
2541 4013 2686 4089 φημὶ
2747 4007 2920 4086 κᾶγών
2959 4006 3077 4062 αλλ’
3123 4007 3181 4063 οὒ
3211 4011 3338 4063 καθό
3370 4013 3467 4064 είσι
3501 4005 3640 4083 τόδε,
3677 4006 3823 4065 ἀλλὰ

445 4110 650 4172 sinens
679 4095 918 4190 quidem
949 4095 1308 4189 subjectum,
1335 4107 1684 4168 interimens
1699 4123 1839 4166 vero
1869 4103 2089 4165 malum

2176 4101 2300 4156 καθὸ
2357 4100 2450 4156 οὒκ
2508 4100 2604 4154 εἰσὶ
2652 4095 2795 4174 τόδε,
2828 4095 3069 4164 δηλονότι
3107 4098 3180 4159 ὡς
3241 4096 3606 4164 ἑπλάσθησαν,
3672 4099 3822 4155 Διότι

447 4185 712 4262 habitum
741 4208 801 4262 et
829 4185 1384 4262 actum.'Praaterea
1438 4195 1761 4286 damones,
1798 4203 2090 4275 quatenus

2176 4191 2532 4269 παρήχθησαν
2591 4189 2675 4244 καὶ
2722 4188 2866 4244 αὐτοὶ
2925 4188 2996 4250 είς
3060 4192 3163 4242 πᾶν
3219 4185 3370 4264 ἔργον
3422 4188 3640 4264 ἀγαθόν·
3703 4186 3827 4245 ἀλλ’

447 4307 516 4351 ex
548 4287 704 4350 bono
738 4291 858 4352 Deo
885 4287 1146 4368 oriundi,
1176 4305 1547 4367 nequaquam
1583 4275 1754 4360 mali,
1782 4293 2086 4345 verumta-

2176 4280 2464 4347 ἠσθένησαν
2517 4279 2588 4341 εἰς
2647 4278 2705 4332 τὸ
2755 4275 2984 4352 τηρῆσαι
3037 4276 3136 4342 τὴν
3171 4275 3368 4332 ἑαυτῶν
3400 4276 3578 4356 ἀρχὴν
3607 4279 3694 4334 καὶ
3725 4278 3825 4346 τὴν

449 4397 585 4443 men
615 4378 815 4459 siquis
840 4377 1052 4440 dixerit
1082 4364 1184 4439 eos
1208 4364 1416 4455 malos,
1448 4375 1641 4437 dicam
1675 4383 1735 4436 et
1791 4392 1898 4452 ego
1935 4394 1951 4450 ;
1981 4372 2086 4434 sed

2176 4372 2300 4426 εἰσιν
2353 4370 2413 4424 τὸ
2444 4368 2586 4424 εἶναι
2623 4367 2974 4444 παραγωγή-δ’
3038 4366 3091 4421 ἐν
3137 4364 3301 4422 οὔδενὶ
3343 4366 3442 4443 γὰρ
3480 4364 3626 4441 ἄλλῳ
3669 4367 3828 4425 κακοί

449 4487 568 4529 non
591 4467 652 4530 in
675 4453 958 4548 quantum
991 4467 1104 4529 hoc
1136 4476 1293 4546 sunt,
1328 4453 1433 4526 sed
1483 4472 1774 4545 quatenus
1818 4465 1930 4525 hoc
1969 4482 2086 4524 non

2176 4462 2321 4534 sim,
2366 4460 2407 4514 εὶ
2435 4481 2512 4532 μη
2543 4460 2596 4513 ὲν
2627 4462 2695 4532 τῇ
2725 4456 2911 4512 παύσει
2957 4456 3054 4521 τῆς
3109 4453 3266 4520 ἕξεως
3311 4461 3415 4511 τῶν
3468 4454 3698 4536 ἀγαθῶν,
3735 4458 3826 4515 καὶ

445 4567 608 4638 sunt,
633 4543 847 4638 nempe
878 4562 1219 4619 sicuterant
1240 4543 1444 4617 creati.
1473 4543 1764 4626 Quoniam
1799 4553 2086 4633 procreati

2176 4551 2224 4606 ἐν
2255 4553 2332 4621 τῷ
2361 4547 2439 4623 μὴ
2471 4547 2706 4623 ἐνεργεῖν
2735 4547 2795 4601 τὸ
2852 4545 3069 4622 αγαθόν·
3132 4543 3270 4601 ὥστε
3333 4545 3469 4601 κατὰ
3519 4547 3822 4624 προαίρεσίν

445 4633 671 4710 suntet
699 4633 811 4726 ipsi
840 4646 913 4708 ad
951 4663 1129 4708 omne
1177 4662 1326 4725 opus
1370 4643 1614 4718 bonum,
1649 4641 1757 4703 sed
1807 4643 2086 4703 inﬁrmati

2176 4641 2267 4695 εἰσι
2299 4638 2476 4716 κακοὶ,
2509 4633 2629 4692 ἀλλ’
2662 4636 2721 4691 οὗ
2766 4634 2900 4690 κατὰ
2946 4634 3130 4712 φύσιν*
3188 4634 3325 4700 ἦσαν
3378 4635 3479 4712 γὰρ
3511 4635 3573 4690 ἃν
3604 4634 3683 4692 ἀεὶ
3715 4658 3818 4692 κα-

446 4745 606 4817 sunt,
641 4723 797 4817 quod
831 4754 947 4797 non
971 4723 1364 4797 custodierint
1389 4733 1778 4813 principatum
1812 4749 1983 4793 suum
2017 4750 2086 4794 ac

2176 4729 2271 4789 κοί.
2312 4736 2407 4784 Καὶ
2435 4723 2624 4797 πάλιν,
2659 4725 2703 4781 εἰ
2733 4723 2811 4780 ἀεὶ
2842 4725 3019 4802 κακοὶ,
3072 4727 3132 4782 οὒ
3179 4724 3357 4783 κακοί.
3391 4724 3479 4781 καὶ
3509 4725 3819 4805 συνάγεται,

447 4813 676 4889 διαιυιῐί
713 4827 774 4887 in
805 4845 925 4903 quo
978 4823 1163 4887 creati
1221 4833 1390 4891 erant
1418 4831 1459 4886 οε
1494 4822 1554 4883 in
1584 4821 1745 4882 nullo
1779 4823 1936 4882 enim
1967 4821 2084 4884 alio

2176 4818 2248 4875 ὅτι
2337 4819 2379 4873 εἱ
2457 4816 2590 4872 κατὰ
2672 4814 2824 4894 φύσιν
2909 4815 3061 4871 κακοῖ
3095 4862 3111 4894 ,
3173 4817 3232 4872 οὒ
3318 4817 3495 4871 κακοίο
3590 4813 3821 4873 ἄτακτον

448 4916 585 4977 mali
624 4924 761 4978 sunt
787 4901 960 4996 quam
992 4915 1055 4977 in
1087 4913 1420 4976 cessatione
1444 4911 1680 4973 habitus
1705 4911 2086 4986 bonorum,et

2176 4910 2289 4988 γάρ’
2323 4908 2384 4962 τὸ
2413 4906 2578 4962 κακοί
2607 4902 2661 4960 δὲ
2692 4905 2752 4960 τὸ
2782 4902 2862 4960 ἀεὶ
2891 4904 3143 4966 ὡσαύτως
3193 4901 3349 4983 ἔχον,
3409 4905 3468 4962 οὒ
3526 4905 3718 4978 κακὸν,
3757 4906 3819 4961 τὸ

446 5003 601 5085 quod
633 5023 750 5066 non
773 4991 1100 5085 operentur
1129 5002 1459 5084 bonum,ita
1487 5011 1548 5062 ut
1570 5001 1898 5063 secundum
1943 5020 2084 5092 pro-

2176 5021 2268 5077 γαρ
2324 4997 2400 5053 ἀεὶ
2469 4995 2670 5068 ταῦτὸν,
2730 5001 2821 5050 τοῦ
2880 4994 3075 5071 ἀγαθοῦ
3133 4991 3290 5048 ἵδίον·
3348 4995 3410 5050 τὸ
3475 4996 3574 5073 γὰρ
3625 4994 3818 5072 ἀγαθον

449 5082 699 5175 positum
727 5082 860 5154 mali
887 5095 1026 5174 sint,
1059 5103 1118 5156 et
1147 5082 1608 5155 nonsccundum
1636 5091 2083 5164 naturam;a|io-

2176 5085 2548 5165 σύννηρητίκόν
2603 5084 2712 5140 ἐστι
2764 5093 2856 5142 τοῦ
2885 5084 3098 5156 ταύτοῦ,
3133 5082 3312 5161 ὥσπερ
3344 5085 3404 5141 τὸ
3435 5087 3601 5141 κακὸν
3643 5082 3818 5140 διάλυ.

447 5172 590 5267 quin
622 5185 781 5244 enim
815 5172 1063 5246 fuissent
1092 5201 1329 5265 semper
1362 5182 1522 5245 mali.
1557 5181 1742 5262 Atqui
1770 5191 1978 5244 contra
1996 5181 2083 5243 si-

2176 5180 2315 5236 ιικόν
2351 5178 2406 5233 Εἰ
2436 5173 2488 5231 δὲ.
2531 5174 2627 5232 οὒκ
2657 5175 2734 5230 ἀεὶ
2766 5179 2942 5252 κακοὶ,
2977 5172 3246 5252 (εὕρηνται
3272 5175 3372 5251 γὰρ
3407 5173 3590 5250 ἀγαθοὶ
3640 5195 3818 5252 παρα-

447 5261 687 5356 έοιῐιροι·
713 5272 998 5346 mali,non
1037 5273 1175 5333 mali
1202 5261 1412 5348 {unde
1443 5261 2005 5354 concluditur,quod
2036 5272 2086 5335 si

2176 5266 2440 5349 χθέντιςθ)
2490 5266 2550 5321 οὔ
2608 5264 2756 5343 φύσει
2815 5264 2988 5342 κακοὶ,
3054 5261 3192 5321 ἀλλὰ
3238 5263 3367 5320 καθό
3426 5264 3524 5319 εἱσι
3568 5265 3658 5320 καὶ
3694 5268 3822 5334 ζῶσι

444 5351 776 5428 secundum
807 5372 1076 5425 naturam
1111 5361 1421 5441 malisunt,
1452 5380 1569 5422 non
1601 5359 1720 5421 sint
1753 5351 1892 5424 mali
1931 5383 1946 5438 ;
1975 5362 2089 5424 hoc

2176 5360 2258 5414 καὶ
2301 5363 2496 5413 νοοῦσι.
2553 5360 2644 5410 τοῦ
2709 5353 2905 5431 ἀγαθοῦ
2953 5352 3298 5432 μετέχουσιν,
3346 5351 3383 5420 ἦ
3425 5351 3490 5421 δὴ
3537 5357 3682 5424 ζωῆς
3732 5353 3822 5409 καὶ

447 5454 606 5516 enim
631 5450 1178 5516 absonumzmalum
1211 5459 1408 5511 autem
1440 5449 1597 5529 quod
1613 5466 1853 5529 semper
1876 5451 2088 5512 eodem

2176 5449 2427 5528 ἐφίενται⁶
2496 5445 2648 5500 κακοὶ
2710 5441 2765 5498 δὲ
2836 5441 3104 5521 λέγονται,
3164 5441 3249 5498 διὰ
3307 5443 3366 5498 τὸ
3421 5442 3661 5499 ἀσθενεῖν
3705 5442 3823 5519 περὶ

449 5543 626 5605 modo
657 5561 721 5605 se
754 5542 952 5619 habet,
989 5560 1105 5604 non
1138 5548 1229 5602 est
1264 5539 1506 5618 malum,
1553 5537 1846 5617 siquidem
1881 5540 2090 5603 eodem

2176 5540 2272 5606 τὴν
2303 5536 2620 5616 κατὰφύσιν
2677 5530 2964 5613 ἐνέργειαν,
3025 5533 3113 5588 καὶ
3163 5529 3385 5602 ὲκόἦναι
3444 5538 3547 5589 τῶν
3606 5552 3820 5608 προση-

2111 4611 2152 4662 D

526 5703 831 5770 'Jud.vn
