4156 6156
352 384 469 454 797

823 385 923 450 DE
964 386 1263 453 DIVINIS
1302 384 1753 463 NOMINIBUS,
1800 384 1965 448 CAP.
2013 384 2123 449 IV.
2181 413 2260 430 -—
2302 385 2687 451 PARAPHR.
2735 380 3246 453 PACHYMERE.

3596 374 3714 453 798

346 527 570 589 κόντων,
606 514 831 591 ’Ἀλλως
874 540 956 581 τεο
991 525 1051 583 Τί
1079 525 1139 581 τὸ
1170 523 1226 581 έν
1266 521 1479 599 δαίμοσι
1511 523 1698 604 κακόνς
1732 520 1879 581 εἴποι
1910 542 1989 586 τις

2082 518 2256 582 modo
2286 538 2350 584 se
2374 518 2598 583 habere
2620 521 2925 602 proprium
2948 532 3041 586 est
3070 522 3255 601 boni;
3286 520 3566 606 quoniam
3600 522 3714 586 bo-

343 617 434 678 ἆν⁶
470 617 647 694 eum;
676 614 867 696 ἄλογος
896 615 1132 695 (εὖρητάι
1185 614 1285 695 γὰρ
1333 613 1388 671 ἐν
1443 618 1579 690 ἡμῖν
1629 615 1716 671 val
1774 611 1991 692 ἕλλογος

345 708 377 764 ὃ
420 709 557 766 κατὰ
585 704 678 765 τοῦ
720 704 911 786 ἐχθροῦ
966 705 1056 762 καὶ
1110 705 1208 771 τῆς
1260 702 1573 783 ἁμαρτίαςο)
1632 705 1719 761 καὶ
1761 701 1989 770 ἀνόητος

346 796 595 874 ἐπιθυμία
652 795 885 876 (εὕρηται
936 795 1035 873 γὰρ
1084 795 1171 851 καὶ
1228 792 1314 851 ἐπ’
1382 792 1563 858 ἄλλοις
1608 793 1854 870 ἐπιθυμία
1897 789 1989 848 ἒν-

348 906 489 952 νους·
555 882 838 961 Ἐπὶθυμίᾳ
880 883 1189 959 ἐπεθύμησα
1221 931 1238 964 ,
1325 886 1435 959 καί,
1495 883 1630 963 ἀνὴρ
1698 883 1989 959 ἰπιθυμιῶν

347 977 454 1034 τῶν
500 974 818 1055 κρειττόνων
866 976 895 1031 δ
930 972 1189 1055 Δανιήλσ)
1250 975 1338 1033 καὶ
1381 973 1643 1055 φαντασία
1693 972 1990 1052 προπετὴς,

348 1079 534 1127 εκετνα
561 1063 989 1146 φανταζομένους
1031 1063 1106 1121 ὧν
1157 1084 1289 1121 ποτε
1347 1065 1421 1128 εἷς
1470 1062 1574 1130 ἕξιν
1605 1065 1700 1121 οὒκ
1743 1062 1993 1121 ἐλεύσον-

347 1174 457 1217 ται*
517 1156 630 1214 ἔστι
685 1156 785 1236 γὰρ
842 1156 932 1213 καὶ
991 1156 1247 1234 φαντασία
1299 1156 1358 1212 οὗ
1406 1155 1698 1233 προπετὴς,
1754 1152 1871 1211 καθ’
1934 1152 1995 1221 ἥν

354 1248 699 1328 ἐφαπτόμεθα
755 1251 864 1303 τῶν
905 1244 1072 1303 ὄντων
1130 1245 1220 1303 καὶ
1278 1242 1539 1318 δυνατῶν.
1584 1241 1737 1303 Ἐπεὶ
1793 1243 1881 1301 οὖν
1930 1244 1995 1300 τὰ

350 1344 597 1412 τοιαῦτα,
631 1336 743 1395 εἴτε
800 1359 880 1401 τις
939 1334 1085 1393 εἴποι
1138 1336 1205 1392 τὰ
1269 1338 1493 1416 κρείττω
1540 1336 1630 1393 καὶ
1687 1334 1829 1413 παρὰ
1879 1347 1995 1398 τοῖς

349 1428 572 1507 ἀγαθοῖς
621 1425 892 1506 ἀνδράσιν,
925 1426 1038 1483 εἴτε
1087 1427 1153 1486 τὰ
1208 1425 1377 1507 χείρω
1433 1427 1521 1484 καὶ
1570 1425 1712 1503 παρὰ
1738 1437 1858 1490 τοῖς
1889 1423 1998 1481 δαί-

355 1539 538 1597 μοσιν,
590 1514 673 1598 ἐφ’
725 1514 916 1595 ἐτέρων
980 1523 1129 1587 ζωων
1187 1516 1494 1574 σοστατικαὶ
1565 1514 1815 1588 δοκάμεις
1870 1516 1990 1585 εἶσὶ,

350 1608 437 1665 καὶ
504 1607 611 1688 οὒχ
666 1609 700 1674 ἡ
759 1605 862 1673 ἕξις
921 1607 1144 1681 τούτων,
1207 1604 1326 1663 ἀλλ’
1381 1608 1415 1675 ἦ
1484 1605 1747 1683 ἀναίρεσις
1804 1605 1992 1685 φθορά⁶

2076 628 2219 673 num
2248 616 2338 672 est
2377 610 2856 673 conservativum
2907 612 3258 690 identitatis,
3295 615 3449 679 sicut
3501 613 3724 677 malum

2074 698 2530 763 destructivum.
2588 699 2758 774 Quod
2789 700 2840 763 si
2871 719 2991 764 non
3020 721 3263 784 semper
3293 706 3429 767 mali
3477 704 3725 786 fuerint,

2074 806 2209 851 cum
2238 790 2615 870 reperiantur
2646 790 2786 854 boni
2811 810 2943 855 esse
2974 793 3181 867 creati,
3205 812 3325 856 non
3349 800 3486 855 sunt
3515 802 3724 857 natura

2074 879 2241 954 mali,
2276 879 2380 942 sed
2428 890 2721 962 quatenus
2764 889 2905 944 sunt
2942 889 3002 943 et
3052 881 3249 945 vivunt
3298 891 3357 944 et
3388 882 3728 963 intelligunt

2076 969 2390 1051 participes
2410 978 2550 1031 sunt
2575 969 2740 1052 boni,
2768 990 2941 1053 quam
2976 972 3182 1055 utique
3206 973 3380 1034 vitam
3409 972 3588 1034 etiam
3611 990 3725 1054 ap-

2078 1067 2308 1141 petunt;
2333 1059 2439 1121 sed
2462 1059 2744 1123 dicuntur
2766 1062 3231 1147 mali,quatenus
3252 1062 3314 1124 in
3346 1062 3602 1124 naturali
3622 1079 3729 1124 sua

2076 1147 2318 1210 actione
2351 1148 2750 1226 inﬁrmantur,
2786 1158 2843 1213 et
2870 1150 3053 1214 rebus
3082 1151 3198 1214 sibi
3226 1150 3725 1214 convenientibus

2077 1236 2546 1313 deﬁciunt.Quid
2569 1240 2893 1321 vero,dicet
2915 1242 3151 1324 aliquis,
3189 1248 3476 1324 praeterea
3508 1242 3729 1305 malum

2077 1327 2138 1389 in
2170 1328 2573 1395 daemonibus?
2595 1329 2787 1393 Furor
2814 1332 3176 1395 irrationalis
3207 1332 3532 1411 (invenitur
3565 1332 3726 1395 enim

2078 1418 2255 1482 etiam
2288 1418 2348 1481 in
2378 1420 2552 1482 nobis
2583 1419 2671 1482 ira
2699 1421 3026 1495 rationalis,
3064 1431 3127 1485 ut
3159 1431 3367 1485 contra
3396 1423 3630 1485 hostem
3669 1428 3731 1483 et

2080 1515 2404 1589 peccatum)
2462 1518 2522 1572 et
2562 1511 3053 1593 concupiscentia
3101 1511 3354 1576 demens
3414 1512 3730 1593 (siquidem

2076 1598 2337 1660 etiamin
2350 1598 2481 1662 aliis
2497 1600 2764 1678 prudens
2780 1603 3264 1685 concupiscentia
3280 1602 3604 1683 reperitur:
3617 1602 3732 1664 De-

347 1696 707 1777 ἀναιρεθέντος
739 1697 838 1775 γὰρ
881 1698 977 1753 τοῦ
1008 1699 1195 1770 θυμοῦ,
1246 1701 1346 1763 τῆς
1400 1717 1690 1776 φαντασιας
1755 1696 1837 1751 καὶ
1894 1700 1994 1763 τῆς

2082 1688 2656 1753 sideriodesideravi
2670 1693 2703 1767 ί,
2729 1702 2810 1753 et:
2859 1692 2960 1755 Vir
2976 1694 3419 1756 desideriorum
3441 1693 3733 1754 bonorum

347 1787 646 1863 ἕπιθδμίας,
713 1786 828 1844 οὐδὲ
877 1793 1012 1858 ζῶον
1062 1785 1231 1843 ἔσται’
1265 1784 1350 1843 διὰ
1377 1788 1541 1843 ταῦτα
1573 1787 1634 1843 οὗ
1679 1786 1818 1843 κακὰ
1858 1792 1993 1842 ταῦ-

2082 1777 2282 1839 Daniel
2299 1778 2349 1860 tr)
2380 1786 2437 1840 et
2461 1779 2805 1858 imaginatio
2827 1783 3263 1864 praecops,dum
3290 1781 3738 1859 illaimaginan-

347 1898 437 1957 τα,
469 1876 607 1935 ὥστε
635 1876 750 1934 οὐδὲ
809 1876 863 1933 ἒν
904 1888 1023 1941 τοῖς
1061 1874 1276 1946 δαίμοσι
1318 1875 1596 1939 παντελῶς
1645 1876 1782 1933 κατὰ
1811 1877 1885 1941 ὡς
1918 1877 1994 1951 μὴ

350 1967 629 2047 φθαρτικά’
693 1970 786 2028 οὒκ
844 1967 940 2047 ἄρα
998 1968 1151 2024 κακοὶ
1205 1966 1341 2025 κατὰ
1395 1966 1575 2047 φύσιν,
1622 1964 1745 2022 ἀλλ’
1902 1967 1995 2023 οὒκ

348 2058 475 2115 εἰσὶν
502 2057 712 2137 ἀγαθοί,
763 2058 862 2116 Καὶ
892 2058 988 2115 οὒκ
1016 2055 1288 2125 ἠλλοιώθη
1338 2056 1545 2121 τούτοις
1579 2057 1635 2112 τὸ
1667 2054 1814 2113 δοθὲν
1863 2055 1988 2133 ἀγα-

344 2149 433 2203 θὸν
462 2147 731 2228 χάρισμα.
787 2146 966 2225 ὥσπερ
1022 2148 1167 2227 τάχα
1212 2148 1286 2210 εἰς
1336 2146 1693 2223 μεταμέλειαν
1752 2145 1993 2211 ἐλθόντος

344 2243 438 2294 τοῦ
487 2244 640 2312 Θεοῦ,
703 2235 786 2293 ὅτι
844 2238 1009 2301 οὓτως
1052 2236 1238 2300 αὖτοὺς
1301 2236 1543 2312 ἐτίμησε,
1604 2240 1682 2312 μὴ
1738 2235 1994 2315 γένοιτοξ

346 2324 467 2384 ἀλλ’
522 2327 667 2383 αὒτοὶ
716 2327 809 2383 τοῦ
864 2324 990 2384 ὅλου
1042 2326 1496 2384 ἀποπεπτώκασιν
1527 2326 1751 2406 ἀγαθοῦ,
1787 2326 1995 2400 μύσαν-

348 2437 436 2479 τες
470 2415 641 2473 αὐτῶν
670 2416 764 2480 τὰς
797 2415 1161 2494 ἀγαθοπτικὰς
1213 2414 1486 2495 δυνάμεις,
1538 2416 1713 2478 καθὼς
1764 2414 1882 2495 ἔχει
1909 2417 1996 2472 καὶ

350 2508 410 2565 τὸ
455 2507 572 2585 περὶ
620 2515 712 2567 τοῦ
766 2504 982 2585 ⁹ισραὴλ
1025 2504 1326 2585 εἰρημένον·
1387 2506 1519 2568 Τοὺς
1563 2504 1863 2583 ὀφθαλμοὺς
1896 2506 1994 2562 αὒ-

347 2601 456 2653 τῶυ
508 2594 842 2671 ικάμμυσαν,
883 2598 971 2653 καὶ
1022 2607 1142 2658 τοῖς
1197 2595 1295 2651 ὠσὶ
1350 2593 1554 2671 βαρέως
1609 2595 1867 2675 ἤκουσαν,
1917 2594 1993 2670 μή

347 2708 478 2744 ποτε
530 2685 914 2765 ἒπιστρέψωσι,
972 2687 1062 2743 καὶ
1131 2684 1367 2761 ἱάσωμαι
1417 2684 1659 2750 αὒτούὺς·
1716 2684 1814 2741 Διά
1844 2693 1999 2742 τοῦτο

350 2776 438 2834 καὶ
492 2774 570 2833 ἔτι
626 2774 839 2855 λέγεται
901 2777 928 2833 δ
981 2776 1153 2833 Σατὰν
1189 2773 1517 2854 Ἐωσφόρος⁶
1562 2775 1651 2831 καὶ
1706 2777 1760 2831 ἓν
1823 2775 1998 2853 Εὔαγ-

348 2865 570 2944 γελίοις⁶
626 2863 912 2945 Ἐθεώρουν
984 2866 1075 2923 τὸν
1135 2870 1375 2922 Σατανᾶν
1451 2867 1525 2929 ὡς
1603 2862 1877 2944 ἀστραπὴν
1942 2863 2003 2920 ὲκ

347 2962 443 3014 τοῦ
492 2959 711 3036 οὐρανοῦ
767 2958 1018 3015 πεσόντα.
1104 2956 1227 3033 Περὶ
1296 2956 1396 3034 γὰρ
1469 2956 1568 3022 τὴν
1626 2953 1768 3019 τάξιν
1832 2956 2001 3011 αὐτῶν

350 3047 448 3114 τὴν
506 3044 799 3125 ἀγγελικὴν
856 3046 943 3103 καὶ
990 3043 1254 3127 φωτοειδῆ
1325 3050 1424 3112 τῆν
1478 3041 1692 3109 ἀταξίαν
1756 3045 1841 3102 καὶ
1901 3045 2000 3109 τὴν

2078 1877 2175 1929 tur
2202 1887 2338 1949 quae
2389 1888 2691 1952 nunquam
2724 1871 3029 1935 habebunt
3088 1873 3364 1936 effectum
3401 1896 3417 1945 ;
3452 1880 3542 1935 est
3572 1877 3732 1934 enim

2079 1957 2613 2036 etiamimaginatio
2634 1961 3311 2044 minimepraeceps,qua
3339 1981 3407 2025 ea
3432 1982 3561 2043 quae
3592 1968 3733 2024 sunt

2078 2056 2135 2109 et
2167 2048 2297 2110 fieri
2321 2058 2568 2129 possunt
2595 2052 2961 2131 attingimus.
2999 2054 3144 2115 Cum
3170 2053 3366 2131 itaque
3397 2053 3526 2114 haec
3558 2052 3638 2112 ita
3664 2068 3730 2112 se

2081 2137 2363 2213 habeant,
2397 2138 2521 2202 sive
2551 2141 2681 2220 quis
2714 2140 2868 2203 bona
2900 2142 3058 2205 dicat
3089 2143 3163 2205 de
3188 2142 3329 2204 viris
3351 2140 3579 2224 probis,
3605 2139 3730 2201 sive

2083 2226 2237 2289 mala
2268 2227 2343 2289 de
2393 2229 2785 2305 daemonibus,
2820 2232 2882 2293 in
2936 2232 3069 2295 aliis
3118 2241 3317 2295 tamen
3366 2229 3725 2294 animalibus

2082 2325 2219 2407 sunt
2247 2322 2494 2380 virtutes
2546 2321 2964 2407 constitutivae,
2999 2330 3056 2384 et
3112 2339 3495 2407 nequaquam
3518 2320 3734 2382 borum

2080 2405 2342 2489 habitus,
2369 2407 2475 2470 sed
2507 2409 2730 2472 ablatio
2762 2418 2854 2473 est
2885 2405 3397 2492 interitus;ablata
3428 2406 3589 2471 enim
3622 2409 3735 2470 ira-

2083 2494 2321 2575 cundia,
2356 2497 2780 2578 imaginatione
2828 2501 2967 2562 M6
2999 2508 3057 2562 et
3085 2500 3586 2581 concupiscentia,
3620 2516 3735 2559 nec

2084 2586 2279 2666 ipsum
2314 2587 2533 2650 animal
2557 2590 2697 2673 erit;
2723 2603 3083 2674 quapropter
3109 2592 3233 2652 haec
3257 2608 3375 2650 non
3402 2597 3539 2650 sunt
3558 2588 3733 2664 mala,

2084 2685 2260 2756 atque
2290 2677 2439 2739 adeo
2458 2678 2632 2740 etiam
2665 2679 2725 2740 in
2744 2680 3120 2742 daemonibus
3135 2697 3253 2741 non
3277 2680 3541 2741 omnimo
3578 2676 3731 2739 mala

2085 2773 2249 2839 sunt,
2282 2768 2503 2849 quippe
2542 2768 2676 2831 illos
2708 2788 2826 2832 non
2871 2770 3283 2832 interimentia
3316 2792 3332 2848 ;
3368 2786 3488 2831 non
3540 2772 3738 2848 itaque

2084 2856 2224 2918 mali
2250 2866 2391 2919 sunt
2410 2859 2744 2924 secundum
2771 2868 3069 2936 naturam,
3095 2859 3201 2922 sed
3224 2861 3284 2921 in
3308 2864 3595 2941 quantum
3616 2875 3736 2919 non

2082 2956 2223 3008 sunt
2252 2946 2417 3009 boni.
2446 2946 2653 3030 Neque
2673 2949 3086 3032 bonum,quod
3109 2950 3227 3012 illis
3250 2965 3603 3011 concessum
3622 2953 3731 3021 est,

2084 3038 2321 3117 penitus
2352 3055 2700 3119 perversum
2734 3052 2849 3117 est,
2878 3041 3042 3123 quasi
3060 3039 3210 3101 forte
3233 3038 3515 3121 paeniteat
3545 3036 3734 3099 Deum

352 3136 543 3215 φθορὰν
602 3133 765 3215 ἔσχον
814 3134 872 3192 ἐκ
928 3126 1311 3213 προαιρέσεως,
1370 3133 1545 3197 καθὼς
1604 3134 1690 3189 καὶ
1744 3134 1887 3211 παρὰ
1930 3133 1997 3208 τῷ

2090 3126 2249 3215 quod
2281 3126 2357 3189 ita
2392 3128 2527 3191 illos
2558 3129 2889 3206 honorarit,
2918 3130 3074 3193 absit
3104 3150 3119 3207 ;
3151 3130 3256 3193 sed
3287 3129 3527 3211 ipsimet
3554 3145 3588 3188 a
3617 3134 3737 3188 toto

356 3224 619 3297 Ἰεζεκιηλ
674 3225 913 3304 εὕρηται“
967 3224 1201 3305 Ἐορθάρη
1261 3227 1296 3293 ἡ
1347 3223 1624 3298 ἐπιστήμη
1683 3246 1775 3281 σου
1806 3223 1895 3279 σὺν
1927 3227 2003 3295 τῷ

354 3314 538 3372 καλλει
583 3338 667 3390 σν,
719 3313 962 3382 δηλονότι
1022 3317 1056 3383 ἦ
1111 3312 1404 3394 φωτοειδὴς
1458 3311 1559 3378 ἕξις
1606 3315 1691 3368 καὶ
1751 3313 1785 3379 ἦ
1832 3311 2000 3389 ἀγγε-

355 3404 667 3479 λοπρὲπέια.
730 3411 848 3467 Πῶς
874 3403 927 3461 δὲ
966 3411 1057 3460 τοῦ
1107 3405 1183 3481 μὴ
1226 3401 1392 3466 ὅντως
1440 3401 1731 3482 ἐφιέμενοι,
1763 3411 1856 3459 τοῦ
1898 3422 2003 3456 κα-

355 3501 451 3551 κοῦ
479 3494 732 3573 ἐφίενται,
772 3494 807 3563 ἢ
843 3493 1113 3567 δηλονότι,
1162 3490 1383 3560 ἀλήθειά
1442 3491 1586 3547 ἔστιν
1644 3492 1671 3547 ὁ
1729 3492 1857 3554 Θεὸς
1919 3490 2005 3546 καὶ

355 3584 437 3659 ὄν;
470 3586 531 3640 τὸ
574 3583 627 3640 δὲ
691 3590 759 3661 τῇ
816 3582 1027 3657 δληθείᾳ
1103 3582 1464 3655 ἀντικείμενον
1512 3576 1723 3658 ψεῦδος,
1787 3577 1904 3636 οὔτε
1948 3578 2005 3635 ὃν

357 3674 523 3749 ἔστιν,
555 3671 653 3740 ἔξω
682 3675 781 3753 γὰρ
812 3680 902 3731 τοῦ
959 3679 1089 3730 Θεοῦ
1142 3671 1436 3751 παντελῶς,
1485 3668 1604 3727 οὔτε
1662 3670 1818 3726 εἰκὼν
1862 3668 2005 3736 ἀλη-

355 3766 520 3827 θείας.
575 3762 779 3831 Επειδὴ
816 3761 871 3819 δὲ
916 3764 1079 3820 πείθει
1129 3763 1275 3826 τινὰς
1321 3760 1463 3818 εἶναί
1510 3782 1583 3825 τι,
1619 3759 1765 3816 ἕσται
1800 3780 2009 3817 σκοτειο

359 3853 447 3909 νὸν
478 3854 562 3910 καὶ
588 3851 815 3932 ἀμυδρὸν
876 3858 984 3909 τῶν
1027 3854 1270 3909 ὁπωσοῦν
1311 3849 1473 3907 ὄντων
1502 3846 1726 3906 εἴδωλον
1762 3867 1777 3885 ο
1811 3846 1888 3905 διὸ
1921 3849 2008 3905 καὶ

358 3940 590 4019 ἐνεργείᾳ
646 3941 785 3998 ἐστὶν
829 3939 1078 4020 εἴδωλον,
1123 3942 1212 3999 καὶ
1264 3940 1499 4018 ἐνεργείᾳ
1553 3936 1767 4018 ψεῦδος,
1814 3937 2005 3996 τουτέ-

361 4052 474 4087 στιν
530 4030 796 4099 ἀληθινῶς
860 4032 948 4087 καὶ
998 4028 1164 4092 ὅντὼς
1217 4027 1430 4104 ψεῦδος⁹
1484 4025 1600 4084 ὅθεν
1631 4029 1719 4084 καὶ
1777 4027 2008 4107 ἐνεργείᾳ

359 4120 438 4196 μή
480 4120 561 4179 ὃν.
609 4117 825 4199 ’Ὥσπερ
869 4119 957 4176 οὖν
1008 4119 1093 4176 ἐπὶ
1136 4124 1242 4175 τῶν
1273 4115 1478 4194 ψευδῶς
1511 4116 1677 4174 ὄντων
1707 4119 1768 4173 τὸ
1819 4114 2006 4193 ψεῦδος

360 4208 649 4290 ἁναιρεθὲν,
697 4215 870 4266 πᾶσαν
915 4210 1009 4275 τὴν
1052 4209 1228 4265 οὺσίαν
1259 4214 1350 4263 τοῦ
1401 4206 1715 4285 πράγματος
1748 4208 1957 4283 ἀναιρεῖ
1992 4223 2005 4237 ·

362 4297 498 4355 οὕτω
540 4299 626 4355 καὶ
655 4301 682 4355 ὁ
714 4306 806 4357 τοῦ
835 4297 1052 4375 ψεύδους
1084 4297 1239 4374 ἐρῶν,
1272 4298 1346 4352 ὡς
1378 4297 1425 4352 οἱ
1483 4293 1752 4370 δαίμονες,
1797 4303 1890 4352 τοῦ
1933 4295 2009 4369 μὴ

2086 3214 2241 3278 bono
2284 3217 2687 3293 desciverunt,
2722 3221 3015 3301 potentias
3045 3239 3182 3283 suas
3206 3218 3343 3283 boni
3368 3218 3577 3279 visivas
3598 3216 3736 3278 odio

2087 3304 2394 3384 habentes,
2422 3310 2593 3389 juxta
2623 3310 2683 3371 id
2736 3311 2891 3392 quod
2925 3311 3000 3373 de
3032 3309 3250 3391 p0pulo
3280 3307 3606 3370 Israelitico
3638 3305 3736 3367 di-

2086 3404 2245 3457 ctum
2272 3406 2380 3460 est:
2412 3399 2629 3461 Oculos
2648 3418 2789 3463 suos
2811 3400 3240 3472 clauserunl,et
3261 3397 3512 3460 auribus
3541 3396 3741 3476 gravi-

2092 3491 2185 3547 ter
2213 3487 2564 3568 audierunt,
2599 3490 2931 3570 nequando
2958 3494 3417 3563 convertantur,
3445 3493 3498 3550 et
3527 3502 3737 3548 sanam

2088 3592 2186 3637 eos
2205 3577 2263 3635 ιι.
2308 3576 2532 3641 Idcirco
2565 3578 2886 3641 etiamnum
2916 3577 3165 3644 Satanas
3194 3577 3428 3642 Lucifer
3456 3576 3737 3637 nomina-

2093 3673 2208 3741 tur,
2242 3675 2301 3729 et
2346 3668 2407 3731 in
2436 3668 2771 3748 Evangeliis
2817 3670 3075 3732 dicitur:
3120 3669 3405 3732 Videbam
3432 3665 3737 3731 Satanam

2089 3762 2242 3820 sicut
2261 3758 2475 3839 fulgur
2504 3760 2582 3840 de,
2606 3759 2752 3823 calo
2774 3761 3083 3824 cadentem
3106 3761 3143 3821 ί.
3179 3760 3243 3823 In
3274 3757 3547 3821 ordinem
3578 3755 3741 3818 enim

2090 3864 2263 3908 suum
2296 3848 2629 3929 angelicum
2652 3869 2719 3913 ac
2750 3850 3121 3913 luciformem
3159 3847 3659 3912 inordinationem
3685 3851 3745 3907 et

2090 3936 2400 3999 interitum
2427 3958 2497 4001 ex
2520 3941 2821 4018 proposito
2854 3940 3235 4020 invexerunt,
3259 3940 3416 4001 sicut
3444 3935 3743 4017 reperitur

2092 4027 2245 4107 apud
2271 4028 2646 4092 Ezechielem
2670 4033 2717 4092 ιε
2746 4030 3056 4110 Corrupto
3078 4039 3161 4092 est
3190 4031 3449 4091 scientia
3483 4034 3591 4088 tua
3608 4043 3743 4087 cum

2092 4116 2550 4196 pulchritudine
2575 4120 2770 4193 tua,id
2794 4128 2881 4182 est
2899 4119 3226 4181 luciformis
3240 4118 3475 4180 habitus
3498 4122 3744 4193 etange-

2094 4205 2245 4269 licus
2275 4206 2481 4271 decor.
2506 4207 2813 4281 Quomodo
2837 4216 3060 4289 autem,
3088 4208 3229 4269 dum
3254 4208 3312 4268 id
3334 4205 3490 4287 quod
3514 4223 3630 4266 non
3655 4209 3744 4265 est

2093 4305 2403 4378 appetunt,
2437 4300 2654 4360 malum
2686 4306 2993 4381 appetunt,
3028 4298 3143 4360 nisi
3174 4297 3313 4379 quia
3344 4300 3501 4360 Deus
3534 4294 3749 4355 veritas

359 4390 510 4453 ίιντος
568 4386 681 4468 ἐρᾷ,
742 4389 829 4444 καὶ
887 4387 941 4444 ἐν
997 4393 1074 4459 τῷ
1114 4385 1249 4458 ὃντι,
1283 4382 1549 4440 τουτέστιν
1581 4385 1637 4440 ὲν
1660 4389 1727 4460 τῇ
1756 4382 1997 4460 ἀληθείᾳ,

2092 4395 2181 4447 est
2222 4396 2279 4449 et
2311 4387 2462 4450 ens?
2491 4388 2648 4470 quod
2678 4380 2873 4451 autem
2910 4389 3138 4451 veritati
3164 4394 3456 4468 repugnat
3491 4382 3744 4448 menda-

361 4478 464 4559 οὐχ
496 4480 739 4546 ἕστηκεν.
788 4480 848 4536 Οἱ
904 4476 994 4534 οὗν
1023 4475 1293 4554 δαίμονες,
1351 4473 1483 4531 καθᾶ
1526 4475 1687 4554 φησιν
1716 4474 1750 4542 ἡ
1784 4474 1997 4549 Κύριος,

2092 4476 2275 4551 cium,
2310 4496 2505 4559 neque
2549 4497 2656 4540 ens
2687 4486 2795 4552 est,
2831 4478 3128 4560 siquidem
3186 4476 3432 4539 omnino
3466 4484 3555 4537 est
3586 4480 3750 4535 extra

363 4573 585 4643 ψεῦσται
604 4568 776 4643 ὄντες,
809 4568 898 4624 καὶ
924 4566 1148 4645 πατέρες
1178 4571 1269 4622 τοῦ
1316 4561 1560 4643 ψεύδους,
1606 4569 1698 4620 τοῦ
1724 4564 1802 4639 μὴ
1853 4564 1997 4627 ’ὄντος

2093 4564 2298 4638 Deum,
2330 4585 2438 4629 nec
2462 4569 2653 4647 imago
2676 4568 2960 4633 veritatis.
2996 4568 3140 4631 Cum
3166 4574 3362 4628 autem
3392 4562 3751 4646 persuadeat

364 4657 616 4737 ἐφίενται,
649 4657 734 4714 καί
780 4658 947 4714 κααοῦ
976 4654 1226 4736 ἐφίενται.
1569 4738 1578 4740 Α

2090 4655 2444 4736 quibusdam
2479 4675 2718 4737 prorsus
2741 4676 2875 4720 esse
2907 4657 3153 4740 aliquid,
3186 4655 3510 4719 obscurum
3538 4653 3652 4715 erit
3680 4671 3751 4713 ac

366 4754 550 4809 tenue
578 4763 782 4808 rerum
808 4762 1047 4826 quoquo
1076 4742 1254 4805 modo
1275 4738 1687 4803 exsistentium
1720 4740 2417 4826 simulacrum;quocirca
2440 4752 2616 4809 etiam
2651 4747 2866 4810 effectu
2897 4738 3281 4809 simulacrum
3315 4756 3425 4819 est,
3454 4751 3512 4805 et
3534 4743 3751 4805 effectu

362 4834 599 4909 falsum,
633 4834 691 4897 id
740 4842 831 4898 est
861 4851 998 4896 vere
1043 4851 1111 4896 ac
1139 4831 1382 4894 realiter
1406 4829 1643 4912 falsum,
1666 4837 1843 4912 atque
1875 4831 2024 4894 adeo
2059 4833 2237 4895 etiam
2266 4836 2482 4899 effectu
2508 4856 2625 4897 non
2649 4854 2781 4899 ens.
2810 4836 3327 4911 Quemadmodum
3362 4835 3540 4914 igitur
3560 4833 3620 4893 in
3638 4830 3751 4893 fal-

364 4927 449 4987 sis
498 4924 761 5007 entibus,
793 4929 841 4987 si
891 4922 1114 4985 falsitas
1165 4920 1493 5001 auferatur,
1552 4937 1793 4982 omnem
1856 4924 1944 4983 rei
1995 4922 2384 4987 substantiam
2436 4927 2682 5003 aufert;
2734 4928 2816 4990 ita
2867 4945 3104 5010 quoque
3134 4925 3404 4988 falsitatis
3429 4942 3659 4998 amans,
3695 4936 3760 4990 ut

367 5011 696 5096 damones,
723 5020 880 5076 amat
910 5011 971 5075 id
995 5011 1152 5093 quod
1184 5030 1302 5073 non
1335 5018 1447 5086 est,
1482 5017 1541 5072 et
1572 5010 1629 5071 in
1662 5028 1732 5072 eo
1758 5011 1921 5087 quod
1952 5021 2067 5087 est,
2099 5013 2160 5075 id
2195 5024 2285 5077 est
2313 5018 2581 5094 veritate,
2609 5037 2728 5079 non
2759 5026 2890 5079 stat.
2924 5016 3238 5079 Daemones
3268 5015 3465 5095 igitur,
3495 5014 3647 5076 sicut
3676 5014 3756 5075 ait

366 5102 683 5182 Dominus,
717 5122 855 5167 cum
918 5102 1236 5165 mendaces
1266 5100 1386 5162 sint
1415 5108 1475 5162 et
1506 5098 1800 5161 mendacii
1831 5108 2051 5181 patres,
2090 5114 2376 5185 appetunt
2435 5108 2493 5168 id
2526 5108 2683 5187 quod
2718 5126 2836 5169 non
2867 5116 2980 5181 est,
3017 5106 3357 5187 malumque
3385 5104 3750 5168 desiderant.

447 5211 486 5293 δ
514 5209 726 5275 XXIV.
775 5208 1090 5273 Μεταϐαίνει
1118 5209 1203 5266 ἐπὶ
1235 5209 1327 5273 τὰς
1373 5207 1666 5285 λεγομένας
1699 5209 1866 5272 κακὰς
1902 5214 1997 5285 ψυ.

2175 5218 2201 5289 §
2233 5212 2440 5277 XXIV.
2474 5214 2712 5277 Transit
2764 5213 2836 5275 ad
2870 5213 3058 5275 dictas
3090 5231 3297 5294 pravas
3327 5210 3579 5294 animas,
3614 5232 3747 5276 ser-

369 5302 503 5383 χὰς,
560 5300 838 5379 γυμνάζων
884 5301 971 5358 τὸν
1001 5298 1160 5376 λόγον
1218 5301 1306 5355 καὶ
1337 5297 1425 5353 ἐπὶ
1454 5298 1675 5376 τούτων,
1730 5298 1774 5354 εἰ
1801 5296 1997 5356 δύναται

2100 5321 2335 5365 monem
2362 5303 2425 5364 in
2458 5303 2856 5371 iisexercens.
2882 5322 2955 5365 an
2989 5308 3217 5385 possint
3249 5305 3306 5365 in
3337 5303 3412 5364 iis
3443 5303 3616 5365 etiam
3648 5322 3749 5365 se-

368 5393 456 5449 ἒπὶ
484 5392 683 5458 ταύτης
719 5409 730 5422 '
769 5390 911 5447 εἶναι
960 5410 1079 5445 τινα
1112 5387 1287 5445 οὖσίαν
1343 5388 1432 5443 καὶ
1462 5383 1577 5442 καθ’
1622 5387 1745 5445 αὗοὸ
1794 5394 1886 5444 τοῦ
1911 5411 1997 5445 κα-

2095 5395 2360 5457 cundum
2381 5396 2772 5459 substantiam
2804 5383 3005 5477 aliqua
3020 5414 3154 5459 esse
3188 5396 3364 5473 mala,
3392 5404 3447 5456 et
3481 5395 3597 5456 ait:
3632 5392 3751 5458 Sed

368 5488 491 5554 κοῦ,
518 5483 605 5539 καί
629 5497 809 5559 φησιν·
845 5476 1012 5538 Ἀλλὰ
1032 5478 1110 5541 τίς
1143 5477 1289 5534 εἴποι
1305 5477 1522 5556 ψυχὰς;
1562 5476 1725 5539 κακὰς
1754 5479 1997 5553 ,Καὶμὶλη

2096 5484 2233 5566 quis
2261 5484 2419 5547 dicat
2470 5489 2703 5547 animas
2736 5504 2871 5548 esse
2903 5476 3133 5548 malas?
3163 5486 3396 5547 Etenim
3430 5482 3518 5544 vel
3550 5501 3619 5545 ex
3652 5501 3746 5560 eo,

366 5574 403 5639 ἣ
434 5571 489 5628 ὲν
512 5571 591 5645 τῷ
620 5570 950 5649 συγγίνεσθαι
980 5568 1176 5645 ἑτέροις
1230 5579 1421 5629 κακοῖς
1463 5567 1525 5621 τὸ
1554 5566 1717 5624 κακὸν
1776 5568 1810 5634 ἡ
1856 5572 1997 5652 diu)?

2097 5572 2253 5655 quod
2287 5592 2423 5637 cum
2457 5574 2590 5637 aliis
2624 5574 2805 5638 rebus
2837 5576 3004 5637 malis
3035 5582 3324 5651 versetur,
3361 5573 3580 5634 malum
3614 5572 3747 5634 ani-

454 5728 646 5792 fLuc.
678 5740 818 5804 xxn,
857 5726 953 5793 15.
1036 5737 1068 5785 ε
1094 5724 1245 5794 Dan.
1277 5742 1358 5809 IX,
1388 5722 1467 5789 23
1549 5725 1577 5769 ιι
1600 5721 1678 5789 Is.
1713 5737 1793 5805 Vl,
1829 5726 1926 5794 10.

2082 5732 2203 5801 .uc.
2231 5754 2288 5820 ι,
2326 5736 2423 5803 18.
2511 5737 2540 5783 ιι
2568 5734 2711 5819 Cap.
2745 5751 2949 5812 xxvin,
2979 5735 3035 5798 Ἰ.
