4156 6156
319 370 428 452 801

796 380 894 450 DE
940 376 1238 453 DIVINIS
1277 380 1733 465 NOMINIBUS,
1778 378 1943 449 CAP.
1994 380 2098 447 IV.
2149 418 2223 432 —--
2268 380 2655 448 PARAPHR.
2703 370 3214 447 PACHYMER/E.

3578 366 3696 447 802

316 519 487 597 λείψει
544 521 649 578 τῶν
713 522 920 600 ἀγαθῶν
975 522 1277 595 κακύνεται,
1348 523 1437 578 καὶ
1490 521 1584 577 οὒκ
1639 520 1748 577 ἔστι
1798 520 1958 576 κακὸν

2045 517 2204 596 quod
2238 516 2656 597 imperfectum
2678 526 2771 578 est
2797 535 2915 579 non
2936 516 3235 579 sitcontra
3267 525 3564 590 naturam,
3581 517 3696 579 buc

312 609 666 669 ινυπόστατον
701 659 718 683 ,
769 612 907 667 κατὰ
963 611 1408 688 ἀντιπαράστασιν
1468 608 1641 688 λέγων
1675 658 1691 683 ,
1747 609 1835 666 ὅτε
1861 657 1877 690 ,
1923 610 1967 665 εἰ

307 700 444 769 ἦσαν
496 700 594 756 sui
638 706 795 774 πᾷσι,
855 703 945 757 καὶ
1002 701 1070 758 τὰ
1130 700 1272 767 πάθη
1335 700 1497 757 κακά.
1534 698 1773 758 ’Ἔπειτα
1832 700 1967 755 κατὰ

307 788 575 868 ἔνστασιν,
627 789 708 845 ὃτί
751 791 811 846 οὗ
866 791 1008 846 κακὰ
1062 789 1150 845 ἐπὶ
1214 794 1392 845 πᾶσιν·
1430 791 1516 846 επὶ
1546 791 1647 868 γὰρ
1676 804 1792 855 τοϊς
1830 788 1964 846 ἀλό-

304 901 421 956 γοις
478 881 598 936 τινὰ
652 880 851 936 τούτων
903 880 997 937 καὶ
1052 880 1340 937 συστατικὰ
1398 884 1495 947 τῆς
1565 880 1768 958 φύσεώς
1826 879 1960 960 ἐστι,

303 971 391 1025 καὶ
421 967 624 1044 μᾶλλον
663 968 746 1026 διὰ
790 976 950 1027 τοῦτο
1009 969 1070 1025 οὖ
1121 971 1261 1026 κακὰ
1321 971 1443 1031 εἰσι.
1488 972 1686 1027 Λοιπὸν
1743 969 1805 1026 ἐκ
1834 971 1961 1027 τού-

304 1080 408 1115 των
440 1057 579 1115 ἐστὶν
614 1059 900 1137 ἀπορῆσαι,
960 1058 1041 1115 ὅτι
1100 1058 1185 1114 ἐπὶ
1236 1060 1333 1134 μὲν
1390 1065 1498 1115 τῶν
1554 1048 1807 1139 λογικῶν,
1854 1059 1962 1117 ἰδοὺ

303 1151 338 1217 ἡ
386 1148 631 1224 στέρησίς
690 1156 787 1205 τοῦ
845 1149 1066 1226 ἀγαθοῦ,
1126 1150 1188 1205 τὸ
1232 1149 1395 1205 κακόν
1465 1148 1629 1222 ἐστιν,
1679 1149 1716 1218 ἢ
1761 1150 1867 1224 μὴν
1924 1152 1958 1218 ἠ

307 1236 543 1294 ἀτέλεια⁶
583 1236 671 1294 ὅτε
702 1236 908 1305 δηλαδὴ
941 1241 1001 1294 τὸ
1056 1238 1253 1317 ἀγαθὸν
1309 1242 1369 1297 οὗ
1427 1242 1818 1318 προηγήσεται,
1852 1239 1955 1295 ἆλ-

306 1328 375 1387 λὰ
418 1326 567 1403 μένει
614 1329 649 1396 ἡ
698 1328 852 1408 ψυχὴ
934 1326 1009 1383 ἔτι
1068 1327 1285 1394 ἀτελής
1339 1328 1424 1386 ἐπὶ
1482 1329 1535 1385 δὲ
1597 1337 1703 1386 τῶν
1749 1329 1959 1397 ἄλόγῶν

306 1417 481 1495 ζώων,
534 1418 649 1474 ἐπεὶ
706 1418 801 1474 οὒκ
856 1420 953 1473 εἰσὶ
1003 1416 1218 1475 δεκτικᾶ
1274 1417 1457 1497 λόγου,
1512 1420 1626 1485 πῶς
1682 1419 1955 1500 εἴποιμεν,

306 1505 389 1564 ὅτι
449 1508 585 1564 κατὰ
640 1507 896 1565 ἀπουσίαν
972 1514 1067 1563 τοῦ
1140 1510 1340 1586 αγαθοῠ
1386 1509 1452 1564 τὰ
1499 1507 1641 1577 πάθη
1700 1510 1956 1587 γίνονται;

307 1595 844 1676 Ἀναγκασθὴσόμεθα
908 1598 1078 1654 τοίνυν
1134 1596 1366 1653 ἐντεῦθεν
1456 1600 1651 1673 εἰπεῖν,
1710 1598 1789 1656 ὅτι
1865 1601 1961 1655 εἶσὶ

305 1686 393 1744 καὶ
422 1688 562 1743 κακὰ
590 1687 708 1743 καθ’
741 1686 925 1759 ἑαυτὰ,
960 1688 1046 1744 καὶ
1093 1687 1216 1767 οὒχὶ
1272 1693 1341 1763 τῇ
1399 1695 1491 1744 τοῦ
1536 1690 1749 1766 ἄγαθοῦε
1789 1689 1961 1746 ἀπου-

308 1773 395 1847 σίᾳ
425 1776 879 1857 παρυφιστάμενα.
918 1773 982 1833 Ἦ
1025 1775 1274 1857 λέγομεν,
1334 1776 1418 1833 ὅτι
1473 1779 1561 1834 καὶ
1601 1777 1814 1840 πάντως
1870 1780 1961 1836 οὖν

2048 607 2175 687 ipso
2205 624 2303 667 res
2332 614 2446 681 est,
2470 624 2587 687 quo
2610 604 2943 668 secundum
2986 618 3259 668 naturam
3319 613 3428 668 est.
3486 604 3694 667 Totius

2047 694 2248 778 itaque
2270 696 2552 757 orationis
2582 713 2797 757 sensus
2844 693 3171 765 concludit.
3205 697 3466 757 animam
3500 694 3551 758 si
3581 695 3693 758 de-

2048 794 2343 866 pravetur,
2378 784 2671 846 bonorum
2708 783 3315 864 defectu'depravari,
3349 793 3528 868 atque
3560 802 3691 846 ma-

2048 874 2168 936 lum
2219 894 2339 937 non
2388 892 2521 936 esse
2553 874 2693 953 quid
2723 872 3077 955 subsistens;
3114 891 3219 952 per
3250 875 3688 954 appositionem

2046 963 2278 1038 dicens,
2316 967 2471 1044 quod
2506 964 2556 1025 si
2590 962 2867 1025 omnibus
2914 963 3219 1043 passiones
3266 971 3469 1024 essent
3496 963 3689 1025 malai.

2046 1049 2276 1115 Deinde
2305 1053 2405 1114 dat
2429 1053 2958 1135 instantiam,quod
2993 1070 3109 1114 non
3136 1051 3415 1114 omnibus
3432 1058 3549 1114 sint
3571 1070 3693 1114 ma-

2044 1141 2118 1204 lae
2147 1165 2161 1202 :
2203 1162 2336 1203 nam
2366 1142 2427 1205 in
2460 1143 2650 1205 brutis
2682 1142 3079 1220 quorumdam
3115 1149 3321 1203 natura
3349 1141 3513 1203 hisce
3538 1160 3692 1203 con-

2042 1240 2178 1313 stat,
2211 1239 2269 1293 et
2300 1232 2528 1295 idcirco
2574 1233 2767 1313 potius
2818 1251 2934 1293 non
2988 1231 3157 1293 malae
3202 1240 3362 1294 sunt.
3395 1228 3690 1293 Caeterum

2042 1322 2184 1384 hinc
2216 1331 2418 1384 manet
2452 1321 3105 1403 dubium,quomodoin
3131 1322 3363 1383 ratione
3391 1321 3695 1383 utentibus

2044 1412 2302 1493 privatio
2331 1412 2492 1492 boni,
2527 1414 2617 1474 vel
2650 1412 2860 1474 saltem
2904 1410 3305 1490 imperfectio,
3340 1410 3558 1473 malum
3593 1416 3689 1485 sit,

2043 1502 2286 1582 quando
2316 1502 2599 1563 nimirum
2633 1501 2853 1562 bonum
2888 1519 3007 1562 non
3038 1500 3553 1581 promovetur,sed
3574 1500 3696 1561 ani-

2047 1609 2140 1652 ma
2174 1599 2374 1653 manet
2397 1591 2768 1673 imperfecta;
2795 1591 2854 1651 in
2888 1590 3081 1652 brutis
3108 1599 3329 1671 autem,
3365 1608 3500 1651 cum
3524 1589 3691 1652 inca-

2047 1681 2213 1763 pacia
2242 1683 2359 1743 sint
2389 1681 2969 1762 rationis,quomodo
2999 1680 3268 1742 dicemus
3301 1697 3407 1760 per
3430 1679 3570 1741 boni
3593 1679 3696 1741 ab-

2044 1772 2298 1833 sentiam
2334 1776 2642 1851 passiones
2671 1768 2986 1833 exsistere?
3013 1770 3310 1849 Cogemur
3360 1769 3566 1852 itaque
3596 1769 3695 1831 hic

306 1864 394 1921 hri
440 1877 558 1929 τοῖς
619 1863 836 1941 ἀλόγοις
866 1866 933 1921 τὰ
964 1866 1130 1946 πάθη,
1175 1868 1265 1923 τὸν
1306 1868 1473 1942 θυμὸν
1530 1865 1672 1946 λέγω
1728 1869 1815 1924 καὶ
1868 1869 1958 1937 τὴν

2046 1860 2438 1941 dicere,qu0d
2467 1861 2586 1922 sint
2619 1861 2795 1923 etiam
2828 1861 3095 1941 quaedam
3121 1859 3271 1922 mala
3300 1877 3411 1942 per
3441 1878 3530 1933 se,
3564 1875 3696 1940 quas

306 1955 608 2029 Ιιπιθυμίαν,
672 1955 810 2011 κατὰ
869 1958 1114 2015 ὁπωσοῦν
1144 1957 1375 2028 τίθησιν,
1424 1954 1543 2013 ἀλλ’
1576 1958 1636 2014 οὗ
1666 1959 1827 2038 κακὰ,
1875 1959 1963 2015 καὶ

308 2042 510 2120 μᾶλλον
570 2045 856 2102 συστατικὰ
934 2051 1043 2103 τῶν
1117 2046 1345 2125 φύσεων.
1424 2046 1814 2126 Ἀναιρεθὲντος
1873 2049 1959 2105 οὑν

306 2140 400 2190 τοῦ
448 2131 866 2210 ὲκλαμϐάνεσθαι
916 2137 981 2193 τὰ
1019 2137 1162 2203 πάθη
1221 2137 1362 2194 κακὰ
1418 2136 1504 2194 ἐπὶ
1559 2143 1665 2193 τῶν
1721 2135 1956 2215 ἀλόγων,

307 2223 605 2301 ἀναιρεῖται
659 2227 748 2283 καὶ
802 2228 836 2293 ἡ
881 2225 1092 2306 ἆπορία’
1149 2228 1194 2282 εἰ
1249 2228 1349 2305 γὰρ
1384 2226 1480 2283 οὔκ
1510 2228 1610 2283 cici
1664 2231 1824 2300 κακὰ,
1860 2249 1959 2284 πε-

308 2314 488 2392 ριστὺν
545 2322 729 2386 ζητεῖν
775 2317 819 2372 εἰ
867 2314 986 2372 καθ’
1058 2317 1189 2373 αὐτὰ
1244 2315 1384 2373 κακά
1434 2317 1554 2390 εἶσι,
1601 2318 1690 2373 καὶ
1723 2319 1782 2373 οὗ
1826 2318 1960 2374 κατὰ

306 2403 409 2471 τὴν
459 2414 553 2464 τοῦ
606 2404 803 2484 ἀγαθοῦ
852 2405 1132 2462 ἀπουσίανο
1190 2404 1302 2462 ἔστι
1358 2406 1460 2485 γὰρ
1489 2412 1581 2462 τοῦ
1623 2405 1806 2471 ἁπλῶς
1864 2407 1960 2463 ὄι-

306 2514 422 2557 τος.
481 2500 751 2569 Ζητοῦμεν
801 2497 885 2552 καὶ
915 2497 999 2573 τὸ,
1033 2494 1069 2563 ἢ
1101 2494 1192 2553 οὔτ
1211 2518 1267 2561 υς
1298 2494 1333 2564 ἥ
1363 2499 1526 2560 οὕτως
1585 2494 1744 2552 ἐστίν·
1778 2495 1960 2563 ἁπλῶς

308 2582 362 2639 δὲ
395 2583 474 2659 μὴ
529 2583 675 2647 ὄντος
707 2587 968 2661 τοιούτου,
1006 2586 1229 2663 περιττὴ
1285 2587 1372 2642 καὶ
1428 2585 1657 2653 ἀνόητος
1701 2586 1736 2653 ἡ
1785 2588 1961 2664 ζήτῃ-

310 2696 398 2738 σις

388 2940 655 3022 ςΧΧνΙ.
727 2941 999 3002 Ἐκϐαλων
1055 2946 1112 3001 τὸ
1169 2945 1331 3001 κακὸν
1380 2945 1487 3001 ἀπὸ
1531 2948 1638 3001 τῶν
1689 2945 1955 3024 ἀγγέλων,

306 3032 383 3090 ἔτι
414 3030 469 3088 δὲ
512 3035 571 3089 τὸ
601 3031 874 3098 παντελῶς
903 3035 1068 3091 κακὸν
1097 3037 1185 3091 καὶ
1229 3033 1335 3091 ἀπὸ
1379 3038 1485 3092 τῶν
1543 3039 1699 3111 νοῶν,
1735 3038 1822 3093 καὶ
1853 3036 1958 3093 ἀπὸ

304 3123 412 3181 τῶν
456 3127 671 3203 ψυχῶν,
700 3124 789 3179 καὶ
818 3122 894 3179 ἔτι
925 3123 1030 3180 ἀπὸ
1061 3130 1166 3181 τῶν
1210 3122 1502 3200 δαιμόνων,
1562 3131 1649 3183 νῦν
1710 3121 1956 3182 ἐκϐαλλει

309 3215 437 3272 αὗτὸ
466 3214 556 3269 καὶ
583 3212 690 3269 ἀπὸ
717 3213 824 3269 τῶν
854 3211 1053 3287 ἄλλων,
1088 3217 1175 3271 καί
1206 3220 1414 3293 πρῶτον
1473 3216 1577 3271 ἀπὸ
1633 3219 1731 3283 τῆς
1791 3219 1955 3273 καθο-
1974 3251 2017 3304 C

310 3302 464 3371 λικῆς
522 3303 630 3358 τῶν
690 3300 853 3358 ὄντων
914 3304 1140 3382 φύσεως.
1206 3306 1403 3366 Πάντες
1458 3304 1603 3384 γοῦν,
1666 3306 1849 3385 φησὶν,
1909 3308 1957 3363 οἱ

309 3399 414 3449 τῶν
472 3392 678 3472 φύσεων
737 3392 888 3470 λόγοι
942 3395 1031 3449 καὶ
1090 3394 1269 3469 αἰτίαι,
1311 3393 1422 3451 καθ’
1456 3395 1542 3458 οὓς
1575 3396 1821 3474 γεγόνασι
1870 3395 1959 3451 καί

310 3485 431 3561 εἰσι,
493 3483 634 3561 παρὰ
704 3481 798 3549 τῆς
861 3482 1001 3545 θείας
1061 3486 1267 3563 φύσεως
1339 3486 1689 3563 ὑπαρχουσιν“
1773 3482 1958 3552 ἥντινα

313 3571 541 3632 καθόλου
576 3570 753 3647 καλεῖ,
793 3570 973 3641 ἐπειδὴ
1005 3573 1056 3639 ἐξ
1089 3574 1252 3641 αὒτῆς
1287 3574 1379 3654 ἔφυ
1425 3575 1490 3629 τὰ
1520 3572 1639 3631 ὅλα.
1676 3570 1872 3640 ”Ολην
1905 3573 1958 3629 δὲ

313 3664 483 3741 φύσιν,
518 3662 690 3719 πάντα
750 3663 815 3719 τὰ
873 3664 975 3720 ὑπῦ
1037 3670 1167 3721 Θεοῦ
1220 3663 1515 3720 πλασθέντα
1550 3661 1818 3738 ἐκάλεσεν,
1851 3667 1955 3722 Οὖ-

311 3750 399 3808 δὲν
454 3759 542 3810 οῦν
584 3752 716 3827 ἐστι,
752 3754 933 3830 φησὶν,
970 3753 1023 3810 ἐν
1053 3760 1122 3830 τῇ
1153 3755 1301 3834 φύσει
1332 3751 1461 3833 ὅπερ
1506 3752 1629 3810 ὃλον
1670 3752 1817 3818 ὅλοις
1862 3754 1955 3809 ἀνα

311 3844 554 3914 τίκειται,
588 3843 651 3899 τὸ
679 3842 777 3919 γὰρ
806 3864 910 3898 τινι
940 3849 1045 3899 τῶν
1100 3842 1265 3899 ὅντων
1323 3845 1466 3921 παρὰ
1520 3844 1619 3911 τὴ)
1666 3847 1825 3903 αὒτοῦ
1856 3844 1953 3923 φύσ-

314 3954 398 3988 σιν
454 3930 616 4010 ἑτέρῳ
663 3931 778 3989 ἐστί
830 3932 1007 4012 φύσις,
1042 3943 1194 3991 τοῦτο
1246 3932 1300 3989 δὲ
1358 3933 1580 4011 ἀγαθὸν,
1616 3935 1651 4003 ἡ
1678 3934 1777 4012 γὰρ
1807 3934 1955 4015 φύσις

311 4022 450 4077 ἔστὶν
479 4020 626 4101 ἀρχὴ
657 4024 918 4090 κινήσεως
946 4022 1034 4079 καὶ
1068 4023 1313 4100 ἠρεμίας·
1375 4025 1435 4080 τὸ
1487 4021 1541 4079 δὲ
1594 4024 1771 4080 κινοῦν
1818 4024 1957 4081 ἐστιν

311 4113 338 4167 ὁ
369 4111 619 4177 ἀκίνητος
650 4110 835 4189 λόγος,
866 4113 901 4179 ἡ
933 4114 1045 4169 θεία
1075 4112 1272 4192 τέχνη.
1320 4112 1412 4180 ἐὶς
1446 4117 1571 4192 γοῦν
1604 4114 1659 4169 ἐν
1689 4127 1805 4179 τοϊς
1860 4134 1955 4171 τε-

307 4214 522 4279 χνικοῖς
555 4200 949 4276 ὰποτελέσμασι
981 4203 1098 4267 τοὺς
1134 4204 1233 4269 τῆς
1288 4203 1488 4284 τέχνης
1546 4203 1734 4280 λόγους
1768 4204 1823 4259 ὲν
1854 4203 1954 4262 αὖ·

304 4303 424 4355 τοῖς
455 4290 632 4363 μένειν
672 4290 921 4371 λέγομεν,
971 4292 1059 4349 καὶ
1105 4290 1362 4358 πολλάκις
1420 4292 1707 4369 βλέποντες
1764 4301 1949 4373 ταῦτα,

306 4376 371 4436 Ὠ
429 4380 521 4437 οἱά
578 4380 784 4461 τέχνηῐ
848 4382 1044 4462 φαμὲν,
1120 4381 1473 4454 ὲκθειάζοντες
1523 4385 1584 4439 τὸ
1654 4383 1950 4461 ὁρώμενον·

304 4467 443 4526 οἍτω
471 4471 562 4527 καὶ
593 4468 648 4527 ἒν
690 4482 807 4534 τοῖς
841 4483 1085 4551 quamet;
1131 4477 1290 4528 πᾶσιν
1321 4474 1368 4528 οἱ
1398 4472 1550 4551 λόγοι
1580 4472 1677 4541 τῆς
1701 4471 1953 4552 δημιουρο

301 4559 420 4637 γίας
465 4558 703 4633 μένουσι.
758 4566 879 4623 Πῶς
935 4567 1062 4638 γοῦν
1116 4560 1259 4617 ἔσται
1305 4562 1360 4617 ἐν
1417 4569 1486 4639 τῇ
1546 4560 1771 4618 καθόλου
1802 4564 1950 4642 φύσει

302 4671 353 4705 τι
384 4650 641 4730 ἒναντίονς
685 4651 781 4708 Καὶ
813 4653 943 4707 oili-1
989 4663 1107 4715 τοῖς
1163 4649 1595 4729 δημιουργήμασι
1650 4650 1802 4731 λόγοι
1852 4652 1951 4707 τίνι

305 4738 803 4817 ἐναντιωθάσονταις
854 4744 942 4815 Τῷ
985 4747 1212 4820 ποιητῇς
1264 4740 1385 4797 ἀλλ’
1418 4743 1510 4798 οὒκ
1560 4740 1768 4820 εὐαγές.
1802 4739 1953 4798 Ἀλλ’

304 4829 542 4910 ἑαυτοῖς,
603 4831 690 4886 καὶ
746 4828 894 4889 οὗδὲν
949 4852 999 4886 τι
1054 4832 1411 4901 ὒποστήσεται
1478 4831 1722 4889 πώποτε.
1797 4830 1954 4887 Ἀλλ’

2048 1968 2167 2011 non
2199 1949 2468 2011 oriantur
2492 1967 2561 2012 ex
2589 1948 2859 2011 absentia
2889 1948 3058 2011 boni.
3087 1947 3192 2011 Vel
3228 1949 3689 2029 respondemus,

2044 2044 2219 2101 etiam
2245 2039 2307 2101 in
2330 2038 2519 2101 brutis
2547 2038 2877 2102 istiusmodi
2899 2041 3302 2119 passiones,ut
3330 2048 3471 2102 sunt
3502 2039 3607 2101 irin
3635 2048 3694 2100 et

2043 2128 2739 2210 concupiscentitemullo
2773 2128 2949 2190 modo
2983 2146 3114 2190 esse
3147 2127 3470 2201 malas,sed
3494 2127 3692 2209 potius

2043 2236 2248 2280 eorum
2284 2227 2521 2281 naturas
2563 2220 2947 2281 constituere;
2981 2217 3042 2281 Si
3096 2227 3343 2296 negetur
3384 2216 3585 2298 itaque
3627 2217 3691 2280 in

2044 2306 2236 2370 brutis
2270 2310 2577 2388 passiones
2605 2326 2737 2370 esse
2760 2308 2966 2388 malas,
2987 2307 3233 2369 dubium
3268 2326 3504 2389 quoque
3533 2307 3694 2369 tolli-

2042 2406 2160 2472 tur;
2194 2399 2243 2460 si
2267 2399 2423 2460 enim
2460 2417 2577 2460 non
2601 2399 2721 2459 sint
2752 2399 2941 2471 malae,
2976 2398 3348 2475 superﬂuum
3385 2401 3499 2459 erit
3519 2414 3686 2479 quaa-

2043 2506 2180 2551 rere
2210 2508 2351 2550 num
2387 2508 2491 2571 per
2511 2508 2577 2551 se
2609 2490 2780 2553 malai
2800 2488 2943 2570 sint,
2968 2500 3028 2550 et
3050 2507 3167 2550 non
3191 2490 3523 2550 secundum
3547 2486 3689 2550 boni

2043 2578 2396 2660 absentiam;
2425 2587 2515 2640 est
2545 2584 2703 2641 enim
2735 2578 2891 2640 entis
2920 2578 3297 2659 simpliciter.
3354 2575 3689 2649 Quaerimus

2045 2668 2252 2747 etiam,
2286 2687 2357 2729 an
2390 2668 2477 2730 sic
2498 2686 2572 2730 an
2587 2667 2762 2732 aliter
2777 2685 2841 2729 se
2864 2668 3101 2740 habeat;
3123 2668 3199 2730 de
3211 2686 3283 2729 eo
3299 2675 3497 2729 autem
3521 2666 3682 2746 quod

2044 2758 2393 2838 simpliciter
2425 2777 2543 2820 non
2576 2765 2686 2833 est,
2731 2757 3071 2820 istiusmodi
3100 2755 3352 2838 quaestio
3384 2756 3688 2836 superﬂua

2044 2856 2135 2910 est
2167 2855 2225 2909 et
2254 2848 2572 2928 insipiens.

2123 2937 2151 3019 §
2179 2938 2390 3003 XXVI.
2420 2938 2533 3001 Ubi
2553 2940 2771 3001 malum
2808 2937 2881 3000 ab
2907 2937 3156 3019 angelis,
3184 2938 3327 3019 quin
3348 2945 3406 2999 et
3434 2937 3681 2999 omnino

2043 3030 2260 3093 malum
2282 3031 2456 3092 etiam
2484 3049 2516 3090 a
2544 3028 2843 3091 mentibus
2866 3037 2924 3091 et
2942 3029 3160 3092 animis
3185 3037 3358 3110 atque
3378 3035 3621 3107 insuper
3649 3048 3683 3089 ει

2038 3117 2413 3181 daemonibus
2455 3121 2731 3196 removit,
2766 3137 2923 3181 nunc
2973 3118 3116 3181 illud
3149 3137 3183 3181 a
3221 3118 3405 3181 rebus
3450 3135 3688 3199 quoque

2041 3209 2174 3270 aliis
2206 3209 2558 3284 excludit,et
2591 3211 2845 3291 primum
2873 3228 2907 3270 a
2936 3218 3145 3272 natura
3192 3226 3395 3271 rerum
3445 3207 3689 3269 univer-

2040 3299 2174 3362 sali.
2209 3304 2433 3363 Omnes
2463 3318 2626 3378 ergo,
2673 3299 2885 3379 inquit,
2927 3306 3273 3362 naturarum
3324 3297 3588 3360 rationes
3620 3314 3687 3359 ac

2042 3406 2257 3463 causae,
2293 3390 2622 3450 secundum
2646 3405 2795 3468 quas
2814 3389 2987 3451 factae
3015 3396 3152 3449 sunt
3172 3394 3231 3449 et
3259 3387 3582 3467 existunt,a
3604 3386 3692 3447 di-

2042 3483 2174 3539 vina
2229 3488 2439 3540 natura
2489 3484 2745 3539 existunt
2781 3498 2793 3540 :
2828 3496 3002 3559 quam
3055 3476 3452 3540 universalem
3495 3484 3685 3554 vocat,

2043 3569 2180 3649 quia
2212 3587 2280 3630 ex
2305 3569 2430 3650 ipsa
2452 3574 2728 3630 universa
2751 3566 3465 3648 procedunt.Universam
3488 3574 3686 3628 autem

2045 3658 2723 3735 naturam,vocatomnia
2752 3675 2885 3737 quae
2908 3656 3079 3719 aDeo
3107 3664 3305 3720 creata
3330 3665 3488 3720 sunt.
3526 3655 3687 3720 Nihil

2043 3749 2639 3831 igitur,inquit,estin
2665 3766 2865 3812 rerum
2915 3755 3125 3810 natura
3170 3748 3328 3830 quod
3360 3747 3685 3810 universim

2044 3840 2337 3902 universis
2361 3838 2944 3920 contrarietur;quod
2969 3839 3129 3899 enim
3153 3839 3332 3900 alicui
3360 3837 3451 3900 rei
3480 3842 3691 3901 contra

2044 3936 2312 3990 naturam
2338 3937 2450 4010 est,
2473 3929 2640 3991 alteri
2672 3936 2762 3991 est
2792 3937 3025 4004 natura,
3060 3929 3173 3991 hoc
3203 3936 3400 3989 autem
3435 3927 3683 4002 bonum,

2040 4019 2335 4099 siquidem
2358 4027 2569 4082 natura
2591 4018 2949 4100 principium
2989 4025 3079 4079 est
3125 4026 3321 4079 motus
3352 4025 3409 4078 ct
3440 4017 3685 4097 quietis;

2040 4108 2142 4171 ille
2166 4118 2357 4169 motus
2389 4118 2587 4171 autem
2612 4108 2869 4171 estratio
2901 4106 3224 4168 immobilis
3250 4116 3310 4169 et
3336 4124 3433 4166 ars
3463 4105 3682 4168 divina.

2039 4198 2205 4261 Sicut
2229 4200 2405 4278 igitur
2430 4200 2490 4260 in
2522 4200 2748 4261 effectis
2795 4195 3202 4260 artiﬁcialibns
3248 4195 3512 4258 rationes
3540 4214 3590 4256 a:
3612 4194 3688 4255 tis

2036 4305 2357 4351 remanere
2382 4289 2522 4351 419
2560 4289 2833 4361 dicimus,
2870 4298 2928 4348 et
2966 4303 3378 4367 szepenumero
3409 4303 3543 4347 cum
3576 4285 3687 4346 hos

2038 4380 2363 4457 cernimus,
2397 4377 2447 4442 Ο
2480 4379 2687 4441 miram
2720 4386 2908 4440 artem
2940 4384 2952 4439 l
2987 4376 3409 4455 exciamamus,
3436 4373 3684 4452 id‘quod

2036 4469 2307 4532 videmus
2340 4468 2728 4541 admirantes;
2761 4469 2845 4529 sic
2883 4467 3059 4532 etiam
3089 4466 3151 4527 in
3181 4464 3360 4527 rebus
3406 4464 3691 4527 omnibus

2039 4558 2409 4621 naturalibus
2424 4559 2747 4621 creationis
2763 4557 3026 4621 rationes
3050 4556 3689 4639 permanent.Quomo-

2037 4647 2113 4710 do
2139 4648 2319 4726 igitur
2355 4647 2679 4729 quidquam
2732 4649 3027 4711 universas
3069 4653 3292 4708 naturae
3340 4644 3526 4725 possit
3552 4662 3686 4706 esse

2038 4737 2433 4800 contrarium?
2456 4736 2525 4798 Et
2557 4739 2817 4799 rationes
2843 4746 3250 4799 creaturarum
3300 4734 3397 4796 cui
3444 4743 3687 4795 contra-

2040 4828 2179 4890 riari
2207 4826 2462 4908 possint?
2475 4826 2852 4891 Creatorine?
2882 4826 2988 4889 sed
3020 4828 3129 4888 hoc
3160 4826 3427 4905 impium.
3451 4823 3541 4884 An
3571 4823 3686 4885 sibi

304 4919 454 4993 ἄλλῳ
481 4921 606 4994 sui;
652 4922 739 4977 καὶ
798 4920 940 4977 ἔστιν
996 4920 1173 5000 ἕτερον
1222 4921 1364 5000 παρὰ
1420 4928 1513 4979 τοῦ
1574 4920 1795 4979 καθόλου
1824 4922 1954 5000 πρὸς

2044 4915 2215 4998 ipsis?
2234 4926 2294 4980 et
2317 4917 2403 4980 sic
2432 4917 2578 4980 nihil
2604 4935 2860 4999 unquam
2894 4917 3197 4979 subsistet.
3230 4917 3322 4977 An
3351 4913 3522 4975 alteri
3556 4919 3685 4975 cui-

301 5012 332 5067 ’ὁ
361 5013 398 5079 ἡ
430 5011 588 5092 μάχη
621 5012 923 5089 γενήσεται.
990 5012 1190 5070 Οὖκοῦν
1241 5013 1335 5069 οὒκ
1382 5011 1497 5070 ἔστι
1534 5013 1594 5069 τὸ
1626 5014 1813 5093 κακὸν,
1846 5010 1958 5069 οὐδέ

2047 5006 2243 5090 piam?
2270 5015 2328 5068 et
2364 5008 2479 5069 erit
2509 5008 2808 5071 diversum
2841 5007 2915 5070 ab
2950 5009 3223 5068 universo
3254 5021 3390 5065 cum
3424 5023 3541 5085 quo
3573 5023 3686 5085 pu-

301 5100 357 5156 ἐν
394 5102 472 5175 τῷ
502 5100 751 5164 καθόλου.
789 5111 917 5163 Τοῖς
976 5099 1031 5157 δὲ
1086 5099 1207 5158 κατ’
1267 5100 1400 5166 εἶδος
1459 5104 1557 5167 τῖς
1616 5100 1958 5181 δημιουργίας

2046 5097 2272 5175 gnabit.
2308 5096 2512 5174 Itaque
2540 5116 2656 5159 non
2692 5107 2781 5159 est
2816 5096 3033 5158 malum
3063 5096 3243 5157 etiam
3291 5093 3350 5155 in
3382 5099 3681 5157 universo.

303 5190 357 5247 εἴ
410 5213 461 5247 τι
506 5188 570 5246 ἂν
618 5192 707 5247 καὶ
758 5191 1042 5271 πρόσεστιν
1094 5191 1348 5274 ἐναντίον,
1407 5200 1563 5251 τοῦτο
1619 5193 1761 5270 παρὰ
1810 5192 1958 5273 φύσιν

2045 5188 2106 5249 Si
2125 5186 2472 5270 quidautem
2503 5188 2680 5249 alicui
2711 5188 3045 5250 secundum
3079 5185 3345 5266 speciem
3364 5183 3686 5247 creationis

300 5279 539 5361 λέγεται,
588 5281 677 5338 καὶ
733 5281 793 5338 οὔ
849 5281 987 5339 κατά
1044 5281 1220 5361 φύσινθ
1252 5283 1325 5345 ὡς
1374 5284 1436 5339 τὸ
1484 5282 1728 5365 φέρεσθαι
1760 5278 1869 5338 ἄνω
1894 5284 1954 5338 τὸ

2044 5296 2167 5339 suae
2186 5278 2415 5340 accidat
2429 5276 2821 5357 contrarium,
2846 5277 2903 5338 id
2921 5276 3137 5338 dicitur
3159 5281 3365 5338 contra
3386 5285 3681 5350 naturam,

298 5369 461 5452 ὕδωρ,
495 5372 581 5427 καὶ
615 5370 762 5428 κσίτω
818 5372 879 5428 τὸ
942 5381 1068 5449 πῦρ.
1132 5377 1296 5430 Τοῦτο
1352 5370 1406 5429 δὲ
1459 5373 1704 5451 στερήσει
1753 5372 1953 5452 φύσεως

2044 5376 2240 5430 etnon
2272 5368 2601 5430 secundum
2647 5374 2915 5429 naturam
2970 5365 3268 5440 accidere;
3320 5366 3470 5426 sicut
3515 5381 3569 5426 v.
3621 5384 3680 5443 ς.

296 5461 522 5538 γίνεται·
559 5460 697 5518 ὥστε
728 5462 824 5517 οὒκ
869 5460 1013 5519 ἔστιν
1056 5462 1089 5530 ἡ
1121 5463 1269 5542 φύσις
1312 5463 1500 5542 κακὸν,
1552 5460 1691 5518 ἀλλὰ
1748 5461 1952 5537 μᾶλλον

2044 5476 2250 5540 aquam
2281 5457 2421 5520 ferri
2457 5476 2719 5538 sursum,
2755 5458 2949 5536 ignem
2983 5457 3286 5518 deorsum.
3326 5454 3451 5517 Hoc
3480 5462 3679 5515 autem

296 5550 524 5633 ὶπήρειά
581 5572 661 5617 τις
712 5551 917 5632 φύσεως
972 5553 1034 5610 τὸ
1092 5553 1278 5633 κακὸν,
1335 5551 1364 5609 θ
1413 5550 1479 5621 δὴ
1509 5552 1595 5609 καὶ
1632 5552 1768 5630 παρὰ
1798 5552 1951 5633 φύσιν

2044 5548 2102 5612 [ἰι
2132 5557 2355 5611 natura:
2376 5547 2729 5628 privatione,
2761 5548 2924 5609 unde
2949 5564 3063 5608 non
3092 5553 3180 5607 est
3201 5554 3403 5605 natura
3427 5544 3673 5633 malum,

297 5630 541 5722 λέγεται.
729 5630 737 5632 ἡ
1264 5630 1273 5633 ’
1812 5630 1822 5633 ⁷
2033 5637 2137 5701 sed
2167 5637 2361 5718 potius
2389 5636 2642 5699 oﬁ'ensio
2684 5643 2908 5699 natura;
2938 5634 3083 5717 quid
3118 5633 3337 5697 malum
3370 5642 3480 5714 est,
3516 5630 3682 5715 quod

2034 5728 2212 5794 etiam
2241 5734 2451 5809 contra
2481 5735 2752 5793 naturam
2784 5725 3034 5790 dicitur.
