4156 6156
467 325 584 400 803

1653 328 1714 402 S.
1761 332 2106 403 DIONYSII
2147 337 2658 408 AREOPAGITAZ

3737 341 3852 414 804

547 472 848 554 ςχχνιι.
875 467 989 560 Ubi
1028 472 1227 534 autem
1269 463 1420 533 dixit
1461 491 1577 534 non
1619 491 1752 534 esse
1786 474 2011 536 malum
2041 473 2096 535 in

2617 476 3225 514 ....M.._,...
3403 481 3416 496 ς
3584 482 3838 504 ,,-

2265 473 2555 554 §XXVIL
2597 486 2770 536 Ειπωι
2814 495 2868 534 οε
2926 501 3010 537 ο.ι
3065 502 3158 539 ουκ
3204 503 3311 537 εστι
3370 499 3430 537 το
3475 502 3641 538 κακον
3675 503 3731 538 εν
3775 505 3844 560 τῃ

467 575 698 644 natura,
725 570 895 644 negat
921 559 1188 638 etiam,iu
1207 561 1553 642 corporibus
1577 561 1943 626 naturalibus
1969 582 2102 627 esse

465 651 1048 724 malum.Sicutenim
1061 650 1436 732 pulchritudo
1451 661 1533 715 est
1551 652 1952 716 membrorum
1965 673 2100 717 cum

461 750 621 814 bono
650 745 1001 825 colore,sym
1012 741 1220 804 metria
1237 760 1342 804 seu
1363 743 1687 824 proportio,
1704 742 1792 805 sic
1811 744 2100 806 deformi-

461 849 551 903 tas
580 841 668 902 est
691 835 1042 900 earumdem
1073 830 1490 914 disproportio.
1515 832 1872 896 Deformitas
1904 842 2099 898 autem

359 975 378 990 ς
461 949 582 993 non
609 927 851 991 omnino
877 923 1096 986 malum
1127 929 1237 998 est;
1281 940 1415 984 nam
1447 923 1496 984 si
1528 923 1871 986 omnimoda
1899 923 2105 986 forma;

461 1017 814 1098 ordinisque
833 1011 1120 1076 resolutio
1137 1011 1599 1092 exsistat,ipsum
1623 1030 1858 1093 quoque
1881 1032 2103 1094 corpus

463 1104 754 1169 interibit.
776 1102 946 1176 Quod
967 1111 1164 1163 autem
1189 1119 1406 1181 corpus
1445 1108 1659 1163 anima:
1684 1121 1800 1163 non
1823 1102 1900 1164 sit
1921 1120 2102 1166 causa

463 1195 702 1259 malitia)
719 1195 872 1256 sicut
895 1191 1164 1254 nonnulli
1188 1189 1522 1272 depravata;
1551 1191 1853 1271 opinionis
1873 1201 2104 1256 creato-

461 1305 590 1350 rem
622 1283 1042 1361 criminantur,
1073 1281 1446 1343 manifestum
1489 1289 1576 1344 est
1605 1300 1674 1344 ex
1707 1282 2100 1358 damonibus,

458 1376 564 1457 qui
585 1393 718 1437 cum
745 1371 1085 1451 incorporei
1115 1371 1258 1445 sint,
1294 1370 1524 1432 malitia
1556 1371 1892 1451 abundant;
1926 1372 2066 1435 mali

459 1465 542 1528 tia
584 1463 744 1527 enim
784 1461 1062 1525 omnibus
1111 1459 1314 1541 lapsus
1359 1459 1602 1538 quidam
1651 1470 1742 1523 est
1785 1480 1820 1524 a
1850 1464 2103 1545 propriis

461 1554 848 1726 bogii'xvm.
883 1640 1086 1723 Neque
1119 1642 1361 1704 materia
1392 1642 1614 1704 malum
1640 1650 1752 1716 est,
1779 1649 1842 1704 ut
1863 1642 2104 1724 quidam

2185 565 2357 646 φύσει,
2414 568 2576 648 φησὶν
2629 565 2709 622 ὅτι
2789 564 2905 626 οὑδὲ
2963 569 3018 625 ἐν
3076 582 3195 636 τοῖς
3251 582 3501 650 φυσικοῖς
3563 575 3840 646 σώμασιν.

2190 654 2388 732 Ὠσπερ
2432 657 2532 734 γὰρ
2583 655 2784 719 κάλλος
2834 661 3129 740 συμμετρία
3177 659 3287 717 ἐστὶ
3343 659 3521 734 μελῶν
3577 661 3698 734 μετ’
3753 661 3848 718 εὑ-

2185 747 2398 822 χροίας,
2458 743 2622 809 οὕτως
2674 745 2874 826 αἶσχος
2929 747 3260 827 ἀσυμμετρία
3317 756 3424 806 τῶν
3477 751 3648 808 αὑτῶν
3702 751 3844 812 ἐστι.

2187 837 2257 892 Τὸ
2284 833 2338 890 δὲ
2368 835 2570 916 αἶσχος
2602 839 2662 895 οὑ
2691 837 2866 904 παντη
2927 840 3112 895 κακόν⁶
3152 841 3196 896 εί
3243 839 3343 918 γὰρ
3401 840 3513 896 ἐστι
3566 841 3846 909 παντελὴς

2186 923 2332 989 λύσις
2381 932 2474 982 τοῦ
2517 922 2682 990 είδους
2733 927 2821 982 καὶ
2871 931 2968 995 τῆς
3013 927 3234 1000 τάξεως,
3285 931 3371 986 καὶ
3427 929 3557 987 αὑτὸ
3587 933 3649 987 τὸ
3683 937 3846 1005 σῶμα

2188 1017 2492 1094 οἰχήσεται,
2539 1015 2659 1074 Ὀτι
2705 1013 2760 1071 δὲ
2791 1014 2907 1072 οὑδὲ
2938 1017 3126 1084 κακίας
3158 1016 3337 1077 αἴτιον
3366 1021 3428 1076 τὸ
3473 1027 3629 1090 σῶμα
3659 1021 3845 1100 ψυχῇ)

2187 1105 2362 1169 καθώς
2391 1125 2529 1166 τινες
2571 1111 2752 1168 κακῶς
2810 1105 3042 1180 οίόμενοι
3100 1109 3374 1166 αίτιῶνται
3431 1111 3526 1165 τὸν
3581 1107 3846 1188 δημιουρ-

2188 1193 2305 1269 γὸν,
2337 1191 2496 1260 δῆλον
2530 1192 2590 1250 ἐκ
2619 1199 2726 1250 τῶν
2760 1192 3051 1270 δαιμόνων,
3086 1196 3142 1255 οἴ
3197 1219 3364 1278 τινες,
3425 1197 3702 1274 ἀσώματοι
3746 1198 3847 1255 ὅν-

2186 1304 2294 1355 τες,
2330 1283 2425 1350 τὴν
2471 1283 2655 1339 κακίαν
2713 1286 3166 1363 προσεκτήσαντοο
3204 1286 3300 1344 ἑπΐ
3356 1293 3486 1343 πᾶσι
3545 1288 3645 1366 γὰρ
3679 1291 3832 1346 τοῦτό

2187 1371 2297 1428 ἐστί
2386 1373 2544 1428 κακία
2579 1419 2595 1446 ,
2669 1375 2704 1441 ἡ
2778 1373 3090 1438 ἀπόπτωσις
3185 1377 3293 1433 τῶν
3399 1377 3605 1432 οἰκείων
3690 1378 3836 1456 ἀγα-ο

2187 1463 2294 1518 θῶν
2306 1509 2318 1521 .

2264 1637 2296 1719 §
2350 1638 2611 1704 XXVI".
2666 1641 2793 1700 Οἶιδὲ
2849 1644 2950 1711 ὅλη
2995 1647 3055 1702 τὸ
3115 1649 3304 1722 κακὸν,
3359 1646 3434 1710 ὥς
3492 1649 3620 1728 φασί
3669 1669 3837 1711 τινες,

458 1731 1086 1798 fabulantur.Primum
1119 1731 1383 1813 quidem,
1419 1732 1557 1810 quia
1587 1751 1888 1813 nunquam
1920 1751 2096 1815 repe-

2192 1731 2404 1809 Πρῶτον
2435 1733 2557 1812 μὲν,
2599 1731 2681 1788 ὅτι
2709 1735 2814 1814 οὑχ
2871 1735 3202 1813 εὑρεθήσεται
3261 1738 3478 1794 πώποτε
3525 1739 3702 1816 γυμνὴ
3745 1737 3841 1794 τοῦ

457 1825 650 1888 rietur
677 1822 1088 1903 informis,seu
1110 1811 1274 1885 omni
1293 1811 1481 1883 forma
1505 1811 1781 1901 spoliata;
1814 1841 1948 1884 cum
1973 1811 2096 1886 for-

2190 1819 2354 1884 είδους
2404 1811 2654 1888 ἀνείδεοςο
2708 1811 2843 1898 μετὰ
2886 1823 3050 1888 εἱδους
3110 1824 3189 1906 δὲ,
3249 1828 3322 1890 ὡς
3376 1829 3501 1906 γοῦν
3533 1827 3841 1908 μετέχουσα

458 1932 554 1976 ma
581 1921 801 1989 autem,
837 1921 901 1973 ut
947 1911 1242 1993 particeps
1292 1911 1523 1985 formae,
1588 1911 2096 1992 pulchritudinem

2187 1908 2372 1990 εἰδους,
2407 1912 2609 1986 κόσμου
2640 1913 2861 1993 μετέχει
2911 1917 2999 1972 καὶ
3047 1914 3335 1983 καλλονῆς.
3375 1919 3431 1974 Εἰ
3463 1915 3516 1972 δὲ
3565 1916 3681 1974 καθ’
3714 1917 3842 1976 ἐαυ-

457 2004 766 2086 participat
795 2023 863 2065 ac
893 2009 1284 2064 venustatem.
1318 2001 1424 2064 Sin
1473 2019 1612 2063 vero
1678 2002 1866 2083 ipsam
1903 2020 2008 2083 per
2040 2021 2096 2065 se

2187 2001 2283 2068 τὴν
2341 2001 2620 2077 νοήσωμεν
2676 2003 2873 2070 ταύτην
2929 2004 3180 2085 ἀνείδεον,
3241 2003 3406 2082 μηδὲν
3466 2010 3732 2066 παθοῦσαν
3797 2007 3836 2073 ἣ

453 2092 772 2156 informem
805 2088 1413 2170 consideremus,nihi
1446 2093 1769 2170 patientem
1795 2101 1899 2153 aut
1929 2091 2096 2154 susti.

2187 2088 2525 2171 πάσχουσαν,
2569 2093 2685 2155 πῶς
2737 2089 2928 2163 δυνατή
2963 2093 3104 2151 ἐστιν
3135 2096 3169 2162 ἡ
3198 2094 3301 2162 ὕλη
3338 2094 3521 2152 ποιεῖν
3565 2097 3732 2151 κακόν
3761 2117 3841 2176 τι,

455 2190 724 2257 nentem,
749 2178 1048 2262 quomodo
1081 2179 1325 2240 materia
1378 2179 1514 2242 mali
1567 2179 1890 2261 quidquam
1943 2189 2096 2261 agat,

2187 2180 2221 2248 ἡ
2252 2178 2386 2255 μηδὲ
2415 2181 2476 2236 τὸ
2507 2181 2738 2261 πάσχειν
2769 2181 2990 2262 ἔχωσας
3031 2185 3086 2241 Εἰ
3115 2181 3170 2240 δὲ
3201 2186 3290 2241 καὶ
3323 2186 3385 2241 τὸ
3429 2193 3611 2260 Θεϊον,
3669 2183 3841 2259 μηδὲν

457 2288 596 2334 cum
625 2288 702 2333 ne
731 2269 791 2333 id
809 2268 926 2350 pati
948 2267 1189 2350 quidem
1215 2267 1596 2349 possit?0uod
1628 2268 1679 2330 si
1711 2270 1894 2331 etiam
1917 2271 2096 2352 Deus,

2187 2269 2418 2349 πάσχειν
2447 2268 2601 2351 ἕχον,
2647 2271 2818 2328 πάντα
2878 2286 3046 2348 ποιεῖ,
3099 2273 3224 2330 ἀλλ’
3277 2275 3458 2330 ἐκεῖνο
3515 2272 3842 2354 ἐξῃρημένον

454 2365 594 2425 cum
627 2357 774 2421 nihil
806 2358 928 2438 pati
957 2357 1379 2438 possit,omnia
1410 2358 1608 2434 faciat,
1636 2376 1743 2440 per
1765 2359 1828 2421 id
1863 2361 2096 2423 excedit

2188 2359 2297 2416 ἐστὶ
2327 2366 2432 2416 τῶν
2462 2367 2695 2440 φασικῶν
2747 2361 3222 2439 ἀποτελεσμάτων,
3254 2365 3340 2421 καὶ
3371 2365 3415 2420 εἶ
3447 2363 3650 2444 αἴτιον,
3701 2363 3844 2422 ἀλλά

456 2451 703 2516 elfectus
758 2448 1083 2519 naturales,
1129 2448 1242 2511 etsi
1298 2467 1477 2511 causa
1530 2449 1625 2524 sit,
1661 2449 1771 2512 sed
1804 2449 2095 2514 efficiens.

2187 2450 2490 2518 ποιητικόν.
2525 2453 2596 2509 Τὸ
2625 2449 2679 2507 δὲ
2707 2449 2888 2509 ὑλικὸν
2922 2452 3122 2528 αἴτιον,
3174 2453 3228 2509 ἐν
3269 2458 3384 2518 τοῖς
3441 2453 3843 2530 ἀποτελέσμασι

455 2540 644 2606 Causa
671 2547 864 2602 autem
898 2537 1240 2620 materialis,
1275 2557 1412 2616 quae
1449 2539 1760 2602 effectibus
1805 2550 2096 2604 connatu-

2187 2543 2414 2620 πεφυκὸς
2447 2544 2612 2622 εἶναι,
2645 2545 2706 2601 οῦ
2733 2541 2912 2620 δράσει
2944 2543 3074 2600 ποτὲ
3105 2546 3166 2600 τὸ
3197 2546 3366 2622 τυχὸν
3417 2548 3472 2600 ἑν
3525 2557 3640 2610 τοῖς
3695 2545 3842 2602 ἀπο-

453 2631 599 2695 ralis
629 2637 738 2706 est,
777 2628 929 2692 nihil
959 2646 1222 2706 unquam
1253 2629 1371 2708 agit
1401 2629 1464 2692 in
1498 2629 1748 2711 eﬂ’ectis,
1785 2631 1901 2693 nisi
1934 2631 2096 2713 prius

2187 2629 2522 2707 τελέσμασιν,
2585 2635 2628 2693 εὶ
2677 2635 2756 2707 μὴ
2813 2636 2968 2690 παθοι
3019 2634 3273 2712 πρὸτερον
3330 2635 3428 2702 τὴν
3486 2632 3836 2703 εἰδοποίησιν.

453 2739 626 2802 passa
647 2719 723 2782 sit
746 2717 1398 2784 informationemﬁaec
1411 2727 1610 2782 autem
1637 2722 1836 2782 omnia
1856 2730 2096 2785 sanctus

2187 2726 2355 2778 Ταῦτα
2398 2717 2454 2776 δὲ
2493 2721 2656 2778 πάντα
2685 2721 2829 2800 λέγει
2875 2726 2903 2780 ὁ
2933 2722 3112 2804 ἅγιος,
3163 2721 3348 2792 ἐπειδὴ
3406 2744 3546 2788 τινες
3603 2729 3710 2781 τῶ)
3740 2748 3836 2806 φιο

453 2811 554 2874 hic
579 2809 900 2889 dicit,quia
927 2807 1169 2890 quidam
1205 2807 1540 2890 philosophi
1571 2808 1869 2882 dicebant,
1908 2829 1978 2873 ex
2010 2811 2096 2873 ir-

2187 2807 2427 2891 λοσόφων
2482 2810 2542 2867 ἐκ
2585 2810 2678 2868 τοῦ
2733 2811 2927 2890 ἀλόγου
2979 2818 3078 2880 τῆς
3137 2818 3323 2893 ψυχῆς
3385 2811 3574 2893 μέρους
3616 2812 3718 2891 ὕλῃ
3749 2816 3841 2871 καὶ

452 2899 794 2964 rationalibi
829 2898 1046 2960 animae
1064 2907 1230 2978 parte
1251 2897 1516 2960 materiae
1543 2899 1903 2980 corporique
1927 2918 2096 2962 com-

2187 2900 2391 2972 σώματι
2420 2900 2777 2979 μεμιγμένου,
2808 2903 3074 2980 ῥεποῦσῃς
3133 2905 3208 2966 εἰς
3253 2910 3408 2960 τοῦτο
3467 2905 3568 2970 τῆς
3615 2903 3829 2984 ψυχῆς,

453 2989 646 3063 mista,
674 3007 811 3050 cum
841 2987 912 3050 ad
947 3005 1075 3050 eam
1122 2987 1319 3048 anima
1346 2986 1687 3068 adreperet,
1725 2987 1880 3050 mala
1911 2990 2096 3070 profi-

2187 2990 2246 3044 τά
2276 2990 2415 3045 κακά
2444 2991 2699 3066 γίνεσθαι.
2731 2991 2897 3049 Πάλιν
2927 2995 3046 3072 περὶ
3104 2992 3202 3060 τῆς
3263 2991 3396 3060 ὕλης
3448 2992 3690 3073 μάχεται
3747 2997 3836 3050 καὶ

454 3079 618 3144 cisci.
669 3080 934 3142 Rursum
967 3075 1042 3138 de
1072 3076 1322 3138 materia
1349 3075 1638 3154 decertat,
1671 3085 1730 3139 et
1769 3095 2096 3159 argumen—

2187 3080 2416 3136 ποιεῖται
2460 3081 2551 3136 τὸν
2606 3081 2765 3160 λόγον
2822 3082 2884 3138 ἐκ
2935 3080 3270 3162 διαιρέσεως.
3317 3081 3386 3139 Ἦ
3439 3088 3564 3159 γοῦν
3628 3081 3837 3159 οὑδαμῆ

454 3177 580 3232 tum
613 3167 756 3230 490
792 3166 1007 3229 format
1038 3183 1107 3228 ex
1136 3165 1447 3228 divisione.
1487 3165 1597 3232 Vel
1651 3167 1845 3248 itaque
1898 3168 2096 3232 neuti-

2187 3165 2422 3243 οὑδαμῶς
2468 3167 2602 3246 ἐστι,
2650 3169 2744 3226 καί
2801 3169 3070 3252 οὑδέτερον
3117 3169 3244 3254 ἕξει,
3304 3172 3340 3240 ἢ
3397 3173 3476 3237 πῆ
3528 3170 3613 3226 ὅν⁶
3667 3173 3734 3230 τὰ
3779 3171 3840 3228 δὲ

452 3277 632 3342 quam
661 3273 1030 3336 nusquamve
1080 3262 1190 3332 est,
1243 3263 1302 3319 et
1349 3264 1624 3318 neutrum
1683 3255 1945 3334 habebit;
1998 3266 2098 3323 aut

450 3350 685 3432 uspiam
715 3353 828 3412 erit
859 3366 876 3408 :
909 3353 969 3408 at
998 3362 1138 3408 vero
1169 3364 1301 3426 quae
1330 3354 1568 3430 sunt,ex
1595 3345 1718 3410 Deo
1749 3356 1913 3429 sunt,
1947 3357 2004 3412 et
2032 3348 2094 3411 id

451 3437 899 3522 ipsum,quippe
921 3453 988 3499 ex
1013 3434 1388 3512 Deo,bonum
1423 3436 1706 3500 estAlias
1732 3446 1930 3501 autem
1956 3457 2093 3502 cum

447 3529 566 3593 duo
599 3530 745 3608 sint,
780 3530 938 3592 Deus
969 3535 1026 3589 et
1056 3529 1323 3602 materia,
1359 3533 1408 3588 si
1439 3527 1692 3590 alterum
1725 3538 2098 3610 supponatur

445 3617 953 3694 honum,alterum
982 3633 1118 3678 vero
1153 3619 1397 3697 malum,
1429 3617 1736 3697 continget
1767 3627 1831 3680 ut
1859 3619 1949 3684 vel
1985 3621 2096 3682 bo-

451 3726 597 3771 num
631 3708 848 3770 malum
872 3705 1066 3787 faciat,
1100 3705 1190 3768 vel
1232 3714 1394 3769 certe
1421 3707 1670 3783 malum,
1704 3716 1996 3788 quatenus
2024 3727 2097 3772 ex

447 3797 606 3859 bono
637 3795 1006 3872 est,bonum;
1037 3793 1128 3859 vel
1161 3813 1194 3856 e
1223 3793 1485 3875 diverso,
1520 3802 1583 3856 ut
1615 3796 1836 3856 malum
1871 3795 2093 3859 bonum

447 3886 688 3963 efficiat;
709 3884 802 3947 vel
833 3884 1378 3966 bonum,quatenus
1408 3901 1476 3948 ex
1512 3883 1666 3946 malo
1700 3893 1812 3966 est,
1849 3886 2094 3949 malum.

443 3974 651 4043 Sinon
674 3976 776 4038 fiat
796 3975 1050 4039 alterum
1091 3992 1162 4036 ex
1193 3973 1405 4056 altero,
1440 3974 1716 4055 sequitur
1765 3976 1940 4037 etiam
1978 3975 2095 4038 duo

445 4084 580 4131 esse
611 4065 924 4148 principia,
956 4063 1114 4146 quod
1145 4063 1307 4126 dictu
1339 4062 1678 4128 nefas.llazc
1707 4082 1846 4127 vero
1872 4083 2095 4129 neces-

447 4156 606 4221 sario
638 4157 854 4218 iterum
884 4153 958 4217 ad
991 4172 1173 4216 unum
1193 4153 1337 4236 quid
1369 4163 1546 4217 erunt
1579 4153 2097 4238 reducenda,quia

2181 3255 2307 3344 ὄντα
2347 3257 2406 3314 ἐκ
2463 3269 2555 3320 τοῦ
2613 3266 2765 3335 Θεοῦ,
2799 3262 2888 3318 καὶ
2916 3319 2918 3321 ,
2946 3264 3072 3322 αὑτὸ
3121 3264 3196 3329 ὡς
3254 3266 3316 3321 ὲκ
3387 3273 3541 3342 Θεοῦ,
3609 3265 3836 3344 ἀγαθόν.

2182 3337 2408 3413 ’Ἄλλως
2441 3346 2497 3405 δὲ
2526 3347 2615 3406 δύο
2642 3347 2830 3425 ὄντων,
2863 3361 2958 3411 τοῦ
3000 3373 3056 3410 τε
3085 3358 3220 3413 Θεοῦ
3249 3354 3337 3412 καὶ
3395 3361 3496 3422 τῆς
3526 3337 3704 3429 νὺλης,
3743 3356 3839 3412 ἐὰν

2177 3439 2393 3517 θάτερον
2447 3440 2677 3516 ὑποτεθῇ
2733 3439 2952 3518 ἀγαθὸν,
2999 3442 3213 3519 θάτερον
3258 3442 3314 3499 δὲ
3367 3447 3557 3521 κακὸν,
3616 3443 3834 3522 συμϐή-

2180 3549 2328 3586 σεται
2358 3529 2487 3586 εἶναι
2525 3527 2560 3596 ἤ
2590 3531 2650 3586 τὸ
2698 3529 2894 3608 ἀγαθὸν
2935 3538 3028 3589 τοῦ
3075 3541 3241 3590 κακοῦ
3293 3537 3601 3616 ποιητιιὸν,
3638 3535 3670 3604 ὴ
3701 3535 3834 3593 αὑτὸ

2178 3619 2239 3676 τὸ
2269 3621 2455 3692 κακὸν,
2488 3619 2562 3684 ὡς
2592 3621 2654 3676 εκ
2685 3639 2774 3676 του
2802 3619 2999 3699 ἀγαθοῦ
3029 3621 3108 3698 δν,
3151 3622 3372 3702 ἀγαθόν⁹
3405 3623 3440 3694 ἢ
3471 3623 3735 3683 ἀνάπαλιν
3772 3625 3837 3681 τὸ

2180 3710 2343 3766 κακὸν
2397 3719 2488 3769 τοῦ
2544 3707 2738 3787 ἀγαθοῦ
2797 3712 3102 3786 ποιητικὸν,
3159 3712 3197 3780 ἢ
3260 3716 3319 3769 τὸ
3371 3713 3592 3795 ἀγαθὸν,
3651 3716 3728 3778 ὡς
3772 3713 3838 3771 ἐκ

2182 3798 2274 3856 τοῦ
2327 3805 2516 3872 κακοῦ,
2575 3796 2764 3860 κακόν.
2826 3797 2892 3856 Ἥ
2949 3801 3009 3858 οὑ
3063 3799 3249 3881 γέγονε
3296 3802 3512 3881 θάτερον
3544 3803 3598 3869 ἐξ
3627 3801 3833 3883 ἐτέρου·

2186 3889 2272 3946 καὶ
2327 3886 2511 3944 ἕπεται
2568 3885 2655 3944 δύο
2713 3888 2857 3946 εἶναι
2895 3889 3094 3971 ἀρχὰς,
3127 3890 3258 3969 ὅπερ
3289 3895 3383 3952 οὑκ
3414 3890 3687 3973 ἐνδέχεται
3734 3891 3836 3949 λέ-

2180 3997 2316 4057 γειν.
2350 3979 2510 4034 Αῦται
2540 3975 2593 4034 δὲ
2623 3977 2783 4036 πάλιν
2821 3978 3120 4057 ἀναγκαίως
3162 3979 3261 4038 ἐπὶ
3307 3982 3431 4057 μίαν
3488 3981 3834 4063 ἀναχθήσον-

2179 4090 2288 4144 ται,
2348 4065 2536 4136 ὲπειδὴ
2585 4067 2731 4149 ἀρχὴ
2787 4071 2821 4138 ἡ
2863 4071 3054 4152 μονάς,
3115 4071 3219 4153 οὑχ
3280 4073 3314 4140 ἡ
3377 4071 3525 4137 δυάς⁶
3580 4073 3833 4148 κάκείνη,

2179 4159 2336 4218 ὁποία
2365 4173 2489 4216 ποτ’
2523 4156 2586 4214 ἂν
2637 4158 2757 4238 ε’ίη,
2807 4159 2872 4216 τὰ
2924 4159 3055 4220 αὑτά
3098 4161 3258 4217 πάλιν
3318 4161 3710 4242 λεχθησονται.
3747 4154 3836 4221 ’Ἦ

446 4247 810 4329 principium
840 4253 928 4309 est
953 4247 1297 4322 unitas,non
1330 4244 1604 4308 dualitas.
1640 4243 1710 4306 Et
1738 4245 1848 4308 hoc
1878 4247 2090 4329 quale-

2187 4249 2277 4329 γάρ
2319 4247 2516 4328 ἀγαθὴ,
2573 4248 2658 4306 καὶ
2714 4248 2883 4327 ἀγαθὰ
2941 4250 3155 4314 πάντως
3211 4251 3278 4307 τὰ
3325 4249 3377 4316 ἐξ
3437 4251 3621 4320 αὑτῆς·
3679 4251 3717 4321 ἢ
3749 4255 3829 4320 πῆ

446 4355 685 4420 cunque
717 4336 954 4400 tandem
985 4334 1304 4411 sit,eadem
1336 4335 1552 4398 iterum
1585 4333 1840 4400 dicenda
1868 4345 2046 4400 erunt
2074 4356 2092 4416 ;

2187 4339 2278 4415 μὲν
2338 4337 2504 4412 κακὴ,
2556 4335 2738 4422 «fi-8's
2793 4337 2990 4412 ἀγαθὴ⁹
3063 4341 3152 4396 καὶ
3205 4339 3308 4419 ἥδῃ
3393 4341 3665 4422 σύνθετος,
3741 4343 3834 4399 καὶ

445 4425 552 4491 Vel
574 4417 734 4491 enim
759 4425 981 4489 bonum
1013 4424 1218 4503 erit,et
1244 4425 1400 4488 bona
1427 4423 1630 4487 omnia
1658 4443 1792 4515 quae
1831 4442 1906 4488 ex
1935 4425 2089 4509 ipso;

2187 4432 2284 4511 οὑχ
2337 4425 2508 4504 ἀπλῆ,
2561 4417 2671 4486 οὔδ’
2718 4427 2891 4508 ἁρχὴ,
2950 4426 3069 4485 ἀλλ’
3103 4417 3462 4510 ἐκεῖνα-ἀρχὴ
3489 4429 3540 4496 ἐξ
3574 4417 3833 4488 ὧνγσυνε-

444 4517 543 4581 vel
565 4516 777 4598 partim
799 4515 1042 4598 quidem
1069 4515 1311 4596 malum,
1345 4515 1558 4596 partim
1577 4532 1718 4576 vero
1749 4512 1999 4591 bonum;
2034 4527 2093 4580 et

2187 4518 2326 4596 ιέθη,
2371 4517 2461 4576 καὶ
2512 4525 2668 4577 τοῦτο
2698 4515 2784 4574 ἔπ’
2841 4514 3080 4596 ἄπειρον,
3159 4516 3384 4589 Ἐπειδὴ
3412 4519 3466 4576 δὲ
3525 4520 3661 4578 ἓνιοι
3715 4527 3829 4578 τῶν

437 4607 565 4690 jam
595 4612 993 4689 compositum
1033 4605 1146 4668 erit
1188 4613 1246 4668 et
1277 4623 1395 4668 non
1424 4604 1698 4686 simplex,
1731 4611 1912 4684 atque
1941 4605 2092 4670 adeo

2187 4607 2449 4678 Ἐλλήνων
2478 4606 2686 4686 ἔλεγον,
2720 4603 2806 4663 διὰ
2833 4613 2988 4665 τοῦτο
3033 4610 3122 4664 τὸν
3164 4610 3385 4688 οὑρανδν
3441 4611 3531 4668 καὶ
3559 4611 3626 4668 τά
3657 4609 3828 4691 ἄστρα

445 4715 646 4782 neque
676 4693 1173 4779 principium,sed
1203 4693 1306 4756 illa
1322 4693 1682 4776 principium
1699 4703 1838 4756 sunt
1859 4713 1930 4758 ex
1956 4697 2094 4778 qui-

2187 4698 2256 4775 ait
2282 4698 2602 4778 φθείρεσθαι,
2634 4694 2720 4754 διά
2771 4697 2833 4754 τὸ
2888 4695 2949 4754 ἐκ
2991 4703 3083 4755 τοῦ
3142 4698 3522 4778 καθαρωτάτου
3564 4699 3662 4769 τῆς
3697 4700 3834 4768 ὅλης

446 4787 562 4851 bus
588 4785 1052 4869 componitur,et
1071 4783 1262 4846 hocin
1289 4783 1617 4846 infinitum.
1637 4783 1930 4857 Quoniam
1953 4804 2093 4851 vero

2187 4787 2437 4869 γενέσθαι·
2489 4787 2554 4845 τὰ
2609 4783 2663 4843 δὲ
2723 4784 2843 4844 καθ’
2885 4787 3031 4858 ἡμᾶς
3074 4789 3136 4846 εκ
3190 4792 3288 4858 τῆς
3347 4789 3697 4866 ὑποστάθμης
3741 4789 3833 4848 καὶ

445 4877 690 4960 quidam
726 4873 1038 4958 gentilium
1091 4873 1374 4937 dixerunt
1427 4878 1739 4955 propterea
1779 4874 1996 4938 calum
2027 4887 2090 4940 et

2187 4877 2503 4960 παχυτέρας,
2581 4876 2670 4934 καὶ
2733 4873 2819 4932 διὰ
2901 4883 3059 4935 τσῦτο
3131 4879 3430 4958 φθείρεσθαι
3497 4887 3692 4960 ταῦτα,
3751 4880 3831 4956 μὴ

448 4975 608 5031 astra
635 4985 751 5028 non
777 4967 1102 5047 corrumpi,
1136 4964 1276 5043 quia
1306 4981 1378 5028 ex
1409 4961 1638 5046 puriori
1666 4966 1916 5029 materia
1945 4985 2088 5049 pro-

2187 4969 2430 5044 ἰυνάμενα
2471 4965 2697 5045 ἱδρύσθάι
2743 4968 2830 5023 καὶ
2885 4964 3110 5044 βεϐαίως
3167 4967 3344 5049 ἔχειν,
3376 4969 3536 5048 φησὶν
3583 4969 3612 5026 ὁ
3648 4967 3827 5049 ἅγιος.

443 5056 626 5120 ducta
657 5063 893 5138 sunt,ea
906 5073 1046 5119 vero
1066 5071 1199 5137 quae
1221 5052 1378 5136 apud
1403 5071 1510 5116 nos
1543 5060 1682 5115 sunt
1709 5071 1780 5116 ex
1822 5055 2090 5138 subjecta

2187 5060 2232 5118 El.
2273 5057 2329 5115 δὲ
2370 5056 2666 5136 ἀναγκαῖόν
2719 5076 2846 5136 φασι
2888 5058 2988 5125 τὴν
3043 5056 3176 5135 ὕλην
3232 5065 3366 5138 πρὸς
3441 5057 3832 5139 συμπλήρωσιν

443 5148 850 5228 crassiorique
873 5147 1232 5227 materia,ait
1250 5149 1347 5210 hic
1377 5145 1873 5224 sanctus,idcirco
1906 5149 2086 5212 etiam

2187 5149 2397 5226 ιόσμου,
2467 5152 2582 5211 πῶς
2626 5147 2661 5214 ἦ
2714 5143 2816 5214 ὕλη
2873 5146 3067 5224 κακόν;
3124 5149 3434 5223 Σημείωσαι
3483 5145 3564 5220 δὲ,
3597 5147 3680 5205 ὅτι
3727 5150 3830 5217 τὴν

445 5240 574 5304 hac
607 5235 1096 5320 corrumpi,quod
1128 5255 1247 5299 non
1279 5237 1507 5320 possint
1535 5236 2086 5316 stabiliri,etfirmi-

2187 5237 2300 5307 Rm:
2354 5236 2409 5304 ιε
2467 5233 2764 5296 ὑποθέσεως
2825 5235 3126 5315 ἀναγκαῖόν
3164 5260 3326 5319 φησιν
3358 5240 3386 5295 ὃ
3417 5236 3829 5318 Ἀριστοτέλης,

445 5338 538 5395 ter
567 5326 994 5402 haerere.Quod
1019 5326 1073 5388 si
1095 5331 1401 5389 materiam
1427 5326 1500 5388 ad
1519 5327 1778 5390 universi
1809 5347 2090 5393 consum-

2187 5330 2242 5395 i);
2283 5326 2447 5391 είδους
2491 5348 2643 5391 οντος
2681 5325 2979 5404 ἀναγκαῖον
3031 5331 3173 5384 εῖναι
3221 5329 3310 5384 καὶ
3367 5325 3528 5387 ὕληνο
3593 5327 3668 5384 ἔνι
3729 5329 3833 5406 γὰρ

442 5419 768 5485 mationem
793 5415 1195 5482 necessariam
1216 5414 1397 5478 fuisse
1417 5415 1947 5499 dicant,quomodo
1966 5438 2088 5482 ma-

2187 5417 2344 5481 ιαὶτδ
2375 5416 2524 5481 εἶδος
2584 5417 2902 5493 ἀναγκαῖον.
2969 5414 3138 5474 Ἀλλά
3197 5420 3256 5475 οὗ
3314 5414 3494 5492 ἕνεκαε
3541 5418 3630 5474 καὶ
3689 5418 3751 5475 τὸ
3782 5418 3834 5474 τί

442 5509 596 5574 teria
625 5510 845 5572 malum
869 5507 1047 5588 quid?
1067 5504 1215 5569 Nota
1238 5504 1857 5586 autem,Aristotelem
1877 5526 1953 5574 ex
1973 5510 2084 5592 hy-

2187 5513 2234 5578 ἦν
2284 5507 2451 5582 εἶναις
2497 5508 2531 5576 ἡ
2562 5503 2618 5562 δῖ
2660 5504 2761 5572 ὕλη
2791 5506 3101 5563 ὑποθετικὸν
3155 5507 3477 5586 ἀναγκαῖον,
3538 5508 3614 5572 ὡς
3657 5506 3823 5586 πρίο-

444 5599 680 5683 pothesi
708 5599 929 5663 dixisse
959 5595 1267 5660 materiam
1301 5613 1436 5658 esse
1457 5595 1878 5678 necessariam,
1905 5599 1964 5662 Id
1996 5607 2088 5664 est

2187 5620 2256 5666 νος
2285 5595 2623 5661 ὑποτεθέντος
2665 5596 2830 5671 εἶναι,
2891 5596 3100 5676 ἀνάγκη
3155 5596 3299 5654 εῖναι
3358 5594 3599 5679 σίδηρον,
3643 5595 3830 5661 ἄλλως

445 5690 636 5759 forma
657 5689 981 5754 exsistente
1012 5684 1351 5762 necessario
1378 5684 1554 5750 etiam
1585 5687 1880 5754 exsistere
1901 5697 2085 5756 mate-

2187 5690 2267 5773 γὰρ
2325 5689 2386 5748 οὑ
2439 5686 2650 5746 δύναται
2731 5687 3077 5758 συσταθῆναιο
3165 5686 3226 5745 οὑ
3313 5686 3424 5766 μὴν
3473 5685 3526 5756 ἔξ
3582 5686 3830 5774 ἀνάγκης

1919 5980 2056 6021 Σρδ
