4156 6156
349 350 470 421 805

825 349 923 418 DE
967 351 1266 420 DIVINIS
1308 351 1757 432 NOMINIBUS,
1804 351 1970 415 CAP.
2029 353 2133 416 1v.
2180 383 2260 395 -
2303 341 2684 416 PARAPHR.
2735 339 3245 418 PACHYMER/E.

3624 343 3744 424 806

341 492 457 548 ἔστι
519 491 752 571 σίδηρος,
812 491 907 548 κᾶν
955 490 1132 567 μέλλῃ
1193 489 1430 567 γενέσθαι
1487 490 1677 567 πρίων,
1737 487 1832 544 κᾶν
1892 490 1990 562 μὴ·

2092 489 2228 550 riam
2259 510 2276 561 ;
2331 487 2470 550 licet
2499 488 2678 549 etiam
2711 495 2833 548 tum
2868 488 3056 550 forma
3104 490 3448 553 necessaria
3477 492 3574 556 sit.
3610 491 3728 557 Sed

344 582 497 661 ⁸Επεὶ
537 581 588 637 δὲ
621 585 649 637 b
707 581 1024 658 δημιουργὸς
1077 580 1312 657 παρ-ἄγεϊ
1369 579 1430 634 ἐκ
1487 585 1652 635 κακοῦ
1692 583 1790 645 τῆς
1831 577 1985 657 ὕλης,

338 672 428 727 καὶ
457 674 551 731 οὐκ
579 671 632 736 ἐξ
687 672 906 748 ἀγαθοῦ,
960 669 997 738 ἢ
1042 670 1157 726 ἐπεὶ
1207 668 1369 737 ἡῦλη
1402 677 1494 727 τοῦ
1538 667 1712 730 ε’ίδους
1763 667 1982 747 ἐφίεται,

342 760 466 818 κατ’
514 761 722 834 αὐτούς,
775 764 890 823 πνῦς
947 761 1111 817 κακὸν
1160 762 1220 816 τὸ
1278 761 1370 816 10-3
1431 757 1594 816 καλοῦ
1655 757 1986 837 ἐφιέμενονς

342 853 522 931 φεὺγει
580 854 679 930 γὰρ
726 853 812 908 καὶ
867 852 1104 930 μὰχεται
1155 851 1216 906 τὸ
1259 851 1423 905 κακὸν
1480 852 1556 922 τῷ
1613 849 1814 928 ἀγαθῷ.
1876 851 1991 911 Πῶς

343 940 399 998 δὲ
429 944 490 998 τὸ
522 944 684 998 κακὸν
713 944 1025 1020 γεννητικὸν
1054 941 1141 997 καὶ
1180 941 1462 1006 ποιητικὸν
1513 938 1676 1015 ἐστιν,
1728 939 1843 995 ἐπεὶ
1898 937 1993 994 λέ-

343 1054 548 1110 γουσιν,
611 1032 692 1087 ὃτι
759 1030 788 1097 η
845 1029 946 1097 ὕλη
996 1028 1169 1109 τρέφει
1222 1031 1318 1097 τὴν
1378 1030 1552 1108 φύσιν,
1613 1030 1790 1104 ὥσπερ
1847 1030 1994 1096 καὶὴ

345 1124 420 1185 εἷς
450 1121 634 1177 καῦσιν
692 1118 964 1188 ἐπιτηδεία
1022 1119 1122 1186 ὕλη
1152 1123 1213 1176 τὸ
1261 1126 1408 1200 πῦρ,
1462 1121 1516 1176 Εἰ
1565 1117 1618 1175 δὲ
1649 1117 1880 1198 εἴποιεν,
1912 1118 1993 1174 ὃτι

344 1210 479 1278 αὐτὴ
511 1211 609 1283 μὲν
655 1212 690 1277 ἡ
745 1210 846 1276 ὕλη
908 1211 1070 1266 κακδν
1125 1213 1184 1268 οὗ
1216 1213 1386 1284 ποιεῖ,
1421 1207 1594 1288 ἀγαθὴ
1625 1207 1680 1264 δὲ
1713 1210 1866 1282 οὖσι,
1899 1206 1994 1263 δό-

345 1322 504 1376 ναμιν
559 1299 938 1378 ἐφελκυστικὴν
1002 1301 1074 1364 εἰς
1098 1301 1160 1354 τὸ
1218 1301 1405 1378 κακὸν,
1441 1306 1552 1360 πῶς
1587 1306 1742 1355 τοῦτο
1775 1298 1995 1377 ἀληθὲς,

346 1391 460 1447 ἐπεὶ
512 1388 704 1447 πολλαὶ
790 1391 967 1468 ψυχαὶ
1026 1389 1233 1464 σώματι
1302 1391 1387 1444 καὶ
1444 1387 1544 1464 ὕλῃ
1633 1385 1996 1462 συνδεδεμέναι

347 1481 478 1556 πρὸς
534 1482 595 1535 τὸ
636 1479 831 1558 ἀγαθὸν
883 1477 1218 1558 βλέπουσι-ις
1285 1482 1393 1537 Οὒκ
1450 1475 1550 1533 ἔδει
1611 1474 1692 1552 δὲ,
1748 1475 1902 1556 εἴπερ
1945 1476 1996 1541 ἐξ

346 1568 584 1645 ἀνάγκης
641 1570 708 1634 ἦν
751 1569 811 1623 τὸ
869 1568 1012 1646 παρὰ
1066 1573 1164 1635 τῆς
1222 1566 1355 1634 ὕλης
1399 1566 1728 1646 ἐφέλκεσθαι,
1767 1566 1904 1624 ὥστε
1936 1569 1997 1624 τὸ

345 1664 448 1715 πᾶν
480 1658 538 1714 ἐκ
575 1657 928 1737 προαιρέσεώς
976 1657 1144 1719 ἐστιν,
1200 1660 1255 1715 Εἰ
1299 1656 1353 1713 δὲ
1412 1656 1556 1736 λέγει
1619 1679 1723 1728 τις,
1780 1657 1860 1713 ὅτι
1892 1660 1994 1713 τῶν

346 1752 536 1827 ψυχῶν
566 1747 766 1811 ἐκείιας
796 1747 1017 1825 κατάγει
1080 1749 1113 1814 ἡ
1174 1746 1301 1821 ὕλη,
1327 1747 1448 1803 ὅσαι
1481 1745 1705 1802 εὕεικτοί
1747 1747 1843 1802 εἶσι
1870 1748 1996 1824 πρὸς

1933 1835 1960 1846 -ο
2022 1811 2057 1859 Β

347 1839 533 1917 αὐτὴν,
583 1835 699 1894 δ’σαί
751 1835 806 1892 δὲ
865 1835 944 1916 οὖ,
1021 1837 1077 1892 οὗ
1138 1835 1372 1910 δύναται,
1433 1836 1548 1892 ἐπεὶ
1606 1835 1831 1892 κάκεῖνα
1891 1835 1996 1891 τῶν

345 1925 747 1997 πλησιαζόντων
803 1929 936 1982 καίει
996 1929 1057 1982 τὸ
1115 1933 1242 2004 πῦρ,
1311 1927 1410 1981 ’ὃσα
1469 1926 1771 1980 ὑπείκουσιν
1803 1924 1997 1990 ὑπείξει

347 2021 542 2096 φυσικῆ
571 2018 700 2094 πρὸς
732 2018 792 2072 τὸ
846 2016 970 2093 πῦρ,
1029 2017 1128 2084 τὴν
1165 2014 1214 2070 ἓὲ
1265 2012 1639 2092 σαλαμᾶνδραν
1709 2013 1816 2074 οὐδ’
1861 2013 2000 2076 ὅλως

347 2107 508 2178 καίει,
566 2106 705 2163 ὥστε
762 2107 1024 2184 ἀναγκαία
1083 2107 1117 2173 ἡ
1169 2105 1270 2172 ὒλη
1327 2105 1465 2162 ἐστὶν
1523 2106 1594 2165 εἰς
1627 2106 1687 2160 τὸ
1721 2103 1893 2159 ἕλκειν
1928 2106 1999 2169 εἰς

350 2199 538 2254 κακίαν
557 2196 662 2252 τῶν
706 2196 784 2272 μὴ
813 2195 896 2276 ἐφ’
949 2197 1147 2252 ἑαυτῶν
1177 2194 1484 2273 ἱδρυμένων,
1544 2195 1658 2257 πῶς
1688 2193 1724 2261 ἢ
1774 2196 1833 2250 τό
1894 2217 1998 2250 κααο

353 2287 449 2340 κὸν
497 2285 810 2362 ἀναγκαῖον,
875 2282 905 2350 ἥ
949 2287 1008 2339 τὸ
1062 2283 1354 2359 ἀναγκαῖον
1414 2285 1577 2339 κακὸν
1612 2304 1629 2357 ;
1665 2283 1734 2340 Td
1794 2284 1891 2360 γὰρ
1949 2283 2002 2348 ἒξ

358 2374 622 2452 ἀνάγκης,
678 2375 753 2438 ὡς
783 2375 915 2429 κατὰ
970 2373 1120 2444 φύσιν
1152 2371 1234 2452 ὅν,
1268 2374 1324 2428 οὕ
1356 2375 1543 2434 κακὸν,
1581 2371 1807 2437 ’Ἄλλως
1833 2393 1887 2428 τε
1920 2375 2003 2427 καὶ

360 2462 508 2520 οὗδὲν
565 2463 725 2530 ἧττον
776 2463 1006 2522 ἐντευθεν
1060 2461 1263 2537 μᾶλλον
1307 2463 1606 2519 συνίσταται
1655 2463 1690 2528 ἡ
1754 2463 2005 2539 προαίρε-

362 2573 466 2616 σις’
518 2551 640 2631 παρ’
698 2553 835 2626 ἡμῖν
876 2554 972 2630 γὰρ
1021 2552 1132 2608 ἐστι
1188 2555 1275 2607 καὶ
1327 2554 1387 2607 τὸ
1457 2551 1683 2629 ἷδρύσῢιι
1741 2549 1822 2630 ἐφ’
1875 2552 2001 2610 ἐσυ-

361 2649 488 2717 τῶν,
531 2645 614 2698 aui
655 2645 716 2698 τὸ
774 2645 874 2718 μὴ,
912 2641 1046 2698 ἂλλά
1077 2643 1207 2721 πρὸς
1253 2644 1316 2697 τὰ
1380 2642 1518 2708 πάθη
1568 2643 1886 2721 χαυνοῦσθαι
1918 2643 2004 2696 καὶ

361 2731 682 2794 ὕποχλίνειν,
1515 2738 1521 2743 ’

2082 596 2198 657 qua
2226 578 2302 640 de
2330 594 2530 650 causa,
2566 575 2782 656 quidve
2815 575 2928 638 hoc
2951 577 3064 638 sibi
3096 580 3249 644 vult?
3279 586 3527 644 materia
3557 582 3730 645 vide-

2080 667 2221 729 licet
2238 685 2307 730 ex
2329 664 2742 747 suppositione
2760 667 3094 728 necessaria
3119 671 3728 753 est,sicut,supposito

2079 759 2239 838 quod
2261 757 2339 818 sit
2355 773 2543 828 serra,
2559 773 2810 818 necesse
2834 762 2924 818 est
2950 774 3082 818 esse
3105 756 3352 840 ferrum,
3372 761 3546 823 aliter
3565 762 3727 824 enim

2077 855 2351 908 constare
2403 845 2655 922 nequit:
2711 864 2830 906 non
2891 855 3085 907 autem
3129 850 3467 912 necessario
3501 850 3728 915 ferrum

2076 935 2325 1009 exsistit,
2354 941 2474 996 sive
2505 952 2671 996 serra
2691 935 2888 998 futura
2913 935 3010 1006 sit,
3032 936 3156 998 sive
3175 956 3315 998 non.
3352 939 3499 1002 Cum
3532 951 3729 1004 autem

2077 1025 2327 1088 Creator
2378 1043 2448 1086 ex
2485 1024 2638 1086 malo
2693 1023 2999 1086 materiam
3047 1025 3353 1105 producat,
3389 1033 3450 1091 et
3495 1047 3612 1092 non
3659 1050 3730 1093 ex

2079 1114 2276 1192 bono;
2334 1113 2422 1175 vel
2456 1132 2615 1189 cum,
2644 1115 2815 1192 juxta
2855 1113 3012 1187 illos,
3051 1115 3300 1177 materia
3350 1117 3596 1180 formam
3628 1137 3731 1182 ex-

2080 1211 2259 1284 petat,
2291 1203 2594 1284 quomodo
2629 1203 2846 1264 malum
2879 1211 2968 1264 est
3007 1204 3164 1283 quod
3201 1205 3420 1268 bonum
3451 1209 3672 1289 appetit
3703 1209 3733 1269 ‘I

2079 1292 2294 1372 refugit
2322 1293 2484 1354 enim
2535 1302 2595 1354 et
2622 1302 2924 1372 repugnat
2959 1294 3175 1354 malum
3210 1294 3391 1361 bono.
3423 1295 3732 1370 Quomodo

2080 1400 2217 1443 vero
2250 1382 2426 1445 etiam
2454 1382 2674 1442 malum
2705 1382 3033 1460 generandi
3060 1393 3118 1444 et
3149 1383 3450 1448 efﬁciendi
3482 1387 3600 1449 vim
3635 1389 3734 1451 ha-

2080 1472 2201 1548 bet,
2236 1471 2721 1553 quandoquidem
2755 1471 2982 1548 dicant,
3016 1475 3323 1536 materiam
3357 1478 3588 1540 nutrire
3621 1498 3732 1541 na-

2083 1570 2300 1639 turam,
2335 1581 2454 1624 non
2503 1579 2677 1624 secus
2725 1580 2794 1623 ac
2847 1563 3094 1625 materia
3147 1564 3549 1629 combustioni
3601 1578 3736 1648 apta

2080 1650 2277 1729 ignem
2301 1650 2332 1710 ?
2365 1651 2424 1713 Si
2458 1658 2654 1712 autem
2685 1652 2904 1725 dicant,
2945 1651 3248 1714 materiam
3281 1655 3521 1735 quidem
3543 1658 3732 1738 ipsam

2082 1741 2299 1802 malum
2328 1760 2446 1802 non
2475 1741 2693 1815 facere,
2725 1742 2855 1816 scd,
2884 1761 3018 1804 cum
3044 1743 3120 1804 sit
3151 1742 3328 1825 bona,
3352 1745 3576 1809 habere
3610 1749 3732 1810 vim

2084 1829 2448 1892 attractivam
2480 1830 2552 1892 ad
2585 1832 2836 1912 malum,
2869 1832 3167 1913 quomodo
3202 1835 3314 1896 hoc
3337 1853 3567 1913 verum,
3596 1857 3733 1901 cum

2088 1921 2288 1981 multa;
2309 1926 2521 1982 animae
2542 1922 2778 2002 corpori
2802 1922 3187 2004 materiaeque
3208 1924 3730 2005 colligataebonum

2084 2011 2215 2071 421
2245 2009 2564 2090 spectent?
2609 2011 2733 2073 Hoc
2755 2021 2956 2074 autem
2991 2031 3108 2073 non
3144 2023 3411 2093 possent,
3437 2018 3734 2096 siquidem

2084 2119 2155 2161 ex
2180 2101 2532 2162 necessitate
2555 2119 2585 2161 a
2618 2107 2864 2163 materia
2886 2102 3648 2186 atlrahereutur,quoniam
3671 2110 3732 2172 id

2085 2209 2262 2252 omne
2295 2209 2365 2252 ex
2395 2191 2575 2253 animi
2615 2190 3010 2253 destinatione
3042 2193 3293 2256 exsistit.
3325 2194 3492 2267 Quod
3525 2198 3573 2258 si
3606 2200 3739 2280 quis

2089 2281 2265 2354 dicat,
2295 2281 2600 2342 materiam
2637 2281 2768 2342 illas
2801 2282 3029 2343 animas
3057 2284 3337 2362 pellicere
3379 2306 3510 2366 qua:
3541 2288 3626 2350 illi
3650 2291 3737 2350 la-

2088 2370 2203 2431 cile
2226 2371 2467 2444 cedunt,
2496 2371 2643 2432 alias
2670 2377 2866 2433 autem
2889 2391 3002 2431 non
3028 2391 3202 2452 posse
3236 2375 3556 2458 pellicere;
3587 2379 3741 2441 sicut

2089 2460 2266 2521 etiam
2296 2460 2449 2539 ignis
2482 2461 2579 2523 illa
2615 2479 2867 2541 corpora
2897 2461 3082 2523 vicina
3147 2465 3288 2536 urit,
3326 2485 3457 2544 quae
3484 2470 3739 2530 naturali

2087 2549 2454 2640 ﬂexibilitate
2478 2550 2596 2627 igni
2621 2549 2862 2623 cedunt,
2894 2551 3324 2614 salamandram
3352 2574 3488 2618 vero
3519 2577 3743 2640 nequa-

2088 2657 2263 2720 quam
2290 2639 2613 2721 comburit,
2638 2648 2814 2720 atque
2844 2642 2919 2701 ita
2944 2643 3185 2703 materia
3210 2647 3548 2708 necessaria
3571 2639 3648 2710 sit
3666 2650 3740 2711 ad

2089 2731 2554 2810 pertrahenduin
2591 2729 2662 2792 ad
2701 2733 2918 2792 malum
2955 2732 3054 2794 illa
3088 2752 3219 2813 quae
3250 2735 3310 2796 in
3341 2755 3405 2797 se
3457 2756 3573 2800 non
3605 2749 3744 2803 sunt

360 2822 592 2883 ﬁrmata
626 2845 641 2901 ;
704 2822 1003 2902 quomodo
1035 2823 1253 2883 malum
1306 2829 1396 2882 est
1426 2820 1860 2899 necessarium,
1897 2819 1985 2882 vel
2023 2819 2078 2881 id
2133 2820 2289 2900 quod
2324 2821 2728 2882 necessarium
2761 2831 2869 2898 est,
2909 2829 2999 2884 est
3055 2825 3272 2886 malum
3299 2831 3328 2888 ?
3356 2827 3522 2900 Quod
3582 2831 3744 2895 enim

359 2911 531 2988 quasi
563 2929 632 2974 ex
664 2920 878 2974 natura
912 2911 1319 2974 necessarium
1369 2919 1477 2990 est,
1515 2929 1632 2971 non
1667 2918 1759 2972 est
1791 2909 2033 2971 malum.
2069 2909 2234 2972 Alias
2283 2910 2458 2971 etiam
2495 2929 2610 2971 non
2645 2912 2840 2972 minus
2870 2912 3012 2974 hinc
3044 2914 3230 2994 magis
3259 2918 3645 2982 conﬁrmatur
3669 2923 3746 2984 li-

359 2999 560 3063 bertas
591 3022 606 3083 ;
642 3002 931 3082 quoniam
962 3001 1021 3062 in
1055 3011 1261 3064 nostra
1294 3007 1588 3082 potestate
1639 2999 1817 3061 situm
1853 3008 1962 3074 est,
1997 2997 2058 3061 in
2089 2998 2264 3061 nobis
2296 3000 2442 3082 ipsis
2485 3000 2760 3083 stabiliri,
2797 3001 2885 3063 vel
2917 3021 3059 3077 non,
3097 3003 3204 3065 sed
3239 3008 3612 3085 passionibus
3643 3031 3745 3075 re-

361 3091 508 3152 solvi
537 3109 606 3152 ac
636 3091 975 3171 subjugari.

439 3180 471 3262 δ
514 3179 717 3245 XXIX.
753 3181 899 3239 Ἐπεὶ
928 3179 983 3237 δὲ
1015 3185 1041 3238 ὁ
1072 3180 1452 3260 Ἀριστοτέλης
1512 3183 1646 3257 μετὰ
1707 3180 1806 3248 τῇς
1875 3177 2006 3246 ὕλῆς

2171 3179 2201 3257 §
2236 3177 2442 3242 XXIX.
2475 3178 2619 3243 Cum
2652 3189 2849 3243 autem
2875 3183 3230 3246 Aristoteles
3251 3205 3366 3249 una
3393 3207 3526 3251 cum
3553 3201 3744 3256 mate-

362 3273 576 3329 καὶτοῦ
607 3270 780 3335 εἴδους
838 3273 1016 3350 ἀρχὴν
1065 3273 1235 3338 τίθησι
1285 3271 1497 3337 καὶτὴο
1549 3270 1820 3349 στέρησιν,
1853 3267 1888 3336 ἥ
1941 3267 2006 3335 δὴ

362 3360 570 3417 ἐναντία
617 3359 724 3418 ἐστὶ
754 3368 830 3435 τῷ
886 3361 1044 3442 εἴδει,
1096 3363 1185 3417 καὶ
1232 3363 1299 3437 τῇ
1327 3359 1427 3438 ὕλῃ
1479 3360 1672 3440 ἔνεστι,
1717 3361 1874 3438 φησὶν
1925 3357 2006 3413 ὅτι

364 3452 452 3507 καί
481 3449 612 3518 αὐτὰ
657 3449 727 3518 ,δὴ
764 3453 798 3518 ἡ
843 3451 1088 3529 στέρησις
1136 3452 1196 3507 οὗ
1239 3450 1476 3529 μάχεται
1524 3455 1599 3523 τῷ
1652 3448 1832 3527 ἀγάθῷ
1873 3447 2010 3503 κατὰ

365 3541 465 3610 τήν
535 3541 729 3596 ὀὶκείαν
797 3539 1012 3616 δύναμιν
1076 3556 1090 3571 ⁸
1159 3543 1194 3609 ἦ
1251 3545 1494 3617 στέρησις
1553 3539 1651 3617 γὰρ
1707 3539 1799 3595 οὗκ
1869 3537 2008 3594 ἐστιν

366 3630 655 3696 ὑπόστασις
686 3646 699 3661 ⁸
761 3633 822 3688 τὸ
899 3629 1070 3706 δὲμὴ
1125 3630 1480 3711 ὑφιστάμενον
1539 3627 1692 3685 ποίαν
1756 3627 1858 3693 ἔξει
1915 3628 2012 3694 τὴν

367 3718 607 3797 δύναμιν,
641 3721 699 3777 Εἰ
727 3719 780 3776 δὲ
810 3723 922 3777 ἔστι
945 3720 1161 3800 μερική,
1216 3723 1289 3784 ὡς
1320 3718 1437 3777 τόδε
1467 3719 1565 3794 μὲν
1618 3719 1760 3775 εἶναι
1789 3719 1860 3793 τί,
1895 3715 2012 3773 τόδε

367 3808 424 3866 δί
467 3811 544 3878 μὴ
575 3809 740 3884 εἶναι,
773 3811 811 3878 ἦ
840 3812 1055 3878 τοιαύτη
1105 3809 1351 3887 στέρησις
1381 3809 1440 3866 οὗ
1471 3806 1746 3870 παντελῶς
1796 3809 1960 3865 κακὸν
1995 3827 2006 3838 ·

369 3901 667 3978 στερήσεως
724 3901 824 3979 γὰρ
880 3899 1102 3980 μερικῆς
1133 3898 1290 3968 οὔσης
1334 3905 1426 3956 τοῦ
1482 3898 1702 3978 ἁγαθοὸ,
1751 3897 1858 3978 οὔχ
1885 3897 2011 3954 ὄλο-

370 3989 539 4054 τελῶς
583 3990 643 4046 τό
693 3997 912 4070 πρᾶγμα
958 3991 1120 4048 κακόν
1155 4009 1169 4023 °
1225 3992 1312 4047 καὶ
1345 3989 1663 4071 γενομένης,
1697 3989 1792 4049 ἐπὶ,
1820 3993 2014 4046 τοσοῦ-

370 4101 462 4138 τον
514 4078 738 4159 λέγομεν
811 4081 1044 4159 γίνεσθαι
1102 4081 1326 4156 ταύτην,
1396 4080 1621 4137 καθόσον
1696 4079 1758 4136 τό
1823 4078 2016 4158 ἂγαθόν

370 4169 680 4250 ἔπέρχεται,
735 4172 804 4228 Τὸ
854 4171 980 4249 γοῦν
1025 4170 1190 4238 οῧσης
1250 4171 1486 4227 τέθεικεν
1539 4170 1624 4226 ἐπὶ
1679 4172 1782 4226 τῶν
1849 4168 2012 4226 πάλαι

369 4260 500 4317 ποτὲ
559 4261 940 4338 στερηθέντων,
973 4262 1034 4317 τὸ
1084 4259 1140 4316 δὲ
1170 4260 1464 4339 γενομένης
1520 4261 1604 4316 ἐπὶ
1651 4265 1757 4315 τῶν
1792 4257 1897 4330 ἤδη
1930 4261 2014 4315 καὶ

369 4348 650 4430 προσεχώς
680 4349 954 4408 παθόντῶν
983 4352 1082 4418 τὴν
1111 4349 1380 4429 στέρησιν,
1415 4348 1590 4418 δηλῶν
1620 4351 1707 4406 καὶ
1759 4347 1811 4414 ἐξ
1837 4349 2013 4428 (ippo-

2091 3274 2178 3364 ria
2209 3276 2266 3330 et
2291 3269 2480 3330 forma
2500 3270 2857 3364 principium
2893 3282 3072 3353 ponat
3092 3281 3152 3364 et
3177 3276 3588 3357 privationem,
3617 3303 3750 3364 quas

2092 3357 2293 3450 utique
2330 3359 2628 3450 contraria
2659 3370 2750 3423 est
2778 3362 3005 3442 formas,
3032 3372 3092 3425 et
3123 3363 3278 3427 inest
3312 3375 3595 3447 materiai,
3633 3357 3736 3450 ait,

2092 3466 2167 3508 ne
2197 3447 2385 3528 ipsam
2435 3449 2674 3522 quidem
2713 3451 3098 3531 privationem
3133 3453 3289 3515 bono
3321 3473 3656 3538 repugnare
3687 3447 3741 3524 vi

2093 3553 2236 3617 sua;
2270 3555 2405 3598 nam
2441 3541 2691 3618 privatio
2715 3559 2832 3603 non
2864 3543 3132 3605 subsistit
3164 3561 3179 3618 ;
3209 3545 3371 3625 quod
3405 3557 3603 3611 autem
3627 3570 3750 3616 non

2095 3626 2386 3724 subsistit,
2421 3628 2661 3724 qualem
2717 3629 2832 3724 vim
2864 3631 3160 3724 habebit?
3191 3632 3360 3707 Quod
3392 3644 3440 3698 si
3487 3642 3750 3719 partialis
3821 3716 3826 3724 _

2093 3717 2191 3792 sit,
2228 3723 2291 3778 ut
2319 3717 2431 3780 hoc
2461 3719 2699 3800 quidem
2731 3722 2830 3803 sit,
2863 3721 3024 3785 aliud
3059 3742 3197 3786 vero
3234 3743 3353 3788 non
3403 3717 3502 3806 sit,
3546 3731 3748 3795 istius-

2099 3807 2261 3868 modi
2284 3809 2524 3888 privatio
2551 3829 2666 3872 non
2695 3819 2938 3877 omnino
2965 3814 3145 3878 mala:
3176 3816 3408 3896 partiali
3431 3819 3591 3881 enim
3607 3820 3751 3885 boni

2099 3897 2427 3977 privatione
2457 3901 2935 3979 exsistente,,res
2985 3905 3248 3967 nondum
3284 3907 3546 3987 perfecte
3599 3912 3752 3975 mala

2099 3995 2228 4061 est;
2256 3996 2321 4081 Aet
2350 3989 2490 4052 dum
2524 3992 2606 4072 ﬁt,
2634 4002 2884 4055 eatenus
2915 3994 3174 4057 dicimus
3203 4013 3334 4059 eam
3370 3997 3524 4080 ﬁeri,
3550 4010 3750 4081 quate-

2101 4097 2215 4142 nus
2255 4079 2474 4141 bonum
2509 4081 2924 4164 subsequitur.
2985 4086 3139 4145 Dixit
3169 4087 3329 4154 03m.-
3393 4089 3468 4149 de
3511 4079 3589 4151 iis
3619 4111 3752 4172 qua;

2099 4169 2238 4231 olim
2296 4169 2613 4250 aliquando
2671 4174 2900 4253 privata
2959 4173 3228 4256 fuerunt,
3261 4179 3554 4254 γενομένης
3613 4169 3750 4243 vero

2097 4259 2173 4322 de
2203 4258 2275 4320 iis
2306 4277 2438 4340 quae
2466 4259 2641 4322 modo
2673 4270 2732 4323 et
2762 4262 2824 4322 in
2867 4263 3317 4342 praesentiarum
3354 4267 3749 4345 privationem

2100 4349 2421 4431 patiuntur,
2458 4368 2527 4412 ex
2552 4359 2803 4433 utroque
2835 4351 3172 4430 declarans,
3207 4361 3330 4418 tum
3358 4357 3523 4438 quasi
3561 4358 3756 4422 subsiv

365 4442 555 4518 τέρων,
589 4442 669 4499 ὅτι
703 4444 822 4500 τότε
842 4445 877 4512 ἡ
899 4445 1157 4523 στὴρησις
1189 4441 1692 4523 παρυφίσταται,ὂτὲ
1725 4443 1784 4497 τὸ
1816 4440 2006 4521 ἀγαθὸν

2102 4447 2259 4502 stere
2283 4441 2700 4520 privationem,
2729 4443 2967 4525 quando
3001 4445 3225 4508 bonum
3257 4447 3510 4510 recedit.

368 4532 665 4613 ἀπέρχεται
681 4578 693 4593 .

452 4621 695 4703 ἑΧΧΧ.
751 4623 883 4682 ’Ἔτι
937 4622 1301 4702 συλλογίζεται
1362 4624 1495 4680 κατᾶ
1567 4623 1908 4701 Μανιχαίῶν,
1952 4619 2020 4678 δι’

371 4713 446 4770 ὧν
479 4711 866 4794 ἁποδείκνδσιν,
898 4716 978 4772 ὃτι
1026 4715 1120 4772 οὒκ
1149 4713 1290 4771 ἔστιν
1346 4713 1405 4770 ὃν
1465 4715 1519 4770 τό
1576 4713 1742 4770 κακὸν
1775 4755 1791 4772 .
1849 4714 1889 4768 εἴ
1922 4712 2021 4791 γὰρ

370 4805 467 4859 καὶ
497 4803 664 4878 μήπω
696 4827 773 4868 τις
810 4803 1033 4878 αἵρεσις,
1067 4804 1202 4861 ἀλλὰ
1233 4802 1668 4884 προφυλακτικῶῖ
1705 4802 2019 4868 ένεπνεύσθη

371 4893 441 4950 τὰ
462 4893 560 4958 τὴν
602 4891 810 4962 πλάνην
854 4898 1025 4954 αὒτῶν
1051 4893 1432 4972 ἆνατρέποντα.
1465 4891 1640 4956 ’Ἴσως
1673 4891 1728 4948 δὲ
1771 4893 1858 4950 καὶ
1890 4893 2020 4964 πρὸς

374 5003 524 5046 τινας
569 4989 676 5039 τῶν
708 4981 893 5048 ἔξωθεν
924 4982 1072 5049 δόξας
1110 4985 1156 5041 οἱ
1199 4995 1439 5042 τοιουτοϊ
1497 4980 1866 5061 συλλογισμοί.
1903 4987 2022 5037 Λοι-

379 5073 478 5129 πὸν
510 5095 692 5152 φησιν,
719 5073 801 5129 ὃτι
832 5075 893 5129 τὸ
936 5074 1126 5153 ἀγαθὸν
1186 5073 1246 5131 ἐκ
1275 5079 1400 5150 μιᾶς
1443 5078 1536 5138 τᾶς
1584 5072 1691 5128 τῶν
1742 5071 1882 5127 ὃλῶν
1935 5073 2022 5128 αἷ-

375 5161 492 5224 τίας
518 5161 740 5241 (ταύτην
771 5162 889 5241 γὰρ,
913 5165 1055 5243 λέγει
1085 5166 1216 5231 ὃλην
1274 5165 1496 5243 αἷτὶαν),
1545 5163 1605 5219 τὸ
1649 5159 1703 5218 δὲ
1745 5161 1907 5218 κακὸν
1966 5160 2024 5216 οὔ

376 5252 514 5308 κατὰ
547 5255 697 5333 φὺσιν
733 5301 748 5332 ,
783 5253 901 5310 ἀλλ’
943 5254 1003 5311 ἐκ
1050 5253 1266 5312 πολλῶν
1294 5255 1382 5311 καὶ
1444 5259 1677 5334 μερικῶν
1733 5250 2024 5327 ἐλλείψεων

375 5350 470 5402 τοῦ
523 5342 745 5420 ἆγαθοῦ,
807 5350 1048 5423 Μερικῶν
1106 5343 1159 5400 δὲ
1210 5342 1428 5420 εἴρηκεν
1463 5391 1478 5416 ,
1539 5343 1630 5400 ἴνα
1686 5343 1746 5399 τό
1798 5340 2026 5400 καθόλου

374 5431 540 5509 ἀνέλῃ
576 5453 586 5464 ·
623 5435 658 5501 ἡ
689 5435 789 5512 γὰρ
823 5433 1088 5502 παντελὴς
1120 5433 1356 5510 ἔλλειψις
1395 5435 1453 5491 τό
1520 5434 1596 5509 μὴ
1649 5447 1788 5490 εἶναι
1845 5431 2028 5497 ἁπλῶς

376 5523 696 5589 συνίστησίν.
763 5528 873 5583 Πῦκ
925 5523 1064 5580 ἔστιν
1119 5523 1218 5603 ἄρα
1273 5524 1586 5603 ὡρισμένον,
1619 5545 1668 5578 τι
1728 5523 1788 5579 τό
1837 5522 2024 5602 κακόν,

376 5610 494 5668 ἀλλ’
549 5613 820 5693 ἀόριστον,
878 5616 952 5681 ὡς
1006 5614 1066 5670 ἐκ
1122 5613 1337 5671 πολλῶν
1385 5611 1688 5690 γινόμενον.
1733 5617 1852 5677 Πῶς
1883 5609 1938 5667 δὲ
1969 5612 2028 5669 τό

378 5701 545 5761 κακόν
576 5702 636 5760 ἐκ
694 5701 909 5763 πολλῶν
945 5701 1230 5784 ἐλλείψεων
1265 5723 1281 5786 ;
1322 5701 1351 5772 ἤ
1402 5699 1672 5781 δηλονότι,
1708 5705 1762 5759 ἓν
1794 5701 1904 5779 ὅσῳ
1937 5699 2030 5762 ἕλ’·

2185 4625 2212 4696 §
2259 4619 2438 4686 XXX.
2481 4620 2940 4699 Argumentatur
2980 4624 3077 4686 hic
3113 4633 3317 4690 contra
3362 4628 3742 4705 Manichaeos,

2105 4709 2245 4772 dum
2304 4710 2565 4773 ostendit
2612 4711 2830 4773 malum
2881 4733 2999 4777 non
3058 4735 3193 4781 esse
3243 4737 3398 4795 ens;
3435 4719 3545 4782 etsi
3595 4720 3754 4782 enim

2105 4800 2367 4863 nondum
2387 4802 2487 4864 illa
2503 4801 2746 4864 haeresis
2758 4805 3296 4883 exsisteret,tamen
3311 4808 3381 4871 ad
3414 4809 3756 4891 praecautio-

2109 4907 2246 4953 nem
2277 4891 2662 4972 inspiratione
2687 4896 2915 4974 accepit
2937 4915 3066 4976 quae
3095 4915 3368 4961 errorem
3402 4900 3567 4960 illum
3595 4917 3759 4962 ever-

2108 4988 2326 5046 terent.
2372 4981 2664 5045 Fortassis
2709 4985 2892 5045 etiam
2936 4995 3142 5048 contra
3169 4987 3460 5068 quasdam
3490 4988 3760 5052 ethnicas

2109 5070 2424 5150 opiniones
2448 5071 2642 5134 valent
2672 5073 3014 5136 istiusmodi
3039 5085 3406 5155 argumenta.
3439 5075 3756 5160 Caeterum,

2108 5158 2322 5242 inquit,
2360 5160 2577 5223 bonum
2621 5171 2709 5225 est
2738 5182 2854 5226 uua
2897 5165 3312 5229 universorum
3355 5186 3532 5231 causa
3586 5158 3763 5252 (hanc

2108 5250 2270 5313 enim
2310 5250 2602 5330 integram
2637 5270 2876 5314 causam
2910 5253 3126 5336 vocat),
3163 5256 3382 5319 malum
3415 5250 3609 5322 autem
3641 5277 3762 5321 non

2109 5339 2540 5403 estsecundum
2565 5345 2860 5419 naturam,
2883 5343 2990 5404 sed
3023 5361 3093 5406 ex
3124 5346 3324 5408 multis
3339 5365 3409 5410 ac
3438 5347 3760 5427 particula-

2109 5431 2279 5493 ribus
2310 5428 2448 5491 boni
2470 5430 2830 5494 defectibus.
2866 5434 2949 5497 Ex
2973 5435 3430 5516 particularibus
3446 5446 3641 5499 autem
3674 5438 3764 5498 di-

2111 5522 2214 5591 xit,
2247 5526 2310 5580 ut
2368 5517 2531 5579 tollat
2580 5523 3024 5606 universalem;
3071 5543 3207 5586 nam
3261 5525 3458 5587 totalis
3499 5525 3766 5588 defectus

2113 5610 2264 5673 tollit
2295 5607 2646 5689 simpliciter
2669 5629 2906 5674 omnem
2939 5614 3340 5678 existentiam.
3375 5612 3505 5676 Non
3540 5623 3630 5676 est
3655 5615 3767 5677 ita-

2114 5719 2232 5782 que
2258 5697 2567 5764 detinitum
2601 5700 2743 5784 quid
2766 5705 2839 5765 sit
2868 5702 3112 5787 malum,
3139 5703 3246 5767 sed
3267 5702 3668 5783 indeﬁnitum,
3699 5713 3765 5771 ut
