  <div class='ocr_page' id='page_1' title='image "/cluster/home/n/w/nwhite01/storage/ocr_20150623/3/mdp.39015008855614/411.png"; bbox 0 0 4156 6156; ppageno 0'>
   <div class='ocr_carea' id='block_1_1' title="bbox 409 319 3785 407">
    <p class='ocr_par' dir='ltr' id='par_1_1' title="bbox 409 319 3785 407">
     <span class='ocr_line' id='line_1_1' title="bbox 409 319 3785 407; baseline -0.001 -1"><span class='ocrx_word' id='word_1_1' title='bbox 409 330 525 407; x_wconf 87' lang='lat'><strong>807</strong></span> <span class='ocrx_word' id='word_1_2' title='bbox 1567 328 1630 402; x_wconf 90' lang='lat' dir='ltr'><strong>s.</strong></span> <span class='ocrx_word' id='word_1_3' title='bbox 1680 327 2020 400; x_wconf 87' lang='lat' dir='ltr'><strong>DIONYSII</strong></span> <span class='ocrx_word' id='word_1_4' title='bbox 2064 326 2595 400; x_wconf 68' lang='lat' dir='ltr'><strong>AREOPAGITE.</strong></span> <span class='ocrx_word' id='word_1_5' title='bbox 3664 319 3785 401; x_wconf 84' lang='lat' dir='ltr'><strong>sos</strong></span> 
     </span>
    </p>
   </div>
   <div class='ocr_carea' id='block_1_2' title="bbox 404 472 2036 569">
    <p class='ocr_par' dir='ltr' id='par_1_2' title="bbox 404 472 2036 569">
     <span class='ocr_line' id='line_1_2' title="bbox 404 472 2036 569; baseline -0.007 -25"><span class='ocrx_word' id='word_1_6' title='bbox 404 480 670 569; x_wconf 80' lang='lat' dir='ltr'><strong>quodex</strong></span> <span class='ocrx_word' id='word_1_7' title='bbox 700 476 904 539; x_wconf 88' lang='lat' dir='ltr'><strong>multis</strong></span> <span class='ocrx_word' id='word_1_8' title='bbox 934 473 1184 538; x_wconf 73' lang='lat' dir='ltr'><strong>exsistit.</strong></span> <span class='ocrx_word' id='word_1_9' title='bbox 1208 472 1520 569; x_wconf 81' lang='lat' dir='ltr'><strong>Quomodo</strong></span> <span class='ocrx_word' id='word_1_10' title='bbox 1555 491 1688 536; x_wconf 90' lang='lat' dir='ltr'><strong>vero</strong></span> <span class='ocrx_word' id='word_1_11' title='bbox 1721 473 1941 535; x_wconf 90' lang='lat' dir='ltr'><strong>malum</strong></span> <span class='ocrx_word' id='word_1_12' title='bbox 1971 489 2036 534; x_wconf 79' lang='lat' dir='ltr'><strong>ex</strong></span> 
     </span>
    </p>
   </div>
   <div class='ocr_carea' id='block_1_3' title="bbox 2122 472 3767 569">
    <p class='ocr_par' dir='ltr' id='par_1_3' title="bbox 2125 480 3767 563">
     <span class='ocr_line' id='line_1_3' title="bbox 2125 480 3767 563; baseline 0.001 -26"><span class='ocrx_word' id='word_1_13' title='bbox 2125 480 2294 538; x_wconf 79' lang='grc' dir='ltr'><strong>λείπει</strong></span> <span class='ocrx_word' id='word_1_14' title='bbox 2315 484 2377 539; x_wconf 86' lang='grc' dir='ltr'>τὸ</span> <span class='ocrx_word' id='word_1_15' title='bbox 2449 480 2664 563; x_wconf 62' lang='grc' dir='ltr'>ἀγαθὸν,</span> <span class='ocrx_word' id='word_1_16' title='bbox 2702 482 2757 539; x_wconf 72' lang='grc' dir='ltr'>ἐν</span> <span class='ocrx_word' id='word_1_17' title='bbox 2786 483 3025 555; x_wconf 77' lang='grc' dir='ltr'>τοσούτῳ</span> <span class='ocrx_word' id='word_1_18' title='bbox 3075 483 3127 538; x_wconf 75' lang='grc' dir='ltr'>τὸ</span> <span class='ocrx_word' id='word_1_19' title='bbox 3159 482 3321 538; x_wconf 62' lang='grc' dir='ltr'>κακὸν</span> <span class='ocrx_word' id='word_1_20' title='bbox 3351 483 3767 561; x_wconf 71' lang='grc' dir='ltr'>παρυφίσταται,</span> 
     </span>
    </p>
   </div>
   <div class='ocr_carea' id='block_1_4' title="bbox 402 561 2036 652">
    <p class='ocr_par' dir='ltr' id='par_1_4' title="bbox 402 561 2032 652">
     <span class='ocr_line' id='line_1_4' title="bbox 402 561 2032 652; baseline -0.007 -18"><span class='ocrx_word' id='word_1_21' title='bbox 402 561 602 633; x_wconf 81' lang='lat' dir='ltr'><strong>multis</strong></span> <span class='ocrx_word' id='word_1_22' title='bbox 626 565 983 630; x_wconf 70' lang='lat' dir='ltr'><strong>defectibus?</strong></span> <span class='ocrx_word' id='word_1_23' title='bbox 1017 563 1133 625; x_wconf 84' lang='lat' dir='ltr'><strong>nisi</strong></span> <span class='ocrx_word' id='word_1_24' title='bbox 1165 561 1456 638; x_wconf 80' lang='lat' dir='ltr'><strong>videlicet,</strong></span> <span class='ocrx_word' id='word_1_25' title='bbox 1482 563 1639 644; x_wconf 88' lang='lat' dir='ltr'><strong>quod</strong></span> <span class='ocrx_word' id='word_1_26' title='bbox 1666 562 1725 624; x_wconf 93' lang='lat' dir='ltr'><strong>in</strong></span> <span class='ocrx_word' id='word_1_27' title='bbox 1748 569 2032 652; x_wconf 87' lang='lat' dir='ltr'><strong>quantum</strong></span> 
     </span>
    </p>
   </div>
   <div class='ocr_carea' id='block_1_5' title="bbox 2122 561 3777 652">
    <p class='ocr_par' dir='ltr' id='par_1_5' title="bbox 2122 561 3777 652">
     <span class='ocr_line' id='line_1_5' title="bbox 2122 561 3777 652; baseline -0.001 -24"><span class='ocrx_word' id='word_1_28' title='bbox 2122 570 2236 628; x_wconf 69' lang='grc' dir='ltr'>κατ’</span> <span class='ocrx_word' id='word_1_29' title='bbox 2264 569 2442 649; x_wconf 77' lang='grc' dir='ltr'>ὀλίγον</span> <span class='ocrx_word' id='word_1_30' title='bbox 2491 573 2577 628; x_wconf 75' lang='grc' dir='ltr'><strong>καὶ</strong></span> <span class='ocrx_word' id='word_1_31' title='bbox 2610 561 2665 627; x_wconf 80' lang='grc' dir='ltr'>ἐν</span> <span class='ocrx_word' id='word_1_32' title='bbox 2718 572 2900 652; x_wconf 82' lang='grc' dir='ltr'>χρόνῳ</span> <span class='ocrx_word' id='word_1_33' title='bbox 2942 574 2992 628; x_wconf 75' lang='grc' dir='ltr'>αἱ</span> <span class='ocrx_word' id='word_1_34' title='bbox 3055 569 3343 648; x_wconf 68' lang='grc' dir='ltr'>ἐλλείψεις,</span> <span class='ocrx_word' id='word_1_35' title='bbox 3405 569 3525 627; x_wconf 71' lang='grc' dir='ltr'>κατ’</span> <span class='ocrx_word' id='word_1_36' title='bbox 3585 569 3777 650; x_wconf 82' lang='grc' dir='ltr'>ὀλίγον</span> 
     </span>
    </p>
   </div>
   <div class='ocr_carea' id='block_1_6' title="bbox 400 651 2036 740">
    <p class='ocr_par' dir='ltr' id='par_1_6' title="bbox 400 651 2035 736">
     <span class='ocr_line' id='line_1_6' title="bbox 400 651 2035 736; baseline -0.007 -13"><span class='ocrx_word' id='word_1_37' title='bbox 400 660 601 724; x_wconf 85' lang='lat' dir='ltr'><strong>deﬁcit</strong></span> <span class='ocrx_word' id='word_1_38' title='bbox 618 658 866 736; x_wconf 87' lang='lat' dir='ltr'><strong>bonum,</strong></span> <span class='ocrx_word' id='word_1_39' title='bbox 894 655 957 717; x_wconf 89' lang='lat' dir='ltr'><strong>in</strong></span> <span class='ocrx_word' id='word_1_40' title='bbox 986 662 1211 717; x_wconf 86' lang='lat' dir='ltr'><strong>tantum</strong></span> <span class='ocrx_word' id='word_1_41' title='bbox 1239 653 1380 714; x_wconf 69' lang='grc'><strong>422</strong></span> <span class='ocrx_word' id='word_1_42' title='bbox 1410 653 1851 734; x_wconf 84' lang='lat' dir='ltr'><strong>quodammodo</strong></span> <span class='ocrx_word' id='word_1_43' title='bbox 1881 651 2035 714; x_wconf 89' lang='lat' dir='ltr'><strong>exsi-</strong></span> 
     </span>
    </p>
   </div>
   <div class='ocr_carea' id='block_1_7' title="bbox 2122 651 3772 740">
    <p class='ocr_par' dir='ltr' id='par_1_7' title="bbox 2122 651 3772 740">
     <span class='ocr_line' id='line_1_7' title="bbox 2122 651 3772 740; baseline 0.001 -23"><span class='ocrx_word' id='word_1_44' title='bbox 2122 662 2203 717; x_wconf 74' lang='grc' dir='ltr'><strong>καὶ</strong></span> <span class='ocrx_word' id='word_1_45' title='bbox 2270 661 2325 716; x_wconf 79' lang='grc' dir='ltr'>ἐν</span> <span class='ocrx_word' id='word_1_46' title='bbox 2368 661 2553 740; x_wconf 76' lang='grc' dir='ltr'>χρόνῳ</span> <span class='ocrx_word' id='word_1_47' title='bbox 2616 664 2700 719; x_wconf 66' lang='lat' dir='ltr'><strong>iul</strong></span> <span class='ocrx_word' id='word_1_48' title='bbox 2748 651 2794 729; x_wconf 16' lang='grc' dir='ltr'>ίή</span> <span class='ocrx_word' id='word_1_49' title='bbox 2850 671 2942 721; x_wconf 71' lang='grc' dir='ltr'>τοῦ</span> <span class='ocrx_word' id='word_1_50' title='bbox 2999 669 3166 719; x_wconf 71' lang='grc' dir='ltr'>καικοῦ</span> <span class='ocrx_word' id='word_1_51' title='bbox 3215 662 3643 739; x_wconf 74' lang='grc' dir='ltr'>πιρυπόττασις.</span> <span class='ocrx_word' id='word_1_52' title='bbox 3710 663 3772 719; x_wconf 85' lang='lat'><strong>&#39;0</strong></span> 
     </span>
    </p>
   </div>
   <div class='ocr_carea' id='block_1_8' title="bbox 399 741 2036 830">
    <p class='ocr_par' dir='ltr' id='par_1_8' title="bbox 399 741 2030 823">
     <span class='ocr_line' id='line_1_8' title="bbox 399 741 2030 823; baseline -0.007 -10"><span class='ocrx_word' id='word_1_53' title='bbox 399 759 510 813; x_wconf 89' lang='lat' dir='ltr'><strong>stat</strong></span> <span class='ocrx_word' id='word_1_54' title='bbox 532 750 776 823; x_wconf 86' lang='lat' dir='ltr'><strong>malum;</strong></span> <span class='ocrx_word' id='word_1_55' title='bbox 808 745 1135 809; x_wconf 90' lang='lat' dir='ltr'><strong>secundum</strong></span> <span class='ocrx_word' id='word_1_56' title='bbox 1156 745 1455 807; x_wconf 89' lang='lat' dir='ltr'><strong>modicum</strong></span> <span class='ocrx_word' id='word_1_57' title='bbox 1472 753 1532 806; x_wconf 88' lang='lat' dir='ltr'><strong>et</strong></span> <span class='ocrx_word' id='word_1_58' title='bbox 1548 744 1609 805; x_wconf 89' lang='lat' dir='ltr'><strong>in</strong></span> <span class='ocrx_word' id='word_1_59' title='bbox 1628 753 1899 823; x_wconf 88' lang='lat' dir='ltr'><strong>tempore</strong></span> <span class='ocrx_word' id='word_1_60' title='bbox 1919 741 2030 802; x_wconf 89' lang='lat' dir='ltr'><strong>de-</strong></span> 
     </span>
    </p>
   </div>
   <div class='ocr_carea' id='block_1_9' title="bbox 2122 741 3778 830">
    <p class='ocr_par' dir='ltr' id='par_1_9' title="bbox 2122 748 3778 830">
     <span class='ocr_line' id='line_1_9' title="bbox 2122 748 3778 830; baseline -0.001 -23"><span class='ocrx_word' id='word_1_61' title='bbox 2122 751 2205 807; x_wconf 81' lang='grc' dir='ltr'>οὖν</span> <span class='ocrx_word' id='word_1_62' title='bbox 2262 755 2472 830; x_wconf 84' lang='grc' dir='ltr'>πρῶτος</span> <span class='ocrx_word' id='word_1_63' title='bbox 2527 750 2886 830; x_wconf 68' lang='grc' dir='ltr'>συλλογισμὸς</span> <span class='ocrx_word' id='word_1_64' title='bbox 2916 748 3129 826; x_wconf 74' lang='grc' dir='ltr'>δυνάμει</span> <span class='ocrx_word' id='word_1_65' title='bbox 3175 750 3264 807; x_wconf 77' lang='grc' dir='ltr'><strong>δύο</strong></span> <span class='ocrx_word' id='word_1_66' title='bbox 3307 753 3460 827; x_wconf 67' lang='grc' dir='ltr'>εἰςιν,</span> <span class='ocrx_word' id='word_1_67' title='bbox 3512 749 3592 809; x_wconf 76' lang='grc' dir='ltr'><strong>ὅτι</strong></span> <span class='ocrx_word' id='word_1_68' title='bbox 3624 771 3683 806; x_wconf 83' lang='grc' dir='ltr'><strong>τε</strong></span> <span class='ocrx_word' id='word_1_69' title='bbox 3715 751 3778 807; x_wconf 81' lang='grc' dir='ltr'>τὸ</span> 
     </span>
    </p>
   </div>
   <div class='ocr_carea' id='block_1_10' title="bbox 395 831 2036 921">
    <p class='ocr_par' dir='ltr' id='par_1_10' title="bbox 395 831 2033 913">
     <span class='ocr_line' id='line_1_10' title="bbox 395 831 2033 913; baseline -0.005 -10"><span class='ocrx_word' id='word_1_70' title='bbox 395 836 942 913; x_wconf 79' lang='lat' dir='ltr'><strong>fectus,serundum</strong></span> <span class='ocrx_word' id='word_1_71' title='bbox 968 833 1263 896; x_wconf 88' lang='lat' dir='ltr'><strong>modicum</strong></span> <span class='ocrx_word' id='word_1_72' title='bbox 1289 844 1348 896; x_wconf 91' lang='lat' dir='ltr'><strong>et</strong></span> <span class='ocrx_word' id='word_1_73' title='bbox 1372 834 1434 897; x_wconf 92' lang='lat' dir='ltr'><strong>in</strong></span> <span class='ocrx_word' id='word_1_74' title='bbox 1459 844 1725 913; x_wconf 90' lang='lat' dir='ltr'><strong>tempore</strong></span> <span class='ocrx_word' id='word_1_75' title='bbox 1744 831 1897 893; x_wconf 88' lang='lat' dir='ltr'><strong>male</strong></span> <span class='ocrx_word' id='word_1_76' title='bbox 1922 849 2033 894; x_wconf 83' lang='lat' dir='ltr'><strong>ex-</strong></span> 
     </span>
    </p>
   </div>
   <div class='ocr_carea' id='block_1_11' title="bbox 2122 831 3765 921">
    <p class='ocr_par' dir='ltr' id='par_1_11' title="bbox 2122 839 3765 921">
     <span class='ocr_line' id='line_1_11' title="bbox 2122 839 3765 921; baseline -0.001 -24"><span class='ocrx_word' id='word_1_77' title='bbox 2122 841 2312 920; x_wconf 77' lang='grc' dir='ltr'>ἀγαθὸν</span> <span class='ocrx_word' id='word_1_78' title='bbox 2353 839 2434 913; x_wconf 76' lang='grc' dir='ltr'><strong>ὅν,</strong></span> <span class='ocrx_word' id='word_1_79' title='bbox 2491 841 2577 898; x_wconf 71' lang='grc' dir='ltr'><strong>καὶ</strong></span> <span class='ocrx_word' id='word_1_80' title='bbox 2631 839 2713 898; x_wconf 77' lang='grc' dir='ltr'><strong>ὅτι</strong></span> <span class='ocrx_word' id='word_1_81' title='bbox 2742 843 2804 897; x_wconf 75' lang='grc' dir='ltr'><strong>τὸ</strong></span> <span class='ocrx_word' id='word_1_82' title='bbox 2834 843 3000 898; x_wconf 77' lang='grc' dir='ltr'>κκκὸν</span> <span class='ocrx_word' id='word_1_83' title='bbox 3043 840 3121 917; x_wconf 59' lang='grc' dir='ltr'>μὴ</span> <span class='ocrx_word' id='word_1_84' title='bbox 3178 839 3236 897; x_wconf 73' lang='grc' dir='ltr'>ὅν</span> <span class='ocrx_word' id='word_1_85' title='bbox 3294 839 3765 921; x_wconf 72' lang='grc' dir='ltr'>συμπεραινοντές.</span> 
     </span>
    </p>
   </div>
   <div class='ocr_carea' id='block_1_12' title="bbox 396 921 2036 1007">
    <p class='ocr_par' dir='ltr' id='par_1_12' title="bbox 396 921 2035 1004">
     <span class='ocr_line' id='line_1_12' title="bbox 396 921 2035 1004; baseline -0.007 -11"><span class='ocrx_word' id='word_1_86' title='bbox 396 929 688 993; x_wconf 84' lang='lat' dir='ltr'><strong>sistentia.</strong></span> <span class='ocrx_word' id='word_1_87' title='bbox 721 926 982 989; x_wconf 86' lang='lat' dir='ltr'><strong>Primum</strong></span> <span class='ocrx_word' id='word_1_88' title='bbox 1034 942 1175 1003; x_wconf 90' lang='lat' dir='ltr'><strong>ergo</strong></span> <span class='ocrx_word' id='word_1_89' title='bbox 1220 932 1636 1004; x_wconf 82' lang='lat' dir='ltr'><strong>argumentum</strong></span> <span class='ocrx_word' id='word_1_90' title='bbox 1666 928 1873 984; x_wconf 90' lang='lat' dir='ltr'><strong>virtute</strong></span> <span class='ocrx_word' id='word_1_91' title='bbox 1917 921 2035 982; x_wconf 89' lang='lat' dir='ltr'><strong>duo</strong></span> 
     </span>
    </p>
   </div>
   <div class='ocr_carea' id='block_1_13' title="bbox 2122 921 3774 1007">
    <p class='ocr_par' dir='ltr' id='par_1_13' title="bbox 2122 927 3774 1007">
     <span class='ocr_line' id='line_1_13' title="bbox 2122 927 3774 1007; baseline -0.001 -20"><span class='ocrx_word' id='word_1_92' title='bbox 2122 927 2313 988; x_wconf 74' lang='grc' dir='ltr'><strong>Είσῖδέ</strong></span> <span class='ocrx_word' id='word_1_93' title='bbox 2372 932 2458 986; x_wconf 80' lang='grc' dir='ltr'>καὶ</span> <span class='ocrx_word' id='word_1_94' title='bbox 2512 933 2559 987; x_wconf 77' lang='grc' dir='ltr'>οἱ</span> <span class='ocrx_word' id='word_1_95' title='bbox 2596 928 2685 986; x_wconf 75' lang='grc' dir='ltr'>δύο</span> <span class='ocrx_word' id='word_1_96' title='bbox 2742 948 2800 987; x_wconf 85' lang='grc' dir='ltr'><strong>εκ</strong></span> <span class='ocrx_word' id='word_1_97' title='bbox 2845 930 3014 1005; x_wconf 81' lang='grc' dir='ltr'>μόνης</span> <span class='ocrx_word' id='word_1_98' title='bbox 3072 931 3171 997; x_wconf 77' lang='grc' dir='ltr'>τῆς</span> <span class='ocrx_word' id='word_1_99' title='bbox 3219 927 3501 993; x_wconf 59' lang='grc' dir='ltr'>ἐλάττονος</span> <span class='ocrx_word' id='word_1_100' title='bbox 3560 929 3774 1007; x_wconf 73' lang='grc' dir='ltr'>προτά-</span> 
     </span>
    </p>
   </div>
   <div class='ocr_carea' id='block_1_14' title="bbox 397 1010 2033 1097">
    <p class='ocr_par' dir='ltr' id='par_1_14' title="bbox 397 1010 2033 1097">
     <span class='ocr_line' id='line_1_14' title="bbox 397 1010 2033 1097; baseline -0.009 -13"><span class='ocrx_word' id='word_1_101' title='bbox 397 1016 721 1096; x_wconf 82' lang='lat' dir='ltr'><strong>concludit,</strong></span> <span class='ocrx_word' id='word_1_102' title='bbox 756 1015 917 1097; x_wconf 84' lang='lat' dir='ltr'><strong>quod</strong></span> <span class='ocrx_word' id='word_1_103' title='bbox 951 1015 1171 1076; x_wconf 90' lang='lat' dir='ltr'><strong>bonum</strong></span> <span class='ocrx_word' id='word_1_104' title='bbox 1207 1014 1265 1075; x_wconf 91' lang='lat' dir='ltr'><strong>id</strong></span> <span class='ocrx_word' id='word_1_105' title='bbox 1298 1014 1456 1095; x_wconf 89' lang='lat' dir='ltr'><strong>quod</strong></span> <span class='ocrx_word' id='word_1_106' title='bbox 1484 1021 1599 1085; x_wconf 90' lang='lat' dir='ltr'><strong>est,</strong></span> <span class='ocrx_word' id='word_1_107' title='bbox 1632 1022 1691 1073; x_wconf 91' lang='lat' dir='ltr'><strong>et</strong></span> <span class='ocrx_word' id='word_1_108' title='bbox 1723 1012 1942 1072; x_wconf 89' lang='lat' dir='ltr'><strong>malum</strong></span> <span class='ocrx_word' id='word_1_109' title='bbox 1973 1010 2033 1071; x_wconf 81' lang='lat' dir='ltr'><strong>id</strong></span> 
     </span>
    </p>
   </div>
   <div class='ocr_carea' id='block_1_15' title="bbox 397 1100 2033 1192">
    <p class='ocr_par' dir='ltr' id='par_1_15' title="bbox 397 1100 2033 1192">
     <span class='ocr_line' id='line_1_15' title="bbox 397 1100 2033 1192; baseline -0.007 -21"><span class='ocrx_word' id='word_1_110' title='bbox 397 1110 555 1192; x_wconf 91' lang='lat' dir='ltr'><strong>quod</strong></span> <span class='ocrx_word' id='word_1_111' title='bbox 588 1126 707 1170; x_wconf 92' lang='lat' dir='ltr'><strong>non</strong></span> <span class='ocrx_word' id='word_1_112' title='bbox 729 1115 841 1181; x_wconf 90' lang='lat' dir='ltr'><strong>est,</strong></span> <span class='ocrx_word' id='word_1_113' title='bbox 866 1104 1210 1167; x_wconf 88' lang='lat' dir='ltr'><strong>terminent.</strong></span> <span class='ocrx_word' id='word_1_114' title='bbox 1245 1103 1696 1167; x_wconf 88' lang='lat' dir='ltr'><strong>Concluduntur</strong></span> <span class='ocrx_word' id='word_1_115' title='bbox 1713 1100 1889 1163; x_wconf 87' lang='lat' dir='ltr'><strong>etiam</strong></span> <span class='ocrx_word' id='word_1_116' title='bbox 1917 1101 2033 1161; x_wconf 91' lang='lat' dir='ltr'><strong>duo</strong></span> 
     </span>
    </p>
   </div>
   <div class='ocr_carea' id='block_1_16' title="bbox 398 1192 2036 1275">
    <p class='ocr_par' dir='ltr' id='par_1_16' title="bbox 398 1192 2036 1275">
     <span class='ocr_line' id='line_1_16' title="bbox 398 1192 2036 1275; baseline -0.005 -14"><span class='ocrx_word' id='word_1_117' title='bbox 398 1218 471 1261; x_wconf 85' lang='lat' dir='ltr'><strong>ex</strong></span> <span class='ocrx_word' id='word_1_118' title='bbox 510 1198 637 1260; x_wconf 87' lang='lat' dir='ltr'><strong>sola</strong></span> <span class='ocrx_word' id='word_1_119' title='bbox 669 1194 884 1258; x_wconf 90' lang='lat' dir='ltr'><strong>minori</strong></span> <span class='ocrx_word' id='word_1_120' title='bbox 914 1194 1345 1275; x_wconf 82' lang='lat' dir='ltr'><strong>propositione,</strong></span> <span class='ocrx_word' id='word_1_121' title='bbox 1381 1194 1601 1255; x_wconf 90' lang='lat' dir='ltr'><strong>bonum</strong></span> <span class='ocrx_word' id='word_1_122' title='bbox 1652 1192 1933 1254; x_wconf 82' lang='lat' dir='ltr'><strong>videlicet</strong></span> <span class='ocrx_word' id='word_1_123' title='bbox 1965 1208 2036 1252; x_wconf 84' lang='lat' dir='ltr'><strong>ex</strong></span> 
     </span>
    </p>
   </div>
   <div class='ocr_carea' id='block_1_17' title="bbox 398 1280 2038 1364">
    <p class='ocr_par' dir='ltr' id='par_1_17' title="bbox 398 1280 2038 1364">
     <span class='ocr_line' id='line_1_17' title="bbox 398 1280 2038 1364; baseline -0.005 -14"><span class='ocrx_word' id='word_1_124' title='bbox 398 1288 525 1350; x_wconf 90' lang='lat' dir='ltr'><strong>solo</strong></span> <span class='ocrx_word' id='word_1_125' title='bbox 555 1286 964 1349; x_wconf 89' lang='lat' dir='ltr'><strong>universorum</strong></span> <span class='ocrx_word' id='word_1_126' title='bbox 1016 1281 1307 1364; x_wconf 87' lang='lat' dir='ltr'><strong>principio</strong></span> <span class='ocrx_word' id='word_1_127' title='bbox 1338 1301 1465 1345; x_wconf 92' lang='lat' dir='ltr'><strong>rem</strong></span> <span class='ocrx_word' id='word_1_128' title='bbox 1515 1300 1649 1345; x_wconf 90' lang='lat' dir='ltr'><strong>esse</strong></span> <span class='ocrx_word' id='word_1_129' title='bbox 1678 1299 1809 1363; x_wconf 78' lang='lat' dir='ltr'><strong>quae</strong></span> <span class='ocrx_word' id='word_1_130' title='bbox 1837 1280 1925 1343; x_wconf 87' lang='lat' dir='ltr'><strong>sic</strong></span> <span class='ocrx_word' id='word_1_131' title='bbox 1971 1297 2038 1342; x_wconf 88' lang='lat' dir='ltr'><strong>se</strong></span> 
     </span>
    </p>
   </div>
   <div class='ocr_carea' id='block_1_18' title="bbox 394 1372 2035 1453">
    <p class='ocr_par' dir='ltr' id='par_1_18' title="bbox 394 1372 2035 1453">
     <span class='ocr_line' id='line_1_18' title="bbox 394 1372 2035 1453; baseline -0.005 -13"><span class='ocrx_word' id='word_1_132' title='bbox 394 1377 611 1453; x_wconf 85' lang='lat' dir='ltr'><strong>habet;</strong></span> <span class='ocrx_word' id='word_1_133' title='bbox 645 1376 869 1439; x_wconf 90' lang='lat' dir='ltr'><strong>bonum</strong></span> <span class='ocrx_word' id='word_1_134' title='bbox 905 1392 1045 1453; x_wconf 78' lang='lat' dir='ltr'><strong>ergo</strong></span> <span class='ocrx_word' id='word_1_135' title='bbox 1077 1391 1174 1435; x_wconf 88' lang='lat' dir='ltr'><strong>res</strong></span> <span class='ocrx_word' id='word_1_136' title='bbox 1204 1381 1294 1435; x_wconf 91' lang='lat' dir='ltr'><strong>est</strong></span> <span class='ocrx_word' id='word_1_137' title='bbox 1320 1394 1335 1450; x_wconf 88' lang='lat'><strong>;</strong></span> <span class='ocrx_word' id='word_1_138' title='bbox 1373 1380 1431 1435; x_wconf 91' lang='lat' dir='ltr'><strong>et</strong></span> <span class='ocrx_word' id='word_1_139' title='bbox 1452 1389 1685 1453; x_wconf 80' lang='lat' dir='ltr'><strong>rursus,</strong></span> <span class='ocrx_word' id='word_1_140' title='bbox 1713 1372 1933 1433; x_wconf 89' lang='lat' dir='ltr'><strong>malum</strong></span> <span class='ocrx_word' id='word_1_141' title='bbox 1965 1388 2035 1431; x_wconf 88' lang='lat' dir='ltr'><strong>ex</strong></span> 
     </span>
    </p>
   </div>
   <div class='ocr_carea' id='block_1_19' title="bbox 395 1459 2036 1543">
    <p class='ocr_par' dir='ltr' id='par_1_19' title="bbox 395 1459 2036 1543">
     <span class='ocr_line' id='line_1_19' title="bbox 395 1459 2036 1543; baseline -0.005 -14"><span class='ocrx_word' id='word_1_142' title='bbox 395 1467 594 1529; x_wconf 90' lang='lat' dir='ltr'><strong>multis</strong></span> <span class='ocrx_word' id='word_1_143' title='bbox 613 1463 1015 1528; x_wconf 87' lang='lat' dir='ltr'><strong>et-indeﬁnitis</strong></span> <span class='ocrx_word' id='word_1_144' title='bbox 1034 1462 1366 1525; x_wconf 85' lang='lat' dir='ltr'><strong>defectibus</strong></span> <span class='ocrx_word' id='word_1_145' title='bbox 1386 1481 1503 1524; x_wconf 90' lang='lat' dir='ltr'><strong>non</strong></span> <span class='ocrx_word' id='word_1_146' title='bbox 1527 1479 1658 1523; x_wconf 88' lang='lat' dir='ltr'><strong>esse</strong></span> <span class='ocrx_word' id='word_1_147' title='bbox 1683 1479 1810 1522; x_wconf 87' lang='lat' dir='ltr'><strong>rem</strong></span> <span class='ocrx_word' id='word_1_148' title='bbox 1836 1481 1852 1543; x_wconf 86' lang='lat'><strong>;</strong></span> <span class='ocrx_word' id='word_1_149' title='bbox 1878 1459 2036 1541; x_wconf 87' lang='lat' dir='ltr'><strong>quod</strong></span> 
     </span>
    </p>
   </div>
   <div class='ocr_carea' id='block_1_20' title="bbox 394 1548 2032 1633">
    <p class='ocr_par' dir='ltr' id='par_1_20' title="bbox 394 1548 2032 1633">
     <span class='ocr_line' id='line_1_20' title="bbox 394 1548 2032 1633; baseline -0.006 -15"><span class='ocrx_word' id='word_1_150' title='bbox 394 1557 481 1620; x_wconf 89' lang='lat' dir='ltr'><strong>sic</strong></span> <span class='ocrx_word' id='word_1_151' title='bbox 500 1575 567 1620; x_wconf 90' lang='lat' dir='ltr'><strong>se</strong></span> <span class='ocrx_word' id='word_1_152' title='bbox 582 1555 779 1631; x_wconf 82' lang='lat' dir='ltr'><strong>habet,</strong></span> <span class='ocrx_word' id='word_1_153' title='bbox 806 1552 1029 1615; x_wconf 88' lang='lat' dir='ltr'><strong>malum</strong></span> <span class='ocrx_word' id='word_1_154' title='bbox 1053 1569 1197 1633; x_wconf 74' lang='lat' dir='ltr'><strong>ergo</strong></span> <span class='ocrx_word' id='word_1_155' title='bbox 1230 1570 1350 1614; x_wconf 89' lang='lat' dir='ltr'><strong>non</strong></span> <span class='ocrx_word' id='word_1_156' title='bbox 1369 1560 1456 1613; x_wconf 91' lang='lat' dir='ltr'><strong>est</strong></span> <span class='ocrx_word' id='word_1_157' title='bbox 1475 1568 1597 1614; x_wconf 89' lang='lat' dir='ltr'><strong>res.</strong></span> <span class='ocrx_word' id='word_1_158' title='bbox 1632 1548 2032 1630; x_wconf 87' lang='lat' dir='ltr'><strong>Deus,inquit,</strong></span> 
     </span>
    </p>
   </div>
   <div class='ocr_carea' id='block_1_21' title="bbox 395 1639 2037 1724">
    <p class='ocr_par' dir='ltr' id='par_1_21' title="bbox 395 1639 2037 1724">
     <span class='ocr_line' id='line_1_21' title="bbox 395 1639 2037 1724; baseline -0.005 -15"><span class='ocrx_word' id='word_1_159' title='bbox 395 1647 572 1710; x_wconf 85' lang='lat' dir='ltr'><strong>etiam</strong></span> <span class='ocrx_word' id='word_1_160' title='bbox 599 1662 669 1708; x_wconf 88' lang='lat' dir='ltr'><strong>ea</strong></span> <span class='ocrx_word' id='word_1_161' title='bbox 686 1662 817 1724; x_wconf 65' lang='lat' dir='ltr'><strong>quae</strong></span> <span class='ocrx_word' id='word_1_162' title='bbox 840 1643 995 1705; x_wconf 89' lang='lat' dir='ltr'><strong>mala</strong></span> <span class='ocrx_word' id='word_1_163' title='bbox 1020 1641 1298 1705; x_wconf 85' lang='lat' dir='ltr'><strong>dicuntur</strong></span> <span class='ocrx_word' id='word_1_164' title='bbox 1318 1641 1483 1703; x_wconf 90' lang='lat' dir='ltr'><strong>novit</strong></span> <span class='ocrx_word' id='word_1_165' title='bbox 1503 1641 1657 1703; x_wconf 78' lang='lat' dir='ltr'><strong>sicut</strong></span> <span class='ocrx_word' id='word_1_166' title='bbox 1682 1640 1859 1712; x_wconf 90' lang='lat' dir='ltr'><strong>bona,</strong></span> <span class='ocrx_word' id='word_1_167' title='bbox 1884 1639 2037 1701; x_wconf 85' lang='lat' dir='ltr'><strong>mala</strong></span> 
     </span>
    </p>
   </div>
   <div class='ocr_carea' id='block_1_22' title="bbox 2119 1018 3781 1100">
    <p class='ocr_par' dir='ltr' id='par_1_22' title="bbox 2119 1018 3781 1100">
     <span class='ocr_line' id='line_1_22' title="bbox 2119 1018 3781 1100; baseline 0.001 -26"><span class='ocrx_word' id='word_1_168' title='bbox 2119 1040 2278 1091; x_wconf 82' lang='grc' dir='ltr'>σεως,</span> <span class='ocrx_word' id='word_1_169' title='bbox 2339 1023 2398 1077; x_wconf 76' lang='grc' dir='ltr'>τὸ</span> <span class='ocrx_word' id='word_1_170' title='bbox 2455 1018 2646 1098; x_wconf 66' lang='grc' dir='ltr'>ἀγαυὸν</span> <span class='ocrx_word' id='word_1_171' title='bbox 2704 1020 2766 1077; x_wconf 81' lang='grc' dir='ltr'>ἐκ</span> <span class='ocrx_word' id='word_1_172' title='bbox 2794 1027 2919 1095; x_wconf 81' lang='grc' dir='ltr'>μιᾶς</span> <span class='ocrx_word' id='word_1_173' title='bbox 2991 1020 3087 1089; x_wconf 76' lang='grc' dir='ltr'>τῆς</span> <span class='ocrx_word' id='word_1_174' title='bbox 3132 1022 3241 1075; x_wconf 80' lang='grc' dir='ltr'>τῶν</span> <span class='ocrx_word' id='word_1_175' title='bbox 3294 1018 3431 1076; x_wconf 78' lang='grc' dir='ltr'>ὅλων</span> <span class='ocrx_word' id='word_1_176' title='bbox 3482 1020 3689 1100; x_wconf 73' lang='grc' dir='ltr'>ἀρχῆς,</span> <span class='ocrx_word' id='word_1_177' title='bbox 3720 1020 3781 1075; x_wconf 83' lang='grc' dir='ltr'>τὸ</span> 
     </span>
    </p>
   </div>
   <div class='ocr_carea' id='block_1_23' title="bbox 2118 1108 3779 1190">
    <p class='ocr_par' dir='ltr' id='par_1_23' title="bbox 2118 1108 3779 1190">
     <span class='ocr_line' id='line_1_23' title="bbox 2118 1108 3779 1190; baseline 0 -25"><span class='ocrx_word' id='word_1_178' title='bbox 2118 1108 2284 1171; x_wconf 73' lang='grc' dir='ltr'>οὕτως</span> <span class='ocrx_word' id='word_1_179' title='bbox 2313 1108 2443 1190; x_wconf 79' lang='grc' dir='ltr'>ἔχον</span> <span class='ocrx_word' id='word_1_180' title='bbox 2474 1109 2557 1189; x_wconf 65' lang='grc' dir='ltr'><strong>ὃν,</strong></span> <span class='ocrx_word' id='word_1_181' title='bbox 2587 1112 2647 1166; x_wconf 84' lang='grc' dir='ltr'>τὸ</span> <span class='ocrx_word' id='word_1_182' title='bbox 2691 1109 2884 1188; x_wconf 63' lang='grc' dir='ltr'>ἀγαθὸν</span> <span class='ocrx_word' id='word_1_183' title='bbox 2929 1109 3025 1177; x_wconf 64' lang='grc' dir='ltr'>ἄρα</span> <span class='ocrx_word' id='word_1_184' title='bbox 3068 1108 3154 1189; x_wconf 72' lang='grc' dir='ltr'><strong>ὃν,</strong></span> <span class='ocrx_word' id='word_1_185' title='bbox 3218 1110 3305 1166; x_wconf 71' lang='grc' dir='ltr'><strong>καὶ</strong></span> <span class='ocrx_word' id='word_1_186' title='bbox 3342 1110 3519 1181; x_wconf 60' lang='grc' dir='ltr'>πάλιν,</span> <span class='ocrx_word' id='word_1_187' title='bbox 3554 1110 3617 1165; x_wconf 79' lang='grc' dir='ltr'>τὸ</span> <span class='ocrx_word' id='word_1_188' title='bbox 3677 1129 3779 1166; x_wconf 77' lang='grc' dir='ltr'>κα-</span> 
     </span>
    </p>
   </div>
   <div class='ocr_carea' id='block_1_24' title="bbox 2120 1197 3778 1274">
    <p class='ocr_par' dir='ltr' id='par_1_24' title="bbox 2120 1197 3778 1274">
     <span class='ocr_line' id='line_1_24' title="bbox 2120 1197 3778 1274; baseline -0.001 -21"><span class='ocrx_word' id='word_1_189' title='bbox 2120 1199 2210 1256; x_wconf 79' lang='grc' dir='ltr'><strong>κὸν</strong></span> <span class='ocrx_word' id='word_1_190' title='bbox 2287 1197 2346 1254; x_wconf 66' lang='grc' dir='ltr'>ἐι</span> <span class='ocrx_word' id='word_1_191' title='bbox 2406 1198 2619 1255; x_wconf 79' lang='grc' dir='ltr'>πολλῶν</span> <span class='ocrx_word' id='word_1_192' title='bbox 2664 1202 2750 1255; x_wconf 79' lang='grc' dir='ltr'>κιὶ</span> <span class='ocrx_word' id='word_1_193' title='bbox 2815 1198 3072 1273; x_wconf 74' lang='grc' dir='ltr'>ἀορίστων</span> <span class='ocrx_word' id='word_1_194' title='bbox 3099 1198 3430 1274; x_wconf 76' lang='grc' dir='ltr'>ἐλλείψεων,</span> <span class='ocrx_word' id='word_1_195' title='bbox 3490 1199 3554 1254; x_wconf 70' lang='grc' dir='ltr'>τὸ</span> <span class='ocrx_word' id='word_1_196' title='bbox 3611 1197 3778 1261; x_wconf 71' lang='grc' dir='ltr'>οὕτως</span> 
     </span>
    </p>
   </div>
   <div class='ocr_carea' id='block_1_25' title="bbox 2120 1285 3775 1367">
    <p class='ocr_par' dir='ltr' id='par_1_25' title="bbox 2120 1285 3775 1367">
     <span class='ocr_line' id='line_1_25' title="bbox 2120 1285 3775 1367; baseline 0.001 -25"><span class='ocrx_word' id='word_1_197' title='bbox 2120 1285 2248 1367; x_wconf 63' lang='grc' dir='ltr'>ἔχον</span> <span class='ocrx_word' id='word_1_198' title='bbox 2279 1289 2373 1344; x_wconf 70' lang='grc' dir='ltr'><strong>οὒκ</strong></span> <span class='ocrx_word' id='word_1_199' title='bbox 2399 1287 2482 1363; x_wconf 75' lang='grc' dir='ltr'><strong>ὃν,</strong></span> <span class='ocrx_word' id='word_1_200' title='bbox 2520 1289 2581 1345; x_wconf 74' lang='grc' dir='ltr'><strong>τὸ</strong></span> <span class='ocrx_word' id='word_1_201' title='bbox 2613 1290 2778 1345; x_wconf 74' lang='grc' dir='ltr'>κακὸν</span> <span class='ocrx_word' id='word_1_202' title='bbox 2807 1286 2907 1366; x_wconf 69' lang='grc' dir='ltr'><strong>ἄρα</strong></span> <span class='ocrx_word' id='word_1_203' title='bbox 2951 1291 3045 1345; x_wconf 73' lang='grc' dir='ltr'><strong>οὒκ</strong></span> <span class='ocrx_word' id='word_1_204' title='bbox 3076 1286 3159 1349; x_wconf 78' lang='grc' dir='ltr'><strong>ὅν.</strong></span> <span class='ocrx_word' id='word_1_205' title='bbox 3220 1291 3318 1346; x_wconf 81' lang='grc' dir='ltr'>Καὶ</span> <span class='ocrx_word' id='word_1_206' title='bbox 3359 1290 3427 1344; x_wconf 75' lang='grc' dir='ltr'><strong>τὰ</strong></span> <span class='ocrx_word' id='word_1_207' title='bbox 3485 1286 3775 1367; x_wconf 71' lang='grc' dir='ltr'>λεγόμενα,</span> 
     </span>
    </p>
   </div>
   <div class='ocr_carea' id='block_1_26' title="bbox 2118 1375 3774 1458">
    <p class='ocr_par' dir='ltr' id='par_1_26' title="bbox 2118 1375 3774 1458">
     <span class='ocr_line' id='line_1_26' title="bbox 2118 1375 3774 1458; baseline 0 -24"><span class='ocrx_word' id='word_1_208' title='bbox 2118 1380 2269 1458; x_wconf 70' lang='grc' dir='ltr'>φησὶ,</span> <span class='ocrx_word' id='word_1_209' title='bbox 2302 1379 2441 1435; x_wconf 61' lang='grc' dir='ltr'>κακὲ</span> <span class='ocrx_word' id='word_1_210' title='bbox 2471 1379 2613 1435; x_wconf 74' lang='grc' dir='ltr'>οἶδεν</span> <span class='ocrx_word' id='word_1_211' title='bbox 2646 1381 2673 1434; x_wconf 86' lang='grc' dir='ltr'><strong>ὁ</strong></span> <span class='ocrx_word' id='word_1_212' title='bbox 2706 1380 2833 1444; x_wconf 79' lang='grc' dir='ltr'>Θεὸς</span> <span class='ocrx_word' id='word_1_213' title='bbox 2862 1380 2936 1442; x_wconf 80' lang='grc' dir='ltr'>ὡς</span> <span class='ocrx_word' id='word_1_214' title='bbox 2996 1377 3193 1457; x_wconf 72' lang='grc' dir='ltr'>ἀγκθὶι,</span> <span class='ocrx_word' id='word_1_215' title='bbox 3225 1378 3366 1435; x_wconf 64' lang='grc' dir='ltr'>κακὰ</span> <span class='ocrx_word' id='word_1_216' title='bbox 3395 1375 3570 1454; x_wconf 80' lang='grc' dir='ltr'>λέγων</span> <span class='ocrx_word' id='word_1_217' title='bbox 3602 1376 3774 1434; x_wconf 84' lang='grc' dir='ltr'>πολέ-</span> 
     </span>
    </p>
   </div>
   <div class='ocr_carea' id='block_1_27' title="bbox 2119 1465 3768 1543">
    <p class='ocr_par' dir='ltr' id='par_1_27' title="bbox 2119 1465 3768 1543">
     <span class='ocr_line' id='line_1_27' title="bbox 2119 1465 3768 1543; baseline -0.001 -19"><span class='ocrx_word' id='word_1_218' title='bbox 2119 1489 2275 1543; x_wconf 74' lang='grc' dir='ltr'><strong>μους⁹</strong></span> <span class='ocrx_word' id='word_1_219' title='bbox 2309 1466 2492 1531; x_wconf 75' lang='grc' dir='ltr'>νόσους</span> <span class='ocrx_word' id='word_1_220' title='bbox 2541 1465 2903 1541; x_wconf 73' lang='grc' dir='ltr'>πχιδευτικὰς,</span> <span class='ocrx_word' id='word_1_221' title='bbox 2938 1468 3219 1542; x_wconf 67' lang='grc' dir='ltr'>θκνὶτοος,</span> <span class='ocrx_word' id='word_1_222' title='bbox 3253 1469 3349 1524; x_wconf 74' lang='grc' dir='ltr'><strong>καῖ</strong></span> <span class='ocrx_word' id='word_1_223' title='bbox 3403 1467 3469 1523; x_wconf 79' lang='grc' dir='ltr'><strong>τὰ</strong></span> <span class='ocrx_word' id='word_1_224' title='bbox 3526 1465 3768 1523; x_wconf 70' lang='grc' dir='ltr'>τοικῦτπι·</span> 
     </span>
    </p>
   </div>
   <div class='ocr_carea' id='block_1_28' title="bbox 2118 1556 3770 1636">
    <p class='ocr_par' dir='ltr' id='par_1_28' title="bbox 2118 1556 3770 1636">
     <span class='ocr_line' id='line_1_28' title="bbox 2118 1556 3770 1636; baseline 0.001 -23"><span class='ocrx_word' id='word_1_225' title='bbox 2118 1559 2418 1633; x_wconf 64' lang='grc' dir='ltr'>νομίζονται</span> <span class='ocrx_word' id='word_1_226' title='bbox 2467 1559 2566 1636; x_wconf 70' lang='grc' dir='ltr'><strong>γὰρ</strong></span> <span class='ocrx_word' id='word_1_227' title='bbox 2625 1556 2768 1630; x_wconf 75' lang='grc' dir='ltr'>ἢμῖν</span> <span class='ocrx_word' id='word_1_228' title='bbox 2815 1558 2954 1613; x_wconf 61' lang='grc' dir='ltr'>κακὰ</span> <span class='ocrx_word' id='word_1_229' title='bbox 2989 1572 3002 1588; x_wconf 87' lang='grc'><em>’</em></span> <span class='ocrx_word' id='word_1_230' title='bbox 3040 1559 3136 1614; x_wconf 79' lang='grc' dir='ltr'>εἰσὶ</span> <span class='ocrx_word' id='word_1_231' title='bbox 3186 1556 3241 1613; x_wconf 69' lang='grc' dir='ltr'><strong>δὲ</strong></span> <span class='ocrx_word' id='word_1_232' title='bbox 3274 1556 3521 1632; x_wconf 68' lang='grc' dir='ltr'>δυνάμεις</span> <span class='ocrx_word' id='word_1_233' title='bbox 3567 1556 3770 1634; x_wconf 76' lang='grc' dir='ltr'>ἀγαθο-</span> 
     </span>
    </p>
   </div>
   <div class='ocr_carea' id='block_1_29' title="bbox 2118 1644 3771 1725">
    <p class='ocr_par' dir='ltr' id='par_1_29' title="bbox 2118 1644 3771 1725">
     <span class='ocr_line' id='line_1_29' title="bbox 2118 1644 3771 1725; baseline -0.001 -23"><span class='ocrx_word' id='word_1_234' title='bbox 2118 1653 2279 1704; x_wconf 89' lang='grc' dir='ltr'>ποιοῦ</span> <span class='ocrx_word' id='word_1_235' title='bbox 2336 1646 2503 1709; x_wconf 72' lang='grc' dir='ltr'>αὶτίας</span> <span class='ocrx_word' id='word_1_236' title='bbox 2539 1665 2555 1682; x_wconf 86' lang='grc'>⁶</span> <span class='ocrx_word' id='word_1_237' title='bbox 2614 1648 2702 1703; x_wconf 72' lang='grc' dir='ltr'>καὶ</span> <span class='ocrx_word' id='word_1_238' title='bbox 2761 1647 2860 1725; x_wconf 75' lang='grc' dir='ltr'><strong>γὰρ</strong></span> <span class='ocrx_word' id='word_1_239' title='bbox 2914 1644 2982 1702; x_wconf 85' lang='grc' dir='ltr'>δι’</span> <span class='ocrx_word' id='word_1_240' title='bbox 3013 1650 3185 1705; x_wconf 69' lang='grc' dir='ltr'>αὐτῶν</span> <span class='ocrx_word' id='word_1_241' title='bbox 3241 1647 3494 1722; x_wconf 63' lang='grc' dir='ltr'>μετάνοια</span> <span class='ocrx_word' id='word_1_242' title='bbox 3527 1648 3616 1703; x_wconf 69' lang='grc' dir='ltr'>καὶ</span> <span class='ocrx_word' id='word_1_243' title='bbox 3646 1645 3771 1702; x_wconf 74' lang='grc' dir='ltr'>ἐπί-</span> 
     </span>
    </p>
   </div>
   <div class='ocr_carea' id='block_1_30' title="bbox 393 1730 2036 1830">
    <p class='ocr_par' dir='ltr' id='par_1_30' title="bbox 393 1730 2029 1814">
     <span class='ocr_line' id='line_1_30' title="bbox 393 1730 2029 1814; baseline -0.006 -15"><span class='ocrx_word' id='word_1_244' title='bbox 393 1736 603 1799; x_wconf 88' lang='lat' dir='ltr'><strong>dicens</strong></span> <span class='ocrx_word' id='word_1_245' title='bbox 622 1732 1071 1813; x_wconf 89' lang='lat' dir='ltr'><strong>bella,morbos,</strong></span> <span class='ocrx_word' id='word_1_246' title='bbox 1097 1732 1200 1814; x_wconf 86' lang='lat' dir='ltr'><strong>qui</strong></span> <span class='ocrx_word' id='word_1_247' title='bbox 1226 1749 1424 1794; x_wconf 90' lang='lat' dir='ltr'><strong>mores</strong></span> <span class='ocrx_word' id='word_1_248' title='bbox 1444 1730 1765 1808; x_wconf 79' lang='lat' dir='ltr'><strong>corrigam,</strong></span> <span class='ocrx_word' id='word_1_249' title='bbox 1784 1737 2029 1810; x_wconf 86' lang='lat' dir='ltr'><strong>mortes,</strong></span> 
     </span>
    </p>
   </div>
   <div class='ocr_carea' id='block_1_31' title="bbox 2122 1730 3765 1830">
    <p class='ocr_par' dir='ltr' id='par_1_31' title="bbox 2122 1733 3765 1815">
     <span class='ocr_line' id='line_1_31' title="bbox 2122 1733 3765 1815; baseline 0.001 -24"><span class='ocrx_word' id='word_1_250' title='bbox 2122 1757 2309 1813; x_wconf 68' lang='grc' dir='ltr'>γνωτις</span> <span class='ocrx_word' id='word_1_251' title='bbox 2369 1742 2500 1793; x_wconf 76' lang='grc' dir='ltr'>Θεοῦ</span> <span class='ocrx_word' id='word_1_252' title='bbox 2557 1741 2655 1793; x_wconf 68' lang='grc' dir='ltr'>καὶ</span> <span class='ocrx_word' id='word_1_253' title='bbox 2711 1733 2976 1801; x_wconf 71' lang='grc' dir='ltr'>εὗσεϐείις</span> <span class='ocrx_word' id='word_1_254' title='bbox 3021 1750 3139 1800; x_wconf 82' lang='grc' dir='ltr'>τοῖς</span> <span class='ocrx_word' id='word_1_255' title='bbox 3198 1735 3436 1793; x_wconf 70' lang='grc' dir='ltr'>πλείοτιν</span> <span class='ocrx_word' id='word_1_256' title='bbox 3497 1734 3765 1815; x_wconf 78' lang='grc' dir='ltr'>ὲγένοντο’</span> 
     </span>
    </p>
   </div>
   <div class='ocr_carea' id='block_1_32' title="bbox 396 1820 2036 1906">
    <p class='ocr_par' dir='ltr' id='par_1_32' title="bbox 396 1820 2032 1902">
     <span class='ocr_line' id='line_1_32' title="bbox 396 1820 2032 1902; baseline -0.007 -13"><span class='ocrx_word' id='word_1_257' title='bbox 396 1835 455 1890; x_wconf 91' lang='lat' dir='ltr'><strong>et</strong></span> <span class='ocrx_word' id='word_1_258' title='bbox 469 1824 723 1898; x_wconf 87' lang='lat' dir='ltr'><strong>similia;</strong></span> <span class='ocrx_word' id='word_1_259' title='bbox 755 1829 1108 1902; x_wconf 86' lang='lat' dir='ltr'><strong>reputantur</strong></span> <span class='ocrx_word' id='word_1_260' title='bbox 1130 1822 1290 1884; x_wconf 90' lang='lat' dir='ltr'><strong>enim</strong></span> <span class='ocrx_word' id='word_1_261' title='bbox 1314 1841 1347 1883; x_wconf 89' lang='lat' dir='ltr'><strong>a</strong></span> <span class='ocrx_word' id='word_1_262' title='bbox 1377 1820 1550 1883; x_wconf 90' lang='lat' dir='ltr'><strong>nobis</strong></span> <span class='ocrx_word' id='word_1_263' title='bbox 1582 1820 1905 1891; x_wconf 87' lang='lat' dir='ltr'><strong>mala,sunt</strong></span> <span class='ocrx_word' id='word_1_264' title='bbox 1925 1837 2032 1879; x_wconf 86' lang='lat' dir='ltr'><strong>au-</strong></span> 
     </span>
    </p>
   </div>
   <div class='ocr_carea' id='block_1_33' title="bbox 2122 1820 3765 1906">
    <p class='ocr_par' dir='ltr' id='par_1_33' title="bbox 2122 1823 3765 1906">
     <span class='ocr_line' id='line_1_33' title="bbox 2122 1823 3765 1906; baseline 0 -25"><span class='ocrx_word' id='word_1_265' title='bbox 2122 1825 2202 1881; x_wconf 76' lang='grc' dir='ltr'><strong>καὶ</strong></span> <span class='ocrx_word' id='word_1_266' title='bbox 2259 1824 2315 1882; x_wconf 72' lang='grc' dir='ltr'>ἐν</span> <span class='ocrx_word' id='word_1_267' title='bbox 2363 1838 2480 1891; x_wconf 78' lang='grc' dir='ltr'>τοῖς</span> <span class='ocrx_word' id='word_1_268' title='bbox 2528 1827 2823 1906; x_wconf 76' lang='grc' dir='ltr'>προφήτιις</span> <span class='ocrx_word' id='word_1_269' title='bbox 2871 1828 2904 1894; x_wconf 82' lang='grc' dir='ltr'><strong>ἡ</strong></span> <span class='ocrx_word' id='word_1_270' title='bbox 2951 1826 3109 1883; x_wconf 71' lang='grc' dir='ltr'>γακία</span> <span class='ocrx_word' id='word_1_271' title='bbox 3137 1824 3371 1905; x_wconf 61' lang='grc' dir='ltr'>λέγεται,</span> <span class='ocrx_word' id='word_1_272' title='bbox 3418 1825 3493 1883; x_wconf 81' lang='grc' dir='ltr'><strong><em>Ἣ</em></strong></span> <span class='ocrx_word' id='word_1_273' title='bbox 3542 1827 3628 1883; x_wconf 73' lang='grc' dir='ltr'>καὶ</span> <span class='ocrx_word' id='word_1_274' title='bbox 3662 1823 3765 1881; x_wconf 84' lang='grc' dir='ltr'>ἄλ-</span> 
     </span>
    </p>
   </div>
   <div class='ocr_carea' id='block_1_34' title="bbox 396 1910 2036 1994">
    <p class='ocr_par' dir='ltr' id='par_1_34' title="bbox 396 1910 2034 1994">
     <span class='ocr_line' id='line_1_34' title="bbox 396 1910 2034 1994; baseline -0.007 -15"><span class='ocrx_word' id='word_1_275' title='bbox 396 1925 514 1980; x_wconf 88' lang='lat' dir='ltr'><strong>tem</strong></span> <span class='ocrx_word' id='word_1_276' title='bbox 536 1915 690 1977; x_wconf 89' lang='lat' dir='ltr'><strong>vires</strong></span> <span class='ocrx_word' id='word_1_277' title='bbox 710 1931 906 1976; x_wconf 61' lang='lat' dir='ltr'><strong>causa;</strong></span> <span class='ocrx_word' id='word_1_278' title='bbox 928 1930 1061 1994; x_wconf 83' lang='lat' dir='ltr'><strong>quae</strong></span> <span class='ocrx_word' id='word_1_279' title='bbox 1080 1911 1303 1974; x_wconf 86' lang='lat' dir='ltr'><strong>bonum</strong></span> <span class='ocrx_word' id='word_1_280' title='bbox 1329 1910 1513 1972; x_wconf 88' lang='lat' dir='ltr'><strong>efﬁcit</strong></span> <span class='ocrx_word' id='word_1_281' title='bbox 1540 1930 1556 1986; x_wconf 91' lang='lat'><strong>;</strong></span> <span class='ocrx_word' id='word_1_282' title='bbox 1578 1927 1714 1971; x_wconf 87' lang='lat' dir='ltr'><strong>nam</strong></span> <span class='ocrx_word' id='word_1_283' title='bbox 1748 1926 1856 1989; x_wconf 89' lang='lat' dir='ltr'><strong>per</strong></span> <span class='ocrx_word' id='word_1_284' title='bbox 1884 1925 2034 1987; x_wconf 65' lang='lat' dir='ltr'><strong>pra;-</strong></span> 
     </span>
    </p>
   </div>
   <div class='ocr_carea' id='block_1_35' title="bbox 2122 1910 3771 1994">
    <p class='ocr_par' dir='ltr' id='par_1_35' title="bbox 2122 1913 3771 1993">
     <span class='ocr_line' id='line_1_35' title="bbox 2122 1913 3771 1993; baseline 0.001 -23"><span class='ocrx_word' id='word_1_285' title='bbox 2122 1913 2246 1978; x_wconf 82' lang='grc' dir='ltr'>λῶς.</span> <span class='ocrx_word' id='word_1_286' title='bbox 2301 1916 2448 1972; x_wconf 72' lang='grc' dir='ltr'>Αἰτίαι</span> <span class='ocrx_word' id='word_1_287' title='bbox 2496 1921 2588 1972; x_wconf 71' lang='grc' dir='ltr'>τοῦ</span> <span class='ocrx_word' id='word_1_288' title='bbox 2654 1915 2708 1970; x_wconf 82' lang='grc' dir='ltr'>ἐν</span> <span class='ocrx_word' id='word_1_289' title='bbox 2741 1922 2815 1990; x_wconf 84' lang='grc' dir='ltr'>τῷ</span> <span class='ocrx_word' id='word_1_290' title='bbox 2864 1914 3196 1993; x_wconf 62' lang='grc' dir='ltr'>ἀσελγαίνειν</span> <span class='ocrx_word' id='word_1_291' title='bbox 3226 1917 3456 1984; x_wconf 76' lang='grc' dir='ltr'>κκκοῦἡ</span> <span class='ocrx_word' id='word_1_292' title='bbox 3511 1913 3771 1990; x_wconf 69' lang='grc' dir='ltr'>ἐπιθυμία</span> 
     </span>
    </p>
   </div>
   <div class='ocr_carea' id='block_1_36' title="bbox 393 1997 2036 2086">
    <p class='ocr_par' dir='ltr' id='par_1_36' title="bbox 393 1997 2030 2086">
     <span class='ocr_line' id='line_1_36' title="bbox 393 1997 2030 2086; baseline -0.007 -17"><span class='ocrx_word' id='word_1_293' title='bbox 393 2007 549 2069; x_wconf 84' lang='lat' dir='ltr'><strong>dicta</strong></span> <span class='ocrx_word' id='word_1_294' title='bbox 587 2003 931 2086; x_wconf 64' lang='lat' dir='ltr'><strong>poenitentia</strong></span> <span class='ocrx_word' id='word_1_295' title='bbox 953 2010 1011 2064; x_wconf 90' lang='lat' dir='ltr'><strong>et</strong></span> <span class='ocrx_word' id='word_1_296' title='bbox 1038 2001 1147 2064; x_wconf 90' lang='lat' dir='ltr'><strong>Dei</strong></span> <span class='ocrx_word' id='word_1_297' title='bbox 1177 2000 1433 2082; x_wconf 75' lang='lat' dir='ltr'><strong>cognitio</strong></span> <span class='ocrx_word' id='word_1_298' title='bbox 1462 1999 1814 2082; x_wconf 87' lang='lat' dir='ltr'><strong>acquiritur,</strong></span> <span class='ocrx_word' id='word_1_299' title='bbox 1841 1997 2030 2078; x_wconf 88' lang='lat' dir='ltr'><strong>pluri-</strong></span> 
     </span>
    </p>
   </div>
   <div class='ocr_carea' id='block_1_37' title="bbox 2122 1997 3762 2086">
    <p class='ocr_par' dir='ltr' id='par_1_37' title="bbox 2122 2003 3762 2083">
     <span class='ocr_line' id='line_1_37' title="bbox 2122 2003 3762 2083; baseline 0 -23"><span class='ocrx_word' id='word_1_300' title='bbox 2122 2004 2275 2068; x_wconf 71' lang='grc' dir='ltr'>ἐστίν,</span> <span class='ocrx_word' id='word_1_301' title='bbox 2306 2003 2425 2061; x_wconf 79' lang='grc' dir='ltr'>ἀλλ’</span> <span class='ocrx_word' id='word_1_302' title='bbox 2458 2004 2592 2072; x_wconf 73' lang='grc' dir='ltr'>αὕτη</span> <span class='ocrx_word' id='word_1_303' title='bbox 2642 2006 2676 2074; x_wconf 76' lang='grc' dir='ltr'><strong>ἡ</strong></span> <span class='ocrx_word' id='word_1_304' title='bbox 2709 2005 2954 2079; x_wconf 68' lang='grc' dir='ltr'>ἐπιθυμία</span> <span class='ocrx_word' id='word_1_305' title='bbox 3002 2003 3223 2081; x_wconf 65' lang='grc' dir='ltr'>δόναμις</span> <span class='ocrx_word' id='word_1_306' title='bbox 3264 2005 3592 2083; x_wconf 62' lang='grc' dir='ltr'>ἀγαθοποιός</span> <span class='ocrx_word' id='word_1_307' title='bbox 3623 2005 3762 2080; x_wconf 68' lang='grc' dir='ltr'>ἐστι,</span> 
     </span>
    </p>
   </div>
   <div class='ocr_carea' id='block_1_38' title="bbox 392 2086 2036 2175">
    <p class='ocr_par' dir='ltr' id='par_1_38' title="bbox 392 2086 2031 2175">
     <span class='ocr_line' id='line_1_38' title="bbox 392 2086 2031 2175; baseline -0.006 -17"><span class='ocrx_word' id='word_1_308' title='bbox 392 2094 624 2175; x_wconf 87' lang='lat' dir='ltr'><strong>busque</strong></span> <span class='ocrx_word' id='word_1_309' title='bbox 675 2091 907 2172; x_wconf 87' lang='lat' dir='ltr'><strong>pietatis</strong></span> <span class='ocrx_word' id='word_1_310' title='bbox 953 2090 1183 2152; x_wconf 83' lang='lat' dir='ltr'><strong>occasio</strong></span> <span class='ocrx_word' id='word_1_311' title='bbox 1233 2089 1367 2169; x_wconf 87' lang='lat' dir='ltr'><strong>fuit,</strong></span> <span class='ocrx_word' id='word_1_312' title='bbox 1398 2096 1574 2169; x_wconf 87' lang='lat' dir='ltr'><strong>atque</strong></span> <span class='ocrx_word' id='word_1_313' title='bbox 1605 2087 1666 2149; x_wconf 91' lang='lat' dir='ltr'><strong>in</strong></span> <span class='ocrx_word' id='word_1_314' title='bbox 1718 2086 2031 2168; x_wconf 88' lang='lat' dir='ltr'><strong>prophetis</strong></span> 
     </span>
    </p>
   </div>
   <div class='ocr_carea' id='block_1_39' title="bbox 2122 2086 3771 2175">
    <p class='ocr_par' dir='ltr' id='par_1_39' title="bbox 2122 2092 3771 2175">
     <span class='ocr_line' id='line_1_39' title="bbox 2122 2092 3771 2175; baseline 0 -25"><span class='ocrx_word' id='word_1_315' title='bbox 2122 2094 2353 2173; x_wconf 66' lang='grc' dir='ltr'>λογικοῖς</span> <span class='ocrx_word' id='word_1_316' title='bbox 2382 2093 2481 2169; x_wconf 76' lang='grc' dir='ltr'>μὲν</span> <span class='ocrx_word' id='word_1_317' title='bbox 2532 2096 2661 2175; x_wconf 78' lang='grc' dir='ltr'>πρὸς</span> <span class='ocrx_word' id='word_1_318' title='bbox 2719 2095 2780 2151; x_wconf 71' lang='grc' dir='ltr'>τὰ</span> <span class='ocrx_word' id='word_1_319' title='bbox 2825 2092 2892 2151; x_wconf 84' lang='grc' dir='ltr'>δι’</span> <span class='ocrx_word' id='word_1_320' title='bbox 2926 2096 3090 2163; x_wconf 69' lang='grc' dir='ltr'>αὐτῆς</span> <span class='ocrx_word' id='word_1_321' title='bbox 3149 2096 3509 2152; x_wconf 66' lang='grc' dir='ltr'>ἀνατείνεσθαι</span> <span class='ocrx_word' id='word_1_322' title='bbox 3541 2095 3677 2173; x_wconf 79' lang='grc' dir='ltr'>πρὸς</span> <span class='ocrx_word' id='word_1_323' title='bbox 3708 2096 3771 2150; x_wconf 83' lang='grc' dir='ltr'>τὸ</span> 
     </span>
    </p>
   </div>
   <div class='ocr_carea' id='block_1_40' title="bbox 392 2176 2036 2263">
    <p class='ocr_par' dir='ltr' id='par_1_40' title="bbox 392 2176 2031 2246">
     <span class='ocr_line' id='line_1_40' title="bbox 392 2176 2031 2246; baseline -0.004 0"><span class='ocrx_word' id='word_1_324' title='bbox 392 2183 620 2246; x_wconf 87' lang='lat' dir='ltr'><strong>malitia</strong></span> <span class='ocrx_word' id='word_1_325' title='bbox 648 2190 912 2243; x_wconf 81' lang='lat' dir='ltr'><strong>vocatur.</strong></span> <span class='ocrx_word' id='word_1_326' title='bbox 963 2178 1074 2243; x_wconf 86' lang='lat' dir='ltr'><strong>Vel</strong></span> <span class='ocrx_word' id='word_1_327' title='bbox 1106 2181 1281 2242; x_wconf 88' lang='lat' dir='ltr'><strong>etiam</strong></span> <span class='ocrx_word' id='word_1_328' title='bbox 1331 2177 1526 2241; x_wconf 87' lang='lat' dir='ltr'><strong>aliter.</strong></span> <span class='ocrx_word' id='word_1_329' title='bbox 1562 2176 1750 2240; x_wconf 85' lang='lat' dir='ltr'><strong>Causa</strong></span> <span class='ocrx_word' id='word_1_330' title='bbox 1800 2176 1939 2239; x_wconf 89' lang='lat' dir='ltr'><strong>mali</strong></span> <span class='ocrx_word' id='word_1_331' title='bbox 1970 2183 2031 2239; x_wconf 80' lang='lat' dir='ltr'><strong>in</strong></span> 
     </span>
    </p>
   </div>
   <div class='ocr_carea' id='block_1_41' title="bbox 2122 2176 3776 2263">
    <p class='ocr_par' dir='ltr' id='par_1_41' title="bbox 2122 2180 3776 2263">
     <span class='ocr_line' id='line_1_41' title="bbox 2122 2180 3776 2263; baseline -0.001 -24"><span class='ocrx_word' id='word_1_332' title='bbox 2122 2180 2274 2250; x_wconf 70' lang='lat' dir='ltr'><strong>i&#39;vtu);</strong></span> <span class='ocrx_word' id='word_1_333' title='bbox 2304 2184 2525 2263; x_wconf 76' lang='grc' dir='ltr'>ἆγιθόν·</span> <span class='ocrx_word' id='word_1_334' title='bbox 2587 2183 2804 2263; x_wconf 77' lang='grc' dir='ltr'>ἀλόγοις</span> <span class='ocrx_word' id='word_1_335' title='bbox 2831 2181 2886 2241; x_wconf 77' lang='grc' dir='ltr'><strong>δέ</strong></span> <span class='ocrx_word' id='word_1_336' title='bbox 2944 2188 3075 2262; x_wconf 82' lang='grc' dir='ltr'>πρὸς</span> <span class='ocrx_word' id='word_1_337' title='bbox 3109 2184 3276 2263; x_wconf 80' lang='grc' dir='ltr'>ὃρεξιν</span> <span class='ocrx_word' id='word_1_338' title='bbox 3306 2185 3413 2242; x_wconf 81' lang='grc' dir='ltr'><strong>τῶν</strong></span> <span class='ocrx_word' id='word_1_339' title='bbox 3457 2183 3776 2252; x_wconf 74' lang='grc' dir='ltr'>ἑπιτηδείῶν</span> 
     </span>
    </p>
   </div>
   <div class='ocr_carea' id='block_1_42' title="bbox 391 2268 2036 2354">
    <p class='ocr_par' dir='ltr' id='par_1_42' title="bbox 391 2268 2031 2350">
     <span class='ocr_line' id='line_1_42' title="bbox 391 2268 2031 2350; baseline -0.005 -14"><span class='ocrx_word' id='word_1_340' title='bbox 391 2272 755 2336; x_wconf 89' lang='lat' dir='ltr'><strong>lasciviendo</strong></span> <span class='ocrx_word' id='word_1_341' title='bbox 780 2268 1403 2350; x_wconf 84' lang='lat' dir='ltr'><strong>estconcupiscentia;</strong></span> <span class='ocrx_word' id='word_1_342' title='bbox 1426 2269 1555 2350; x_wconf 89' lang='lat' dir='ltr'><strong>ipsa</strong></span> <span class='ocrx_word' id='word_1_343' title='bbox 1578 2273 1781 2331; x_wconf 86' lang='lat' dir='ltr'><strong>tamen</strong></span> <span class='ocrx_word' id='word_1_344' title='bbox 1802 2284 2031 2329; x_wconf 87' lang='lat' dir='ltr'><strong>concu-</strong></span> 
     </span>
    </p>
   </div>
   <div class='ocr_carea' id='block_1_43' title="bbox 2122 2268 3776 2354">
    <p class='ocr_par' dir='ltr' id='par_1_43' title="bbox 2122 2271 3776 2354">
     <span class='ocr_line' id='line_1_43' title="bbox 2122 2271 3776 2354; baseline -0.001 -23"><span class='ocrx_word' id='word_1_345' title='bbox 2122 2277 2205 2342; x_wconf 68' lang='grc' dir='ltr'><strong>τῆς</strong></span> <span class='ocrx_word' id='word_1_346' title='bbox 2247 2275 2439 2339; x_wconf 75' lang='grc' dir='ltr'>οἰκείας</span> <span class='ocrx_word' id='word_1_347' title='bbox 2483 2271 2765 2349; x_wconf 76' lang='grc' dir='ltr'>διιμονῆς.</span> <span class='ocrx_word' id='word_1_348' title='bbox 2826 2272 2957 2333; x_wconf 74' lang='grc' dir='ltr'>Οἵδε</span> <span class='ocrx_word' id='word_1_349' title='bbox 3016 2276 3142 2354; x_wconf 67' lang='grc' dir='ltr'><strong>γοόν</strong></span> <span class='ocrx_word' id='word_1_350' title='bbox 3187 2276 3214 2331; x_wconf 86' lang='grc' dir='ltr'>ὁ</span> <span class='ocrx_word' id='word_1_351' title='bbox 3249 2277 3399 2352; x_wconf 76' lang='grc' dir='ltr'><strong>Θεὸς,</strong></span> <span class='ocrx_word' id='word_1_352' title='bbox 3462 2273 3617 2342; x_wconf 71' lang='grc' dir='ltr'>ἥθουν</span> <span class='ocrx_word' id='word_1_353' title='bbox 3680 2277 3776 2331; x_wconf 73' lang='grc' dir='ltr'><strong>καὶ</strong></span> 
     </span>
    </p>
   </div>
   <div class='ocr_carea' id='block_1_44' title="bbox 398 2357 2030 2444">
    <p class='ocr_par' dir='ltr' id='par_1_44' title="bbox 398 2357 2030 2444">
     <span class='ocr_line' id='line_1_44' title="bbox 398 2357 2030 2444; baseline -0.003 -21"><span class='ocrx_word' id='word_1_354' title='bbox 398 2362 685 2444; x_wconf 87' lang='lat' dir='ltr'><strong>piscentia</strong></span> <span class='ocrx_word' id='word_1_355' title='bbox 700 2367 792 2424; x_wconf 90' lang='lat' dir='ltr'><strong>est</strong></span> <span class='ocrx_word' id='word_1_356' title='bbox 811 2360 1056 2424; x_wconf 89' lang='lat' dir='ltr'><strong>facultas</strong></span> <span class='ocrx_word' id='word_1_357' title='bbox 1076 2358 1221 2422; x_wconf 90' lang='lat' dir='ltr'><strong>boni</strong></span> <span class='ocrx_word' id='word_1_358' title='bbox 1244 2357 1512 2421; x_wconf 69' lang='lat' dir='ltr'><strong>effectrix</strong></span> <span class='ocrx_word' id='word_1_359' title='bbox 1530 2358 1763 2421; x_wconf 86' lang='lat' dir='ltr'><strong>ratione</strong></span> <span class='ocrx_word' id='word_1_360' title='bbox 1787 2357 2030 2439; x_wconf 88' lang='lat' dir='ltr'><strong>quidem</strong></span> 
     </span>
    </p>
   </div>
   <div class='ocr_carea' id='block_1_45' title="bbox 392 2447 2030 2532">
    <p class='ocr_par' dir='ltr' id='par_1_45' title="bbox 392 2447 2030 2532">
     <span class='ocr_line' id='line_1_45' title="bbox 392 2447 2030 2532; baseline -0.004 -17"><span class='ocrx_word' id='word_1_361' title='bbox 392 2451 716 2527; x_wconf 87' lang='lat' dir='ltr'><strong>utentibus,</strong></span> <span class='ocrx_word' id='word_1_362' title='bbox 746 2462 815 2514; x_wconf 88' lang='lat' dir='ltr'><strong>ut</strong></span> <span class='ocrx_word' id='word_1_363' title='bbox 845 2469 952 2532; x_wconf 90' lang='lat' dir='ltr'><strong>per</strong></span> <span class='ocrx_word' id='word_1_364' title='bbox 976 2450 1164 2532; x_wconf 89' lang='lat' dir='ltr'><strong>ipsam</strong></span> <span class='ocrx_word' id='word_1_365' title='bbox 1195 2467 1434 2512; x_wconf 85' lang='lat' dir='ltr'><strong>sursum</strong></span> <span class='ocrx_word' id='word_1_366' title='bbox 1465 2449 1537 2512; x_wconf 90' lang='lat' dir='ltr'><strong>ad</strong></span> <span class='ocrx_word' id='word_1_367' title='bbox 1570 2466 1774 2512; x_wconf 89' lang='lat' dir='ltr'><strong>verum</strong></span> <span class='ocrx_word' id='word_1_368' title='bbox 1807 2447 2030 2510; x_wconf 91' lang='lat' dir='ltr'><strong>bonum</strong></span> 
     </span>
    </p>
   </div>
   <div class='ocr_carea' id='block_1_46' title="bbox 392 2538 2035 2622">
    <p class='ocr_par' dir='ltr' id='par_1_46' title="bbox 392 2538 2035 2622">
     <span class='ocr_line' id='line_1_46' title="bbox 392 2538 2035 2622; baseline -0.005 -16"><span class='ocrx_word' id='word_1_369' title='bbox 392 2542 670 2615; x_wconf 80' lang='lat' dir='ltr'><strong>tendant;</strong></span> <span class='ocrx_word' id='word_1_370' title='bbox 703 2543 933 2604; x_wconf 87' lang='lat' dir='ltr'><strong>ratione</strong></span> <span class='ocrx_word' id='word_1_371' title='bbox 960 2559 1100 2603; x_wconf 89' lang='lat' dir='ltr'><strong>vero</strong></span> <span class='ocrx_word' id='word_1_372' title='bbox 1125 2538 1390 2621; x_wconf 84' lang='lat' dir='ltr'><strong>privatis,</strong></span> <span class='ocrx_word' id='word_1_373' title='bbox 1422 2547 1488 2601; x_wconf 90' lang='lat' dir='ltr'><strong>ut</strong></span> <span class='ocrx_word' id='word_1_374' title='bbox 1516 2558 1606 2616; x_wconf 88' lang='lat' dir='ltr'><strong>ea,</strong></span> <span class='ocrx_word' id='word_1_375' title='bbox 1634 2555 1767 2622; x_wconf 67' lang='lat' dir='ltr'><strong>qum</strong></span> <span class='ocrx_word' id='word_1_376' title='bbox 1786 2538 1859 2600; x_wconf 91' lang='lat' dir='ltr'><strong>ad</strong></span> <span class='ocrx_word' id='word_1_377' title='bbox 1893 2555 2035 2618; x_wconf 86' lang='lat' dir='ltr'><strong>pro-</strong></span> 
     </span>
    </p>
   </div>
   <div class='ocr_carea' id='block_1_47' title="bbox 391 2630 2035 2714">
    <p class='ocr_par' dir='ltr' id='par_1_47' title="bbox 391 2630 2035 2714">
     <span class='ocr_line' id='line_1_47' title="bbox 391 2630 2035 2714; baseline -0.004 -19"><span class='ocrx_word' id='word_1_378' title='bbox 391 2633 582 2714; x_wconf 89' lang='lat' dir='ltr'><strong>priam</strong></span> <span class='ocrx_word' id='word_1_379' title='bbox 628 2649 796 2695; x_wconf 88' lang='lat' dir='ltr'><strong>suam</strong></span> <span class='ocrx_word' id='word_1_380' title='bbox 846 2633 1363 2694; x_wconf 86' lang='lat' dir='ltr'><strong>conservationem</strong></span> <span class='ocrx_word' id='word_1_381' title='bbox 1422 2630 1671 2710; x_wconf 87' lang='lat' dir='ltr'><strong>faciunt,</strong></span> <span class='ocrx_word' id='word_1_382' title='bbox 1727 2634 2035 2709; x_wconf 86' lang='lat' dir='ltr'><strong>appetant.</strong></span> 
     </span>
    </p>
   </div>
   <div class='ocr_carea' id='block_1_48' title="bbox 388 2715 2039 2804">
    <p class='ocr_par' dir='ltr' id='par_1_48' title="bbox 388 2715 2039 2804">
     <span class='ocr_line' id='line_1_48' title="bbox 388 2715 2039 2804; baseline -0.005 -17"><span class='ocrx_word' id='word_1_383' title='bbox 388 2724 562 2787; x_wconf 90' lang='lat' dir='ltr'><strong>Novit</strong></span> <span class='ocrx_word' id='word_1_384' title='bbox 589 2723 789 2804; x_wconf 84' lang='lat' dir='ltr'><strong>itaque</strong></span> <span class='ocrx_word' id='word_1_385' title='bbox 831 2723 1017 2801; x_wconf 90' lang='lat' dir='ltr'><strong>Deus,</strong></span> <span class='ocrx_word' id='word_1_386' title='bbox 1050 2720 1174 2782; x_wconf 90' lang='lat' dir='ltr'><strong>sive</strong></span> <span class='ocrx_word' id='word_1_387' title='bbox 1205 2719 1382 2781; x_wconf 75' lang='lat' dir='ltr'><strong>etiam</strong></span> <span class='ocrx_word' id='word_1_388' title='bbox 1426 2717 1760 2799; x_wconf 80' lang='lat' dir='ltr'><strong>cognoscit,</strong></span> <span class='ocrx_word' id='word_1_389' title='bbox 1796 2735 1865 2779; x_wconf 91' lang='lat' dir='ltr'><strong>ac</strong></span> <span class='ocrx_word' id='word_1_390' title='bbox 1897 2715 2039 2780; x_wconf 84' lang='lat' dir='ltr'><strong>facit</strong></span> 
     </span>
    </p>
   </div>
   <div class='ocr_carea' id='block_1_49' title="bbox 390 2806 2032 2887">
    <p class='ocr_par' dir='ltr' id='par_1_49' title="bbox 390 2806 2032 2887">
     <span class='ocr_line' id='line_1_49' title="bbox 390 2806 2032 2887; baseline -0.005 -11"><span class='ocrx_word' id='word_1_391' title='bbox 390 2813 567 2876; x_wconf 87' lang='lat' dir='ltr'><strong>etiam</strong></span> <span class='ocrx_word' id='word_1_392' title='bbox 598 2813 848 2885; x_wconf 87' lang='lat' dir='ltr'><strong>malum,</strong></span> <span class='ocrx_word' id='word_1_393' title='bbox 882 2828 1004 2872; x_wconf 90' lang='lat' dir='ltr'><strong>non</strong></span> <span class='ocrx_word' id='word_1_394' title='bbox 1035 2828 1157 2887; x_wconf 89' lang='lat' dir='ltr'><strong>qua</strong></span> <span class='ocrx_word' id='word_1_395' title='bbox 1189 2810 1430 2882; x_wconf 88' lang='lat' dir='ltr'><strong>malum,</strong></span> <span class='ocrx_word' id='word_1_396' title='bbox 1467 2806 1572 2869; x_wconf 89' lang='lat' dir='ltr'><strong>sed</strong></span> <span class='ocrx_word' id='word_1_397' title='bbox 1615 2825 1736 2886; x_wconf 91' lang='lat' dir='ltr'><strong>qua</strong></span> <span class='ocrx_word' id='word_1_398' title='bbox 1765 2806 1988 2868; x_wconf 81' lang='lat' dir='ltr'><strong>bonum</strong></span> <span class='ocrx_word' id='word_1_399' title='bbox 2018 2825 2032 2866; x_wconf 90' lang='lat'><strong>:</strong></span> 
     </span>
    </p>
   </div>
   <div class='ocr_carea' id='block_1_50' title="bbox 388 2894 2036 2980">
    <p class='ocr_par' dir='ltr' id='par_1_50' title="bbox 388 2894 2036 2980">
     <span class='ocr_line' id='line_1_50' title="bbox 388 2894 2036 2980; baseline -0.005 -16"><span class='ocrx_word' id='word_1_400' title='bbox 388 2903 538 2965; x_wconf 90' lang='lat' dir='ltr'><strong>nihil</strong></span> <span class='ocrx_word' id='word_1_401' title='bbox 586 2920 724 2980; x_wconf 86' lang='lat' dir='ltr'><strong>ergo</strong></span> <span class='ocrx_word' id='word_1_402' title='bbox 753 2900 932 2962; x_wconf 90' lang='lat' dir='ltr'><strong>etiam</strong></span> <span class='ocrx_word' id='word_1_403' title='bbox 964 2917 1070 2979; x_wconf 92' lang='lat' dir='ltr'><strong>per</strong></span> <span class='ocrx_word' id='word_1_404' title='bbox 1100 2916 1166 2960; x_wconf 91' lang='lat' dir='ltr'><strong>se</strong></span> <span class='ocrx_word' id='word_1_405' title='bbox 1200 2907 1290 2959; x_wconf 87' lang='lat' dir='ltr'><strong>est</strong></span> <span class='ocrx_word' id='word_1_406' title='bbox 1321 2897 1542 2959; x_wconf 81' lang='lat' dir='ltr'><strong>malum</strong></span> <span class='ocrx_word' id='word_1_407' title='bbox 1571 2918 1585 2958; x_wconf 90' lang='lat'><strong>:</strong></span> <span class='ocrx_word' id='word_1_408' title='bbox 1622 2896 1845 2977; x_wconf 87' lang='lat' dir='ltr'><strong>quippe</strong></span> <span class='ocrx_word' id='word_1_409' title='bbox 1876 2894 2036 2975; x_wconf 89' lang='lat' dir='ltr'><strong>quod</strong></span> 
     </span>
    </p>
   </div>
   <div class='ocr_carea' id='block_1_51' title="bbox 388 2986 2035 3067">
    <p class='ocr_par' dir='ltr' id='par_1_51' title="bbox 388 2986 2035 3067">
     <span class='ocr_line' id='line_1_51' title="bbox 388 2986 2035 3067; baseline -0.006 -12"><span class='ocrx_word' id='word_1_410' title='bbox 388 2992 539 3055; x_wconf 90' lang='lat' dir='ltr'><strong>nihil</strong></span> <span class='ocrx_word' id='word_1_411' title='bbox 589 2991 802 3053; x_wconf 89' lang='lat' dir='ltr'><strong>habeat</strong></span> <span class='ocrx_word' id='word_1_412' title='bbox 852 2989 1032 3051; x_wconf 87' lang='lat' dir='ltr'><strong>etiam</strong></span> <span class='ocrx_word' id='word_1_413' title='bbox 1093 2987 1256 3067; x_wconf 88' lang='lat' dir='ltr'><strong>boni,</strong></span> <span class='ocrx_word' id='word_1_414' title='bbox 1293 2986 1455 3049; x_wconf 90' lang='lat' dir='ltr'><strong>unde</strong></span> <span class='ocrx_word' id='word_1_415' title='bbox 1511 2986 1688 3048; x_wconf 81' lang='lat' dir='ltr'><strong>etiam</strong></span> <span class='ocrx_word' id='word_1_416' title='bbox 1742 2986 2035 3048; x_wconf 87' lang='lat' dir='ltr'><strong>malorum</strong></span> 
     </span>
    </p>
   </div>
   <div class='ocr_carea' id='block_1_52' title="bbox 2114 2361 3763 2445">
    <p class='ocr_par' dir='ltr' id='par_1_52' title="bbox 2114 2361 3763 2445">
     <span class='ocr_line' id='line_1_52' title="bbox 2114 2361 3763 2445; baseline -0.001 -24"><span class='ocrx_word' id='word_1_417' title='bbox 2114 2365 2362 2443; x_wconf 80' lang='grc' dir='ltr'>γινώσκει</span> <span class='ocrx_word' id='word_1_418' title='bbox 2391 2365 2479 2420; x_wconf 83' lang='grc' dir='ltr'><strong>καὶ</strong></span> <span class='ocrx_word' id='word_1_419' title='bbox 2508 2366 2790 2422; x_wconf 68' lang='grc' dir='ltr'>οἰκειοῦται</span> <span class='ocrx_word' id='word_1_420' title='bbox 2844 2367 2905 2420; x_wconf 77' lang='grc' dir='ltr'>τὸ</span> <span class='ocrx_word' id='word_1_421' title='bbox 2962 2367 3148 2442; x_wconf 70' lang='grc' dir='ltr'>κκκὸν,</span> <span class='ocrx_word' id='word_1_422' title='bbox 3179 2364 3285 2445; x_wconf 66' lang='grc' dir='ltr'><strong>οὔχ</strong></span> <span class='ocrx_word' id='word_1_423' title='bbox 3337 2366 3372 2433; x_wconf 84' lang='grc' dir='ltr'><strong>ἦ</strong></span> <span class='ocrx_word' id='word_1_424' title='bbox 3403 2366 3595 2444; x_wconf 69' lang='grc' dir='ltr'>κακὸν,</span> <span class='ocrx_word' id='word_1_425' title='bbox 3641 2361 3763 2420; x_wconf 81' lang='grc' dir='ltr'>ἀλλ’</span> 
     </span>
    </p>
   </div>
   <div class='ocr_carea' id='block_1_53' title="bbox 2114 2451 3767 2534">
    <p class='ocr_par' dir='ltr' id='par_1_53' title="bbox 2114 2451 3767 2534">
     <span class='ocr_line' id='line_1_53' title="bbox 2114 2451 3767 2534; baseline -0.001 -24"><span class='ocrx_word' id='word_1_426' title='bbox 2114 2453 2373 2532; x_wconf 75' lang='grc' dir='ltr'>ᾗᾶγαθόν</span> <span class='ocrx_word' id='word_1_427' title='bbox 2404 2469 2419 2484; x_wconf 85' lang='lat'>&#39;</span> <span class='ocrx_word' id='word_1_428' title='bbox 2452 2452 2599 2513; x_wconf 68' lang='grc' dir='ltr'>οὖδὲν</span> <span class='ocrx_word' id='word_1_429' title='bbox 2661 2453 2761 2534; x_wconf 73' lang='grc' dir='ltr'><strong>ἄρα</strong></span> <span class='ocrx_word' id='word_1_430' title='bbox 2808 2454 2926 2512; x_wconf 64' lang='grc' dir='ltr'>καθ’</span> <span class='ocrx_word' id='word_1_431' title='bbox 2981 2456 3135 2512; x_wconf 74' lang='grc' dir='ltr'>ἑαυτὸ</span> <span class='ocrx_word' id='word_1_432' title='bbox 3191 2459 3288 2511; x_wconf 67' lang='grc' dir='ltr'>κιὶ</span> <span class='ocrx_word' id='word_1_433' title='bbox 3349 2451 3405 2512; x_wconf 77' lang='grc' dir='ltr'>ὄν</span> <span class='ocrx_word' id='word_1_434' title='bbox 3463 2457 3525 2511; x_wconf 74' lang='grc' dir='ltr'>τὸ</span> <span class='ocrx_word' id='word_1_435' title='bbox 3575 2456 3767 2533; x_wconf 67' lang='grc' dir='ltr'>κακὸν,</span> 
     </span>
    </p>
   </div>
   <div class='ocr_carea' id='block_1_54' title="bbox 2119 2542 3769 2624">
    <p class='ocr_par' dir='ltr' id='par_1_54' title="bbox 2119 2542 3769 2624">
     <span class='ocr_line' id='line_1_54' title="bbox 2119 2542 3769 2624; baseline -0.002 -22"><span class='ocrx_word' id='word_1_436' title='bbox 2119 2546 2190 2608; x_wconf 80' lang='grc' dir='ltr'><strong>ὡς</strong></span> <span class='ocrx_word' id='word_1_437' title='bbox 2214 2542 2381 2621; x_wconf 78' lang='grc' dir='ltr'>μηδὲν</span> <span class='ocrx_word' id='word_1_438' title='bbox 2410 2543 2560 2624; x_wconf 74' lang='grc' dir='ltr'>ἔχειν</span> <span class='ocrx_word' id='word_1_439' title='bbox 2603 2546 2689 2601; x_wconf 74' lang='grc' dir='ltr'><strong>καὶ</strong></span> <span class='ocrx_word' id='word_1_440' title='bbox 2748 2546 2967 2623; x_wconf 70' lang='grc' dir='ltr'>ἀγαθὸν,</span> <span class='ocrx_word' id='word_1_441' title='bbox 3014 2547 3146 2603; x_wconf 73' lang='grc' dir='ltr'>ὁποο</span> <span class='ocrx_word' id='word_1_442' title='bbox 3188 2547 3276 2601; x_wconf 71' lang='grc' dir='ltr'>καί</span> <span class='ocrx_word' id='word_1_443' title='bbox 3333 2547 3381 2601; x_wconf 72' lang='grc' dir='ltr'>αἱ</span> <span class='ocrx_word' id='word_1_444' title='bbox 3437 2545 3597 2601; x_wconf 74' lang='grc' dir='ltr'>αἷτίαι</span> <span class='ocrx_word' id='word_1_445' title='bbox 3660 2549 3769 2601; x_wconf 77' lang='grc' dir='ltr'>τῶν</span> 
     </span>
    </p>
   </div>
   <div class='ocr_carea' id='block_1_55' title="bbox 2118 2632 3772 2712">
    <p class='ocr_par' dir='ltr' id='par_1_55' title="bbox 2118 2632 3772 2712">
     <span class='ocr_line' id='line_1_55' title="bbox 2118 2632 3772 2712; baseline -0.002 -20"><span class='ocrx_word' id='word_1_446' title='bbox 2118 2639 2297 2692; x_wconf 70' lang='grc' dir='ltr'>κακῶν</span> <span class='ocrx_word' id='word_1_447' title='bbox 2355 2633 2667 2712; x_wconf 72' lang='grc' dir='ltr'>ἆγιθοποιοί</span> <span class='ocrx_word' id='word_1_448' title='bbox 2692 2632 2938 2709; x_wconf 71' lang='grc' dir='ltr'>δυνάμεις</span> <span class='ocrx_word' id='word_1_449' title='bbox 2983 2637 3135 2696; x_wconf 76' lang='grc' dir='ltr'>εἰσίν.</span> <span class='ocrx_word' id='word_1_450' title='bbox 3184 2638 3241 2692; x_wconf 81' lang='grc' dir='ltr'><strong>Εἰ</strong></span> <span class='ocrx_word' id='word_1_451' title='bbox 3284 2636 3345 2690; x_wconf 80' lang='grc' dir='ltr'><strong>τὸ</strong></span> <span class='ocrx_word' id='word_1_452' title='bbox 3376 2638 3540 2690; x_wconf 70' lang='grc' dir='ltr'>κακὸν</span> <span class='ocrx_word' id='word_1_453' title='bbox 3570 2632 3772 2701; x_wconf 71' lang='grc' dir='ltr'>ἀίδιον,</span> 
     </span>
    </p>
   </div>
   <div class='ocr_carea' id='block_1_56' title="bbox 2121 2721 3774 2804">
    <p class='ocr_par' dir='ltr' id='par_1_56' title="bbox 2121 2721 3774 2804">
     <span class='ocr_line' id='line_1_56' title="bbox 2121 2721 3774 2804; baseline -0.001 -24"><span class='ocrx_word' id='word_1_454' title='bbox 2121 2727 2215 2780; x_wconf 53' lang='grc' dir='ltr'>καὶ</span> <span class='ocrx_word' id='word_1_455' title='bbox 2270 2721 2481 2781; x_wconf 64' lang='grc' dir='ltr'>δύναται</span> <span class='ocrx_word' id='word_1_456' title='bbox 2552 2725 2642 2780; x_wconf 59' lang='lat' dir='ltr'><strong>sui.</strong></span> <span class='ocrx_word' id='word_1_457' title='bbox 2699 2726 2941 2804; x_wconf 67' lang='grc' dir='ltr'>πράττει.</span> <span class='ocrx_word' id='word_1_458' title='bbox 3009 2727 3170 2781; x_wconf 76' lang='grc' dir='ltr'>[Ιόϐεν</span> <span class='ocrx_word' id='word_1_459' title='bbox 3253 2731 3416 2781; x_wconf 73' lang='grc' dir='ltr'>τιῦτα</span> <span class='ocrx_word' id='word_1_460' title='bbox 3473 2725 3641 2798; x_wconf 70' lang='grc' dir='ltr'><strong>τοῦτῳ</strong></span> <span class='ocrx_word' id='word_1_461' title='bbox 3680 2744 3694 2797; x_wconf 87' lang='grc'>;</span> <span class='ocrx_word' id='word_1_462' title='bbox 3739 2724 3774 2792; x_wconf 72' lang='grc' dir='ltr'><strong>ἢ</strong></span> 
     </span>
    </p>
   </div>
   <div class='ocr_carea' id='block_1_57' title="bbox 2120 2813 3771 2895">
    <p class='ocr_par' dir='ltr' id='par_1_57' title="bbox 2120 2813 3771 2895">
     <span class='ocr_line' id='line_1_57' title="bbox 2120 2813 3771 2895; baseline 0.001 -27"><span class='ocrx_word' id='word_1_463' title='bbox 2120 2820 2244 2890; x_wconf 79' lang='grc' dir='ltr'>γοῦν</span> <span class='ocrx_word' id='word_1_464' title='bbox 2291 2813 2350 2869; x_wconf 76' lang='grc' dir='ltr'>ἐκ</span> <span class='ocrx_word' id='word_1_465' title='bbox 2406 2822 2498 2871; x_wconf 83' lang='grc' dir='ltr'>τοῦ</span> <span class='ocrx_word' id='word_1_466' title='bbox 2558 2814 2782 2892; x_wconf 66' lang='grc' dir='ltr'><strong>ἀγαθοῦ³</strong></span> <span class='ocrx_word' id='word_1_467' title='bbox 2830 2814 2866 2881; x_wconf 73' lang='grc' dir='ltr'>ἥ</span> <span class='ocrx_word' id='word_1_468' title='bbox 2924 2815 3305 2895; x_wconf 65' lang='grc' dir='ltr'><strong>ἀντιστρόφως,</strong></span> <span class='ocrx_word' id='word_1_469' title='bbox 3382 2816 3500 2871; x_wconf 55' lang='grc' dir='ltr'>ἐπεὶ</span> <span class='ocrx_word' id='word_1_470' title='bbox 3575 2819 3672 2870; x_wconf 76' lang='grc' dir='ltr'><strong>κ]ιῖ</strong></span> <span class='ocrx_word' id='word_1_471' title='bbox 3711 2817 3771 2870; x_wconf 69' lang='grc' dir='ltr'><strong>τὸ</strong></span> 
     </span>
    </p>
   </div>
   <div class='ocr_carea' id='block_1_58' title="bbox 2120 2903 3770 2983">
    <p class='ocr_par' dir='ltr' id='par_1_58' title="bbox 2120 2903 3770 2983">
     <span class='ocr_line' id='line_1_58' title="bbox 2120 2903 3770 2983; baseline 0.001 -25"><span class='ocrx_word' id='word_1_472' title='bbox 2120 2903 2314 2981; x_wconf 76' lang='grc' dir='ltr'>ἀγαθὸν</span> <span class='ocrx_word' id='word_1_473' title='bbox 2362 2910 2523 2960; x_wconf 75' lang='grc' dir='ltr'>ταῦτα</span> <span class='ocrx_word' id='word_1_474' title='bbox 2582 2904 2722 2983; x_wconf 62' lang='grc' dir='ltr'>ἔχει,</span> <span class='ocrx_word' id='word_1_475' title='bbox 2784 2904 2928 2960; x_wconf 69' lang='grc' dir='ltr'>ἔσται</span> <span class='ocrx_word' id='word_1_476' title='bbox 2986 2912 3149 2961; x_wconf 60' lang='grc' dir='ltr'>ταῦτα</span> <span class='ocrx_word' id='word_1_477' title='bbox 3191 2912 3267 2976; x_wconf 78' lang='grc' dir='ltr'>τῷ</span> <span class='ocrx_word' id='word_1_478' title='bbox 3325 2906 3505 2982; x_wconf 58' lang='grc' dir='ltr'>ἀκριθῷ</span> <span class='ocrx_word' id='word_1_479' title='bbox 3567 2904 3624 2959; x_wconf 75' lang='grc' dir='ltr'>ἐκ</span> <span class='ocrx_word' id='word_1_480' title='bbox 3677 2927 3770 2960; x_wconf 70' lang='grc' dir='ltr'>του</span> 
     </span>
    </p>
   </div>
   <div class='ocr_carea' id='block_1_59' title="bbox 2120 2992 3770 3071">
    <p class='ocr_par' dir='ltr' id='par_1_59' title="bbox 2120 2992 3770 3071">
     <span class='ocr_line' id='line_1_59' title="bbox 2120 2992 3770 3071; baseline 0 -22"><span class='ocrx_word' id='word_1_481' title='bbox 2120 3002 2325 3066; x_wconf 61' lang='lat' dir='ltr'><strong>suum};</strong></span> <span class='ocrx_word' id='word_1_482' title='bbox 2392 2992 2526 3051; x_wconf 81' lang='grc' dir='ltr'>ἀλλὰ</span> <span class='ocrx_word' id='word_1_483' title='bbox 2583 2997 2691 3066; x_wconf 81' lang='grc' dir='ltr'>μὴν</span> <span class='ocrx_word' id='word_1_484' title='bbox 2750 3001 2902 3051; x_wconf 77' lang='grc' dir='ltr'>τοῦτο</span> <span class='ocrx_word' id='word_1_485' title='bbox 2948 2995 3043 3050; x_wconf 69' lang='grc' dir='ltr'><strong>οὒκ</strong></span> <span class='ocrx_word' id='word_1_486' title='bbox 3101 2996 3284 3071; x_wconf 69' lang='grc' dir='ltr'>εὒπιγὲς</span> <span class='ocrx_word' id='word_1_487' title='bbox 3328 2996 3389 3050; x_wconf 79' lang='grc' dir='ltr'>τὸ</span> <span class='ocrx_word' id='word_1_488' title='bbox 3445 2997 3770 3049; x_wconf 69' lang='grc' dir='ltr'>τελειοῦπῢιι</span> 
     </span>
    </p>
   </div>
   <div class='ocr_carea' id='block_1_60' title="bbox 388 3074 2036 3162">
    <p class='ocr_par' dir='ltr' id='par_1_60' title="bbox 388 3074 2036 3149">
     <span class='ocr_line' id='line_1_60' title="bbox 388 3074 2036 3149; baseline -0.006 -4"><span class='ocrx_word' id='word_1_489' title='bbox 388 3099 583 3145; x_wconf 63' lang='lat' dir='ltr'><strong>causa;</strong></span> <span class='ocrx_word' id='word_1_490' title='bbox 599 3080 848 3143; x_wconf 85' lang='lat' dir='ltr'><strong>virtutes</strong></span> <span class='ocrx_word' id='word_1_491' title='bbox 869 3086 1006 3139; x_wconf 89' lang='lat' dir='ltr'><strong>sunt</strong></span> <span class='ocrx_word' id='word_1_492' title='bbox 1027 3074 1510 3149; x_wconf 58' lang='lat' dir='ltr'><strong>beneﬁcaﬂuod</strong></span> <span class='ocrx_word' id='word_1_493' title='bbox 1531 3075 1583 3137; x_wconf 90' lang='lat' dir='ltr'><strong>si</strong></span> <span class='ocrx_word' id='word_1_494' title='bbox 1607 3074 1827 3137; x_wconf 88' lang='lat' dir='ltr'><strong>malum</strong></span> <span class='ocrx_word' id='word_1_495' title='bbox 1859 3082 2036 3137; x_wconf 65' lang='lat' dir='ltr'><strong>aeter-</strong></span> 
     </span>
    </p>
   </div>
   <div class='ocr_carea' id='block_1_61' title="bbox 2122 3074 3769 3162">
    <p class='ocr_par' dir='ltr' id='par_1_61' title="bbox 2124 3082 3769 3162">
     <span class='ocr_line' id='line_1_61' title="bbox 2124 3082 3769 3162; baseline -0.001 -24"><span class='ocrx_word' id='word_1_496' title='bbox 2124 3083 2184 3139; x_wconf 80' lang='grc' dir='ltr'><strong>τὸ</strong></span> <span class='ocrx_word' id='word_1_497' title='bbox 2214 3082 2408 3160; x_wconf 74' lang='grc' dir='ltr'>ἀγαθὸν</span> <span class='ocrx_word' id='word_1_498' title='bbox 2437 3085 2499 3139; x_wconf 69' lang='grc' dir='ltr'>ὲκ</span> <span class='ocrx_word' id='word_1_499' title='bbox 2541 3091 2633 3140; x_wconf 80' lang='grc' dir='ltr'>τοῦ</span> <span class='ocrx_word' id='word_1_500' title='bbox 2674 3092 2863 3162; x_wconf 62' lang='lat' dir='ltr'><strong>mw},</strong></span> <span class='ocrx_word' id='word_1_501' title='bbox 2918 3083 3016 3160; x_wconf 69' lang='grc' dir='ltr'><strong>ἄρα</strong></span> <span class='ocrx_word' id='word_1_502' title='bbox 3053 3091 3178 3162; x_wconf 79' lang='grc' dir='ltr'>γοῦν</span> <span class='ocrx_word' id='word_1_503' title='bbox 3210 3082 3358 3140; x_wconf 69' lang='grc' dir='ltr'>ἔσται</span> <span class='ocrx_word' id='word_1_504' title='bbox 3416 3086 3475 3139; x_wconf 74' lang='grc' dir='ltr'><strong>τὸ</strong></span> <span class='ocrx_word' id='word_1_505' title='bbox 3532 3089 3769 3160; x_wconf 75' lang='grc' dir='ltr'>πρῶτον,</span> 
     </span>
    </p>
   </div>
   <div class='ocr_carea' id='block_1_62' title="bbox 391 3164 2036 3251">
    <p class='ocr_par' dir='ltr' id='par_1_62' title="bbox 391 3164 2036 3251">
     <span class='ocr_line' id='line_1_62' title="bbox 391 3164 2036 3251; baseline -0.005 -18"><span class='ocrx_word' id='word_1_506' title='bbox 391 3189 534 3233; x_wconf 90' lang='lat' dir='ltr'><strong>num</strong></span> <span class='ocrx_word' id='word_1_507' title='bbox 555 3177 668 3251; x_wconf 91' lang='lat' dir='ltr'><strong>est,</strong></span> <span class='ocrx_word' id='word_1_508' title='bbox 696 3176 754 3232; x_wconf 86' lang='lat' dir='ltr'><strong>et</strong></span> <span class='ocrx_word' id='word_1_509' title='bbox 784 3174 999 3250; x_wconf 89' lang='lat' dir='ltr'><strong>potest,</strong></span> <span class='ocrx_word' id='word_1_510' title='bbox 1034 3175 1091 3229; x_wconf 89' lang='lat' dir='ltr'><strong>et</strong></span> <span class='ocrx_word' id='word_1_511' title='bbox 1117 3166 1273 3244; x_wconf 87' lang='lat' dir='ltr'><strong>agit;</strong></span> <span class='ocrx_word' id='word_1_512' title='bbox 1302 3166 1462 3227; x_wconf 89' lang='lat' dir='ltr'><strong>unde</strong></span> <span class='ocrx_word' id='word_1_513' title='bbox 1494 3166 1549 3227; x_wconf 89' lang='lat' dir='ltr'><strong>ei</strong></span> <span class='ocrx_word' id='word_1_514' title='bbox 1576 3165 1703 3227; x_wconf 68' lang='lat' dir='ltr'><strong>haec</strong></span> <span class='ocrx_word' id='word_1_515' title='bbox 1732 3164 1757 3227; x_wconf 90' lang='lat'><strong>?</strong></span> <span class='ocrx_word' id='word_1_516' title='bbox 1789 3182 1931 3226; x_wconf 92' lang='lat' dir='ltr'><strong>num</strong></span> <span class='ocrx_word' id='word_1_517' title='bbox 1962 3181 2036 3225; x_wconf 81' lang='lat' dir='ltr'><strong>ex</strong></span> 
     </span>
    </p>
   </div>
   <div class='ocr_carea' id='block_1_63' title="bbox 391 3254 2036 3335">
    <p class='ocr_par' dir='ltr' id='par_1_63' title="bbox 391 3254 2036 3335">
     <span class='ocr_line' id='line_1_63' title="bbox 391 3254 2036 3335; baseline -0.003 -13"><span class='ocrx_word' id='word_1_518' title='bbox 391 3259 601 3323; x_wconf 83' lang='lat' dir='ltr'><strong>bono?</strong></span> <span class='ocrx_word' id='word_1_519' title='bbox 646 3279 723 3321; x_wconf 83' lang='lat' dir='ltr'><strong>an</strong></span> <span class='ocrx_word' id='word_1_520' title='bbox 753 3278 786 3322; x_wconf 92' lang='lat' dir='ltr'><strong>e</strong></span> <span class='ocrx_word' id='word_1_521' title='bbox 819 3258 1075 3335; x_wconf 89' lang='lat' dir='ltr'><strong>diverso,</strong></span> <span class='ocrx_word' id='word_1_522' title='bbox 1108 3274 1245 3319; x_wconf 90' lang='lat' dir='ltr'><strong>cum</strong></span> <span class='ocrx_word' id='word_1_523' title='bbox 1277 3264 1337 3318; x_wconf 89' lang='lat' dir='ltr'><strong>et</strong></span> <span class='ocrx_word' id='word_1_524' title='bbox 1384 3254 1609 3319; x_wconf 89' lang='lat' dir='ltr'><strong>bonum</strong></span> <span class='ocrx_word' id='word_1_525' title='bbox 1639 3255 1763 3317; x_wconf 68' lang='lat' dir='ltr'><strong>haec</strong></span> <span class='ocrx_word' id='word_1_526' title='bbox 1797 3254 2036 3334; x_wconf 87' lang='lat' dir='ltr'><strong>habeat,</strong></span> 
     </span>
    </p>
   </div>
   <div class='ocr_carea' id='block_1_64' title="bbox 388 3344 2039 3426">
    <p class='ocr_par' dir='ltr' id='par_1_64' title="bbox 388 3344 2039 3426">
     <span class='ocr_line' id='line_1_64' title="bbox 388 3344 2039 3426; baseline -0.005 -12"><span class='ocrx_word' id='word_1_527' title='bbox 388 3357 564 3414; x_wconf 86' lang='lat' dir='ltr'><strong>erunt</strong></span> <span class='ocrx_word' id='word_1_528' title='bbox 612 3350 739 3413; x_wconf 66' lang='lat' dir='ltr'><strong>haec</strong></span> <span class='ocrx_word' id='word_1_529' title='bbox 771 3348 928 3411; x_wconf 89' lang='lat' dir='ltr'><strong>bona</strong></span> <span class='ocrx_word' id='word_1_530' title='bbox 975 3366 1044 3410; x_wconf 84' lang='lat' dir='ltr'><strong>ex</strong></span> <span class='ocrx_word' id='word_1_531' title='bbox 1079 3344 1281 3409; x_wconf 82' lang='lat' dir='ltr'><strong>malo?</strong></span> <span class='ocrx_word' id='word_1_532' title='bbox 1329 3364 1539 3409; x_wconf 88' lang='lat' dir='ltr'><strong>verum</strong></span> <span class='ocrx_word' id='word_1_533' title='bbox 1585 3346 2039 3426; x_wconf 84' lang='lat' dir='ltr'><strong>haudquaquam</strong></span> 
     </span>
    </p>
   </div>
   <div class='ocr_carea' id='block_1_65' title="bbox 389 3433 2039 3517">
    <p class='ocr_par' dir='ltr' id='par_1_65' title="bbox 389 3433 2039 3517">
     <span class='ocr_line' id='line_1_65' title="bbox 389 3433 2039 3517; baseline -0.005 -15"><span class='ocrx_word' id='word_1_534' title='bbox 389 3440 582 3515; x_wconf 89' lang='lat' dir='ltr'><strong>decet,</strong></span> <span class='ocrx_word' id='word_1_535' title='bbox 607 3448 669 3501; x_wconf 91' lang='lat' dir='ltr'><strong>ut</strong></span> <span class='ocrx_word' id='word_1_536' title='bbox 684 3438 906 3502; x_wconf 89' lang='lat' dir='ltr'><strong>bonum</strong></span> <span class='ocrx_word' id='word_1_537' title='bbox 934 3456 1006 3500; x_wconf 84' lang='lat' dir='ltr'><strong>ex</strong></span> <span class='ocrx_word' id='word_1_538' title='bbox 1032 3437 1184 3500; x_wconf 89' lang='lat' dir='ltr'><strong>malo</strong></span> <span class='ocrx_word' id='word_1_539' title='bbox 1217 3436 1581 3517; x_wconf 87' lang='lat' dir='ltr'><strong>perﬁciatur,</strong></span> <span class='ocrx_word' id='word_1_540' title='bbox 1610 3454 1751 3514; x_wconf 83' lang='lat' dir='ltr'><strong>ergo</strong></span> <span class='ocrx_word' id='word_1_541' title='bbox 1778 3433 1892 3496; x_wconf 90' lang='lat' dir='ltr'><strong>erit</strong></span> <span class='ocrx_word' id='word_1_542' title='bbox 1918 3433 2039 3515; x_wconf 84' lang='lat' dir='ltr'><strong>pri-</strong></span> 
     </span>
    </p>
   </div>
   <div class='ocr_carea' id='block_1_66' title="bbox 389 3524 2038 3599">
    <p class='ocr_par' dir='ltr' id='par_1_66' title="bbox 389 3524 2038 3599">
     <span class='ocr_line' id='line_1_66' title="bbox 389 3524 2038 3599; baseline -0.004 -7"><span class='ocrx_word' id='word_1_543' title='bbox 389 3548 577 3593; x_wconf 90' lang='lat' dir='ltr'><strong>mum.</strong></span> <span class='ocrx_word' id='word_1_544' title='bbox 613 3528 833 3592; x_wconf 82' lang='lat' dir='ltr'><strong>Verum</strong></span> <span class='ocrx_word' id='word_1_545' title='bbox 866 3546 939 3590; x_wconf 83' lang='lat' dir='ltr'><strong>ex</strong></span> <span class='ocrx_word' id='word_1_546' title='bbox 970 3528 1125 3589; x_wconf 90' lang='lat' dir='ltr'><strong>bono</strong></span> <span class='ocrx_word' id='word_1_547' title='bbox 1180 3527 1333 3588; x_wconf 79' lang='lat' dir='ltr'><strong>bona</strong></span> <span class='ocrx_word' id='word_1_548' title='bbox 1367 3526 1524 3599; x_wconf 86' lang='lat' dir='ltr'><strong>data,</strong></span> <span class='ocrx_word' id='word_1_549' title='bbox 1563 3524 1785 3587; x_wconf 88' lang='lat' dir='ltr'><strong>malum</strong></span> <span class='ocrx_word' id='word_1_550' title='bbox 1816 3524 2038 3586; x_wconf 90' lang='lat' dir='ltr'><strong>bonum</strong></span> 
     </span>
    </p>
   </div>
   <div class='ocr_carea' id='block_1_67' title="bbox 385 3613 2040 3700">
    <p class='ocr_par' dir='ltr' id='par_1_67' title="bbox 385 3613 2040 3700">
     <span class='ocr_line' id='line_1_67' title="bbox 385 3613 2040 3700; baseline -0.004 -19"><span class='ocrx_word' id='word_1_551' title='bbox 385 3617 1043 3700; x_wconf 85' lang='lat' dir='ltr'><strong>redderent,quomodo</strong></span> <span class='ocrx_word' id='word_1_552' title='bbox 1066 3636 1206 3696; x_wconf 85' lang='lat' dir='ltr'><strong>ergo</strong></span> <span class='ocrx_word' id='word_1_553' title='bbox 1228 3616 1635 3679; x_wconf 85' lang='lat' dir='ltr'><strong>manetadhuc</strong></span> <span class='ocrx_word' id='word_1_554' title='bbox 1656 3614 1909 3678; x_wconf 82' lang='lat' dir='ltr'><strong>malu&#39;n?</strong></span> <span class='ocrx_word' id='word_1_555' title='bbox 1931 3613 2040 3677; x_wconf 91' lang='lat' dir='ltr'><strong>Vel</strong></span> 
     </span>
    </p>
   </div>
   <div class='ocr_carea' id='block_1_68' title="bbox 390 3704 2035 3784">
    <p class='ocr_par' dir='ltr' id='par_1_68' title="bbox 390 3704 2035 3784">
     <span class='ocr_line' id='line_1_68' title="bbox 390 3704 2035 3784; baseline -0.004 -13"><span class='ocrx_word' id='word_1_556' title='bbox 390 3716 551 3771; x_wconf 88' lang='lat' dir='ltr'><strong>certe</strong></span> <span class='ocrx_word' id='word_1_557' title='bbox 589 3729 606 3783; x_wconf 88' lang='lat'><strong>;</strong></span> <span class='ocrx_word' id='word_1_558' title='bbox 638 3727 757 3769; x_wconf 90' lang='lat' dir='ltr'><strong>non</strong></span> <span class='ocrx_word' id='word_1_559' title='bbox 788 3708 877 3770; x_wconf 91' lang='lat' dir='ltr'><strong>sic</strong></span> <span class='ocrx_word' id='word_1_560' title='bbox 906 3725 971 3769; x_wconf 89' lang='lat' dir='ltr'><strong>se</strong></span> <span class='ocrx_word' id='word_1_561' title='bbox 1001 3726 1099 3768; x_wconf 89' lang='lat' dir='ltr'><strong>res</strong></span> <span class='ocrx_word' id='word_1_562' title='bbox 1143 3706 1347 3779; x_wconf 88' lang='lat' dir='ltr'><strong>habet,</strong></span> <span class='ocrx_word' id='word_1_563' title='bbox 1379 3706 1482 3768; x_wconf 91' lang='lat' dir='ltr'><strong>sed</strong></span> <span class='ocrx_word' id='word_1_564' title='bbox 1516 3705 1753 3783; x_wconf 88' lang='lat' dir='ltr'><strong>utrique</strong></span> <span class='ocrx_word' id='word_1_565' title='bbox 1798 3704 2035 3784; x_wconf 90' lang='lat' dir='ltr'><strong>horum,</strong></span> 
     </span>
    </p>
   </div>
   <div class='ocr_carea' id='block_1_69' title="bbox 389 3794 2036 3879">
    <p class='ocr_par' dir='ltr' id='par_1_69' title="bbox 389 3794 2036 3879">
     <span class='ocr_line' id='line_1_69' title="bbox 389 3794 2036 3879; baseline -0.004 -18"><span class='ocrx_word' id='word_1_566' title='bbox 389 3808 509 3861; x_wconf 89' lang='lat' dir='ltr'><strong>tam</strong></span> <span class='ocrx_word' id='word_1_567' title='bbox 555 3798 714 3860; x_wconf 91' lang='lat' dir='ltr'><strong>bono</strong></span> <span class='ocrx_word' id='word_1_568' title='bbox 744 3816 923 3879; x_wconf 80' lang='lat' dir='ltr'><strong>quam</strong></span> <span class='ocrx_word' id='word_1_569' title='bbox 978 3798 1156 3871; x_wconf 86' lang='lat' dir='ltr'><strong>malo,</strong></span> <span class='ocrx_word' id='word_1_570' title='bbox 1192 3798 1317 3858; x_wconf 68' lang='lat' dir='ltr'><strong>haec</strong></span> <span class='ocrx_word' id='word_1_571' title='bbox 1375 3813 1450 3859; x_wconf 85' lang='lat' dir='ltr'><strong>ex</strong></span> <span class='ocrx_word' id='word_1_572' title='bbox 1480 3795 1595 3857; x_wconf 89' lang='lat' dir='ltr'><strong>alia</strong></span> <span class='ocrx_word' id='word_1_573' title='bbox 1629 3812 1805 3856; x_wconf 88' lang='lat' dir='ltr'><strong>causa</strong></span> <span class='ocrx_word' id='word_1_574' title='bbox 1833 3794 2036 3857; x_wconf 89' lang='lat' dir='ltr'><strong>obtin-</strong></span> 
     </span>
    </p>
   </div>
   <div class='ocr_carea' id='block_1_70' title="bbox 388 3883 2038 3968">
    <p class='ocr_par' dir='ltr' id='par_1_70' title="bbox 388 3883 2038 3968">
     <span class='ocr_line' id='line_1_70' title="bbox 388 3883 2038 3968; baseline -0.003 -19"><span class='ocrx_word' id='word_1_575' title='bbox 388 3886 583 3968; x_wconf 84' lang='lat' dir='ltr'><strong>gunt?</strong></span> <span class='ocrx_word' id='word_1_576' title='bbox 633 3887 707 3949; x_wconf 87' lang='lat' dir='ltr'><strong>Et</strong></span> <span class='ocrx_word' id='word_1_577' title='bbox 735 3905 867 3967; x_wconf 62' lang='lat' dir='ltr'><strong>quae</strong></span> <span class='ocrx_word' id='word_1_578' title='bbox 906 3885 1145 3949; x_wconf 88' lang='lat' dir='ltr'><strong>tandem</strong></span> <span class='ocrx_word' id='word_1_579' title='bbox 1184 3886 1307 3947; x_wconf 73' lang='lat' dir='ltr'><strong>haec</strong></span> <span class='ocrx_word' id='word_1_580' title='bbox 1335 3884 1463 3948; x_wconf 84' lang='lat' dir='ltr'><strong>sit?</strong></span> <span class='ocrx_word' id='word_1_581' title='bbox 1513 3892 1572 3946; x_wconf 89' lang='lat' dir='ltr'><strong>et</strong></span> <span class='ocrx_word' id='word_1_582' title='bbox 1602 3883 1653 3944; x_wconf 92' lang='lat' dir='ltr'><strong>si</strong></span> <span class='ocrx_word' id='word_1_583' title='bbox 1701 3884 1796 3963; x_wconf 88' lang='lat' dir='ltr'><strong>sit,</strong></span> <span class='ocrx_word' id='word_1_584' title='bbox 1845 3883 2038 3964; x_wconf 88' lang='lat' dir='ltr'><strong>qualis</strong></span> 
     </span>
    </p>
   </div>
   <div class='ocr_carea' id='block_1_71' title="bbox 388 3973 2036 4054">
    <p class='ocr_par' dir='ltr' id='par_1_71' title="bbox 388 3973 2036 4054">
     <span class='ocr_line' id='line_1_71' title="bbox 388 3973 2036 4054; baseline -0.003 -14"><span class='ocrx_word' id='word_1_585' title='bbox 388 3976 531 4040; x_wconf 81' lang='lat' dir='ltr'><strong>est?</strong></span> <span class='ocrx_word' id='word_1_586' title='bbox 560 3981 631 4041; x_wconf 88' lang='lat' dir='ltr'><strong>Et</strong></span> <span class='ocrx_word' id='word_1_587' title='bbox 656 3977 892 4051; x_wconf 88' lang='lat' dir='ltr'><strong>iterum,</strong></span> <span class='ocrx_word' id='word_1_588' title='bbox 919 3975 1143 4037; x_wconf 83' lang='lat' dir='ltr'><strong>ibidem</strong></span> <span class='ocrx_word' id='word_1_589' title='bbox 1170 3975 1296 4038; x_wconf 79' lang='lat' dir='ltr'><strong>haec</strong></span> <span class='ocrx_word' id='word_1_590' title='bbox 1319 3975 1527 4037; x_wconf 87' lang='lat' dir='ltr'><strong>eadem</strong></span> <span class='ocrx_word' id='word_1_591' title='bbox 1560 3990 1691 4054; x_wconf 70' lang='lat' dir='ltr'><strong>qua:</strong></span> <span class='ocrx_word' id='word_1_592' title='bbox 1706 3973 1801 4034; x_wconf 87' lang='lat' dir='ltr'><strong>hic</strong></span> <span class='ocrx_word' id='word_1_593' title='bbox 1823 3973 2036 4035; x_wconf 89' lang='lat' dir='ltr'><strong>dicen-</strong></span> 
     </span>
    </p>
   </div>
   <div class='ocr_carea' id='block_1_72' title="bbox 387 4062 2036 4147">
    <p class='ocr_par' dir='ltr' id='par_1_72' title="bbox 387 4062 2036 4147">
     <span class='ocr_line' id='line_1_72' title="bbox 387 4062 2036 4147; baseline -0.003 -18"><span class='ocrx_word' id='word_1_594' title='bbox 387 4076 514 4130; x_wconf 87' lang='lat' dir='ltr'><strong>tur.</strong></span> <span class='ocrx_word' id='word_1_595' title='bbox 542 4069 675 4129; x_wconf 89' lang='lat' dir='ltr'><strong>Non</strong></span> <span class='ocrx_word' id='word_1_596' title='bbox 694 4068 892 4147; x_wconf 84' lang='lat' dir='ltr'><strong>itaque</strong></span> <span class='ocrx_word' id='word_1_597' title='bbox 913 4064 1132 4127; x_wconf 85' lang='lat' dir='ltr'><strong>malum</strong></span> <span class='ocrx_word' id='word_1_598' title='bbox 1152 4083 1259 4146; x_wconf 80' lang='lat' dir='ltr'><strong>per</strong></span> <span class='ocrx_word' id='word_1_599' title='bbox 1288 4083 1353 4127; x_wconf 89' lang='lat' dir='ltr'><strong>se</strong></span> <span class='ocrx_word' id='word_1_600' title='bbox 1371 4063 1625 4127; x_wconf 81' lang='lat' dir='ltr'><strong>exsistit.</strong></span> <span class='ocrx_word' id='word_1_601' title='bbox 1653 4065 1949 4125; x_wconf 78' lang='lat' dir='ltr'><strong>Caeterum</strong></span> <span class='ocrx_word' id='word_1_602' title='bbox 1975 4062 2036 4124; x_wconf 90' lang='lat' dir='ltr'><strong>id</strong></span> 
     </span>
    </p>
   </div>
   <div class='ocr_carea' id='block_1_73' title="bbox 392 4152 2035 4239">
    <p class='ocr_par' dir='ltr' id='par_1_73' title="bbox 392 4152 2035 4239">
     <span class='ocr_line' id='line_1_73' title="bbox 392 4152 2035 4239; baseline -0.004 -19"><span class='ocrx_word' id='word_1_603' title='bbox 392 4157 550 4239; x_wconf 89' lang='lat' dir='ltr'><strong>quod</strong></span> <span class='ocrx_word' id='word_1_604' title='bbox 579 4174 654 4220; x_wconf 85' lang='lat' dir='ltr'><strong>ex</strong></span> <span class='ocrx_word' id='word_1_605' title='bbox 684 4165 892 4219; x_wconf 85' lang='lat' dir='ltr'><strong>natura</strong></span> <span class='ocrx_word' id='word_1_606' title='bbox 921 4156 1213 4237; x_wconf 89' lang='lat' dir='ltr'><strong>sequitur,</strong></span> <span class='ocrx_word' id='word_1_607' title='bbox 1245 4154 1560 4217; x_wconf 83' lang='lat' dir='ltr'><strong>deﬁnitum</strong></span> <span class='ocrx_word' id='word_1_608' title='bbox 1593 4160 1685 4215; x_wconf 91' lang='lat' dir='ltr'><strong>est</strong></span> <span class='ocrx_word' id='word_1_609' title='bbox 1714 4174 1730 4226; x_wconf 93' lang='lat'><strong>;</strong></span> <span class='ocrx_word' id='word_1_610' title='bbox 1767 4152 2035 4216; x_wconf 89' lang='lat' dir='ltr'><strong>deﬁnitio</strong></span> 
     </span>
    </p>
   </div>
   <div class='ocr_carea' id='block_1_74' title="bbox 394 4242 2036 4325">
    <p class='ocr_par' dir='ltr' id='par_1_74' title="bbox 394 4242 2036 4325">
     <span class='ocr_line' id='line_1_74' title="bbox 394 4242 2036 4325; baseline -0.004 -14"><span class='ocrx_word' id='word_1_611' title='bbox 394 4257 488 4311; x_wconf 91' lang='lat' dir='ltr'><strong>est</strong></span> <span class='ocrx_word' id='word_1_612' title='bbox 514 4247 666 4310; x_wconf 88' lang='lat' dir='ltr'><strong>ratio</strong></span> <span class='ocrx_word' id='word_1_613' title='bbox 696 4246 986 4310; x_wconf 81' lang='lat' dir='ltr'><strong>essentias</strong></span> <span class='ocrx_word' id='word_1_614' title='bbox 1015 4263 1216 4308; x_wconf 88' lang='lat' dir='ltr'><strong>rerum</strong></span> <span class='ocrx_word' id='word_1_615' title='bbox 1242 4244 1572 4325; x_wconf 84' lang='lat' dir='ltr'><strong>explicans,</strong></span> <span class='ocrx_word' id='word_1_616' title='bbox 1607 4251 1665 4305; x_wconf 91' lang='lat' dir='ltr'><strong>et</strong></span> <span class='ocrx_word' id='word_1_617' title='bbox 1706 4242 1864 4324; x_wconf 89' lang='lat' dir='ltr'><strong>quod</strong></span> <span class='ocrx_word' id='word_1_618' title='bbox 1892 4242 2036 4324; x_wconf 89' lang='lat' dir='ltr'><strong>quid</strong></span> 
     </span>
    </p>
   </div>
   <div class='ocr_carea' id='block_1_75' title="bbox 394 4333 2036 4416">
    <p class='ocr_par' dir='ltr' id='par_1_75' title="bbox 394 4333 2036 4416">
     <span class='ocr_line' id='line_1_75' title="bbox 394 4333 2036 4416; baseline -0.004 -16"><span class='ocrx_word' id='word_1_619' title='bbox 394 4339 472 4400; x_wconf 88' lang='lat' dir='ltr'><strong>sit</strong></span> <span class='ocrx_word' id='word_1_620' title='bbox 490 4337 822 4402; x_wconf 86' lang='lat' dir='ltr'><strong>declarans.</strong></span> <span class='ocrx_word' id='word_1_621' title='bbox 845 4334 1038 4400; x_wconf 89' lang='lat' dir='ltr'><strong>Omne</strong></span> <span class='ocrx_word' id='word_1_622' title='bbox 1067 4334 1248 4415; x_wconf 83' lang='lat' dir='ltr'><strong>igitur</strong></span> <span class='ocrx_word' id='word_1_623' title='bbox 1275 4333 1433 4416; x_wconf 88' lang='lat' dir='ltr'><strong>quod</strong></span> <span class='ocrx_word' id='word_1_624' title='bbox 1457 4342 1547 4396; x_wconf 90' lang='lat' dir='ltr'><strong>est</strong></span> <span class='ocrx_word' id='word_1_625' title='bbox 1573 4333 1904 4395; x_wconf 91' lang='lat' dir='ltr'><strong>secundum</strong></span> <span class='ocrx_word' id='word_1_626' title='bbox 1937 4351 2036 4395; x_wconf 86' lang='lat' dir='ltr'><strong>na-</strong></span> 
     </span>
    </p>
   </div>
   <div class='ocr_carea' id='block_1_76' title="bbox 2124 3169 3777 3253">
    <p class='ocr_par' dir='ltr' id='par_1_76' title="bbox 2124 3169 3777 3253">
     <span class='ocr_line' id='line_1_76' title="bbox 2124 3169 3777 3253; baseline -0.001 -24"><span class='ocrx_word' id='word_1_627' title='bbox 2124 3169 2291 3229; x_wconf 79' lang='grc' dir='ltr'>³Αλλὰ</span> <span class='ocrx_word' id='word_1_628' title='bbox 2320 3173 2427 3247; x_wconf 79' lang='grc' dir='ltr'>μὴν</span> <span class='ocrx_word' id='word_1_629' title='bbox 2473 3172 2538 3228; x_wconf 74' lang='grc' dir='ltr'><strong>τὰ</strong></span> <span class='ocrx_word' id='word_1_630' title='bbox 2568 3176 2627 3228; x_wconf 80' lang='grc' dir='ltr'>ἐκ</span> <span class='ocrx_word' id='word_1_631' title='bbox 2659 3175 2750 3229; x_wconf 71' lang='grc' dir='ltr'>τοῦ</span> <span class='ocrx_word' id='word_1_632' title='bbox 2790 3174 2988 3253; x_wconf 63' lang='grc' dir='ltr'>ἀγαθοῦ</span> <span class='ocrx_word' id='word_1_633' title='bbox 3019 3172 3263 3249; x_wconf 76' lang='grc' dir='ltr'>διδόμενα</span> <span class='ocrx_word' id='word_1_634' title='bbox 3325 3174 3493 3251; x_wconf 70' lang='grc' dir='ltr'>ἀγαθὲ</span> <span class='ocrx_word' id='word_1_635' title='bbox 3552 3172 3777 3247; x_wconf 77' lang='grc' dir='ltr'>ἔμελλον</span> 
     </span>
    </p>
   </div>
   <div class='ocr_carea' id='block_1_77' title="bbox 2123 3261 2883 3340">
    <p class='ocr_par' dir='ltr' id='par_1_77' title="bbox 2123 3261 2883 3340">
     <span class='ocr_line' id='line_1_77' title="bbox 2123 3261 2883 3340; baseline 0.001 -23"><span class='ocrx_word' id='word_1_636' title='bbox 2123 3261 2509 3340; x_wconf 68' lang='grc' dir='ltr'>ἀγαθοποιῆσαι</span> <span class='ocrx_word' id='word_1_637' title='bbox 2540 3263 2600 3319; x_wconf 86' lang='grc' dir='ltr'><strong>τό</strong></span> <span class='ocrx_word' id='word_1_638' title='bbox 2654 3265 2818 3320; x_wconf 79' lang='grc' dir='ltr'>κακόν</span> <span class='ocrx_word' id='word_1_639' title='bbox 2867 3281 2883 3298; x_wconf 80' lang='grc'><strong><em>⁸</em></strong></span> 
     </span>
    </p>
   </div>
   <div class='ocr_carea' id='block_1_78' title="bbox 2122 3350 3780 3433">
    <p class='ocr_par' dir='ltr' id='par_1_78' title="bbox 2122 3350 3780 3433">
     <span class='ocr_line' id='line_1_78' title="bbox 2122 3350 3780 3433; baseline 0.001 -28"><span class='ocrx_word' id='word_1_640' title='bbox 2122 3352 2288 3407; x_wconf 75' lang='grc' dir='ltr'>κακόν</span> <span class='ocrx_word' id='word_1_641' title='bbox 2323 3371 2338 3431; x_wconf 70' lang='grc' dir='ltr'>ς</span> <span class='ocrx_word' id='word_1_642' title='bbox 2375 3350 2458 3409; x_wconf 85' lang='grc' dir='ltr'><strong>’Ἥ</strong></span> <span class='ocrx_word' id='word_1_643' title='bbox 2501 3354 2627 3431; x_wconf 76' lang='grc' dir='ltr'>γοῦν</span> <span class='ocrx_word' id='word_1_644' title='bbox 2656 3357 2761 3433; x_wconf 67' lang='grc' dir='ltr'><strong>οὔχ</strong></span> <span class='ocrx_word' id='word_1_645' title='bbox 2804 3353 2992 3428; x_wconf 72' lang='grc' dir='ltr'>οὕτως,</span> <span class='ocrx_word' id='word_1_646' title='bbox 3045 3352 3164 3409; x_wconf 78' lang='grc' dir='ltr'>ἀλλ’</span> <span class='ocrx_word' id='word_1_647' title='bbox 3199 3354 3401 3432; x_wconf 73' lang='grc' dir='ltr'>ἀμφοῖν</span> <span class='ocrx_word' id='word_1_648' title='bbox 3453 3354 3656 3409; x_wconf 83' lang='grc' dir='ltr'>τούτοιν</span> <span class='ocrx_word' id='word_1_649' title='bbox 3690 3352 3780 3407; x_wconf 81' lang='grc' dir='ltr'><strong>καὶ</strong></span> 
     </span>
    </p>
   </div>
   <div class='ocr_carea' id='block_1_79' title="bbox 2125 3441 3779 3521">
    <p class='ocr_par' dir='ltr' id='par_1_79' title="bbox 2125 3441 3779 3521">
     <span class='ocr_line' id='line_1_79' title="bbox 2125 3441 3779 3521; baseline -0.001 -24"><span class='ocrx_word' id='word_1_650' title='bbox 2125 3464 2201 3516; x_wconf 86' lang='grc' dir='ltr'>τῳ</span> <span class='ocrx_word' id='word_1_651' title='bbox 2264 3441 2445 3521; x_wconf 63' lang='grc' dir='ltr'>ἀγαθῷ</span> <span class='ocrx_word' id='word_1_652' title='bbox 2502 3443 2589 3498; x_wconf 78' lang='grc' dir='ltr'><strong>καὶ</strong></span> <span class='ocrx_word' id='word_1_653' title='bbox 2618 3448 2694 3517; x_wconf 79' lang='grc' dir='ltr'>τῷ</span> <span class='ocrx_word' id='word_1_654' title='bbox 2764 3449 2914 3517; x_wconf 76' lang='grc' dir='ltr'>κακῷ</span> <span class='ocrx_word' id='word_1_655' title='bbox 2946 3451 3111 3501; x_wconf 74' lang='grc' dir='ltr'>ταῦτα</span> <span class='ocrx_word' id='word_1_656' title='bbox 3159 3442 3211 3508; x_wconf 77' lang='grc' dir='ltr'>ἐξ</span> <span class='ocrx_word' id='word_1_657' title='bbox 3255 3442 3426 3509; x_wconf 75' lang='grc' dir='ltr'>ἄλλης</span> <span class='ocrx_word' id='word_1_658' title='bbox 3453 3444 3643 3506; x_wconf 55' lang='lat' dir='ltr'><strong>xix-uc.</strong></span> <span class='ocrx_word' id='word_1_659' title='bbox 3681 3443 3779 3499; x_wconf 74' lang='lat' dir='ltr'><strong>Kal</strong></span> 
     </span>
    </p>
   </div>
   <div class='ocr_carea' id='block_1_80' title="bbox 2123 3529 3779 3607">
    <p class='ocr_par' dir='ltr' id='par_1_80' title="bbox 2123 3529 3779 3607">
     <span class='ocr_line' id='line_1_80' title="bbox 2123 3529 3779 3607; baseline 0.001 -21"><span class='ocrx_word' id='word_1_660' title='bbox 2123 3532 2201 3595; x_wconf 83' lang='grc' dir='ltr'><strong>τίς</strong></span> <span class='ocrx_word' id='word_1_661' title='bbox 2254 3533 2376 3588; x_wconf 87' lang='grc' dir='ltr'>ποτ’</span> <span class='ocrx_word' id='word_1_662' title='bbox 2430 3529 2491 3586; x_wconf 75' lang='grc' dir='ltr'><strong>ἄν</strong></span> <span class='ocrx_word' id='word_1_663' title='bbox 2534 3532 2625 3600; x_wconf 79' lang='grc' dir='ltr'><strong>εἴη</strong></span> <span class='ocrx_word' id='word_1_664' title='bbox 2670 3530 2851 3602; x_wconf 72' lang='grc' dir='ltr'>αὕτης</span> <span class='ocrx_word' id='word_1_665' title='bbox 2898 3535 2984 3590; x_wconf 70' lang='grc' dir='ltr'><strong>καὶ</strong></span> <span class='ocrx_word' id='word_1_666' title='bbox 3044 3535 3087 3590; x_wconf 75' lang='grc' dir='ltr'><strong>εἰ</strong></span> <span class='ocrx_word' id='word_1_667' title='bbox 3144 3532 3279 3607; x_wconf 66' lang='grc' dir='ltr'>ἔστι,</span> <span class='ocrx_word' id='word_1_668' title='bbox 3350 3534 3565 3602; x_wconf 73' lang='grc' dir='ltr'>ποταπή</span> <span class='ocrx_word' id='word_1_669' title='bbox 3612 3531 3779 3604; x_wconf 63' lang='lat' dir='ltr'><strong>Ean;</strong></span> 
     </span>
    </p>
   </div>
   <div class='ocr_carea' id='block_1_81' title="bbox 2124 3617 3779 3702">
    <p class='ocr_par' dir='ltr' id='par_1_81' title="bbox 2124 3617 3779 3702">
     <span class='ocr_line' id='line_1_81' title="bbox 2124 3617 3779 3702; baseline -0.004 -21"><span class='ocrx_word' id='word_1_670' title='bbox 2124 3617 2226 3681; x_wconf 79' lang='grc' dir='ltr'>Καὶ</span> <span class='ocrx_word' id='word_1_671' title='bbox 2284 3621 2447 3682; x_wconf 71' lang='grc' dir='ltr'>πάλιν</span> <span class='ocrx_word' id='word_1_672' title='bbox 2496 3622 2678 3680; x_wconf 75' lang='grc' dir='ltr'>ἐκεῖσε</span> <span class='ocrx_word' id='word_1_673' title='bbox 2728 3630 2892 3680; x_wconf 70' lang='grc' dir='ltr'>ταῦτα</span> <span class='ocrx_word' id='word_1_674' title='bbox 2937 3622 3070 3702; x_wconf 76' lang='grc' dir='ltr'>ἅπερ</span> <span class='ocrx_word' id='word_1_675' title='bbox 3129 3625 3214 3680; x_wconf 71' lang='grc' dir='ltr'>καὶ</span> <span class='ocrx_word' id='word_1_676' title='bbox 3259 3625 3476 3679; x_wconf 66' lang='grc' dir='ltr'>ἐνταῦθα</span> <span class='ocrx_word' id='word_1_677' title='bbox 3509 3621 3779 3700; x_wconf 69' lang='grc' dir='ltr'><strong>ῥηθήσον-</strong></span> 
     </span>
    </p>
   </div>
   <div class='ocr_carea' id='block_1_82' title="bbox 2120 3710 3777 3791">
    <p class='ocr_par' dir='ltr' id='par_1_82' title="bbox 2120 3710 3777 3791">
     <span class='ocr_line' id='line_1_82' title="bbox 2120 3710 3777 3791; baseline -0.001 -24"><span class='ocrx_word' id='word_1_678' title='bbox 2120 3732 2229 3771; x_wconf 74' lang='grc' dir='ltr'>ται.</span> <span class='ocrx_word' id='word_1_679' title='bbox 2284 3711 2393 3768; x_wconf 62' lang='grc' dir='ltr'>Οὔκ</span> <span class='ocrx_word' id='word_1_680' title='bbox 2448 3711 2547 3779; x_wconf 65' lang='grc' dir='ltr'><strong>ἄρα</strong></span> <span class='ocrx_word' id='word_1_681' title='bbox 2604 3714 2665 3770; x_wconf 83' lang='grc' dir='ltr'>τὸ</span> <span class='ocrx_word' id='word_1_682' title='bbox 2730 3714 2895 3769; x_wconf 67' lang='grc' dir='ltr'>κακόν</span> <span class='ocrx_word' id='word_1_683' title='bbox 2958 3712 3344 3791; x_wconf 69' lang='grc' dir='ltr'>αὖθύπιρκτον,</span> <span class='ocrx_word' id='word_1_684' title='bbox 3398 3710 3556 3785; x_wconf 73' lang='lat' dir='ltr'><strong>&quot;En,</strong></span> <span class='ocrx_word' id='word_1_685' title='bbox 3589 3711 3777 3767; x_wconf 74' lang='grc' dir='ltr'>ἕπεται</span> 
     </span>
    </p>
   </div>
   <div class='ocr_carea' id='block_1_83' title="bbox 2120 3801 3779 3881">
    <p class='ocr_par' dir='ltr' id='par_1_83' title="bbox 2120 3801 3779 3881">
     <span class='ocr_line' id='line_1_83' title="bbox 2120 3801 3779 3881; baseline 0.001 -25"><span class='ocrx_word' id='word_1_686' title='bbox 2120 3805 2198 3873; x_wconf 84' lang='grc' dir='ltr'>τῷ</span> <span class='ocrx_word' id='word_1_687' title='bbox 2253 3801 2387 3857; x_wconf 84' lang='grc' dir='ltr'>κατά</span> <span class='ocrx_word' id='word_1_688' title='bbox 2428 3802 2581 3881; x_wconf 74' lang='grc' dir='ltr'>φύσιν</span> <span class='ocrx_word' id='word_1_689' title='bbox 2628 3803 2689 3857; x_wconf 78' lang='grc' dir='ltr'>τό</span> <span class='ocrx_word' id='word_1_690' title='bbox 2749 3801 3064 3881; x_wconf 78' lang='grc' dir='ltr'>ὡρισμένον,</span> <span class='ocrx_word' id='word_1_691' title='bbox 3111 3801 3229 3881; x_wconf 78' lang='grc' dir='ltr'>ὅρος</span> <span class='ocrx_word' id='word_1_692' title='bbox 3284 3803 3383 3881; x_wconf 75' lang='grc' dir='ltr'><strong>γὰρ</strong></span> <span class='ocrx_word' id='word_1_693' title='bbox 3435 3804 3549 3857; x_wconf 72' lang='grc' dir='ltr'>ἒττι</span> <span class='ocrx_word' id='word_1_694' title='bbox 3610 3802 3696 3856; x_wconf 74' lang='grc' dir='ltr'><strong>καὶ</strong></span> <span class='ocrx_word' id='word_1_695' title='bbox 3752 3801 3779 3857; x_wconf 82' lang='grc' dir='ltr'>ὁ</span> 
     </span>
    </p>
   </div>
   <div class='ocr_carea' id='block_1_84' title="bbox 2118 3890 3776 3970">
    <p class='ocr_par' dir='ltr' id='par_1_84' title="bbox 2118 3890 3776 3970">
     <span class='ocr_line' id='line_1_84' title="bbox 2118 3890 3776 3970; baseline -0.001 -24"><span class='ocrx_word' id='word_1_696' title='bbox 2118 3891 2491 3968; x_wconf 76' lang='grc' dir='ltr'>ἐρμηνευτικός</span> <span class='ocrx_word' id='word_1_697' title='bbox 2550 3890 2709 3969; x_wconf 80' lang='grc' dir='ltr'>λόγος</span> <span class='ocrx_word' id='word_1_698' title='bbox 2749 3897 2850 3959; x_wconf 75' lang='grc' dir='ltr'>τῆς</span> <span class='ocrx_word' id='word_1_699' title='bbox 2913 3894 3088 3955; x_wconf 70' lang='grc' dir='ltr'>οὗσίας</span> <span class='ocrx_word' id='word_1_700' title='bbox 3142 3893 3249 3949; x_wconf 77' lang='grc' dir='ltr'>τῶν</span> <span class='ocrx_word' id='word_1_701' title='bbox 3294 3890 3648 3970; x_wconf 64' lang='grc' dir='ltr'>πραγμάτων,</span> <span class='ocrx_word' id='word_1_702' title='bbox 3685 3891 3776 3946; x_wconf 68' lang='grc' dir='ltr'><strong>καὶ</strong></span> 
     </span>
    </p>
   </div>
   <div class='ocr_carea' id='block_1_85' title="bbox 2119 3978 3776 4063">
    <p class='ocr_par' dir='ltr' id='par_1_85' title="bbox 2119 3978 3776 4063">
     <span class='ocr_line' id='line_1_85' title="bbox 2119 3978 3776 4063; baseline 0.001 -29"><span class='ocrx_word' id='word_1_703' title='bbox 2119 3979 2177 4035; x_wconf 87' lang='grc' dir='ltr'><strong>τό</strong></span> <span class='ocrx_word' id='word_1_704' title='bbox 2208 3981 2257 4035; x_wconf 86' lang='grc' dir='ltr'><strong>τί</strong></span> <span class='ocrx_word' id='word_1_705' title='bbox 2294 3978 2357 4047; x_wconf 71' lang='grc' dir='ltr'><strong>ἦν</strong></span> <span class='ocrx_word' id='word_1_706' title='bbox 2417 3980 2560 4036; x_wconf 67' lang='grc' dir='ltr'>εἶναι</span> <span class='ocrx_word' id='word_1_707' title='bbox 2619 3980 2818 4063; x_wconf 73' lang='grc' dir='ltr'>δηλῷν.</span> <span class='ocrx_word' id='word_1_708' title='bbox 2858 3988 2966 4037; x_wconf 76' lang='grc' dir='ltr'>Πᾶν</span> <span class='ocrx_word' id='word_1_709' title='bbox 2999 3983 3088 4039; x_wconf 70' lang='grc' dir='ltr'>οὖν</span> <span class='ocrx_word' id='word_1_710' title='bbox 3120 3982 3255 4040; x_wconf 62' lang='grc' dir='ltr'>κατὰ</span> <span class='ocrx_word' id='word_1_711' title='bbox 3286 3983 3439 4063; x_wconf 74' lang='grc' dir='ltr'>φύσιν</span> <span class='ocrx_word' id='word_1_712' title='bbox 3501 3979 3553 4045; x_wconf 76' lang='grc' dir='ltr'><strong>ἒξ</strong></span> <span class='ocrx_word' id='word_1_713' title='bbox 3607 3979 3776 4043; x_wconf 78' lang='grc' dir='ltr'>αἰτίας</span> 
     </span>
    </p>
   </div>
   <div class='ocr_carea' id='block_1_86' title="bbox 2119 4060 3769 4150">
    <p class='ocr_par' dir='ltr' id='par_1_86' title="bbox 2119 4060 3769 4150">
     <span class='ocr_line' id='line_1_86' title="bbox 2119 4060 3769 4150; baseline 0 -27"><span class='ocrx_word' id='word_1_714' title='bbox 2119 4067 2257 4126; x_wconf 81' lang='grc' dir='ltr'>ἐστὶν</span> <span class='ocrx_word' id='word_1_715' title='bbox 2285 4068 2609 4150; x_wconf 70' lang='grc' dir='ltr'>ὤρισμένης,</span> <span class='ocrx_word' id='word_1_716' title='bbox 2661 4060 2732 4126; x_wconf 78' lang='grc' dir='ltr'>δι’</span> <span class='ocrx_word' id='word_1_717' title='bbox 2774 4070 2840 4137; x_wconf 70' lang='grc' dir='ltr'>ἣν</span> <span class='ocrx_word' id='word_1_718' title='bbox 2872 4071 3036 4136; x_wconf 76' lang='grc' dir='ltr'>αἱτίαξ</span> <span class='ocrx_word' id='word_1_719' title='bbox 3095 4060 3310 4150; x_wconf 58' lang='grc' dir='ltr'>γίνεται</span> <span class='ocrx_word' id='word_1_720' title='bbox 3338 4072 3398 4127; x_wconf 85' lang='grc' dir='ltr'><strong>τό</strong></span> <span class='ocrx_word' id='word_1_721' title='bbox 3454 4070 3769 4148; x_wconf 84' lang='grc' dir='ltr'>γινόμενον,</span> 
     </span>
    </p>
   </div>
   <div class='ocr_carea' id='block_1_87' title="bbox 2122 4158 3769 4240">
    <p class='ocr_par' dir='ltr' id='par_1_87' title="bbox 2122 4158 3769 4240">
     <span class='ocr_line' id='line_1_87' title="bbox 2122 4158 3769 4240; baseline 0 -25"><span class='ocrx_word' id='word_1_722' title='bbox 2122 4160 2179 4216; x_wconf 67' lang='lat' dir='ltr'><strong>Et</strong></span> <span class='ocrx_word' id='word_1_723' title='bbox 2234 4158 2323 4216; x_wconf 74' lang='grc' dir='ltr'>οὖν</span> <span class='ocrx_word' id='word_1_724' title='bbox 2378 4159 2437 4216; x_wconf 83' lang='grc' dir='ltr'>τό</span> <span class='ocrx_word' id='word_1_725' title='bbox 2497 4160 2659 4218; x_wconf 75' lang='grc' dir='ltr'>κακόν</span> <span class='ocrx_word' id='word_1_726' title='bbox 2690 4159 2918 4220; x_wconf 70' lang='grc' dir='ltr'>ἀναίτιόν</span> <span class='ocrx_word' id='word_1_727' title='bbox 2980 4161 3121 4219; x_wconf 74' lang='grc' dir='ltr'>ἐστιν</span> <span class='ocrx_word' id='word_1_728' title='bbox 3155 4166 3239 4236; x_wconf 71' lang='grc' dir='ltr'><strong>(οὔ</strong></span> <span class='ocrx_word' id='word_1_729' title='bbox 3270 4162 3369 4240; x_wconf 79' lang='grc' dir='ltr'>γὰρ</span> <span class='ocrx_word' id='word_1_730' title='bbox 3396 4158 3480 4217; x_wconf 77' lang='grc' dir='ltr'><strong>διὰ</strong></span> <span class='ocrx_word' id='word_1_731' title='bbox 3508 4182 3559 4216; x_wconf 89' lang='grc' dir='ltr'><strong>τι</strong></span> <span class='ocrx_word' id='word_1_732' title='bbox 3603 4159 3769 4239; x_wconf 80' lang='grc' dir='ltr'>γέγο-</span> 
     </span>
    </p>
   </div>
   <div class='ocr_carea' id='block_1_88' title="bbox 2118 4246 3773 4331">
    <p class='ocr_par' dir='ltr' id='par_1_88' title="bbox 2118 4246 3773 4331">
     <span class='ocr_line' id='line_1_88' title="bbox 2118 4246 3773 4331; baseline 0.001 -27"><span class='ocrx_word' id='word_1_733' title='bbox 2118 4246 2256 4329; x_wconf 73' lang='grc' dir='ltr'>νεν),</span> <span class='ocrx_word' id='word_1_734' title='bbox 2316 4250 2532 4314; x_wconf 80' lang='grc' dir='ltr'>εἰκότως</span> <span class='ocrx_word' id='word_1_735' title='bbox 2582 4251 2671 4306; x_wconf 82' lang='grc' dir='ltr'><strong>καὶ</strong></span> <span class='ocrx_word' id='word_1_736' title='bbox 2744 4251 2800 4307; x_wconf 81' lang='grc' dir='ltr'>ἐν</span> <span class='ocrx_word' id='word_1_737' title='bbox 2848 4251 3107 4331; x_wconf 79' lang='grc' dir='ltr'>ἀοριστίᾳ,</span> <span class='ocrx_word' id='word_1_738' title='bbox 3153 4254 3215 4309; x_wconf 71' lang='grc' dir='ltr'>οὔ</span> <span class='ocrx_word' id='word_1_739' title='bbox 3259 4253 3360 4330; x_wconf 78' lang='grc' dir='ltr'>γὰρ</span> <span class='ocrx_word' id='word_1_740' title='bbox 3416 4252 3558 4307; x_wconf 80' lang='grc' dir='ltr'>ἐστιν</span> <span class='ocrx_word' id='word_1_741' title='bbox 3618 4252 3773 4308; x_wconf 76' lang='grc' dir='ltr'>αὐτοῦ</span> 
     </span>
    </p>
   </div>
   <div class='ocr_carea' id='block_1_89' title="bbox 2119 4335 3771 4419">
    <p class='ocr_par' dir='ltr' id='par_1_89' title="bbox 2119 4335 3771 4419">
     <span class='ocr_line' id='line_1_89' title="bbox 2119 4335 3771 4419; baseline 0.001 -25"><span class='ocrx_word' id='word_1_742' title='bbox 2119 4337 2280 4417; x_wconf 79' lang='grc' dir='ltr'>λόγος</span> <span class='ocrx_word' id='word_1_743' title='bbox 2336 4340 2397 4396; x_wconf 86' lang='grc' dir='ltr'><strong>τό</strong></span> <span class='ocrx_word' id='word_1_744' title='bbox 2446 4339 2495 4396; x_wconf 85' lang='grc' dir='ltr'><strong>τί</strong></span> <span class='ocrx_word' id='word_1_745' title='bbox 2549 4339 2615 4408; x_wconf 80' lang='grc' dir='ltr'>ἦν</span> <span class='ocrx_word' id='word_1_746' title='bbox 2672 4339 2815 4399; x_wconf 75' lang='grc' dir='ltr'>εἶναι</span> <span class='ocrx_word' id='word_1_747' title='bbox 2867 4341 3195 4419; x_wconf 72' lang='grc' dir='ltr'>ἑρμηνεύων*</span> <span class='ocrx_word' id='word_1_748' title='bbox 3256 4339 3309 4406; x_wconf 75' lang='grc' dir='ltr'>ἐξ</span> <span class='ocrx_word' id='word_1_749' title='bbox 3368 4340 3605 4418; x_wconf 77' lang='grc' dir='ltr'>ἂνὰγκης</span> <span class='ocrx_word' id='word_1_750' title='bbox 3669 4335 3771 4418; x_wconf 72' lang='grc' dir='ltr'><strong>ἂρα</strong></span> 
     </span>
    </p>
   </div>
   <div class='ocr_carea' id='block_1_90' title="bbox 2935 3261 3777 3341">
    <p class='ocr_par' dir='ltr' id='par_1_90' title="bbox 2935 3261 3777 3341">
     <span class='ocr_line' id='line_1_90' title="bbox 2935 3261 3777 3341; baseline -0.005 -22"><span class='ocrx_word' id='word_1_751' title='bbox 2935 3269 3049 3326; x_wconf 77' lang='grc' dir='ltr'>πῶς</span> <span class='ocrx_word' id='word_1_752' title='bbox 3104 3266 3229 3341; x_wconf 74' lang='grc' dir='ltr'>γοῦν</span> <span class='ocrx_word' id='word_1_753' title='bbox 3290 3262 3437 3339; x_wconf 80' lang='grc' dir='ltr'>μένει</span> <span class='ocrx_word' id='word_1_754' title='bbox 3497 3264 3582 3319; x_wconf 68' lang='grc' dir='ltr'><strong>καὶ</strong></span> <span class='ocrx_word' id='word_1_755' title='bbox 3616 3261 3777 3318; x_wconf 73' lang='grc' dir='ltr'>πάλιν</span> 
     </span>
    </p>
   </div>
   <div class='ocr_carea' id='block_1_91' title="bbox 395 4423 2036 4511">
    <p class='ocr_par' dir='ltr' id='par_1_91' title="bbox 395 4423 2034 4506">
     <span class='ocr_line' id='line_1_91' title="bbox 395 4423 2034 4506; baseline -0.002 -17"><span class='ocrx_word' id='word_1_756' title='bbox 395 4437 612 4500; x_wconf 90' lang='lat' dir='ltr'><strong>turam,</strong></span> <span class='ocrx_word' id='word_1_757' title='bbox 639 4446 711 4488; x_wconf 81' lang='lat' dir='ltr'><strong>ex</strong></span> <span class='ocrx_word' id='word_1_758' title='bbox 737 4426 981 4489; x_wconf 89' lang='lat' dir='ltr'><strong>deﬁnita</strong></span> <span class='ocrx_word' id='word_1_759' title='bbox 1007 4444 1187 4489; x_wconf 84' lang='lat' dir='ltr'><strong>causa</strong></span> <span class='ocrx_word' id='word_1_760' title='bbox 1214 4434 1326 4496; x_wconf 91' lang='lat' dir='ltr'><strong>est,</strong></span> <span class='ocrx_word' id='word_1_761' title='bbox 1355 4442 1462 4506; x_wconf 88' lang='lat' dir='ltr'><strong>per</strong></span> <span class='ocrx_word' id='word_1_762' title='bbox 1487 4442 1666 4505; x_wconf 88' lang='lat' dir='ltr'><strong>quam</strong></span> <span class='ocrx_word' id='word_1_763' title='bbox 1700 4424 1761 4486; x_wconf 89' lang='lat' dir='ltr'><strong>ﬁt</strong></span> <span class='ocrx_word' id='word_1_764' title='bbox 1787 4423 1845 4484; x_wconf 92' lang='lat' dir='ltr'><strong>id</strong></span> <span class='ocrx_word' id='word_1_765' title='bbox 1875 4423 2034 4505; x_wconf 90' lang='lat' dir='ltr'><strong>quod</strong></span> 
     </span>
    </p>
   </div>
   <div class='ocr_carea' id='block_1_92' title="bbox 2122 4423 3771 4511">
    <p class='ocr_par' dir='ltr' id='par_1_92' title="bbox 2122 4427 3771 4511">
     <span class='ocr_line' id='line_1_92' title="bbox 2122 4427 3713 4488; baseline 0.001 -2"><span class='ocrx_word' id='word_1_766' title='bbox 2122 4427 2234 4488; x_wconf 65' lang='grc' dir='ltr'>οὐδὲ</span> <span class='ocrx_word' id='word_1_767' title='bbox 2282 4430 2418 4488; x_wconf 82' lang='grc' dir='ltr'>κατὰ</span> <span class='ocrx_word' id='word_1_768' title='bbox 2499 4431 2523 4470; x_wconf 75' lang='grc' dir='ltr'>ι’</span> <span class='ocrx_word' id='word_1_769' title='bbox 2708 4431 2721 4453; x_wconf 88' lang='grc'><em>¹</em></span> <span class='ocrx_word' id='word_1_770' title='bbox 2874 4430 2902 4488; x_wconf 80' lang='grc' dir='ltr'>ό</span> <span class='ocrx_word' id='word_1_771' title='bbox 3369 4431 3383 4450; x_wconf 77' lang='lat'>‘</span> <span class='ocrx_word' id='word_1_772' title='bbox 3475 4431 3488 4452; x_wconf 86' lang='lat'><em>&#39;</em></span> <span class='ocrx_word' id='word_1_773' title='bbox 3694 4427 3713 4461; x_wconf 68' lang='lat'><strong>&quot;</strong></span> 
     </span>
     <span class='ocr_line' id='line_1_93' title="bbox 2460 4430 3771 4511; baseline -0.003 -24"><span class='ocrx_word' id='word_1_774' title='bbox 2460 4451 2611 4511; x_wconf 65' lang='lat' dir='ltr'><strong>(puva</strong></span> <span class='ocrx_word' id='word_1_775' title='bbox 2666 4451 2726 4487; x_wconf 83' lang='grc' dir='ltr'>τυ</span> <span class='ocrx_word' id='word_1_776' title='bbox 2768 4452 2872 4488; x_wconf 62' lang='lat' dir='ltr'><strong>tux</strong></span> <span class='ocrx_word' id='word_1_777' title='bbox 2905 4455 2955 4495; x_wconf 86' lang='lat' dir='ltr'><strong>v.</strong></span> <span class='ocrx_word' id='word_1_778' title='bbox 3006 4434 3061 4489; x_wconf 76' lang='grc' dir='ltr'><strong>Εἰ</strong></span> <span class='ocrx_word' id='word_1_779' title='bbox 3106 4430 3195 4490; x_wconf 76' lang='grc' dir='ltr'>οἶν</span> <span class='ocrx_word' id='word_1_780' title='bbox 3254 4452 3396 4511; x_wconf 66' lang='lat' dir='ltr'><strong>mpm</strong></span> <span class='ocrx_word' id='word_1_781' title='bbox 3425 4450 3603 4509; x_wconf 76' lang='grc' dir='ltr'>φυσιν,</span> <span class='ocrx_word' id='word_1_782' title='bbox 3664 4450 3771 4508; x_wconf 66' lang='grc' dir='ltr'><strong>οδχ</strong></span> 
     </span>
    </p>
   </div>
   <div class='ocr_carea' id='block_1_93' title="bbox 391 4513 2036 4601">
    <p class='ocr_par' dir='ltr' id='par_1_93' title="bbox 391 4513 2032 4597">
     <span class='ocr_line' id='line_1_94' title="bbox 391 4513 2032 4597; baseline -0.003 -18"><span class='ocrx_word' id='word_1_783' title='bbox 391 4518 482 4581; x_wconf 89' lang='lat' dir='ltr'><strong>ﬁt.</strong></span> <span class='ocrx_word' id='word_1_784' title='bbox 506 4518 566 4581; x_wconf 90' lang='lat' dir='ltr'><strong>Si</strong></span> <span class='ocrx_word' id='word_1_785' title='bbox 587 4518 784 4597; x_wconf 89' lang='lat' dir='ltr'><strong>itaque</strong></span> <span class='ocrx_word' id='word_1_786' title='bbox 807 4515 1027 4578; x_wconf 88' lang='lat' dir='ltr'><strong>malum</strong></span> <span class='ocrx_word' id='word_1_787' title='bbox 1049 4533 1228 4578; x_wconf 86' lang='lat' dir='ltr'><strong>causa</strong></span> <span class='ocrx_word' id='word_1_788' title='bbox 1257 4522 1422 4577; x_wconf 91' lang='lat' dir='ltr'><strong>caret</strong></span> <span class='ocrx_word' id='word_1_789' title='bbox 1448 4517 1507 4594; x_wconf 91' lang='lat' dir='ltr'><strong>(a</strong></span> <span class='ocrx_word' id='word_1_790' title='bbox 1524 4515 1688 4577; x_wconf 92' lang='lat' dir='ltr'><strong>nullo</strong></span> <span class='ocrx_word' id='word_1_791' title='bbox 1702 4513 1861 4576; x_wconf 89' lang='lat' dir='ltr'><strong>enim</strong></span> <span class='ocrx_word' id='word_1_792' title='bbox 1889 4530 2032 4591; x_wconf 89' lang='lat' dir='ltr'><strong>pro-</strong></span> 
     </span>
    </p>
   </div>
   <div class='ocr_carea' id='block_1_94' title="bbox 2122 4513 3773 4601">
    <p class='ocr_par' dir='ltr' id='par_1_94' title="bbox 2122 4517 3773 4601">
     <span class='ocr_line' id='line_1_95' title="bbox 2122 4517 3773 4601; baseline 0 -26"><span class='ocrx_word' id='word_1_793' title='bbox 2122 4517 2215 4585; x_wconf 76' lang='grc' dir='ltr'>ἕξει</span> <span class='ocrx_word' id='word_1_794' title='bbox 2245 4519 2300 4576; x_wconf 76' lang='grc' dir='ltr'>ἐν</span> <span class='ocrx_word' id='word_1_795' title='bbox 2330 4526 2399 4597; x_wconf 80' lang='grc' dir='ltr'><strong>τῇ</strong></span> <span class='ocrx_word' id='word_1_796' title='bbox 2444 4520 2594 4601; x_wconf 75' lang='grc' dir='ltr'>φύσει</span> <span class='ocrx_word' id='word_1_797' title='bbox 2640 4519 2825 4599; x_wconf 83' lang='grc' dir='ltr'>λόγον,</span> <span class='ocrx_word' id='word_1_798' title='bbox 2897 4521 3078 4601; x_wconf 77' lang='grc' dir='ltr'>ὥσπερ</span> <span class='ocrx_word' id='word_1_799' title='bbox 3137 4520 3254 4580; x_wconf 70' lang='grc' dir='ltr'>οὔδὲ</span> <span class='ocrx_word' id='word_1_800' title='bbox 3289 4524 3344 4577; x_wconf 83' lang='lat' dir='ltr'><strong>&#39;sv</strong></span> <span class='ocrx_word' id='word_1_801' title='bbox 3403 4527 3472 4599; x_wconf 75' lang='grc' dir='ltr'><strong>τῇ</strong></span> <span class='ocrx_word' id='word_1_802' title='bbox 3533 4519 3707 4600; x_wconf 77' lang='grc' dir='ltr'>τέχνη</span> <span class='ocrx_word' id='word_1_803' title='bbox 3737 4519 3773 4583; x_wconf 77' lang='grc' dir='ltr'><strong>ἡ</strong></span> 
     </span>
    </p>
   </div>
   <div class='ocr_carea' id='block_1_95' title="bbox 392 4603 2036 4691">
    <p class='ocr_par' dir='ltr' id='par_1_95' title="bbox 392 4603 2035 4681">
     <span class='ocr_line' id='line_1_96' title="bbox 392 4603 2035 4681; baseline -0.001 -12"><span class='ocrx_word' id='word_1_804' title='bbox 392 4606 633 4670; x_wconf 91' lang='lat' dir='ltr'><strong>ductum</strong></span> <span class='ocrx_word' id='word_1_805' title='bbox 666 4614 798 4681; x_wconf 86' lang='lat' dir='ltr'><strong>est),</strong></span> <span class='ocrx_word' id='word_1_806' title='bbox 833 4606 1046 4670; x_wconf 89' lang='lat' dir='ltr'><strong>merito</strong></span> <span class='ocrx_word' id='word_1_807' title='bbox 1079 4623 1190 4668; x_wconf 89' lang='lat' dir='ltr'><strong>nec</strong></span> <span class='ocrx_word' id='word_1_808' title='bbox 1219 4604 1528 4667; x_wconf 87' lang='lat' dir='ltr'><strong>deﬁnitum</strong></span> <span class='ocrx_word' id='word_1_809' title='bbox 1560 4610 1672 4679; x_wconf 90' lang='lat' dir='ltr'><strong>est,</strong></span> <span class='ocrx_word' id='word_1_810' title='bbox 1707 4621 1845 4666; x_wconf 87' lang='lat' dir='ltr'><strong>cum</strong></span> <span class='ocrx_word' id='word_1_811' title='bbox 1875 4603 2035 4667; x_wconf 87' lang='lat' dir='ltr'><strong>nulla</strong></span> 
     </span>
    </p>
   </div>
   <div class='ocr_carea' id='block_1_96' title="bbox 2122 4603 3775 4691">
    <p class='ocr_par' dir='ltr' id='par_1_96' title="bbox 2122 4607 3775 4691">
     <span class='ocr_line' id='line_1_97' title="bbox 2122 4607 3775 4691; baseline -0.001 -26"><span class='ocrx_word' id='word_1_812' title='bbox 2122 4608 2337 4691; x_wconf 68' lang='grc' dir='ltr'>ἂτεχνία</span> <span class='ocrx_word' id='word_1_813' title='bbox 2370 4625 2384 4640; x_wconf 87' lang='grc'><strong><em>⁸</em></strong></span> <span class='ocrx_word' id='word_1_814' title='bbox 2433 4616 2536 4667; x_wconf 80' lang='grc' dir='ltr'><strong>πᾶν</strong></span> <span class='ocrx_word' id='word_1_815' title='bbox 2560 4608 2616 4668; x_wconf 80' lang='grc' dir='ltr'><strong>δὲ</strong></span> <span class='ocrx_word' id='word_1_816' title='bbox 2647 4611 2707 4668; x_wconf 80' lang='grc' dir='ltr'>τὸ</span> <span class='ocrx_word' id='word_1_817' title='bbox 2756 4611 2833 4687; x_wconf 77' lang='grc' dir='ltr'>μὴ</span> <span class='ocrx_word' id='word_1_818' title='bbox 2860 4609 2992 4691; x_wconf 77' lang='grc' dir='ltr'>ἔχον</span> <span class='ocrx_word' id='word_1_819' title='bbox 3040 4610 3224 4689; x_wconf 82' lang='grc' dir='ltr'>λόγον,</span> <span class='ocrx_word' id='word_1_820' title='bbox 3259 4610 3312 4668; x_wconf 69' lang='grc' dir='ltr'>ἓν</span> <span class='ocrx_word' id='word_1_821' title='bbox 3344 4615 3412 4686; x_wconf 76' lang='grc' dir='ltr'><strong>τῇ</strong></span> <span class='ocrx_word' id='word_1_822' title='bbox 3458 4610 3608 4690; x_wconf 75' lang='grc' dir='ltr'>φύσει</span> <span class='ocrx_word' id='word_1_823' title='bbox 3653 4607 3775 4665; x_wconf 70' lang='grc' dir='ltr'>οὔτε</span> 
     </span>
    </p>
   </div>
   <div class='ocr_carea' id='block_1_97' title="bbox 391 4693 2036 4779">
    <p class='ocr_par' dir='ltr' id='par_1_97' title="bbox 391 4693 2034 4778">
     <span class='ocr_line' id='line_1_98' title="bbox 391 4693 2034 4778; baseline -0.002 -19"><span class='ocrx_word' id='word_1_824' title='bbox 391 4698 471 4760; x_wconf 90' lang='lat' dir='ltr'><strong>sit</strong></span> <span class='ocrx_word' id='word_1_825' title='bbox 499 4698 632 4778; x_wconf 88' lang='lat' dir='ltr'><strong>ejus</strong></span> <span class='ocrx_word' id='word_1_826' title='bbox 648 4697 798 4759; x_wconf 90' lang='lat' dir='ltr'><strong>ratio</strong></span> <span class='ocrx_word' id='word_1_827' title='bbox 827 4713 963 4775; x_wconf 59' lang='lat' dir='ltr'><strong>quas</strong></span> <span class='ocrx_word' id='word_1_828' title='bbox 998 4694 1322 4758; x_wconf 89' lang='lat' dir='ltr'><strong>essentiam</strong></span> <span class='ocrx_word' id='word_1_829' title='bbox 1353 4693 1662 4768; x_wconf 88' lang='lat' dir='ltr'><strong>declaret;</strong></span> <span class='ocrx_word' id='word_1_830' title='bbox 1691 4693 2034 4756; x_wconf 85' lang='lat' dir='ltr'><strong>necessario</strong></span> 
     </span>
    </p>
   </div>
   <div class='ocr_carea' id='block_1_98' title="bbox 2122 4693 3776 4779">
    <p class='ocr_par' dir='ltr' id='par_1_98' title="bbox 2122 4696 3776 4779">
     <span class='ocr_line' id='line_1_99' title="bbox 2122 4696 3776 4779; baseline 0 -24"><span class='ocrx_word' id='word_1_831' title='bbox 2122 4699 2255 4757; x_wconf 73' lang='grc' dir='ltr'>Εστὶν</span> <span class='ocrx_word' id='word_1_832' title='bbox 2282 4696 2399 4757; x_wconf 68' lang='grc' dir='ltr'>οὔτε.</span> <span class='ocrx_word' id='word_1_833' title='bbox 2413 4698 2884 4776; x_wconf 67' lang='grc' dir='ltr'>συνίσταται,ἆλλὰ</span> <span class='ocrx_word' id='word_1_834' title='bbox 2901 4706 2968 4778; x_wconf 80' lang='grc' dir='ltr'><strong>τῇ</strong></span> <span class='ocrx_word' id='word_1_835' title='bbox 2990 4700 3223 4778; x_wconf 80' lang='grc' dir='ltr'>ἐλλείψει</span> <span class='ocrx_word' id='word_1_836' title='bbox 3250 4708 3343 4760; x_wconf 65' lang='grc' dir='ltr'>ιιοὸ</span> <span class='ocrx_word' id='word_1_837' title='bbox 3372 4701 3510 4757; x_wconf 77' lang='grc' dir='ltr'>κατὰ</span> <span class='ocrx_word' id='word_1_838' title='bbox 3536 4699 3690 4779; x_wconf 76' lang='grc' dir='ltr'>φύσιν</span> <span class='ocrx_word' id='word_1_839' title='bbox 3715 4699 3776 4755; x_wconf 80' lang='grc' dir='ltr'>τὸ</span> 
     </span>
    </p>
   </div>
   <div class='ocr_carea' id='block_1_99' title="bbox 389 4783 2036 4870">
    <p class='ocr_par' dir='ltr' id='par_1_99' title="bbox 389 4783 2035 4868">
     <span class='ocr_line' id='line_1_100' title="bbox 389 4783 2035 4868; baseline -0.002 -18"><span class='ocrx_word' id='word_1_840' title='bbox 389 4787 594 4868; x_wconf 82' lang='lat' dir='ltr'><strong>itaque</strong></span> <span class='ocrx_word' id='word_1_841' title='bbox 643 4786 863 4849; x_wconf 88' lang='lat' dir='ltr'><strong>malum</strong></span> <span class='ocrx_word' id='word_1_842' title='bbox 895 4804 1012 4848; x_wconf 91' lang='lat' dir='ltr'><strong>non</strong></span> <span class='ocrx_word' id='word_1_843' title='bbox 1042 4792 1134 4848; x_wconf 88' lang='lat' dir='ltr'><strong>est</strong></span> <span class='ocrx_word' id='word_1_844' title='bbox 1179 4785 1356 4847; x_wconf 86' lang='lat' dir='ltr'><strong>etiam</strong></span> <span class='ocrx_word' id='word_1_845' title='bbox 1387 4784 1530 4845; x_wconf 72' lang='grc' dir='ltr'><strong>4Ωὸ</strong></span> <span class='ocrx_word' id='word_1_846' title='bbox 1558 4783 1888 4846; x_wconf 87' lang='lat' dir='ltr'><strong>secundum</strong></span> <span class='ocrx_word' id='word_1_847' title='bbox 1921 4802 2035 4846; x_wconf 88' lang='lat' dir='ltr'><strong>na-</strong></span> 
     </span>
    </p>
   </div>
   <div class='ocr_carea' id='block_1_100' title="bbox 2122 4783 2695 4870">
    <p class='ocr_par' dir='ltr' id='par_1_100' title="bbox 2122 4790 2695 4870">
     <span class='ocr_line' id='line_1_101' title="bbox 2122 4790 2695 4870; baseline 0.005 -23"><span class='ocrx_word' id='word_1_848' title='bbox 2122 4790 2258 4868; x_wconf 71' lang='grc' dir='ltr'>πκρὰ</span> <span class='ocrx_word' id='word_1_849' title='bbox 2287 4790 2441 4870; x_wconf 74' lang='grc' dir='ltr'>φύσιν</span> <span class='ocrx_word' id='word_1_850' title='bbox 2468 4791 2695 4869; x_wconf 83' lang='grc' dir='ltr'>γίνεται.</span> 
     </span>
    </p>
   </div>
   <div class='ocr_carea' id='block_1_101' title="bbox 393 4872 3776 4962">
    <p class='ocr_par' dir='ltr' id='par_1_101' title="bbox 393 4872 3776 4962">
     <span class='ocr_line' id='line_1_102' title="bbox 393 4872 3776 4962; baseline 0 -22"><span class='ocrx_word' id='word_1_851' title='bbox 393 4886 613 4941; x_wconf 89' lang='lat' dir='ltr'><strong>turam.</strong></span> <span class='ocrx_word' id='word_1_852' title='bbox 662 4875 726 4941; x_wconf 93' lang='lat' dir='ltr'><strong>Si</strong></span> <span class='ocrx_word' id='word_1_853' title='bbox 755 4885 953 4939; x_wconf 88' lang='lat' dir='ltr'><strong>autem</strong></span> <span class='ocrx_word' id='word_1_854' title='bbox 1009 4884 1100 4939; x_wconf 88' lang='lat' dir='ltr'><strong>est</strong></span> <span class='ocrx_word' id='word_1_855' title='bbox 1125 4882 1331 4938; x_wconf 87' lang='lat' dir='ltr'><strong>contra</strong></span> <span class='ocrx_word' id='word_1_856' title='bbox 1360 4883 1651 4946; x_wconf 88' lang='lat' dir='ltr'><strong>naturam,</strong></span> <span class='ocrx_word' id='word_1_857' title='bbox 1692 4892 1811 4935; x_wconf 88' lang='lat' dir='ltr'><strong>non</strong></span> <span class='ocrx_word' id='word_1_858' title='bbox 1843 4872 2091 4941; x_wconf 85' lang='lat' dir='ltr'><strong>habebit</strong></span> <span class='ocrx_word' id='word_1_859' title='bbox 2152 4877 2334 4941; x_wconf 89' lang='lat' dir='ltr'><strong>etiam</strong></span> <span class='ocrx_word' id='word_1_860' title='bbox 2365 4878 2437 4941; x_wconf 87' lang='lat' dir='ltr'><strong>in</strong></span> <span class='ocrx_word' id='word_1_861' title='bbox 2456 4886 2673 4943; x_wconf 89' lang='lat' dir='ltr'><strong>natura</strong></span> <span class='ocrx_word' id='word_1_862' title='bbox 2718 4878 3039 4962; x_wconf 78' lang='lat' dir='ltr'><strong>rationem,</strong></span> <span class='ocrx_word' id='word_1_863' title='bbox 3075 4879 3229 4943; x_wconf 82' lang='lat' dir='ltr'><strong>sicut</strong></span> <span class='ocrx_word' id='word_1_864' title='bbox 3277 4896 3391 4943; x_wconf 89' lang='lat' dir='ltr'><strong>nec</strong></span> <span class='ocrx_word' id='word_1_865' title='bbox 3420 4877 3662 4943; x_wconf 88' lang='lat' dir='ltr'><strong>inscitia</strong></span> <span class='ocrx_word' id='word_1_866' title='bbox 3714 4878 3776 4941; x_wconf 89' lang='lat' dir='ltr'><strong>in</strong></span> 
     </span>
    </p>
   </div>
   <div class='ocr_carea' id='block_1_102' title="bbox 391 4963 3773 5052">
    <p class='ocr_par' dir='ltr' id='par_1_102' title="bbox 391 4963 3773 5052">
     <span class='ocr_line' id='line_1_103' title="bbox 391 4963 3773 5052; baseline 0.001 -23"><span class='ocrx_word' id='word_1_867' title='bbox 391 4976 555 5045; x_wconf 85' lang='lat' dir='ltr'><strong>arte;</strong></span> <span class='ocrx_word' id='word_1_868' title='bbox 587 4985 765 5029; x_wconf 89' lang='lat' dir='ltr'><strong>omne</strong></span> <span class='ocrx_word' id='word_1_869' title='bbox 794 4975 993 5029; x_wconf 89' lang='lat' dir='ltr'><strong>autem</strong></span> <span class='ocrx_word' id='word_1_870' title='bbox 1022 4965 1183 5047; x_wconf 88' lang='lat' dir='ltr'><strong>quod</strong></span> <span class='ocrx_word' id='word_1_871' title='bbox 1215 4984 1337 5028; x_wconf 90' lang='lat' dir='ltr'><strong>non</strong></span> <span class='ocrx_word' id='word_1_872' title='bbox 1369 4964 1544 5027; x_wconf 84' lang='lat' dir='ltr'><strong>habet</strong></span> <span class='ocrx_word' id='word_1_873' title='bbox 1572 4963 1865 5026; x_wconf 90' lang='lat' dir='ltr'><strong>rationem</strong></span> <span class='ocrx_word' id='word_1_874' title='bbox 1896 4971 1958 5027; x_wconf 91' lang='lat' dir='ltr'><strong>in</strong></span> <span class='ocrx_word' id='word_1_875' title='bbox 1990 4975 2223 5051; x_wconf 84' lang='lat' dir='ltr'><strong>natura,</strong></span> <span class='ocrx_word' id='word_1_876' title='bbox 2260 4987 2461 5051; x_wconf 87' lang='lat' dir='ltr'><strong>neque</strong></span> <span class='ocrx_word' id='word_1_877' title='bbox 2522 4977 2637 5047; x_wconf 90' lang='lat' dir='ltr'><strong>est,</strong></span> <span class='ocrx_word' id='word_1_878' title='bbox 2670 4988 2868 5052; x_wconf 89' lang='lat' dir='ltr'><strong>neque</strong></span> <span class='ocrx_word' id='word_1_879' title='bbox 2896 4969 3195 5047; x_wconf 86' lang='lat' dir='ltr'><strong>subsistit,</strong></span> <span class='ocrx_word' id='word_1_880' title='bbox 3226 4969 3335 5033; x_wconf 89' lang='lat' dir='ltr'><strong>sed</strong></span> <span class='ocrx_word' id='word_1_881' title='bbox 3364 4969 3609 5035; x_wconf 85' lang='lat' dir='ltr'><strong>defectu</strong></span> <span class='ocrx_word' id='word_1_882' title='bbox 3638 4968 3773 5051; x_wconf 88' lang='lat' dir='ltr'><strong>ejus</strong></span> 
     </span>
    </p>
   </div>
   <div class='ocr_carea' id='block_1_103' title="bbox 390 5056 2031 5140">
    <p class='ocr_par' dir='ltr' id='par_1_103' title="bbox 390 5056 2031 5140">
     <span class='ocr_line' id='line_1_104' title="bbox 390 5056 2031 5140; baseline 0.002 -24"><span class='ocrx_word' id='word_1_883' title='bbox 390 5058 551 5140; x_wconf 84' lang='lat' dir='ltr'><strong>quod</strong></span> <span class='ocrx_word' id='word_1_884' title='bbox 582 5057 910 5120; x_wconf 89' lang='lat' dir='ltr'><strong>secundum</strong></span> <span class='ocrx_word' id='word_1_885' title='bbox 944 5066 1216 5120; x_wconf 86' lang='lat' dir='ltr'><strong>naturam</strong></span> <span class='ocrx_word' id='word_1_886' title='bbox 1247 5064 1364 5138; x_wconf 86' lang='lat' dir='ltr'><strong>est,</strong></span> <span class='ocrx_word' id='word_1_887' title='bbox 1397 5056 1461 5119; x_wconf 85' lang='lat' dir='ltr'><strong>ﬁt</strong></span> <span class='ocrx_word' id='word_1_888' title='bbox 1489 5062 1699 5118; x_wconf 89' lang='lat' dir='ltr'><strong>contra</strong></span> <span class='ocrx_word' id='word_1_889' title='bbox 1730 5066 2031 5119; x_wconf 86' lang='lat' dir='ltr'><strong>naturam.</strong></span> 
     </span>
    </p>
   </div>
   <div class='ocr_carea' id='block_1_104' title="bbox 472 5145 2040 5227">
    <p class='ocr_par' dir='ltr' id='par_1_104' title="bbox 472 5145 2040 5227">
     <span class='ocr_line' id='line_1_105' title="bbox 472 5145 2040 5227; baseline 0 -17"><span class='ocrx_word' id='word_1_890' title='bbox 472 5150 790 5222; x_wconf 67' lang='lat' dir='ltr'><strong>Praeterea,</strong></span> <span class='ocrx_word' id='word_1_891' title='bbox 807 5147 1007 5209; x_wconf 90' lang='lat' dir='ltr'><strong>anima</strong></span> <span class='ocrx_word' id='word_1_892' title='bbox 1036 5146 1128 5209; x_wconf 91' lang='lat' dir='ltr'><strong>vel</strong></span> <span class='ocrx_word' id='word_1_893' title='bbox 1159 5154 1366 5210; x_wconf 87' lang='lat' dir='ltr'><strong>natura</strong></span> <span class='ocrx_word' id='word_1_894' title='bbox 1400 5145 1555 5209; x_wconf 85' lang='lat' dir='ltr'><strong>mala</strong></span> <span class='ocrx_word' id='word_1_895' title='bbox 1576 5153 1690 5227; x_wconf 91' lang='lat' dir='ltr'><strong>est,</strong></span> <span class='ocrx_word' id='word_1_896' title='bbox 1714 5145 1869 5208; x_wconf 90' lang='lat' dir='ltr'><strong>sicut</strong></span> <span class='ocrx_word' id='word_1_897' title='bbox 1885 5146 2040 5227; x_wconf 85' lang='lat' dir='ltr'><strong>ignis</strong></span> 
     </span>
    </p>
   </div>
   <div class='ocr_carea' id='block_1_105' title="bbox 394 5236 2039 5319">
    <p class='ocr_par' dir='ltr' id='par_1_105' title="bbox 394 5236 2039 5319">
     <span class='ocr_line' id='line_1_106' title="bbox 394 5236 2039 5319; baseline 0.001 -19"><span class='ocrx_word' id='word_1_898' title='bbox 394 5237 641 5314; x_wconf 88' lang='lat' dir='ltr'><strong>calidus,</strong></span> <span class='ocrx_word' id='word_1_899' title='bbox 662 5237 752 5299; x_wconf 90' lang='lat' dir='ltr'><strong>vel</strong></span> <span class='ocrx_word' id='word_1_900' title='bbox 777 5236 1155 5315; x_wconf 88' lang='lat' dir='ltr'><strong>operationes</strong></span> <span class='ocrx_word' id='word_1_901' title='bbox 1187 5238 1318 5318; x_wconf 88' lang='lat' dir='ltr'><strong>ejus</strong></span> <span class='ocrx_word' id='word_1_902' title='bbox 1344 5253 1588 5319; x_wconf 86' lang='lat' dir='ltr'><strong>prorsus</strong></span> <span class='ocrx_word' id='word_1_903' title='bbox 1605 5243 1665 5298; x_wconf 89' lang='lat' dir='ltr'><strong>et</strong></span> <span class='ocrx_word' id='word_1_904' title='bbox 1693 5236 2039 5301; x_wconf 81' lang='lat' dir='ltr'><strong>omnimodo</strong></span> 
     </span>
    </p>
   </div>
   <div class='ocr_carea' id='block_1_106' title="bbox 394 5325 2038 5408">
    <p class='ocr_par' dir='ltr' id='par_1_106' title="bbox 394 5325 2038 5408">
     <span class='ocr_line' id='line_1_107' title="bbox 394 5325 2038 5408; baseline 0 -17"><span class='ocrx_word' id='word_1_905' title='bbox 394 5331 567 5392; x_wconf 63' lang='lat' dir='ltr'><strong>malas</strong></span> <span class='ocrx_word' id='word_1_906' title='bbox 595 5336 753 5391; x_wconf 88' lang='lat' dir='ltr'><strong>sunt.</strong></span> <span class='ocrx_word' id='word_1_907' title='bbox 781 5326 900 5390; x_wconf 87' lang='lat' dir='ltr'><strong>Sed</strong></span> <span class='ocrx_word' id='word_1_908' title='bbox 928 5345 1047 5389; x_wconf 89' lang='lat' dir='ltr'><strong>non</strong></span> <span class='ocrx_word' id='word_1_909' title='bbox 1079 5328 1363 5407; x_wconf 88' lang='lat' dir='ltr'><strong>primum,</strong></span> <span class='ocrx_word' id='word_1_910' title='bbox 1392 5346 1530 5390; x_wconf 91' lang='lat' dir='ltr'><strong>nam</strong></span> <span class='ocrx_word' id='word_1_911' title='bbox 1546 5325 1608 5389; x_wconf 89' lang='lat' dir='ltr'><strong>id</strong></span> <span class='ocrx_word' id='word_1_912' title='bbox 1629 5327 1791 5408; x_wconf 88' lang='lat' dir='ltr'><strong>quod</strong></span> <span class='ocrx_word' id='word_1_913' title='bbox 1815 5325 2038 5391; x_wconf 90' lang='lat' dir='ltr'><strong>bonum</strong></span> 
     </span>
    </p>
   </div>
   <div class='ocr_carea' id='block_1_107' title="bbox 393 5417 2039 5500">
    <p class='ocr_par' dir='ltr' id='par_1_107' title="bbox 393 5417 2039 5500">
     <span class='ocr_line' id='line_1_108' title="bbox 393 5417 2039 5500; baseline -0.001 -18"><span class='ocrx_word' id='word_1_914' title='bbox 393 5428 484 5482; x_wconf 86' lang='lat' dir='ltr'><strong>est</strong></span> <span class='ocrx_word' id='word_1_915' title='bbox 513 5439 630 5482; x_wconf 91' lang='lat' dir='ltr'><strong>nou</strong></span> <span class='ocrx_word' id='word_1_916' title='bbox 661 5418 885 5482; x_wconf 86' lang='lat' dir='ltr'><strong>faceret</strong></span> <span class='ocrx_word' id='word_1_917' title='bbox 913 5417 972 5479; x_wconf 87' lang='lat' dir='ltr'><strong>id</strong></span> <span class='ocrx_word' id='word_1_918' title='bbox 999 5419 1158 5498; x_wconf 87' lang='lat' dir='ltr'><strong>quod</strong></span> <span class='ocrx_word' id='word_1_919' title='bbox 1193 5429 1403 5479; x_wconf 87' lang='lat' dir='ltr'><strong>natura</strong></span> <span class='ocrx_word' id='word_1_920' title='bbox 1434 5417 1654 5479; x_wconf 88' lang='lat' dir='ltr'><strong>malum</strong></span> <span class='ocrx_word' id='word_1_921' title='bbox 1676 5424 1766 5480; x_wconf 88' lang='lat' dir='ltr'><strong>est</strong></span> <span class='ocrx_word' id='word_1_922' title='bbox 1793 5436 1810 5494; x_wconf 89' lang='lat'><strong>;</strong></span> <span class='ocrx_word' id='word_1_923' title='bbox 1844 5435 2039 5500; x_wconf 89' lang='lat' dir='ltr'><strong>neque</strong></span> 
     </span>
    </p>
   </div>
   <div class='ocr_carea' id='block_1_108' title="bbox 391 5505 2039 5588">
    <p class='ocr_par' dir='ltr' id='par_1_108' title="bbox 391 5505 2039 5588">
     <span class='ocr_line' id='line_1_109' title="bbox 391 5505 2039 5588; baseline -0.002 -16"><span class='ocrx_word' id='word_1_924' title='bbox 391 5509 748 5585; x_wconf 89' lang='lat' dir='ltr'><strong>secundum,</strong></span> <span class='ocrx_word' id='word_1_925' title='bbox 772 5508 934 5571; x_wconf 88' lang='lat' dir='ltr'><strong>unde</strong></span> <span class='ocrx_word' id='word_1_926' title='bbox 965 5508 1125 5569; x_wconf 89' lang='lat' dir='ltr'><strong>enim</strong></span> <span class='ocrx_word' id='word_1_927' title='bbox 1160 5505 1436 5569; x_wconf 77' lang='lat' dir='ltr'><strong>virtutes?</strong></span> <span class='ocrx_word' id='word_1_928' title='bbox 1459 5505 1732 5588; x_wconf 84' lang='lat' dir='ltr'><strong>sequitur</strong></span> <span class='ocrx_word' id='word_1_929' title='bbox 1752 5524 1894 5586; x_wconf 85' lang='lat' dir='ltr'><strong>ergo</strong></span> <span class='ocrx_word' id='word_1_930' title='bbox 1928 5526 2039 5569; x_wconf 90' lang='lat' dir='ltr'><strong>na-</strong></span> 
     </span>
    </p>
   </div>
   <div class='ocr_carea' id='block_1_109' title="bbox 390 5595 2038 5683">
    <p class='ocr_par' dir='ltr' id='par_1_109' title="bbox 390 5595 2038 5683">
     <span class='ocr_line' id='line_1_110' title="bbox 390 5595 2038 5683; baseline -0.001 -20"><span class='ocrx_word' id='word_1_931' title='bbox 390 5599 517 5663; x_wconf 89' lang='lat' dir='ltr'><strong>lum</strong></span> <span class='ocrx_word' id='word_1_932' title='bbox 538 5618 661 5663; x_wconf 90' lang='lat' dir='ltr'><strong>non</strong></span> <span class='ocrx_word' id='word_1_933' title='bbox 675 5617 810 5662; x_wconf 83' lang='lat' dir='ltr'><strong>esse</strong></span> <span class='ocrx_word' id='word_1_934' title='bbox 829 5598 971 5683; x_wconf 90' lang='lat' dir='ltr'><strong>quid</strong></span> <span class='ocrx_word' id='word_1_935' title='bbox 985 5615 1098 5680; x_wconf 90' lang='lat' dir='ltr'><strong>per</strong></span> <span class='ocrx_word' id='word_1_936' title='bbox 1118 5615 1185 5661; x_wconf 87' lang='lat' dir='ltr'><strong>se</strong></span> <span class='ocrx_word' id='word_1_937' title='bbox 1209 5596 1684 5683; x_wconf 85' lang='lat' dir='ltr'><strong>subsistens,sed</strong></span> <span class='ocrx_word' id='word_1_938' title='bbox 1704 5595 1846 5659; x_wconf 90' lang='lat' dir='ltr'><strong>boni</strong></span> <span class='ocrx_word' id='word_1_939' title='bbox 1866 5596 2038 5662; x_wconf 84' lang='lat' dir='ltr'><strong>defe-</strong></span> 
     </span>
    </p>
   </div>
   <div class='ocr_carea' id='block_1_110' title="bbox 391 5682 2040 5759">
    <p class='ocr_par' dir='ltr' id='par_1_110' title="bbox 391 5682 2040 5759">
     <span class='ocr_line' id='line_1_111' title="bbox 391 5682 2040 5759; baseline -0.004 -1"><span class='ocrx_word' id='word_1_940' title='bbox 391 5689 796 5759; x_wconf 84' lang='lat' dir='ltr'><strong>ctionem.Hic</strong></span> <span class='ocrx_word' id='word_1_941' title='bbox 819 5682 975 5753; x_wconf 89' lang='lat' dir='ltr'><strong>totus</strong></span> <span class='ocrx_word' id='word_1_942' title='bbox 1002 5706 1217 5754; x_wconf 85' lang='lat' dir='ltr'><strong>sensus</strong></span> <span class='ocrx_word' id='word_1_943' title='bbox 1236 5696 1330 5753; x_wconf 86' lang='lat' dir='ltr'><strong>est</strong></span> <span class='ocrx_word' id='word_1_944' title='bbox 1348 5682 1780 5752; x_wconf 82' lang='lat' dir='ltr'><strong>orationis.Hic</strong></span> <span class='ocrx_word' id='word_1_945' title='bbox 1797 5694 2040 5753; x_wconf 86' lang='lat' dir='ltr'><strong>sanctus</strong></span> 
     </span>
    </p>
   </div>
   <div class='ocr_carea' id='block_1_111' title="bbox 2203 5145 3771 5233">
    <p class='ocr_par' dir='ltr' id='par_1_111' title="bbox 2203 5145 3771 5233">
     <span class='ocr_line' id='line_1_112' title="bbox 2203 5145 3771 5233; baseline 0 -25"><span class='ocrx_word' id='word_1_946' title='bbox 2203 5145 2361 5226; x_wconf 66' lang='lat' dir='ltr'><strong>&quot;Est,</strong></span> <span class='ocrx_word' id='word_1_947' title='bbox 2400 5149 2430 5217; x_wconf 65' lang='grc' dir='ltr'>ἦ</span> <span class='ocrx_word' id='word_1_948' title='bbox 2481 5151 2634 5233; x_wconf 77' lang='grc' dir='ltr'>ψυχὴ</span> <span class='ocrx_word' id='word_1_949' title='bbox 2662 5150 2699 5218; x_wconf 77' lang='grc' dir='ltr'><strong>ἧ</strong></span> <span class='ocrx_word' id='word_1_950' title='bbox 2751 5151 2901 5233; x_wconf 74' lang='grc' dir='ltr'>φύσει</span> <span class='ocrx_word' id='word_1_951' title='bbox 2932 5151 3096 5227; x_wconf 74' lang='grc' dir='ltr'>κακὴ,</span> <span class='ocrx_word' id='word_1_952' title='bbox 3152 5152 3226 5219; x_wconf 77' lang='grc' dir='ltr'>ὡς</span> <span class='ocrx_word' id='word_1_953' title='bbox 3269 5151 3329 5209; x_wconf 80' lang='grc' dir='ltr'><strong>τό</strong></span> <span class='ocrx_word' id='word_1_954' title='bbox 3359 5151 3460 5231; x_wconf 77' lang='grc' dir='ltr'>πῦρ</span> <span class='ocrx_word' id='word_1_955' title='bbox 3487 5151 3704 5233; x_wconf 68' lang='grc' dir='ltr'><strong>θερμόν³</strong></span> <span class='ocrx_word' id='word_1_956' title='bbox 3734 5149 3771 5220; x_wconf 73' lang='grc' dir='ltr'><strong>ἢ</strong></span> 
     </span>
    </p>
   </div>
   <div class='ocr_carea' id='block_1_112' title="bbox 2120 5232 3774 5320">
    <p class='ocr_par' dir='ltr' id='par_1_112' title="bbox 2120 5232 3774 5320">
     <span class='ocr_line' id='line_1_113' title="bbox 2120 5232 3774 5320; baseline 0.002 -24"><span class='ocrx_word' id='word_1_957' title='bbox 2120 5239 2181 5297; x_wconf 80' lang='grc' dir='ltr'><strong>αἴ</strong></span> <span class='ocrx_word' id='word_1_958' title='bbox 2236 5241 2493 5320; x_wconf 78' lang='grc' dir='ltr'>ὲνεργιιαι</span> <span class='ocrx_word' id='word_1_959' title='bbox 2542 5232 2705 5311; x_wconf 72' lang='grc' dir='ltr'>αὖτῆς</span> <span class='ocrx_word' id='word_1_960' title='bbox 2764 5232 2938 5315; x_wconf 81' lang='grc' dir='ltr'>πάντη</span> <span class='ocrx_word' id='word_1_961' title='bbox 2991 5245 3078 5299; x_wconf 84' lang='grc' dir='ltr'><strong>καὶ</strong></span> <span class='ocrx_word' id='word_1_962' title='bbox 3108 5240 3372 5306; x_wconf 80' lang='grc' dir='ltr'>ὁλοτελῶς</span> <span class='ocrx_word' id='word_1_963' title='bbox 3404 5244 3583 5300; x_wconf 78' lang='grc' dir='ltr'>κακαὶ.</span> <span class='ocrx_word' id='word_1_964' title='bbox 3624 5232 3774 5300; x_wconf 72' lang='grc' dir='ltr'>Ἀλλ’</span> 
     </span>
    </p>
   </div>
   <div class='ocr_carea' id='block_1_113' title="bbox 2122 5328 3773 5412">
    <p class='ocr_par' dir='ltr' id='par_1_113' title="bbox 2122 5328 3773 5412">
     <span class='ocr_line' id='line_1_114' title="bbox 2122 5328 3773 5412; baseline -0.001 -23"><span class='ocrx_word' id='word_1_965' title='bbox 2122 5328 2240 5389; x_wconf 64' lang='grc' dir='ltr'>οὔτε</span> <span class='ocrx_word' id='word_1_966' title='bbox 2270 5351 2332 5387; x_wconf 82' lang='grc' dir='ltr'><strong>το</strong></span> <span class='ocrx_word' id='word_1_967' title='bbox 2375 5338 2609 5411; x_wconf 61' lang='grc' dir='ltr'>πρῶτον.</span> <span class='ocrx_word' id='word_1_968' title='bbox 2662 5333 2723 5388; x_wconf 86' lang='grc' dir='ltr'><strong>τό</strong></span> <span class='ocrx_word' id='word_1_969' title='bbox 2779 5331 2879 5411; x_wconf 76' lang='grc' dir='ltr'><strong>γὰρ</strong></span> <span class='ocrx_word' id='word_1_970' title='bbox 2939 5331 3135 5412; x_wconf 78' lang='grc' dir='ltr'>ἀγαθόν</span> <span class='ocrx_word' id='word_1_971' title='bbox 3170 5331 3267 5390; x_wconf 72' lang='grc' dir='ltr'><strong>οὒκ</strong></span> <span class='ocrx_word' id='word_1_972' title='bbox 3309 5329 3500 5407; x_wconf 76' lang='grc' dir='ltr'>ἔμελλε</span> <span class='ocrx_word' id='word_1_973' title='bbox 3546 5330 3773 5411; x_wconf 77' lang='grc' dir='ltr'>παράξαι</span> 
     </span>
    </p>
   </div>
   <div class='ocr_carea' id='block_1_114' title="bbox 2122 5419 3769 5501">
    <p class='ocr_par' dir='ltr' id='par_1_114' title="bbox 2122 5419 3769 5501">
     <span class='ocr_line' id='line_1_115' title="bbox 2122 5419 3769 5501; baseline 0.001 -25"><span class='ocrx_word' id='word_1_974' title='bbox 2122 5420 2272 5499; x_wconf 75' lang='grc' dir='ltr'>φύσει</span> <span class='ocrx_word' id='word_1_975' title='bbox 2293 5420 2460 5478; x_wconf 73' lang='grc' dir='ltr'>κακόν</span> <span class='ocrx_word' id='word_1_976' title='bbox 2498 5439 2511 5454; x_wconf 78' lang='grc'><strong><em>⁸</em></strong></span> <span class='ocrx_word' id='word_1_977' title='bbox 2539 5420 2657 5478; x_wconf 70' lang='grc' dir='ltr'>οὕτε</span> <span class='ocrx_word' id='word_1_978' title='bbox 2707 5421 2767 5478; x_wconf 83' lang='grc' dir='ltr'><strong>τό</strong></span> <span class='ocrx_word' id='word_1_979' title='bbox 2811 5419 3074 5501; x_wconf 68' lang='grc' dir='ltr'>δεύτερον,</span> <span class='ocrx_word' id='word_1_980' title='bbox 3129 5422 3288 5478; x_wconf 76' lang='grc' dir='ltr'>πόθιν</span> <span class='ocrx_word' id='word_1_981' title='bbox 3317 5441 3418 5501; x_wconf 85' lang='grc' dir='ltr'><strong>γαρ</strong></span> <span class='ocrx_word' id='word_1_982' title='bbox 3460 5421 3514 5477; x_wconf 79' lang='grc' dir='ltr'>αἱ</span> <span class='ocrx_word' id='word_1_983' title='bbox 3543 5419 3724 5499; x_wconf 72' lang='grc' dir='ltr'>ἀρεταί</span> <span class='ocrx_word' id='word_1_984' title='bbox 3754 5445 3769 5494; x_wconf 86' lang='grc'>;</span> 
     </span>
    </p>
   </div>
   <div class='ocr_carea' id='block_1_115' title="bbox 2122 5507 3772 5591">
    <p class='ocr_par' dir='ltr' id='par_1_115' title="bbox 2122 5507 3772 5591">
     <span class='ocr_line' id='line_1_116' title="bbox 2122 5507 3772 5591; baseline -0.001 -25"><span class='ocrx_word' id='word_1_985' title='bbox 2122 5510 2369 5567; x_wconf 79' lang='grc' dir='ltr'>Δείπεται</span> <span class='ocrx_word' id='word_1_986' title='bbox 2417 5507 2539 5590; x_wconf 71' lang='grc' dir='ltr'>ἄρα,</span> <span class='ocrx_word' id='word_1_987' title='bbox 2590 5509 2671 5568; x_wconf 72' lang='grc' dir='ltr'>ὅτι</span> <span class='ocrx_word' id='word_1_988' title='bbox 2725 5510 2785 5568; x_wconf 77' lang='grc' dir='ltr'>τό</span> <span class='ocrx_word' id='word_1_989' title='bbox 2842 5510 3007 5568; x_wconf 83' lang='grc' dir='ltr'>κακόν</span> <span class='ocrx_word' id='word_1_990' title='bbox 3060 5512 3154 5569; x_wconf 68' lang='grc' dir='ltr'><strong>οὒκ</strong></span> <span class='ocrx_word' id='word_1_991' title='bbox 3199 5509 3340 5568; x_wconf 78' lang='grc' dir='ltr'>ἔστιν</span> <span class='ocrx_word' id='word_1_992' title='bbox 3383 5510 3772 5591; x_wconf 69' lang='grc' dir='ltr'>αὖθύπαρκτον,</span> 
     </span>
    </p>
   </div>
   <div class='ocr_carea' id='block_1_116' title="bbox 2119 5596 3775 5679">
    <p class='ocr_par' dir='ltr' id='par_1_116' title="bbox 2119 5596 3775 5679">
     <span class='ocr_line' id='line_1_117' title="bbox 2119 5596 3775 5679; baseline 0.001 -23"><span class='ocrx_word' id='word_1_993' title='bbox 2119 5597 2260 5658; x_wconf 77' lang='grc' dir='ltr'><strong>ἀλλᾶ</strong></span> <span class='ocrx_word' id='word_1_994' title='bbox 2280 5601 2373 5656; x_wconf 80' lang='grc' dir='ltr'>τοῦ</span> <span class='ocrx_word' id='word_1_995' title='bbox 2392 5599 2591 5679; x_wconf 74' lang='grc' dir='ltr'>ἁγαθοῦ</span> <span class='ocrx_word' id='word_1_996' title='bbox 2619 5598 2882 5678; x_wconf 76' lang='grc' dir='ltr'>ἔλλειψις.</span> <span class='ocrx_word' id='word_1_997' title='bbox 2918 5600 3083 5666; x_wconf 81' lang='grc' dir='ltr'>Οὗτος</span> <span class='ocrx_word' id='word_1_998' title='bbox 3128 5598 3253 5666; x_wconf 72' lang='grc' dir='ltr'>ὃλος</span> <span class='ocrx_word' id='word_1_999' title='bbox 3283 5601 3311 5657; x_wconf 70' lang='grc' dir='ltr'><strong>ὃ</strong></span> <span class='ocrx_word' id='word_1_1000' title='bbox 3355 5601 3473 5664; x_wconf 83' lang='grc' dir='ltr'>νοῦς</span> <span class='ocrx_word' id='word_1_1001' title='bbox 3503 5605 3601 5657; x_wconf 76' lang='grc' dir='ltr'><strong>τοῦ</strong></span> <span class='ocrx_word' id='word_1_1002' title='bbox 3667 5596 3775 5679; x_wconf 79' lang='grc' dir='ltr'><strong>ρη-</strong></span> 
     </span>
    </p>
   </div>
   <div class='ocr_carea' id='block_1_117' title="bbox 2119 5678 3768 5775">
    <p class='ocr_par' dir='ltr' id='par_1_117' title="bbox 2119 5678 3768 5775">
     <span class='ocr_line' id='line_1_118' title="bbox 2119 5678 3768 5775; baseline -0.001 -27"><span class='ocrx_word' id='word_1_1003' title='bbox 2119 5690 2236 5755; x_wconf 75' lang='grc' dir='ltr'><strong>τοῦ.</strong></span> <span class='ocrx_word' id='word_1_1004' title='bbox 2273 5678 2333 5748; x_wconf 68' lang='grc'><strong>’0</strong></span> <span class='ocrx_word' id='word_1_1005' title='bbox 2361 5685 2417 5747; x_wconf 67' lang='grc' dir='ltr'><strong>δὲ</strong></span> <span class='ocrx_word' id='word_1_1006' title='bbox 2445 5686 2598 5771; x_wconf 68' lang='grc' dir='ltr'>ἃγιος</span> <span class='ocrx_word' id='word_1_1007' title='bbox 2628 5679 2753 5750; x_wconf 75' lang='grc' dir='ltr'>κατ’</span> <span class='ocrx_word' id='word_1_1008' title='bbox 2778 5688 3039 5775; x_wconf 66' lang='grc' dir='ltr'>ὶρῶτησιν</span> <span class='ocrx_word' id='word_1_1009' title='bbox 3088 5689 3177 5749; x_wconf 77' lang='grc' dir='ltr'><strong>τόν</strong></span> <span class='ocrx_word' id='word_1_1010' title='bbox 3216 5686 3378 5773; x_wconf 83' lang='grc' dir='ltr'>λόγον</span> <span class='ocrx_word' id='word_1_1011' title='bbox 3420 5690 3768 5772; x_wconf 65' lang='grc' dir='ltr'>προαγαγὼν,</span> 
     </span>
    </p>
   </div>
  </div>
