4156 6156
331 412 452 486 809

814 413 914 488 DE
956 423 1251 490 DIVINIS
1291 423 1743 504 NOMINIBUS,
1788 419 1954 486 CAP.
2003 413 2110 486 IV.
2147 453 2221 467 --
2268 413 2682 506 PARAPHR.,
2729 413 3221 490 PACHYMERE

3583 415 3702 494 810

329 553 482 633 ’Ἄρα
525 555 560 623 ἡ
615 556 770 636 ψυχὴ
827 562 932 614 τῶν
983 563 1162 615 κακῶν
1207 559 1370 638 αἰτίας
1429 563 1488 619 οὒ
1542 560 1680 616 κατὰ
1723 555 1960 636 διαίρεσιι

2053 561 2250 617 autem
2285 554 2862 636 duminterrogando
2893 559 3698 643 proponitorationem,Num

367 643 380 662 π
539 645 552 666 Ι
903 645 932 669 ,Ι
1125 648 1151 670 ν
1465 650 1478 670 ἱ
1517 647 1541 668 ἢ
1815 648 1829 666 \
1928 648 1942 669 Ἰ

327 667 430 712 την
458 643 720 722 ἐρωτησιν
778 647 1090 724 ἐποιησατο,
1131 672 1216 706 ινα
1260 651 1326 718 ἦν
1357 651 1417 707 τὸ
1447 653 1482 718 ἦ
1513 657 1872 721 οιαζευκτικον
1903 669 1974 708 εις

326 735 412 815 τὸ,
446 730 511 790 Ἦ
544 734 716 813 ἀγαθὴ
772 736 872 810 μὲν
916 738 951 805 ἡ
1011 739 1188 818 ψυχή’
1253 739 1374 797 ἀλλ’
1419 739 1566 804 εὐθὺς
1613 738 1800 804 ἐνέστη
1843 739 1974 816 πρὸς

324 824 426 890 τὴν
484 822 767 902 ἐρώτησιν,
815 828 901 882 καί
953 827 1154 884 τέθεικε
1186 830 1245 886 τὸ
1275 829 1310 898 ἢ
1342 827 1746 910 διασαφητικὸν,
1780 825 1972 906 λέγων’

325 910 390 969 Ἠ
437 911 685 980 δηλονότι
743 915 917 997 ἀγαθὴ
977 917 1076 993 μὲν
1104 920 1138 987 ἡ
1172 920 1324 998 φύσις
1371 925 1471 987 τῆς
1501 919 1712 1000 ψυχῆς,
1761 930 1883 982 ταῖς
1919 914 1974 972 δὲ

321 1005 608 1082 ἒνὲργείαις
661 1005 794 1062 ποτὲ
851 1007 948 1081 μὲν
1005 1007 1186 1072 καλῶς
1231 1008 1373 1088 ἔχει,
1435 1009 1564 1066 ποτὲ
1589 1007 1644 1064 δὲ
1679 1007 1740 1066 οὒ
1767 1005 1972 1066 καλῶς’

323 1090 452 1172 ὅπερ
479 1093 588 1149 ἐστὶ
620 1095 680 1150 τὸ
710 1093 1056 1169 μεταϐλητὴν
1091 1098 1256 1166 αὐτὴν
1307 1099 1472 1162 εἶναι,
1508 1101 1635 1161 Θεὸς
1667 1100 1792 1176 γοῦν
1822 1096 1975 1153 τοῦτο

323 1185 396 1244 ὡς
429 1181 650 1257 ἀληθὲς,
684 1186 772 1241 καὶ
807 1183 1163 1268 διασαφήσας,
1195 1189 1326 1267 πρὸς
1355 1212 1418 1246 το
1447 1194 1656 1266 πρῶτον
1716 1187 1972 1266 μάχεται,

324 1270 404 1328 ὅτι
437 1273 496 1328 οὒ
540 1273 688 1350 φύσει
720 1276 885 1356 κακὴ,
917 1273 954 1342 ἥ
989 1277 1128 1333 αἰτία
1158 1285 1336 1335 κακῶν
1367 1281 1400 1347 ἡ
1433 1280 1611 1358 ψυχή.

408 1543 437 1624 §
467 1541 674 1607 ΧΧΧΙ.
711 1535 871 1619 Ἔτι,
909 1553 985 1621 τῷ
1015 1547 1195 1626 ἀγαθῷ
1251 1549 1312 1605 τὸ
1369 1547 1532 1604 κακὸν
1589 1545 1846 1604 ἐναντίον’
1882 1545 1975 1603 τοῦ

327 1645 453 1713 γοῦν
484 1637 678 1715 ἀγαθοῦ
709 1635 882 1693 αἴτιον
913 1636 990 1718 ἓν,
1025 1645 1116 1695 τοῦ
1171 1637 1225 1694 δὲ
1285 1639 1447 1695 κοικοῦ
1477 1636 1670 1696 πολλά.
1719 1637 1972 1713 Σημείω-

325 1747 416 1782 σαι
455 1723 534 1805 δὲ,
565 1724 645 1781 ὅτι
678 1726 762 1782 ἐπὶ
793 1733 885 1784 τοῦ
937 1728 1135 1804 ἀγαθοῦ
1193 1730 1255 1784 τὸ
1305 1727 1481 1784 αἴτιον
1527 1729 1604 1802 μὴ
1649 1727 1811 1803 μόνον
1861 1728 1970 1782 ἐστὶ

326 1814 503 1894 λέγειν
532 1819 591 1872 'c'o
628 1818 927 1896 ποιητικὸν,
987 1816 1126 1875 ἀλλὰ
1177 1819 1263 1875 καὶ
1311 1819 1372 1874 το
1417 1816 1629 1896 εἰδικὸν,
1690 1819 1777 1873 καὶ
1825 1819 1886 1872 τὸ
1920 1816 1972 1872 τί

2058 661 2198 724 ergo
2219 644 2418 708 anima
2439 645 2728 708 malorum
2753 665 2932 708 causa
2949 647 3057 708 sit?
3076 669 3192 711 non
3221 669 3324 730 per
3339 650 3698 715 divisionem

2057 732 2482 825 interrogavit,
2510 737 2593 797 ita
2616 744 2678 797 ut
2709 737 2998 817 particula
3014 756 3094 800 an
3115 737 3470 817 disjunctiva
3491 741 3696 825 fuerit,

2059 843 2192 886 cum
2225 824 2374 886 dixit
2400 845 2414 888 :
2439 824 2542 888 An
2561 826 2767 888 anima
2789 825 3038 906 quidem
3061 826 3238 906 bona;
3269 829 3377 892 sed
3410 831 3569 894 illico
3600 824 3700 894 in?-

2058 915 2208 978 stitit
2234 915 2768 996 interrogationi,et
2789 916 2982 996 posuit
3001 917 3146 980 illud
3178 937 3261 982 im
3283 919 3697 994 declaratorie,

2057 1022 2126 1066 ac
2155 1004 2206 1065 si
2226 1005 2496 1068 diceret:
2525 1007 2619 1068 An
2646 1005 3056 1069 scilicet-bona
3082 1007 3322 1088 quidem
3347 1018 3558 1072 natura
3579 1009 3704 1073 ani-

2061 1111 2194 1168 mae,
2227 1094 2332 1156 sed
2367 1099 2424 1156 in
2459 1094 2902 1174 operationibus
2945 1094 3071 1156 suis
3105 1097 3428 1175 aliquando
3455 1099 3699 1180 quidem

2061 1183 2238 1258 bene,
2275 1185 2594 1265 aliquando
2635 1203 2774 1246 vero
2806 1203 2984 1248 secus
3016 1185 3220 1267 habet,
3267 1187 3424 1268 quod
3457 1197 3568 1270 est,
3603 1188 3702 1268 ip-

2055 1291 2180 1335 sam
2215 1293 2347 1336 esse
2379 1275 2750 1338 variabilem.
2783 1277 3024 1339 Ponens
3055 1277 3252 1358 itaque
3274 1279 3390 1340 hoc
3416 1287 3702 1360 tanquam

2053 1381 2283 1443 verum,
2321 1365 2758 1447 explicansque,
2770 1365 3026 1445 primum
3057 1368 3554 1448 oppugnat,quod
3579 1369 3705 1431 ani-

2057 1470 2153 1514 ma
2184 1472 2299 1514 non
2332 1458 2407 1517 sit
2438 1459 2652 1519 natura
2680 1473 2788 1518 sua
2820 1455 2998 1538 mala,
3030 1457 3121 1518 vel
3153 1474 3333 1519 causa
3369 1457 3688 1522 malorum.

2137 1541 2490 1622 §XXXI.Ad
2533 1545 2682 1624 haec,
2722 1544 2878 1608 bono
2922 1545 3146 1609 malum
3190 1555 3278 1609 est
3309 1548 3701 1631 contrarium,

2055 1631 2196 1694 boni
2227 1633 2429 1715 itaque
2457 1653 2632 1697 causa
2665 1653 2782 1696 una
2813 1644 2922 1710 est,
2961 1637 3101 1699 mali
3131 1654 3270 1698 vero
3305 1637 3526 1700 multae.
3549 1635 3701 1700 Nota

2054 1739 2216 1796 vero,
2252 1741 2372 1784 non
2404 1724 2597 1786 solum
2631 1723 2693 1785 in
2725 1723 2885 1786 bono
2911 1743 3148 1787 causam
3175 1725 3532 1789 emcientem
3553 1745 3702 1808 prae-

2053 1811 2263 1883 dicari,
2305 1831 2508 1875 verum
2555 1813 2730 1876 etiam
2787 1814 3120 1891 formalem,
3157 1823 3214 1877 et
3243 1816 3398 1896 quod
3433 1816 3574 1898 quid
3607 1821 3700 1880 est

325 1906 394 1971 ἧν
452 1903 616 1984 εἴναι,
673 1905 845 1968 καθώς
905 1906 992 1963 καὶ
1049 1908 1298 1986 ἀνωτέρω
1354 1907 1526 1985 ἔλεγε,
1587 1907 1714 1964 καθά
1758 1906 1960 1985 λέγεται

2055 1901 2193 1976 dici,
2229 1903 2582 1966 sicutetiam
2616 1904 2891 1986 superius
2921 1903 3170 1982 dixit,in
3204 1913 3489 1986 quantum
3522 1907 3696 1968 etiam

323 1995 412 2052 καὶ
468 1993 781 2072 ὧρισμένον.
837 1995 998 2052 Αἴτια
1035 1996 1086 2052 δὲ
1137 2000 1228 2054 τοῦ
1282 1998 1448 2054 κακού
1495 1997 1609 2054 ἐπεὶ
1640 2001 1735 2056 οὒκ
1767 1996 1966 2075 ἔχομεν

324 2083 497 2140 είπεϊν
541 2083 706 2140 εἰδικά
735 2083 880 2164 (οὒδὲ
925 2087 1024 2164 γὰρ
1056 2086 1165 2142 ἐστί
1207 2111 1258 2144 τι
1307 2087 1442 2143 κατὰ
1502 2087 1653 2166 φύσιν
1683 2087 1743 2142 τὸ
1778 2087 1961 2160 κακὸν,

321 2175 395 2237 ὡς
453 2171 514 2230 ἂν
559 2175 645 2230 καὶ
703 2176 934 2254 ὁρισθείη
998 2177 1084 2234 καὶ
1139 2174 1519 2255 εἶδοποιηθείη,
1578 2176 1770 2232 καὶτὸ
1821 2181 1868 2231 τ(
1900 2175 1966 2244 ἦν

348 2263 376 2319 ἴ
508 2262 557 2283 vu-
616 2282 632 2299 .
745 2266 756 2283 ς
885 2265 912 2286 ν
1070 2269 1084 2290 ,
1188 2267 1200 2281 ε
1310 2265 1332 2283 ’κ
1393 2267 1407 2282 ι
1485 2265 1498 2286 v
1585 2265 1600 2282 κ
1646 2266 1696 2301 Ps

321 2285 344 2320 ε
382 2285 464 2320 ναι
510 2285 607 2328 εςει
639 2268 656 2337 )
687 2262 772 2320 δια
821 2287 976 2322 τουτο
1035 2287 1094 2324 ου
1151 2289 1216 2322 τοι
1259 2268 1443 2338 εἰοικα,
1477 2263 1612 2320 alia
1657 2286 1710 2322 ια
1739 2287 1965 2332 ποιητιη.

319 2354 388 2408 κὰ
447 2353 690 2431 βούλεται
767 2353 964 2432 λέγειν’
1020 2357 1185 2412 ταῦτα
1236 2354 1290 2412 δὲ
1347 2357 1474 2412 εἰσιν
1535 2353 1669 2434 ἅπερ
1719 2353 1966 2432 ἀνωτέρω

319 2443 581 2519 ἐλλείψεις
637 2446 855 2524 μερικὰς
916 2447 1042 2524 ἔφη.
1099 2445 1236 2502 Εἶτα
1293 2445 1386 2501 ἵνα
1447 2444 1522 2520 μῆ
1565 2466 1647 2507 τις
1694 2443 1962 2524 ὕπολαϐῃ,

318 2533 399 2590 ὅτί
429 2534 493 2590 τὰ
522 2536 776 2601 ποιητικὰ
804 2533 969 2592 ταῦτα
1028 2541 1134 2592 τῶν
1191 2541 1371 2591 κακῶν
1421 2532 1667 2610 δυνάμεις
1725 2533 1822 2591 εἰσὶ
1878 2536 1968 2591 καὶ

318 2623 471 2701 λόγοι
514 2625 601 2682 καὶ
660 2621 804 2698 εἴδη,
849 2623 968 2682 καθ’
1025 2625 1112 2688 οὓς
1157 2623 1530 2698 εἷδοποιηοείη,
1567 2624 1749 2699 φησὶν,
1782 2621 1861 2680 ὅτι
1907 2627 1965 2682 οὒ

318 2713 565 2790 δυνάμεις
625 2715 770 2788 εἰσὶν,
839 2713 959 2771 ἀλλ’
1011 2712 1269 2791 ἀδυναμία
1332 2715 1420 2772 καὶ
1475 2711 1611 2789 μίξις
1668 2715 1774 2770 τῶν
1832 2713 1966 2772 ἀνο-

320 2803 488 2879 μοίων
560 2803 920 2883 ἀσύμμετρος.
975 2803 1363 2881 Ἐλλείμματος
1419 2805 1518 2883 γὰρ
1578 2803 1964 2878 ἐπισυμϐοἱντος

320 2893 398 2966 τῷ
426 2891 759 2968 ὑποκειμένῳ
813 2895 950 2950 κατὰ
1006 2895 1104 2962 τὴν
1151 2895 1368 2974 ἀρετὴν,
1429 2893 1538 2950 ἰδοὺ
1582 2893 1965 2974 παρυφίσταταί

319 3005 400 3047 τις
434 2984 614 3057 κακία,
647 2985 733 3039 καὶ
785 2983 862 3040 ἔτι
907 2983 1125 3055 πλείων,
1183 2985 1267 3041 οιαὶ
1314 2983 1392 3040 ἔτι
1438 2983 1656 3064 πλείων,
1689 2984 1776 3040 καὶ
1810 2993 1962 3042 τοῦτο

320 3069 403 3128 ἐπ’
435 3072 673 3145 ἄπειρον,
733 3075 818 3129 καὶ
861 3073 921 3129 τό
975 3071 1231 3136 παντελὲς
1263 3075 1296 3141 ἡ
1329 3074 1486 3129 κακία
1518 3077 1622 3152 οὔχ
1674 3072 1772 3138 ἕξει
1806 3072 1959 3134 ποτέ,

324 3160 512 3227 Καλῶς
573 3162 627 3217 δὲ
691 3161 906 3219 τέθειται
963 3166 1024 3219 τὸ
1085 3163 1632 3241 ἀσύμμετροςοὴγὰρ
1661 3163 1960 3242 σύμμετρος

2052 1990 2599 2056 deﬁnitumdicitur
2629 1995 2774 2057 Cum
2799 2001 2996 2056 autem
3025 1995 3164 2056 mali
3185 2013 3392 2058 causas
3411 1995 3699 2058 turmales

2049 2081 2352 2161 assignare
2370 2083 2914 2165 nequeamus(quia
2937 2083 3088 2144 nihil
3111 2091 3320 2147 natura
3348 2103 3454 2147 sua
3474 2085 3694 2148 malum
3763 2149 3768 2154 .

2049 2181 2160 2253 est,
2187 2173 2346 2234 unde
2367 2173 2602 2235 deliniri
2635 2173 2818 2254 possit
2840 2182 2902 2235 et
2925 2173 3289 2256 proprietate
3313 2173 3609 2255 insigniri,
3635 2185 3695 2236 et

2049 2262 2206 2341 quod
2237 2264 2378 2343 quid
2411 2273 2498 2326 est
2529 2261 2764 2344 habeat)
2800 2263 3023 2325 idcirco
3047 2263 3304 2326 nouvult
3333 2263 3536 2326 dicere
3561 2283 3700 2327 cau-

2049 2370 2142 2412 sas
2173 2352 2474 2425 formales,
2509 2353 2612 2414 sed
2641 2353 3000 2427 efﬁcientes;
3043 2353 3136 2414 hae
3176 2371 3313 2415 vero
3347 2367 3508 2436 sunt,
3549 2373 3695 2434 quas

2048 2443 2323 2522 superius
2355 2443 2622 2505 defectus
2657 2443 3050 2522 particulares
3082 2443 3688 2527 nominavit.Deinde,

2049 2547 2126 2592 ne
2157 2533 2284 2613 quis
2307 2533 2998 2612 suspicetur,efﬁcientes
3030 2533 3204 2596 hasce
3237 2533 3528 2596 malorum
3557 2553 3695 2596 cau-

2047 2638 2144 2682 sas
2167 2623 2696 2704 existere,virtutes
2717 2622 3360 2704 quasdam-acrationes
3380 2623 3691 2698 etformas,

2047 2711 2377 2774 secundum
2409 2731 2555 2794 quas
2578 2712 2732 2774 mala
2762 2712 2874 2774 ista
2893 2712 3694 2792 insigniantur,asserit,non

2047 2819 2180 2864 esse
2211 2801 2591 2877 virtutes,sed
2619 2799 3029 2882 impotentiam
3056 2811 3111 2864 et
3129 2801 3520 2882 incongruam
3551 2803 3686 2864 mis—

2048 2891 2270 2953 tionem
2295 2908 2495 2952 rerum
2522 2890 3082 2953 dissimilium.Cum
3103 2890 3264 2952 enim
3285 2890 3556 2972 subjecto
3579 2893 3691 2954 de-

2046 2980 2236 3043 fectus
2259 2981 2474 3062 aliquis
2493 2979 2710 3042 accidit
2744 2981 3073 3042 secundum
3099 2981 3556 3058 virtutem,ecce
3575 2981 3689 3044 ali-

2045 3089 2163 3147 qua
2185 3072 2454 3132 exoritur
2476 3070 2782 3150 malitia,et
2805 3070 3001 3131 adhuc
3035 3070 3314 3149 major,et
3337 3071 3530 3133 adhuc
3565 3091 3694 3134 ma-

2040 3160 2349 3241 jor,idque
2373 3160 2433 3220 in
2458 3159 2900 3234 inﬁnitum,nec
2925 3179 3189 3241 unquam
3210 3160 3429 3222 malitia
3451 3161 3696 3224 habebit

318 3249 457 3326 μίξις
526 3257 631 3307 τῶν
709 3251 981 3326 ἀνομοίων
1060 3249 1529 3327 εἱδοπέποιημένον
1586 3253 1636 3308 τί
1708 3252 1818 3309 ἐστι
1875 3253 1960 3310 καὶ

2049 3249 2496 3330 perfectionem.
2531 3249 2722 3312 Recte
2759 3267 2901 3310 vero
2943 3249 3166 3310 dicitur
3204 3251 3524 3329 immensa;
3555 3271 3690 3314 nam

317 3341 633 3420 ὡρισμένον,
664 3342 750 3399 καὶ
780 3339 865 3398 διὸ.
921 3348 1076 3398 τοῦτο
1118 3342 1250 3408 αὔτή
1305 3344 1364 3398 οὔ
1416 3345 1606 3418 κακὸν,
1653 3339 1773 3398 ἀλλ’
1819 3343 1959 3421 ἁγα-

2049 3340 2490 3420 proportionata
2513 3339 2784 3419 quaedam
2819 3337 3196 3400 dissimilium
3233 3341 3570 3401 commistio
3602 3350 3692 3403 est

316 3435 428 3506 θον,
488 3433 662 3496 καθὼς
708 3430 849 3488 ἔστιν
901 3429 1032 3488 ἰδεῖν
1090 3429 1174 3486 ἐπὶ
1234 3437 1331 3498 τῆς
1375 3432 1594 3512 ὑγιείας,
1642 3433 1960 3509 συμμετρίας

320 3519 480 3588 οὔσης
535 3527 642 3576 τῶν
699 3522 946 3578 ἐναντίων
996 3527 1211 3600 γυμῶνο
1246 3522 1332 3577 καὶ
1363 3521 1447 3578 ἐπὶ
1497 3528 1597 3590 τῆς
1629 3523 1955 3602 συμφωνίας,

318 3611 437 3678 ἥτις
492 3609 806 3690 πολυμιγῶν
863 3613 952 3668 καὶ
999 3611 1126 3690 δίχα
1184 3611 1511 3690 φρονούντων
1569 3612 1754 3678 ἔνωσις
1801 3611 1958 3692 λέγε-

317 3724 428 3780 ται,
458 3702 562 3758 τῶν
606 3709 729 3779 γοῦν
761 3703 896 3758 κατὰ
953 3701 1102 3780 φύσιν
1158 3701 1239 3757 ἀεὶ
1285 3702 1534 3764 ὡσαύτως
1591 3701 1852 3782 ἐχόντων,
1887 3704 1958 3767 ὡς

318 3790 626 3869 ὡρισμένων
681 3791 815 3846 κατὰ
870 3792 960 3846 τὸν
1018 3789 1114 3858 τῆς
1159 3791 1362 3870 φύσεως
1413 3791 1584 3851 αὐτῶν
1641 3791 1824 3870 λόγον,
1887 3795 1958 3851 Οὐ

320 3881 420 3958 γὰρ
459 3882 522 3936 ἐκ
552 3880 804 3959 γιγάρτου
854 3879 982 3935 ποτὲ
1040 3879 1192 3936 ἔλαια
1240 3880 1576 3955 ἀναφύσεται,
1609 3880 1732 3938 ἀλλ’
1775 3881 1956 3958 ἄμπε-

320 3968 410 4026 λο-
671 3977 758 4002 -υ
1061 3969 1086 3984 ν
1177 3968 1232 4026 -λ
1361 3969 1621 4028 ’>λ”λ’
1764 3972 1776 3988 κ
1891 3973 1945 4006 αλ

393 4014 410 4033 .,
443 3986 530 4027 οδο
582 3992 641 4026 εκ
681 3991 762 4027 μου
796 3991 1022 4048 norma:
1056 3993 1200 4046 αμπεε
1238 3993 1318 4046 ος,
1352 3993 1384 4026 α
1407 4010 1418 4026 ι
1507 3993 1530 4027 ε
1571 3993 1678 4035 αια,
1715 3982 1791 4030 Ta
1819 3995 1959 4030 κακα

319 4059 533 4138 ἀόριστά
578 4061 706 4139 εἷπι,
741 4061 831 4116 καὶ
885 4058 938 4115 ἐν
1002 4058 1184 4124 ἄλλοις
1215 4062 1302 4116 καὶ
1345 4059 1530 4127 ἄλλοις
1584 4061 1845 4136 ἆπειροις,
1873 4066 1962 4120 καὶ

319 4155 422 4206 τῶν
453 4151 634 4206 κακῶν
663 4147 803 4206 ἐστιν
835 4147 982 4229 ἀρχὴ
1015 4151 1100 4207 καὶ
1129 4148 1279 4213 τέλος
1310 4151 1370 4206 τὸ
1399 4151 1616 4228 ἀγαθόν’
1664 4154 1750 4208 καὶ
1797 4153 1961 4210 κακὰν

319 4240 419 4318 γὰρ
475 4245 774 4311 ποιοῦντες,
826 4238 1022 4316 ἀγαθὸν
1080 4251 1258 4296 ποιεῖν
1315 4239 1618 4314 νομίζομεν·
1654 4239 1707 4296 εἴ
1757 4264 1804 4297 τι
1862 4243 1960 4320 γὰρ

309 4331 634 4406 πράττομεν,
686 4329 748 4384 τὸ
800 4327 994 4406 ἀγαθὸν
1037 4331 1316 4392 ποθοῦντες
1362 4329 1686 4406 πράττομεν*
1745 4333 1788 4387 εἰ
1846 4329 1945 4410 γάρ

2044 3431 2183 3510 quid
2217 3429 2684 3512 proprietatibus
2712 3429 3067 3508 insignitum
3092 3447 3160 3490 ac
3184 3429 3521 3507 definitum,
3549 3431 3688 3492 424

2043 3530 2218 3601 atque
2231 3525 2384 3583 adeo
2400 3539 2518 3581 non
2533 3519 2889 3593 malum,sed
2909 3519 3160 3594 bonum;
3182 3521 3688 3597 quemadmodum

2042 3611 2244 3673 videre
2269 3618 2358 3672 est
2382 3613 2440 3671 in
2457 3609 2870 3690 sanitate,quae
2886 3608 3157 3671 consistit
3176 3609 3233 3670 in
3249 3612 3684 3673 contrariorum

2043 3700 2360 3762 humoruni
2388 3699 2870 3781 pr0portione;ac
2899 3699 2956 3760 in
2979 3698 3526 3780 congruentia,quae
3547 3701 3694 3764 dici-

2044 3801 2142 3852 tur
2166 3790 2642 3853 uniomultarum
2692 3799 2985 3862 rerum,et
3031 3789 3102 3851 ad
3135 3789 3364 3852 diversa
3407 3799 3686 3871 spectan-

2044 3881 2354 3962 tium,quze
2374 3880 2660 3942 videlicet
2681 3878 3013 3941 secundum
3038 3888 3309 3940 naturam
3329 3897 3570 3962 semper
3589 3900 3685 3943 eo-

2045 3971 2180 4034 dem
2207 3970 2383 4032 modo
2397 3989 2462 4033 se
2480 3969 2698 4032 habent
2721 3971 2876 4032 sicut
2893 3969 3152 4032 deﬁnitae
3171 3979 3444 4052 sunt,pro
3464 3981 3690 4035 natura:

2044 4081 2166 4124 sua)
2184 4061 2578 4123 ratione.Non
2610 4059 2768 4121 enim
2789 4078 3049 4138 unquam
3075 4077 3144 4120 ex
3172 4059 3343 4122 acino
3373 4060 3548 4142 oliva,
3577 4062 3686 4123 sed

2045 4149 2518 4229 vitispullulabit;
2544 4169 2654 4212 nec
2673 4167 2741 4212 ex
2770 4150 3030 4212 ossiculo
3055 4149 3224 4211 olivae
3253 4149 3412 4224 vitis,
3445 4150 3550 4212 sed
3571 4151 3687 4212 oli-

2044 4240 2294 4304 va.Ma|a
2319 4239 2628 4300 indeﬁnita
2660 4247 3004 4320 sunt,atque
3034 4237 3094 4299 in
3134 4237 3268 4300 aliis
3299 4246 3358 4300 et
3387 4239 3520 4300 aliis
3548 4240 3688 4302 inli-

2031 4331 2192 4394 nitis.
2228 4329 2379 4402 Quin
2411 4331 2584 4391 etiam
2621 4329 2908 4390 malorum
2938 4326 3294 4408 principium
3319 4346 3389 4390 ac
3421 4329 3560 4390 ﬁnis
3593 4339 3684 4392 est

307 4417 475 4475 ἐδόκει
525 4418 700 4484 πάντη
745 4418 933 4498 κακὸν,
971 4417 1064 4474 οὐκ
1093 4415 1152 4474 ἂν
1183 4417 1250 4486 ἧν
1293 4421 1433 4493 ὁρμὴ
1466 4421 1551 4475 καὶ
1584 4418 1759 4495 ἔφεσις
1789 4419 1946 4496 ἡμῶν

2049 4438 2276 4494 mnum;
2310 4437 2444 4480 nam
2478 4419 2615 4479 dum
2651 4418 2868 4478 malum
2911 4417 3186 4497 facimus,
3225 4417 3446 4480 bonum
3481 4419 3680 4482 facere

297 4509 427 4588 πρὸς
485 4507 684 4569 ἐκεῖνο,
719 4505 802 4564 διὰ
861 4517 1016 4566 τοῦτο
1065 4515 1190 4586 γοῦν
1247 4512 1352 4588 οὐχ
1407 4509 1694 4566 ὑπόστασιν
1725 4509 1842 4590 ἔχει
1885 4513 1946 4567 τὸ

2049 4509 2418 4590 irbitrainur;
2443 4507 2494 4570 si
2518 4509 2664 4586 quid
2690 4509 2849 4570 enim
2876 4507 3376 4582 facimus,bonum
3401 4519 3683 4590 appeten-

296 4600 459 4655 κακὸν
479 4599 608 4678 πρὸς
639 4597 670 4652 ὃ
697 4596 909 4674 βλέπων
938 4619 1017 4662 τις
1037 4597 1174 4661 ἴσως
1209 4598 1397 4655 έποίειο
1431 4597 1548 4654 ἀλλ’
1573 4601 1616 4656 εἰ
1647 4596 1746 4678 ἄρα
1782 4623 1946 4678 παρυ-

2049 4619 2120 4662 .es
2151 4581 2482 4674 facimusisi
2512 4581 2670 4660 enim
2698 4597 3002 4660 videretur
3023 4581 3267 4660 omnino
3299 4581 3686 4682 malum,nul-

295 4687 674 4768 πόστασιν,τοῦ
703 4691 900 4766 αγαθοῠ
931 4685 1106 4763 ἕνεκα,
1139 4690 1226 4745 καὶ
1253 4688 1358 4770 οὐχ
1391 4687 1576 4745 ἑαυτοῦ
1605 4689 1942 4769 γιγνόμενον,

2031 4689 2124 4752 lus
2156 4689 2216 4750 in
2241 4688 2412 4751 nobis
2433 4687 2507 4751 ad
2539 4687 2685 4751 illud
2713 4695 2871 4750 esset
2895 4696 3090 4749 motus
3119 4697 3178 4749 et
3206 4692 3683 4772 appetituszquo-

298 4776 460 4840 circa
509 4775 733 4838 malum
771 4795 890 4838 non
941 4775 1122 4839 habet
1155 4775 1627 4840 subsistentiam.
1661 4779 1735 4841 ad
1771 4798 1945 4859 quam
1999 4779 2135 4862 quis
2165 4779 2316 4862 forte
2376 4787 2658 4860 spectans
2689 4789 2994 4857 operetur,
3029 4777 3133 4840 sed
3189 4781 3352 4859 quasi
3387 4779 3681 4860 quodam-

299 4866 478 4928 modo
505 4864 978 4941 subsistentiam,
1015 4865 1156 4928 dum
1190 4867 1332 4929 boni
1363 4876 1423 4930 et
1449 4886 1567 4929 non
1600 4867 1788 4950 ipsius
1814 4888 1992 4934 causa
2018 4859 2164 4951 quid
2197 4859 2280 4931 ﬁt.

378 4955 410 5036 ἓ
435 4953 673 5020 XXXII.
707 4963 794 5032 Τῴ
823 4963 973 5030 κακῷ
1003 4959 1062 5013 τὸ
1088 4961 1227 5014 εἶναι
1279 4959 1416 5015 κατᾶ
1447 4956 1785 5035 συμϐεϐηκός
1812 4961 1948 5042 ἐστι,

301 5049 393 5104 καὶ
435 5049 495 5104 οὗ
551 5045 670 5104 καθ’
722 5047 870 5104 αὖτὼ
931 5044 1046 5106 οὐδὲ
1119 5048 1220 5126 γὰρ
1303 5047 1566 5128 ἐφιέμενοι
1623 5059 1715 5109 τοῦ
1760 5061 1945 5127 κακοῦ,

304 5143 561 5212 ποιοῦμεν
589 5137 616 5192 ὅ
647 5143 929 5212 ποιοῦμεν,
978 5133 1098 5194 ἀλλ’
1145 5136 1393 5217 ἐφιέμεθα
1439 5138 1535 5214 μὲν
1596 5147 1688 5197 τοῦ
1729 5140 1945 5223 ἀγαθοῦ,

305 5227 507 5305 γίνεται
537 5223 591 5282 δὲ
621 5227 682 5283 τὸ
729 5227 919 5283 κακόν·
983 5224 1120 5283 ὥστε
1171 5224 1255 5283 διὰ
1311 5229 1371 5284 τὸ
1420 5229 1616 5308 ἀγαθὸν
1679 5231 1740 5286 τὸ
1788 5232 1948 5288 κακὸν

304 5319 530 5395 γίνεται,
593 5316 907 5393 Θαομασίως
972 5317 1142 5374 τοίνύν
1191 5314 1414 5376 δείκνυσι
1477 5320 1538 5375 τὸ
1608 5322 1772 5377 κακὸν
1821 5321 1948 5377 ἀνυ-

303 5405 592 5480 πόστατον,
624 5407 716 5463 καὶ
766 5405 1012 5484 στέρησὶν
1069 5405 1196 5462 αὐτὸ
1249 5413 1345 5462 τῶν
1403 5407 1456 5463 ἐν
1499 5407 1640 5473 τάξει
1683 5411 1772 5465 καὶ
1801 5408 1948 5490 φύσει

303 5495 499 5574 λέγων·
533 5497 569 5564 ἡ
614 5492 670 5550 δὲ
729 5496 972 5572 στέρησις
1031 5497 1124 5552 οὐκ
1182 5497 1338 5554 αὒτοῦ
1378 5497 1689 5574 ὑπόστασις,
1724 5498 1858 5555 ἀλλὰ
1890 5503 1950 5557 τὸ

303 5587 540 5667 πεφυκὸς
590 5585 679 5642 καὶ
729 5583 1013 5641 ἐπιϐάλλον
1051 5598 1298 5664 παρεῖναι
1353 5589 1430 5660 μὴ
1477 5589 1667 5667 παρόν
1717 5587 1832 5646 ὅθεν
1864 5591 1950 5646 καὶ

303 5675 592 5756 ἁμαρτίαν,
624 5673 892 5732 τουτέστιν
923 5673 1158 5742 ἁτευξίαν
1191 5677 1276 5734 καὶ
1316 5677 1628 5736 ἀπόπτωσιν
1655 5686 1747 5738 τοῦ
1777 5701 1950 5758 προσ-

305 5767 558 5842 ήκοντος,
590 5762 719 5822 αὐτὸ
747 5765 808 5821 τὸ
848 5769 948 5833 τῆς
988 5766 1285 5848 στερήσεως
1339 5766 1499 5827 καλεῖ
1557 5769 1646 5827 καὶ
1691 5767 1923 5828 ἄσκοπον

834 5889 1094 5954 ΡΑτιιοῐ..
1126 5887 1237 5956 Gn.
1269 5889 1370 5962 ΠΙ.

1931 5818 1948 5856 2

2113 4958 2420 5040 ἓΧΧΧΠ.
2462 4960 2614 5022 Malo
2648 4966 2830 5021 status
2861 4965 2952 5020 est
2987 4975 3092 5038 per
3122 4956 3431 5041 accidens,
3463 4973 3524 5023 et
3561 4981 3680 5024 non

2035 5067 2141 5131 per
2169 5067 2270 5112 se:
2307 5066 2501 5130 neque
2533 5049 2694 5111 enim
2729 5047 3066 5130 appetendo
3093 5047 3312 5110 malum
3347 5049 3596 5113 facimus
3619 5051 3680 5116 id

2034 5141 2198 5219 quod
2222 5138 2602 5214 facimus,sed
2637 5141 2967 5220 appetimus
2998 5136 3240 5219 quidem
3283 5137 3680 5224 bonum,l‘aci-

2035 5247 2166 5290 mus
2189 5239 2383 5290 autem
2415 5228 2829 5309 malum;adeo
2853 5238 2916 5289 ut
2934 5235 3182 5308 propter
3195 5226 3416 5292 bonum
3449 5231 3672 5294 malum

2034 5317 2725 5399 tiat.Mirabiliteritaque
2753 5318 3014 5380 ostendit
3048 5317 3265 5380 malum
3308 5337 3426 5382 non
3477 5321 3678 5383 subsi-

2032 5417 2211 5486 stere,
2245 5408 2384 5470 dum
2420 5417 2586 5470 vocat
2608 5407 2753 5470 illud
2787 5407 3173 5484 privationem
3207 5427 3408 5472 rerum
3441 5409 3680 5474 ordina-

2035 5510 2222 5563 tarum
2253 5517 2326 5562 ac
2357 5498 2743 5576 naturalium;
2776 5499 3022 5580 privatio
3053 5506 3251 5560 autem
3286 5517 3392 5581 per
3419 5517 3486 5561 se
3505 5499 3678 5562 mini-

2035 5608 2131 5652 me
2161 5588 2571 5665 subsistit,sed
2602 5607 2736 5652 cum
2769 5588 3018 5652 deberet
3049 5595 3108 5651 et
3135 5587 3408 5667 exigeret
3433 5588 3674 5671 adesse,

2035 5696 2153 5742 non
2183 5677 2356 5740 adest
2387 5699 2402 5743 :
2435 5677 2594 5740 unde
2625 5678 2800 5741 etiam
2835 5679 3222 5760 privationem
3283 5685 3456 5740 vocat
3497 5680 3674 5759 ἁμαρ-

2032 5772 2170 5848 τίαν,
2203 5765 2264 5830 id
2297 5775 2385 5831 est
2413 5767 2852 5832 aberrationem
2905 5776 2962 5830 et
3015 5766 3244 5848 lapsum
3278 5785 3313 5828 a
3341 5767 3581 5850 decoro,
3615 5777 3676 5834 et

3359 5892 3436 5957 ‘26
