4156 6156
353 370 471 446 813

812 370 908 444 DE
951 370 1249 445 DIVINIS
1290 377 1736 454 NOMINIBUS,
1784 380 1950 444 CAP.
1999 369 2104 446 IV.
2151 409 2227 426 --
2283 377 2671 448 PARAHPR.
2723 377 3236 449 PACHYMERE.

3611 379 3728 452 814

350 521 455 575 θῶν
509 518 598 574 καί
626 515 1002 596 ἄγγελοειδῶν,
1059 520 1096 588 ἥ
1165 517 1282 593 περὶ
1312 517 1410 585 τήν
1453 520 1549 583 τῆς
1601 513 1987 594 ἄγγελοειδεὶας

2074 513 2365 579 bonorum
2381 525 2437 579 et
2456 518 3065 598 angelit‘ormium,aut
3086 519 3412 582 identitatis
3433 521 3718 601 angelica;

350 608 652 676 ταύτότητα
682 607 918 682 ἔλλειψις
947 608 1035 663 καὶ
1065 606 1313 664 ἂσθόνεϊά
1342 606 1476 668 ἐστι,
1510 605 1665 684 Λέγω
1697 603 1751 660 δὲ
1797 604 1878 660 ὅτι
1911 604 1999 660 γαὶ

353 697 496 754 οὗτοι
521 704 612 754 106
638 698 835 776 ἀγαθοῦ
865 697 1116 778 ἐφίενται,
1150 698 1278 754 καθὸ
1299 702 1392 753 τοῦ
1419 699 1586 768 εἶναι,
1629 693 1724 751 καὶ
1756 703 1850 753 τοῦ
1878 699 1995 775 ζῇν³

351 789 440 844 καὶ
493 796 584 846 τοῦ
615 791 757 844 νοεῖν
787 787 1017 867 ἐφίενται
1047 803 1062 818 ⁸
1109 788 1198 844 καὶ
1229 784 1280 852 ἐξ
1324 784 1641 867 ἀποφάσεως
1699 784 1992 864 ἐπιχειρεῖ’

351 879 412 935 Εἰ
442 877 536 935 οὐκ
587 878 818 956 ἐφιενται
861 876 953 934 106
981 877 1196 954 ἀγαθοῦ,
1252 879 1483 956 ἐφίενται
1539 875 1631 932 106
1685 875 1762 950 μὴ
1796 873 1944 939 ὄντος
1978 890 1992 905 ⁸

2082 605 2288 668 formae
2331 617 2418 669 est
2475 608 2728 671 defectio
2778 617 2836 670 et
2882 609 3286 674 imbecillitas.
3331 612 3475 675 Dico
3526 619 3728 674 autem

2081 694 2190 756 hos
2224 695 2446 758 bonum
2479 697 2917 771 desiderare,in
2953 707 3239 778 quantum
3284 710 3343 763 et
3386 719 3518 765 esse
3550 709 3609 765 et
3637 708 3728 764 vi-

2082 801 2218 848 vere
2252 794 2310 847 et
2330 786 2666 866 intelligere
2693 786 3122 865 desiderant;et
3145 809 3214 852 ex
3244 797 3571 853 assertione
3588 809 3726 854 con-

2079 874 2353 938 cludit:Sl
2371 895 2487 938 non
2503 877 2842 940 desiderant
2872 877 3464 959 bonum,desiderant
3491 880 3548 942 id
3565 881 3724 958 quod

349 968 437 1024 καὶ
466 965 621 1024 10610
650 969 828 1046 ἔφεσις
857 964 954 1021 οὒκ
998 964 1159 1040 ἔστιν,
1195 964 1411 1042 οὐδεμία
1439 966 1538 1044 γὰρ
1569 965 1744 1043 ἔφεσις
1771 985 1877 1020 τισι
1907 963 1989 1020 τοῦ

2075 964 2218 1024 426
2247 984 2366 1026 non
2395 975 2572 1044 est;et
2617 967 2730 1028 hoc
2779 986 2899 1028 non
2944 975 3034 1028 est
3063 967 3455 1045 desiderium,
3496 969 3724 1031 nullum

351 1058 427 1132 μῆ
459 1061 622 1136 εἶναι,
669 1055 805 1112 ἀλλὰ
825 1058 1090 1134 φθαρῆναι
1124 1070 1137 1085 ⁶
1172 1047 1295 1112 ἀλλ’
1325 1055 1554 1136 ἁμαρτία
1585 1057 1738 1112 τοῦτο
1767 1055 1867 1120 τῆς
1902 1051 1989 1109 ὅν-

2079 1053 2238 1116 enim
2269 1054 2648 1136 quibuspiam
2683 1055 3045 1119 desiderium
3079 1065 3168 1119 est
3200 1075 3316 1118 non
3350 1057 3727 1132 essendi,sed

347 1168 454 1211 τως
497 1147 749 1226 ἐφέσεως.

2079 1145 2407 1223 corrumpi;
2457 1153 2515 1206 at
2545 1146 2658 1208 hoc
2688 1151 2782 1208 est
2812 1164 2984 1208 error
3012 1146 3140 1208 veri
3185 1146 3492 1209 desiderii.

431 1236 460 1315 ᾗ
485 1233 726 1301 XXXV.
755 1225 974 1302 Ἐπειδὴ
999 1234 1179 1310 εἶπεν,
1214 1233 1294 1290 ὅτι
1321 1235 1382 1291 τὸ
1409 1235 1572 1291 κακὸν
1590 1233 1831 1291 ἀσθένειά
1859 1231 1989 1307 ἐστι¹

2157 1237 2183 1309 §
2211 1232 2594 1298 XXXV.Cum
2619 1235 3087 1317 dixerit,malum
3111 1235 3173 1296 in
3204 1254 3566 1318 unoquoque
3592 1255 3725 1301 esse

346 1327 436 1382 καὶ
467 1325 702 1402 ἔλλειψις
736 1333 829 1382 τοῦ
851 1323 904 1380 ἐν
935 1325 1146 1397 ἑκάστῳ
1160 1323 1523 1404 ἂγαθου,ξὲστι
1555 1322 1609 1380 δὲ
1641 1323 1693 1382 ἕν
1721 1328 1825 1380 τῶν
1856 1323 1989 1401 ἀγα-

2077 1320 2546 1387 imbecillitatem
2570 1335 2630 1387 et
2655 1324 3053 1388 defectionem
3083 1324 3249 1402 boni,
3287 1325 3578 1388 bonorum
3609 1345 3725 1390 au-

346 1418 452 1471 θῶν
485 1417 570 1472 καὶ
601 1417 632 1484 ἡ
661 1418 767 1471 τῶν
797 1413 975 1471 καλῶν
1033 1420 1259 1495 γνῶσις³
1297 1415 1386 1471 καὶ
1428 1411 1712 1471 ἀκολουθεῖ
1733 1415 1989 1492 ἱ-εντεῦθεν³

2081 1417 2197 1473 tem
2231 1413 2644 1496 malorumque
2675 1415 2750 1476 sit
2778 1433 2895 1476 una
2915 1414 3201 1495 cognitio,
3235 1423 3292 1477 et
3317 1415 3458 1477 hinc
3501 1434 3722 1498 sequa-

344 1511 520 1562 πᾶσαν
562 1505 659 1572 τὴν
708 1502 792 1561 διὰ
841 1503 1076 1584 πράξεως
1107 1503 1366 1582 ἁμαρτίαν
1427 1503 1656 1580 γίνεσθαι
1716 1501 1770 1558 ἐν
1798 1507 1866 1578 τῇ
1895 1499 1989 1556 ἐλ-

2074 1507 2378 1582 tur,omne
2411 1511 2718 1584 peccatum
2769 1504 3021 1567 actionis
3078 1505 3210 1568 fieri
3243 1504 3482 1569 defectu
3514 1505 3721 1568 istius-

345 1592 516 1670 λείψει
538 1595 632 1663 τῆς
664 1596 911 1661 τοιαύτης
944 1595 1214 1673 γνώσεως·
1263 1616 1378 1659 πως
1427 1591 1534 1650 ἔχει
1565 1595 1650 1667 τὸ,
1688 1593 1816 1650 0ὒαί
1867 1603 1989 1655 τοῖς

2074 1590 2234 1652 modi
2263 1593 2642 1672 cognitionis;
2697 1593 2997 1675 quomodo
3052 1592 3336 1656 subsistet
3388 1593 3536 1655 illud
3571 1616 3586 1654 :
3621 1596 3724 1658 Vae

344 1682 399 1740 ἐν
421 1685 614 1762 γνώσει
643 1685 1002 1763 ἁμαρτάνουσι
1035 1689 1048 1746 i
1081 1685 1169 1740 καὶ
1228 1684 1316 1764 1‘0,
1360 1682 1421 1740 Ὀ
1497 1682 1645 1748 εἰδὼς
1689 1684 1751 1739 τὸ
1780 1679 1989 1748 θέλημα

2074 1681 2456 1760 peccantibus
2469 1700 2603 1744 cum
2623 1681 2986 1761 cognitione!
3018 1690 3076 1744 et
3107 1682 3495 1746 illud:Sciens
3510 1686 3724 1748 volun-

344 1784 436 1833 106
495 1775 682 1853 Κυρίου
730 1779 908 1855 αὐτοῦ,
952 1776 1040 1832 καὶ
1123 1774 1201 1850 μὴ
1257 1779 1424 1830 ποιῶν
1483 1773 1635 1848 αὐτὸ,
1696 1769 1988 1851 δαρήσεταέ

2075 1776 2260 1865 tatem
2296 1773 2702 1865 Domini-sui,
2731 1778 2931 1865 et_non
2951 1774 3182 1865 faciens
3209 1790 3368 1865 eum,
3407 1774 3726 1865 capulabit

343 1864 582 1942 πολλὰς
612 1864 749 1922 ὥστε
783 1867 858 1942 μὴ
890 1863 1185 1942 γενομένης
1218 1867 1316 1932 τῆς
1348 1869 1440 1920 τοῦ
1475 1861 1641 1920 κα,λοῦ
1673 1860 1986 1942 ἐλλείψεως³

2074 1861 2354 1924 multis'“?
2372 1881 2489 1923 non
2514 1861 2646 1925 sine
2669 1862 2812 1925 boni
2827 1881 2932 1924 seu
2957 1863 3313 1942 cognitionis
3335 1863 3569 1925 defectu
3590 1883 3724 1946 pec-

343 1952 595 2022 δηλονότι
641 1959 738 2024 τῆς
796 1954 1069 2034 γνώσεως,
1130 1956 1164 2022 ἡ
1217 1953 1448 2032 ἁμαρτία
1507 1952 1704 2031 πέφυκε
1733 1952 1986 2028 γίνεσθαι.

2074 1956 2264 2010 catum
2291 1951 2420 2013 ﬁeri
2441 1951 2921 2033 possit.Mirabili
2947 1970 3091 2015 sane
3107 1952 3284 2014 modo
3301 1952 3548 2014 resolvit
3566 1972 3722 2035 quae-

344 2047 656 2120 Θαυμασίως
689 2047 812 2123 γοῦν
847 2043 956 2101 λύει
986 2045 1048 2100 τὸ
1078 2043 1298 2122 ἄπορον,
1357 2043 1436 2098 ὅτι
1477 2043 1698 2099 κάκεῖσε
1757 2038 1989 2116 ἔλλειψίς

343 2155 421 2200 τις
453 2133 760 2212 ἀκολουθεῖ,
792 2135 877 2190 καὶ
908 2133 1148 2191 ἀσθένεια
1183 2151 1198 2168 '
1247 2133 1516 2190 ἀσθενοῦσι
1546 2133 1647 2210 γὰρ
1678 2131 1920 2188 κᾶκετνοι
1953 2130 1988 2198 ἢ

342 2225 466 2302 περὶ
504 2225 604 2292 τῆν
637 2227 842 2305 πῖστινν
894 2225 968 2287 ὡς
999 2223 1276 2286 ἀκούοντες
1309 2223 1430 2297 μὲν,
1457 2221 1535 2298 μὴ
1563 2220 1783 2299 ἔχοντες
1809 2215 1862 2274 δὲ
1895 2241 1988 2275 τε-

342 2313 486 2371 λεία)
537 2315 709 2370 πίστιν
763 2314 870 2370 τῶν
927 2311 1231 2391 λεγομένων
1267 2328 1280 2343 ⁸
1315 2315 1352 2383 ἥ
1405 2313 1520 2391 περὶ
1567 2313 1664 2378 τὴν
1723 2311 1989 2392 ἐνέργειαν

341 2403 478 2458 κατὰ
509 2404 608 2470 τῆν
637 2405 983 2482 παρατροπὴν
1025 2403 1124 2467 τῆς
1155 2400 1396 2481 ὀρέξεως,
1457 2398 1645 2466 καθ’ἥν
1704 2405 1763 2460 οὐ
1795 2403 1988 2478 βούλε-

336 2502 423 2549 ται
449 2514 526 2554 τις
562 2493 620 2548 τὸ
650 2493 869 2570 ἀγαθὸν,
908 2490 1042 2547 ἀλλὰ
1071 2492 1132 2546 τὸ
1161 2493 1349 2547 κακὸν
1387 2489 1609 2546 καθόλου
1635 2490 1736 2568 γὰρ
1765 2492 1792 2547 ὀ
1822 2499 1988 2550 ποιῶν

339 2584 397 2636 τὸ
433 2581 595 2638 κακόν
626 2579 938 2658 δι’ἔλλειψιν
969 2581 1118 2637 ποιέϊ
1160 2588 1338 2661 10610,
1370 2579 1405 2648 ἢ
1437 2585 1536 2656 τῆς
1595 2580 1842 2657 γνώσεως
1892 2587 1991 2650 τῆς

336 2669 590 2737 διδακτῆς
646 2670 919 2750 δῆλοθότι³
990 2669 1054 2738 ἥν
1132 2674 1221 2728 καὶ
1275 2670 1414 2740 λήθή
1471 2669 1732 2735 πολλάκις
1781 2671 1991 2728 δύναται

337 2761 680 2838 ἀμαυρῶσαι,
713 2760 778 2828 ἤν
814 2760 912 2818 καΐ
938 2760 1186 2840 ἀνωτέρω
1216 2760 1318 2839 ἔφη
1341 2759 1393 2826 ἐξ
1445 2761 1610 2828 ἀκοῆς
1641 2759 1935 2840 ἐγγὶνεσθαι
1971 2777 1986 2792 ⁸

334 2851 370 2918 ἥ
404 2851 504 2914 τῆς
535 2848 769 2918 ἁλήστου
797 2850 1069 2930 γνώσεως,
1105 2848 1352 2917 δηλονότι
1392 2849 1488 2923 τῆς
1521 2849 1580 2906 ἐκ
1610 2855 1837 2929 φυσικῆς
1865 2853 1991 2912 θεω,

2071 2038 2351 2117 stionem,
2387 2041 2545 2121 quod
2579 2040 2859 2102 nimirum
2882 2043 2978 2104 hic
3010 2041 3184 2104 etiam
3211 2041 3564 2104 interveniat
3607 2044 3722 2106 de-

2072 2127 2250 2191 l'ectio
2294 2131 2565 2211 quaedam
2620 2139 2800 2210 atque
2849 2129 3257 2212 imbecillitas;
3289 2131 3566 2211 quoniam
3625 2132 3719 2195 illi

2071 2235 2308 2300 quoque
2339 2218 2820 2281 inﬁrmanturvel
2849 2221 3009 2282 circa
3041 2220 3242 2296 ﬁdem,
3268 2220 3351 2281 ita
3373 2221 3718 2298 utaudiant,

2073 2309 2177 2380 sed
2210 2309 2282 2368 iis
2311 2328 2444 2385 quae
2461 2308 2742 2372 dicuntur
2760 2310 2988 2372 ﬁrmam
3023 2310 3200 2372 ﬁdem
3229 2327 3350 2371 non
3373 2309 3721 2387 adhibeant;

2071 2397 2167 2457 vel
2189 2398 2350 2459 circa
2371 2397 3136 2478 operationem,secundum
3160 2398 3444 2461 desiderii
3475 2418 3722 2480 perver-

2075 2487 2331 2569 sitatem,
2364 2489 2522 2568 quod
2553 2487 2693 2550 velit
2721 2492 2854 2568 quis
2886 2507 3002 2549 non
3036 2488 3282 2564 bonum,
3315 2489 3420 2550 sed
3465 2490 3712 2572 malum;

2075 2575 2396 2639 universim
2432 2577 2590 2638 enim
2646 2578 2748 2658 qui
2792 2578 2935 2640 facit
2960 2578 3203 2659 malum,
3238 2587 3480 2659 propter
3510 2577 3715 2641 defec-

2073 2677 2203 2729 tum
2247 2665 2302 2727 id
2343 2665 2510 2747 facit,
2541 2666 2631 2728 vel
2665 2667 3021 2746 cognitionis
3070 2667 3301 2730 scilicet
3341 2667 3712 2746 doctrinalis,

2074 2775 2248 2837 quam
2282 2757 2372 2818 vel
2403 2757 2622 2818 oblivio
2654 2755 3068 2837 saapenumoro
3112 2756 3464 2820 oblitterare
3498 2766 3712 2838 potest,

2072 2864 2245 2927 quam
2270 2847 2445 2907 etiam
2463 2846 2738 2926 superius
2759 2846 2906 2907 dixit
2928 2866 2997 2909 ex
3021 2846 3223 2908 auditu
3255 2849 3716 2926 ingenerari;vel

337 2939 475 3018 ρίας,
499 2937 534 3006 ἦ
569 2938 914 3016 ὲλλάμψεως,
975 2938 1266 3003 ἀδιδάκτως
1315 2939 1741 3020 προσιγνομένης
1777 2961 1792 2977 ο
1825 2941 1860 3007 ἢ
1889 2946 1988 3010 τῆς

2074 2935 2310 3016 liquidae
2332 2935 2858 3014 cognitionis,quae
2890 2937 3171 2998 nimirum
3202 2955 3276 2998 ex
3319 2938 3712 2999 naturalime-

335 3029 587 3102 πίστεως,
622 3029 695 3092 ὣς
733 3030 939 3087 ἁκούων
970 3030 1090 3110 μὲν,
1155 3033 1232 3106 μῆ
1264 3029 1408 3110 ἔχων
1444 3027 1496 3084 δὲ
1527 3029 1733 3086 τελείαν
1763 3031 1862 3098 τὴν
1892 3032 1986 3086 πί-

2074 3025 2356 3088 ditatione
2386 3035 2485 3088 aut
2514 3025 2906 3089 illustrations
2935 3027 3065 3089 sine
3113 3025 3359 3089 doctore
3409 3028 3658 3090 inhaeret
3694 3047 3710 3104 ;

336 3141 451 3175 στιν
497 3121 628 3198 πρός
661 3121 726 3177 τὰ
770 3120 1036 3199 λεγόμενα
1071 3099 1153 3188 ζῆ
1211 3099 1332 3187 τῆς*
1366 3119 1617 3200 ἐφέσεως,
1679 3119 1759 3177 ὅτι
1806 3128 1985 3187 κακῶς

2074 3116 2162 3177 vel
2193 3116 2353 3191 ﬁdei,
2381 3116 2460 3178 ita
2497 3125 2560 3178 ut
2583 3117 2718 3194 quis
2749 3116 2948 3179 audiat
2973 3117 3354 3198 quidem,sed
3374 3137 3491 3180 non
3519 3099 3716 3199 perfe-

336 3209 536 3288 ἐφίεται
589 3209 686 3266 καῖ
717 3211 1007 3290 ἁμαρτάνει
1039 3211 1163 3288 περῖ
1193 3213 1294 3278 τὴν
1341 3211 1520 3291 ἔφεσιν
1554 3226 1568 3241 ⁸
1620 3208 1655 3277 ἥ
1709 3209 1806 3278 τῆς
1837 3209 1988 3290 ἐνερ-

334 3300 480 3378 γείας
524 3306 617 3356 τοῦ
665 3301 884 3380 ἀγαθοῦ,
945 3304 1017 3365 ὡς
1053 3299 1376 3377 βουλόμενος
1437 3300 1536 3375 μὲν
1599 3299 1880 3378 ἐνεργῆσαι
1928 3302 1990 3356 τὸ

336 3389 554 3467 ἆγαθὸν,
589 3388 1004 3466 ἐμποδιζόμενος
1035 3389 1091 3445 δὲ
1125 3389 1208 3449 διά
1237 3408 1309 3446 τι·
1359 3389 1476 3445 ὅθεν
1515 3390 1602 3445 καὶ
1645 3390 1750 3445 ἀπὸ
1805 3390 1990 3446 τούτου

337 3474 600 3533 εἰσϐάλλει
634 3480 848 3554 ἀπορία,
901 3482 1100 3553 Καίτοι,
1148 3481 1276 3559 φαίη
1308 3500 1387 3542 τις
1420 3477 1503 3554 ἄν,
1539 3480 1898 3559 συγγνωστὸν³
1933 3480 1992 3536 οὒ

334 3570 642 3644 τιμωρητὸν
677 3569 993 3635 ῆὰσθένεια.
1028 3567 1181 3625 Ἀλλ’
1212 3569 1356 3632 εὐθὺς
1389 3569 1423 3636 ἡ
1461 3567 1631 3633 λύσις,
1666 3572 1723 3626 Ei
1769 3568 1867 3643 μὲν
1897 3571 1993 3626 οὒκ

335 3657 566 3738 εἴχομεν
609 3660 670 3715 τὸ
701 3657 970 3740 δύνασθαι,
1005 3665 1183 3721 καλῶς
1214 3659 1276 3714 ἄν
1312 3659 1470 3738 εἶχεν
1499 3660 1528 3714 ὃ
1557 3657 1741 3738 λόγος’
1791 3658 1903 3716 ἐπεὶ
1936 3658 1990 3714 δὲ

335 3747 394 3804 ἐκ
441 3755 533 3805 106
563 3749 758 3827 ἀγαθοῦ
785 3751 924 3824 ἡμὶν
955 3752 1016 3806 1‘o
1045 3748 1314 3828 δύνασθαι,
1351 3751 1444 3805 οὒκ
1472 3748 1746 3806 ἐπαινετὸν
1776 3749 1810 3816 ἡ
1873 3751 1992 3825 περὶ

335 3839 398 3894 τὸ
458 3839 654 3916 ἀγαθὸν
705 3839 957 3916 ἁμαρτία,
1018 3837 1186 3896 Ἀλλὰ
1236 3840 1400 3894 ταῦτα
1431 3839 1529 3914 μὲν
1573 3837 1627 3894 ἐν
1659 3837 1822 3918 ἑτέρῳ
1853 3860 1988 3916 συγ-

336 3928 609 4006 γράμματι
640 3926 975 4010 διελάϐομεν²
1022 3929 1138 3986 καθ’
1176 3928 1236 3996 ἤν
1282 3929 1648 4008 πραγματείαν
1691 3931 1779 3986 καὶ
1831 3933 1988 4010 ἡγω-

337 4019 591 4094 νισάμεθα
643 4021 777 4098 πρὸς
821 4024 942 4083 τοὺς
993 4022 1109 4098 περὶ
1165 4021 1366 4077 τούτων
1397 4020 1730 4099 σοφιστικοὺς
1763 4022 1850 4076 καί
1880 4042 1988 4076 πα-

335 4107 592 4188 ράερρονας
638 4108 829 4188 λόγους
855 4126 868 4140 ⁸
930 4117 1018 4168 νῦν
1075 4109 1129 4166 δὲ
1161 4112 1299 4185 ἡμῖν
1345 4108 1642 4188 ἀρκούντως
1699 4113 1760 4165 τὸ
1793 4111 1989 4188 ἀγαθὸν

332 4198 587 4279 ὕμνηται²
634 4201 708 4264 ὡς
737 4201 950 4257 πάντων
984 4205 1088 4256 τῶν
1121 4201 1329 4278 ἀγαθῶν
1361 4199 1562 4273 αἴτιον,
1617 4203 1714 4256 καὶ
1748 4205 1854 4254 τῶν
1886 4222 1990 4255 καο

335 4291 442 4346 κῶν
475 4290 726 4347 ἀναίτιον·
759 4293 830 4352 ὡς
863 4288 1147 4362 εἷδοποιὸν,
1180 4290 1267 4346 mli
1306 4291 1379 4353 ὡς
1425 4288 1586 4368 πέρας
1627 4295 1731 4346 τῶν
1765 4287 1929 4346 ὄντῶν
1969 4306 1984 4322 ⁸

2073 3216 2165 3268 cte
2196 3206 2402 3268 credat
2431 3225 2501 3268 ea
2515 3225 2644 3287 quas
2675 3207 2978 3284 dicuntur;
2999 3207 3088 3269 vel
3119 3207 3499 3283 desiderii,ut
3528 3226 3715 3288 quan-

2075 3298 2148 3358 do
2173 3297 2304 3376 quis
2322 3297 2473 3358 male
2501 3297 2801 3360 desiderat
2830 3305 3106 3378 etpeccat
3133 3298 3294 3360 circa
3320 3297 3708 3372 desiderium;

2071 3386 2163 3448 vel
2199 3386 2562 3468 operationis
2587 3386 2778 3462 bonae,
2815 3388 2898 3449 ita
2929 3395 2991 3449 ut
3022 3387 3164 3450 velit
3211 3387 3452 3467 quidem
3486 3385 3713 3450 bonum

2074 3494 2347 3555 agere,re
2370 3484 2566 3539 autem
2588 3477 2863 3557 quapiam
2890 3477 3310 3558 praepediatur.
3348 3477 3509 3538 unde
3531 3478 3712 3540 etiam

2075 3567 2214 3627 hinc
2239 3567 2432 3628 oritur
2456 3565 3105 3647 defectus.Atquidicet
3125 3566 3716 3647 aliquis,condonan-

2075 3659 2216 3718 dum
2251 3674 2385 3719 esse
2410 3656 2910 3732 inﬁrmitatem,et
2932 3657 3179 3718 minime
3211 3657 3596 3736 puniendam.
3632 3655 3722 3718 En

2074 3747 2136 3809 in
2166 3756 2440 3828 promptu
2461 3747 3024 3827 solutio.Siquidem
3059 3747 3310 3809 facultas
3341 3765 3459 3808 non
3491 3765 3718 3828 suppe-

2070 3845 2246 3913 teret,
2282 3847 2444 3901 recte
2474 3838 2680 3915 utique
2732 3837 2791 3899 id
2840 3837 3142 3900 diceretur
3177 3857 3194 3919 ;
3254 3855 3387 3898 cum
3419 3845 3614 3899 autem
3649 3855 3722 3899 ex

2074 3929 2230 3990 bono
2266 3927 2438 3990 nobis
2468 3929 2548 3991 sit
2566 3945 3146 4009 posse,nequaquam
3179 3925 3492 3988 laudabilis
3523 3936 3612 3988 est
3629 3927 3714 3989 la-

2073 4037 2215 4099 psus
2244 4019 2405 4079 circa
2434 4017 2735 4080 bonum.V
2741 4036 2910 4080 erum
2943 4018 3067 4079 hzec
3093 4017 3155 4078 in
3189 4025 3435 4078 tractatu
3462 4017 3718 4097 quodam

2071 4111 2184 4171 alio
2209 4107 2621 4189 explicuimus,
2639 4111 2695 4170 in
2720 4127 2837 4188 quo
2861 4116 3108 4169 tractatu
3137 4106 3539 4188 quorumdam
3572 4125 3717 4187 cap-

2072 4200 2251 4260 tiosas
2282 4207 2340 4259 et
2368 4198 2614 4260 stolidas
2635 4202 2900 4258 rationes
2923 4195 3548 4276 impugnavimumjam
3575 4214 3713 4258 vero

2070 4308 2106 4352 a
2135 4288 2307 4351 nobis
2335 4289 2478 4349 satis
2509 4287 2809 4349 laudatum
2845 4285 3269 4367 estbonum,ut
3292 4302 3471 4347 causa
3497 4286 3711 4347 estbo-

335 4378 496 4457 πέρας
529 4378 581 4436 δὲ
605 4385 664 4439 06
692 4381 933 4458 φυσικὸν,
989 4377 1124 4436 ἀλλὰ
1153 4378 1538 4458 δημιουργικὸν
1571 4379 1655 4457 (τὸ
1693 4379 1792 4457 γὰρ
1821 4401 1977 4457 φυσι-

2074 4397 2276 4441 norum
2303 4381 2591 4458 omnium,
2614 4385 2672 4438 et
2703 4376 2924 4436 nullius
2948 4377 3180 4452 mali;ut
3200 4384 3290 4438 est
3307 4393 3485 4438 causa
3509 4376 3714 4438 formae

334 4469 430 4525 κόν
456 4469 620 4548 πέρας
651 4469 704 4526 ἐν
728 4476 805 4543 τῷ
835 4469 1209 4548 περατουμένῳ
1240 4469 1386 4548 ἐστὶ,
1431 4470 1503 4533 ὡς
1533 4470 1567 4536 ἦ
1596 4470 1797 4546 στιγμὴ
1829 4468 1882 4524 ἐν
1911 4474 1980 4546 τῇ

2074 4469 2331 4533 effectrix
2353 4487 2423 4529 ac
2459 4468 2595 4529 ﬁnis
2628 4467 2994 4539 rerum,ﬁnis
3031 4475 3228 4528 autem
3255 4483 3374 4527 non
3399 4465 3704 4541 naturalis,

333 4558 612 4640 γραμμῆ·)
660 4562 732 4626 ὡς
754 4561 848 4616 καί
882 4560 1010 4616 τῦτὰ
1052 4561 1119 4617 τὰ
1147 4560 1287 4616 κακὰ
1313 4560 1592 4637 ἁγαθῦνον,
1626 4559 1713 4614 καὶ
1755 4557 1834 4614 ὅτι
1865 4564 1975 4614 πᾶ-

2074 4560 2163 4623 sed
2191 4558 2457 4620 efﬁciens
2474 4557 2796 4626 (terminus
2815 4556 2975 4617 enim
3006 4557 3290 4620 naturalis
3308 4564 3396 4616 est
3418 4555 3480 4617 in
3499 4553 3710 4616 termi-

333 4670 415 4706 σιν
447 4649 588 4706 ἐστιν
617 4652 825 4728 ἒφετὸν,
859 4651 948 4707 καὶ
977 4651 1074 4707 ὅσα
1100 4648 1236 4706 ἂλλα
1266 4651 1294 4705 ὁ
1325 4647 1480 4724 λόγος
1510 4645 1772 4714 ἀπεδειξε.

2074 4649 2390 4722 nato,sicut
2416 4655 2698 4728 punctum
2730 4645 2791 4708 in
2822 4645 2998 4718 linea)
3025 4656 3087 4708 ut
3121 4647 3218 4729 qni
3254 4647 3429 4708 etiam
3456 4647 3714 4728 ipsamet

333 4737 490 4800 mala
535 4737 690 4800 bona
716 4737 932 4817 reddit,
967 4747 1027 4803 et
1056 4737 1160 4818 qui
1189 4736 1466 4800 omnibus
1495 4737 1572 4800 sit
1599 4737 1966 4819 expetendus
1997 4749 2056 4807 et
2102 4738 2390 4803 amandus
2421 4746 2480 4801 et
2509 4736 2864 4817 diligendus,
2892 4751 2952 4801 et
2981 4755 3348 4820 quaecunque
3379 4736 3495 4800 alia
3523 4733 3710 4798 oratio

333 4827 792 4894 demonstravit.

416 5023 459 5054 ιιι
486 5009 630 5072 Luc.
662 5025 768 5085 xu,
802 5011 901 5074 47.
