4156 6156
526 364 646 430 819

1725 362 1784 429 s.
1834 361 2178 427 DlONYSII
2221 340 2736 427 AREOPAGlT/E

3792 363 3912 431 820

2143 522 2286 604 sv.

604 691 797 755 Altius
829 692 1027 773 itaque
1058 694 1423 770 repetentes,
1459 687 1732 751 dicamus
1761 688 1943 750 rebus
1976 686 2227 748 omni-A

525 782 636 847 bus
658 793 716 845 et
736 784 1097 862 sevis,ipsum
1120 796 1252 842 esse
1281 778 1357 840 ab
1398 797 1469 840 eo
1498 777 1602 860 qui
1634 778 1984 858 praaexstitit
2007 774 2168 838 exis-

525 880 674 936 tere.
698 874 893 950 Atque
922 888 1100 931 omne
1131 868 1373 950 quidem
1404 886 1593 932 aevum
1626 886 1694 931 ac
1719 876 1955 949 tempus
1986 885 2055 928 ex
2076 865 2169 945 ip-

526 982 615 1036 so,
644 963 842 1024 omnis
871 978 1008 1022 vero
1024 960 1128 1021 aevi
1160 978 1229 1020 ac
1262 958 1573 1040 temporis,
1600 957 1812 1035 reique
1844 954 2171 1037 cujuslibet

524 1051 882 1134 principium
906 1068 974 1112 ac
1003 1066 1181 1111 causa
1208 1048 1260 1109 is
1291 1054 1380 1109 est
1404 1047 1506 1128 qui
1545 1047 1891 1129 praeexistit;
1926 1055 1984 1108 et
2015 1065 2165 1108 cun-

523 1150 613 1204 cta
643 1141 835 1222 ipsum
868 1137 1318 1219 participant,et
1337 1154 1372 1197 a
1398 1136 1562 1198 nullo
1596 1136 1821 1197 entium
1850 1134 2169 1216 recedit;et

522 1231 651 1312 ipse
683 1237 773 1292 est
795 1238 935 1291 ante
959 1227 1540 1308 omnia,etuniversa
1561 1226 1624 1289 in
1654 1227 1783 1308 ipso
1807 1232 2163 1300 consistunt,

522 1329 581 1385 et
608 1319 961 1400 simpliciter
991 1317 1040 1379 si
1063 1318 1207 1398 quid
1231 1316 1681 1395 quomodolibet
1731 1316 1945 1393 existit,
1975 1316 2037 1376 in
2068 1314 2166 1394 ip-

522 1429 588 1473 so
613 1417 875 1492 prazente
895 1417 1022 1470 tum
1054 1417 1300 1490 est,tum
1321 1406 1706 1487 intelligitur,
1736 1414 1858 1468 tum
1889 1405 2169 1480 salvetur;

2336 683 2721 753 Ἀναλαϐόντες
2773 688 2861 745 οὖν
2914 686 3184 764 εἴπωμεν,
3245 686 3326 743 ὅτι
3357 694 3486 745 πᾶσι
3516 701 3642 754 τοῖς
3675 693 3802 748 οὖσι
3833 692 3924 748 καὶ

2253 789 2373 840 τοῖς
2404 777 2556 832 αἰῶσι
2603 776 2665 833 τὸ
2694 775 2838 833 εἶναι
2888 777 3031 856 παρὰ
3090 786 3181 835 τού
3231 778 3487 856 προόντος
3532 777 3619 843 64.
3675 783 3782 840 Καὶ
3815 788 3920 846 πᾶς

2255 865 2353 941 μὲν
2383 865 2511 924 αἰὼν
2541 866 2628 923 καὶ
2658 865 2851 946 χρόνος
2900 865 2952 932 ἐξ
3000 868 3178 946 αὑτοῦ,
3224 869 3423 932 παντὸς
3464 868 3518 927 δὲ
3578 871 3669 927 καὶ
3723 872 3919 936 αἰῶνος

2253 956 2343 1011 καί
2372 956 2597 1036 χρόνου,
2629 957 2719 1012 καὶ
2748 956 2945 1019 παντὸς
2977 958 3220 1016 ὁπωσοῦν
3249 955 3425 1035 ὄντος,
3460 961 3488 1016 ὃ
3534 961 3720 1039 προὼν
3769 962 3918 1042 ἀρχὴ

2254 1047 2341 1102 καὶ
2397 1045 2558 1102 αἰτία⁸
2638 1046 2727 1102 καὶ
2783 1047 2954 1103 πάντα
3014 1046 3171 1103 αὐτοῦ
3253 1048 3501 1131 μετέχει,
3560 1052 3651 1108 καὶ
3706 1049 3919 1117 οὐδενὸς

2252 1142 2361 1192 τῶν
2418 1133 2586 1192 ὅντων
2642 1134 2958 1193 ἆποστατεϊ²
3005 1137 3091 1192 καὶ
3143 1135 3301 1201 αὖτὸς
3351 1139 3461 1195 ἐστι
3518 1142 3619 1219 πρὸ
3670 1139 3916 1212 πάντων⁹

2251 1227 2341 1283 καὶ
2369 1225 2437 1281 τὰ
2480 1246 2655 1282 παντα
2698 1224 2752 1282 ἐν
2784 1225 2928 1300 αὒτῷ
2984 1225 3295 1293 συνέστηκε·
3336 1229 3425 1285 καὶ
3481 1228 3697 1305 ἅπλῶς,
3759 1230 3815 1287 εἴ
3867 1253 3915 1287 τι

2252 1314 2491 1373 ἐπωσοὸν
2521 1315 2684 1387 ἐστιν,
2735 1314 2789 1371 ἒν
2821 1321 2898 1390 τῷ
2952 1315 3166 1394 προόντι
3214 1319 3302 1375 καὶ
3347 1318 3485 1390 ἓστι,
3537 1319 3631 1376 καΐ
3667 1319 3913 1377 ἒπινὸεϊο

2257 1426 2366 1479 ται,
2422 1405 2510 1461 καὶ
2568 1403 2814 1476 σῶζεται.
2882 1406 3001 1483 κραὶ
3056 1407 3157 1483 πρὸ
3214 1412 3319 1463 τῶν
3390 1408 3566 1466 ἄλλων
3609 1412 3778 1470 αὒτοῦ
3809 1432 3911 1484 με-

522 1510 581 1563 et
612 1508 749 1562 ante
779 1499 923 1561 alias
954 1498 1085 1579 ejus
1142 1496 1651 1579 participationes
1702 1495 2159 1577 praesupponitui

2258 1493 2439 1575 τοχῶν
2466 1492 2618 1551 οὔτὸ
2648 1494 2791 1552 εἶναι
2842 1492 3218 1573 προϐέϐληται·
3280 1497 3368 1555 καὶ
3421 1497 3562 1556 ἴστιν
3615 1499 3751 1558 αὖτὸ
3796 1500 3914 1558 καθ’

517 1589 714 1671 ipsum
746 1607 901 1666 esse,
933 1597 995 1649 et
1020 1593 1112 1649 est
1140 1592 1333 1667 ipsum
1384 1604 1494 1668 per
1534 1603 1602 1648 se
1660 1604 1793 1648 esse
1842 1584 2160 1666 antiquius,

2258 1586 2387 1641 αὑτὸ
2413 1586 2473 1641 τὸ
2521 1583 2662 1641 εἶναι
2719 1583 3069 1664 πρεσϐύτερον
3122 1593 3217 1644 τοῦ
3269 1586 3538 1660 αὖτοζωιὶν
3585 1590 3767 1671 εἶναι,
3823 1593 3916 1648 καὶ

520 1698 699 1757 quam
741 1697 873 1741 esse
905 1695 1010 1758 per
1041 1694 1107 1740 se
1139 1676 1339 1750 vitam,
1376 1684 1435 1738 et
1465 1695 1571 1758 per
1600 1694 1665 1738 se
1704 1676 2071 1757 sapientiam,
2106 1682 2159 1736 et

2247 1678 2566 1756 αὖτοσοφίαν
2597 1676 2765 1751 εἶναι,
2798 1678 2887 1733 καὶ
2915 1676 3343 1754 οἰῦτοομοιότητα
3398 1682 3541 1738 θείαν
3584 1682 3765 1764 εἶναι,
3827 1686 3916 1740 καὶ

434 1846 439 1849 Α
520 1787 628 1850 per
656 1787 722 1830 se
754 1766 1206 1830 similitudinem
1241 1766 1531 1848 divinam,
1561 1775 1621 1829 et
1648 1784 2020 1847 quaecunque
2050 1764 2159 1826 alia

2246 1768 2313 1826 τὰ
2342 1764 2478 1824 ἄλλα
2507 1766 2647 1823 ὅσων
2688 1768 2755 1824 τὰ
2803 1764 2929 1824 ὄντα
2987 1767 3308 1849 μετέχοντα,
3346 1772 3446 1849 πρὸ
3491 1772 3709 1830 πάντων
3741 1775 3910 1831 αὐτῶν

519 1857 952 1939 participantur
981 1854 1055 1917 ah
1087 1854 1161 1918 iis
1211 1874 1348 1936 quae
1401 1864 1559 1931 sunt,
1610 1864 1749 1917 ante
1802 1872 2040 1916 omnem
2072 1852 2159 1915 sui

2245 1864 2341 1916 τοῦ
2395 1870 2537 1914 εἶναι
2596 1856 2840 1937 μετέχει’
2902 1856 3109 1933 μᾶλλον
3168 1858 3224 1917 δέ
3278 1861 3367 1918 καὶ
3424 1861 3549 1918 αὐτὸ
3601 1864 3723 1921 καθ’
3784 1866 3914 1922 αὑτὰ

522 1947 1037 2028 participationem
1073 1945 1428 2026 participant
1458 1963 1612 2025 esse;
1648 1944 1767 2005 imo
1805 1962 1941 2005 vero
1985 1943 2159 2005 etiam

2255 1948 2451 2027 πάντα,
2484 1949 2557 2003 ὧν
2587 1947 2653 2003 τὰ
2682 1947 2811 2003 ὅντα
2841 1948 3087 2028 μετέχει,
3147 1955 3239 2006 τοῦ
3264 1953 3395 2010 αὐτὰ
3423 1949 3540 2009 γαθ’
3587 1955 3721 2011 αὗτὸ
3767 1956 3914 2013 εἷναί

528 2039 658 2119 ipsa
687 2035 1022 2099 secundum
1055 2053 1189 2112 quae
1238 2044 1380 2097 sunt
1416 2034 1640 2115 omnia,
1674 2052 1810 2113 qum
1837 2032 1909 2095 ab
1941 2033 2015 2096 iis
2045 2050 2159 2114 qua

2263 2036 2507 2117 μετέχει.
2573 2037 2661 2092 καὶ
2710 2034 2855 2092 οὐδέν
2915 2036 3054 2093 ἐστιν
3108 2038 3192 2112 ὃν,
3226 2038 3285 2096 οὗ
3316 2041 3393 2115 μὴ
3439 2040 3580 2098 ἐστιν
3633 2043 3783 2099 cini:
3828 2040 3908 2102 καὶ

526 2137 659 2188 sunt
749 2125 1202 2206 participantur,
1256 2123 1451 2204 ipsum
1528 2141 1634 2204 per
1702 2142 1766 2185 se
1838 2142 1969 2184 esse
2039 2141 2159 2203 par-

2264 2127 2392 2183 αἰὼν
2421 2128 2480 2181 τὸ
2514 2128 2640 2184 aut?)
2672 2124 2811 2183 εἴναι
2873 2126 3090 2182 Πάντων
3132 2129 3220 2184 05v
3251 2129 3467 2194 εἰκότως
3497 2128 3563 2179 66
3591 2138 3703 2188 τῶν
3735 2132 3908 2190 ἄλλων

521 2215 821 2296 ticipaut;
880 2223 938 2275 et
976 2213 1127 2275 nihil
1190 2224 1301 2289 est,
1339 2215 1509 2294 cujus
1556 2218 1745 2295 ipsum
1793 2231 1897 2294 per
1950 2231 2015 2275 se
2045 2231 2159 2274 essr

2262 2213 2727 2296 ἀρχηγικώτερον,
2780 2216 2852 2279 ὡς
2902 2214 2997 2289 ὥν,
3047 2218 3074 2273 ὁ
3119 2219 3249 2283 Θεὸς
3298 2219 3358 2274 ἐκ
3407 2219 3505 2287 τῆς
3550 2220 3905 2300 πρεσϐυτέρας

519 2325 639 2367 non
666 2307 740 2367 sit
767 2305 1036 2368 essentia
1064 2314 1123 2369 et
1152 2323 1367 2368 ravum.
1418 2306 1576 2366 Deus
1606 2305 1783 2383 igitur
1812 2322 1945 2366 cum
1978 2304 2076 2383 sit,
2114 2318 2159 2364 ul

2261 2306 2366 2362 τῶν
2398 2303 2574 2360 ἄλλων
2604 2307 2763 2363 αὐτοῦ
2823 2302 3032 2383 δωρεῶν
3087 2307 3327 2381 ὑμνεῖται
3358 2322 3371 2338 ·
3426 2311 3513 2365 καὶ
3542 2311 3646 2390 γὰρ
3676 2312 3737 2367 τὸ
3767 2334 3899 2388 προ-

512 2406 982 2460 consentaneum
1016 2402 1127 2477 est,
1156 2394 1447 2457 omnibus
1467 2394 1601 2457 aliis
1624 2400 1813 2474 magis
1857 2393 2159 2475 principia-

2255 2407 2395 2450 εἶναι
2445 2395 2533 2451 καὶ
2574 2395 2847 2473 δπερεϊναι
2890 2394 3140 2475 προέχων
3201 2398 3285 2453 καὶ
3328 2398 3632 2481 ὑπερέχων,
3665 2402 3728 2457 τὸ
3760 2403 3897 2457 εἶναι

517 2487 612 2567 lis,
649 2486 721 2547 ab
748 2485 1090 2566 antiquiore
1114 2485 1270 2547 dono
1301 2503 1409 2546 suo
1441 2484 1713 2546 laudatur
1744 2492 1807 2547 ut
1836 2502 1967 2559 ens;
1988 2484 2159 2564 siqui-

2251 2490 2356 2539 πᾶν
2384 2481 2470 2555 67,
2504 2483 2629 2539 αὑτό
2672 2506 2813 2564 φημι
2867 2482 2982 2541 καθ’
3036 2487 3162 2542 αὐτὸ
3216 2488 3279 2543 τὸ
3327 2488 3492 2561 εἶναι,
3555 2490 3899 2567 προῦπεστή-

513 2578 648 2638 dem
701 2575 866 2655 prius
917 2594 1050 2637 esse
1091 2583 1151 2635 ct
1205 2574 1600 2636 excellentius
1649 2592 1779 2635 esse
1834 2591 1966 2635 cum
2003 2574 2169 2653 prius

510 2664 727 2727 habeat
754 2669 817 2727 et
841 2664 1238 2727 excellentius
1266 2663 1677 2745 habeat,prius
1698 2663 1837 2725 fecit
1858 2680 1990 2725 esse
2011 2662 2167 2743 quod

512 2753 855 2836 esl,ipsum,
878 2753 1149 2834 inquam,
1185 2772 1292 2834 per
1312 2771 1377 2816 se
1400 2761 1620 2830 esse,et
1649 2772 1756 2833 per
1776 2753 1967 2833 ipsum
1991 2770 2169 2814 omne

512 2844 669 2925 quod
704 2843 1253 2924 quomodocunque
1284 2855 1400 2918 est,
1449 2842 1735 2906 exsistere
1795 2842 1953 2903 fecit.
1992 2842 2170 2923 Atqui

510 2933 806 3016 principia
833 2950 1040 2995 eorum
1068 2951 1204 3009 quas
1223 2932 1593 3013 sunt,omnia
1627 2930 1982 3013 participant
2011 2950 2168 3014 esse,

519 3034 580 3085 et
603 3031 832 3097 sunt,et
854 3020 1146 3103 principia
1166 3030 1391 3094 sunt,et
1424 3023 1680 3102 primum
1714 3028 1938 3101 sunt,et
1961 3031 2163 3101 postea

516 3112 814 3194 principia
838 3109 1076 3174 sunt.Et
1096 3113 1146 3172 si
1170 3112 1257 3173 vis
1280 3111 1923 3193 viventium,quatenus
1940 3109 2158 3187 vivunt,

2251 2594 2404 2651 σατο,
2463 2573 2549 2629 καὶ
2596 2576 2674 2647 τῷ
2717 2573 2859 2630 εἶναι
2918 2575 3060 2647 αξιτῷ
3109 2581 3213 2632 πᾶν
3256 2579 3315 2633 τὸ
3361 2579 3606 2635 ὁπωσοῦν
3660 2582 3719 2636 ὃν
3768 2583 3896 2637 ὑπε-

2250 2664 2506 2732 στήσατο.
2543 2664 2638 2721 Καὶ
2698 2670 2822 2740 γοῦν
2867 2665 2917 2720 αἱ
2976 2665 3139 2745 ἀρχαὶ
3187 2673 3291 2722 τῶν
3350 2667 3515 2724 ὅντων
3568 2677 3759 2751 πᾶσαι,
3815 2670 3900 2727 τού

2250 2753 2393 2808 εἶναι
2437 2752 2790 2833 μετέχουσαι,
2825 2756 2915 2811 καί
2956 2758 3080 2832 εἰσι,
3116 2760 3203 2814 καὶ
3257 2758 3423 2839 ἀρχαί
3453 2762 3578 2838 εἱσι,
3613 2763 3701 2816 καὶ
3754 2766 3894 2838 πρῶ-

2250 2842 2339 2899 τόν
2369 2844 2522 2919 εἰσιν,
2557 2841 2737 2900 ἔπειτα
2770 2844 2936 2924 ἀρχαί
2967 2848 3092 2908 εἱσι.
3146 2850 3243 2905 Καὶ
3291 2850 3335 2904 εἰ
3374 2848 3554 2924 βούλει
3613 2856 3717 2907 τῶν
3765 2852 3897 2922 ζών-

2250 2953 2379 3007 των,
2412 2934 2484 2995 ὡς
2515 2932 2750 3013 ζώντων,
2791 2933 2968 3014 ἀρχὴν
3000 2937 3155 3016 φάναι
3185 2938 3283 3004 τὴν
3315 2940 3609 3010 αὖτοζωήν⁹
3668 2942 3753 2997 καὶ
3798 2946 3894 2996 τῶν

2243 3028 2350 3080 τῶν
2382 3023 2602 3099 ὁμοίων,
2637 3024 2711 3086 ὡς
2759 3024 2977 3104 ὁμοίων,
3026 3026 3128 3093 τὴν
3181 3027 3632 3100 αὖτοομοιὸτητα·
3670 3032 3755 3088 καὶ
3796 3032 3889 3086 τῶν

2244 3111 2556 3187 ἡνωμένων,
2611 3115 2685 3176 ὡς
2751 3114 3057 3190 ᾗνωμένιυν,
3109 3118 3209 3181 τήν
3265 3119 3606 3190 αύτοένωσιν,
3658 3122 3742 3177 καὶ
3792 3125 3888 3175 τῶν

3041 3163 3057 3196 ’
3121 3163 3205 3181 ’σιν
3266 3163 3606 3201 πυυνυνωνῠν,

515 3202 875 3284 principium
899 3200 1103 3263 dicere
1130 3218 1238 3283 per
1257 3220 1320 3263 se
1351 3201 1623 3277 vitam,et
1641 3199 2159 3281 similium,quate-

2245 3202 2604 3280 τεταγμένων,
2645 3204 2717 3268 ὡς
2761 3205 3124 3286 τεταγμένων,
3160 3207 3258 3273 τὴν
3309 3199 3607 3275 αὒτόταξινλ
3642 3209 3735 3267 καί
3790 3216 3887 3266 τῶν

515 3267 628 3354 ilus
661 3267 881 3353 siinilia
917 3267 1196 3371 sunt,per
1218 3309 1283 3353 se
1307 3267 1799 3365 similitudinem;
1826 3297 1886 3351 et
1915 3267 2159 3370 copula-

2245 3267 2419 3349 ἄλλων
2477 3292 2575 3349 ὅσα
2630 3291 2744 3351 τοδε
2810 3294 2845 3363 ἣ
2889 3267 3059 3371 τοῦδε,
3110 3267 3154 3364 ’ἢ
3213 3296 3548 3377 ἀμφοτέρων,
3587 3301 3621 3368 ἢ
3683 3299 3883 3357 πολλῶν

510 3391 731 3461 torum,
764 3390 1063 3457 quatenus
1090 3382 1363 3461 copulata
1404 3390 1563 3463 sunt,
1602 3397 1711 3460 per
1740 3398 1805 3441 se
1827 3380 2159 3460 copulatio-

510 3470 1193 3547 nem;etordinatorum,
1230 3476 1530 3548 quatenus
1559 3470 1827 3533 ordinata
1863 3476 2017 3543 sunt,
2057 3488 2162 3550 per

509 3580 579 3622 se
610 3559 1074 3640 ordinationem;
1109 3566 1170 3621 et
1201 3560 1479 3624 similiter
1508 3559 1569 3622 in
1601 3559 1752 3640 aliis,
1785 3576 2161 3639 quaecunque

503 3650 618 3712 hoc
642 3658 741 3710 aut
771 3649 1053 3730 illud,aut
1077 3657 1416 3731 utrumque,
1443 3657 1546 3711 aut
1576 3649 1760 3711 multa
1798 3649 1939 3709 450
1968 3649 2155 3729 parti-

505 3745 725 3819 cipant,
755 3749 812 3801 el
843 3739 955 3800 hoc
997 3748 1098 3800 aut
1148 3739 1420 3819 illud,ve|
1462 3749 1779 3819 utrumque
1830 3745 1932 3800 aut
1976 3738 2158 3801 multa

507 3838 645 3889 sunt
676 3828 1048 3909 participata,
1086 3828 1376 3909 reperies,
1412 3846 1518 3908 per
1548 3846 1612 3890 se
1642 3827 2152 3910 participationes,

506 3917 764 3999 primum
791 3915 1152 3997 participare
1176 3935 1330 3992 esse,
1352 3926 1413 3979 et
1432 3916 1517 3979 sic
1548 3919 1807 3998 primum
1835 3934 1967 3979 esse
1994 3917 2154 3996 quod

2245 3382 2569 3463 μετέχοντα,
2608 3383 2756 3440 τοῦδε
2800 3386 2836 3453 ἢ
2880 3384 3021 3460 τόδε,
3065 3385 3100 3454 ἢ
3151 3386 3421 3467 ἀμφότερα
3453 3388 3487 3456 ἢ
3530 3389 3708 3445 πολλὰ
3757 3389 3880 3469 ἐστι,

2242 3473 2335 3538 τὰς
2388 3472 2754 3554 αὗτομετοχὰς
2803 3476 3066 3555 εὒρήσεις,
3129 3484 3221 3533 τοῦ
3293 3478 3435 3534 εἶναι
3491 3487 3701 3556 πρῶτον
3733 3479 3879 3539 αὐτὰς

2244 3563 2600 3643 μετεχούσας,
2636 3565 2722 3621 καὶ
2780 3571 2857 3639 τῷ
2902 3565 3046 3621 εἶναι
3103 3572 3314 3643 πρῶταν
3376 3570 3665 3641 μενούσας*
3701 3569 3877 3624 ἂπειτα

2240 3655 2390 3710 τοῦδε
2438 3652 2473 3721 ἢ
2531 3653 2682 3710 τοῦδε
2738 3654 2911 3735 ἀρχὰς
2974 3655 3153 3727 οὔσας,
3207 3658 3294 3713 καὶ
3355 3664 3430 3732 τῷ
3487 3659 3741 3738 μετέχειν
3794 3663 3874 3712 τοῦ

2238 3746 2400 3818 εἶναι,
2460 3743 2546 3799 καὶ
2601 3742 2756 3805 οὔσας
2800 3745 2886 3802 καὶ
2944 3744 3334 3824 μετελυμένας.
3400 3749 3458 3805 Εἰ
3501 3745 3559 3803 δὲ
3614 3756 3771 3805 ταῦτα
3810 3751 3869 3819 τῇ

2237 3837 2451 3911 μετοχῇ
2501 3838 2593 3887 τοῦ
2649 3832 2790 3889 εἶναι
2843 3834 2973 3913 ἐστὶ,
3040 3833 3228 3908 πολλῷ
3275 3857 3336 3914 γε
3365 3834 3575 3912 μᾶλλον
3619 3838 3682 3894 τὰ
3715 3833 3868 3892 αὒτῶν

2238 3921 2563 4000 μετέχοντα.

500 4016 661 4084 sunt,
696 4006 917 4097 deinde
948 4007 1126 4087 hujus
1158 4014 1261 4069 aut
1291 4006 1453 4069 illius
1505 4006 1796 4088 principia
1827 4026 1983 4083 esse,
2012 4019 2071 4071 et
2121 4010 2533 4092 participando
2564 4029 2721 4088 esse,
2757 4012 3015 4075 existere
3069 4021 3130 4076 et
3163 4013 3533 4097 participari.
3572 4016 3634 4080 Si
3683 4024 3865 4075 autem

503 4097 630 4159 haec
659 4112 813 4179 (qua:
842 4096 1096 4160 aliorum
1131 4097 1423 4179 principia
1458 4098 1874 4180 numerantur)
1912 4117 2020 4179 per
2064 4100 2581 4183 participationem
2615 4101 2803 4182 ipsius
2847 4120 2982 4165 esse
3012 4096 3287 4180 existant,
3325 4105 3508 4167 multo
3541 4105 3724 4185 magis
3752 4117 3867 4183 qua

501 4187 634 4268 ipsa
662 4186 763 4249 illa
792 4186 1141 4268 principiari
1175 4187 1557 4270 participant.

2089 4310 2119 4392 ς
2163 4311 2266 4375 v1.

577 4478 843 4541 Primum
867 4479 1047 4559 igitur
1065 4478 1285 4541 donum
1313 4498 1418 4562 per
1442 4498 1507 4543 se
1531 4497 1664 4543 esse
1689 4498 1821 4542 cum
1849 4497 1955 4560 per
1976 4480 2151 4542 seilla

495 4587 854 4651 supraquam
880 4569 1113 4631 bonitas
1133 4569 1440 4648 producat,
1475 4571 1685 4634 merito
1718 4571 1788 4633 ab
1810 4571 2149 4651 antiquiore

493 4668 551 4723 et
600 4659 792 4741 prima
846 4658 1112 4720 omnium
1165 4659 1682 4741 participationum
1734 4659 2008 4720 laudatur
2042 4679 2057 4741 ;
2088 4666 2149 4722 el

492 4757 583 4811 est
605 4768 674 4811 ex
697 4749 823 4830 ipsa
844 4756 901 4810 et
941 4748 1002 4809 in
1032 4747 1161 4830 ipsa
1207 4746 1401 4830 ipsum
1431 4766 1540 4830 per
1561 4766 1625 4810 se
1651 4765 1808 4824 esse,
1844 4756 1904 4810 et
1942 4766 2143 4811 rerum

493 4838 808 4919 principia,
831 4845 891 4899 et
920 4837 1119 4900 omnia
1151 4856 1524 4920 quaecunque
1554 4846 1714 4913 sunt,
1746 4846 1807 4899 et
1837 4856 1968 4919 quae
1993 4857 2142 4919 quo-

493 4927 912 5008 modocunque
944 4936 1103 5003 sunt;
1131 4926 1309 5009 idque
1342 4927 1927 5008 incomprehense,et
1952 4946 2141 5007 copu-

491 5016 698 5096 late,et
723 5018 1126 5094 singulariter.
1152 5019 1458 5100 Siquidem
1487 5018 1544 5079 in
1575 5018 1799 5080 unitate
1826 5017 2022 5079 omnis
2040 5036 2143 5079 nu-

492 5123 694 5168 merus
725 5106 1106 5171 uniformiter
1126 5108 1493 5189 praeexstitit,
1532 5106 1827 5188 gabetque
1859 5105 2052 5168 unitas
2081 5106 2142 5168 in

492 5194 691 5275 seipsa
715 5194 1097 5274 singulariter
1121 5215 1359 5261 omnem
1386 5214 1727 5272 numerum;
1750 5205 1807 5258 et
1828 5195 2021 5258 omnis
2040 5214 2142 5258 nu-

492 5301 694 5349 merus
739 5282 802 5345 in
854 5302 1035 5346 unum
1095 5288 1405 5367 copulatus
1439 5295 1549 5362 est,
1585 5293 1643 5348 et
1675 5285 1736 5348 in
1770 5284 1996 5348 unitate
2026 5294 2137 5362 est,

2318 4485 2542 4559 Πρῶτην
2589 4487 2648 4541 οὗ
2692 4485 2791 4554 τὴν
2833 4492 2926 4543 τοῦ
2960 4486 3087 4543 αὐτὸ
3133 4488 3276 4543 εἶναι
3308 4484 3503 4567 δωρεσὶν
3530 4487 3596 4539 68
3625 4490 3657 4556 ἡ
3688 4490 3861 4544 αὐτοῦο-

2233 4574 2600 4651 περαγαθότης
2666 4574 3101 4655 προϐαλλομένη,
3163 4582 3230 4654 τῇ
3287 4576 3609 4656 πρεσϐυτέρᾳ
3657 4576 3859 4653 πρώτῃ-

2229 4668 2337 4718 τῶν
2368 4670 2619 4745 μετοχῶν
2672 4664 2943 4740 ὒμνεϊται,
3004 4670 3092 4723 καὶ
3143 4664 3284 4723 ἵστιν
3343 4666 3395 4733 ἐξ
3454 4670 3638 4736 arb-mc,
3684 4667 3762 4722 καὶ
3812 4661 3860 4717 ἐν

2231 4751 2385 4832 αὐτῇ,
2446 4755 2534 4810 καὶ
2592 4755 2718 4811 αὐτὸ
2773 4756 2834 4811 τὸ
2883 4755 3051 4835 εἶναι,
3114 4758 3199 4813 καὶ
3230 4757 3281 4812 αἱ
3338 4763 3443 4813 τῶν
3500 4756 3660 4814 ὄντων
3687 4753 3854 4834 ἀρχαὶ,

2226 4841 2316 4897 καὶ
2345 4842 2409 4898 τὰ
2455 4841 2583 4899 ὅντα
2613 4844 2809 4917 πάντα,
2845 4847 2932 4902 καὶ
2987 4846 3052 4902 τὰ
3109 4848 3351 4903 ὁπωσοῦν
3383 4850 3459 4921 τῷ
3489 4847 3627 4904 εϊνάι
3655 4842 3854 4920 διακρα-

2225 4931 2481 5006 τούμενα·
2518 4934 2607 4990 καὶ
2640 4941 2792 4992 τοῦτο
2832 4934 3103 5016 ἀσχέτως,
3169 4937 3257 4993 καὶ
3302 4935 3745 5012 συνειλημμένως,
3777 4924 3852 4987 κπιῖ

2226 5020 2457 5086 ὲνιαίως.
2524 5023 2623 5081 Καὶ
2675 5024 2773 5102 γὰρ
2829 5022 2884 5080 ἐν
2957 5023 3143 5100 μονάδι
3201 5032 3305 5088 πᾶς
3363 5025 3580 5104 ἀριθμὸς
3629 5019 3848 5081 ἐνοειδῶς

2225 5111 2593 5192 προϋφέστηκε
2628 5110 2716 5190 69,
2770 5115 2856 5171 καὶ
2907 5114 3022 5195 ἔχει
3067 5115 3238 5172 πάντα
3294 5116 3515 5195 ἀριθμὸν
3544 5118 3575 5183 ἡ
3606 5115 3761 5190 μονὰς
3803 5111 3850 5166 έν

2226 5197 2386 5279 ἑαυτῇ
2414 5206 2694 5283 μοναχῶς⁶
2730 5206 2817 5261 καὶ
2849 5211 2950 5269 πᾶς
2984 5205 3200 5285 ἀριθμὸς
3230 5205 3436 5274 ἥνωται
3463 5206 3559 5281 μὲν
3588 5205 3639 5262 ἐν
3670 5209 3729 5280 τῇ
3751 5223 3846 5277 μο-

2225 5286 2361 5347 νάδι·
2399 5292 2515 5349 καθ’
2544 5292 2666 5351 ὅσον
2700 5292 2753 5351 δὲ
2787 5300 2880 5365 τῆς
2933 5294 3160 5373 μονάδος
3221 5297 3451 5377 πρόεισι,
3499 5297 3631 5353 κατὰ
3683 5300 3845 5350 τοσοῦ·

1795 5464 2065 5528 VARlA'I
2108 5463 2553 5536 LECTIONES.

568 5629 632 5715 6“
660 5637 1033 5715 προνοοῦξτος,
1282 5635 1376 5688 τοῦ
1395 5627 1595 5715 ἔντος,
1612 5623 1802 5715 Yien;
1969 5629 2337 5715 pitexdvftov,
2478 5631 2575 5695 Sc.
2604 5633 2877 5715 μετέχων,
2905 5632 2967 5699 S.
2996 5632 3064 5699 D.
3150 5634 3217 5687 66
3247 5638 3306 5695 τὶ
3330 5639 3457 5695 me.
3490 5638 3625 5696 εἶναι
3653 5632 3847 5691 πάντων

491 5704 738 5792 εἰκότως,
769 5712 846 5777 Μ.
883 5711 980 5775 Sc.
1019 5704 1027 5706 ⁷
1065 5708 1129 5761 07
1157 5711 1353 5790 πάντα,
1388 5711 1450 5775 S.
1534 5704 1598 5760 68
1628 5704 1861 5789 δωρεῶν,
1898 5709 1975 5772 Μ.
2010 5704 2108 5771 Sc.

2199 5708 2263 5761 09
2290 5710 2579 5795 ὑφέστηκε,
2612 5711 2677 5777 S.
