  <div class='ocr_page' id='page_1' title='image "/cluster/home/n/w/nwhite01/storage/ocr_20150623/3/mdp.39015008855614/418.png"; bbox 0 0 4156 6156; ppageno 0'>
   <div class='ocr_carea' id='block_1_1' title="bbox 293 273 400 340">
    <p class='ocr_par' dir='ltr' id='par_1_1' title="bbox 293 273 400 340">
     <span class='ocr_line' id='line_1_1' title="bbox 293 273 400 340; baseline 0 -1"><span class='ocrx_word' id='word_1_1' title='bbox 293 273 400 340; x_wconf 75' lang='grc'><strong>821</strong></span> 
     </span>
    </p>
   </div>
   <div class='ocr_carea' id='block_1_2' title="bbox 1331 273 2581 351">
    <p class='ocr_par' dir='ltr' id='par_1_2' title="bbox 1331 273 2581 351">
     <span class='ocr_line' id='line_1_2' title="bbox 1331 273 2581 351; baseline 0.001 -12"><span class='ocrx_word' id='word_1_2' title='bbox 1331 275 1430 339; x_wconf 88' lang='lat' dir='ltr'><strong>DE</strong></span> <span class='ocrx_word' id='word_1_3' title='bbox 1473 273 1770 340; x_wconf 91' lang='lat' dir='ltr'><strong>DIVINIS</strong></span> <span class='ocrx_word' id='word_1_4' title='bbox 1809 273 2259 351; x_wconf 85' lang='lat' dir='ltr'><strong>NOMINIBUS,</strong></span> <span class='ocrx_word' id='word_1_5' title='bbox 2293 277 2457 341; x_wconf 84' lang='lat' dir='ltr'><strong>CAP.</strong></span> <span class='ocrx_word' id='word_1_6' title='bbox 2506 275 2581 343; x_wconf 87' lang='lat' dir='ltr'><strong>V.</strong></span> 
     </span>
    </p>
   </div>
   <div class='ocr_carea' id='block_1_3' title="bbox 3529 281 3648 350">
    <p class='ocr_par' dir='ltr' id='par_1_3' title="bbox 3529 281 3648 350">
     <span class='ocr_line' id='line_1_3' title="bbox 3529 281 3648 350; baseline 0 0"><span class='ocrx_word' id='word_1_7' title='bbox 3529 281 3648 350; x_wconf 77' lang='lat'><strong>822</strong></span> 
     </span>
    </p>
   </div>
   <div class='ocr_carea' id='block_1_4' title="bbox 287 411 1944 506">
    <p class='ocr_par' dir='ltr' id='par_1_4' title="bbox 287 411 1932 496">
     <span class='ocr_line' id='line_1_4' title="bbox 287 411 1932 496; baseline -0.001 -23"><span class='ocrx_word' id='word_1_8' title='bbox 287 435 380 473; x_wconf 86' lang='grc' dir='ltr'><strong>τον</strong></span> <span class='ocrx_word' id='word_1_9' title='bbox 453 411 790 496; x_wconf 73' lang='grc' dir='ltr'><strong>διακρίνεται,</strong></span> <span class='ocrx_word' id='word_1_10' title='bbox 877 413 962 473; x_wconf 79' lang='grc' dir='ltr'><strong>καὶ</strong></span> <span class='ocrx_word' id='word_1_11' title='bbox 1031 413 1379 483; x_wconf 76' lang='grc' dir='ltr'>πληθύνεται.</span> <span class='ocrx_word' id='word_1_12' title='bbox 1455 413 1554 472; x_wconf 78' lang='grc' dir='ltr'><strong>Καὶ</strong></span> <span class='ocrx_word' id='word_1_13' title='bbox 1620 412 1674 470; x_wconf 78' lang='grc' dir='ltr'>ἐν</span> <span class='ocrx_word' id='word_1_14' title='bbox 1735 413 1932 491; x_wconf 84' lang='grc' dir='ltr'>κέντρῳ</span> 
     </span>
    </p>
   </div>
   <div class='ocr_carea' id='block_1_5' title="bbox 2031 411 3650 506">
    <p class='ocr_par' dir='ltr' id='par_1_5' title="bbox 2031 413 3650 506">
     <span class='ocr_line' id='line_1_5' title="bbox 2031 413 3650 506; baseline 0.007 -32"><span class='ocrx_word' id='word_1_15' title='bbox 2031 419 2074 506; x_wconf 59' lang='grc' dir='ltr'><strong>ει</strong></span> <span class='ocrx_word' id='word_1_16' title='bbox 2103 421 2322 506; x_wconf 76' lang='lat' dir='ltr'><strong>quanto</strong></span> <span class='ocrx_word' id='word_1_17' title='bbox 2353 413 2584 506; x_wconf 79' lang='lat' dir='ltr'><strong>longius</strong></span> <span class='ocrx_word' id='word_1_18' title='bbox 2614 415 2687 506; x_wconf 82' lang='lat' dir='ltr'><strong>ab</strong></span> <span class='ocrx_word' id='word_1_19' title='bbox 2717 415 2942 480; x_wconf 88' lang='lat' dir='ltr'><strong>unitate</strong></span> <span class='ocrx_word' id='word_1_20' title='bbox 2971 417 3440 499; x_wconf 87' lang='lat' dir='ltr'><strong>procedit,tanto</strong></span> <span class='ocrx_word' id='word_1_21' title='bbox 3464 425 3650 506; x_wconf 78' lang='lat' dir='ltr'><strong>magis</strong></span> 
     </span>
    </p>
   </div>
   <div class='ocr_carea' id='block_1_6' title="bbox 289 503 1933 582">
    <p class='ocr_par' dir='ltr' id='par_1_6' title="bbox 289 503 1933 582">
     <span class='ocr_line' id='line_1_6' title="bbox 289 503 1933 582; baseline -0.001 -21"><span class='ocrx_word' id='word_1_22' title='bbox 289 511 457 562; x_wconf 80' lang='grc' dir='ltr'>πᾶσαι</span> <span class='ocrx_word' id='word_1_23' title='bbox 520 506 572 561; x_wconf 75' lang='grc' dir='ltr'>αἱ</span> <span class='ocrx_word' id='word_1_24' title='bbox 619 512 714 562; x_wconf 81' lang='grc' dir='ltr'>τοῦ</span> <span class='ocrx_word' id='word_1_25' title='bbox 783 503 976 562; x_wconf 81' lang='grc' dir='ltr'>κύκλου</span> <span class='ocrx_word' id='word_1_26' title='bbox 1047 506 1287 582; x_wconf 82' lang='grc' dir='ltr'>γραμμαὶ</span> <span class='ocrx_word' id='word_1_27' title='bbox 1370 503 1504 561; x_wconf 69' lang='grc' dir='ltr'>κατὰ</span> <span class='ocrx_word' id='word_1_28' title='bbox 1575 504 1700 579; x_wconf 81' lang='grc' dir='ltr'>μίαν</span> <span class='ocrx_word' id='word_1_29' title='bbox 1745 503 1933 563; x_wconf 71' lang='grc' dir='ltr'>ἕνωσιν</span> 
     </span>
    </p>
   </div>
   <div class='ocr_carea' id='block_1_7' title="bbox 287 607 763 674">
    <p class='ocr_par' dir='ltr' id='par_1_7' title="bbox 287 607 763 674">
     <span class='ocr_line' id='line_1_7' title="bbox 287 607 763 674; baseline 0.004 -24"><span class='ocrx_word' id='word_1_30' title='bbox 287 607 708 674; x_wconf 75' lang='grc' dir='ltr'>συνυφεστήκασι</span> <span class='ocrx_word' id='word_1_31' title='bbox 749 611 763 626; x_wconf 88' lang='grc'>⁶</span> 
     </span>
    </p>
   </div>
   <div class='ocr_carea' id='block_1_8' title="bbox 292 683 1929 761">
    <p class='ocr_par' dir='ltr' id='par_1_8' title="bbox 292 683 1929 761">
     <span class='ocr_line' id='line_1_8' title="bbox 292 683 1929 761; baseline 0 -21"><span class='ocrx_word' id='word_1_32' title='bbox 292 685 388 749; x_wconf 81' lang='grc' dir='ltr'>τὰς</span> <span class='ocrx_word' id='word_1_33' title='bbox 449 686 648 748; x_wconf 79' lang='grc' dir='ltr'>εὐθείας</span> <span class='ocrx_word' id='word_1_34' title='bbox 699 683 940 750; x_wconf 75' lang='grc' dir='ltr'>ἐνοειδῶς</span> <span class='ocrx_word' id='word_1_35' title='bbox 995 685 1270 760; x_wconf 70' lang='grc' dir='ltr'>ὴνωμένας</span> <span class='ocrx_word' id='word_1_36' title='bbox 1341 684 1471 761; x_wconf 83' lang='grc' dir='ltr'>πρὸς</span> <span class='ocrx_word' id='word_1_37' title='bbox 1526 705 1584 740; x_wconf 81' lang='grc' dir='ltr'><strong>τε</strong></span> <span class='ocrx_word' id='word_1_38' title='bbox 1667 683 1929 760; x_wconf 70' lang='grc' dir='ltr'>ἀλλήλας,</span> 
     </span>
    </p>
   </div>
   <div class='ocr_carea' id='block_1_9' title="bbox 283 771 1934 854">
    <p class='ocr_par' dir='ltr' id='par_1_9' title="bbox 283 771 1934 854">
     <span class='ocr_line' id='line_1_9' title="bbox 283 771 1934 854; baseline -0.001 -24"><span class='ocrx_word' id='word_1_39' title='bbox 283 777 373 830; x_wconf 81' lang='grc' dir='ltr'><strong>καὶ</strong></span> <span class='ocrx_word' id='word_1_40' title='bbox 413 776 544 851; x_wconf 63' lang='grc' dir='ltr'>πρὸς</span> <span class='ocrx_word' id='word_1_41' title='bbox 607 775 702 841; x_wconf 78' lang='grc' dir='ltr'>τὴν</span> <span class='ocrx_word' id='word_1_42' title='bbox 735 777 857 848; x_wconf 84' lang='grc' dir='ltr'>μίαν</span> <span class='ocrx_word' id='word_1_43' title='bbox 916 775 1094 854; x_wconf 77' lang='grc' dir='ltr'>ἀρχὴν</span> <span class='ocrx_word' id='word_1_44' title='bbox 1151 773 1240 853; x_wconf 77' lang='grc' dir='ltr'><strong>ἀφ’</strong></span> <span class='ocrx_word' id='word_1_45' title='bbox 1295 773 1360 841; x_wconf 75' lang='grc' dir='ltr'><strong>ἧς</strong></span> <span class='ocrx_word' id='word_1_46' title='bbox 1399 771 1686 850; x_wconf 78' lang='grc' dir='ltr'>προῆλθον,</span> <span class='ocrx_word' id='word_1_47' title='bbox 1749 775 1837 832; x_wconf 83' lang='grc' dir='ltr'><strong>καὶ</strong></span> <span class='ocrx_word' id='word_1_48' title='bbox 1877 777 1934 831; x_wconf 73' lang='grc' dir='ltr'>ἒν</span> 
     </span>
    </p>
   </div>
   <div class='ocr_carea' id='block_1_10' title="bbox 286 861 1932 943">
    <p class='ocr_par' dir='ltr' id='par_1_10' title="bbox 286 861 1932 943">
     <span class='ocr_line' id='line_1_10' title="bbox 286 861 1932 943; baseline 0 -23"><span class='ocrx_word' id='word_1_49' title='bbox 286 863 430 937; x_wconf 71' lang='grc' dir='ltr'><strong>αὒτῷ</strong></span> <span class='ocrx_word' id='word_1_50' title='bbox 459 864 555 939; x_wconf 78' lang='grc' dir='ltr'>μὲν</span> <span class='ocrx_word' id='word_1_51' title='bbox 598 871 675 937; x_wconf 83' lang='grc' dir='ltr'>τῷ</span> <span class='ocrx_word' id='word_1_52' title='bbox 733 863 932 942; x_wconf 78' lang='grc' dir='ltr'><strong>κέντρῳ</strong></span> <span class='ocrx_word' id='word_1_53' title='bbox 989 862 1262 928; x_wconf 77' lang='grc' dir='ltr'><strong>παντελῶς</strong></span> <span class='ocrx_word' id='word_1_54' title='bbox 1317 861 1546 930; x_wconf 71' lang='grc' dir='ltr'>ἥνωνται</span> <span class='ocrx_word' id='word_1_55' title='bbox 1583 878 1598 893; x_wconf 80' lang='grc'><strong>⁸</strong></span> <span class='ocrx_word' id='word_1_56' title='bbox 1649 865 1824 943; x_wconf 82' lang='grc' dir='ltr'>βραχῦ</span> <span class='ocrx_word' id='word_1_57' title='bbox 1878 863 1932 920; x_wconf 77' lang='grc' dir='ltr'>δὲ</span> 
     </span>
    </p>
   </div>
   <div class='ocr_carea' id='block_1_11' title="bbox 287 950 1932 1032">
    <p class='ocr_par' dir='ltr' id='par_1_11' title="bbox 287 950 1932 1032">
     <span class='ocr_line' id='line_1_11' title="bbox 287 950 1932 1032; baseline 0.001 -24"><span class='ocrx_word' id='word_1_58' title='bbox 287 956 444 1011; x_wconf 76' lang='grc' dir='ltr'>αὐτοῦ</span> <span class='ocrx_word' id='word_1_59' title='bbox 502 950 802 1028; x_wconf 82' lang='grc' dir='ltr'>διαστᾶσαι,</span> <span class='ocrx_word' id='word_1_60' title='bbox 854 954 1032 1032; x_wconf 73' lang='grc' dir='ltr'>βραχύ</span> <span class='ocrx_word' id='word_1_61' title='bbox 1073 954 1157 1010; x_wconf 68' lang='grc' dir='ltr'>καὶ</span> <span class='ocrx_word' id='word_1_62' title='bbox 1219 950 1584 1030; x_wconf 83' lang='grc' dir='ltr'>διοκρίνονται,</span> <span class='ocrx_word' id='word_1_63' title='bbox 1633 951 1835 1026; x_wconf 80' lang='grc' dir='ltr'>μᾶλλον</span> <span class='ocrx_word' id='word_1_64' title='bbox 1879 951 1932 1010; x_wconf 79' lang='grc' dir='ltr'>δὲ</span> 
     </span>
    </p>
   </div>
   <div class='ocr_carea' id='block_1_12' title="bbox 286 1041 1933 1121">
    <p class='ocr_par' dir='ltr' id='par_1_12' title="bbox 286 1041 1933 1121">
     <span class='ocr_line' id='line_1_12' title="bbox 286 1041 1933 1121; baseline 0.001 -23"><span class='ocrx_word' id='word_1_65' title='bbox 286 1042 608 1121; x_wconf 80' lang='grc' dir='ltr'>ἆποστᾶσαι,</span> <span class='ocrx_word' id='word_1_66' title='bbox 642 1041 847 1117; x_wconf 79' lang='grc' dir='ltr'>μᾶλλον</span> <span class='ocrx_word' id='word_1_67' title='bbox 883 1061 896 1074; x_wconf 83' lang='lat'><strong><em>°</em></strong></span> <span class='ocrx_word' id='word_1_68' title='bbox 937 1045 1026 1098; x_wconf 87' lang='grc' dir='ltr'><strong>καὶ</strong></span> <span class='ocrx_word' id='word_1_69' title='bbox 1057 1041 1266 1117; x_wconf 82' lang='grc' dir='ltr'>ἁπλῶς,</span> <span class='ocrx_word' id='word_1_70' title='bbox 1315 1041 1432 1098; x_wconf 79' lang='grc' dir='ltr'>καθ’</span> <span class='ocrx_word' id='word_1_71' title='bbox 1463 1042 1586 1098; x_wconf 82' lang='grc' dir='ltr'>ὃσὸν</span> <span class='ocrx_word' id='word_1_72' title='bbox 1627 1043 1704 1116; x_wconf 82' lang='grc' dir='ltr'><strong>τῷ</strong></span> <span class='ocrx_word' id='word_1_73' title='bbox 1731 1042 1933 1120; x_wconf 82' lang='grc' dir='ltr'>κέντρῳ</span> 
     </span>
    </p>
   </div>
   <div class='ocr_carea' id='block_1_13' title="bbox 286 1129 1935 1210">
    <p class='ocr_par' dir='ltr' id='par_1_13' title="bbox 286 1129 1935 1210">
     <span class='ocr_line' id='line_1_13' title="bbox 286 1129 1935 1210; baseline 0.003 -23"><span class='ocrx_word' id='word_1_74' title='bbox 286 1130 655 1208; x_wconf 77' lang='grc' dir='ltr'>πλησιαίτεραι</span> <span class='ocrx_word' id='word_1_75' title='bbox 709 1134 808 1188; x_wconf 76' lang='grc' dir='ltr'>εἶσι</span> <span class='ocrx_word' id='word_1_76' title='bbox 867 1129 948 1210; x_wconf 81' lang='grc'><strong>70,</strong></span> <span class='ocrx_word' id='word_1_77' title='bbox 1015 1133 1152 1188; x_wconf 74' lang='grc' dir='ltr'>κατὰ</span> <span class='ocrx_word' id='word_1_78' title='bbox 1214 1139 1462 1190; x_wconf 80' lang='grc' dir='ltr'>τοσοῦτον</span> <span class='ocrx_word' id='word_1_79' title='bbox 1519 1133 1607 1188; x_wconf 82' lang='grc' dir='ltr'><strong>καὶ</strong></span> <span class='ocrx_word' id='word_1_80' title='bbox 1653 1131 1791 1206; x_wconf 76' lang='grc' dir='ltr'>αὒτῷ</span> <span class='ocrx_word' id='word_1_81' title='bbox 1845 1138 1935 1192; x_wconf 82' lang='grc' dir='ltr'><strong>καὶ</strong></span> 
     </span>
    </p>
   </div>
   <div class='ocr_carea' id='block_1_14' title="bbox 288 1218 1933 1301">
    <p class='ocr_par' dir='ltr' id='par_1_14' title="bbox 288 1218 1933 1301">
     <span class='ocr_line' id='line_1_14' title="bbox 288 1218 1933 1301; baseline 0.002 -25"><span class='ocrx_word' id='word_1_82' title='bbox 288 1218 559 1290; x_wconf 75' lang='grc' dir='ltr'>ἀλλήλαις</span> <span class='ocrx_word' id='word_1_83' title='bbox 589 1220 848 1289; x_wconf 76' lang='grc' dir='ltr'>ἥνωνται,</span> <span class='ocrx_word' id='word_1_84' title='bbox 894 1223 982 1278; x_wconf 80' lang='grc' dir='ltr'><strong>καὶ</strong></span> <span class='ocrx_word' id='word_1_85' title='bbox 1024 1219 1144 1278; x_wconf 84' lang='grc' dir='ltr'>καθ’</span> <span class='ocrx_word' id='word_1_86' title='bbox 1205 1221 1328 1278; x_wconf 79' lang='grc' dir='ltr'>ὅσον</span> <span class='ocrx_word' id='word_1_87' title='bbox 1359 1223 1538 1301; x_wconf 74' lang='grc' dir='ltr'>αὐτοῦ,</span> <span class='ocrx_word' id='word_1_88' title='bbox 1577 1221 1715 1278; x_wconf 81' lang='grc' dir='ltr'>κατά</span> <span class='ocrx_word' id='word_1_89' title='bbox 1743 1228 1933 1279; x_wconf 82' lang='grc' dir='ltr'>τοσοῦ-</span> 
     </span>
    </p>
   </div>
   <div class='ocr_carea' id='block_1_15' title="bbox 288 1308 1184 1382">
    <p class='ocr_par' dir='ltr' id='par_1_15' title="bbox 288 1308 1184 1382">
     <span class='ocr_line' id='line_1_15' title="bbox 288 1308 1184 1382; baseline 0.002 -16"><span class='ocrx_word' id='word_1_90' title='bbox 288 1331 378 1367; x_wconf 90' lang='grc' dir='ltr'><strong>τον</strong></span> <span class='ocrx_word' id='word_1_91' title='bbox 411 1312 504 1366; x_wconf 84' lang='grc' dir='ltr'><strong>καί</strong></span> <span class='ocrx_word' id='word_1_92' title='bbox 539 1309 790 1378; x_wconf 70' lang='grc' dir='ltr'>ἀλλήλων</span> <span class='ocrx_word' id='word_1_93' title='bbox 824 1308 1184 1382; x_wconf 78' lang='grc' dir='ltr'>διεστήκασιν,</span> 
     </span>
    </p>
   </div>
   <div class='ocr_carea' id='block_1_16' title="bbox 825 593 1934 674">
    <p class='ocr_par' dir='ltr' id='par_1_16' title="bbox 825 593 1934 674">
     <span class='ocr_line' id='line_1_16' title="bbox 825 593 1934 674; baseline -0.002 -22"><span class='ocrx_word' id='word_1_94' title='bbox 825 597 911 652; x_wconf 66' lang='grc' dir='ltr'><strong>καὶ</strong></span> <span class='ocrx_word' id='word_1_95' title='bbox 955 596 1124 660; x_wconf 82' lang='grc' dir='ltr'>πάσας</span> <span class='ocrx_word' id='word_1_96' title='bbox 1169 595 1287 674; x_wconf 75' lang='grc' dir='ltr'>ἔχει</span> <span class='ocrx_word' id='word_1_97' title='bbox 1339 596 1400 651; x_wconf 80' lang='grc' dir='ltr'>τὸ</span> <span class='ocrx_word' id='word_1_98' title='bbox 1430 606 1658 668; x_wconf 73' lang='grc' dir='ltr'>σημεῖον</span> <span class='ocrx_word' id='word_1_99' title='bbox 1679 593 1732 650; x_wconf 81' lang='grc' dir='ltr'>ἐν</span> <span class='ocrx_word' id='word_1_100' title='bbox 1765 595 1934 656; x_wconf 85' lang='grc' dir='ltr'>ἑαυτῶ</span> 
     </span>
    </p>
   </div>
   <div class='ocr_carea' id='block_1_17' title="bbox 2016 501 3652 585">
    <p class='ocr_par' dir='ltr' id='par_1_17' title="bbox 2016 501 3652 585">
     <span class='ocr_line' id='line_1_17' title="bbox 2016 501 3652 585; baseline 0.007 -21"><span class='ocrx_word' id='word_1_101' title='bbox 2016 501 2296 564; x_wconf 81' lang='lat' dir='ltr'><strong>dividitur</strong></span> <span class='ocrx_word' id='word_1_102' title='bbox 2325 511 2384 564; x_wconf 93' lang='lat' dir='ltr'><strong>et</strong></span> <span class='ocrx_word' id='word_1_103' title='bbox 2409 503 2857 585; x_wconf 75' lang='lat' dir='ltr'><strong>multiplicatur.</strong></span> <span class='ocrx_word' id='word_1_104' title='bbox 2902 506 2975 569; x_wconf 89' lang='lat' dir='ltr'><strong>Et</strong></span> <span class='ocrx_word' id='word_1_105' title='bbox 3005 509 3065 570; x_wconf 92' lang='lat' dir='ltr'><strong>in</strong></span> <span class='ocrx_word' id='word_1_106' title='bbox 3096 517 3302 572; x_wconf 86' lang='lat' dir='ltr'><strong>centro</strong></span> <span class='ocrx_word' id='word_1_107' title='bbox 3333 530 3542 576; x_wconf 89' lang='lat' dir='ltr'><strong>omnes</strong></span> <span class='ocrx_word' id='word_1_108' title='bbox 3566 501 3652 575; x_wconf 83' lang='lat' dir='ltr'><strong>li-</strong></span> 
     </span>
    </p>
   </div>
   <div class='ocr_carea' id='block_1_18' title="bbox 2015 593 3648 678">
    <p class='ocr_par' dir='ltr' id='par_1_18' title="bbox 2015 593 3648 678">
     <span class='ocr_line' id='line_1_18' title="bbox 2015 593 3648 678; baseline 0.007 -25"><span class='ocrx_word' id='word_1_109' title='bbox 2015 611 2144 654; x_wconf 83' lang='lat' dir='ltr'><strong>neae</strong></span> <span class='ocrx_word' id='word_1_110' title='bbox 2188 593 2397 654; x_wconf 86' lang='lat' dir='ltr'><strong>circuli</strong></span> <span class='ocrx_word' id='word_1_111' title='bbox 2445 613 2562 656; x_wconf 86' lang='lat' dir='ltr'><strong>una</strong></span> <span class='ocrx_word' id='word_1_112' title='bbox 2609 594 2988 674; x_wconf 77' lang='lat' dir='ltr'><strong>copulatione</strong></span> <span class='ocrx_word' id='word_1_113' title='bbox 3036 599 3214 661; x_wconf 91' lang='lat' dir='ltr'><strong>simul</strong></span> <span class='ocrx_word' id='word_1_114' title='bbox 3247 601 3564 678; x_wconf 78' lang='lat' dir='ltr'><strong>exsistunt;</strong></span> <span class='ocrx_word' id='word_1_115' title='bbox 3592 613 3648 665; x_wconf 92' lang='lat' dir='ltr'><strong>et</strong></span> 
     </span>
    </p>
   </div>
   <div class='ocr_carea' id='block_1_19' title="bbox 2015 681 3656 762">
    <p class='ocr_par' dir='ltr' id='par_1_19' title="bbox 2015 681 3656 762">
     <span class='ocr_line' id='line_1_19' title="bbox 2015 681 3656 762; baseline 0.009 -21"><span class='ocrx_word' id='word_1_116' title='bbox 2015 689 2298 762; x_wconf 88' lang='lat' dir='ltr'><strong>punctum</strong></span> <span class='ocrx_word' id='word_1_117' title='bbox 2355 681 2530 745; x_wconf 84' lang='lat' dir='ltr'><strong>habet</strong></span> <span class='ocrx_word' id='word_1_118' title='bbox 2580 701 2786 746; x_wconf 89' lang='lat' dir='ltr'><strong>omnes</strong></span> <span class='ocrx_word' id='word_1_119' title='bbox 2835 693 3028 748; x_wconf 89' lang='lat' dir='ltr'><strong>rectas</strong></span> <span class='ocrx_word' id='word_1_120' title='bbox 3060 687 3249 750; x_wconf 88' lang='lat' dir='ltr'><strong>lineas</strong></span> <span class='ocrx_word' id='word_1_121' title='bbox 3277 689 3656 755; x_wconf 87' lang='lat' dir='ltr'><strong>uniformiter</strong></span> 
     </span>
    </p>
   </div>
   <div class='ocr_carea' id='block_1_20' title="bbox 2015 772 3652 862">
    <p class='ocr_par' dir='ltr' id='par_1_20' title="bbox 2015 772 3652 862">
     <span class='ocr_line' id='line_1_20' title="bbox 2015 772 3652 862; baseline 0.007 -29"><span class='ocrx_word' id='word_1_122' title='bbox 2015 772 2317 862; x_wconf 80' lang='lat' dir='ltr'><strong>copulatas</strong></span> <span class='ocrx_word' id='word_1_123' title='bbox 2347 773 2504 834; x_wconf 88' lang='lat' dir='ltr'><strong>inter</strong></span> <span class='ocrx_word' id='word_1_124' title='bbox 2533 792 2620 848; x_wconf 90' lang='lat' dir='ltr'><strong>se,</strong></span> <span class='ocrx_word' id='word_1_125' title='bbox 2655 780 2712 834; x_wconf 89' lang='lat' dir='ltr'><strong>et</strong></span> <span class='ocrx_word' id='word_1_126' title='bbox 2751 793 2888 835; x_wconf 89' lang='lat' dir='ltr'><strong>cum</strong></span> <span class='ocrx_word' id='word_1_127' title='bbox 2940 795 3059 837; x_wconf 92' lang='lat' dir='ltr'><strong>uno</strong></span> <span class='ocrx_word' id='word_1_128' title='bbox 3109 779 3404 859; x_wconf 87' lang='lat' dir='ltr'><strong>principio</strong></span> <span class='ocrx_word' id='word_1_129' title='bbox 3453 799 3488 842; x_wconf 91' lang='lat' dir='ltr'><strong>a</strong></span> <span class='ocrx_word' id='word_1_130' title='bbox 3536 801 3652 862; x_wconf 90' lang='lat' dir='ltr'><strong>quo</strong></span> 
     </span>
    </p>
   </div>
   <div class='ocr_carea' id='block_1_21' title="bbox 2016 861 3650 949">
    <p class='ocr_par' dir='ltr' id='par_1_21' title="bbox 2016 861 3650 949">
     <span class='ocr_line' id='line_1_21' title="bbox 2016 861 3650 949; baseline 0.007 -26"><span class='ocrx_word' id='word_1_131' title='bbox 2016 861 2306 936; x_wconf 82' lang='lat' dir='ltr'><strong>exierunt,</strong></span> <span class='ocrx_word' id='word_1_132' title='bbox 2343 871 2400 923; x_wconf 91' lang='lat' dir='ltr'><strong>et</strong></span> <span class='ocrx_word' id='word_1_133' title='bbox 2431 863 2490 923; x_wconf 91' lang='lat' dir='ltr'><strong>in</strong></span> <span class='ocrx_word' id='word_1_134' title='bbox 2512 863 2638 942; x_wconf 87' lang='lat' dir='ltr'><strong>ipso</strong></span> <span class='ocrx_word' id='word_1_135' title='bbox 2664 872 2868 927; x_wconf 90' lang='lat' dir='ltr'><strong>centro</strong></span> <span class='ocrx_word' id='word_1_136' title='bbox 2902 865 3146 928; x_wconf 86' lang='lat' dir='ltr'><strong>omnino</strong></span> <span class='ocrx_word' id='word_1_137' title='bbox 3175 868 3459 948; x_wconf 62' lang='lat' dir='ltr'><strong>copulata</strong></span> <span class='ocrx_word' id='word_1_138' title='bbox 3489 861 3650 949; x_wconf 81' lang='lat' dir='ltr'><strong>sunt;</strong></span> 
     </span>
    </p>
   </div>
   <div class='ocr_carea' id='block_1_22' title="bbox 2015 951 3656 1040">
    <p class='ocr_par' dir='ltr' id='par_1_22' title="bbox 2015 951 3656 1040">
     <span class='ocr_line' id='line_1_22' title="bbox 2015 951 3656 1040; baseline 0.007 -28"><span class='ocrx_word' id='word_1_139' title='bbox 2015 960 2073 1012; x_wconf 87' lang='lat' dir='ltr'><strong>et</strong></span> <span class='ocrx_word' id='word_1_140' title='bbox 2102 970 2307 1032; x_wconf 86' lang='lat' dir='ltr'><strong>parum</strong></span> <span class='ocrx_word' id='word_1_141' title='bbox 2333 951 2407 1014; x_wconf 89' lang='lat' dir='ltr'><strong>ab</strong></span> <span class='ocrx_word' id='word_1_142' title='bbox 2437 970 2507 1014; x_wconf 91' lang='lat' dir='ltr'><strong>eo</strong></span> <span class='ocrx_word' id='word_1_143' title='bbox 2539 951 2827 1015; x_wconf 88' lang='lat' dir='ltr'><strong>distantes</strong></span> <span class='ocrx_word' id='word_1_144' title='bbox 2857 972 3062 1035; x_wconf 89' lang='lat' dir='ltr'><strong>parum</strong></span> <span class='ocrx_word' id='word_1_145' title='bbox 3096 955 3656 1040; x_wconf 82' lang='lat' dir='ltr'><strong>dividuntur,magis</strong></span> 
     </span>
    </p>
   </div>
   <div class='ocr_carea' id='block_1_23' title="bbox 2019 1040 3655 1130">
    <p class='ocr_par' dir='ltr' id='par_1_23' title="bbox 2019 1040 3655 1130">
     <span class='ocr_line' id='line_1_23' title="bbox 2019 1040 3655 1130; baseline 0.006 -28"><span class='ocrx_word' id='word_1_146' title='bbox 2019 1049 2208 1102; x_wconf 75' lang='lat' dir='ltr'><strong>autem</strong></span> <span class='ocrx_word' id='word_1_147' title='bbox 2232 1040 2518 1104; x_wconf 82' lang='lat' dir='ltr'><strong>distantes</strong></span> <span class='ocrx_word' id='word_1_148' title='bbox 2544 1043 2755 1122; x_wconf 83' lang='lat' dir='ltr'><strong>magis;</strong></span> <span class='ocrx_word' id='word_1_149' title='bbox 2778 1050 2928 1125; x_wconf 89' lang='lat' dir='ltr'><strong>et,ut</strong></span> <span class='ocrx_word' id='word_1_150' title='bbox 2957 1045 3141 1108; x_wconf 85' lang='lat' dir='ltr'><strong>semel</strong></span> <span class='ocrx_word' id='word_1_151' title='bbox 3172 1045 3387 1123; x_wconf 86' lang='lat' dir='ltr'><strong>dicam,</strong></span> <span class='ocrx_word' id='word_1_152' title='bbox 3435 1057 3655 1130; x_wconf 90' lang='lat' dir='ltr'><strong>quanto</strong></span> 
     </span>
    </p>
   </div>
   <div class='ocr_carea' id='block_1_24' title="bbox 2017 1131 3658 1216">
    <p class='ocr_par' dir='ltr' id='par_1_24' title="bbox 2017 1131 3658 1216">
     <span class='ocr_line' id='line_1_24' title="bbox 2017 1131 3658 1216; baseline 0.005 -23"><span class='ocrx_word' id='word_1_153' title='bbox 2017 1138 2155 1193; x_wconf 88' lang='lat' dir='ltr'><strong>sunt</strong></span> <span class='ocrx_word' id='word_1_154' title='bbox 2185 1143 2392 1192; x_wconf 88' lang='lat' dir='ltr'><strong>centro</strong></span> <span class='ocrx_word' id='word_1_155' title='bbox 2423 1131 2899 1213; x_wconf 85' lang='lat' dir='ltr'><strong>propinquiores,</strong></span> <span class='ocrx_word' id='word_1_156' title='bbox 2932 1143 3094 1198; x_wconf 92' lang='lat' dir='ltr'><strong>tanto</strong></span> <span class='ocrx_word' id='word_1_157' title='bbox 3118 1136 3302 1216; x_wconf 80' lang='lat' dir='ltr'><strong>magis</strong></span> <span class='ocrx_word' id='word_1_158' title='bbox 3332 1153 3465 1200; x_wconf 88' lang='lat' dir='ltr'><strong>cum</strong></span> <span class='ocrx_word' id='word_1_159' title='bbox 3498 1156 3568 1200; x_wconf 90' lang='lat' dir='ltr'><strong>eo</strong></span> <span class='ocrx_word' id='word_1_160' title='bbox 3594 1151 3658 1202; x_wconf 83' lang='lat' dir='ltr'><strong>et</strong></span> 
     </span>
    </p>
   </div>
   <div class='ocr_carea' id='block_1_25' title="bbox 2019 1219 3658 1305">
    <p class='ocr_par' dir='ltr' id='par_1_25' title="bbox 2019 1219 3658 1305">
     <span class='ocr_line' id='line_1_25' title="bbox 2019 1219 3658 1305; baseline 0.008 -26"><span class='ocrx_word' id='word_1_161' title='bbox 2019 1219 2172 1280; x_wconf 89' lang='lat' dir='ltr'><strong>inter</strong></span> <span class='ocrx_word' id='word_1_162' title='bbox 2203 1237 2267 1281; x_wconf 90' lang='lat' dir='ltr'><strong>se</strong></span> <span class='ocrx_word' id='word_1_163' title='bbox 2293 1220 2668 1300; x_wconf 83' lang='lat' dir='ltr'><strong>copulantur;</strong></span> <span class='ocrx_word' id='word_1_164' title='bbox 2701 1230 2760 1285; x_wconf 90' lang='lat' dir='ltr'><strong>et</strong></span> <span class='ocrx_word' id='word_1_165' title='bbox 2788 1232 3010 1304; x_wconf 87' lang='lat' dir='ltr'><strong>quanto</strong></span> <span class='ocrx_word' id='word_1_166' title='bbox 3043 1225 3281 1305; x_wconf 81' lang='lat' dir='ltr'><strong>magisa</strong></span> <span class='ocrx_word' id='word_1_167' title='bbox 3301 1234 3504 1290; x_wconf 86' lang='lat' dir='ltr'><strong>centro</strong></span> <span class='ocrx_word' id='word_1_168' title='bbox 3536 1227 3658 1292; x_wconf 88' lang='lat' dir='ltr'><strong>dis-</strong></span> 
     </span>
    </p>
   </div>
   <div class='ocr_carea' id='block_1_26' title="bbox 2019 1311 3208 1391">
    <p class='ocr_par' dir='ltr' id='par_1_26' title="bbox 2019 1311 3208 1391">
     <span class='ocr_line' id='line_1_26' title="bbox 2019 1311 3208 1391; baseline 0.008 -21"><span class='ocrx_word' id='word_1_169' title='bbox 2019 1317 2166 1391; x_wconf 85' lang='lat' dir='ltr'><strong>tant,</strong></span> <span class='ocrx_word' id='word_1_170' title='bbox 2197 1317 2358 1372; x_wconf 83' lang='lat' dir='ltr'><strong>tanto</strong></span> <span class='ocrx_word' id='word_1_171' title='bbox 2396 1311 2582 1391; x_wconf 84' lang='lat' dir='ltr'><strong>magis</strong></span> <span class='ocrx_word' id='word_1_172' title='bbox 2613 1321 2670 1374; x_wconf 89' lang='lat' dir='ltr'><strong>et</strong></span> <span class='ocrx_word' id='word_1_173' title='bbox 2699 1311 2856 1376; x_wconf 88' lang='lat' dir='ltr'><strong>inter</strong></span> <span class='ocrx_word' id='word_1_174' title='bbox 2883 1333 2946 1376; x_wconf 91' lang='lat' dir='ltr'><strong>se</strong></span> <span class='ocrx_word' id='word_1_175' title='bbox 2970 1313 3208 1380; x_wconf 77' lang='lat' dir='ltr'><strong>distant.</strong></span> 
     </span>
    </p>
   </div>
   <div class='ocr_carea' id='block_1_27' title="bbox 1889 1467 2088 1548">
    <p class='ocr_par' dir='ltr' id='par_1_27' title="bbox 1889 1467 2088 1548">
     <span class='ocr_line' id='line_1_27' title="bbox 1889 1467 2088 1548; baseline 0.015 -15"><span class='ocrx_word' id='word_1_176' title='bbox 1889 1470 1918 1548; x_wconf 83' lang='lat'><strong>§</strong></span> <span class='ocrx_word' id='word_1_177' title='bbox 1961 1467 2088 1536; x_wconf 84' lang='lat' dir='ltr'><strong>VII.</strong></span> 
     </span>
    </p>
   </div>
   <div class='ocr_carea' id='block_1_28' title="bbox 377 1630 1936 1715">
    <p class='ocr_par' dir='ltr' id='par_1_28' title="bbox 377 1630 1936 1715">
     <span class='ocr_line' id='line_1_28' title="bbox 377 1630 1936 1715; baseline 0 -25"><span class='ocrx_word' id='word_1_178' title='bbox 377 1630 524 1690; x_wconf 80' lang='grc' dir='ltr'>Αλλὰ</span> <span class='ocrx_word' id='word_1_179' title='bbox 579 1635 667 1690; x_wconf 87' lang='grc' dir='ltr'><strong>καὶ</strong></span> <span class='ocrx_word' id='word_1_180' title='bbox 699 1634 775 1711; x_wconf 62' lang='grc' dir='ltr'>,ἐν</span> <span class='ocrx_word' id='word_1_181' title='bbox 807 1641 876 1712; x_wconf 80' lang='grc' dir='ltr'><strong>τῇ</strong></span> <span class='ocrx_word' id='word_1_182' title='bbox 910 1633 1010 1710; x_wconf 69' lang='grc' dir='ltr'>ὅλῃ</span> <span class='ocrx_word' id='word_1_183' title='bbox 1062 1639 1168 1692; x_wconf 82' lang='grc' dir='ltr'><strong>τῶν</strong></span> <span class='ocrx_word' id='word_1_184' title='bbox 1199 1635 1338 1692; x_wconf 77' lang='grc' dir='ltr'>ὅλων</span> <span class='ocrx_word' id='word_1_185' title='bbox 1367 1637 1514 1715; x_wconf 75' lang='grc' dir='ltr'>φύσει</span> <span class='ocrx_word' id='word_1_186' title='bbox 1547 1635 1742 1698; x_wconf 71' lang='grc' dir='ltr'>πάντες</span> <span class='ocrx_word' id='word_1_187' title='bbox 1765 1636 1812 1690; x_wconf 79' lang='grc' dir='ltr'>οἱ</span> <span class='ocrx_word' id='word_1_188' title='bbox 1837 1638 1936 1702; x_wconf 77' lang='grc' dir='ltr'>τῆς</span> 
     </span>
    </p>
   </div>
   <div class='ocr_carea' id='block_1_29' title="bbox 2101 1634 3661 1705">
    <p class='ocr_par' dir='ltr' id='par_1_29' title="bbox 2101 1634 3661 1705">
     <span class='ocr_line' id='line_1_29' title="bbox 2101 1634 3661 1705; baseline 0.006 -10"><span class='ocrx_word' id='word_1_189' title='bbox 2101 1634 2224 1696; x_wconf 92' lang='lat' dir='ltr'><strong>[mo</strong></span> <span class='ocrx_word' id='word_1_190' title='bbox 2257 1636 2388 1697; x_wconf 86' lang='lat' dir='ltr'><strong>etin</strong></span> <span class='ocrx_word' id='word_1_191' title='bbox 2409 1643 2527 1698; x_wconf 83' lang='lat' dir='ltr'><strong>tota</strong></span> <span class='ocrx_word' id='word_1_192' title='bbox 2557 1644 2767 1700; x_wconf 87' lang='lat' dir='ltr'><strong>natura</strong></span> <span class='ocrx_word' id='word_1_193' title='bbox 2793 1637 3054 1701; x_wconf 85' lang='lat' dir='ltr'><strong>universi</strong></span> <span class='ocrx_word' id='word_1_194' title='bbox 3082 1639 3345 1700; x_wconf 86' lang='lat' dir='ltr'><strong>rationes</strong></span> <span class='ocrx_word' id='word_1_195' title='bbox 3373 1641 3661 1705; x_wconf 82' lang='lat' dir='ltr'><strong>uniuscu-</strong></span> 
     </span>
    </p>
   </div>
   <div class='ocr_carea' id='block_1_30' title="bbox 293 1720 1944 1807">
    <p class='ocr_par' dir='ltr' id='par_1_30' title="bbox 293 1723 1939 1804">
     <span class='ocr_line' id='line_1_30' title="bbox 293 1723 1939 1804; baseline 0.001 -25"><span class='ocrx_word' id='word_1_196' title='bbox 293 1727 390 1780; x_wconf 83' lang='grc' dir='ltr'>καθ</span> <span class='ocrx_word' id='word_1_197' title='bbox 465 1723 684 1782; x_wconf 78' lang='grc' dir='ltr'>ἕκαστον</span> <span class='ocrx_word' id='word_1_198' title='bbox 753 1724 808 1774; x_wconf 81' lang='grc'><strong>71</strong></span> <span class='ocrx_word' id='word_1_199' title='bbox 871 1725 1076 1804; x_wconf 71' lang='grc' dir='ltr'>φύσεως</span> <span class='ocrx_word' id='word_1_200' title='bbox 1129 1725 1283 1804; x_wconf 81' lang='grc' dir='ltr'>λόγοι</span> <span class='ocrx_word' id='word_1_201' title='bbox 1357 1723 1770 1800; x_wconf 78' lang='grc' dir='ltr'>συνειλημμένοι</span> <span class='ocrx_word' id='word_1_202' title='bbox 1842 1724 1939 1780; x_wconf 81' lang='grc' dir='ltr'>εἰσὶ</span> 
     </span>
    </p>
   </div>
   <div class='ocr_carea' id='block_1_31' title="bbox 2031 1720 3662 1807">
    <p class='ocr_par' dir='ltr' id='par_1_31' title="bbox 2031 1723 3662 1807">
     <span class='ocr_line' id='line_1_31' title="bbox 2031 1723 3662 1807; baseline 0.008 -23"><span class='ocrx_word' id='word_1_203' title='bbox 2031 1723 2236 1806; x_wconf 84' lang='lat' dir='ltr'><strong>iusque</strong></span> <span class='ocrx_word' id='word_1_204' title='bbox 2264 1737 2493 1788; x_wconf 86' lang='lat' dir='ltr'><strong>naturae</strong></span> <span class='ocrx_word' id='word_1_205' title='bbox 2523 1745 2640 1788; x_wconf 91' lang='lat' dir='ltr'><strong>una</strong></span> <span class='ocrx_word' id='word_1_206' title='bbox 2668 1727 3175 1807; x_wconf 88' lang='lat' dir='ltr'><strong>copulationenon</strong></span> <span class='ocrx_word' id='word_1_207' title='bbox 3189 1729 3432 1793; x_wconf 82' lang='lat' dir='ltr'><strong>confusa</strong></span> <span class='ocrx_word' id='word_1_208' title='bbox 3448 1732 3662 1797; x_wconf 86' lang='lat' dir='ltr'><strong>collec-</strong></span> 
     </span>
    </p>
   </div>
   <div class='ocr_carea' id='block_1_32' title="bbox 290 1813 1939 1895">
    <p class='ocr_par' dir='ltr' id='par_1_32' title="bbox 290 1813 1939 1895">
     <span class='ocr_line' id='line_1_32' title="bbox 290 1813 1939 1895; baseline -0.001 -25"><span class='ocrx_word' id='word_1_209' title='bbox 290 1813 428 1870; x_wconf 68' lang='grc' dir='ltr'>κατα</span> <span class='ocrx_word' id='word_1_210' title='bbox 460 1817 584 1890; x_wconf 75' lang='grc' dir='ltr'>μίαν</span> <span class='ocrx_word' id='word_1_211' title='bbox 618 1815 918 1895; x_wconf 70' lang='grc' dir='ltr'>ἂσύγχοτον</span> <span class='ocrx_word' id='word_1_212' title='bbox 963 1815 1170 1892; x_wconf 67' lang='grc' dir='ltr'>έθωσιν,</span> <span class='ocrx_word' id='word_1_213' title='bbox 1207 1817 1292 1872; x_wconf 77' lang='grc' dir='ltr'>καὶ</span> <span class='ocrx_word' id='word_1_214' title='bbox 1335 1815 1390 1872; x_wconf 84' lang='grc' dir='ltr'>ἐν</span> <span class='ocrx_word' id='word_1_215' title='bbox 1419 1815 1486 1884; x_wconf 72' lang='grc' dir='ltr'><strong>τῇ</strong></span> <span class='ocrx_word' id='word_1_216' title='bbox 1518 1819 1670 1894; x_wconf 75' lang='grc' dir='ltr'>ψυχῇ</span> <span class='ocrx_word' id='word_1_217' title='bbox 1723 1835 1939 1890; x_wconf 77' lang='grc' dir='ltr'>μονοειι-</span> 
     </span>
    </p>
   </div>
   <div class='ocr_carea' id='block_1_33' title="bbox 294 1903 1942 1984">
    <p class='ocr_par' dir='ltr' id='par_1_33' title="bbox 294 1903 1942 1984">
     <span class='ocr_line' id='line_1_33' title="bbox 294 1903 1942 1984; baseline 0.001 -25"><span class='ocrx_word' id='word_1_218' title='bbox 294 1903 395 1969; x_wconf 80' lang='grc' dir='ltr'><strong>δὼς</strong></span> <span class='ocrx_word' id='word_1_219' title='bbox 475 1905 527 1960; x_wconf 86' lang='grc' dir='ltr'>αἰ</span> <span class='ocrx_word' id='word_1_220' title='bbox 583 1911 686 1962; x_wconf 84' lang='grc' dir='ltr'>τῶν</span> <span class='ocrx_word' id='word_1_221' title='bbox 762 1907 896 1962; x_wconf 67' lang='grc' dir='ltr'>κατά</span> <span class='ocrx_word' id='word_1_222' title='bbox 971 1905 1129 1983; x_wconf 81' lang='grc' dir='ltr'>μέρος</span> <span class='ocrx_word' id='word_1_223' title='bbox 1182 1907 1395 1963; x_wconf 82' lang='grc' dir='ltr'>πάντων</span> <span class='ocrx_word' id='word_1_224' title='bbox 1451 1907 1796 1984; x_wconf 75' lang='grc' dir='ltr'>προνοητικαὶ</span> <span class='ocrx_word' id='word_1_225' title='bbox 1849 1915 1942 1961; x_wconf 74' lang='grc' dir='ltr'><strong>τοῦ</strong></span> 
     </span>
    </p>
   </div>
   <div class='ocr_carea' id='block_1_34' title="bbox 294 1992 1939 2071">
    <p class='ocr_par' dir='ltr' id='par_1_34' title="bbox 294 1992 1939 2071">
     <span class='ocr_line' id='line_1_34' title="bbox 294 1992 1939 2071; baseline 0.004 -23"><span class='ocrx_word' id='word_1_226' title='bbox 294 1992 419 2050; x_wconf 76' lang='grc' dir='ltr'>ὃλου</span> <span class='ocrx_word' id='word_1_227' title='bbox 451 1994 694 2069; x_wconf 83' lang='grc' dir='ltr'>σώματος</span> <span class='ocrx_word' id='word_1_228' title='bbox 740 1994 986 2071; x_wconf 79' lang='grc' dir='ltr'>δυνάμεις</span> <span class='ocrx_word' id='word_1_229' title='bbox 1013 2013 1030 2032; x_wconf 78' lang='grc' dir='ltr'><strong><em>ο</em></strong></span> <span class='ocrx_word' id='word_1_230' title='bbox 1091 1993 1237 2052; x_wconf 73' lang='grc' dir='ltr'>οὐδὲν</span> <span class='ocrx_word' id='word_1_231' title='bbox 1287 1996 1383 2052; x_wconf 70' lang='grc' dir='ltr'>οὖν</span> <span class='ocrx_word' id='word_1_232' title='bbox 1441 1995 1660 2068; x_wconf 76' lang='grc' dir='ltr'>ἄτοπον,</span> <span class='ocrx_word' id='word_1_233' title='bbox 1695 1993 1746 2060; x_wconf 81' lang='grc' dir='ltr'>ἐξ</span> <span class='ocrx_word' id='word_1_234' title='bbox 1798 1994 1939 2070; x_wconf 67' lang='grc' dir='ltr'>ἀμυη</span> 
     </span>
    </p>
   </div>
   <div class='ocr_carea' id='block_1_35' title="bbox 292 2081 1937 2162">
    <p class='ocr_par' dir='ltr' id='par_1_35' title="bbox 292 2081 1937 2162">
     <span class='ocr_line' id='line_1_35' title="bbox 292 2081 1937 2162; baseline 0.001 -24"><span class='ocrx_word' id='word_1_235' title='bbox 292 2081 427 2160; x_wconf 76' lang='grc' dir='ltr'>δρῶν</span> <span class='ocrx_word' id='word_1_236' title='bbox 458 2085 674 2140; x_wconf 71' lang='grc' dir='ltr'>εἰκόνων</span> <span class='ocrx_word' id='word_1_237' title='bbox 735 2085 820 2142; x_wconf 84' lang='grc' dir='ltr'>ἐπὶ</span> <span class='ocrx_word' id='word_1_238' title='bbox 855 2087 914 2142; x_wconf 81' lang='grc' dir='ltr'>τὸ</span> <span class='ocrx_word' id='word_1_239' title='bbox 947 2084 1162 2145; x_wconf 77' lang='grc' dir='ltr'>πάντων</span> <span class='ocrx_word' id='word_1_240' title='bbox 1221 2085 1396 2142; x_wconf 78' lang='grc' dir='ltr'>αἴτιον</span> <span class='ocrx_word' id='word_1_241' title='bbox 1427 2084 1744 2158; x_wconf 71' lang='grc' dir='ltr'>ἂναὸαντας,</span> <span class='ocrx_word' id='word_1_242' title='bbox 1774 2085 1937 2162; x_wconf 80' lang='grc' dir='ltr'>ὑπερ-</span> 
     </span>
    </p>
   </div>
   <div class='ocr_carea' id='block_1_36' title="bbox 290 2174 1938 2254">
    <p class='ocr_par' dir='ltr' id='par_1_36' title="bbox 290 2174 1938 2254">
     <span class='ocr_line' id='line_1_36' title="bbox 290 2174 1938 2254; baseline -0.001 -24"><span class='ocrx_word' id='word_1_243' title='bbox 290 2176 533 2248; x_wconf 71' lang='grc' dir='ltr'>κοσμέοις</span> <span class='ocrx_word' id='word_1_244' title='bbox 591 2174 888 2254; x_wconf 68' lang='grc' dir='ltr'>ὀφθαλμοῖς</span> <span class='ocrx_word' id='word_1_245' title='bbox 944 2174 1208 2253; x_wconf 75' lang='grc' dir='ltr'>θεωρῆσαι</span> <span class='ocrx_word' id='word_1_246' title='bbox 1259 2175 1432 2231; x_wconf 78' lang='grc' dir='ltr'>πάντα</span> <span class='ocrx_word' id='word_1_247' title='bbox 1488 2175 1542 2230; x_wconf 79' lang='grc' dir='ltr'>ἐν</span> <span class='ocrx_word' id='word_1_248' title='bbox 1591 2179 1670 2248; x_wconf 79' lang='grc' dir='ltr'><strong>τῷ</strong></span> <span class='ocrx_word' id='word_1_249' title='bbox 1726 2174 1938 2231; x_wconf 84' lang='grc' dir='ltr'>πάντων</span> 
     </span>
    </p>
   </div>
   <div class='ocr_carea' id='block_1_37' title="bbox 296 2261 1938 2344">
    <p class='ocr_par' dir='ltr' id='par_1_37' title="bbox 296 2261 1938 2344">
     <span class='ocr_line' id='line_1_37' title="bbox 296 2261 1938 2344; baseline -0.001 -24"><span class='ocrx_word' id='word_1_250' title='bbox 296 2265 466 2339; x_wconf 80' lang='grc' dir='ltr'>αἰτίῳ,</span> <span class='ocrx_word' id='word_1_251' title='bbox 527 2265 614 2320; x_wconf 88' lang='grc' dir='ltr'><strong>καὶ</strong></span> <span class='ocrx_word' id='word_1_252' title='bbox 661 2263 727 2320; x_wconf 75' lang='lat'>11&#39;</span> <span class='ocrx_word' id='word_1_253' title='bbox 754 2262 1010 2331; x_wconf 67' lang='grc' dir='ltr'>ἀλλήλοις</span> <span class='ocrx_word' id='word_1_254' title='bbox 1065 2263 1298 2344; x_wconf 64' lang='grc' dir='ltr'>ἐναντία,</span> <span class='ocrx_word' id='word_1_255' title='bbox 1340 2261 1630 2340; x_wconf 78' lang='grc' dir='ltr'>μονοειδῶς</span> <span class='ocrx_word' id='word_1_256' title='bbox 1675 2265 1762 2318; x_wconf 82' lang='grc' dir='ltr'><strong>καὶ</strong></span> <span class='ocrx_word' id='word_1_257' title='bbox 1793 2265 1938 2332; x_wconf 78' lang='grc' dir='ltr'><strong>ἡνω-</strong></span> 
     </span>
    </p>
   </div>
   <div class='ocr_carea' id='block_1_38' title="bbox 293 2351 1938 2434">
    <p class='ocr_par' dir='ltr' id='par_1_38' title="bbox 293 2351 1938 2434">
     <span class='ocr_line' id='line_1_38' title="bbox 293 2351 1938 2434; baseline -0.001 -24"><span class='ocrx_word' id='word_1_258' title='bbox 293 2369 491 2429; x_wconf 73' lang='grc' dir='ltr'>μενως·</span> <span class='ocrx_word' id='word_1_259' title='bbox 553 2353 702 2433; x_wconf 80' lang='grc' dir='ltr'>ἀρχὴ</span> <span class='ocrx_word' id='word_1_260' title='bbox 756 2355 853 2432; x_wconf 73' lang='grc' dir='ltr'><strong>γὰρ</strong></span> <span class='ocrx_word' id='word_1_261' title='bbox 899 2353 1012 2410; x_wconf 74' lang='grc' dir='ltr'>ἐστι</span> <span class='ocrx_word' id='word_1_262' title='bbox 1081 2359 1188 2410; x_wconf 76' lang='grc' dir='ltr'>τῶν</span> <span class='ocrx_word' id='word_1_263' title='bbox 1222 2355 1414 2434; x_wconf 78' lang='grc' dir='ltr'>ὄντων,</span> <span class='ocrx_word' id='word_1_264' title='bbox 1447 2351 1534 2432; x_wconf 68' lang='grc' dir='ltr'><strong>ἀφ’</strong></span> <span class='ocrx_word' id='word_1_265' title='bbox 1584 2355 1650 2419; x_wconf 75' lang='grc' dir='ltr'>ἧς</span> <span class='ocrx_word' id='word_1_266' title='bbox 1700 2354 1788 2410; x_wconf 78' lang='grc' dir='ltr'><strong>καὶ</strong></span> <span class='ocrx_word' id='word_1_267' title='bbox 1812 2355 1938 2412; x_wconf 71' lang='grc' dir='ltr'>αὐτὸ</span> 
     </span>
    </p>
   </div>
   <div class='ocr_carea' id='block_1_39' title="bbox 293 2443 1938 2523">
    <p class='ocr_par' dir='ltr' id='par_1_39' title="bbox 293 2443 1938 2523">
     <span class='ocr_line' id='line_1_39' title="bbox 293 2443 1938 2523; baseline -0.002 -22"><span class='ocrx_word' id='word_1_268' title='bbox 293 2444 355 2501; x_wconf 77' lang='grc' dir='ltr'>τὰ</span> <span class='ocrx_word' id='word_1_269' title='bbox 387 2458 550 2517; x_wconf 78' lang='grc' dir='ltr'>εἶναι,</span> <span class='ocrx_word' id='word_1_270' title='bbox 598 2445 685 2500; x_wconf 80' lang='grc' dir='ltr'><strong>καὶ</strong></span> <span class='ocrx_word' id='word_1_271' title='bbox 732 2444 904 2502; x_wconf 83' lang='grc' dir='ltr'>πάντα</span> <span class='ocrx_word' id='word_1_272' title='bbox 953 2443 1018 2499; x_wconf 81' lang='grc' dir='ltr'>τὰ</span> <span class='ocrx_word' id='word_1_273' title='bbox 1076 2445 1319 2500; x_wconf 77' lang='grc' dir='ltr'>ὁπωσοῦν</span> <span class='ocrx_word' id='word_1_274' title='bbox 1376 2445 1523 2518; x_wconf 83' lang='grc' dir='ltr'>ὂντα,</span> <span class='ocrx_word' id='word_1_275' title='bbox 1585 2449 1728 2499; x_wconf 83' lang='grc' dir='ltr'>πᾶσα</span> <span class='ocrx_word' id='word_1_276' title='bbox 1765 2443 1938 2523; x_wconf 76' lang='grc' dir='ltr'>ἀρχὴ,</span> 
     </span>
    </p>
   </div>
   <div class='ocr_carea' id='block_1_40' title="bbox 297 2533 1936 2612">
    <p class='ocr_par' dir='ltr' id='par_1_40' title="bbox 297 2533 1936 2612">
     <span class='ocr_line' id='line_1_40' title="bbox 297 2533 1936 2612; baseline -0.001 -22"><span class='ocrx_word' id='word_1_277' title='bbox 297 2540 402 2590; x_wconf 76' lang='grc' dir='ltr'><strong>πᾶν</strong></span> <span class='ocrx_word' id='word_1_278' title='bbox 435 2533 618 2611; x_wconf 82' lang='grc' dir='ltr'>πέρας,</span> <span class='ocrx_word' id='word_1_279' title='bbox 673 2539 816 2589; x_wconf 80' lang='grc' dir='ltr'>πᾶσα</span> <span class='ocrx_word' id='word_1_280' title='bbox 845 2533 980 2611; x_wconf 75' lang='grc' dir='ltr'>ζωὴ,</span> <span class='ocrx_word' id='word_1_281' title='bbox 1019 2538 1162 2588; x_wconf 84' lang='grc' dir='ltr'>πᾶσα</span> <span class='ocrx_word' id='word_1_282' title='bbox 1205 2533 1479 2612; x_wconf 79' lang='grc' dir='ltr'>ἀθανασία,</span> <span class='ocrx_word' id='word_1_283' title='bbox 1556 2537 1703 2588; x_wconf 85' lang='grc' dir='ltr'>πᾶσα</span> <span class='ocrx_word' id='word_1_284' title='bbox 1750 2533 1936 2612; x_wconf 73' lang='grc' dir='ltr'>σοφία,</span> 
     </span>
    </p>
   </div>
   <div class='ocr_carea' id='block_1_41' title="bbox 299 2620 1944 2702">
    <p class='ocr_par' dir='ltr' id='par_1_41' title="bbox 299 2620 1944 2702">
     <span class='ocr_line' id='line_1_41' title="bbox 299 2620 1944 2702; baseline -0.001 -22"><span class='ocrx_word' id='word_1_285' title='bbox 299 2630 444 2680; x_wconf 75' lang='grc' dir='ltr'>πᾶσα</span> <span class='ocrx_word' id='word_1_286' title='bbox 501 2622 667 2697; x_wconf 76' lang='grc' dir='ltr'>τσίξις,</span> <span class='ocrx_word' id='word_1_287' title='bbox 741 2629 884 2678; x_wconf 76' lang='grc' dir='ltr'>πᾶσα</span> <span class='ocrx_word' id='word_1_288' title='bbox 941 2621 1188 2700; x_wconf 79' lang='grc' dir='ltr'>ἀρμονὶα,</span> <span class='ocrx_word' id='word_1_289' title='bbox 1275 2629 1422 2678; x_wconf 84' lang='grc' dir='ltr'>πᾶσα</span> <span class='ocrx_word' id='word_1_290' title='bbox 1487 2620 1728 2702; x_wconf 82' lang='grc' dir='ltr'>δύναμις,</span> <span class='ocrx_word' id='word_1_291' title='bbox 1799 2628 1944 2678; x_wconf 83' lang='grc' dir='ltr'>πᾶσα</span> 
     </span>
    </p>
   </div>
   <div class='ocr_carea' id='block_1_42' title="bbox 299 2709 1947 2792">
    <p class='ocr_par' dir='ltr' id='par_1_42' title="bbox 299 2709 1947 2792">
     <span class='ocr_line' id='line_1_42' title="bbox 299 2709 1947 2792; baseline -0.002 -23"><span class='ocrx_word' id='word_1_292' title='bbox 299 2713 520 2792; x_wconf 61' lang='grc' dir='ltr'>φρουρὰ,</span> <span class='ocrx_word' id='word_1_293' title='bbox 571 2719 712 2768; x_wconf 75' lang='grc' dir='ltr'>πᾶσα</span> <span class='ocrx_word' id='word_1_294' title='bbox 761 2709 985 2790; x_wconf 76' lang='grc' dir='ltr'>ἵδρυσις,</span> <span class='ocrx_word' id='word_1_295' title='bbox 1043 2717 1186 2768; x_wconf 84' lang='grc' dir='ltr'>πᾶσα</span> <span class='ocrx_word' id='word_1_296' title='bbox 1235 2709 1487 2784; x_wconf 75' lang='grc' dir='ltr'>διανομὴ,</span> <span class='ocrx_word' id='word_1_297' title='bbox 1549 2717 1693 2768; x_wconf 78' lang='grc' dir='ltr'>πᾶσα</span> <span class='ocrx_word' id='word_1_298' title='bbox 1739 2711 1947 2786; x_wconf 82' lang='grc' dir='ltr'>νὸησις,</span> 
     </span>
    </p>
   </div>
   <div class='ocr_carea' id='block_1_43' title="bbox 298 2800 1946 2882">
    <p class='ocr_par' dir='ltr' id='par_1_43' title="bbox 298 2800 1946 2882">
     <span class='ocr_line' id='line_1_43' title="bbox 298 2800 1946 2882; baseline -0.001 -24"><span class='ocrx_word' id='word_1_299' title='bbox 298 2810 400 2862; x_wconf 74' lang='grc' dir='ltr'>πᾶς</span> <span class='ocrx_word' id='word_1_300' title='bbox 445 2801 623 2879; x_wconf 63' lang='grc' dir='ltr'>λόγος,</span> <span class='ocrx_word' id='word_1_301' title='bbox 658 2809 800 2858; x_wconf 76' lang='grc' dir='ltr'>πᾶσα</span> <span class='ocrx_word' id='word_1_302' title='bbox 861 2800 1134 2876; x_wconf 77' lang='grc' dir='ltr'>ὰῖσοησις,</span> <span class='ocrx_word' id='word_1_303' title='bbox 1193 2807 1335 2858; x_wconf 86' lang='grc' dir='ltr'>πᾶσα</span> <span class='ocrx_word' id='word_1_304' title='bbox 1385 2800 1512 2882; x_wconf 63' lang='grc' dir='ltr'>ἕξις,</span> <span class='ocrx_word' id='word_1_305' title='bbox 1562 2807 1706 2857; x_wconf 80' lang='grc' dir='ltr'>πᾶσα</span> <span class='ocrx_word' id='word_1_306' title='bbox 1739 2801 1946 2880; x_wconf 67' lang='grc' dir='ltr'>στάσις,</span> 
     </span>
    </p>
   </div>
   <div class='ocr_carea' id='block_1_44' title="bbox 297 2889 1947 2968">
    <p class='ocr_par' dir='ltr' id='par_1_44' title="bbox 297 2889 1947 2968">
     <span class='ocr_line' id='line_1_44' title="bbox 297 2889 1947 2968; baseline -0.001 -21"><span class='ocrx_word' id='word_1_307' title='bbox 297 2899 444 2948; x_wconf 67' lang='grc' dir='ltr'>πᾶσα</span> <span class='ocrx_word' id='word_1_308' title='bbox 503 2893 734 2968; x_wconf 79' lang='grc' dir='ltr'>κίνησις,</span> <span class='ocrx_word' id='word_1_309' title='bbox 776 2897 919 2946; x_wconf 79' lang='grc' dir='ltr'>πᾶσα</span> <span class='ocrx_word' id='word_1_310' title='bbox 991 2891 1178 2954; x_wconf 81' lang='grc' dir='ltr'>ἓνῶσις</span> <span class='ocrx_word' id='word_1_311' title='bbox 1239 2897 1386 2946; x_wconf 77' lang='grc' dir='ltr'>πᾶσα</span> <span class='ocrx_word' id='word_1_312' title='bbox 1427 2895 1610 2968; x_wconf 84' lang='grc' dir='ltr'>κρᾶσις</span> <span class='ocrx_word' id='word_1_313' title='bbox 1669 2889 1751 2966; x_wconf 67' lang='grc'>72,</span> <span class='ocrx_word' id='word_1_314' title='bbox 1803 2897 1947 2947; x_wconf 79' lang='grc' dir='ltr'>πᾶσα</span> 
     </span>
    </p>
   </div>
   <div class='ocr_carea' id='block_1_45' title="bbox 294 2978 1945 3061">
    <p class='ocr_par' dir='ltr' id='par_1_45' title="bbox 294 2978 1945 3061">
     <span class='ocr_line' id='line_1_45' title="bbox 294 2978 1945 3061; baseline 0.001 -26"><span class='ocrx_word' id='word_1_315' title='bbox 294 2981 464 3061; x_wconf 54' lang='lat' dir='ltr'><strong>quin,</strong></span> <span class='ocrx_word' id='word_1_316' title='bbox 503 2987 644 3036; x_wconf 76' lang='grc' dir='ltr'>πᾶσα</span> <span class='ocrx_word' id='word_1_317' title='bbox 676 2981 974 3060; x_wconf 64' lang='grc' dir='ltr'>ἐφαρμογὴ,</span> <span class='ocrx_word' id='word_1_318' title='bbox 1045 2986 1190 3036; x_wconf 74' lang='grc' dir='ltr'>πᾶσα</span> <span class='ocrx_word' id='word_1_319' title='bbox 1220 2978 1500 3054; x_wconf 77' lang='grc' dir='ltr'>διάκρισις,</span> <span class='ocrx_word' id='word_1_320' title='bbox 1535 2986 1640 3044; x_wconf 82' lang='grc' dir='ltr'>πᾶς</span> <span class='ocrx_word' id='word_1_321' title='bbox 1670 2980 1815 3056; x_wconf 68' lang='grc' dir='ltr'>ὅρος,</span> <span class='ocrx_word' id='word_1_322' title='bbox 1861 2981 1945 3037; x_wconf 77' lang='grc' dir='ltr'>καὶ</span> 
     </span>
    </p>
   </div>
   <div class='ocr_carea' id='block_1_46' title="bbox 299 3068 1944 3149">
    <p class='ocr_par' dir='ltr' id='par_1_46' title="bbox 299 3068 1944 3149">
     <span class='ocr_line' id='line_1_46' title="bbox 299 3068 1944 3149; baseline -0.001 -22"><span class='ocrx_word' id='word_1_323' title='bbox 299 3075 366 3127; x_wconf 81' lang='grc' dir='ltr'>τὰ</span> <span class='ocrx_word' id='word_1_324' title='bbox 415 3068 550 3126; x_wconf 75' lang='grc' dir='ltr'>ἄλλα</span> <span class='ocrx_word' id='word_1_325' title='bbox 593 3071 714 3144; x_wconf 84' lang='grc' dir='ltr'>ὃσα,</span> <span class='ocrx_word' id='word_1_326' title='bbox 740 3077 812 3144; x_wconf 77' lang='grc' dir='ltr'>τῷ</span> <span class='ocrx_word' id='word_1_327' title='bbox 847 3071 986 3126; x_wconf 73' lang='grc' dir='ltr'>εἶναι</span> <span class='ocrx_word' id='word_1_328' title='bbox 1020 3071 1168 3148; x_wconf 84' lang='grc' dir='ltr'>ὂντα,</span> <span class='ocrx_word' id='word_1_329' title='bbox 1201 3069 1265 3127; x_wconf 77' lang='grc' dir='ltr'><strong>τὰ</strong></span> <span class='ocrx_word' id='word_1_330' title='bbox 1301 3071 1426 3126; x_wconf 82' lang='grc' dir='ltr'>ὂντα</span> <span class='ocrx_word' id='word_1_331' title='bbox 1457 3069 1629 3126; x_wconf 79' lang='grc' dir='ltr'>πάντα</span> <span class='ocrx_word' id='word_1_332' title='bbox 1657 3091 1944 3149; x_wconf 75' lang='grc' dir='ltr'>χαρακτη-</span> 
     </span>
    </p>
   </div>
   <div class='ocr_carea' id='block_1_47' title="bbox 300 3163 454 3238">
    <p class='ocr_par' dir='ltr' id='par_1_47' title="bbox 300 3163 454 3238">
     <span class='ocr_line' id='line_1_47' title="bbox 300 3163 454 3238; baseline 0.039 -24"><span class='ocrx_word' id='word_1_333' title='bbox 300 3163 454 3238; x_wconf 77' lang='grc' dir='ltr'>ρίζει.</span> 
     </span>
    </p>
   </div>
   <div class='ocr_carea' id='block_1_48' title="bbox 1961 3045 2008 3100">
    <p class='ocr_par' dir='ltr' id='par_1_48' title="bbox 1961 3045 2008 3100">
     <span class='ocr_line' id='line_1_48' title="bbox 1961 3045 2008 3100; baseline 0 0"><span class='ocrx_word' id='word_1_334' title='bbox 1961 3045 2008 3100; x_wconf 81' lang='lat' dir='ltr'><strong>C</strong></span> 
     </span>
    </p>
   </div>
   <div class='ocr_carea' id='block_1_49' title="bbox 2024 1816 3662 1898">
    <p class='ocr_par' dir='ltr' id='par_1_49' title="bbox 2024 1816 3662 1898">
     <span class='ocr_line' id='line_1_49' title="bbox 2024 1816 3662 1898; baseline 0.005 -21"><span class='ocrx_word' id='word_1_335' title='bbox 2024 1824 2096 1877; x_wconf 67' lang='lat' dir='ltr'><strong>tea</strong></span> <span class='ocrx_word' id='word_1_336' title='bbox 2125 1824 2282 1891; x_wconf 86' lang='lat' dir='ltr'><strong>sunt,</strong></span> <span class='ocrx_word' id='word_1_337' title='bbox 2319 1825 2376 1878; x_wconf 90' lang='lat' dir='ltr'><strong>et</strong></span> <span class='ocrx_word' id='word_1_338' title='bbox 2406 1816 2467 1879; x_wconf 93' lang='lat' dir='ltr'><strong>in</strong></span> <span class='ocrx_word' id='word_1_339' title='bbox 2499 1817 2696 1878; x_wconf 88' lang='lat' dir='ltr'><strong>anima</strong></span> <span class='ocrx_word' id='word_1_340' title='bbox 2752 1818 3045 1898; x_wconf 76' lang='lat' dir='ltr'><strong>copulatae</strong></span> <span class='ocrx_word' id='word_1_341' title='bbox 3094 1827 3235 1880; x_wconf 86' lang='lat' dir='ltr'><strong>sunt</strong></span> <span class='ocrx_word' id='word_1_342' title='bbox 3278 1821 3662 1886; x_wconf 85' lang='lat' dir='ltr'><strong>uniformiter</strong></span> 
     </span>
    </p>
   </div>
   <div class='ocr_carea' id='block_1_50' title="bbox 2019 1907 3658 1995">
    <p class='ocr_par' dir='ltr' id='par_1_50' title="bbox 2019 1907 3658 1995">
     <span class='ocr_line' id='line_1_50' title="bbox 2019 1907 3658 1995; baseline 0.005 -29"><span class='ocrx_word' id='word_1_343' title='bbox 2019 1907 2422 1986; x_wconf 75' lang='lat' dir='ltr'><strong>virtutes,quae</strong></span> <span class='ocrx_word' id='word_1_344' title='bbox 2435 1907 2712 1968; x_wconf 86' lang='lat' dir='ltr'><strong>omnibus</strong></span> <span class='ocrx_word' id='word_1_345' title='bbox 2730 1907 2994 1987; x_wconf 87' lang='lat' dir='ltr'><strong>partibus</strong></span> <span class='ocrx_word' id='word_1_346' title='bbox 3013 1909 3287 1990; x_wconf 81' lang='lat' dir='ltr'><strong>corporis</strong></span> <span class='ocrx_word' id='word_1_347' title='bbox 3306 1912 3618 1990; x_wconf 84' lang='lat' dir='ltr'><strong>provident</strong></span> <span class='ocrx_word' id='word_1_348' title='bbox 3639 1934 3658 1995; x_wconf 86' lang='lat'><strong>;</strong></span> 
     </span>
    </p>
   </div>
   <div class='ocr_carea' id='block_1_51' title="bbox 2023 1995 3658 2080">
    <p class='ocr_par' dir='ltr' id='par_1_51' title="bbox 2023 1995 3658 2080">
     <span class='ocr_line' id='line_1_51' title="bbox 2023 1995 3658 2080; baseline 0.006 -24"><span class='ocrx_word' id='word_1_349' title='bbox 2023 2014 2140 2056; x_wconf 90' lang='lat' dir='ltr'><strong>non</strong></span> <span class='ocrx_word' id='word_1_350' title='bbox 2173 2004 2264 2057; x_wconf 90' lang='lat' dir='ltr'><strong>est</strong></span> <span class='ocrx_word' id='word_1_351' title='bbox 2292 1997 2470 2074; x_wconf 84' lang='lat' dir='ltr'><strong>igitur</strong></span> <span class='ocrx_word' id='word_1_352' title='bbox 2490 1995 2708 2058; x_wconf 91' lang='lat' dir='ltr'><strong>absurd</strong></span> <span class='ocrx_word' id='word_1_353' title='bbox 2720 2015 2916 2074; x_wconf 84' lang='lat' dir='ltr'><strong>um,ex</strong></span> <span class='ocrx_word' id='word_1_354' title='bbox 2937 2000 3134 2080; x_wconf 81' lang='lat' dir='ltr'><strong>parvis</strong></span> <span class='ocrx_word' id='word_1_355' title='bbox 3157 2009 3216 2062; x_wconf 88' lang='lat' dir='ltr'><strong>et</strong></span> <span class='ocrx_word' id='word_1_356' title='bbox 3235 2000 3483 2062; x_wconf 87' lang='lat' dir='ltr'><strong>minutis</strong></span> <span class='ocrx_word' id='word_1_357' title='bbox 3501 2001 3658 2064; x_wconf 90' lang='lat' dir='ltr'><strong>ima-</strong></span> 
     </span>
    </p>
   </div>
   <div class='ocr_carea' id='block_1_52' title="bbox 2021 2083 3662 2166">
    <p class='ocr_par' dir='ltr' id='par_1_52' title="bbox 2021 2083 3662 2166">
     <span class='ocr_line' id='line_1_52' title="bbox 2021 2083 3662 2166; baseline 0.005 -21"><span class='ocrx_word' id='word_1_358' title='bbox 2021 2083 2258 2164; x_wconf 81' lang='lat' dir='ltr'><strong>ginibus</strong></span> <span class='ocrx_word' id='word_1_359' title='bbox 2281 2095 2340 2146; x_wconf 88' lang='lat' dir='ltr'><strong>et</strong></span> <span class='ocrx_word' id='word_1_360' title='bbox 2367 2085 2655 2166; x_wconf 82' lang='lat' dir='ltr'><strong>exemplis</strong></span> <span class='ocrx_word' id='word_1_361' title='bbox 2677 2087 2749 2148; x_wconf 89' lang='lat' dir='ltr'><strong>ad</strong></span> <span class='ocrx_word' id='word_1_362' title='bbox 2775 2105 3012 2148; x_wconf 86' lang='lat' dir='ltr'><strong>causam</strong></span> <span class='ocrx_word' id='word_1_363' title='bbox 3035 2090 3300 2150; x_wconf 91' lang='lat' dir='ltr'><strong>omnium</strong></span> <span class='ocrx_word' id='word_1_364' title='bbox 3319 2090 3662 2154; x_wconf 85' lang='lat' dir='ltr'><strong>ascenden-</strong></span> 
     </span>
    </p>
   </div>
   <div class='ocr_carea' id='block_1_53' title="bbox 2024 2177 3663 2260">
    <p class='ocr_par' dir='ltr' id='par_1_53' title="bbox 2024 2177 3663 2260">
     <span class='ocr_line' id='line_1_53' title="bbox 2024 2177 3663 2260; baseline 0.005 -26"><span class='ocrx_word' id='word_1_365' title='bbox 2024 2183 2133 2248; x_wconf 85' lang='lat' dir='ltr'><strong>tes,</strong></span> <span class='ocrx_word' id='word_1_366' title='bbox 2177 2177 2680 2256; x_wconf 86' lang='lat' dir='ltr'><strong>supermundanis</strong></span> <span class='ocrx_word' id='word_1_367' title='bbox 2727 2177 2917 2238; x_wconf 83' lang='lat' dir='ltr'><strong>oculis</strong></span> <span class='ocrx_word' id='word_1_368' title='bbox 2951 2179 3346 2260; x_wconf 86' lang='lat' dir='ltr'><strong>contemplari</strong></span> <span class='ocrx_word' id='word_1_369' title='bbox 3375 2181 3663 2243; x_wconf 85' lang='lat' dir='ltr'><strong>omniain</strong></span> 
     </span>
    </p>
   </div>
   <div class='ocr_carea' id='block_1_54' title="bbox 2021 2266 3661 2345">
    <p class='ocr_par' dir='ltr' id='par_1_54' title="bbox 2021 2266 3661 2345">
     <span class='ocr_line' id='line_1_54' title="bbox 2021 2266 3661 2345; baseline 0.002 -18"><span class='ocrx_word' id='word_1_370' title='bbox 2021 2283 2196 2327; x_wconf 88' lang='lat' dir='ltr'><strong>causa</strong></span> <span class='ocrx_word' id='word_1_371' title='bbox 2221 2266 2510 2341; x_wconf 87' lang='lat' dir='ltr'><strong>omnium,</strong></span> <span class='ocrx_word' id='word_1_372' title='bbox 2545 2274 2602 2327; x_wconf 90' lang='lat' dir='ltr'><strong>et</strong></span> <span class='ocrx_word' id='word_1_373' title='bbox 2619 2283 2748 2344; x_wconf 73' lang='lat' dir='ltr'><strong>quae</strong></span> <span class='ocrx_word' id='word_1_374' title='bbox 2773 2275 2912 2329; x_wconf 89' lang='lat' dir='ltr'><strong>sunt</strong></span> <span class='ocrx_word' id='word_1_375' title='bbox 2935 2267 3093 2330; x_wconf 89' lang='lat' dir='ltr'><strong>inter</strong></span> <span class='ocrx_word' id='word_1_376' title='bbox 3111 2286 3176 2330; x_wconf 89' lang='lat' dir='ltr'><strong>se</strong></span> <span class='ocrx_word' id='word_1_377' title='bbox 3194 2269 3661 2345; x_wconf 84' lang='lat' dir='ltr'><strong>contraria,uni-</strong></span> 
     </span>
    </p>
   </div>
   <div class='ocr_carea' id='block_1_55' title="bbox 2019 2353 3666 2440">
    <p class='ocr_par' dir='ltr' id='par_1_55' title="bbox 2019 2353 3666 2440">
     <span class='ocr_line' id='line_1_55' title="bbox 2019 2353 3666 2440; baseline 0.004 -24"><span class='ocrx_word' id='word_1_378' title='bbox 2019 2353 2292 2416; x_wconf 88' lang='lat' dir='ltr'><strong>formiter</strong></span> <span class='ocrx_word' id='word_1_379' title='bbox 2311 2363 2370 2416; x_wconf 96' lang='lat' dir='ltr'><strong>et</strong></span> <span class='ocrx_word' id='word_1_380' title='bbox 2389 2355 2685 2434; x_wconf 86' lang='lat' dir='ltr'><strong>copulate;</strong></span> <span class='ocrx_word' id='word_1_381' title='bbox 2711 2355 3008 2436; x_wconf 88' lang='lat' dir='ltr'><strong>siquidem</strong></span> <span class='ocrx_word' id='word_1_382' title='bbox 3041 2356 3399 2440; x_wconf 89' lang='lat' dir='ltr'><strong>principium</strong></span> <span class='ocrx_word' id='word_1_383' title='bbox 3443 2366 3534 2422; x_wconf 88' lang='lat' dir='ltr'><strong>est</strong></span> <span class='ocrx_word' id='word_1_384' title='bbox 3562 2377 3666 2422; x_wconf 88' lang='lat' dir='ltr'><strong>re-</strong></span> 
     </span>
    </p>
   </div>
   <div class='ocr_carea' id='block_1_56' title="bbox 2022 2444 3671 2528">
    <p class='ocr_par' dir='ltr' id='par_1_56' title="bbox 2022 2444 3671 2528">
     <span class='ocr_line' id='line_1_56' title="bbox 2022 2444 3671 2528; baseline 0.004 -24"><span class='ocrx_word' id='word_1_385' title='bbox 2022 2462 2178 2516; x_wconf 40' lang='lat' dir='ltr'><strong>rum,</strong></span> <span class='ocrx_word' id='word_1_386' title='bbox 2215 2462 2247 2505; x_wconf 91' lang='lat' dir='ltr'><strong>a</strong></span> <span class='ocrx_word' id='word_1_387' title='bbox 2267 2463 2382 2525; x_wconf 94' lang='lat' dir='ltr'><strong>quo</strong></span> <span class='ocrx_word' id='word_1_388' title='bbox 2408 2451 2526 2505; x_wconf 85' lang='lat' dir='ltr'><strong>tam</strong></span> <span class='ocrx_word' id='word_1_389' title='bbox 2546 2444 2867 2524; x_wconf 88' lang='lat' dir='ltr'><strong>ipsummet</strong></span> <span class='ocrx_word' id='word_1_390' title='bbox 2907 2464 3061 2528; x_wconf 89' lang='lat' dir='ltr'><strong>esse,</strong></span> <span class='ocrx_word' id='word_1_391' title='bbox 3085 2448 3270 2524; x_wconf 80' lang='lat' dir='ltr'><strong>quam</strong></span> <span class='ocrx_word' id='word_1_392' title='bbox 3303 2447 3506 2510; x_wconf 91' lang='lat' dir='ltr'><strong>omnia</strong></span> <span class='ocrx_word' id='word_1_393' title='bbox 3532 2467 3671 2526; x_wconf 62' lang='lat' dir='ltr'><strong>quae</strong></span> 
     </span>
    </p>
   </div>
   <div class='ocr_carea' id='block_1_57' title="bbox 2025 2535 3668 2616">
    <p class='ocr_par' dir='ltr' id='par_1_57' title="bbox 2025 2535 3668 2616">
     <span class='ocr_line' id='line_1_57' title="bbox 2025 2535 3668 2616; baseline 0.004 -22"><span class='ocrx_word' id='word_1_394' title='bbox 2025 2535 2565 2615; x_wconf 89' lang='lat' dir='ltr'><strong>quomodocunque</strong></span> <span class='ocrx_word' id='word_1_395' title='bbox 2593 2543 2936 2609; x_wconf 88' lang='lat' dir='ltr'><strong>sunt,omne</strong></span> <span class='ocrx_word' id='word_1_396' title='bbox 2961 2535 3345 2616; x_wconf 89' lang='lat' dir='ltr'><strong>principium,</strong></span> <span class='ocrx_word' id='word_1_397' title='bbox 3381 2539 3576 2600; x_wconf 90' lang='lat' dir='ltr'><strong>omnis</strong></span> <span class='ocrx_word' id='word_1_398' title='bbox 3599 2540 3668 2601; x_wconf 80' lang='lat' dir='ltr'><strong>ti-</strong></span> 
     </span>
    </p>
   </div>
   <div class='ocr_carea' id='block_1_58' title="bbox 2027 2624 3672 2707">
    <p class='ocr_par' dir='ltr' id='par_1_58' title="bbox 2027 2624 3672 2707">
     <span class='ocr_line' id='line_1_58' title="bbox 2027 2624 3672 2707; baseline 0.003 -22"><span class='ocrx_word' id='word_1_399' title='bbox 2027 2626 2118 2685; x_wconf 89' lang='lat' dir='ltr'><strong>uis</strong></span> <span class='ocrx_word' id='word_1_400' title='bbox 2142 2644 2354 2686; x_wconf 86' lang='lat' dir='ltr'><strong>omnes</strong></span> <span class='ocrx_word' id='word_1_401' title='bbox 2375 2625 2717 2698; x_wconf 83' lang='lat' dir='ltr'><strong>vita,omnis</strong></span> <span class='ocrx_word' id='word_1_402' title='bbox 2739 2624 3178 2706; x_wconf 81' lang='lat' dir='ltr'><strong>immortalitas,</strong></span> <span class='ocrx_word' id='word_1_403' title='bbox 3201 2626 3398 2688; x_wconf 89' lang='lat' dir='ltr'><strong>omnis</strong></span> <span class='ocrx_word' id='word_1_404' title='bbox 3427 2630 3672 2707; x_wconf 82' lang='lat' dir='ltr'><strong>sapien-</strong></span> 
     </span>
    </p>
   </div>
   <div class='ocr_carea' id='block_1_59' title="bbox 2035 2714 3672 2798">
    <p class='ocr_par' dir='ltr' id='par_1_59' title="bbox 2035 2714 3672 2798">
     <span class='ocr_line' id='line_1_59' title="bbox 2035 2714 3672 2798; baseline 0.002 -21"><span class='ocrx_word' id='word_1_405' title='bbox 2035 2716 2342 2796; x_wconf 85' lang='lat' dir='ltr'><strong>tia,omnis</strong></span> <span class='ocrx_word' id='word_1_406' title='bbox 2369 2714 2743 2790; x_wconf 87' lang='lat' dir='ltr'><strong>ordo,omnis</strong></span> <span class='ocrx_word' id='word_1_407' title='bbox 2755 2715 3366 2792; x_wconf 78' lang='lat' dir='ltr'><strong>congruentia,omnis</strong></span> <span class='ocrx_word' id='word_1_408' title='bbox 3388 2718 3672 2798; x_wconf 88' lang='lat' dir='ltr'><strong>potentia,</strong></span> 
     </span>
    </p>
   </div>
   <div class='ocr_carea' id='block_1_60' title="bbox 2033 2805 3679 2888">
    <p class='ocr_par' dir='ltr' id='par_1_60' title="bbox 2033 2805 3679 2888">
     <span class='ocr_line' id='line_1_60' title="bbox 2033 2805 3679 2888; baseline 0.002 -22"><span class='ocrx_word' id='word_1_409' title='bbox 2033 2807 2227 2866; x_wconf 88' lang='lat' dir='ltr'><strong>omnis</strong></span> <span class='ocrx_word' id='word_1_410' title='bbox 2257 2805 2544 2885; x_wconf 87' lang='lat' dir='ltr'><strong>custodia,</strong></span> <span class='ocrx_word' id='word_1_411' title='bbox 2576 2823 2755 2866; x_wconf 90' lang='lat' dir='ltr'><strong>omne</strong></span> <span class='ocrx_word' id='word_1_412' title='bbox 2794 2805 3264 2887; x_wconf 84' lang='lat' dir='ltr'><strong>ﬁrmamentum,</strong></span> <span class='ocrx_word' id='word_1_413' title='bbox 3298 2807 3492 2868; x_wconf 90' lang='lat' dir='ltr'><strong>omnis</strong></span> <span class='ocrx_word' id='word_1_414' title='bbox 3537 2826 3679 2888; x_wconf 88' lang='lat' dir='ltr'><strong>per-</strong></span> 
     </span>
    </p>
   </div>
   <div class='ocr_carea' id='block_1_61' title="bbox 2035 2894 3680 2976">
    <p class='ocr_par' dir='ltr' id='par_1_61' title="bbox 2035 2894 3680 2976">
     <span class='ocr_line' id='line_1_61' title="bbox 2035 2894 3680 2976; baseline 0.002 -20"><span class='ocrx_word' id='word_1_415' title='bbox 2035 2896 2288 2976; x_wconf 87' lang='lat' dir='ltr'><strong>mansio,</strong></span> <span class='ocrx_word' id='word_1_416' title='bbox 2321 2895 2514 2956; x_wconf 88' lang='lat' dir='ltr'><strong>omnis</strong></span> <span class='ocrx_word' id='word_1_417' title='bbox 2561 2894 2978 2974; x_wconf 86' lang='lat' dir='ltr'><strong>intelligentia,</strong></span> <span class='ocrx_word' id='word_1_418' title='bbox 3041 2896 3234 2958; x_wconf 88' lang='lat' dir='ltr'><strong>omnis</strong></span> <span class='ocrx_word' id='word_1_419' title='bbox 3275 2897 3454 2972; x_wconf 88' lang='lat' dir='ltr'><strong>ratio,</strong></span> <span class='ocrx_word' id='word_1_420' title='bbox 3485 2899 3680 2960; x_wconf 88' lang='lat' dir='ltr'><strong>omnis</strong></span> 
     </span>
    </p>
   </div>
   <div class='ocr_carea' id='block_1_62' title="bbox 2033 2983 3677 3064">
    <p class='ocr_par' dir='ltr' id='par_1_62' title="bbox 2033 2983 3677 3064">
     <span class='ocr_line' id='line_1_62' title="bbox 2033 2983 3677 3064; baseline 0.002 -17"><span class='ocrx_word' id='word_1_421' title='bbox 2033 3004 2268 3059; x_wconf 89' lang='lat' dir='ltr'><strong>sensus,</strong></span> <span class='ocrx_word' id='word_1_422' title='bbox 2293 2985 2489 3046; x_wconf 91' lang='lat' dir='ltr'><strong>omnis</strong></span> <span class='ocrx_word' id='word_1_423' title='bbox 2512 2983 2768 3058; x_wconf 85' lang='lat' dir='ltr'><strong>habitus,</strong></span> <span class='ocrx_word' id='word_1_424' title='bbox 2791 2989 2986 3046; x_wconf 91' lang='lat' dir='ltr'><strong>omnis</strong></span> <span class='ocrx_word' id='word_1_425' title='bbox 3009 2993 3216 3058; x_wconf 89' lang='lat' dir='ltr'><strong>status,</strong></span> <span class='ocrx_word' id='word_1_426' title='bbox 3241 2987 3440 3047; x_wconf 90' lang='lat' dir='ltr'><strong>omnis</strong></span> <span class='ocrx_word' id='word_1_427' title='bbox 3461 2997 3677 3064; x_wconf 85' lang='lat' dir='ltr'><strong>motus,</strong></span> 
     </span>
    </p>
   </div>
   <div class='ocr_carea' id='block_1_63' title="bbox 2030 3074 3685 3156">
    <p class='ocr_par' dir='ltr' id='par_1_63' title="bbox 2030 3074 3685 3156">
     <span class='ocr_line' id='line_1_63' title="bbox 2030 3074 3685 3156; baseline 0.001 -18"><span class='ocrx_word' id='word_1_428' title='bbox 2030 3077 2226 3138; x_wconf 87' lang='lat' dir='ltr'><strong>omnis</strong></span> <span class='ocrx_word' id='word_1_429' title='bbox 2255 3075 2418 3149; x_wconf 89' lang='lat' dir='ltr'><strong>unio,</strong></span> <span class='ocrx_word' id='word_1_430' title='bbox 2454 3074 2650 3135; x_wconf 90' lang='lat' dir='ltr'><strong>omnis</strong></span> <span class='ocrx_word' id='word_1_431' title='bbox 2679 3074 3046 3156; x_wconf 81' lang='lat' dir='ltr'><strong>complexus,</strong></span> <span class='ocrx_word' id='word_1_432' title='bbox 3075 3074 3273 3138; x_wconf 90' lang='lat' dir='ltr'><strong>omnis</strong></span> <span class='ocrx_word' id='word_1_433' title='bbox 3297 3075 3434 3137; x_wconf 70' lang='lat'><strong>45!</strong></span> <span class='ocrx_word' id='word_1_434' title='bbox 3467 3076 3685 3139; x_wconf 86' lang='lat' dir='ltr'><strong>amici-</strong></span> 
     </span>
    </p>
   </div>
   <div class='ocr_carea' id='block_1_64' title="bbox 2031 3163 3688 3244">
    <p class='ocr_par' dir='ltr' id='par_1_64' title="bbox 2031 3163 3688 3244">
     <span class='ocr_line' id='line_1_64' title="bbox 2031 3163 3688 3244; baseline 0.001 -17"><span class='ocrx_word' id='word_1_435' title='bbox 2031 3170 2130 3238; x_wconf 88' lang='lat' dir='ltr'><strong>tia,</strong></span> <span class='ocrx_word' id='word_1_436' title='bbox 2166 3165 2362 3226; x_wconf 89' lang='lat' dir='ltr'><strong>omnis</strong></span> <span class='ocrx_word' id='word_1_437' title='bbox 2392 3163 2816 3244; x_wconf 88' lang='lat' dir='ltr'><strong>discrepantia,</strong></span> <span class='ocrx_word' id='word_1_438' title='bbox 2868 3165 3062 3226; x_wconf 88' lang='lat' dir='ltr'><strong>omnis</strong></span> <span class='ocrx_word' id='word_1_439' title='bbox 3113 3164 3440 3243; x_wconf 80' lang='lat' dir='ltr'><strong>distinctio,</strong></span> <span class='ocrx_word' id='word_1_440' title='bbox 3490 3166 3688 3228; x_wconf 88' lang='lat' dir='ltr'><strong>omnis</strong></span> 
     </span>
    </p>
   </div>
   <div class='ocr_carea' id='block_1_65' title="bbox 2029 3254 3678 3334">
    <p class='ocr_par' dir='ltr' id='par_1_65' title="bbox 2029 3254 3678 3334">
     <span class='ocr_line' id='line_1_65' title="bbox 2029 3254 3678 3334; baseline 0 -16"><span class='ocrx_word' id='word_1_441' title='bbox 2029 3255 2317 3328; x_wconf 82' lang='lat' dir='ltr'><strong>deﬁnitio,</strong></span> <span class='ocrx_word' id='word_1_442' title='bbox 2339 3261 2400 3315; x_wconf 91' lang='lat' dir='ltr'><strong>et</strong></span> <span class='ocrx_word' id='word_1_443' title='bbox 2419 3261 2632 3315; x_wconf 82' lang='lat' dir='ltr'><strong>caetera</strong></span> <span class='ocrx_word' id='word_1_444' title='bbox 2653 3272 3022 3334; x_wconf 66' lang='lat' dir='ltr'><strong>quiscunque</strong></span> <span class='ocrx_word' id='word_1_445' title='bbox 3052 3254 3308 3317; x_wconf 87' lang='lat' dir='ltr'><strong>essendo</strong></span> <span class='ocrx_word' id='word_1_446' title='bbox 3331 3261 3470 3316; x_wconf 89' lang='lat' dir='ltr'><strong>sunt</strong></span> <span class='ocrx_word' id='word_1_447' title='bbox 3492 3255 3678 3333; x_wconf 89' lang='lat' dir='ltr'><strong>entia,</strong></span> 
     </span>
    </p>
   </div>
   <div class='ocr_carea' id='block_1_66' title="bbox 2029 3342 2606 3420">
    <p class='ocr_par' dir='ltr' id='par_1_66' title="bbox 2029 3342 2606 3420">
     <span class='ocr_line' id='line_1_66' title="bbox 2029 3342 2606 3420; baseline -0.003 -14"><span class='ocrx_word' id='word_1_448' title='bbox 2029 3345 2307 3406; x_wconf 86' lang='lat' dir='ltr'><strong>universa</strong></span> <span class='ocrx_word' id='word_1_449' title='bbox 2335 3342 2606 3420; x_wconf 84' lang='lat' dir='ltr'><strong>insignit.</strong></span> 
     </span>
    </p>
   </div>
   <div class='ocr_carea' id='block_1_67' title="bbox 1863 3517 2113 3594">
    <p class='ocr_par' dir='ltr' id='par_1_67' title="bbox 1863 3517 2113 3594">
     <span class='ocr_line' id='line_1_67' title="bbox 1863 3517 2113 3594; baseline 0 -14"><span class='ocrx_word' id='word_1_450' title='bbox 1863 3522 1892 3594; x_wconf 67' lang='grc' dir='ltr'>Ξ</span> <span class='ocrx_word' id='word_1_451' title='bbox 1951 3517 2113 3580; x_wconf 83' lang='lat' dir='ltr'><strong>VIII.</strong></span> 
     </span>
    </p>
   </div>
   <div class='ocr_carea' id='block_1_68' title="bbox 243 3673 1944 3758">
    <p class='ocr_par' dir='ltr' id='par_1_68' title="bbox 243 3679 1944 3750">
     <span class='ocr_line' id='line_1_68' title="bbox 243 3679 1944 3750; baseline -0.017 9"><span class='ocrx_word' id='word_1_452' title='bbox 243 3681 298 3748; x_wconf 41' lang='grc' dir='ltr'><strong>ι’,</strong></span> <span class='ocrx_word' id='word_1_453' title='bbox 386 3685 492 3746; x_wconf 67' lang='grc' dir='ltr'><strong>Κπῖ</strong></span> <span class='ocrx_word' id='word_1_454' title='bbox 523 3683 582 3739; x_wconf 71' lang='grc' dir='ltr'>ἐκ</span> <span class='ocrx_word' id='word_1_455' title='bbox 614 3689 709 3750; x_wconf 61' lang='grc' dir='ltr'><strong>τὴς</strong></span> <span class='ocrx_word' id='word_1_456' title='bbox 741 3684 903 3750; x_wconf 71' lang='grc' dir='ltr'>αὒτῆς</span> <span class='ocrx_word' id='word_1_457' title='bbox 934 3683 996 3732; x_wconf 70' lang='grc'><strong>75</strong></span> <span class='ocrx_word' id='word_1_458' title='bbox 1063 3681 1275 3737; x_wconf 77' lang='grc' dir='ltr'>πάντων</span> <span class='ocrx_word' id='word_1_459' title='bbox 1308 3681 1472 3744; x_wconf 72' lang='grc' dir='ltr'>αἰτίας</span> <span class='ocrx_word' id='word_1_460' title='bbox 1527 3679 1578 3734; x_wconf 79' lang='grc' dir='ltr'>αἶ</span> <span class='ocrx_word' id='word_1_461' title='bbox 1637 3680 1826 3744; x_wconf 79' lang='grc' dir='ltr'>νοηταὶ</span> <span class='ocrx_word' id='word_1_462' title='bbox 1870 3684 1944 3736; x_wconf 58' lang='grc' dir='ltr'>καὶ</span> 
     </span>
    </p>
   </div>
   <div class='ocr_carea' id='block_1_69' title="bbox 2031 3673 3692 3758">
    <p class='ocr_par' dir='ltr' id='par_1_69' title="bbox 2123 3673 3692 3758">
     <span class='ocr_line' id='line_1_69' title="bbox 2123 3673 3692 3758; baseline 0 -19"><span class='ocrx_word' id='word_1_463' title='bbox 2123 3680 2318 3758; x_wconf 82' lang='lat' dir='ltr'><strong>Atque</strong></span> <span class='ocrx_word' id='word_1_464' title='bbox 2339 3695 2407 3738; x_wconf 84' lang='lat' dir='ltr'><strong>ex</strong></span> <span class='ocrx_word' id='word_1_465' title='bbox 2438 3676 2546 3738; x_wconf 83' lang='lat' dir='ltr'><strong>hac</strong></span> <span class='ocrx_word' id='word_1_466' title='bbox 2569 3675 2695 3754; x_wconf 87' lang='lat' dir='ltr'><strong>ipsa</strong></span> <span class='ocrx_word' id='word_1_467' title='bbox 2717 3674 2984 3737; x_wconf 92' lang='lat' dir='ltr'><strong>omnium</strong></span> <span class='ocrx_word' id='word_1_468' title='bbox 3013 3693 3188 3738; x_wconf 86' lang='lat' dir='ltr'><strong>causa</strong></span> <span class='ocrx_word' id='word_1_469' title='bbox 3213 3681 3351 3737; x_wconf 90' lang='lat' dir='ltr'><strong>sunt</strong></span> <span class='ocrx_word' id='word_1_470' title='bbox 3370 3673 3692 3738; x_wconf 87' lang='lat' dir='ltr'><strong>intellecti-</strong></span> 
     </span>
    </p>
   </div>
   <div class='ocr_carea' id='block_1_70' title="bbox 223 3763 1944 3850">
    <p class='ocr_par' dir='ltr' id='par_1_70' title="bbox 223 3763 1944 3850">
     <span class='ocr_line' id='line_1_70' title="bbox 223 3763 1944 3850; baseline -0.001 -22"><span class='ocrx_word' id='word_1_471' title='bbox 223 3763 236 3822; x_wconf 49' lang='grc' dir='ltr'>ι’</span> <span class='ocrx_word' id='word_1_472' title='bbox 302 3776 482 3850; x_wconf 78' lang='grc' dir='ltr'>νοεραὶ</span> <span class='ocrx_word' id='word_1_473' title='bbox 539 3780 646 3828; x_wconf 78' lang='grc' dir='ltr'>τῶν</span> <span class='ocrx_word' id='word_1_474' title='bbox 697 3771 938 3828; x_wconf 67' lang='grc' dir='ltr'>Οεοειδιῦν</span> <span class='ocrx_word' id='word_1_475' title='bbox 971 3770 1212 3850; x_wconf 71' lang='grc' dir='ltr'>ἀγγέλων</span> <span class='ocrx_word' id='word_1_476' title='bbox 1245 3769 1438 3843; x_wconf 68' lang='grc' dir='ltr'>οὐσίαι,</span> <span class='ocrx_word' id='word_1_477' title='bbox 1486 3768 1574 3824; x_wconf 84' lang='grc' dir='ltr'><strong>καὶ</strong></span> <span class='ocrx_word' id='word_1_478' title='bbox 1615 3769 1667 3824; x_wconf 75' lang='grc' dir='ltr'>αἱ</span> <span class='ocrx_word' id='word_1_479' title='bbox 1715 3775 1824 3825; x_wconf 82' lang='grc' dir='ltr'><strong>τῶν</strong></span> <span class='ocrx_word' id='word_1_480' title='bbox 1851 3774 1944 3845; x_wconf 73' lang='grc' dir='ltr'>ψυ-</span> 
     </span>
    </p>
   </div>
   <div class='ocr_carea' id='block_1_71' title="bbox 2031 3763 3694 3850">
    <p class='ocr_par' dir='ltr' id='par_1_71' title="bbox 2045 3764 3694 3845">
     <span class='ocr_line' id='line_1_71' title="bbox 2045 3764 3694 3845; baseline 0 -16"><span class='ocrx_word' id='word_1_481' title='bbox 2045 3771 2130 3830; x_wconf 88' lang='lat' dir='ltr'><strong>les</strong></span> <span class='ocrx_word' id='word_1_482' title='bbox 2162 3787 2228 3830; x_wconf 89' lang='lat' dir='ltr'><strong>ac</strong></span> <span class='ocrx_word' id='word_1_483' title='bbox 2263 3766 2663 3845; x_wconf 82' lang='lat' dir='ltr'><strong>intelligentes</strong></span> <span class='ocrx_word' id='word_1_484' title='bbox 2685 3764 3065 3827; x_wconf 87' lang='lat' dir='ltr'><strong>deiformium</strong></span> <span class='ocrx_word' id='word_1_485' title='bbox 3089 3764 3435 3844; x_wconf 76' lang='lat' dir='ltr'><strong>angelorum</strong></span> <span class='ocrx_word' id='word_1_486' title='bbox 3467 3766 3694 3829; x_wconf 86' lang='lat' dir='ltr'><strong>anima-</strong></span> 
     </span>
    </p>
   </div>
   <div class='ocr_carea' id='block_1_72' title="bbox 220 3850 1944 3952">
    <p class='ocr_par' dir='ltr' id='par_1_72' title="bbox 220 3854 1944 3952">
     <span class='ocr_line' id='line_1_72' title="bbox 220 3854 1944 3952; baseline -0.002 -36"><span class='ocrx_word' id='word_1_487' title='bbox 220 3854 260 3952; x_wconf 38' lang='lat'><strong>‘\\</strong></span> <span class='ocrx_word' id='word_1_488' title='bbox 305 3869 445 3943; x_wconf 66' lang='grc' dir='ltr'>χῶν,</span> <span class='ocrx_word' id='word_1_489' title='bbox 481 3863 567 3916; x_wconf 80' lang='grc' dir='ltr'><strong>καὶ</strong></span> <span class='ocrx_word' id='word_1_490' title='bbox 593 3864 645 3917; x_wconf 78' lang='grc' dir='ltr'>αἶ</span> <span class='ocrx_word' id='word_1_491' title='bbox 674 3869 766 3918; x_wconf 68' lang='grc' dir='ltr'>τοῦ</span> <span class='ocrx_word' id='word_1_492' title='bbox 795 3863 994 3922; x_wconf 80' lang='grc' dir='ltr'>παντὸς</span> <span class='ocrx_word' id='word_1_493' title='bbox 1039 3860 1242 3933; x_wconf 82' lang='grc' dir='ltr'>κόσμου</span> <span class='ocrx_word' id='word_1_494' title='bbox 1299 3859 1512 3938; x_wconf 73' lang='grc' dir='ltr'>φύσεις,</span> <span class='ocrx_word' id='word_1_495' title='bbox 1548 3856 1642 3913; x_wconf 75' lang='grc' dir='ltr'>καῖ</span> <span class='ocrx_word' id='word_1_496' title='bbox 1673 3859 1740 3914; x_wconf 86' lang='grc' dir='ltr'><strong>τὰ</strong></span> <span class='ocrx_word' id='word_1_497' title='bbox 1770 3862 1944 3915; x_wconf 54' lang='lat' dir='ltr'><strong>omum</strong></span> 
     </span>
    </p>
   </div>
   <div class='ocr_carea' id='block_1_73' title="bbox 2031 3850 3687 3952">
    <p class='ocr_par' dir='ltr' id='par_1_73' title="bbox 2045 3850 3687 3938">
     <span class='ocr_line' id='line_1_73' title="bbox 2045 3850 3687 3938; baseline -0.002 -18"><span class='ocrx_word' id='word_1_498' title='bbox 2045 3875 2296 3938; x_wconf 80' lang='lat' dir='ltr'><strong>rumque</strong></span> <span class='ocrx_word' id='word_1_499' title='bbox 2329 3854 2706 3934; x_wconf 73' lang='lat' dir='ltr'><strong>essentim,ac</strong></span> <span class='ocrx_word' id='word_1_500' title='bbox 2731 3853 2907 3916; x_wconf 86' lang='lat' dir='ltr'><strong>totius</strong></span> <span class='ocrx_word' id='word_1_501' title='bbox 2928 3850 3138 3916; x_wconf 82' lang='lat' dir='ltr'><strong>mundi</strong></span> <span class='ocrx_word' id='word_1_502' title='bbox 3157 3861 3405 3928; x_wconf 58' lang='lat' dir='ltr'><strong>naturai,</strong></span> <span class='ocrx_word' id='word_1_503' title='bbox 3443 3863 3500 3917; x_wconf 86' lang='lat' dir='ltr'><strong>et</strong></span> <span class='ocrx_word' id='word_1_504' title='bbox 3517 3873 3687 3936; x_wconf 48' lang='lat' dir='ltr'><strong>qua»</strong></span> 
     </span>
    </p>
   </div>
   <div class='ocr_carea' id='block_1_74' title="bbox 307 3932 1944 4030">
    <p class='ocr_par' dir='ltr' id='par_1_74' title="bbox 307 3932 1944 4030">
     <span class='ocr_line' id='line_1_74' title="bbox 307 3932 1944 4030; baseline -0.002 -22"><span class='ocrx_word' id='word_1_505' title='bbox 453 3951 490 4018; x_wconf 65' lang='grc' dir='ltr'>ἦ</span> <span class='ocrx_word' id='word_1_506' title='bbox 535 3951 587 4007; x_wconf 81' lang='grc' dir='ltr'>ἐν</span> <span class='ocrx_word' id='word_1_507' title='bbox 649 3951 847 4028; x_wconf 77' lang='grc' dir='ltr'>ἑτέροις</span> <span class='ocrx_word' id='word_1_508' title='bbox 903 3951 1187 4030; x_wconf 76' lang='grc' dir='ltr'>ὑπάρχείν;</span> <span class='ocrx_word' id='word_1_509' title='bbox 1355 3948 1471 4003; x_wconf 79' lang='grc' dir='ltr'>κατ’</span> <span class='ocrx_word' id='word_1_510' title='bbox 1529 3945 1759 4003; x_wconf 75' lang='grc' dir='ltr'>ἐπίνοὶαν</span> <span class='ocrx_word' id='word_1_511' title='bbox 1819 3951 1944 4004; x_wconf 54' lang='grc' dir='ltr'>εἶναι</span> 
     </span>
    </p>
   </div>
   <div class='ocr_carea' id='block_1_75' title="bbox 2031 3932 3716 4030">
    <p class='ocr_par' dir='ltr' id='par_1_75' title="bbox 2049 3932 3716 4027">
     <span class='ocr_line' id='line_1_75' title="bbox 2049 3932 3716 4027; baseline -0.002 -18"><span class='ocrx_word' id='word_1_512' title='bbox 2049 3932 2282 4027; x_wconf 74' lang='lat' dir='ltr'><strong>cunque</strong></span> <span class='ocrx_word' id='word_1_513' title='bbox 2312 3945 2400 4006; x_wconf 77' lang='lat' dir='ltr'><strong>vel</strong></span> <span class='ocrx_word' id='word_1_514' title='bbox 2434 3945 2492 4005; x_wconf 89' lang='lat' dir='ltr'><strong>in</strong></span> <span class='ocrx_word' id='word_1_515' title='bbox 2524 3932 2656 4005; x_wconf 85' lang='lat' dir='ltr'><strong>aliis</strong></span> <span class='ocrx_word' id='word_1_516' title='bbox 2688 3943 2970 4012; x_wconf 80' lang='lat' dir='ltr'><strong>existere,</strong></span> <span class='ocrx_word' id='word_1_517' title='bbox 3006 3943 3098 4004; x_wconf 83' lang='lat' dir='ltr'><strong>vel</strong></span> <span class='ocrx_word' id='word_1_518' title='bbox 3124 3961 3229 4024; x_wconf 86' lang='lat' dir='ltr'><strong>per</strong></span> <span class='ocrx_word' id='word_1_519' title='bbox 3259 3932 3716 4026; x_wconf 24' lang='lat' dir='ltr'><strong>cogitationem,</strong></span> 
     </span>
    </p>
   </div>
   <div class='ocr_carea' id='block_1_76' title="bbox 308 4033 1944 4119">
    <p class='ocr_par' dir='ltr' id='par_1_76' title="bbox 308 4035 1942 4119">
     <span class='ocr_line' id='line_1_76' title="bbox 308 4035 1942 4119; baseline -0.003 -22"><span class='ocrx_word' id='word_1_520' title='bbox 308 4042 568 4118; x_wconf 69' lang='grc' dir='ltr'>λεγὸμενα</span> <span class='ocrx_word' id='word_1_521' title='bbox 617 4057 630 4071; x_wconf 85' lang='grc'><strong><em>⁸</em></strong></span> <span class='ocrx_word' id='word_1_522' title='bbox 683 4043 772 4097; x_wconf 84' lang='grc' dir='ltr'><strong>καὶ</strong></span> <span class='ocrx_word' id='word_1_523' title='bbox 828 4047 953 4119; x_wconf 77' lang='grc' dir='ltr'>γοῦν</span> <span class='ocrx_word' id='word_1_524' title='bbox 1007 4045 1056 4096; x_wconf 70' lang='grc' dir='ltr'>αἱ</span> <span class='ocrx_word' id='word_1_525' title='bbox 1109 4039 1366 4114; x_wconf 75' lang='grc' dir='ltr'>πανάγιαι</span> <span class='ocrx_word' id='word_1_526' title='bbox 1439 4037 1526 4093; x_wconf 85' lang='grc' dir='ltr'>καὶ</span> <span class='ocrx_word' id='word_1_527' title='bbox 1607 4035 1942 4112; x_wconf 72' lang='grc' dir='ltr'>πρεσϐύτατα</span> 
     </span>
    </p>
   </div>
   <div class='ocr_carea' id='block_1_77' title="bbox 2031 4033 3696 4119">
    <p class='ocr_par' dir='ltr' id='par_1_77' title="bbox 2051 4033 3696 4114">
     <span class='ocr_line' id='line_1_77' title="bbox 2051 4033 3696 4114; baseline -0.003 -15"><span class='ocrx_word' id='word_1_528' title='bbox 2051 4057 2181 4100; x_wconf 78' lang='lat' dir='ltr'><strong>esse</strong></span> <span class='ocrx_word' id='word_1_529' title='bbox 2205 4033 2776 4114; x_wconf 83' lang='lat' dir='ltr'><strong>dicuntur;denique</strong></span> <span class='ocrx_word' id='word_1_530' title='bbox 2798 4033 3322 4096; x_wconf 66' lang='lat' dir='ltr'><strong>sanctissimaaillze</strong></span> <span class='ocrx_word' id='word_1_531' title='bbox 3348 4033 3696 4114; x_wconf 86' lang='lat' dir='ltr'><strong>antiquissi-</strong></span> 
     </span>
    </p>
   </div>
   <div class='ocr_carea' id='block_1_78' title="bbox 309 4121 1944 4207">
    <p class='ocr_par' dir='ltr' id='par_1_78' title="bbox 309 4127 1944 4207">
     <span class='ocr_line' id='line_1_78' title="bbox 309 4127 1944 4207; baseline -0.006 -20"><span class='ocrx_word' id='word_1_532' title='bbox 309 4130 552 4207; x_wconf 75' lang='grc' dir='ltr'>δυνάμεις</span> <span class='ocrx_word' id='word_1_533' title='bbox 624 4131 788 4196; x_wconf 76' lang='grc' dir='ltr'>ὅντως</span> <span class='ocrx_word' id='word_1_534' title='bbox 859 4131 1030 4201; x_wconf 68' lang='grc' dir='ltr'>οὖσαι,</span> <span class='ocrx_word' id='word_1_535' title='bbox 1093 4129 1182 4184; x_wconf 81' lang='grc' dir='ltr'><strong>καὶ</strong></span> <span class='ocrx_word' id='word_1_536' title='bbox 1255 4131 1372 4184; x_wconf 79' lang='grc' dir='ltr'>οἷον</span> <span class='ocrx_word' id='word_1_537' title='bbox 1417 4127 1472 4182; x_wconf 78' lang='grc' dir='ltr'>ἐν</span> <span class='ocrx_word' id='word_1_538' title='bbox 1533 4128 1810 4206; x_wconf 81' lang='grc' dir='ltr'>προθύροις</span> <span class='ocrx_word' id='word_1_539' title='bbox 1865 4133 1944 4194; x_wconf 71' lang='grc' dir='ltr'><strong>τῆ.</strong></span> 
     </span>
    </p>
   </div>
   <div class='ocr_carea' id='block_1_79' title="bbox 2031 4121 3698 4207">
    <p class='ocr_par' dir='ltr' id='par_1_79' title="bbox 2051 4121 3698 4206">
     <span class='ocr_line' id='line_1_79' title="bbox 2051 4121 3698 4206; baseline -0.004 -17"><span class='ocrx_word' id='word_1_540' title='bbox 2051 4144 2280 4206; x_wconf 64' lang='lat' dir='ltr'><strong>maeque</strong></span> <span class='ocrx_word' id='word_1_541' title='bbox 2299 4125 2702 4203; x_wconf 69' lang='lat' dir='ltr'><strong>virtutes,quaa</strong></span> <span class='ocrx_word' id='word_1_542' title='bbox 2724 4141 2879 4184; x_wconf 61' lang='lat' dir='ltr'><strong>vera</strong></span> <span class='ocrx_word' id='word_1_543' title='bbox 2891 4131 3027 4184; x_wconf 88' lang='lat' dir='ltr'><strong>sunt</strong></span> <span class='ocrx_word' id='word_1_544' title='bbox 3042 4121 3698 4201; x_wconf 73' lang='lat' dir='ltr'><strong>essentim,etquodam-</strong></span> 
     </span>
    </p>
   </div>
   <div class='ocr_carea' id='block_1_80' title="bbox 308 4209 1944 4300">
    <p class='ocr_par' dir='ltr' id='par_1_80' title="bbox 308 4215 1944 4300">
     <span class='ocr_line' id='line_1_80' title="bbox 308 4215 1944 4300; baseline -0.004 -23"><span class='ocrx_word' id='word_1_545' title='bbox 308 4223 615 4300; x_wconf 72' lang='grc' dir='ltr'>ὑπεροοσίου</span> <span class='ocrx_word' id='word_1_546' title='bbox 687 4217 904 4299; x_wconf 76' lang='grc' dir='ltr'>Τριάδος</span> <span class='ocrx_word' id='word_1_547' title='bbox 961 4217 1252 4296; x_wconf 72' lang='grc' dir='ltr'>ἱδρυμέναι,</span> <span class='ocrx_word' id='word_1_548' title='bbox 1315 4218 1445 4292; x_wconf 72' lang='grc' dir='ltr'>πρὸς</span> <span class='ocrx_word' id='word_1_549' title='bbox 1530 4217 1690 4282; x_wconf 73' lang='grc' dir='ltr'>αὒτῆς</span> <span class='ocrx_word' id='word_1_550' title='bbox 1770 4221 1855 4273; x_wconf 77' lang='grc' dir='ltr'><strong>καὶ</strong></span> <span class='ocrx_word' id='word_1_551' title='bbox 1914 4215 1944 4271; x_wconf 66' lang='grc' dir='ltr'><strong>ἐε</strong></span> 
     </span>
    </p>
   </div>
   <div class='ocr_carea' id='block_1_81' title="bbox 2031 4209 3699 4300">
    <p class='ocr_par' dir='ltr' id='par_1_81' title="bbox 2053 4209 3699 4300">
     <span class='ocr_line' id='line_1_81' title="bbox 2053 4209 3699 4300; baseline -0.003 -23"><span class='ocrx_word' id='word_1_552' title='bbox 2053 4218 2229 4279; x_wconf 86' lang='lat' dir='ltr'><strong>modo</strong></span> <span class='ocrx_word' id='word_1_553' title='bbox 2263 4215 2320 4274; x_wconf 90' lang='lat' dir='ltr'><strong>in</strong></span> <span class='ocrx_word' id='word_1_554' title='bbox 2347 4215 2474 4294; x_wconf 84' lang='lat' dir='ltr'><strong>ipso</strong></span> <span class='ocrx_word' id='word_1_555' title='bbox 2510 4212 2798 4274; x_wconf 87' lang='lat' dir='ltr'><strong>vestibulo</strong></span> <span class='ocrx_word' id='word_1_556' title='bbox 2833 4209 3355 4292; x_wconf 80' lang='lat' dir='ltr'><strong>superessentialis</strong></span> <span class='ocrx_word' id='word_1_557' title='bbox 3393 4209 3699 4300; x_wconf 86' lang='lat' dir='ltr'><strong>Trinitatis</strong></span> 
     </span>
    </p>
   </div>
   <div class='ocr_carea' id='block_1_82' title="bbox 311 4299 1944 4388">
    <p class='ocr_par' dir='ltr' id='par_1_82' title="bbox 311 4303 1914 4388">
     <span class='ocr_line' id='line_1_82' title="bbox 311 4303 1914 4388; baseline -0.004 -20"><span class='ocrx_word' id='word_1_558' title='bbox 311 4313 468 4388; x_wconf 75' lang='grc' dir='ltr'>αὗτῇ,</span> <span class='ocrx_word' id='word_1_559' title='bbox 519 4313 695 4368; x_wconf 81' lang='grc' dir='ltr'>καὶτὸ</span> <span class='ocrx_word' id='word_1_560' title='bbox 762 4314 902 4366; x_wconf 79' lang='grc' dir='ltr'>εἶναι</span> <span class='ocrx_word' id='word_1_561' title='bbox 952 4310 1036 4364; x_wconf 72' lang='grc' dir='ltr'><strong>καὶ</strong></span> <span class='ocrx_word' id='word_1_562' title='bbox 1110 4308 1170 4362; x_wconf 78' lang='grc' dir='ltr'>τὸ</span> <span class='ocrx_word' id='word_1_563' title='bbox 1228 4303 1472 4368; x_wconf 77' lang='grc' dir='ltr'>Οεοειδώς</span> <span class='ocrx_word' id='word_1_564' title='bbox 1532 4317 1672 4361; x_wconf 74' lang='grc' dir='ltr'>εἶναι</span> <span class='ocrx_word' id='word_1_565' title='bbox 1726 4305 1914 4385; x_wconf 74' lang='grc' dir='ltr'>ἔχουσι</span> 
     </span>
    </p>
   </div>
   <div class='ocr_carea' id='block_1_83' title="bbox 2031 4299 3698 4388">
    <p class='ocr_par' dir='ltr' id='par_1_83' title="bbox 2053 4299 3698 4384">
     <span class='ocr_line' id='line_1_83' title="bbox 2053 4299 3698 4384; baseline -0.003 -17"><span class='ocrx_word' id='word_1_566' title='bbox 2053 4303 2488 4384; x_wconf 59' lang='lat' dir='ltr'><strong>constitutaa,ad</strong></span> <span class='ocrx_word' id='word_1_567' title='bbox 2514 4303 2636 4383; x_wconf 76' lang='lat' dir='ltr'><strong>ipsa</strong></span> <span class='ocrx_word' id='word_1_568' title='bbox 2667 4319 2903 4382; x_wconf 88' lang='lat' dir='ltr'><strong>quoque</strong></span> <span class='ocrx_word' id='word_1_569' title='bbox 2931 4309 2988 4362; x_wconf 89' lang='lat' dir='ltr'><strong>et</strong></span> <span class='ocrx_word' id='word_1_570' title='bbox 3009 4300 3069 4363; x_wconf 90' lang='lat' dir='ltr'><strong>in</strong></span> <span class='ocrx_word' id='word_1_571' title='bbox 3089 4299 3308 4380; x_wconf 88' lang='lat' dir='ltr'><strong>ipsa,et</strong></span> <span class='ocrx_word' id='word_1_572' title='bbox 3332 4307 3462 4380; x_wconf 87' lang='lat' dir='ltr'><strong>post.</strong></span> <span class='ocrx_word' id='word_1_573' title='bbox 3493 4317 3592 4362; x_wconf 88' lang='lat' dir='ltr'><strong>eas</strong></span> <span class='ocrx_word' id='word_1_574' title='bbox 3611 4299 3698 4362; x_wconf 91' lang='lat' dir='ltr'><strong>in-</strong></span> 
     </span>
    </p>
   </div>
   <div class='ocr_carea' id='block_1_84' title="bbox 310 4388 3696 4478">
    <p class='ocr_par' dir='ltr' id='par_1_84' title="bbox 310 4388 3696 4478">
     <span class='ocr_line' id='line_1_84' title="bbox 310 4388 3696 4478; baseline -0.003 -20"><span class='ocrx_word' id='word_1_575' title='bbox 310 4405 396 4458; x_wconf 71' lang='grc' dir='ltr'><strong>καὶ</strong></span> <span class='ocrx_word' id='word_1_576' title='bbox 429 4400 544 4478; x_wconf 84' lang='grc' dir='ltr'>μετ’</span> <span class='ocrx_word' id='word_1_577' title='bbox 581 4401 782 4463; x_wconf 71' lang='grc' dir='ltr'>ἐκείνας</span> <span class='ocrx_word' id='word_1_578' title='bbox 842 4400 899 4454; x_wconf 80' lang='grc' dir='ltr'>αἳ</span> <span class='ocrx_word' id='word_1_579' title='bbox 949 4395 1228 4478; x_wconf 75' lang='grc' dir='ltr'>ὑφειμέναι</span> <span class='ocrx_word' id='word_1_580' title='bbox 1279 4397 1339 4452; x_wconf 76' lang='grc' dir='ltr'>τὸ</span> <span class='ocrx_word' id='word_1_581' title='bbox 1391 4394 1717 4475; x_wconf 75' lang='grc' dir='ltr'>ὑφειμένως,</span> <span class='ocrx_word' id='word_1_582' title='bbox 1773 4398 1861 4452; x_wconf 80' lang='grc' dir='ltr'><strong>καὶ</strong></span> <span class='ocrx_word' id='word_1_583' title='bbox 1911 4388 3696 4478; x_wconf 68' lang='lat' dir='ltr'><strong>atDferioresinferiori,novissimaeque,quoadangelosqui.</strong></span> 
     </span>
    </p>
   </div>
   <div class='ocr_carea' id='block_1_85' title="bbox 311 4483 1960 4572">
    <p class='ocr_par' dir='ltr' id='par_1_85' title="bbox 311 4483 1960 4572">
     <span class='ocr_line' id='line_1_85' title="bbox 311 4483 1960 4572; baseline 0.006 -25"><span class='ocrx_word' id='word_1_584' title='bbox 311 4492 539 4572; x_wconf 71' lang='grc' dir='ltr'>ἔσχαται</span> <span class='ocrx_word' id='word_1_585' title='bbox 599 4493 659 4546; x_wconf 82' lang='grc' dir='ltr'>τὸ</span> <span class='ocrx_word' id='word_1_586' title='bbox 719 4489 991 4568; x_wconf 78' lang='grc' dir='ltr'>ἐσχάτως,</span> <span class='ocrx_word' id='word_1_587' title='bbox 1051 4489 1126 4550; x_wconf 81' lang='grc' dir='ltr'>ὡς</span> <span class='ocrx_word' id='word_1_588' title='bbox 1187 4487 1318 4562; x_wconf 77' lang='grc' dir='ltr'>πρὸς</span> <span class='ocrx_word' id='word_1_589' title='bbox 1377 4483 1660 4564; x_wconf 70' lang='grc' dir='ltr'>ἀγγέλους,</span> <span class='ocrx_word' id='word_1_590' title='bbox 1714 4486 1786 4549; x_wconf 73' lang='grc' dir='ltr'><strong>ὡς</strong></span> <span class='ocrx_word' id='word_1_591' title='bbox 1831 4487 1960 4562; x_wconf 70' lang='grc' dir='ltr'>πρὸς</span> 
     </span>
    </p>
   </div>
   <div class='ocr_carea' id='block_1_86' title="bbox 309 4572 1963 4660">
    <p class='ocr_par' dir='ltr' id='par_1_86' title="bbox 309 4572 1963 4660">
     <span class='ocr_line' id='line_1_86' title="bbox 309 4572 1963 4660; baseline -0.004 -22"><span class='ocrx_word' id='word_1_592' title='bbox 309 4584 452 4656; x_wconf 74' lang='grc' dir='ltr'>ἡμᾶς</span> <span class='ocrx_word' id='word_1_593' title='bbox 482 4579 536 4658; x_wconf 68' lang='grc' dir='ltr'>δὲ</span> <span class='ocrx_word' id='word_1_594' title='bbox 566 4578 952 4660; x_wconf 80' lang='grc' dir='ltr'>ὑπερκοσμίως.</span> <span class='ocrx_word' id='word_1_595' title='bbox 993 4579 1090 4635; x_wconf 83' lang='grc' dir='ltr'>Καὶ</span> <span class='ocrx_word' id='word_1_596' title='bbox 1125 4579 1174 4632; x_wconf 79' lang='grc' dir='ltr'>αἱ</span> <span class='ocrx_word' id='word_1_597' title='bbox 1204 4575 1396 4652; x_wconf 73' lang='grc' dir='ltr'>ψυχαὶ,</span> <span class='ocrx_word' id='word_1_598' title='bbox 1427 4575 1513 4630; x_wconf 81' lang='grc' dir='ltr'><strong>καὶ</strong></span> <span class='ocrx_word' id='word_1_599' title='bbox 1547 4575 1610 4630; x_wconf 81' lang='grc' dir='ltr'>τὰ</span> <span class='ocrx_word' id='word_1_600' title='bbox 1633 4572 1769 4630; x_wconf 73' lang='grc' dir='ltr'>ἄλλα</span> <span class='ocrx_word' id='word_1_601' title='bbox 1790 4575 1963 4632; x_wconf 74' lang='grc' dir='ltr'>πάντα</span> 
     </span>
    </p>
   </div>
   <div class='ocr_carea' id='block_1_87' title="bbox 313 4667 1962 4750">
    <p class='ocr_par' dir='ltr' id='par_1_87' title="bbox 313 4667 1962 4750">
     <span class='ocr_line' id='line_1_87' title="bbox 313 4667 1962 4750; baseline -0.005 -19"><span class='ocrx_word' id='word_1_602' title='bbox 313 4675 462 4746; x_wconf 76' lang='grc' dir='ltr'>ὄντα,</span> <span class='ocrx_word' id='word_1_603' title='bbox 501 4675 634 4730; x_wconf 78' lang='grc' dir='ltr'>κατὰ</span> <span class='ocrx_word' id='word_1_604' title='bbox 673 4674 754 4728; x_wconf 77' lang='grc' dir='ltr'>τὸν</span> <span class='ocrx_word' id='word_1_605' title='bbox 787 4672 943 4728; x_wconf 63' lang='grc' dir='ltr'>αὺτὸν</span> <span class='ocrx_word' id='word_1_606' title='bbox 975 4669 1134 4750; x_wconf 77' lang='grc' dir='ltr'>λόγον</span> <span class='ocrx_word' id='word_1_607' title='bbox 1165 4669 1254 4724; x_wconf 74' lang='grc' dir='ltr'>καὶ</span> <span class='ocrx_word' id='word_1_608' title='bbox 1283 4678 1342 4724; x_wconf 91' lang='grc' dir='ltr'>τὸ</span> <span class='ocrx_word' id='word_1_609' title='bbox 1376 4667 1615 4722; x_wconf 73' lang='grc' dir='ltr'>εἶναικαὶ</span> <span class='ocrx_word' id='word_1_610' title='bbox 1648 4669 1707 4723; x_wconf 83' lang='grc' dir='ltr'>τὸ</span> <span class='ocrx_word' id='word_1_611' title='bbox 1734 4667 1789 4722; x_wconf 84' lang='grc' dir='ltr'><strong>εὗ</strong></span> <span class='ocrx_word' id='word_1_612' title='bbox 1820 4667 1962 4724; x_wconf 77' lang='grc' dir='ltr'>εἶναι</span> 
     </span>
    </p>
   </div>
   <div class='ocr_carea' id='block_1_88' title="bbox 313 4760 1961 4848">
    <p class='ocr_par' dir='ltr' id='par_1_88' title="bbox 313 4760 1961 4847">
     <span class='ocr_line' id='line_1_88' title="bbox 313 4760 1961 4847; baseline -0.004 -23"><span class='ocrx_word' id='word_1_613' title='bbox 313 4767 454 4847; x_wconf 71' lang='grc' dir='ltr'>ἔγει,</span> <span class='ocrx_word' id='word_1_614' title='bbox 515 4769 602 4824; x_wconf 78' lang='grc' dir='ltr'><strong>καὶ</strong></span> <span class='ocrx_word' id='word_1_615' title='bbox 647 4765 759 4823; x_wconf 73' lang='grc' dir='ltr'>ἔστι</span> <span class='ocrx_word' id='word_1_616' title='bbox 793 4767 882 4821; x_wconf 75' lang='grc' dir='ltr'><strong>καὶ</strong></span> <span class='ocrx_word' id='word_1_617' title='bbox 913 4765 970 4819; x_wconf 76' lang='grc' dir='ltr'>εὖ</span> <span class='ocrx_word' id='word_1_618' title='bbox 999 4763 1162 4826; x_wconf 77' lang='grc' dir='ltr'>ἐστιν,</span> <span class='ocrx_word' id='word_1_619' title='bbox 1198 4761 1257 4818; x_wconf 78' lang='grc' dir='ltr'>ἐκ</span> <span class='ocrx_word' id='word_1_620' title='bbox 1308 4763 1398 4818; x_wconf 72' lang='grc' dir='ltr'><strong>τοῦ</strong></span> <span class='ocrx_word' id='word_1_621' title='bbox 1427 4760 1682 4837; x_wconf 67' lang='grc' dir='ltr'>προόντος</span> <span class='ocrx_word' id='word_1_622' title='bbox 1727 4761 1790 4816; x_wconf 81' lang='grc' dir='ltr'><strong>τὸ</strong></span> <span class='ocrx_word' id='word_1_623' title='bbox 1822 4773 1961 4817; x_wconf 69' lang='grc' dir='ltr'>εἶναι</span> 
     </span>
    </p>
   </div>
   <div class='ocr_carea' id='block_1_89' title="bbox 315 4849 1968 4933">
    <p class='ocr_par' dir='ltr' id='par_1_89' title="bbox 315 4849 1968 4933">
     <span class='ocr_line' id='line_1_89' title="bbox 315 4849 1968 4933; baseline -0.006 -19"><span class='ocrx_word' id='word_1_624' title='bbox 315 4860 403 4914; x_wconf 78' lang='grc' dir='ltr'><strong>καὶ</strong></span> <span class='ocrx_word' id='word_1_625' title='bbox 452 4859 513 4912; x_wconf 80' lang='grc' dir='ltr'>τὸ</span> <span class='ocrx_word' id='word_1_626' title='bbox 565 4857 623 4911; x_wconf 80' lang='grc' dir='ltr'><strong>εὗ</strong></span> <span class='ocrx_word' id='word_1_627' title='bbox 680 4859 819 4911; x_wconf 82' lang='grc' dir='ltr'>εἶναι</span> <span class='ocrx_word' id='word_1_628' title='bbox 851 4853 1074 4933; x_wconf 68' lang='grc' dir='ltr'>ἔχοντα,</span> <span class='ocrx_word' id='word_1_629' title='bbox 1124 4853 1210 4908; x_wconf 80' lang='grc' dir='ltr'>καὶ</span> <span class='ocrx_word' id='word_1_630' title='bbox 1243 4851 1296 4906; x_wconf 82' lang='grc' dir='ltr'>ἑν</span> <span class='ocrx_word' id='word_1_631' title='bbox 1327 4851 1490 4923; x_wconf 73' lang='grc' dir='ltr'>αὖτῷ,</span> <span class='ocrx_word' id='word_1_632' title='bbox 1523 4849 1610 4905; x_wconf 83' lang='grc' dir='ltr'><strong>καὶ</strong></span> <span class='ocrx_word' id='word_1_633' title='bbox 1639 4849 1765 4906; x_wconf 80' lang='grc' dir='ltr'>ὄντα</span> <span class='ocrx_word' id='word_1_634' title='bbox 1795 4851 1882 4905; x_wconf 82' lang='grc' dir='ltr'><strong>καὶ</strong></span> <span class='ocrx_word' id='word_1_635' title='bbox 1915 4851 1968 4904; x_wconf 71' lang='grc' dir='ltr'>εὖ</span> 
     </span>
    </p>
   </div>
   <div class='ocr_carea' id='block_1_90' title="bbox 315 4936 1966 5022">
    <p class='ocr_par' dir='ltr' id='par_1_90' title="bbox 315 4936 1966 5022">
     <span class='ocr_line' id='line_1_90' title="bbox 315 4936 1966 5022; baseline -0.005 -20"><span class='ocrx_word' id='word_1_636' title='bbox 315 4947 467 5021; x_wconf 68' lang='grc' dir='ltr'>ὂντα,</span> <span class='ocrx_word' id='word_1_637' title='bbox 522 4947 608 5002; x_wconf 87' lang='grc' dir='ltr'><strong>καὶ</strong></span> <span class='ocrx_word' id='word_1_638' title='bbox 665 4944 721 5010; x_wconf 66' lang='grc' dir='ltr'><strong>ἒξ</strong></span> <span class='ocrx_word' id='word_1_639' title='bbox 765 4943 924 5000; x_wconf 70' lang='grc' dir='ltr'>αὐτοῦ</span> <span class='ocrx_word' id='word_1_640' title='bbox 980 4942 1282 5022; x_wconf 75' lang='grc' dir='ltr'>ἀρχόμενα,</span> <span class='ocrx_word' id='word_1_641' title='bbox 1342 4939 1430 4995; x_wconf 84' lang='grc' dir='ltr'><strong>καὶ</strong></span> <span class='ocrx_word' id='word_1_642' title='bbox 1486 4936 1540 4994; x_wconf 84' lang='grc' dir='ltr'>ἐν</span> <span class='ocrx_word' id='word_1_643' title='bbox 1591 4937 1732 5012; x_wconf 76' lang='grc' dir='ltr'>αὐτῷ</span> <span class='ocrx_word' id='word_1_644' title='bbox 1802 4961 1966 5018; x_wconf 68' lang='grc' dir='ltr'>φρου-</span> 
     </span>
    </p>
   </div>
   <div class='ocr_carea' id='block_1_91' title="bbox 319 5029 1967 5115">
    <p class='ocr_par' dir='ltr' id='par_1_91' title="bbox 319 5029 1967 5115">
     <span class='ocr_line' id='line_1_91' title="bbox 319 5029 1967 5115; baseline -0.007 -22"><span class='ocrx_word' id='word_1_645' title='bbox 319 5037 570 5115; x_wconf 76' lang='grc' dir='ltr'>ρούμενα,</span> <span class='ocrx_word' id='word_1_646' title='bbox 634 5036 714 5092; x_wconf 86' lang='grc' dir='ltr'><strong>κεὶ</strong></span> <span class='ocrx_word' id='word_1_647' title='bbox 771 5035 846 5098; x_wconf 83' lang='grc' dir='ltr'><strong>εὶς</strong></span> <span class='ocrx_word' id='word_1_648' title='bbox 893 5032 1052 5088; x_wconf 68' lang='grc' dir='ltr'>αὐτὸν</span> <span class='ocrx_word' id='word_1_649' title='bbox 1127 5029 1516 5110; x_wconf 81' lang='grc' dir='ltr'>περατούμενα.</span> <span class='ocrx_word' id='word_1_650' title='bbox 1583 5029 1681 5086; x_wconf 84' lang='grc' dir='ltr'>Καὶ</span> <span class='ocrx_word' id='word_1_651' title='bbox 1730 5029 1796 5085; x_wconf 85' lang='grc' dir='ltr'><strong>τὰ</strong></span> <span class='ocrx_word' id='word_1_652' title='bbox 1872 5029 1967 5102; x_wconf 84' lang='grc' dir='ltr'><strong>μέν</strong></span> 
     </span>
    </p>
   </div>
   <div class='ocr_carea' id='block_1_92' title="bbox 321 5119 1966 5198">
    <p class='ocr_par' dir='ltr' id='par_1_92' title="bbox 321 5119 1966 5198">
     <span class='ocr_line' id='line_1_92' title="bbox 321 5119 1966 5198; baseline -0.005 -15"><span class='ocrx_word' id='word_1_653' title='bbox 321 5124 581 5198; x_wconf 71' lang='grc' dir='ltr'>πρεσϐεῖα</span> <span class='ocrx_word' id='word_1_654' title='bbox 641 5131 731 5182; x_wconf 76' lang='grc' dir='ltr'>τοῦ</span> <span class='ocrx_word' id='word_1_655' title='bbox 791 5125 922 5179; x_wconf 71' lang='grc' dir='ltr'>εἶναι</span> <span class='ocrx_word' id='word_1_656' title='bbox 1005 5121 1153 5196; x_wconf 85' lang='grc' dir='ltr'>νέμει</span> <span class='ocrx_word' id='word_1_657' title='bbox 1211 5134 1334 5184; x_wconf 60' lang='grc' dir='ltr'>ταῖς</span> <span class='ocrx_word' id='word_1_658' title='bbox 1393 5140 1686 5197; x_wconf 86' lang='grc' dir='ltr'>κρειττοσιν</span> <span class='ocrx_word' id='word_1_659' title='bbox 1741 5119 1966 5192; x_wconf 76' lang='grc' dir='ltr'>οὖσιαις,</span> 
     </span>
    </p>
   </div>
   <div class='ocr_carea' id='block_1_93' title="bbox 2048 4476 3700 4562">
    <p class='ocr_par' dir='ltr' id='par_1_93' title="bbox 2048 4476 3700 4562">
     <span class='ocr_line' id='line_1_93' title="bbox 2048 4476 3700 4562; baseline -0.004 -16"><span class='ocrx_word' id='word_1_660' title='bbox 2048 4487 2185 4546; x_wconf 89' lang='lat' dir='ltr'><strong>dem</strong></span> <span class='ocrx_word' id='word_1_661' title='bbox 2215 4483 2560 4558; x_wconf 87' lang='lat' dir='ltr'><strong>novissimo,</strong></span> <span class='ocrx_word' id='word_1_662' title='bbox 2595 4480 2786 4562; x_wconf 87' lang='lat' dir='ltr'><strong>quoad</strong></span> <span class='ocrx_word' id='word_1_663' title='bbox 2835 4499 2944 4542; x_wconf 91' lang='lat' dir='ltr'><strong>nos</strong></span> <span class='ocrx_word' id='word_1_664' title='bbox 2984 4490 3188 4541; x_wconf 84' lang='lat' dir='ltr'><strong>autem</strong></span> <span class='ocrx_word' id='word_1_665' title='bbox 3220 4476 3700 4558; x_wconf 85' lang='lat' dir='ltr'><strong>supermundiali</strong></span> 
     </span>
    </p>
   </div>
   <div class='ocr_carea' id='block_1_94' title="bbox 2048 4567 3700 4654">
    <p class='ocr_par' dir='ltr' id='par_1_94' title="bbox 2048 4567 3700 4654">
     <span class='ocr_line' id='line_1_94' title="bbox 2048 4567 3700 4654; baseline -0.005 -17"><span class='ocrx_word' id='word_1_666' title='bbox 2048 4575 2232 4654; x_wconf 84' lang='lat' dir='ltr'><strong>gradu</strong></span> <span class='ocrx_word' id='word_1_667' title='bbox 2273 4583 2392 4635; x_wconf 92' lang='lat' dir='ltr'><strong>tum</strong></span> <span class='ocrx_word' id='word_1_668' title='bbox 2412 4590 2544 4636; x_wconf 89' lang='lat' dir='ltr'><strong>esse</strong></span> <span class='ocrx_word' id='word_1_669' title='bbox 2576 4580 2698 4632; x_wconf 92' lang='lat' dir='ltr'><strong>tum</strong></span> <span class='ocrx_word' id='word_1_670' title='bbox 2713 4569 3086 4632; x_wconf 87' lang='lat' dir='ltr'><strong>deiformiter</strong></span> <span class='ocrx_word' id='word_1_671' title='bbox 3116 4567 3700 4631; x_wconf 77' lang='lat' dir='ltr'><strong>esseobtinent.Ani~</strong></span> 
     </span>
    </p>
   </div>
   <div class='ocr_carea' id='block_1_95' title="bbox 2049 4656 3695 4745">
    <p class='ocr_par' dir='ltr' id='par_1_95' title="bbox 2049 4656 3695 4745">
     <span class='ocr_line' id='line_1_95' title="bbox 2049 4656 3695 4745; baseline -0.005 -18"><span class='ocrx_word' id='word_1_672' title='bbox 2049 4685 2161 4727; x_wconf 82' lang='lat' dir='ltr'><strong>mae</strong></span> <span class='ocrx_word' id='word_1_673' title='bbox 2183 4669 2798 4745; x_wconf 76' lang='lat' dir='ltr'><strong>quoque,caeteraeque</strong></span> <span class='ocrx_word' id='word_1_674' title='bbox 2821 4677 3032 4721; x_wconf 89' lang='lat' dir='ltr'><strong>omnes</strong></span> <span class='ocrx_word' id='word_1_675' title='bbox 3055 4656 3695 4737; x_wconf 76' lang='lat' dir='ltr'><strong>entitates,sccundum</strong></span> 
     </span>
    </p>
   </div>
   <div class='ocr_carea' id='block_1_96' title="bbox 2049 4745 3694 4830">
    <p class='ocr_par' dir='ltr' id='par_1_96' title="bbox 2049 4745 3694 4830">
     <span class='ocr_line' id='line_1_96' title="bbox 2049 4745 3694 4830; baseline -0.006 -13"><span class='ocrx_word' id='word_1_676' title='bbox 2049 4755 2320 4816; x_wconf 85' lang='lat' dir='ltr'><strong>eamdem</strong></span> <span class='ocrx_word' id='word_1_677' title='bbox 2338 4753 2780 4825; x_wconf 87' lang='lat' dir='ltr'><strong>rationem,tam</strong></span> <span class='ocrx_word' id='word_1_678' title='bbox 2799 4767 2932 4811; x_wconf 80' lang='lat' dir='ltr'><strong>esse</strong></span> <span class='ocrx_word' id='word_1_679' title='bbox 2949 4767 3125 4830; x_wconf 82' lang='lat' dir='ltr'><strong>quam</strong></span> <span class='ocrx_word' id='word_1_680' title='bbox 3141 4747 3296 4810; x_wconf 91' lang='lat' dir='ltr'><strong>bene</strong></span> <span class='ocrx_word' id='word_1_681' title='bbox 3309 4765 3439 4808; x_wconf 90' lang='lat' dir='ltr'><strong>esse</strong></span> <span class='ocrx_word' id='word_1_682' title='bbox 3451 4745 3694 4828; x_wconf 87' lang='lat' dir='ltr'><strong>habent,</strong></span> 
     </span>
    </p>
   </div>
   <div class='ocr_carea' id='block_1_97' title="bbox 2052 4837 3697 4923">
    <p class='ocr_par' dir='ltr' id='par_1_97' title="bbox 2052 4837 3697 4923">
     <span class='ocr_line' id='line_1_97' title="bbox 2052 4837 3697 4923; baseline -0.006 -15"><span class='ocrx_word' id='word_1_683' title='bbox 2052 4853 2251 4908; x_wconf 89' lang='lat' dir='ltr'><strong>etsunt</strong></span> <span class='ocrx_word' id='word_1_684' title='bbox 2271 4853 2326 4906; x_wconf 90' lang='lat' dir='ltr'><strong>et</strong></span> <span class='ocrx_word' id='word_1_685' title='bbox 2344 4843 2496 4904; x_wconf 87' lang='lat' dir='ltr'><strong>bene</strong></span> <span class='ocrx_word' id='word_1_686' title='bbox 2510 4840 2817 4923; x_wconf 86' lang='lat' dir='ltr'><strong>sunt,dum</strong></span> <span class='ocrx_word' id='word_1_687' title='bbox 2839 4839 2912 4901; x_wconf 84' lang='lat' dir='ltr'><strong>ab</strong></span> <span class='ocrx_word' id='word_1_688' title='bbox 2931 4858 3001 4900; x_wconf 89' lang='lat' dir='ltr'><strong>eo</strong></span> <span class='ocrx_word' id='word_1_689' title='bbox 3015 4838 3116 4915; x_wconf 87' lang='lat' dir='ltr'><strong>qui</strong></span> <span class='ocrx_word' id='word_1_690' title='bbox 3136 4837 3300 4916; x_wconf 89' lang='lat' dir='ltr'><strong>prius</strong></span> <span class='ocrx_word' id='word_1_691' title='bbox 3313 4844 3547 4898; x_wconf 90' lang='lat' dir='ltr'><strong>estcum</strong></span> <span class='ocrx_word' id='word_1_692' title='bbox 3564 4853 3697 4898; x_wconf 87' lang='lat' dir='ltr'><strong>esse</strong></span> 
     </span>
    </p>
   </div>
   <div class='ocr_carea' id='block_1_98' title="bbox 2053 4924 3696 5009">
    <p class='ocr_par' dir='ltr' id='par_1_98' title="bbox 2053 4924 3696 5009">
     <span class='ocr_line' id='line_1_98' title="bbox 2053 4924 3696 5009; baseline -0.004 -14"><span class='ocrx_word' id='word_1_693' title='bbox 2053 4945 2174 4996; x_wconf 86' lang='lat' dir='ltr'><strong>tum</strong></span> <span class='ocrx_word' id='word_1_694' title='bbox 2197 4933 2348 4994; x_wconf 88' lang='lat' dir='ltr'><strong>bene</strong></span> <span class='ocrx_word' id='word_1_695' title='bbox 2368 4950 2500 4994; x_wconf 88' lang='lat' dir='ltr'><strong>esse</strong></span> <span class='ocrx_word' id='word_1_696' title='bbox 2532 4929 2826 5009; x_wconf 89' lang='lat' dir='ltr'><strong>obtinent,</strong></span> <span class='ocrx_word' id='word_1_697' title='bbox 2861 4937 2918 4989; x_wconf 89' lang='lat' dir='ltr'><strong>et</strong></span> <span class='ocrx_word' id='word_1_698' title='bbox 2948 4927 3008 4988; x_wconf 89' lang='lat' dir='ltr'><strong>in</strong></span> <span class='ocrx_word' id='word_1_699' title='bbox 3049 4927 3177 5008; x_wconf 78' lang='lat' dir='ltr'><strong>ipso</strong></span> <span class='ocrx_word' id='word_1_700' title='bbox 3202 4933 3260 4987; x_wconf 89' lang='lat' dir='ltr'><strong>et</strong></span> <span class='ocrx_word' id='word_1_701' title='bbox 3281 4936 3421 4986; x_wconf 88' lang='lat' dir='ltr'><strong>sunt</strong></span> <span class='ocrx_word' id='word_1_702' title='bbox 3459 4933 3517 4987; x_wconf 86' lang='lat' dir='ltr'><strong>et</strong></span> <span class='ocrx_word' id='word_1_703' title='bbox 3542 4924 3696 4988; x_wconf 89' lang='lat' dir='ltr'><strong>bene</strong></span> 
     </span>
    </p>
   </div>
   <div class='ocr_carea' id='block_1_99' title="bbox 2050 5015 3696 5104">
    <p class='ocr_par' dir='ltr' id='par_1_99' title="bbox 2050 5015 3696 5104">
     <span class='ocr_line' id='line_1_99' title="bbox 2050 5015 3696 5104; baseline -0.005 -19"><span class='ocrx_word' id='word_1_704' title='bbox 2050 5030 2356 5104; x_wconf 87' lang='lat' dir='ltr'><strong>sunt,etex</strong></span> <span class='ocrx_word' id='word_1_705' title='bbox 2372 5021 2502 5102; x_wconf 90' lang='lat' dir='ltr'><strong>ipso</strong></span> <span class='ocrx_word' id='word_1_706' title='bbox 2527 5019 2911 5099; x_wconf 86' lang='lat' dir='ltr'><strong>incipiunt,et</strong></span> <span class='ocrx_word' id='word_1_707' title='bbox 2931 5015 2992 5078; x_wconf 92' lang='lat' dir='ltr'><strong>in</strong></span> <span class='ocrx_word' id='word_1_708' title='bbox 3015 5016 3142 5096; x_wconf 90' lang='lat' dir='ltr'><strong>ipso</strong></span> <span class='ocrx_word' id='word_1_709' title='bbox 3155 5022 3603 5104; x_wconf 89' lang='lat' dir='ltr'><strong>conservantur,</strong></span> <span class='ocrx_word' id='word_1_710' title='bbox 3638 5023 3696 5078; x_wconf 87' lang='lat' dir='ltr'><strong>et</strong></span> 
     </span>
    </p>
   </div>
   <div class='ocr_carea' id='block_1_100' title="bbox 2055 5103 3693 5192">
    <p class='ocr_par' dir='ltr' id='par_1_100' title="bbox 2055 5103 3693 5192">
     <span class='ocr_line' id='line_1_100' title="bbox 2055 5103 3693 5192; baseline -0.004 -18"><span class='ocrx_word' id='word_1_711' title='bbox 2055 5113 2124 5174; x_wconf 83' lang='lat' dir='ltr'><strong>ad</strong></span> <span class='ocrx_word' id='word_1_712' title='bbox 2143 5103 2332 5192; x_wconf 85' lang='lat' dir='ltr'><strong>ipsum</strong></span> <span class='ocrx_word' id='word_1_713' title='bbox 2352 5109 2860 5174; x_wconf 86' lang='lat' dir='ltr'><strong>terminantur.Ac</strong></span> <span class='ocrx_word' id='word_1_714' title='bbox 2875 5107 3095 5187; x_wconf 90' lang='lat' dir='ltr'><strong>primas</strong></span> <span class='ocrx_word' id='word_1_715' title='bbox 3108 5105 3348 5187; x_wconf 87' lang='lat' dir='ltr'><strong>quidem</strong></span> <span class='ocrx_word' id='word_1_716' title='bbox 3363 5103 3550 5186; x_wconf 89' lang='lat' dir='ltr'><strong>ipsius</strong></span> <span class='ocrx_word' id='word_1_717' title='bbox 3561 5123 3693 5168; x_wconf 90' lang='lat' dir='ltr'><strong>esse</strong></span> 
     </span>
    </p>
   </div>
   <div class='ocr_carea' id='block_1_101' title="bbox 321 5195 1944 5288">
    <p class='ocr_par' dir='ltr' id='par_1_101' title="bbox 321 5207 1942 5288">
     <span class='ocr_line' id='line_1_101' title="bbox 321 5207 1942 5288; baseline -0.007 -16"><span class='ocrx_word' id='word_1_718' title='bbox 321 5217 380 5282; x_wconf 81' lang='grc' dir='ltr'><strong>ἂς</strong></span> <span class='ocrx_word' id='word_1_719' title='bbox 430 5215 516 5272; x_wconf 81' lang='grc' dir='ltr'><strong>καὶ</strong></span> <span class='ocrx_word' id='word_1_720' title='bbox 549 5213 761 5274; x_wconf 76' lang='grc' dir='ltr'>αὶιῦνίας</span> <span class='ocrx_word' id='word_1_721' title='bbox 814 5211 975 5268; x_wconf 79' lang='grc' dir='ltr'>καλεῖ</span> <span class='ocrx_word' id='word_1_722' title='bbox 1026 5233 1091 5266; x_wconf 88' lang='grc' dir='ltr'><strong>τα</strong></span> <span class='ocrx_word' id='word_1_723' title='bbox 1121 5209 1278 5288; x_wconf 72' lang='grc' dir='ltr'>λόγια</span> <span class='ocrx_word' id='word_1_724' title='bbox 1314 5224 1327 5239; x_wconf 82' lang='grc'><strong><em>⁸</em></strong></span> <span class='ocrx_word' id='word_1_725' title='bbox 1361 5210 1421 5264; x_wconf 86' lang='grc' dir='ltr'>τὸ</span> <span class='ocrx_word' id='word_1_726' title='bbox 1451 5207 1505 5264; x_wconf 76' lang='grc' dir='ltr'>δὲ</span> <span class='ocrx_word' id='word_1_727' title='bbox 1536 5207 1679 5264; x_wconf 76' lang='grc' dir='ltr'>εἶναι</span> <span class='ocrx_word' id='word_1_728' title='bbox 1713 5209 1838 5264; x_wconf 82' lang='grc' dir='ltr'>αὑτὸ</span> <span class='ocrx_word' id='word_1_729' title='bbox 1866 5213 1942 5262; x_wconf 83' lang='grc' dir='ltr'>τῶ</span> 
     </span>
    </p>
   </div>
   <div class='ocr_carea' id='block_1_102' title="bbox 2031 5195 3691 5288">
    <p class='ocr_par' dir='ltr' id='par_1_102' title="bbox 2055 5195 3691 5288">
     <span class='ocr_line' id='line_1_102' title="bbox 2055 5195 3691 5288; baseline -0.007 -23"><span class='ocrx_word' id='word_1_730' title='bbox 2055 5201 2355 5265; x_wconf 86' lang='lat' dir='ltr'><strong>distribuit</strong></span> <span class='ocrx_word' id='word_1_731' title='bbox 2385 5197 2900 5288; x_wconf 73' lang='lat' dir='ltr'><strong>przestantioribus</strong></span> <span class='ocrx_word' id='word_1_732' title='bbox 2927 5196 3044 5258; x_wconf 87' lang='lat' dir='ltr'><strong>illis</strong></span> <span class='ocrx_word' id='word_1_733' title='bbox 3062 5195 3355 5269; x_wconf 90' lang='lat' dir='ltr'><strong>essentiis,</strong></span> <span class='ocrx_word' id='word_1_734' title='bbox 3379 5213 3525 5277; x_wconf 88' lang='lat' dir='ltr'><strong>quas</strong></span> <span class='ocrx_word' id='word_1_735' title='bbox 3551 5195 3691 5256; x_wconf 72' lang='lat' dir='ltr'><strong>aevi-</strong></span> 
     </span>
    </p>
   </div>
   <div class='ocr_carea' id='block_1_103' title="bbox 320 5286 1944 5373">
    <p class='ocr_par' dir='ltr' id='par_1_103' title="bbox 320 5296 1940 5363">
     <span class='ocr_line' id='line_1_103' title="bbox 320 5296 1940 5363; baseline -0.005 -1"><span class='ocrx_word' id='word_1_736' title='bbox 320 5305 490 5363; x_wconf 70' lang='grc' dir='ltr'>ὓντων</span> <span class='ocrx_word' id='word_1_737' title='bbox 547 5305 760 5362; x_wconf 83' lang='grc' dir='ltr'>πάντων</span> <span class='ocrx_word' id='word_1_738' title='bbox 817 5301 1067 5362; x_wconf 67' lang='grc' dir='ltr'>οὐδέποτε</span> <span class='ocrx_word' id='word_1_739' title='bbox 1098 5298 1442 5356; x_wconf 74' lang='grc' dir='ltr'>ἀπολείπεται</span> <span class='ocrx_word' id='word_1_740' title='bbox 1475 5317 1490 5335; x_wconf 77' lang='grc' dir='ltr'><strong><em>ο</em></strong></span> <span class='ocrx_word' id='word_1_741' title='bbox 1555 5300 1640 5354; x_wconf 86' lang='grc' dir='ltr'><strong>καὶ</strong></span> <span class='ocrx_word' id='word_1_742' title='bbox 1670 5299 1796 5356; x_wconf 70' lang='grc' dir='ltr'>αὐτὸ</span> <span class='ocrx_word' id='word_1_743' title='bbox 1827 5296 1880 5353; x_wconf 81' lang='grc' dir='ltr'>δὲ</span> <span class='ocrx_word' id='word_1_744' title='bbox 1913 5320 1940 5354; x_wconf 88' lang='grc' dir='ltr'><strong>τ</strong></span> 
     </span>
    </p>
   </div>
   <div class='ocr_carea' id='block_1_104' title="bbox 2031 5286 3686 5373">
    <p class='ocr_par' dir='ltr' id='par_1_104' title="bbox 2058 5286 3686 5373">
     <span class='ocr_line' id='line_1_104' title="bbox 2058 5286 3686 5373; baseline -0.006 -19"><span class='ocrx_word' id='word_1_745' title='bbox 2058 5302 2252 5355; x_wconf 75' lang='lat' dir='ltr'><strong>ternas</strong></span> <span class='ocrx_word' id='word_1_746' title='bbox 2275 5291 2595 5373; x_wconf 70' lang='lat' dir='ltr'><strong>Scriptum</strong></span> <span class='ocrx_word' id='word_1_747' title='bbox 2622 5296 2854 5369; x_wconf 82' lang='lat' dir='ltr'><strong>vocant;</strong></span> <span class='ocrx_word' id='word_1_748' title='bbox 2886 5286 3078 5369; x_wconf 89' lang='lat' dir='ltr'><strong>ipsum</strong></span> <span class='ocrx_word' id='word_1_749' title='bbox 3107 5295 3304 5350; x_wconf 86' lang='lat' dir='ltr'><strong>autem</strong></span> <span class='ocrx_word' id='word_1_750' title='bbox 3335 5303 3467 5348; x_wconf 87' lang='lat' dir='ltr'><strong>esse</strong></span> <span class='ocrx_word' id='word_1_751' title='bbox 3487 5300 3686 5346; x_wconf 88' lang='lat' dir='ltr'><strong>rerum</strong></span> 
     </span>
    </p>
   </div>
   <div class='ocr_carea' id='block_1_105' title="bbox 1623 5479 2379 5548">
    <p class='ocr_par' dir='ltr' id='par_1_105' title="bbox 1623 5479 2379 5548">
     <span class='ocr_line' id='line_1_105' title="bbox 1623 5479 2379 5548; baseline -0.007 0"><span class='ocrx_word' id='word_1_752' title='bbox 1623 5483 1881 5548; x_wconf 69' lang='lat' dir='ltr'><strong>VABME</strong></span> <span class='ocrx_word' id='word_1_753' title='bbox 1933 5480 2260 5548; x_wconf 85' lang='lat' dir='ltr'><strong>LECTION</strong></span> <span class='ocrx_word' id='word_1_754' title='bbox 2271 5479 2379 5544; x_wconf 85' lang='lat' dir='ltr'><strong>ES.</strong></span> 
     </span>
    </p>
   </div>
   <div class='ocr_carea' id='block_1_106' title="bbox 401 5644 1922 5735">
    <p class='ocr_par' dir='ltr' id='par_1_106' title="bbox 401 5644 1922 5735">
     <span class='ocr_line' id='line_1_106' title="bbox 401 5644 1922 5735; baseline -0.004 -22"><span class='ocrx_word' id='word_1_755' title='bbox 401 5655 465 5706; x_wconf 76' lang='grc'>70</span> <span class='ocrx_word' id='word_1_756' title='bbox 492 5654 877 5735; x_wconf 78' lang='grc' dir='ltr'>πλησιώτεραι,</span> <span class='ocrx_word' id='word_1_757' title='bbox 910 5652 971 5716; x_wconf 90' lang='lat' dir='ltr'><strong>S.</strong></span> <span class='ocrx_word' id='word_1_758' title='bbox 1058 5653 1111 5699; x_wconf 76' lang='grc' dir='ltr'><strong>’ῖί</strong></span> <span class='ocrx_word' id='word_1_759' title='bbox 1145 5654 1192 5709; x_wconf 81' lang='grc' dir='ltr'>οἱ</span> <span class='ocrx_word' id='word_1_760' title='bbox 1227 5649 1396 5719; x_wconf 75' lang='grc' dir='ltr'>αὑτῆς</span> <span class='ocrx_word' id='word_1_761' title='bbox 1426 5647 1541 5707; x_wconf 76' lang='grc' dir='ltr'>καθ’</span> <span class='ocrx_word' id='word_1_762' title='bbox 1572 5651 1821 5728; x_wconf 73' lang='grc' dir='ltr'>ἕκαστον,</span> <span class='ocrx_word' id='word_1_763' title='bbox 1852 5644 1922 5707; x_wconf 86' lang='lat' dir='ltr'><strong>D.</strong></span> 
     </span>
    </p>
   </div>
   <div class='ocr_carea' id='block_1_107' title="bbox 2011 5641 2530 5726">
    <p class='ocr_par' dir='ltr' id='par_1_107' title="bbox 2011 5641 2530 5726">
     <span class='ocr_line' id='line_1_107' title="bbox 2011 5641 2530 5726; baseline 0.004 -24"><span class='ocrx_word' id='word_1_764' title='bbox 2011 5645 2071 5696; x_wconf 58' lang='grc' dir='ltr'><strong>’ἵε</strong></span> <span class='ocrx_word' id='word_1_765' title='bbox 2101 5649 2288 5726; x_wconf 63' lang='grc' dir='ltr'>κρῖσις,</span> <span class='ocrx_word' id='word_1_766' title='bbox 2323 5641 2399 5709; x_wconf 84' lang='grc' dir='ltr'><strong>Μ.</strong></span> <span class='ocrx_word' id='word_1_767' title='bbox 2435 5643 2530 5708; x_wconf 87' lang='lat' dir='ltr'><strong>Sc.</strong></span> 
     </span>
    </p>
   </div>
   <div class='ocr_carea' id='block_1_108' title="bbox 2619 5638 3242 5714">
    <p class='ocr_par' dir='ltr' id='par_1_108' title="bbox 2619 5638 3242 5714">
     <span class='ocr_line' id='line_1_108' title="bbox 2619 5638 3242 5714; baseline 0.019 -21"><span class='ocrx_word' id='word_1_768' title='bbox 2619 5641 2681 5694; x_wconf 76' lang='lat'><strong>75</strong></span> <span class='ocrx_word' id='word_1_769' title='bbox 2708 5663 2796 5700; x_wconf 85' lang='grc' dir='ltr'><strong>και</strong></span> <span class='ocrx_word' id='word_1_770' title='bbox 2826 5641 2884 5698; x_wconf 74' lang='grc' dir='ltr'>ἐκ</span> <span class='ocrx_word' id='word_1_771' title='bbox 2915 5641 3132 5714; x_wconf 75' lang='grc' dir='ltr'>ταύτης,</span> <span class='ocrx_word' id='word_1_772' title='bbox 3166 5638 3242 5704; x_wconf 72' lang='grc' dir='ltr'><strong>Μο</strong></span> 
     </span>
    </p>
   </div>
  </div>
