4156 6156
446 258 563 322 8‘23

1603 253 1662 316 S.
1724 249 2061 314 DIOXYSII
2117 243 2647 311 AREOPAGITAE.

3712 249 3828 315 824

445 402 851 465 universarum
903 409 1206 475 nunquam
1246 390 1470 466 deﬁcit;
1503 395 1913 460 verumtamen
1945 378 2090 446 illud

2185 394 2339 456 εἶναι,
2402 379 2492 438 ixi
2545 387 2638 439 τοῦ
2697 382 2955 461 πρεοόντος
2988 399 3006 420 °
3041 383 3130 441 καί
3201 387 3359 446 αὐτοῦ
3390 385 3500 445 ἐστι
3535 391 3592 446 τὸ
3652 393 3828 466 εἶναι,

447 493 640 574 ipsum
673 510 806 554 esse
839 496 930 552 est
961 506 1030 550 ex
1050 471 1134 547 eo
1187 481 1288 561 qui
1320 480 1486 574 prius
1516 485 1632 574 est;
1659 485 1733 574 et
1785 477 1972 558 ipsius
2002 483 2092 574 est

2185 475 2258 531 ιαὶ
2289 473 2382 532 οὐκ
2411 474 2564 537 αὐτὸς
2608 471 2702 530 τοῦ
2731 476 2871 529 εἶναι
2910 490 2924 504 ⁸
2959 475 3046 531 καὶ
3076 473 3131 530 ἐν
3176 477 3316 550 αὑτῷ
3373 477 3484 534 ἐστι
3535 480 3596 534 τὸ
3655 481 3825 556 εἶναι,

450 567 805 656 essentia,et
833 597 956 642 non
981 579 1110 658 ipse
1141 570 1444 643 essentiae;
1476 577 1537 632 et
1565 567 1626 630 in
1656 567 1785 658 ipso
1809 575 1897 628 est
1925 568 2087 658 eris-

448 673 722 744 tentia,et
752 689 870 733 non
905 656 1036 748 ipse
1066 665 1126 726 in
1158 658 1496 739 existentia;
1535 667 1710 748 atque
1743 656 1934 748 ipsum
1978 657 2089 718 ha-

449 761 553 825 bet
583 746 1019 834 existentia,_et
1048 771 1166 816 non
1219 752 1348 832 ipse
1396 749 1574 812 habet
1607 746 2001 820 existentiam;
2037 753 2095 808 et

447 853 577 933 ipse
601 861 691 914 est
734 849 926 931 ipsius
951 840 1287 933 existentiaa
1309 846 1368 902 et
1395 857 1594 933 arum,
1619 845 1678 900 et
1710 835 2090 933 principium,

450 926 509 1002 et
533 926 983 1013 mensura,cum
1017 942 1155 996 ante
1189 929 1561 992 existentiam
1603 936 1662 990 et
1690 926 1842 989 entis
1873 935 1932 989 et.
1962 927 2090 1008 aevi,

451 1039 508 1092 et
531 1031 801 1092 omnium
833 1023 1302 1089 substantiﬁcum
1327 1017 1710 1098 principium,
1743 1025 1801 1078 et
1832 1016 2094 1079 medium

451 1130 511 1182 et
549 1119 688 1183 ﬁnis
721 1115 1167 1192 existat.Atque
1223 1108 1356 1170 ideo
1409 1107 1484 1169 ab
1533 1106 1794 1188 Eloquiis
1829 1107 1927 1187 qui
1957 1125 2096 1168 vere

455 1209 795 1290 praeexistit,
825 1202 1157 1267 secundum
1191 1198 1482 1290 omnium-
1519 1215 1726 1260 eorum
1779 1215 1911 1290 quae
1958 1201 2100 1290 sunt

451 1285 854 1377 cognitionem
886 1291 1344 1368 multiplicatur.
1377 1298 1438 1377 et
1467 1285 1530 1348 in
1560 1305 1631 1377 eo
1663 1289 1902 1368 proprie
1933 1287 2096 1377 cele-

451 1375 677 1460 bratur,
715 1392 866 1466 erat,
903 1388 1095 1458 etest,
1126 1387 1186 1442 et
1215 1377 1350 1458 erit,
1379 1376 1522 1438 item
1553 1375 1771 1466 factum
1792 1383 1981 1466 rest,_et
2006 1376 2090 1450 ﬁt,

454 1486 512 1538 et
544 1476 664 1546 ﬁet;
695 1476 818 1536 1]ωο
837 1463 1000 1534 enim
1033 1467 1232 1531 omnia
1249 1466 1582 1547 signiﬁcant
1608 1464 1684 1526 iis
1705 1465 1803 1544 qui
1824 1471 1886 1526 ut
1907 1463 2093 1526 Deum

453 1567 627 1628 decet
662 1563 1164 1642 intelligunt,esse
1194 1575 1327 1620 eum
1363 1553 1690 1618 secundum
1725 1573 1960 1617 omnem
1990 1574 2096 1616 co-

2172 565 2259 620 καὶ
2293 565 2386 619 οὒκ
2414 563 2570 624 αὗτὸς
2601 560 2656 616 ἐν
2690 568 2764 636 τῷ
2793 563 2936 618 εἶναι
2972 581 2989 598 ·
3035 564 3122 620 καὶ
3147 565 3303 622 αὒτὸν
3365 565 3480 646 ἔχει
3537 570 3600 624 τὸ
3653 570 3826 650 εἶναι,

2173 656 2257 711 καὶ
2299 653 2396 710 οὒκ
2433 653 2590 716 αὐτὸς
2622 650 2739 732 ἔχει
2761 654 2824 708 τὸ
2855 656 2995 710 εἶναι
3027 675 3041 688 ·
3075 655 3162 710 καὶ
3221 657 3398 719 αὒτὸς
3421 656 3534 714 ἐστι
3562 666 3657 716 τοῦ
3687 659 3828 716 ἑῒναι

2175 745 2261 800 καὶ
2293 743 2442 816 αἰὼν,
2479 744 2565 799 xai
2606 741 2778 821 ἀρχὴ,
2839 745 2926 798 καὶ
2983 745 3199 824 μέτρον,
3260 747 3362 824 πρὸ
3404 746 3582 810 οὐσίας
3634 749 3710 806 ὢν
3741 754 3833 806 καὶ

2175 831 2351 905 ὄντος,
2398 833 2484 889 καὶ
2543 831 2757 907 αἱῶνος,
2821 834 2910 888 καὶ
2984 835 3198 894 πάντων
3259 839 3562 902 οὖσιοποιος
3651 839 3828 920 ἁρχὴ,

2175 923 2262 978 καὶ
2293 923 2547 997 μεσότης,
2589 922 2684 978 καί
2725 921 2968 990 τελευτὴ.
3020 925 3118 982 Καὶ
3179 923 3264 982 διὰ
3318 926 3472 984 τοῦτο
3532 931 3664 1002 πρὸς
3723 932 3834 984 τῶν

2177 1013 2371 1090 λογίων
2404 1015 2432 1070 ὁ
2463 1011 2630 1076 ὅντως
2691 1012 2868 1092 προών
2921 1015 3052 1072 κατᾶ
3108 1023 3282 1074 πᾶσαν
3313 1025 3418 1074 τῶν
3475 1017 3644 1076 ὅντῶν
3707 1019 3832 1077 ἐπί-

2179 1124 2323 1159 νοιαν
2381 1101 2934 1182 πολλαπλασιάζεται,
2988 1106 3072 1163 διαὶ
3103 1107 3164 1162 τὸ
3211 1106 3277 1174 ἧν
3329 1107 3414 1164 ἐπ’
3444 1107 3603 1166 αὖτοῦ
3633 1107 3713 1190 π,
3741 1111 3834 1166 καὶ

2177 1195 2238 1250 τὸ
2269 1193 2408 1266 ἔστι,
2466 1193 2553 1248 καὶ
2600 1193 2662 1250 τὸ
2717 1191 2889 1272 ἔσται,
2938 1197 3023 1252 καὶ
3074 1196 3138 1252 τὸ
3181 1195 3413 1276 ἐγένετο,
3469 1201 3556 1255 καὶ
3599 1202 3829 1278 γίνεται,

2178 1285 2266 1339 καὶ
2319 1282 2626 1362 γενὴσεται,
2685 1285 2896 1359 κυρίως.
2929 1286 3174 1360 ὑμνεῖται
3223 1302 3237 1317 ⁶
3284 1293 3448 1344 ταῦτα
3507 1289 3608 1367 γὰρ
3650 1291 3834 1346 πάντα

2184 1380 2304 1439 τοῦς
2357 1377 2661 1452 θεοπρεπῶς
2695 1383 2866 1432 νοοῦσι
2894 1370 2950 1416 ⁷⁵
2976 1377 3038 1432 τὸ
3096 1376 3231 1432 κατὰ
3282 1377 3455 1435 πάσαν
3519 1381 3674 1437 αὖτὸν
3705 1379 3831 1436 ἐπί-

2187 1484 2331 1519 νοιαν
2385 1464 2700 1540 δπερουσίως
2755 1465 2892 1519 εἶναί
2939 1465 3210 1540 σημαίνει,
3260 1469 3346 1522 καὶ
3400 1471 3504 1524 τῶν
3535 1476 3834 1548 πανταχῶς

3783 1558 3825 1578 αι

2189 1554 2354 1609 ὄντων
2402 1551 2598 1612 αἴτιον.
2653 1551 2758 1614 Καὶ
2819 1554 2917 1633 γὰρ
2973 1560 3030 1613 οὗ
3071 1553 3186 1611 τόδε
3255 1557 3352 1632 μὲν
3409 1557 3541 1632 ἔστι,
3599 1558 3720 1617 τόδε
3778 1558 3836 1615 δὲ

451 1654 793 1734 gitationem
826 1641 1488 1734 suprasubstantiam,et
1517 1662 1652 1707 esse
1681 1663 1858 1708 causa
1889 1663 2098 1752 eorum

2191 1645 2284 1699 οὐκ
2308 1641 2476 1698 ἔστιν’
2507 1641 2623 1698 οὐδὲ
2679 1648 2756 1710 πῆ
2789 1644 2884 1718 μὲν
2938 1643 3072 1724 ἔστι,
3133 1649 3210 1712 πῆ
3263 1645 3317 1701 δέ
3347 1649 3441 1703 οὐκ
3467 1645 3631 1704 ἔστιν*
3698 1648 3838 1707 ἀλλὰ

2241 1733 2252 1752 Ι
2388 1731 2401 1752 Ί
2477 1734 2491 1752 \
2603 1732 2628 1752 Η
2757 1735 2766 1752 1
3003 1733 3027 1751 Ἰ
3291 1737 3304 1752 ι
3362 1735 3374 1752 ﬁ
3513 1740 3526 1752 α
3577 1745 3605 1752 ..
3716 1740 3727 1752 Ι

454 1731 586 1824 quae
621 1742 810 1804 modis
839 1731 1120 1804 omnibus
1147 1735 1548 1799 sunLEtenim
1574 1754 1692 1796 non
1726 1735 1837 1796 hoc
1861 1735 2098 1815 quidem

2185 1733 2355 1790 πάντα
2385 1731 2546 1812 ἐστὶν,
2594 1732 2667 1795 ὥς
2698 1735 2909 1790 πάντων
2966 1733 3166 1815 αἴτιος,
3221 1737 3308 1792 καὶ
3357 1735 3411 1792 ἐν
3472 1740 3614 1812 acup
3656 1740 3838 1804 πάσας

454 1823 568 1914 est,
601 1833 748 1895 illud
781 1849 918 1893 vero
951 1847 1071 1892 non
1101 1836 1214 1908 est;
1247 1845 1359 1888 nec
1391 1824 1596 1902 aliquo
1634 1823 1874 1906 quidem
1923 1825 2100 1888 modo

2185 1823 2382 1902 ἀρχὰς,
2441 1823 2613 1879 πάντα
2698 1823 3148 1904 συμπεράσματα,
3229 1825 3444 1883 πάντων
3500 1831 3608 1884 τῶν
3665 1829 3836 1886 ὃντων

457 1911 568 1995 est;
603 1923 802 2002 aliquo
837 1939 975 1982 vero
1009 1937 1130 1980 non
1161 1927 1276 1997 est;
1300 1915 1406 1978 sed
1439 1916 1632 1994 potius
1661 1917 1865 1979 omnia
1895 1925 2005 1990 est,
2039 1922 2101 1977 ut

2185 1911 2423 1992 συνέχων
2453 1911 2507 1954 ⁷6
2535 1916 2622 1970 καὶ
2677 1912 2949 1992 προέχών·
3003 1917 3088 1971 καὶ
3143 1915 3273 1993 ὑπὲρ
3319 1917 3383 1973 τὰ
3441 1919 3612 1978 πάντα
3668 1919 3833 2000 ἐστὶν,

457 2013 724 2076 omnium
753 2019 980 2089 auctor,
1029 2018 1086 2070 et
1119 2007 1179 2068 in
1209 2025 1274 2067 se
1306 2005 1508 2067 omnia
1539 2006 1855 2086 principia,
1890 2023 2101 2068 omnes

2185 2004 2256 2066 ὼς
2315 2004 2417 2081 πρὸ
2474 2003 2686 2060 πάντων
2743 2004 3064 2078 ὑπερουσίως
3123 2006 3352 2084 ὕπερών.
3395 2009 3486 2063 Διὸ
3538 2010 3628 2064 καὶ
3658 2009 3838 2069 πάντα

458 2105 724 2165 omnium
759 2118 960 2163 rerum
998 2096 1448 2159 terminationes
1477 2095 1790 2158 continens
1815 2106 1872 2158 et
1901 2096 2101 2158 antici-

2187 2093 2346 2149 αὒτοῦ
2403 2095 2489 2150 καὶ
2547 2093 2658 2168 ἅμα
2720 2108 3123 2172 κατηγορεῖται,
3190 2098 3278 2153 καὶ
3355 2096 3499 2154 οὒδὲν
3561 2098 3677 2156 ἐστι
3731 2107 3840 2156 τῶν

461 2205 698 2272 pansget
723 2207 900 2268 supra
931 2187 1131 2251 omnia
1165 2194 1488 2265 est,utpote
1505 2195 1643 2247 ante
1674 2185 1874 2247 omnia
1895 2205 2109 2266 supra-

460 2280 856 2344 esscnlialiter
875 2295 1226 2358 supraquam
1246 2275 1530 2340 existens.
1567 2276 1963 2350 Quamobrem
1980 2297 2109 2338 om-

462 2371 643 2433 niatle
669 2372 794 2450 ipso
813 2368 1066 2431 etsimul
1083 2367 1386 2437 dicuntur,
1411 2366 1677 2446 nihilque
1699 2377 1788 2428 est
1808 2370 2101 2443 omnium;

462 2458 765 2524 estomnis
799 2455 1230 2538 ﬁgurae,omnis
1253 2457 1389 2516 452
1413 2455 1997 2536 formae,sineforma,
2025 2458 2104 2518 si-

463 2569 541 2613 ne
567 2547 1405 2629 pulchritudine,principiaet
1426 2545 1620 2608 media
1649 2555 1703 2608 et
1726 2548 1876 2608 ﬁnes
1900 2565 2103 2609 rerum

461 2641 653 2702 solute
675 2639 1049 2702 etabstracte
1078 2643 1135 2697 in
1155 2637 1354 2716 seipso
1394 2636 1719 2718 anticipata
1770 2638 2014 2706 habens,
2049 2646 2106 2700 et

462 2730 740 2792 omnibus
765 2747 911 2810 pure
932 2725 1524 2803 illucensJargiendo
1549 2727 1746 2788 utsint
1776 2727 2102 2788 secundum

462 2838 696 2880 causam
723 2837 896 2880 unam
920 2827 980 2879 et
999 2834 1359 2896 supraquam
1386 2814 1810 2895 copulatam.Si
1842 2817 2000 2878 enim
2017 2819 2102 2878 sol

2186 2184 2399 2240 πάντων
2425 2182 2476 2225 77
2511 2198 2524 2213 ο
2563 2184 2914 2264 πάνσχημος,
2974 2183 3269 2264 πανείδεος,
3333 2187 3593 2265 ἄμορφος,
3659 2189 3836 2246 ἀγαλ-

2187 2271 2309 2351 λὴς,
2344 2274 2516 2352 ἀρχὰς
2568 2275 2656 2330 καὶ
2713 2273 2851 2348 μέσα
2905 2276 2993 2330 καὶ
3044 2274 3173 2342 τέλη
3222 2284 3327 2332 τῶν
3377 2276 3542 2334 ὅιτων
3588 2278 3836 2358 ἀσχέτως

2186 2366 2278 2420 καὶ
2338 2363 2678 2440 ἐξῃρημενως
2723 2364 2777 2419 ἐν
2836 2365 3006 2438 ἓαδτῴ
3051 2365 3414 2446 προειληφὼς,
3467 2370 3554 2424 καὶ
3612 2375 3742 2424 πᾶσι
3777 2372 3838 2426 τὸ

2187 2454 2327 2509 εἶναι
2359 2452 2499 2509 καλὰ
2543 2475 2669 2528 μιαν
2729 2455 2814 2510 καὶ
2847 2455 3266 2530 ὑπερηδωμὲνην
3325 2459 3494 2513 αἰτίαν
3550 2459 3836 2536 άγράντως

2188 2543 2524 2614 ἐπιλάμπων.
2565 2545 2619 2601 Εἰ
2663 2545 2762 2620 γὰρ
2792 2546 2818 2598 ὁ
2849 2542 2964 2600 καθ’
3017 2547 3161 2619 ἡμᾶς
3221 2546 3371 2616 ἥλιος
3427 2549 3522 2613 τὰς
3579 2556 3686 2604 τὼν
3747 2551 3834 2605 αἷ-

2187 2637 2393 2700 σΟητῶν
2460 2633 2634 2699 οὗσίας
2676 2635 2763 2690 καὶ
2807 2635 3121 2708 ποιότητας,
3165 2639 3334 2692 καίτοι
3366 2636 3566 2703 πολλὰς
3597 2639 3684 2694 καὶ
3716 2636 3836 2694 δια-

2187 2745 2374 2802 φόρους
2444 2722 2622 2803 οὔσας,
2687 2723 2832 2798 ὅμῶς
2890 2723 3046 2788 αὒτός
3109 2726 3192 2788 εἷς
3249 2727 3348 2799 ὥν,
3411 2729 3498 2784 καὶ
3561 2727 3832 2804 μονοειδὲς

2187 2812 2504 2886 ὲπιλάμπων
2563 2819 2700 2892 φῶς,
2757 2813 2996 2894 ἁνανεοῖ,
3068 2817 3155 2870 καὶ
3203 2815 3400 2895 τρέφεί,
3463 2818 3550 2872 καὶ
3593 2805 3836 2898 φρουρεῖ,

463 2910 567 2971 ille
597 2917 802 2970 noster
820 2925 1022 2969 rerum
1047 2905 1356 2968 sensilium
1375 2903 1736 2967 substantias
1759 2925 1826 2968 ac
1855 2905 2101 2988 qualita-

2188 2903 2274 2958 καὶ
2339 2901 2566 2976 τελειοϊ,
2603 2906 2690 2958 καὶ
2735 2901 3007 2980 διακρίνει,
3065 2905 3153 2960 καὶ
3200 2906 3336 2985 ἑνοῖ,
3370 2908 3455 2961 καὶ
3487 2906 3834 2985 ἀναθλάλπει,

467 2997 962 3079 tes,quantumvis
998 2995 1197 3057 multa:
1227 2995 1344 3056 sint
1366 3013 1435 3056 ac
1467 2994 1737 3074 diversae,
1773 2995 1946 3056 simul
1976 2997 2102 3072 ille,

467 3107 601 3150 cum
653 3088 729 3148 sit
788 3086 1021 3166 unicus,
1051 3093 1110 3146 et
1157 3085 1532 3146 uniformiter
1575 3083 1864 3145 diﬁ'undat
1901 3085 2104 3159 lumen

465 3195 880 3257 suum,omnes
896 3181 1234 3254 renovat,et
1256 3174 1526 3254 nutrit,et
1547 3184 1826 3254 servat,et
1845 3176 2102 3254 perﬁcit,

467 3277 526 3329 et
547 3265 946 3344 distinguit,et
964 3263 1505 3344 unit,etrefovet,et
1525 3263 1890 3328 fecundat.et
1905 3274 2100 3343 auget,

464 3364 523 3418 et
542 3355 904 3430 immutat,et
926 3354 1211 3434 ﬁrmat,et
1236 3353 1600 3434 producit,et
1647 3356 1978 3428 suscitat,et
2009 3375 2110 3416 ve-

465 3453 644 3525 getat;
675 3452 736 3506 et
764 3442 1027 3523 quolibet
1082 3461 1154 3505 ex
1205 3442 1301 3519 iis,
1355 3443 1529 3504 modo
1589 3443 1806 3523 cuique
1839 3444 2106 3525 proprio,

467 3535 642 3598 unius
673 3533 1066 3614 ejusdemque
1087 3533 1233 3595 solis
1257 3533 1554 3614 particeps
1585 3533 1802 3607 existit,
1829 3543 1887 3594 et
1919 3535 2107 3614 pluri-

464 3642 697 3686 morum
727 3641 792 3684 se
830 3623 1304 3703 participantium
1336 3641 1542 3686 causas
1573 3624 1658 3684 sol
1685 3624 1894 3685 unicus
1925 3627 1985 3686 in
2018 3643 2106 3686 se-

463 3714 591 3794 ipso
622 3712 998 3774 uniformiter
1015 3712 1381 3793 anticipavit;
1413 3713 1631 3792 potiori
1654 3715 1854 3793 utique
1877 3716 2108 3777 ratione

461 3801 914 3864 concedendum
939 3801 1122 3875 est,in
1145 3802 1458 3882 ipsiusmet
1488 3802 1632 3863 solis
1653 3822 1722 3863 ac
1745 3821 1945 3864 rerum
1970 3823 2104 3866 om-

461 3892 626 3952 nium
659 3908 860 3966 causa,
892 3890 1222 3953 secundum
1255 3891 1491 3952 unicam
1542 3894 2103 3972 supraessentialem

462 3980 926 4062 c0pulationem,
962 3998 1163 4042 rerum
1191 3979 1461 4042 omnium
1488 3983 1847 4062 exemplaria
1878 4001 2104 4064 praaex-

463 4069 1164 4150 titisse,quandoquidem
1187 4070 1314 4132 hanc
1343 4069 1623 4152 ipsasmet
1658 4073 1944 4134 essentias
1963 4092 2107 4154 pro-

461 4161 638 4221 ducat
667 4160 996 4220 secundum
1029 4175 1339 4220 excessum
1396 4160 1693 4222 essentiae.
1732 4161 2110 4242 Exemplaria

459 4267 600 4310 vero
631 4249 884 4309 dicimus
933 4266 1066 4309 esse
1114 4250 1374 4310 rationes
1409 4249 1468 4310 in
1503 4253 1628 4313 Deo
1663 4251 2108 4314 substantiﬁcas

2187 2993 2273 3048 καὶ
2327 2991 2522 3070 γόνιμα
2581 2993 2724 3049 εἶναι
2783 3007 2954 3068 ποιεῖ,
3009 2996 3095 3050 καὶ
3156 2993 3316 3069 αἰὲΞει,
3363 2997 3451 3052 καὶ
3508 2995 3838 3077 ἐξαλλάττει,

2187 3082 2283 3138 καί
2339 3080 2576 3161 ἐνιδρόει,
2640 3085 2726 3139 ναὶ
2784 3082 2986 3163 ἐκνεύει,
3059 3086 3147 3140 καὶ
3206 3086 3468 3166 ἀνακινεῖ,
3547 3088 3632 3142 καὶ
3707 3093 3845 3158 ζωοτ

2188 3173 2384 3244 πάντα,
2417 3174 2505 3228 καὶ
2534 3178 2640 3228 τῶν
2685 3171 2822 3229 ὅλῶν
2873 3172 3096 3230 ἕκαστον
3127 3175 3332 3238 οὶκείιος
3389 3176 3558 3249 ἑαυτῷ
3591 3178 3681 3232 τοῦ
3714 3176 3844 3232 ταύ-

2190 3263 2282 3318 τοῦ
2311 3268 2396 3320 xxi
2430 3263 2544 3327 ἑνός
2583 3261 2730 3329 ἣλίου
2763 3261 3006 3342 μετέχει,
3057 3267 3143 3320 καὶ
3187 3265 3278 3330 τὰς
3310 3271 3414 3321 τῶν
3457 3264 3670 3322 πολλῶν
3705 3288 3843 3340 μετ-

2192 3355 2431 3434 εχόντων
2463 3356 2489 3410 ὁ
2523 3354 2606 3415 εἶς
2637 3351 2788 3421 ἧλιος
2845 3354 3008 3418 αἰτίας
3054 3352 3106 3408 ἐν
3139 3355 3308 3413 ἑαυτῶ
3341 3354 3625 3420 μονοειδῶς
3659 3358 3844 3432 προεί-

2191 3443 2328 3524 ληφε
2365 3461 2380 3474 ο
2416 3442 2600 3516 πολλῷ
2646 3464 2706 3521 γε
2754 3442 2957 3518 μᾶλλον
3002 3445 3084 3500 ἐπὶ
3128 3445 3223 3512 τῆς
3256 3447 3340 3501 καὶ
3383 3448 3538 3502 αὐτοῦ
3587 3448 3670 3502 ναὶ
3703 3448 3844 3502 πάν-ο

2190 3555 2294 3590 των
2354 3535 2517 3596 αἰτίας
2548 3532 2624 3602 ⁷⁸,
2671 3534 3056 3613 προῧοεστάναι
3127 3535 3193 3589 τὰ
3217 3535 3388 3590 πάντα
3431 3541 3536 3590 τῶν
3593 3535 3760 3592 ὄντων
3791 3534 3845 3578 79

2191 3622 2613 3702 παραδείγματα,
2679 3645 2813 3680 κατα
2865 3625 2988 3696 μίαν
3031 3625 3338 3702 ὕπερούσιον
3381 3625 3563 3681 ἕνωσιν
3612 3648 3840 3706 συγχω-

2191 3713 2378 3792 ρητέον
2413 3731 2431 3750 '
2459 3715 2579 3770 ἐπεὶ
2633 3715 2718 3768 καὶ
2775 3715 2953 3778 οὐσίας
3000 3715 3222 3792 παρᾶιγει
3272 3715 3408 3770 κατὰ
3452 3717 3549 3783 τὴν
3592 3716 3698 3772 ἀπὸ
3745 3721 3840 3776 οὒ-

2189 3805 2302 3866 σίας
2337 3801 2574 3864 ἔκϐασιν,
2640 3802 3045 3881 Παραδείγματα
3090 3803 3142 3859 δὲ
3187 3825 3358 3884 φαμεν
3411 3806 3552 3862 εἶναι
3615 3807 3737 3869 τοὺς
3787 3807 3840 3862 ἐν

2190 3893 2304 3966 Θεῷ
2347 3897 2450 3948 τῶν
2512 3893 2679 3949 ὅντων
2740 3894 3074 3957 οὒσιοποιοὺς
3136 3898 3226 3950 καὶ
3280 3895 3489 3961 ἐνιαίως
3517 3893 3571 3938 80
3601 3919 3837 3978 πρωρε-

2190 3990 2394 4046 στὼτας
2456 3981 2671 4060 λόγους,
2737 3982 2823 4046 οῧς
2882 3985 2916 4050 ἡ
2973 3983 3215 4061 θεολογία
3274 3987 3621 4062 προςρισμοὺς
3653 3989 3836 4068 καλεῖ,

2191 4075 2277 4128 καὶ
2303 4077 2423 4128 θεῖα
2464 4075 2551 4128 καὶ
2583 4074 2753 4150 ἀγαθὰ
2811 4072 3110 4153 Θελήμαεα,
3144 4079 3247 4128 τῶν
3306 4074 3471 4130 ὅντων
3531 4077 3843 4155 ἀφοριστικὰ

2191 4164 2277 4218 καὶ
2310 4165 2588 4243 ποιητικὰ,
2629 4155 2744 4219 καθ’
2790 4163 2875 4225 οὕς
2919 4167 2946 4220 ὁ
3004 4163 3312 4241 ὅπεροὸσιος
3371 4165 3432 4222 τὰ
3487 4166 3613 4222 ὂντα
3671 4190 3846 4223 παντα

2192 4255 2280 4309 καὶ
2309 4252 2575 4330 προώρισε
2607 4256 2697 4308 καὶ
2729 4255 3066 4331 παρήγαγεν.

459 4356 663 4400 rerum
697 4349 756 4398 et
801 4338 964 4399 unite
996 4339 1472 4418 praeexistenles,
1507 4359 1652 4420 quas
1684 4341 1918 4401 divinus
1947 4361 2146 4404 sermo
2207 4351 2374 4402 vocat
2407 4341 2942 4422 praedeﬁnitiones,
2975 4351 3033 4402 et
3065 4341 3290 4404 divinas
3321 4348 3495 4422 atque
3525 4341 3712 4404 bonas
3739 4364 3847 4405 vo-

461 4427 740 4507 luntates,
773 4445 973 4488 rerum
1025 4427 1394 4491 deﬁnitrices
1449 4439 1506 4491 et
1564 4431 1896 4492 effectrices
1933 4453 1946 4490 :
1983 4431 2310 4493 secundum
2375 4448 2520 4512 quas
2550 4436 2652 4512 qui
2687 4441 2775 4494 est
2805 4449 2982 4512 supra
3039 4431 3454 4508 substantiam,
3489 4437 3690 4494 omnia
3720 4453 3853 4515 quae

465 4529 605 4578 sunt
637 4516 1029 4596 praedeﬁnivit
1059 4527 1120 4578 et
1149 4517 1446 4597 produxit.

2087 4616 2116 4696 §
2160 4617 2266 4682 1x.

543 4799 604 4860 Si
639 4807 832 4860 autem
865 4797 986 4859 vult
1017 4796 1298 4862 Clemens
1332 4801 1745 4881 philosophus,
1779 4802 1853 4864 ad
1887 4803 2101 4884 aliquid

2275 4807 2332 4862 Ei
2363 4803 2414 4862 δὲ
2450 4808 2476 4862 ὁ
2536 4805 2820 4885 φιλόσοςος
2851 4805 2990 4871 ἀξιοῖ
3059 4805 3311 4881 Κλήμης,
3368 4806 3453 4860 καὶ
3485 4806 3612 4882 πρὶς
3650 4828 3699 4862 τι
3741 4830 3847 4863 πα-

465 4887 586 4949 dici
619 4887 984 4970 exemplaria
1034 4907 1165 4968 qum
1199 4901 1339 4952 sunt
1365 4889 1425 4950 in
1453 4889 1634 4952 rebus
1664 4891 2105 4974 principalium,

467 4975 844 5056 progreditur
865 4975 1272 5058 quidem,cum
1298 4978 1383 5041 sic
1400 4979 1806 5060 loquitur,non
1839 5001 1947 5062 per
1974 5001 2111 5063 pro-

468 5066 596 5146 pria
618 5074 674 5126 et
698 5065 964 5144 perfecta
987 5075 1047 5130 et
1070 5068 1365 5150 simplicia
1391 5069 1654 5151 nomina;
1673 5072 1773 5133 sed
1812 5073 1860 5133 si
1886 5091 2106 5134 conce-

469 5154 679 5217 damus
711 5160 888 5216 eliam
930 5155 1043 5218 boc
1099 5167 1262 5220 recte
1302 5159 1446 5235 dici,
1483 5167 1714 5239 oportet
1764 5163 2108 5239 meminisse

2193 4894 2513 4978 ραδείγματα
2579 4895 2850 4974 λέγεσθαι,
2913 4897 2978 4952 τὰ
3033 4895 3086 4951 ἐν
3139 4893 3256 4959 τόϊς
3309 4895 3452 4952 οὖσιν
3510 4895 3848 4977 ἂρχηγικώέ

2192 5005 2338 5062 τερα,
2416 4986 2624 5064 πρόεισι
2673 4987 2770 5061 μὲν
2817 4985 2873 5041 o3
2917 4986 3002 5040 διὰ
3031 4985 3220 5060 κδρίων
3283 4985 3368 5040 καὶ
3425 4983 3705 5040 παντελῶν
3757 4988 3847 5040 καὶ

2191 5075 2374 5129 ἁπλῶν
2401 5076 2674 5148 ὀνομάτων
2719 5075 2752 5131 ὅ
2776 5075 2932 5152 λόγος
2983 5075 3121 5148 αὖτῷ
3157 5095 3168 5106 ·
3209 5074 3618 5153 σόγχωροῦντας
3665 5073 3720 5129 δέ
3755 5077 3844 5130 καὶ

2191 5171 2346 5220 τοῦτο
2405 5165 2570 5242 ὀρθῶς
2632 5166 2898 5244 Λέγεσθαι,
2959 5169 3056 5230 τῆς
3112 5165 3384 5242 Οέολογίας
3444 5164 3844 5238 μνημονευτέον

1795 5362 1892 5424 VA
1905 5363 2062 5426 ΡιΙιἘ
2104 5360 2516 5426 LECTIONES

549 5526 612 5575 ⁷4
641 5523 846 5587 subdit
894 5525 958 5591 Ρ.
995 5527 1086 5585 καί
1119 5527 1179 5583 τὸ
1211 5527 1376 5590 εἶναι,

1464 5528 1526 5579 75
1559 5530 1797 5609 ὓμνοῦσι,
1830 5530 1892 5596 S.
1927 5531 1998 5594 D.

473 5614 532 5670 et
561 5607 759 5684 αἴτιος,
800 5608 877 5670 Μ.
905 5609 1004 5670 Sc.

1089 5606 1154 5659 79
1179 5608 1389 5666 πάντων
1423 5615 1527 5665 τῶν
1559 5610 1726 5668 ίὶντων
1855 5613 1922 5676 Ρ.
1959 5612 2028 5674 D.

2084 5532 2148 5583 76
2175 5532 2428 5614 συνελών,
2463 5533 2542 5595 Μ.
2585 5530 2678 5596 Sc.

2113 5614 2176 5665 80
2201 5615 2449 5695 ἐδιαίους,
2485 5615 2546 5678 S.
2580 5617 2644 5677 Ρ.
2683 5615 2750 5678 Ι).

2767 5532 2828 5582 77
2857 5539 2962 5591 τῶν
2993 5535 3176 5609 ὅντων,
3213 5529 3287 5592 Μ.
3335 5527 3432 5592 SC.
3519 5527 3584 5578 78
3616 5530 3699 5588 ἒπῖ
3739 5536 3842 5610 γῆς
