4156 6156
357 323 479 389 825

995 324 1094 387 DE
1136 324 1432 390 DIVINIS
1475 320 1922 399 NOMINIBUS,
1967 322 2135 386 CAP.
2182 323 2254 389 V.
2318 356 2385 370 -
2425 325 2783 390 CORDERII
2828 324 3079 392 ΝΟΤίΕ.

3618 320 3736 392 826

357 466 686 548 φασκούσης,
720 464 841 526 ’Ὅτι
893 465 953 522 οὗ
1008 462 1284 544 παρέδειξά
1333 488 1416 523 σοι
1467 464 1599 523 αὐτὰ
1647 468 1738 523 τοῦ
1783 466 2007 546 πορεύε-

2100 456 2412 540 Scriptura;
2442 478 2572 541 quae
2601 461 2684 522 ait
2711 478 2739 509 ιι
2767 481 2780 519 :
2806 458 2935 523 Non
2965 459 3203 525 ostendi
3237 460 3341 526 illa
3375 460 3501 539 tibi,
3536 468 3598 525 ut
3629 478 3732 526 eas

358 562 474 615 σθαι
505 559 674 614 ὀπίσω
705 558 898 614 αὐτῶν·
941 553 1059 612 ἀλλ’
1102 555 1192 612 ἵνα
1247 554 1331 612 διὰ
1374 561 1472 623 τῆς
1504 557 1703 615 τούτων
1749 556 2006 633 ἀναλογι-

357 654 458 715 κῆς
486 650 735 725 γνώσεως
766 647 852 704 ἐπὶ
876 649 975 716 τὴν
1007 647 1218 704 πάντων
1252 649 1445 718 αἰτιαν,
1480 649 1553 710 ὡς
1598 648 1707 704 οἶοί
1737 647 1794 704 τέ
1825 648 2006 727 ἐσμεν,

357 739 697 818 ἄναχθώμεν.
736 738 913 795 Πάντα
946 737 1034 794 οὖν
1067 738 1201 813 αἰτῇ
1264 737 1327 792 τὰ
1358 736 1483 793 ὄντα.
1543 739 1672 794 κατὰ
1733 738 1856 814 μίαν
1914 738 2011 805 τὴν

359 827 570 885 πάντων
638 826 970 904 ἐξῃρημένήν
1042 826 1227 882 ἕνωσιν
1286 824 1367 901 81,
1432 827 1732 885 ἀναθετέον·
1798 828 2011 902 ἐπείπερ

358 917 462 974 ἀπὸ
495 923 586 975 τοῦ
618 916 791 992 εἶναι,
827 921 925 984 τῆς
957 921 1260 975 οὗσιοποιοῦ
1318 916 1545 995 προόδου
1595 918 1680 974 καὶ
1740 916 2008 996 ἀγαθᾶτη-

362 1028 444 1070 τος
504 1005 794 1086 ἀρξαμένη,
859 1008 947 1063 καὶ
993 1004 1084 1061 διὰ
1132 1004 1344 1062 πάντων
1396 1009 1657 1087 φοιτῶσα,
1712 1008 1800 1063 καὶ
1842 1007 2015 1064 πάντα

361 1095 412 1162 ἕξ
443 1097 636 1163 ἑαυτῆς
666 1102 759 1152 τοῦ
803 1099 942 1151 εἶναι
974 1093 1275 1175 πληροῦσα,
1310 1097 1398 1152 καὶ
1448 1098 1537 1153 ἒπὶ
1586 1097 1715 1153 πᾶσι
1765 1110 1885 1161 τοῖς
1919 1098 2012 1153 οὗ·

363 1209 445 1242 σιν
504 1183 872 1263 ἀγαλλομένη,
909 1186 1079 1241 πάντα
1141 1184 1239 1249 μὲν
1286 1183 1341 1240 ἐν
1392 1186 1553 1262 ἑαυτῇ
1598 1186 1845 1266 προέχει,
1883 1185 2019 1243 κατὰ

365 1277 486 1350 μίαν
540 1274 844 1342 ἁπλότητος
900 1272 1200 1353 ὑπερϐολὴν
1234 1283 1406 1332 πᾶσαν
1438 1274 1666 1343 διπλόην
1720 1278 2016 1333 ἁπαναινο-

364 1366 521 1440 μένη⁶
563 1366 731 1422 πάντα
763 1365 815 1420 δὲ
860 1365 1112 1426 ὡσαύτως
1148 1364 1204 1413 32
1234 1364 1480 1445 περιέχει
1539 1368 1675 1422 κατὰ
1721 1368 1821 1435 τὴν
1855 1368 2017 1444 ὅπερ·

363 1454 690 1530 ηπ).ωμένην
744 1455 908 1521 αὒτῆς
950 1456 1213 1532 ἀπειρίαν,
1249 1457 1335 1511 καὶ
1396 1459 1520 1535 πρὸς
1571 1457 1783 1514 πάντων
1829 1455 2017 1519 ἐνικως

365 1546 677 1627 μετέχεται,
737 1544 972 1624 καθάπερ
1030 1547 1117 1601 καὶ
1175 1547 1326 1626 φωνὴ
1386 1547 1480 1622 μία
1511 1546 1640 1603 οὗτοι
1671 1549 1756 1603 καὶ
1789 1549 1821 1614 ἡ
1856 1547 2013 1626 «ora,

365 1637 494 1714 πρὸς
526 1634 740 1692 πολλῶν
773 1636 948 1691 ἀκοῶν
980 1637 1051 1700 ὡς
1086 1636 1180 1710 μία
1214 1635 1529 1717 μετέχεται.

2095 558 2226 630 post
2252 550 2379 627 illa;
2405 550 2509 613 sed
2543 557 2604 612 ut
2636 568 2740 631 per
2771 552 3212 632 proportionem
3244 554 3600 632 cognitionis
3629 553 3733 616 bo-

2094 656 2225 701 rum
2248 639 2321 701 ad
2336 641 2807 718 cognoscendam
2824 642 3088 704 omnium
3123 644 3585 725 causam,quoad
3604 660 3733 723 pos-

2095 727 3123 804 sumus,adducamur.Quamobrem
3151 732 3425 794 universa
3446 732 3735 813 ipsientia

2098 818 2424 881 secundum
2441 838 2613 881 unam
2630 819 2907 881 omnibus
2924 821 3285 883 eminentem
3300 822 3732 903 copulationem

2098 918 2235 970 sunt
2265 908 3172 990 attribuenda;quandoquidem
3206 911 3346 972 dum
3380 912 3453 973 ab
3485 912 3735 992 ipsamet

2098 998 2358 1061 essentia
2387 998 2811 1062 substantiftcze
2860 1001 3327 1080 promanationis
3354 1021 3422 1065 ac
3452 1002 3731 1064 bonitatis

2097 1088 2554 1170 exordiens,per
2582 1090 2782 1151 omnia
2810 1090 3093 1155 dimanat.
3127 1100 3184 1152 et
3216 1093 3488 1155 universa
3513 1110 3620 1173 per
3648 1110 3738 1154 se-

2103 1178 2409 1258 metipsain
2445 1179 2743 1259 implet,et
2773 1178 2834 1241 in
2865 1180 3046 1241 rebus
3070 1180 3349 1243 omnibus
3379 1181 3731 1254 delectatur,

2102 1269 2301 1330 omnia
2333 1268 2572 1348 quidem
2598 1270 2655 1330 in
2682 1288 2744 1331 se
2773 1270 3074 1350 praehabet
3102 1271 3454 1333 excellentia
3501 1271 3734 1352 simpli-

2102 1361 2291 1423 citatis
2348 1380 2479 1441 qute
2540 1378 2777 1422 omnem
2814 1358 3028 1438 refugit
3056 1359 3489 1442 duplicitatem;
3523 1372 3738 1425 cuncta

2098 1468 2238 1511 vero
2267 1450 2543 1513 similiter
2571 1448 2835 1511 continet
2864 1449 3199 1511 secundum
3233 1449 3541 1532 plusquam
3585 1459 3736 1514 sim-

2103 1540 2316 1621 plicem
2351 1539 2699 1601 inﬁnitatem
2732 1547 2988 1608 suam,et
3009 1538 3082 1600 ab
3113 1539 3391 1603 omnibus
3414 1540 3738 1621 singulari-

2100 1639 2192 1691 ter
2215 1629 2622 1710 participatur,
2656 1628 3165 1706 quemadmodum
3198 1639 3255 1692 et
3284 1649 3414 1707 vox,
3455 1650 3590 1693 cum
3621 1650 3739 1693 una

2097 1722 2174 1783 sit
2205 1729 2264 1782 et
2295 1718 2527 1795 eadem,
2552 1738 2586 1781 a
2617 1719 2817 1781 multis
2841 1735 3076 1800 quoque
3104 1719 3346 1783 auribus
3376 1729 3433 1783 et
3459 1740 3575 1785 una
3607 1739 3739 1804 per-

2095 1813 2148 1874 ci
2158 1810 2333 1893 pitur.

1975 1972 2125 2053 sx.

454 2147 668 2203 Πάντων
701 2149 788 2203 οὖν
820 2146 966 2225 ἀρχή
996 2147 1082 2202 καὶ
1133 2143 1351 2214 τελεδτὴ
1408 2152 1511 2202 τῶν
1556 2147 1721 2204 ὄντων
1754 2150 1781 2204 ὁ
1810 2148 2010 2226 προών.

2179 2143 2319 2204 Δὸὖ
2342 2141 2618 2207 Omnium
2649 2140 2827 2222 igitur
2858 2141 3216 2224 principium
3247 2153 3306 2206 et
3337 2144 3602 2225 linis,qui
3638 2162 3736 2206 re-

369 2234 566 2317 Ἀρχτη
606 2237 701 2312 μὲν
735 2240 808 2299 ὡς
840 2237 1038 2300 αἴτιος
1074 2236 1222 2300 τέλος
1265 2234 1318 2291 δὲ
1370 2239 1443 2300 ὡς
1490 2237 1550 2294 οὗ
1594 2236 1748 2293 ἕνεκα
1797 2239 1880 2312 85,
1935 2234 2023 2294 καὶ

375 2333 536 2403 πέρας
570 2328 803 2407 πάντων,
842 2328 927 2382 καὶ
975 2327 1186 2403 ἀπειρία
1244 2326 1421 2393 ποίσης
1482 2326 1719 2407 ἀπειρίας
1780 2331 1864 2384 καἓ
1921 2330 2017 2385 πέ-

369 2439 521 2494 ρατος
556 2420 893 2497 ὑπεροχικῶς
947 2422 1051 2471 τῶν
1104 2417 1176 2478 ὡς
1234 2416 1641 2492 ἀντιιειμένων,
1700 2419 1787 2476 Ἐν
1819 2419 1892 2475 ἐνὶ
1922 2420 2023 2497 γὰρ

368 2512 439 2572 ὼς
485 2507 743 2571 πολλάκις
805 2506 1045 2583 εἴρηται,
1111 2506 1177 2561 τὰ
1233 2506 1359 2562 ὅντα
1418 2508 1733 2580 πάντα,καί
1796 2510 2018 2588 προέχει

366 2601 454 2654 καὶ
506 2598 793 2669 ὑπέστησε,
855 2594 980 2674 παρ’
1010 2598 1085 2651 ὦν
1114 2594 1178 2645 84
1205 2609 1323 2659 τοῖς
1373 2603 1528 2677 πᾶσι,
1581 2600 1672 2654 καὶ
1712 2601 2013 2678 πανταχοῦ,

367 2687 463 2744 καί
491 2688 628 2744 κατὰ
657 2687 716 2743 τὸ
748 2685 803 2741 ἓν
830 2687 917 2740 καὶ
948 2686 1009 2740 τὸ
1042 2687 1191 2765 αὐτὸ,
1221 2686 1309 2741 καὶ
1340 2686 1476 2743 κατὰ
1506 2689 1566 2743 τὸ
1599 2689 1725 2746 αὐτὸ
1758 2694 1882 2758 πᾶν,
1932 2691 2018 2745 καὶ

367 2778 457 2834 ἐπὶ
515 2779 688 2834 πάντα
744 2777 972 2854 προϊὼν,
1005 2777 1091 2831 καὶ
1156 2774 1328 2850 μένων
1379 2775 1460 2855 ἐγ’
1493 2775 1700 2836 ἑαυτοῦ.
1735 2782 1821 2833 καὶ
1852 2778 2017 2842 ἑστὼς

366 2869 453 2924 καί
482 2864 811 2945 κινούμενος,
848 2868 934 2921 καὶ
979 2863 1097 2920 οὔτε
1152 2864 1318 2931 ἑστὼς
1371 2866 1487 2922 οὔτε
1539 2868 1868 2946 κινούμενος,
1904 2868 2021 2925 οὔτε

367 2957 545 3036 ἀρχὴν
605 2954 773 3036 ἔχων,
820 2955 854 3022 ἢ
917 2955 1100 3030 μέσον,
1136 2954 1171 3022 ἢ
1204 2955 1480 3026 τελευτήν·
1543 2957 1660 3012 οὔτε
1700 2955 1754 3012 ἔν
1785 2980 1884 3013 τινι
1915 2960 2021 3014 τῶν

368 3047 559 3127 ὄντων,
592 3046 707 3104 οὖδέ
738 3069 787 3102 τι
820 3045 926 3101 τῶν
958 3044 1126 3100 ὄντων
1152 3044 1233 3108 ὅν,
1272 3048 1370 3103 Καὶ
1403 3044 1520 3102 οὔτε
1552 3046 1689 3111 ὅλως
1722 3047 1863 3121 αὐτῷ
1883 3071 2021 3128 προ-

367 3138 521 3206 σήκει
550 3159 600 3193 τι
630 3142 733 3193 τῶν
767 3135 988 3198 αἰωνίως
1039 3134 1232 3215 ὄντων,
1275 3134 1306 3203 ἢ
1337 3137 1443 3190 τῶν
1494 3143 1761 3216 χρονικῶς
1795 3139 2018 3218 iratam-

370 3229 563 3302 μένων,
598 3226 735 3282 ἀλλὰ
767 3226 853 3281 καὶ
886 3224 1111 3303 χρόνον,
1137 3226 1223 3281 καὶ
1255 3226 1467 3305 αἰῶνος,
1502 3229 1590 3283 καὶ
1619 3229 1724 3282 τῶν
1754 3228 1809 3283 ἐν
1840 3229 2011 3304 αἰῶνι,

368 3320 455 3374 καὶ
478 3323 583 3372 τῶν
615 3317 668 3371 ὲν
700 3315 882 3395 χρόνῳ
902 3314 1116 3370 πάντων
1149 3313 1425 3386 ἐξήρτηται·
1459 3313 1589 3372 διότι
1612 3319 1698 3373 καὶ
1731 3319 1989 3374 αὒτοαιὼν

1996 3366 2010 3397 ν

370 3409 455 3463 καὶ
484 3408 547 3462 τὰ
574 3405 719 3479 ὅντα,
749 3406 834 3462 καὶ
866 3404 931 3460 τὰ
977 3402 1143 3480 μέτρα
1187 3410 1291 3460 τῶν
1350 3403 1539 3480 ὄντων,
1578 3407 1664 3463 καὶ
1696 3408 1759 3462 τὰ
1790 3408 2016 3486 μετρού·

2104 2234 2214 2296 bus
2246 2234 2961 2316 praeeitistitPrincipium
2995 2234 3234 2315 quidem
3268 2244 3329 2298 ut
3357 2253 3575 2308 causa;
3606 2233 3743 2297 ﬁnis

2102 2333 2337 2399 vero,ut
2365 2324 2535 2404 cujus
2559 2331 2823 2399 causa,et
2854 2323 2990 2385 linis
3011 2327 3302 2407 omnium,
3329 2333 3506 2406 atque
3536 2324 3742 2387 inﬁni-

2102 2421 2192 2477 tas
2223 2416 2418 2476 omnis
2447 2412 2756 2475 inﬁnitatis
2785 2421 2847 2475 et
2875 2412 3314 2477 terminationis
3353 2413 3744 2488 excellenter,

2102 2506 2253 2568 sicut
2281 2508 2717 2585 appositorum.
2753 2504 2814 2565 ln
2847 2522 2964 2565 uno
3001 2504 3186 2577 enim,
3236 2511 3300 2565 ut
3328 2523 3744 2587 saepenumero

2102 2595 2325 2658 dictum
2358 2601 2473 2667 est,
2505 2592 2704 2654 omnia
2725 2610 2862 2669 quae
2884 2602 3025 2655 sunt
3056 2593 3446 2675 praehabet,et
3486 2596 3746 2659 existere

2102 2685 2534 2766 fccit,praesens
2549 2683 2828 2745 omnibus
2867 2681 3089 2764 ubique
3118 2683 3445 2746 secundum
3472 2703 3655 2747 unum
3685 2694 3744 2747 et

2101 2775 2353 2845 idem,et
2375 2772 2701 2835 secundum
2729 2771 2887 2834 idem
2916 2791 3116 2854 omne;
3141 2773 3203 2835 in
3228 2774 3431 2836 omnia
3454 2793 3658 2838 means
3688 2781 3749 2838 et

2103 2866 2163 2927 in
2185 2883 2248 2927 se
2283 2873 2619 2945 manens,et
2643 2872 2803 2924 stans
2824 2869 2884 2925 et
2899 2881 2964 2925 se
2993 2882 3255 2940 movens,
3285 2872 3343 2927 et
3364 2882 3560 2946 neque
3582 2874 3746 2927 stans

2104 2972 2296 3036 neque
2311 2972 2578 3029 movens;
2603 2971 2799 3033 neque
2823 2952 3181 3034 principium
3199 2955 3291 3016 vel
3316 2954 3495 3018 tinem
3514 2953 3605 3017 vel
3628 2973 3749 3017 me-

2103 3045 2267 3108 dium
2296 3043 2666 3120 habens;nec
2693 3051 2785 3106 est
2805 3041 2865 3104 in
2897 3045 3172 3124 quopiam
3201 3061 3406 3107 eorum
3431 3062 3563 3126 qua)
3583 3054 3744 3126 sunt,

2104 3155 2299 3215 neque
2322 3134 2643 3217 quidquam
2669 3150 2875 3196 eorum
2899 3135 3094 3198 est.Et
3121 3152 3319 3217 neque
3349 3135 3607 3198 totaliter
3633 3134 3752 3215 ipsi

2098 3226 2378 3290 convenit
2407 3223 2631 3305 aliquid
2661 3222 3025 3286 aeternaliter
3055 3224 3567 3300 existentium,aut
3599 3234 3747 3288 tem-

2103 3316 2387 3397 poraliter
2416 3314 2896 3388 subsistentium,
2925 3314 3031 3375 sed
3066 3322 3124 3375 et
3155 3332 3186 3375 a
3236 3324 3532 3394 tempero,
3567 3324 3626 3376 et
3669 3313 3744 3377 ab

2101 3425 2248 3475 aevo.
2283 3413 2344 3467 et
2371 3404 2445 3466 ab
2478 3402 2552 3464 iis
2580 3421 2712 3483 quae
2744 3412 2880 3465 sunt
2912 3403 2974 3464 in
3009 3421 3157 3484 aavo,
3181 3403 3331 3466 etab
3363 3402 3436 3465 iis
3466 3403 3743 3466 omnibus

369 3519 502 3572 μενα
531 3495 596 3552 δι’
639 3497 820 3565 αὖτώ,
852 3495 938 3549 καὶ
972 3493 1060 3549 ἀπ’
1097 3494 1253 3550 αὐτοῦ
1281 3494 1368 3557 85,
1418 3493 1587 3552 Ἀλλὰ
1615 3497 1732 3575 περὶ
1762 3498 1860 3572 μὲν
1889 3518 2009 3555 τοο-

2103 3515 2233 3578 quae
2253 3505 2391 3558 sunt
2414 3494 2472 3555 in
2496 3502 2610 3555 tem
2621 3510 2766 3573 pore
2788 3500 3153 3571 segregatur;
3174 3493 3310 3574 quia
3332 3492 3539 3575 ipsum
3553 3511 3662 3574 per
3682 3511 3747 3556 se

369 3609 474 3642 των
504 3587 557 3644 ἐν
590 3586 772 3650 ἄλλοις
803 3583 1165 3662 εὐκαιρότερον
1204 3586 1452 3661 εἰρήσθω,

2109 3604 2322 3661 tevum,
2354 3593 2411 3646 et
2442 3601 2577 3660 quae
2623 3590 2786 3657 sunt,
2818 3591 2878 3644 et
2932 3600 3228 3644 mensuras
3257 3599 3486 3663 rerum,
3520 3591 3579 3645 et
3618 3600 3748 3664 quin

2105 3680 2526 3739 mensurantur
2580 3690 2690 3754 per
2739 3672 2932 3754 ipsum
2991 3679 3049 3733 et
3095 3670 3169 3734 ab
3215 3673 3362 3754 ipso.
3399 3670 3518 3736 Sed
3548 3671 3623 3735 de
3654 3670 3749 3735 bis

2101 3766 2344 3845 quidem
2378 3762 2523 3826 alibi
2549 3761 2918 3825 commodius
2939 3760 3191 3826 dicetur.

1583 4004 2165 4071 ADNOTATIONES
2210 4006 2580 4073 CORDEBII

442 4118 469 4187 §
516 4115 558 4172 l.
591 4114 755 4188 Nota.
789 4112 1125 4188 cumaitde
1160 4114 1305 4188 Deo,
1341 4112 1493 4188 quod
1524 4113 1701 4185 ipsam
1730 4114 2128 4188 copulationem
2158 4116 2349 4173 mentis
2377 4120 2612 4188 superat,
2648 4114 2706 4172 id
2764 4123 2869 4188 est,
2895 4115 3084 4188 inquit
3112 4116 3167 4173 S.
3230 4114 3498 4188 Thomas,
3530 4113 3752 4172 excedit

375 4184 550 4258 ipsam
583 4184 1007 4258 copulationem
1038 4184 1712 4249 intellectus’beamrum,
1748 4184 1847 4255 qui
1878 4187 2186 4258 essentiam
2210 4188 2311 4244 Dei
2343 4184 2534 4243 vident
2565 4201 2665 4258 per
2695 4184 3122 4258 copulatio’nem
3151 4188 3238 4245 sui
3258 4185 3595 4244 .intellectus
3620 4200 3754 4243 cum

374 4257 490 4329 ipsa
522 4259 624 4315 Dei
654 4257 901 4313 essentia
929 4275 943 4323 ;
976 4259 1241 4329 quamvis
1271 4259 1423 4312 enim
1457 4258 1682 4313 videant
1717 4258 1906 4327 ipsum
1953 4257 2147 4325 Deum,
2179 4272 2295 4315 non
2322 4267 2513 4315 tamen
2546 4257 2630 4315 est
2657 4257 2809 4315 tanta
2842 4259 3112 4328 perfectio
3136 4258 3394 4323 visionis,
3433 4266 3641 4329 quanta
3674 4267 3758 4316 est

373 4326 644 4402 perfectio
676 4330 859 4402 ipsius
881 4326 1013 4402 esse
1044 4326 1242 4402 divini,
1277 4337 1573 4402 etquanta
1601 4336 1685 4402 est
1717 4326 1990 4402 perfectio
2023 4330 2258 4402 visionis
2290 4345 2399 4401 qua
2433 4330 2583 4386 Deus
2612 4326 2863 4402 seipsuui
2903 4329 3079 4386 videt.

445 4402 660 4458 Ibidem
684 4398 1039 4473 {Porrigitur
1068 4399 1180 4454 haec
1212 4399 1507 4473 nominatio
1537 4398 1630 4453 Dei
1660 4416 1691 4453 a
1722 4398 1858 4455 bono
1888 4408 1996 4454 tum
2026 4400 2099 4456 ad
2124 4417 2181 4456 ea
2214 4398 2328 4473 qua}
2362 4406 2488 4456 sunt
2518 4409 2632 4456 tum
2661 4398 2731 4457 ad
2754 4417 2818 4456 ea
2847 4416 2965 4472 qua:
2995 4416 3103 4457 non
3132 4407 3276 4470 sunt,
3310 4403 3456 4473 etest
3483 4414 3649 4473 supra
3675 4415 3754 4456 ea.

371 4474 586 4531 Vocare
614 4471 757 4528 solet
786 4469 1181 4542 Dionysius,ut
1212 4470 1268 4527 S.
1293 4471 1568 4527 Maximus
1602 4472 1834 4543 notavit,
1865 4487 1927 4527 ea
1956 4485 2077 4542 quae
2106 4469 2261 4543 sunt,
2300 4476 2551 4543 expertia
2583 4469 3002 4543 materizefquze
3027 4486 3162 4529 vero
3194 4471 3490 4528 materiam
3523 4469 3757 4537 Habent.

376 4555 533 4627 vocat
562 4559 685 4616 quae
733 4557 848 4600 non
878 4553 1040 4627 sunt,
1064 4552 1292 4627 propter
1344 4542 1657 4598 interitum.
1694 4542 2013 4627 Porrigitur
2043 4542 2213 4627 etiam
2272 4542 2480 4627 nomen
2516 4542 2753 4627 bonipad
2782 4559 2843 4600 ea
2887 4542 3013 4614 Quae
3042 4558 3158 4627 non
3194 4543 3539 4627 suptiquia
3606 4543 3756 4627 Deus

371 4621 522 4675 vocat
543 4614 607 4689 ea
636 4629 885 4689 question
909 4617 1060 4675 sunt.
1091 4619 1358 4684 tanquam
1385 4627 1447 4670 ea
1476 4628 1591 4689 qua:
1617 4619 1750 4670 sunt
1776 4625 1821 4678 μς
1863 4614 2216 4689 participatio
2250 4619 2403 4673 enim
2429 4617 2561 4671 boni
2594 4625 2677 4671 est
2700 4630 2863 4689 posse
2895 4624 3130 4689 esse,_ut
3159 4614 3310 4689 aitS.
3341 4614 3614 4689 Thomas.
3647 4614 3760 4672 Aut

374 4685 789 4761 porrigitu'rpd
820 4700 883 4743 ea
914 4700 1036 4761 quae
1061 4699 1178 4741 non
1212 4693 1384 4754 sunt;
1418 4685 1546 4756 quia
1579 4698 1696 4741 non
1730 4700 1878 4761 esse.
1910 4686 2248 4752 bonumest,
2271 4702 2401 4745 cum
2433 4687 2889 4761 contemplemur
2922 4686 3067 4761 illud
3096 4687 3326 4761 inDeo,
3354 4687 3453 4757 qui
3476 4693 3563 4741 est
3584 4698 3758 4761 supra

373 4755 559 4818 omne
574 4756 730 4831 quod
757 4766 859 4819 est.
888 4756 1215 4831 _utLbonum
1248 4765 1350 4831 est_
1372 4755 1485 4812 non
1535 4770 1660 4812 esse
1688 4755 2032 4831 sapientem,
2065 4766 2348 4827 sanctum,
2386 4769 2440 4816 et
2479 4755 2993 4831 aliaib'ujusmodi,
3030 4757 3219 4829 qualia
3256 4759 3314 4814 in
3336 4755 3629 4831 creaturis
3658 4755 3759 4831 co:

374 4827 727 4905 gnoscimus,
756 4827 911 4900 quod
965 4827 1083 4905 Deo
1114 4827 1399 4897 convenit,
1432 4843 1463 4884 a
1519 4841 1632 4898 quo
1688 4827 1810 4883 base
1839 4837 2222 4894 removentur,
2258 4841 2313 4887 ut
2369 4831 2448 4887 ait
2477 4829 2531 4885 S.
2570 4827 2851 4905 _'l‘bojnas,
2890 4827 3282 4905 nonpmpter
3320 4828 3625 4905 defectum,
3659 4827 3760 4885 sed

372 4899 601 5031 psepter
628 4912 948 5026 excestsnm.
983 4900 1094 4957 Aut
1123 4914 1245 4957 esse
1275 4913 1445 4970 supra
1494 4913 1558 4955 ea
1590 4913 1712 4971 quae
1743 4907 1896 4964 sunt,
1931 4910 1981 4956 ot
2021 4915 2148 4971 quae
2198 4916 2313 4959 non
2348 4910 2503 4965 sunt,
2536 4901 2824 4973 signiﬁcat
2854 4915 2979 4959 esse
3013 4899 3755 4970 leco'incircumscriplum,

374 4979 392 5031 i
468 4981 559 5031 est
587 4987 713 5029 esse
745 4987 778 5028 u
823 4986 982 5031 ioue.

374 4979 433 5033 id
468 4981 559 5031 est
587 4987 713 5029 esse
745 4979 982 5041 ubique.

442 5046 656 5103 ibidem
690 5064 703 5099 :
752 5040 1066 5099 Nominatio
1096 5042 1199 5098 Dei
1232 5041 1559 5123 asapientia
1588 5041 1916 5123 porrigitur;
1934 5041 2003 5096 ad
2059 5043 2235 5099 omnia
2266 5059 2389 5116 quat
2414 5043 2753 5115 intelligunt.
2794 5042 2993 5100 Graece
3025 5043 3201 5123 νοερά.
3262 5040 3511 5123 Nomine
3542 5042 3758 5123 intelli-

376 5127 629 5201 gentium
662 5123 1099 5194 comprehendit
1129 5122 1365 5195 angelos
1399 5130 1453 5179 et
1484 5124 1702 5203 animas
1734 5138 1748 5187 ;
1781 5131 1836 5180 et
1881 5121 2010 5180 licet
2042 5125 2265 5181 animas
2312 5124 2493 5182 soleat
2522 5124 2830 5196 Dionysius
2860 5135 3064 5180 vocare
3094 5121 3300 5203 νοεράς,
3334 5121 3401 5203 ίαν
3444 5133 3526 5183 est
3554 5122 3761 5203 intelli-

376 5215 572 5281 gentes,
609 5220 742 5263 cum
793 5218 890 5260 eas
919 5203 1219 5285 distinguit
1260 5203 1330 5260 ab
1363 5202 1605 5274 angelis,
1638 5217 1783 5274 quos
1809 5216 2012 5260 vocare

2100 5203 2180 5262 ilet
2237 5208 2303 5263 τὰ
2336 5207 2520 5285 νοητά,
2559 5204 2614 5260 id
2654 5215 2737 5262 est
2766 5204 3113 5270 intellectum,
3146 5202 3293 5277 quia
3312 5202 3530 5285 habent
3572 5202 3762 5276 angeli

380 5290 525 5348 intra
558 5302 619 5345 se
658 5303 691 5344 a
720 5285 932 5357 quibus
962 5283 1382 5357 intelligantur,
1413 5297 1616 5355 nempe
1650 5285 1899 5355 animas,
1939 5285 2140 5343 anima:
2170 5300 2304 5344 vero
2333 5300 2450 5344 non
2490 5283 2742 5356 habent;
2773 5300 2930 5344 nunc
2961 5295 3171 5356 tamen,
3210 5294 3271 5344 ut
3296 5283 3437 5355 dixi,
3470 5296 3764 5353 communi

459 5436 486 5465 η
517 5419 705 5485 Exod.
736 5436 877 5485 xxv.
965 5438 993 5465 ο
1021 5419 1195 5483 Rom.
1227 5436 1308 5498 iv,
1346 5421 1439 5482 17.

1706 5500 1969 5567 VARIAE
2010 5501 2336 5569 LECTION
2344 5501 2452 5569 ES.

453 5637 507 5686 81
536 5636 755 5714 γνῶσιν.
839 5635 903 5686 82
927 5634 1228 5714 παντελῶς,
1263 5632 1330 5714 S.
1411 5634 1476 5685 83
1511 5644 1593 5693 τοῦ
1638 5635 1816 5713 ἕνεκα,
1851 5638 1913 5702 S.
1949 5636 2013 5709 Ρ,
2046 5638 2118 5704 D.

2207 5639 2273 5690 84
2300 5642 2480 5720 παρών
2536 5639 2861 5724 legendum
2893 5660 2908 5719 ;
2944 5640 3023 5702 ita
3059 5637 3231 5703 Vien.
3318 5635 3383 5687 83
3411 5632 3553 5696 hinc
3582 5639 3760 5721 caput

376 5685 1368 5796 εθιιυῖὲῖἷιίὲίιοαιηζἷίζῇίῗὲῗὶ).
1405 5685 1669 5782 δοξὲὶπῖ
