4156 6156
447 278 561 353 827
1616 283 1676 350 S.
1724 283 2065 351 DIONYSII

2167 283 2637 353 REOPAGITE.
3691 294 3808 365 828

444 411 685 487 nomine
717 409 1101 487 intelligentes
1127 417 1294 473 vocat
1329 418 1446 472 tum
1477 410 1859 487 angelosjum
1891 411 2134 482 animas,
2165 409 2297 483 quia
2328 419 2449 487 tum
2492 409 2831 487 angelitum
2859 410 3060 472 animae
3081 412 3407 487 intelligunt
3434 415 3693 487 Deum,et
3713 419 3808 480 in-

440 485 749 562 telligendo
779 484 958 562 Deum
992 486 1062 544 ad
1083 501 1212 543 eum
1245 501 1306 543 se
1327 491 1686 562 convertunt.
1720 484 1825 543 Per
1852 501 1918 543 ea
1951 500 2085 545 vero
2112 500 2227 558 quoi
2248 484 2649 562 ratiocinantur
2681 484 2944 545 homines
2975 487 3216 546 viatores
3243 484 3508 562 intelligit
3541 511 3554 559 ;
3614 484 3803 552 anima

445 557 599 616 enim
632 560 767 617 dum
798 560 855 632 in
887 568 1266 632 corporeest.
1293 558 1619 632 ratiocinari
1655 567 1836 629 potest
1873 572 1973 629 per
2003 557 2435 632 conversionem
2472 557 2544 613 ad
2573 558 2986 632 phantasmata.
3017 574 3128 616 non
3154 570 3349 632 autem
3381 557 3661 631 se'parata.
3694 565 3805 624 Per

444 646 508 702 ea
539 646 660 702 quas
702 631 942 688 sentiunt
971 629 1247 699 signiﬁcat
1277 630 1563 695 animalia,
1598 645 1727 701 quae
1762 644 1878 702 non
1908 630 2250 702 perticipant
2295 629 2596 702 rationem,
2628 644 2750 701 quae
2783 630 3119 701 sapientiam
3152 631 3254 688 Dei
3285 632 3343 689 in
3392 629 3512 691 suis
3540 650 3569 693 a
3601 645 3805 695 natura

443 699 638 774 insitis
663 702 963 774 conatibus
997 703 1360 774 participant,
1389 708 1451 774 ut
1479 703 1543 759 Β.
1577 699 1820 759 Basilius
1848 701 1905 774 in
1943 699 2476 774 Hexaemeroudocet.

505 774 549 901 ἓ
603 773 672 831 ΙΙ.
707 774 785 830 Ad
818 773 908 831 illa
966 770 1132 831 verba
1168 797 1181 829 :
1208 770 1350 831 'Non’
1381 772 1511 829 dicit
1541 774 1699 830 aliud
1728 789 1838 830 esse
1862 771 2077 835 bonum.
2110 778 2159 829 et
2213 770 2371 828 aliud
2396 787 2489 828 me
2520 790 2538 835 ;
2568 786 2683 829 non
2715 775 2912 839 otiose,
2939 773 3125 845 inquit
3161 774 3455 845 Maximus,
3486 777 3595 835 hoc
3650 779 3801 849 dicit,

576 854 636 901 ut
671 846 1053 901 reprehendat
1082 861 1179 901 eos
1225 845 1591 901 philosophos
1619 854 1674 901 et
1725 844 2014 901 Simonem
2046 842 2288 901 Matium.
2315 844 2413 901 aui
2451 844 2741 901 ponebant
2773 845 2910 901 deos
2941 848 3324 901 κοσιιοποιούς-
3358 848 3417 901 id
3466 858 3549 901 est
3586 852 3801 901 opiﬁces

471 842 543 901 ed
576 854 636 903 ut
671 846 1053 916 reprehendat
1082 861 1179 903 eos
1225 845 1591 916 philosophos
1619 854 1674 903 et
1725 844 2014 902 Simonem
2046 842 2288 915 Magum,
2315 844 2413 914 qui
2451 844 2741 914 ponebant
2773 845 2910 902 deos
2941 842 3325 918 κοᾶμοποιούς,
3358 848 3417 904 id
3442 842 3549 905 est
3586 842 3803 924 api/tces

436 925 674 1003 partium
703 927 898 1003 mundi,
926 928 1169 1003 majores
1192 937 1246 1003 ei
1265 927 1611 1003 valentiores
1627 928 1910 1003 majorum
1942 933 2352 1003 creaturarum,
2378 933 2430 981 et
2451 924 3227 1003 inﬁrmioresiniirmiorum,
3246 928 3560 1003 secundum
3589 934 3803 1003 gradus

440 1011 597 1081 suos
619 997 1031 1081 descendentes
1059 1001 1115 1056 in
1155 998 1387 1068 opiﬁcio
1416 1015 1519 1081 suo
1574 997 1758 1071 usque
1787 999 1857 1056 ad
1905 1000 2220 1081 mateiiam.
2254 997 2657 1081 Nomenhergo
2687 997 2844 1080 boni.
2873 997 2950 1081 ait
3006 1000 3302 1081 complecti
3335 1002 3507 1081 μιτξι
3550 997 3800 1081 omnem

438 1070 874 1139 providentiam,
908 1072 1124 1142 reliqua
1157 1085 1293 1129 vero
1349 1072 1603 1137 nomina,
1640 1069 1829 1138 partes
1886 1069 2274 1142 providentiae.
2321 1077 2382 1127 ut
2438 1070 2629 1135 vitam,
2671 1069 3027 1137 sapientiam.
3060 1069 3597 1142 rationem.70mnia
3638 1076 3795 1135 enim

439 1153 562 1216 quae
591 1148 754 1216 sunt,
778 1141 1345 1216 propterhonitatem
1378 1144 1475 1216 Dei
1507 1143 1785 1216 producta
1824 1150 1974 1216 sunt.
2011 1149 2071 1198 ut
2096 1141 2378 1216 antistant;
2413 1148 2629 1216 etsunt
2660 1143 2829 1209 bona,
2861 1154 2974 1198 non
3005 1141 3419 1216 tamenpmnia
3454 1146 3796 1216 participant

440 1210 614 1270 vitam
672 1214 759 1270 vel
783 1210 1150 1287 sapientiam.
1182 1210 1605 1287 velrationem.
1638 1212 2031 1273 Generaiiores
2059 1211 2277 1287 scilicet
2307 1211 2691 1287 providentiae
2724 1219 2883 1268 vocat
2911 1227 3052 1284 quas
3079 1212 3427 1287 inpluribus
3455 1210 3805 1287 Contempla-

439 1296 592 1350 mur,
625 1294 685 1342 ut
715 1287 819 1342 vita
851 1282 1109 1357 pervadit
1139 1287 1197 1343 in
1230 1286 1432 1355 stirpes
1462 1295 1516 1344 et
1545 1289 1862 1344 animantes
1891 1294 2010 1357 tum
2040 1284 2280 1341 rationis
2310 1282 2612 1357 participes
2656 1289 2778 1340 tum
2808 1282 3262 1355 non'participes
3296 1303 3310 1352 ;
3358 1287 3633 1357 sapientia
3667 1282 3800 1347 v'ero

437 1363 491 1411 et
521 1358 663 1428 ratio
692 1355 1025 1428 pauciorum
1054 1367 1229 1416 sunt:
1263 1358 1374 1414 haec
1402 1358 1552 1415 enim
1585 1359 1772 1416 solum
1801 1358 1862 1413 in
1898 1355 2123 1428 ratione
2157 1355 2449 1428 utentibus
2464 1363 2814 1428 cernuntur.

506 1427 535 1496 §
578 1424 936 1501 ‘lIICVerum.
968 1429 1107 1487 dicet
1158 1430 1379 1500 aliquis.
1412 1446 1526 1487 cum
1575 1444 1668 1488 ens
1695 1444 1864 1501 quam
1919 1427 2048 1501 vito,
2086 1436 2220 1501 etc:_
2256 1427 2385 1484 Nota
2416 1427 2512 1483 hic
2558 1439 2690 1483 cum
2720 1426 2787 1483 D.
2838 1424 3069 1501 lI_‘homa.
3105 1426 3221 1492 1-2,
3253 1437 3448 1501 quaest.
3504 1430 3557 1496 2,
3600 1440 3705 1489 art.
3739 1433 3798 1501 5,

443 1498 596 1573 quod
626 1514 751 1557 esse
771 1499 1104 1573 simpliciter
1129 1498 1453 1572 acceptum,"
1479 1498 1798 1559 secundum
1824 1498 1974 1573 quod
2008 1498 2250 1557 includit
2294 1504 2356 1573 in
2385 1513 2445 1555 se
2489 1512 2717 1554 omnem
2746 1498 3145 1573 perfectionem
3175 1498 3425 1573 essendi,
3458 1498 3797 1572 praeeminet

443 1570 588 1639 vitae,
620 1579 674 1645 et
697 1570 965 1631 omnibus
995 1570 1438 1644 periei-tionibus
1466 1572 1946 1645 subsequentibus
1977 1574 2085 1641 (sic
2112 1573 2264 1645 enim
2318 1570 2510 1645 ipsum
2537 1584 2662 1626 esse
2692 1570 2975 1639 praahabet
3004 1570 3061 1626 in
3106 1586 3164 1628 se
3187 1574 3376 1645 omnia
3412 1570 3556 1631 bona
3591 1576 3802 1632 subse-

443 1644 674 1718 quentia
692 1658 712 1713 ;
759 1653 813 1701 et
843 1645 950 1702 hoc
981 1642 1147 1718 modo
1177 1646 1484 1716 Dionysius
1512 1642 1810 1718 loquitur).
1842 1643 1940 1701 sed
1964 1645 2008 1701 si
2037 1643 2452 1718 _copsi_deretur
2498 1642 2686 1718 ipsum
2716 1655 2852 1718 esse
2873 1650 3036 1711 prout
3070 1642 3439 1718 participatur
3475 1647 3531 1702 in
3566 1646 3673 1718 hac
3708 1648 3796 1705 vel

438 1710 537 1770 illa
567 1728 629 1770 re
659 1710 795 1789 quae
814 1730 926 1773 non
960 1717 1200 1787 capiunt
1228 1710 1397 1776 tota'm
1422 1710 1829 1789 perfectionem
1852 1714 2099 1784 essendi,
2134 1714 2233 1789 sed
2260 1713 2473 1789 habent
2496 1727 2620 1770 esse
2641 1710 3213 1789 imperie’ctumsicut
3234 1710 3327 1789 esi
3335 1730 3464 1789 esse
3488 1716 3804 1789 cujuslibet

437 1783 731 1867 creeturae;
754 1788 834 1867 sic
858 1783 1218 1867 manifestum
1242 1783 1503 1867 estquod
1522 1790 1709 1867 ipsum
1743 1803 1863 1867 esse
1880 1801 2026 1867 cum_
2036 1783 2404 1867 perfectione.
2413 1784 2780 1867 superaddita
2812 1783 3287 1867 sitemip-entius.‘
3304 1786 3466 1867 Unde
3487 1783 3799 1867 Dionysius

436 1854 645 1930 ibidem
679 1860 831 1921 dicit.
868 1861 1022 1930 quod
1052 1861 1290 1918 viventia
1338 1854 1451 1919 sint
1483 1854 1713 1917 meliora
1767 1854 2160 1922 existentibus,
2194 1868 2247 1915 et
2274 1855 2646 1930 intelligentia
2674 1856 3013 1930 viventibus.
3047 1856 3166 1913 Hoc
3199 1858 3352 1914 enim
3383 1860 3616 1917 interest
3638 1854 3798 1920 inter

434 1925 587 2003 ipsas
611 1929 710 1986 Dei
742 1925 1225 2003 participationes.
1260 1944 1313 1990 et
1348 1934 1770 2003 participantes,
1801 1931 1953 2002 quod
1974 1928 2330 2003 participatio
2358 1925 2572 1999 quanto
2602 1925 2920 2003 simplicior
2942 1935 3047 1991 est,
3083 1936 3237 1985 tanto
3270 1930 3519 2003 nobilior
3542 1934 3637 1996 sit;
3662 1947 3797 2002 par-

434 1998 674 2070 ticipans
724 1997 855 2075 vero
883 1997 1096 2072 quanto
1128 1997 1401 2075 majorem
1451 1997 1618 2061 habet
1648 1997 2119 2075 conipositio'nem
2167 1997 2450 2075 donorum
2482 1997 2968 2075 participaiorum,
3007 2008 3162 2075 tanto
3210 2000 3463 2075 nobilius
3491 2004 3602 2075 sit:
3652 1997 3803 2062 sicut

439 2069 562 2126 esse
593 2080 678 2129 est
706 2069 955 2132 nobilius
983 2090 1152 2145 quam
1182 2069 1396 2141 vivere,
1428 2086 1482 2131 et
1513 2075 1699 2131 vivere
1726 2069 1896 2145 quam
1928 2072 2262 2145 intelligere,
2296 2072 2545 2145 sianum
2577 2069 2701 2127 sine
2733 2069 2909 2128 altero
2940 2071 3292 2141 intelligatur
3312 2072 3610 2144 (omnibus
3640 2077 3796 2132 enim

443 2155 569 2217 esse
598 2142 1043 2217 piaeligeretur)
1073 2147 1169 2203 sed
1200 2148 1350 2217 quod
1381 2147 1547 2203 habet
1579 2142 1758 2209 plura‘
1774 2160 1841 2201 ex
1875 2146 1986 2209 his,
2032 2144 2240 2201 melius
2268 2142 2479 2200 existit.

513 2214 541 2282 ἕ
595 2214 685 2289 Ν.
718 2213 939 2275 Αᾶἱειθ
983 2213 1152 2275 verba
1180 2240 1192 2272 :
1219 2213 1345 2274 'Est
1367 2232 1486 2274 vere
1517 2218 1729 2289 effector
1783 2217 2099 2282 existentioe,
2127 2230 2395 2289 personis,
2427 2213 2746 2289 substantiae
2792 2218 3024 2278 natura,
3059 2222 3192 2289 nota
3226 2230 3297 2289 ex
3343 2214 3402 2271 D.
3445 2215 3701 2289 _Thoma,
3732 2236 3794 2278 ea

441 2296 564 2353 quae
585 2286 836 2345 existunt
857 2289 1204 2346 considerari
1238 2306 1401 2361 posse
1424 2301 1476 2346 et
1507 2284 1569 2345 ut
1590 2289 1923 2359 singularia,
1947 2298 2001 2345 et
2032 2298 2090 2344 ut
2121 2284 2339 2357 species
2370 2286 2697 2361 vel_genus,_
2712 2294 2766 2342 et
2798 2296 2858 2361 ut
2886 2284 3514 2361 naturaiVerbigratla,
3538 2284 3800 2349 Socrates

437 2364 521 2432 est
554 2372 812 2432 persona,
843 2361 1015 2419 homo
1045 2355 1277 2425 animai,
1309 2362 1526 2432 species
1556 2369 1611 2417 et
1641 2355 1839 2431 genus,
1878 2355 1997 2430 quae
2028 2355 2297 2429 potestate
2329 2358 2622 2414 continent
2654 2355 2988 2432 singularia,
3028 2358 3175 2432 quia
3200 2369 3437 2425 possunt
3468 2364 3705 2431 cogitari
3738 2364 3799 2420 in

431 2427 841 2502 singularibus:
872 2433 1197 2490 humanitas
1221 2427 1547 2500 estriatura,
1574 2427 1699 2502 quae
1723 2446 1829 2489 nec
1850 2427 1978 2488 actu
1996 2427 2182 2500 neque
2214 2438 2489 2498 potestate
2518 2429 2771 2502 continet
2794 2428 3128 2499 singularia:
3164 2430 3353 2500 itaque
3384 2427 3567 2488 homo
3589 2448 3800 2490 secun-

434 2499 570 2556 dum
628 2502 1001 2561 substantiam
1032 2514 1250 2561 constat
1281 2519 1352 2561 ex
1383 2499 1733 2561 humanitate
1763 2518 1891 2573 quae
1922 2512 2005 2559 est
2048 2499 2298 2558 hOminis
2327 2507 2559 2573 natura,
2585 2499 2751 2570 cujus
2782 2511 2979 2573 partes
3019 2508 3151 2556 sunt
3183 2499 3392 2571 corpus
3420 2512 3475 2559 et
3504 2505 3691 2560 anima
3734 2509 3795 2563 in

435 2574 741 2646 universali
772 2590 790 2642 ;
821 2576 1137 2633 secundum
1169 2577 1527 2634 existentiam
1574 2572 1795 2633 constat
1825 2589 1893 2630 ex
1924 2576 2032 2631 hoc
2079 2586 2318 2646 corpore
2347 2581 2401 2628 et
2450 2586 2520 2628 ex
2550 2572 2655 2646 hac
2685 2575 2902 2646 anima.
2935 2572 3145 2646 Natura
3187 2576 3413 2641 generis
3444 2574 3532 2629 vel
3563 2578 3796 2646 speciei,

435 2643 493 2699 id
522 2651 608 2702 est
636 2646 994 2713 universalis,
1035 2663 1095 2704 ea
1129 2657 1347 2705 tantum
1391 2656 1519 2705 actu
1550 2647 1803 2704 continet
1832 2662 1953 2717 quae
1986 2648 2041 2701 in
2076 2644 2460 2701 deﬁnitionem
2505 2644 2735 2717 cadunt,
2768 2652 2829 2700 ut
2861 2644 3188 2717 humanitas
3236 2660 3363 2713 quae
3396 2660 3511 2702 non
3543 2643 3800 2705 continet

433 2726 559 2790 actu
593 2731 795 2790 carnes
833 2728 885 2776 et
917 2734 1063 2783 ossa,
1101 2735 1223 2790 quae
1254 2733 1367 2776 non
1401 2720 1611 2776 cadunt
1639 2718 1697 2776 in
1730 2715 2136 2790 deﬁnitionem,
2171 2717 2318 2772 sicut
2350 2717 2601 2790 continet
2648 2715 2817 2772 homo
2850 2735 2863 2780 ;
2901 2717 3033 2785 quia
3073 2716 3504 2790 notiohominis
3529 2718 3800 2778 abstrahit

429 2786 500 2860 ab
531 2788 678 2855 istis,
713 2789 859 2845 sicut
905 2786 1181 2847 abstrahit
1209 2790 1365 2848 notio
1397 2789 1761 2846 humanitatis
1796 2809 1810 2853 ;
1847 2788 2097 2845 continet
2123 2796 2318 2860 tamen
2379 2789 2623 2860 poteniia
2660 2801 2862 2860 carnes
2894 2795 2946 2841 et
2976 2801 3124 2851 ossa,
3157 2787 3289 2858 quia
3323 2798 3506 2859 potest
3556 2791 3793 2860 cogitari

428 2857 755 2933 humanitas
783 2861 842 2918 in
876 2863 1108 2919 nomine
1135 2861 1572 2933 universali-qui
1602 2861 1871 2933 deﬁnitur
1898 2878 1911 2923 ;
1950 2858 2230 2930 principia
2262 2868 2449 2933 autem
2481 2858 2755 2915 individui
2789 2873 2974 2933 neque
3004 2866 3152 2933 actu,
3177 2857 3362 2933 neque
3385 2857 3801 2929 potentia‘con-

429 2931 602 2996 tinet;
636 2933 987 2991 humanitate
1017 2936 1170 2989 enim
1204 2940 1290 2990 est
1321 2930 1528 2992 homo’;
1568 2932 1665 2989 sed
1695 2946 1811 2989 non
1841 2939 1941 2995 est,
1977 2945 2163 3001 neque
2191 2930 2427 3000 cogitari
2459 2939 2642 2997 potest
2658 2944 2781 2986 esse
2817 2930 3159 2986 humanitate
3191 2930 3285 2986 hic
3311 2933 3503 2989 homo.
3527 2933 3608 2989 Ad
3638 2933 3796 2991 hunc

432 3001 661 3076 modum
718 3018 778 3061 se
808 3005 1015 3061 habent
1047 3017 1149 3075 per
1180 3020 1240 3061 se
1266 3003 1644 3076 participatio,
1678 3002 2053 3076 pariicipatio,
2086 3010 2141 3059 et
2198 3004 2325 3076 haec
2348 3002 2821 3076 part_icipatio,_ut
2852 3016 2904 3058 ν.
2937 3016 2991 3070 g.
3027 3015 3125 3071 per
3157 3016 3227 3076 se
3268 3004 3398 3068 vita,
3436 3006 3565 3064 vita.
3595 3015 3646 3060 et
3677 3006 3800 3063 haec

433 3072 581 3147 vita,
603 3073 706 3147 Per
737 3089 797 3130 se
828 3076 933 3130 vita
966 3071 1228 3133 naturam
1260 3071 1388 3132 vitae
1418 3071 1720 3147 signiﬁcat,
1755 3074 1807 3131 id
1841 3083 1926 3130 est
1952 3090 2015 3130 ea
2075 3088 2196 3144 qua:
2226 3072 2433 3147 cadunt
2466 3071 2631 3147 ind:
2657 3073 2971 3147 finitionem
3003 3076 3145 3147 vitta.
3186 3071 3307 3147 Vita
3343 3084 3426 3147 est
3474 3077 3799 3134 universale

430 3145 662 3214 speciei,
694 3155 757 3203 ut
782 3147 890 3203 vita
925 3147 1248 3217 hominum,
1277 3148 1385 3203 vita
1420 3144 1549 3218 eq'ui
1589 3167 1601 3209 ;
1636 3146 1723 3201 vel
1755 3147 2073 3203 universale
2105 3145 2353 3216 generis,
2382 3152 2442 3199 ut
2495 3146 2601 3200 vita
2637 3145 2841 3215 angeli
2873 3144 3141 3218 hominis.
3173 3145 3326 3218 equi.
3362 3146 3423 3202 Et
3454 3147 3602 3218 sicut
3633 3147 3779 3205 Deus

430 3224 518 3288 esi
543 3226 742 3274 auctor
771 3232 871 3288 per
890 3233 951 3275 se
976 3216 1247 3282 hominis,
1278 3219 1336 3275 id
1363 3228 1448 3275 est
1473 3216 1893 3286 humanitatis,
1915 3227 2016 3281 est,
2038 3220 2291 3286 inquam,
2322 3230 2512 3288 causa,
2546 3224 2608 3274 ut
2635 3228 2834 3273 natura
2863 3216 3110 3272 hominis
3136 3217 3208 3273 sit
3238 3232 3359 3274 esse
3387 3217 3597 3274 animal
3621 3223 3799 3277 ratio-

426 3285 556 3343 nale
588 3289 731 3357 (hmc
765 3285 920 3347 enim
949 3292 1199 3348 continet
1231 3290 1571 3355 humanitas)
1618 3298 1670 3347 et
1701 3285 1899 3347 auctor
1929 3285 2198 3351 hominis,
2240 3297 2293 3345 et
2347 3286 2518 3357 hujus
2549 3288 2801 3344 hominis
2832 3305 2846 3350 ;
2903 3288 2985 3342 sic
3018 3300 3188 3343 causa
3220 3298 3304 3344 est
3336 3303 3435 3358 per
3463 3303 3526 3345 se
3560 3291 3703 3355 vitae,
3737 3301 3794 3349 et

428 3358 571 3434 vitai,
604 3369 657 3418 et
685 3360 855 3434 hujus
898 3363 1024 3419 vitae
1069 3363 1170 3419 Per
1200 3377 1259 3419 se
1280 3362 1389 3419 vita
1418 3377 1532 3419 non
1564 3373 1646 3419 est
1673 3361 1900 3434 proprie
1941 3369 1992 3434 et
2024 3372 2155 3434 vere
2185 3374 2288 3416 ens
2309 3359 2650 3434 subsistens.
2687 3358 3168 3434 utshomo,_iapis,
3201 3359 3350 3434 sicut
3373 3374 3559 3431 neque
3586 3362 3799 3434 huma-

426 3430 594 3515 nitas;
617 3432 714 3488 sed
729 3429 859 3515 quo
880 3434 1095 3515 aliquid
1122 3442 1224 3515 est,
1242 3443 1431 3515 tit-per
1454 3448 1513 3515 se
1532 3434 1638 3490 vita
1667 3429 1883 3515 vivens,
1908 3433 2055 3515 sicut
2082 3430 2438 3515 humanitate
2471 3430 2662 3515 homo.
2679 3429 2902 3515 ibidem
2925 3447 2936 3485 :
2961 3430 3107 3486 Deus
3120 3430 3278 3514 enim
3299 3446 3406 3515 non
3433 3429 3621 3515 quouis
3641 3435 3797 3490 modo

428 3508 503 3558 est
518 3520 636 3576 rem,
652 3504 744 3560 sed
763 3501 1082 3575 simpliciter
1101 3511 1151 3561 et
1167 3505 1381 3576 infinite
1409 3512 1567 3560 totum
1586 3521 1694 3562 csso
1715 3505 1770 3560 in
1795 3520 1850 3561 se
1872 3508 2200 3575 complexus.
2216 3502 2351 3568 Quia
2376 3502 2642 3559 omnibus
2663 3502 2758 3559 dat
2772 3516 2917 3570 esse,
2932 3516 3034 3571 per
3046 3501 3270 3576 spiesse
3286 3501 3795 3576 participationem,

429 3580 485 3630 et
511 3575 633 3653 ipse
661 3574 944 3653 estomnia
960 3574 1275 3653 secundum
1295 3587 1720 3653 causam,e_t_s_uo
1744 3591 1867 3653 esse
1881 3574 2066 3653 omtjia
2083 3590 2203 3644 quae
2216 3582 2428 3653 su_nt,et
2440 3576 2956 3653 quomodoeupqiie
2968 3574 3506 3653 supt,iacit__esse;_sic
3521 3584 3605 3653 est
3623 3590 3795 3634 causa

430 3646 660 3714 proprie
673 3647 1687 3717 absoluta,etincircumscripta.Vide
1708 3650 1812 3703 hac
1825 3647 1893 3702 de
1905 3662 1966 3704 re
1981 3648 2102 3703 fuse
2114 3661 2178 3701 ac
2192 3646 2429 3716 pulchre
2449 3646 2712 3703 Lessium
2727 3645 3358 3716 lih.IDeperfectionibus
3370 3647 3720 3717 divinis,cap.
3741 3652 3793 3704 1.

495 3718 522 3798 _§
549 3717 635 3774 Vl.
670 3718 921 3775 Primum
948 3720 1124 3791 igitur
1150 3720 1345 3776 donum
1367 3736 1470 3802 per
1498 3737 1549 3774 se
1579 3735 1705 3776 esse.
1744 3719 2049 3799 Dionysius
2077 3718 2172 3773 hic
2218 3731 2521 3841 aggressus
2547 3717 2830 3799 disserere
2861 3718 3176 3788 generatim
3208 3718 3265 3772 in
3297 3719 3615 3776 substantia
3647 3718 3790 3776 sim-

495 3789 669 3841 tciter.
700 3798 753 3841 et
783 3790 837 3841 in
872 3790 1305 3841 participatione
1335 3790 1686 3841 simpliciter.
1721 3798 1969 3841 tractavnt
2004 3799 2055 3841 et
2085 3798 2244 3841 osten
2293 3798 2332 3841 tt
2376 3801 2537 3841 prius
2568 3787 2793 3841 quidem
2830 3797 3094 3841 ooortere
3125 3802 3247 3841 esse
3272 3789 3614 3841 subiectum.
3639 3792 3790 3841 σηοῐί

427 3786 669 3862 pliciter.
698 3798 753 3862 et
783 3790 837 3862 in
872 3786 1305 3858 participatione
1335 3786 1695 3862 simpliciter,
1721 3786 1969 3862 tractavit
2004 3799 2055 3862 et
2085 3786 2332 3862 ostendit
2376 3789 2537 3856 prius
2568 3787 2793 3862 quidem
2830 3786 3094 3862 oportere
3125 3802 3247 3845 esse
3272 3789 3614 3862 subiectum,
3639 3792 3795 3862 quod

428 3860 657 3928 quidem
682 3859 1139 3933 dixit,antiquius
1160 3877 1282 3917 esse
1308 3863 1406 3917 Dei
1430 3859 1878 3933 donum.deinde
1901 3859 2416 3933 participationem,
2451 3859 2756 3933 quaeinillo
2778 3859 3033 3933 subjecto
3052 3860 3192 3933 facta
3219 3868 3319 3933 est.
3355 3859 3791 3933 PrOposita'igi-

428 3939 521 4003 iur
565 3931 748 4003 estad
786 3930 1272 4003 participationem
1304 3932 1766 4002 participantium
1796 3945 1897 4003 per
1920 3947 1981 3987 se
2038 3931 2352 4003 substantia
2387 3946 2400 3985 :
2444 3930 2595 3999 quod
2628 3930 2863 4003 perinde
2907 3939 3013 3991 est,
3052 3939 3113 3988 ut
3142 3932 3189 3986 si
3222 3930 3442 3988 dicatur
3473 3930 3791 3992 substantia

428 4001 569 4075 iacta
603 4002 672 4059 ad
718 4001 1209 4075 participationem
1243 4021 1257 4068 ;
1287 4006 1396 4060 nisi
1431 4006 1583 4060 enim
1616 4002 1986 4059 substantiam
2036 4002 2528 4075 participaremas,
2563 4001 2787 4075 penitus
2815 4001 3102 4075 inrerum
3133 4012 3336 4059 natura
3369 4016 3484 4061 non
3515 4018 3791 4063 essemus.

426 4071 734 4146 Deinceps,
756 4075 865 4145 ipsi
898 4071 1224 4134 substantia:
1254 4076 1405 4133 facta:
1433 4076 1504 4131 ad
1538 4074 1872 4144 capiendam
1906 4071 2395 4143 participationem
2436 4071 2559 4146 elige
2589 4072 3389 4146 participationespropositas
3420 4084 3572 4132 sunt.

503 4144 717 4203 Ibidem
747 4144 1011 4222 {Omnia
1038 4163 1356 4222 quiscunque
1397 4151 1547 4217 sunt,
1579 4153 1631 4222 et
1655 4161 1769 4222 quia
1795 4145 2264 4217 quomodocunque
2306 4149 2456 4222 ξαῃε.
2489 4144 2559 4201 Ut
2588 4158 2712 4216 quae
2768 4153 2902 4202 sunt
2938 4146 2993 4222 in
3029 4144 3136 4222 alio
3168 4148 3313 4202 sicut
3366 4146 3711 4222 accidentia,
3744 4157 3806 4207 et

430 4231 552 4291 quae
582 4218 803 4291 suntin
834 4214 1105 4291 potentia,
1149 4228 1203 4277 et
1233 4214 1913 4291 q'uzesunt’priiatione5,
1937 4227 1991 4273 et
2023 4231 2150 4291 qua
2170 4214 2294 4271 'non
2320 4214 2528 4291 habent
2555 4214 2734 4291 totum
2750 4216 3099 4291 essesimul,
3131 4225 3193 4274 ut
3224 4225 3412 4291 motus
3436 4225 3569 4291 sunt
3593 4218 3649 4275 in
3680 4219 3803 4279 Deo

430 4285 929 4362 incomprehen'se.
962 4292 1017 4349 in
1053 4285 1113 4348 se
1142 4285 1331 4348 autem
1356 4289 1514 4347 finite
1535 4285 1638 4362 {in
1666 4303 1727 4347 se
1757 4288 1955 4353 multa,
1992 4285 2057 4343 in
2083 4288 2194 4343 Deo
2223 4301 2395 4343 unum
2422 4306 2434 4352 ;
2467 4288 2522 4342 in
2553 4302 2611 4362 se
2646 4285 2848 4362 divisa.
2881 4287 3084 4362 insDeo
3117 4289 3405 4362 copulata.
3435 4288 3580 4362 Sunt
3607 4291 3801 4362 itaque

429 4360 928 4433 incomprehepse,
960 4374 1012 4420 et
1042 4363 1443 4433 coniunctast
1472 4360 1639 4433 unice
1670 4376 1760 4433 res
1790 4374 1990 4417 omnes
2020 4372 2378 4433 quascunque
2413 4369 2546 4433 sunt
2576 4360 2638 4416 in
2670 4360 2787 4417 Deo
2808 4376 2826 4430 ς
2860 4360 3000 4433 quia
3024 4366 3159 4417 sunt
3190 4362 3308 4433 ipsa
3337 4360 3799 4433 tiii'inaessentia

428 4429 1049 4502 incomprehensibilis,
1083 4429 1264 4500 Pater,
1300 4432 1479 4492 Filius
1519 4441 1571 4490 et
1599 4431 1843 4503 Spiritus
1874 4429 2104 4489 sanctus
2142 4431 2202 4487 in
2236 4443 2416 4487 unum
2455 4429 3121 4502 incomprehensibiliter
3158 4432 3327 4489 uniti.
3364 4429 3501 4490 Vide
3537 4432 3802 4492 Lessium

428 4516 599 4560 suura
631 4505 884 4560 citatum.
920 4514 972 4560 et
1002 4506 1185 4560 capite
1212 4505 1245 4559 ιι
1277 4512 1333 4560 et
1367 4504 1421 4560 5.

427 4516 599 4570 supra
631 4505 884 4570 citatum,
920 4514 972 4561 et
1002 4506 1185 4570 capite
1212 4505 1245 4559 ιι
1277 4512 1333 4561 et
1367 4505 1421 4560 5.

501 4516 599 4572 pra
631 4516 884 4570 citatum,
920 4516 972 4561 et
1002 4516 1185 4576 capite
1212 4516 1245 4559 ιι
1277 4516 1333 4561 et
1367 4516 1421 4560 δ.

497 4576 660 4649 435
691 4575 718 4645 §
748 4575 890 4649 Vill,
923 4576 1056 4633 Nota
1091 4577 1184 4633 illa
1217 4575 1388 4649 verba
1415 4592 1427 4632 :
1457 4572 1636 4649 Ipsius
1661 4578 1740 4649 est
1770 4574 2023 4639 essentia,
2044 4577 2101 4649 et
2127 4573 2411 4649 nonipse'
2430 4572 2669 4649 essentia:
2689 4590 2712 4641 ;
2743 4572 2885 4649 et_iii
2909 4573 3027 4644 ipso
3052 4578 3134 4649 est
3154 4572 3465 4649 eminentia,
3492 4579 3668 4649 etnon
3694 4575 3808 4649 ipse

428 4645 491 4702 in
520 4644 803 4704 existeittia
831 4664 856 4714 ;
886 4652 1045 4719 atque
1088 4649 1259 4719 ipsum
1296 4646 1453 4704 habet
1477 4644 1788 4719 euidentia,
1819 4652 1868 4719 et
1898 4660 2005 4701 non
2035 4644 2327 4719 ipre_hal)e_t
2378 4644 2739 4719 eaistentiam.
2781 4645 3101 4719 Existentia
3130 4646 3285 4719 enim
3320 4647 3489 4719 habet
3517 4644 3727 4713 Deum;
3748 4655 3811 4707 ut

430 4718 707 4790 consistat
738 4718 857 4789 ipsa
904 4714 1223 4790 eiisten'tia,
1251 4719 1406 4790 sicut
1429 4717 1758 4790 qpishahet
1785 4718 1955 4790 vitam
1985 4714 2061 4790 ad
2083 4714 2204 4790 sui_
2224 4716 2591 4790 existentiams
2617 4734 2631 4782 ;
2665 4730 2780 4790 non
2798 4722 2998 4774 ‘autem
3029 4716 3296 4790 sic_D_eus
3344 4718 3521 4790 habet
3552 4719 3805 4777 existen-

432 4789 588 4856 tiam,
620 4799 680 4846 ut
713 4786 811 4861 per
843 4786 1215 4848 existentiam'
1237 4791 1328 4847 sit.
1380 4786 1535 4847 Sicut
1566 4788 1736 4861 igitur
1766 4788 2063 4847 existentia
2090 4786 2284 4861 habet
2313 4787 2515 4861 Deum,
2549 4786 2631 4861 sic
2664 4789 2959 4861 existentia
2993 4796 3075 4845 est
3104 4787 3229 4858 Dei,
3261 4788 3391 4860 quia
3424 4789 3494 4861 ab
3525 4790 3652 4861 ipso
3682 4807 3808 4849 ma-

426 4863 568 4930 nat;
598 4870 650 4919 et
682 4857 911 4942 u't.Deus
940 4876 1057 4921 non
1093 4863 1260 4920 liabet
1283 4862 1366 4918 sic
1395 4857 1751 4919 existentiam
1784 4868 1846 4918 ut
1877 4874 1977 4931 per
2015 4857 2369 4917 existentiam
2402 4859 2495 4931 sit,
2526 4859 2609 4916 sic
2652 4873 2838 4931 neque
2868 4859 3020 4917 Deus
3052 4869 3136 4916 est
3169 4857 3349 4931 ipsius
3377 4857 3713 4934 existentiae,
3743 4872 3808 4922 ut

466 4945 527 4987 er
551 4947 676 4989 eam
718 4942 805 4992 ait.

424 4944 992 5079 Ρῗῖῠῗιεὶωεέιίᾼιᾳωθ
1027 5005 1169 5079 ideo,
1202 5004 1411 5078 inquit,
1439 5003 1508 5079 ab
1536 5002 1786 5079 eioquiii
1814 5004 1905 5076 qui
1931 5017 2058 5060 vero
2094 5000 2412 5079 ρτωεπίειὸι,
2444 5003 2739 5060 secundum
2784 5002 3030 5079 omoium
3062 5016 3259 5079 eorum_
3287 5010 3567 5079 quw_aunt_
3593 5007 3808 5079 cogita-

429 5073 625 5149 tionem
654 5071 1058 5149 multiplicetur.
1102 5071 1166 5135 Id
1212 5071 1318 5145 esi,
1353 5071 1962 5149 quidquideogitetur,
1985 5083 2057 5149 ei
2082 5071 2156 5131 ad
2207 5087 2610 5149 quamcunque
2640 5089 2760 5149 rem
2796 5075 2925 5149 quis
2954 5084 3208 5149 mentem
3247 5071 3522 5149 intendat,
3555 5071 3810 5137 inveniet

427 5143 489 5201 in
524 5159 587 5202 ea
618 5143 911 5219 notionem
942 5163 1144 5206 causai.
1178 5149 1235 5206 id
1266 5143 1349 5207 eSt
1372 5143 1636 5205 auct—oris
1666 5143 1782 5202 Dei.
1833 5147 1951 5206 Hoc
1981 5144 2160 5219 igitur
2216 5143 2302 5203 est
2328 5143 2711 5217 multiplicari,
2753 5143 2910 5204 cerni
2937 5159 3069 5203 eum
3114 5148 3173 5204 in
3204 5147 3401 5205 multis
3438 5162 3691 5206 causam.
3725 5148 3806 5208 Ex

424 5224 622 5293 sancto
653 5216 894 5293 Maximo
918 5229 977 5293 et
1006 5220 1377 5293 Pachymere.

498 5287 764 5366 Ibidem;
796 5287 868 5344 Et
906 5290 967 5347 in
996 5306 1052 5348 eo
1075 5286 1295 5366 proprie
1322 5290 1635 5366 celebratur,
1677 5294 1819 5357 erat,
1849 5296 1897 5344 et
1953 5293 2050 5366 est,
2081 5296 2189 5366 etc.
2222 5286 2447 5366 Scilicet
2473 5289 2645 5366 __sicut
2674 5289 2984 5366 Dionysius
3014 5290 3269 5366 seipsum
3302 5289 3575 5362 explicat,
3606 5301 3808 5364 quate-

429 5372 542 5417 nus
574 5358 973 5435 intelliguniur
1000 5358 1275 5423 ut'De'um
1323 5363 1504 5435 decet,
1539 5371 1774 5435 eatenus
1805 5361 2034 5435 proprie
2066 5360 2335 5417 dicuntur
2367 5359 2438 5435 in
2472 5358 2603 5418 Deo.
2635 5371 2687 5417 et
2701 5363 2777 5435 _in
2800 5358 2927 5435 _Deo
2957 5358 3119 5431 sunt,
3152 5361 3209 5435 id
3242 5370 3346 5428 est,
3374 5358 3660 5435 quatenus
3698 5372 3808 5435 est,

426 5438 569 5496 erat,
601 5432 726 5498 erit,
762 5430 1101 5507 partieipant
1152 5450 1314 5494 esse:
1346 5432 1537 5507 omnia
1568 5433 1722 5490 enim
1753 5430 2087 5507 secutidums
2122 5445 2354 5507 causam
2385 5430 2656 5490 dicuntur
2682 5431 2775 5507 _d_e_
2799 5430 3028 5507 DeoLet
3057 5430 3115 5490 in
3158 5432 3271 5490 Deo
3298 5430 3459 5503 sunt,
3486 5445 3546 5507 et
3592 5430 3810 5494 intelli;

426 5511 645 5579 guntug
670 5503 1315 5579 suprasubstantiaiiter.
1359 5505 1652 5579 Quatenus
1681 5505 1929 5579 voro_sic
1971 5503 2349 5579 eccipiuptur,
2393 5509 2455 5559 ut
2504 5517 2636 5561 cum
2666 5504 2895 5574 dicitur,
2930 5504 3083 5562 Deus
3108 5514 3212 5571 est,
3247 5514 3388 5576 erat,
3418 5506 3547 5577 erit,
3578 5508 3809 5579 signiﬁ-

428 5582 587 5647 ceiur
610 5574 789 5647 Deum
821 5578 1165 5647 participare
1194 5592 1339 5645 esse,
1372 5575 1559 5647 aliena
1590 5585 1722 5633 sunt
1754 5592 1783 5633 a
1812 5575 1951 5633 Deo.
1980 5576 2062 5633 Ita
2105 5574 2504 5647 Pachymeres.

500 5644 841 5733 lb.idem:Es't
862 5644 1047 5705 omnia
1066 5648 1277 5733 ﬁgurat,
1299 5644 1463 5732 omnis
1482 5646 1701 5733 Corma,
1726 5648 1843 5731 siue
1858 5648 2059 5720 forma,
2080 5646 2201 5733 sine
2212 5644 2642 5733 pulchritudirie.
2671 5648 2721 5706 S.
2755 5648 3054 5733 Maximus,
3067 5656 3268 5707 contra
3293 5647 3461 5733 illud,
3483 5647 3811 5733 inquines”

424 5717 594 5775 omnis
622 5719 820 5793 ﬁgura:
848 5717 1148 5793 opposuit
1176 5717 1286 5782 esse
1341 5722 1455 5777 sine
1482 5717 1690 5791 forma,
1712 5717 1867 5790 quia
1903 5734 2075 5793 supra
2118 5719 2519 5793 incorporeum
2549 5728 2603 5776 et
2631 5733 2800 5793 supra
2835 5717 3183 5780 vacationem
3215 5722 3485 5789 materiae,
3518 5717 3633 5780 non
3685 5723 3807 5780 ior-

428 5796 614 5847 matus
638 5790 707 5848 ad
763 5790 1074 5867 quidquam
1104 5810 1304 5857 eorum
1333 5808 1460 5869 quae
1493 5799 1627 5850 sunt
1654 5811 1669 5860 ;
1702 5800 1899 5852 contra
1929 5790 2069 5852 illud
2120 5804 2253 5849 vero
2283 5790 2457 5848 omnis
2485 5791 2677 5862 formai
2704 5790 2801 5851 seu
2833 5792 3023 5866 speciei
3049 5793 3320 5867 opposuit
3372 5808 3483 5852 esse
3511 5794 3627 5852 sine
3677 5794 3806 5868 pul-
