4156 6156
325 400 442 469 833
765 400 866 469 DE
910 405 1205 471 DIVINIS
1250 386 1701 485 NOMINIBUS,
1747 384 1913 467 CAP.
1958 402 2038 465 v.
2100 436 2177 449 —
2242 395 2630 467 PARAPHR.
2684 360 3194 465 PACHYMERE.
3585 383 3699 463 834

324 560 402 596 νει
454 539 613 601 πάλιν
645 542 722 614 μὴ
775 541 854 602 ὅν.
889 546 975 599 Τῶ
1018 540 1072 598 δὲ
1105 541 1181 617 μὴ
1210 540 1345 615 ὄντι,
1375 541 1491 604 πῶς
1521 540 1763 605 ἐκταθείη
1795 541 1855 596 τὸ
1883 540 1963 614 ὃν,

2132 537 2273 599 458
2296 537 2636 619 pertingere
2666 539 2739 600 ad
2773 555 2845 601 ea
2874 555 3009 615 quae
3036 544 3175 598 sunt
3204 543 3263 598 et
3293 552 3362 599 ea
3400 553 3532 617 quae
3570 553 3693 597 non

325 631 412 685 καὶ
452 642 608 704 μενεῖ
638 630 714 705 μὴ
776 632 836 686 ’ὃν
887 629 1069 706 πάλιν,
1103 637 1256 688 10610
1315 629 1491 697 πάντη
1548 635 1654 685 τῶν
1686 626 1963 691 ἀδυνάτων

2060 635 2217 703 sunt,
2242 625 2303 689 in
2335 634 2472 689 ente
2497 633 2694 689 autem
2714 627 2828 689 hoc
2850 644 2969 687 non
2988 624 3156 700 dicit,
3189 624 3292 687 sed
3309 633 3530 687 tantum
3565 641 3696 705 per-

325 717 608 799 Ἀσφαλῶς
669 722 795 797 γοῦν
829 722 1000 787 τίθησι
1055 722 1218 777 ταῦτα
1249 722 1276 776 ὁ
1320 720 1493 798 ἅγιος.
1534 710 1759 795 Ὁμοίως
1811 721 1898 776 καὶ
1939 722 1963 785 ἦ

2059 718 2289 796 tingere
2328 716 2404 780 ad
2456 735 2525 778 ea
2572 735 2704 794 quae
2756 717 3044 779 existunt?
3084 713 3297 796 Utique
3345 714 3689 789 dicendum,

320 815 417 878 τῆς
475 809 613 881 ζωῆς
668 810 926 885 ὄνομασία
980 812 1072 866 106
1126 809 1325 889 ἀγαθοῦ
1371 817 1500 867 Θεοῦ
1551 811 1624 875 εἷς
1681 808 1852 866 πάντα
1913 810 1963 867 τὲ

2057 826 2165 871 ens
2195 806 2432 890 quidem
2465 805 2685 868 bonum
2732 806 2952 870 factum
3006 821 3252 866 manere
3281 820 3697 884 saepenumero

320 906 491 972 ζῶντα
549 898 859 980 ἐκτείνεται,
920 901 1009 956 καὶ
1050 900 1180 973 ὑπὲρ
1235 900 1400 960 ταῦτά
1457 899 1590 976 ἐστι,
1644 901 1731 956 καὶ
1784 901 1818 967 ἡ
1872 904 1971 968 τῆς

320 991 505 1070 σοφίας
550 990 622 1054 εἷς
679 990 851 1047 πάντα
887 990 953 1046 τὰ
999 988 1194 1068 λογικὰ
1249 992 1337 1046 καὶ
1397 990 1572 1069 νοερὰ,
1625 990 1747 1054 τοὺς
1802 988 1968 1068 ἀγγέ-

322 1079 447 1144 λους
507 1080 670 1161 φημὶ,
702 1081 789 1135 καὶ
848 1079 1149 1158 αἰσθητιοιὰ,
1183 1078 1429 1146 δηλονότι
1459 1080 1552 1143 τὰς
1585 1080 1720 1155 μετὰ
1776 1080 1968 1154 σώμα-

318 1191 408 1235 τος
469 1170 656 1249 ψυχης
688 1169 1002 1243 ἐκτείνεται,
1049 1170 1135 1226 καὶ
1163 1170 1294 1248 ὑπὲρ
1345 1170 1509 1229 ταῦτά
1563 1172 1698 1229 ὶστι.
1746 1169 1858 1248 Χρὴ
1914 1167 1969 1225 δὲ

319 1261 529 1339 εἰδέναι,
572 1260 657 1317 ὅτι
708 1260 832 1317 ὅταν
867 1262 983 1339 περὶ
1032 1259 1276 1340 ἀγγελαν
1304 1262 1393 1317 καὶ
1448 1260 1735 1340 ἀνθρώπων
1792 1260 1968 1335 μόνων

318 1354 470 1433 φησὶ,
502 1352 624 1413 τοὺς
678 1349 936 1429 ἀγγέλους
980 1350 1203 1418 νοητούς
1260 1374 1417 1431 φησι,
1463 1352 1557 1415 τὰς
1596 1348 1650 1406 δὲ
1707 1351 1969 1429 ἡμετέρας

321 1443 504 1521 ψυχὰς
547 1442 751 1518 νοεροὶςο
786 1451 874 1501 νῦν
929 1440 983 1497 δὲ
1015 1439 1201 1508 ἐπειδὴ
1244 1463 1363 1518 ⁶τιερι
1422 1447 1553 1498 Θεοῦ
1605 1463 1788 1520 φησιν,
1822 1440 1968 1497 εἰκό-

322 1554 425 1595 τως
471 1532 560 1588 καὶ
591 1532 710 1596 τοὺς
743 1530 997 1610 ἀγγέλους
1063 1528 1178 1606 μεθ’
1213 1533 1372 1608 ἡμῶν
1416 1531 1627 1610 νοερούς
1661 1552 1844 1611 φησι),
1880 1530 1971 1587 ἅτε

320 1624 407 1679 καὶ
465 1623 649 1688 αὐτοὺς
680 1619 764 1679 διὰ
821 1628 912 1679 τοῦ
974 1633 1116 1678 νοεῖν
1176 1622 1268 1678 τὸν
1327 1623 1457 1679 Θεὸν
1512 1621 1860 1702 τρεφομένους
1904 1621 1972 1688 τῆ

323 1714 526 1792 νοήσει,
567 1713 741 1774 καθὼς
800 1712 887 1767 καὶ
939 1714 990 1767 αἱ
1049 1710 1369 1790 ἀνθρώπιναι
1431 1712 1624 1791 ψυχαί.
1687 1710 1974 1779 Αἱσθητιιιὰ

2054 917 2175 961 non
2207 915 2338 975 ens;
2370 915 2502 959 cum
2545 896 2704 959 enim
2738 893 2986 959 materia
3037 911 3274 975 quoque
3321 912 3438 957 non
3472 912 3581 956 ens
3607 892 3695 955 di.

2053 989 2456 1069 catur,utique
2481 987 2729 1049 materia
2759 1003 2998 1067 quoque
3023 983 3244 1046 bonum
3272 983 3696 1045 videbiturim-

2055 1079 2291 1160 propria
2314 1077 2545 1139 ratione
2575 1083 2824 1157 accepta
2867 1083 2928 1137 et
2958 1073 3089 1137 sine
3120 1073 3322 1135 formis
3370 1073 3693 1148 intellecta,

2052 1167 2287 1230 tametsi
2319 1186 2437 1229 non
2472 1185 2579 1247 per
2609 1185 2673 1228 se
2703 1166 3012 1247 sit,utpote
3043 1182 3077 1225 a
3107 1165 3229 1225 Deo
3258 1164 3698 1244 producta,ma-

2053 1265 2303 1338 neatque
2334 1275 2569 1319 rursum
2603 1274 2720 1318 non
2752 1253 3197 1328 ens.Qu0modo
3225 1261 3421 1316 autem
3455 1272 3561 1317 ens
3576 1272 3694 1316 non

2054 1346 2512 1410 enticoextendi
2538 1346 2815 1428 possit,et
2838 1352 3079 1408 maneat
3117 1361 3357 1407 rursum
3391 1363 3509 1407 non
3561 1363 3693 1426 ens,

2054 1438 2167 1502 hoc
2186 1438 2392 1518 utique
2422 1435 2794 1518 impossibile
2818 1443 2928 1496 est.
2956 1437 3179 1496 Secure
3208 1433 3387 1514 igitur
3416 1436 3696 1516 proponit

2056 1528 2181 1590 bzec
2211 1534 2475 1589 sanctus.
2498 1525 2784 1589 Similiter
2804 1524 2977 1586 etiam
3004 1541 3224 1586 nomen
3254 1523 3382 1586 vitae
3414 1525 3555 1587 boni
3584 1527 3696 1590 Dei

2055 1618 2126 1680 ad
2177 1617 2372 1678 omnia
2428 1617 2686 1681 viventia
2730 1614 3092 1690 extenditur,
3126 1620 3184 1675 et
3209 1631 3390 1695 supra
3419 1615 3545 1679 haec
3578 1628 3690 1695 est,

2055 1713 2138 1769 uti
2163 1715 2221 1770 et
2248 1707 2551 1787 sapientiae
2571 1707 2643 1768 ad
2684 1704 2885 1767 omnia
2917 1702 3233 1766 rationalia
3263 1714 3321 1765 et
3350 1704 3691 1785 intelligen-

321 1800 374 1858 δὲ
427 1805 636 1873 νοήσεις
666 1803 755 1857 καὶ
809 1801 876 1857 τὰ
931 1799 1126 1879 ἄλογα,
1160 1803 1235 1866 ὡς
1279 1803 1373 1860 καὶ,
1399 1802 1530 1860 αὐτὰ
1584 1802 1725 1864 θείας
1787 1800 1963 1878 σοφίας

2055 1796 2159 1872 tia,
2193 1794 2432 1875 angelos
2477 1796 2718 1877 inquam
2747 1802 2806 1856 et
2833 1793 3103 1868 sensilia,
3133 1793 3192 1856 id
3240 1801 3331 1856 est
3359 1794 3432 1858 ad
3463 1796 3695 1861 animas

322 1891 643 1971 μετέχοντα,
680 1891 732 1947 ἐν
780 1904 903 1955 ταῖς
956 1891 1212 1971 φυσικαῖς
1274 1892 1447 1947 αὐτῶν
1506 1893 1727 1967 ὁρμαῖς,
1760 1891 1833 1955 ὡς
1887 1888 1963 1945 Eni

2055 1904 2374 1966 corporeas
2403 1885 3026 1965 extenditur,etsupra
3044 1884 3171 1946 haec
3200 1884 3447 1947 eminet.
3477 1884 3692 1949 Scien~

318 1987 409 2038 106
455 1982 713 2061 ἆράχνου.
746 1981 835 2037 καὶ
882 1986 975 2037 106
1003 1981 1304 2059 μύρμηκος,
1334 1982 1421 2036 καὶ
1477 1987 1581 2037 τῶν
1616 1977 1792 2035 ἂλλων
1842 1978 1963 2057 ἐφε-

2055 1976 2194 2037 dum
2226 1993 2390 2048 vero,
2425 1974 2661 2056 quando
2695 1974 2771 2036 de
2802 1973 3038 2055 angelis
3088 1981 3147 2036 et
3176 1974 3519 2038 hominibus
3549 1977 3691 2038 solis

320 2070 412 2139 ξῆς
457 2072 626 2128 ἁπάντ
646 2093 726 2133 ev.
2054 2064 2338 2146 loquitur,
2369 2065 2565 2146 ipsum
2598 2065 2841 2143 angelos
2869 2082 3079 2127 vocare
3118 2063 3538 2145 intelligibiles,
3576 2085 3686 2128 n0-

316 2169 466 2223 stras
499 2177 642 2222 vero
672 2159 900 2222 animas
962 2158 1367 2238 intelligentes
1400 2179 1414 2232 ;
1448 2176 1607 2220 nunc
1651 2167 1846 2221 autem
1907 2175 2041 2220 cum
2102 2156 2177 2218 de
2234 2154 2357 2218 Deo
2420 2173 2618 2217 sermo
2662 2163 2777 2235 est,
2812 2154 3024 2216 merito
3071 2155 3246 2216 etiam
3280 2162 3396 2216 tam
3444 2156 3690 2235 angelos

314 2269 488 2332 quam
545 2269 654 2312 nos
696 2249 1100 2327 intelligentes
1148 2249 1471 2330 appellare,
1506 2248 1663 2328 quod
1722 2247 1899 2310 etiam
1961 2245 2075 2327 ipsi
2134 2248 2318 2307 Deum
2364 2243 2751 2323 intelligendo
2806 2243 3212 2306 intellectione
3278 2245 3535 2327 alantur,
3569 2264 3688 2308 non

314 2358 489 2404 secus
545 2359 613 2402 ac
644 2341 855 2402 animze
915 2340 1216 2402 humanae.
1258 2337 1511 2400 Sensilia
1567 2356 1709 2400 vero
1764 2337 2064 2416 intelliges
2126 2334 2302 2397 etiam
2363 2334 2750 2416 irrationalia,
2781 2338 2848 2397 ut
2874 2353 3005 2415 quae
3058 2334 3234 2395 etiam
3266 2333 3526 2397 divinam
3585 2353 3684 2398 sa-

318 2432 596 2513 pientiam
628 2430 980 2513 participem
1006 2430 1069 2491 in
1100 2436 1225 2492 suis
1257 2428 1632 2491 naturalibus
1664 2425 2188 2510 propensionlbus,
2219 2432 2283 2487 ut
2311 2425 2371 2487 in
2417 2442 2635 2488 aranea
2665 2433 2723 2487 et
2752 2424 2996 2486 formica
3027 2423 3380 2506 ueterisque
3407 2426 3685 2489 omnibus

319 2530 499 2603 patet.

397 2613 426 2692 ᾗ
455 2610 529 2675 ῙῙ.
562 2612 763 2674 Ταύτας
794 2609 1036 2687 βούλεται
1071 2613 1096 2667 ὁ
1128 2610 1288 2689 λόγος
1310 2613 1541 2686 ὕμνῆσκι
1575 2612 1666 2675 τὰς
1697 2615 1795 2676 τῆς
1825 2631 1963 2683 προ-

319 2705 462 2767 νοίας
532 2701 912 2782 ἐκφαντορικὰς
966 2702 1053 2756 καὶ
1113 2702 1531 2778 παραστατικὰς,
1591 2701 1679 2757 καὶ
1720 2698 1964 2765 δηλωτι-

320 2795 415 2858 κὰς
466 2790 780 2867 θεωνυμίας,
817 2787 932 2846 οὐδὲ
962 2791 1060 2869 γὰρ
1119 2791 1283 2857 αὐτὴν
1314 2790 1412 2857 τὴν
1446 2790 1574 2867 ύπὲρ
1622 2794 1795 2845 πᾶσαν
1826 2788 1966 2865 ἆγαο

318 2885 518 2951 θότητα
573 2884 663 2938 καὶ
709 2882 938 2947 θεότητα
999 2881 1130 2953 (θεοὶ
1161 2882 1260 2957 γὰρ
1308 2881 1392 2937 καὶ
1432 2882 1478 2935 οἱ
1520 2878 1737 2957 ἄγγελοι
1789 2879 1878 2935 καὶ
1921 2876 1967 2933 οἱ

319 2968 508 3026 δίκαιοι
564 2968 856 3045 ἅνθρωποι)
885 2969 985 3035 τὴν
1028 2964 1304 3046 ἱδρυμένην
1350 2969 1405 3024 ἐν
1454 2967 1798 3046 ἆποκρύφοις,
1832 2965 1968 3022 κατὰ

317 3060 400 3137 τό,
436 3056 526 3115 Ἐν
565 3057 853 3136 ἀποκρύφῳ
912 3054 1234 3134 καταιγίδος·
1293 3058 1381 3114 καὶ
1432 3056 1517 3136 τό,
1567 3055 1778 3114 ’Ἒθετο
1832 3055 1964 3112 σκόο

313 3169 406 3212 τος
466 3147 777 3226 ἆποκρυφὴν
810 3147 988 3203 αὐτοῦ’
1047 3144 1185 3203 ἀλλὰ
1238 3146 1339 3214 τὴν
1380 3153 1487 3203 τῶν
1533 3145 1740 3225 ἀγαθῶν
1790 3145 1965 3202 ἁπάν-

312 3260 420 3295 των
479 3237 645 3294 αἰτίαν
674 3236 1003 3313 ἀγαθότητα,
1040 3236 1128 3292 καὶ
1167 3236 1228 3292 τὸ
1277 3237 1384 3293 τῶν
1418 3236 1583 3293 ὄντων
1641 3235 1819 3293 αἴτιον
1876 3234 1959 3310 ὃν,

2129 2604 2263 2685 §IL
2294 2603 2411 2667 Has
2454 2604 2628 2682 igitur
2679 2603 2782 2666 Dei
2830 2601 3285 2680 nominationes,
3320 2625 3451 2686 quae
3493 2608 3684 2687 provi-

2050 2695 2281 2759 dentias
2307 2695 2413 2758 Dei
2435 2694 2705 2776 aperiunt
2728 2702 2784 2756 et
2804 2704 3148 2775 proponunt
3188 2712 3254 2755 ac
3287 2695 3679 2776 manifestant,

2052 2787 2417 2866 propositum
2453 2792 2542 2846 est
2567 2783 2913 2866 praedicare,
2948 2801 3066 2843 non
3090 2800 3228 2845 vero
3258 2783 3417 2846 illam
3441 2804 3573 2866 qua!
3589 2805 3684 2848 su-

2051 2893 2156 2955 pra
2187 2892 2425 2938 omnem
2450 2873 2774 2936 bonitatem
2802 2891 2872 2935 ac
2901 2871 3180 2935 deitatem
3209 2877 3367 2948 (nam
3408 2884 3467 2937 et
3488 2876 3685 2955 angeli

2051 2965 2441 3046 hominesque
2475 2964 2626 3044 justi
2656 2963 2765 3027 Dei
2803 2961 3203 3045 appellantur)
3230 2963 3292 3024 in
3323 2965 3686 3033 absconditis

2049 3054 2252 3117 sedem
2284 3054 2668 3137 posuit,juxta
2690 3053 2858 3116 illud:
2893 3052 2966 3115 In
2992 3053 3329 3117 abscondito
3360 3060 3686 3136 tempesta-

2049 3149 2353 3226 tis'mtque
2373 3145 2520 3206 illud
2546 3164 2560 3205 :
2588 3143 2796 3206 Posuit
2811 3141 3092 3206 tenebras
3114 3142 3443 3207 latibulum
3468 3162 3673 3219 suum;

2049 3235 2153 3298 sed
2177 3235 2498 3297 bonitatem
2526 3232 2687 3295 illam
2710 3251 2843 3315 qua;
2864 3231 3157 3295 bonorum
3172 3232 3438 3295 omnium
3460 3251 3687 3298 rerum-

312 3328 401 3383 καὶ
442 3327 541 3393 τὴν
583 3330 692 3382 τῶν
720 3327 933 3397 ζώντων
978 3327 1145 3383 αἰτίαν
1187 3327 1354 3397 ζωὴν.
1411 3327 1498 3382 καὶ
1533 3325 1631 3393 τὴν
1690 3323 1963 3405 σοφοδότιν

2049 3342 2169 3402 que
2199 3341 2375 3388 causa
2406 3322 2622 3399 existit,
2657 3333 2715 3384 et
2742 3323 2918 3384 vitam
2969 3338 3100 3401 quae
3141 3321 3457 3384 viventium
3506 3340 3686 3386 causa

312 3420 520 3499 σοφίαν·
582 3418 634 3474 τί
660 3417 846 3474 τούτου
902 3413 1187 3484 δηλοῦντος
1232 3418 1488 3497 ἐντεῦθεν,
1531 3416 1585 3474 ἐν
1613 3422 1691 3492 τῷ
1733 3416 1959 3492 συνάγε-

2047 3421 2157 3494 est,
2205 3412 2691 3493 sapientiamque
2745 3410 3054 3492 sapientiae
3100 3409 3485 3493 largitricem;
3519 3412 3684 3492 quod

313 3512 430 3565 σθαι
475 3507 586 3584 ἅμα
613 3513 688 3582 τῷ
719 3508 943 3581 αἰτιὰτῷ
985 3508 1045 3563 τὸ
1074 3508 1273 3565 αἴτιον
1329 3506 1385 3563 ἓν
1416 3505 1600 3586 δῆλον,
1632 3505 1710 3563 ἵν’
1739 3503 1961 3562 ἀποδει-

313 3597 470 3679 χθείη
507 3598 567 3655 ἐκ
596 3606 687 3657 10-3
718 3599 956 3655 αἰτιατοῦ
985 3598 1045 3653 τὸ
1089 3595 1289 3656 αἴτιον
1323 3598 1359 3666 ἢ
1393 3599 1479 3654 καὶ
1512 3593 1775 3661 ἀπόδειξις
1805 3595 1962 3673 λέγει·

570 3679 582 3699 υ
759 3689 787 3700 ..
1121 3688 1134 3705 ς
1240 3697 1261 3708 _,
1297 3688 1321 3707 η
1557 3687 1581 3705 η
1866 3685 1879 3706 ι

312 3709 426 3770 ται,
459 3687 558 3746 ἀλλ
610 3692 667 3747 οὖ
696 3711 789 3746 του
818 3686 978 3764 διότι,
1012 3684 1147 3744 ἄλλα
1170 3711 1265 3747 του
1295 3710 1399 3768 οτι,
1425 3689 1496 3748 ὡς
1555 3707 1679 3743 οταν
1708 3683 1960 3742 δεικνυωσ

317 3799 415 3858 μεν
468 3778 568 3845 τὴν
610 3781 708 3847 τῆς
748 3777 981 3848 σελήνης
1025 3775 1322 3858 ἀντίφραξιν
1362 3776 1445 3834 διὰ
1487 3781 1586 3844 τῆς
1647 3774 1959 3850 ἐκλείψεως.

324 3856 454 3927 "01!.
485 3870 611 3947 γοῦν
643 3868 753 3925 ἐστι
783 3868 845 3924 τὸ
890 3874 1048 3925 Θεϊον
1099 3856 1316 3946 ἀγαθὸν,
1351 3866 1445 3924 καί
1475 3866 1558 3945 ὃν,
1590 3866 1678 3922 καὶ
1706 3864 1842 3938 ζωὴ,
1875 3864 1965 3921 καὶ

321 3957 497 4038 σοφία,
530 3959 862 4035 μανθάνομεν
910 3955 993 4015 διὰ
1036 3963 1142 4017 τῶν
1201 3956 1473 4015 αἶτιατῶν·
1505 3954 1571 4012 δι’
1625 3956 1656 4012 ὃ
1686 3953 1740 4010 δὲ
1799 3953 1963 4011 ταῦτά

323 4047 488 4129 ἐστιν,
533 4049 592 4105 ού
649 4049 1001 4127 γινώσκομεν,
1037 4046 1221 4115 ἐπειδὴ
1273 4050 1373 4120 πρὸ
1435 4055 1619 4123 μικροῦ
1648 4042 1789 4111 ἕδοξὲ
1845 4066 1961 4109 πως

320 4136 576 4194 ὑπόϐασιν
633 4137 832 4217 λέγειν,
881 4140 940 4195 τὸ
973 4139 1166 4216 ἀγαθὸν
1220 4138 1381 4195 εἰπὼν
1422 4141 1515 4194 10'6
1555 4136 1702 4200 ὄντος
1759 4134 1957 4193 αἴτιον.

328 4229 421 4287 Καὶ
452 4226 587 4285 οὕτω
641 4228 889 4307 καθεξῆς,
924 4227 1016 4284 ἵνα
1074 4227 1152 4302 μὴ
1206 4225 1491 4305 δράξωνταί
1524 4247 1660 4290 τινες
1718 4225 1961 4304 ἀφορμῆς

322 4317 609 4391 ἀσυνέτως,
644 4319 736 4375 οὒκ
796 4316 928 4375 ἄλλο
979 4317 1139 4397 φησὶν
1189 4316 1331 4373 εἶναι
1375 4317 1435 4372 τὸ
1482 4317 1566 4391 ὃν,
1597 4315 1685 4372 καὶ
1728 4312 1860 4371 ἄλλο
1901 4315 1962 4370 τὸ

320 4406 541 4484 ἀγαθὸν,
570 4409 659 4463 καὶ
713 4406 934 4474 καθεξῆς
965 4405 1153 4463 τᾶλλα³
1211 4405 1267 4461 ἓν
1310 4406 1409 4486 γὰρ
1439 4412 1543 4462 τῶν
1584 4405 1833 4462 ἁπάντων
1865 4402 1960 4460 αἶ’-

314 4517 451 4576 τιον,
483 4497 571 4553 καὶ
628 4498 684 4552 οὗ
719 4494 912 4554 πολλοί*
974 4497 1060 4553 καὶ
1096 4496 1190 4571 μία
1220 4498 1406 4562 θεότιις
1436 4497 1469 4563 ἡ
1503 4496 1569 4552 τὰ
1618 4495 1789 4551 πάντα
1819 4515 1960 4573 παρ-

314 4586 537 4665 οίγουσα.
605 4586 940 4644 Καθάπτεται
992 4585 1045 4642 δὲ
1103 4586 1334 4643 ἐντεῦθεν
1380 4588 1482 4642 τῶν
1513 4605 1570 4642 τε
1602 4584 1655 4641 ἒν
1718 4574 1959 4650 ἸΕλλησι

315 4679 491 4756 σοφῶν
547 4677 636 4732 καὶ
691 4682 797 4733 τῶν
840 4676 944 4732 ἀπὸ
988 4676 1230 4753 Σίμωνος
1289 4677 1586 4754 αἱρετικῶν,
1639 4675 1691 4729 οἳ
1750 4695 1959 4748 κοσμο-

312 4767 496 4832 ποιούς
555 4789 683 4846 φασι
740 4766 914 4841 θεοὺς,
945 4764 1061 4822 καθ’
1119 4765 1241 4821 ὅσον
1294 4762 1678 4835 ὑποϐεϐήιιασι,
1711 4769 1959 4820 τοσοῦτον

2045 3503 2187 3564 hinc
2219 3501 2601 3564 manifestum
2628 3500 2864 3576 ﬁt,dum
2896 3516 3014 3560 una
3041 3518 3174 3561 cum
3200 3499 3415 3563 eﬂ'ectu
3443 3518 3681 3563 causam

2046 3592 2373 3672 conjungit,
2433 3599 2496 3654 ut
2562 3590 2842 3652 nimirum
2903 3607 2975 3651 ex
3036 3588 3248 3651 effectu
3296 3589 3459 3653 clare
3508 3609 3685 3654 causa

2047 3681 2512 3762 demonstretur;
2535 3680 2626 3743 vel
2660 3679 2838 3742 etiam
2870 3679 3302 3743 demonstratio
3332 3680 3547 3743 dicitur
3564 3699 3685 3744 non

2046 3772 2348 3850 particqu
2377 3771 2532 3853 διότι,
2565 3770 2669 3833 sed
2707 3769 2810 3847 ὅτι,
2844 3777 2908 3831 ut
2936 3768 3173 3848 quando
3203 3769 3684 3834 demonstramus

2046 3860 2202 3925 luna)
2235 3861 2671 3944 oppositionem
2724 3878 2833 3942 per
2861 3859 3155 3942 eclipsim.
3188 3860 3474 3933 Quoniam
3504 3860 3685 3943 igitur

2044 3952 2207 4015 Deus
2236 3952 2453 4015 bonum
2488 3958 2597 4033 est,
2634 3958 2692 4013 et
2722 3968 2854 4028 ens;
2886 3957 2946 4012 et
2980 3951 3115 4027 vita,
3151 3958 3210 4012 et
3238 3952 3547 4033 sapientia,
3584 3953 3683 4014 di-

2041 4042 2266 4105 scimus
2294 4061 2362 4105 ex
2393 4041 2642 4119 ell'ectis;
2677 4059 2782 4122 per
2811 4039 2968 4122 quod
3012 4039 3365 4102 autem-haec
3413 4040 3511 4122 sit,
3560 4060 3683 4103 non

2042 4132 2481 4210 cognoscimus,
2509 4130 2729 4212 quippe
2761 4130 2858 4210 qui
2891 4128 3061 4209 paulo
3110 4137 3245 4190 ante
3288 4129 3448 4192 visus
3478 4139 3567 4192 est
3593 4130 3683 4192 di-

2044 4239 2206 4295 cere,
2237 4220 2460 4282 bonum
2506 4238 2636 4282 esse
2683 4218 3184 4300 subjectum,cum
3217 4218 3364 4281 dixit
3394 4236 3524 4281 esse
3555 4220 3684 4301 ejus

2046 4311 2199 4392 quod
2235 4319 2323 4374 est
2352 4314 2627 4376 causa.Et
2648 4309 2727 4372 ita
2756 4307 3069 4389 deinceps,
3108 4326 3182 4369 ne
3213 4309 3313 4388 qui
3346 4309 3453 4371 bac
3508 4328 3684 4372 occa-

2044 4402 2212 4464 sione
2265 4401 2673 4482 imprudentes
2720 4398 3162 4479 deciperentur,
3217 4416 3335 4459 non
3384 4401 3486 4475 ait,
3520 4401 3682 4462 aliud

2046 4509 2177 4553 esse
2197 4493 2338 4554 459
2362 4510 2488 4566 ens,
2522 4499 2581 4554 et
2609 4488 2769 4552 aliud
2805 4488 3051 4565 bonum,
3088 4496 3144 4550 et
3168 4488 3252 4549 sic
3279 4488 3354 4552 de
3388 4490 3629 4552 caeteris
3665 4506 3680 4554 :

2043 4600 2160 4643 una
2186 4582 2480 4661 siquidem
2512 4580 2776 4642 omnium
2812 4586 3077 4655 causa,et
3107 4596 3224 4639 non
3256 4577 3544 4656 multae;et
3569 4598 3686 4644 una

2044 4672 2233 4734 deitas
2263 4690 2392 4753 quae
2421 4671 2697 4734 universa
2741 4670 3032 4750 produxit.
3092 4668 3447 4749 Persuingit
3481 4678 3680 4732 autem

2043 4761 2142 4824 hic
2199 4764 2538 4825 Graecorum
2599 4759 2922 4841 sapientes,
2956 4769 3015 4821 et
3058 4758 3368 4820 haereticos
3421 4757 3686 4824 Simonis

314 4856 497 4912 καὶτὰ
542 4854 887 4935 ἀσθενέστερα
933 4862 1039 4912 τῶν
1098 4855 1403 4932 κτισμάτων
1463 4855 1822 4933 παράγοντας,
1858 4851 1957 4915 ἕως

2047 4859 2386 4929 sectatores,
2419 4850 2522 4933 qui
2552 4861 2850 4932 asserunt,
2890 4849 3033 4911 deos
3064 4847 3268 4909 mundi
3298 4846 3681 4911 fabricatores

312 4947 402 5002 καὶ
458 4950 556 5015 τῆς
604 4946 815 5003 πάντων
874 4945 1248 5025 ὑποστάθμης,
1278 4950 1376 5012 τῆς
1424 4942 1576 5021 ῧλῃς⁹
1631 4943 1718 5000 καὶ
1763 4942 1958 5009 ταύτης

314 5037 417 5111 γὰρ
472 5033 607 5092 ἴδιον
663 5034 987 5114 δημιουργὸν
1058 5033 1452 5095 ἀποδεδώκασι.
1527 5032 1739 5091 Τούτων
1792 5031 1962 5090 τοίνυν

319 5128 424 5182 τῶν
453 5134 544 5183 τοῦ
597 5127 713 5191 ἐνὸς
746 5132 879 5182 Θεοῦ
931 5127 1256 5205 θεωνυμιῶν,
1290 5127 1324 5194 ἡ
1354 5124 1450 5201 μὲν
1509 5131 1597 5181 106
1625 5123 1819 5202 ἀγαθοῦ
1866 5122 1962 5180 ὲκ-

320 5218 546 5295 φαντική
580 5215 691 5273 ἇστι
719 5220 817 5283 τῆς
877 5213 1165 5280 παντελοῦς
1195 5222 1288 5273 106
1316 5216 1448 5272 Θεοῦ
1500 5214 1767 5293 προνοίας,
1801 5214 1853 5270 αἱ
1908 5212 1963 5269 δὲ

317 5307 499 5363 λοιπαὶ
526 5312 758 5385 μερικῶν
800 5309 1063 5385 προνοιῶν
1106 5306 1205 5363 εἰσι
1258 5303 1569 5377 δηλωτικαὶ,
1605 5305 1656 5361 αἱ
1684 5303 1782 5378 μὲν
1840 5301 1960 5359 δλι-

319 5395 589 5478 μητέρων,
620 5399 673 5454 αἱ
712 5394 768 5452 δὲ
825 5395 1217 5476 μερικωτέρων³
1250 5395 1285 5463 ἡ
1339 5396 1436 5475 γὰρ
1492 5401 1584 5452 τοῦ
1626 5393 1826 5473 ἀγαθοῦ
1865 5394 1962 5463 τῆς

314 5486 607 5552 παντελοῢς
653 5488 922 5566 προνοίας,
957 5484 1040 5542 ὅτι
1098 5486 1272 5542 πάντα
1313 5484 1380 5541 δι’
1440 5484 1746 5564 ἀγαθότητα
1790 5486 1963 5563 παρή-

311 5578 424 5658 χθη
452 5578 543 5634 καί
574 5578 724 5633 εἶσινο
755 5575 794 5644 ἡ
852 5574 908 5631 δε
938 5579 1038 5643 τῆς
1069 5575 1237 5651 ζωῆς,
1264 5579 1516 5655 μερικῆς,
1543 5572 1664 5633 ἀλλ’
1697 5571 1960 5632 ὁλιοιωτέ-

392 5749 419 5785 ι
444 5733 605 5801 Psal.
634 5751 811 5814 ωαχ,
842 5736 904 5802 8.
990 5752 1011 5783 ι
1034 5732 1195 5803 Psal.
1228 5750 1372 5801 xvn.
1403 5732 1504 5799 12.

2043 4949 2258 5022 quanto
2286 4941 2599 5004 inferiores
2628 4948 2788 5021 sunt,
2831 4946 2991 5000 tanto
3039 4955 3278 5017 quoque
3320 4936 3684 5002 inﬁrmiores

2047 5030 2377 5110 producere
2407 5029 2926 5106 creaturas,etiam
2950 5046 3139 5107 usque
3160 5026 3233 5088 ad
3257 5026 3521 5089 omnium
3544 5028 3684 5091 fun-

2045 5120 2389 5183 damentum
2426 5120 2512 5200 (id
2544 5124 2650 5191 est)
2684 5118 3015 5191 materiam;
3048 5134 3182 5179 nam
3216 5124 3275 5178 et
3321 5117 3461 5180 huic
3494 5136 3682 5199 pecu-

2046 5211 2251 5273 liarem
2301 5209 2668 5272 conditorem
2705 5210 3102 5288 assignarunt.
3134 5206 3293 5269 Inter
3327 5206 3453 5270 base
3483 5207 3683 5291 itaque

2047 5308 2225 5364 unius
2248 5301 2352 5364 Dei
2367 5299 2855 5375 nomina,nomen
2869 5297 3009 5359 boni
3041 5295 3408 5359 universales
3427 5295 3532 5361 Dei
3554 5318 3683 5380 pro-

2044 5390 2336 5455 videntias
2364 5389 2649 5471 declarat,
2680 5387 2915 5468 reliqua
2943 5404 3087 5451 vero
3116 5386 3502 5469 particulares
3532 5405 3679 5469 pro-

2041 5482 2332 5545 videntias
2364 5479 2766 5557 manifestant,
2794 5478 2906 5541 alia
2937 5478 3178 5559 quidem
3211 5475 3398 5556 magis
3436 5475 3680 5540 univer-

2042 5573 2220 5656 sales,
2253 5571 2369 5636 alia
2389 5587 2527 5634 vero
2560 5569 2744 5651 magis
2768 5567 3185 5652 particulares;
3209 5563 3507 5648 siquidem
3539 5565 3681 5633 boni
