4156 6156
504 340 622 417 835

1679 347 1741 414 S.
1785 343 2120 417 DIONYSII
2166 344 2703 417 AREOPAGlT/E.

3750 352 3872 417 836

501 508 719 551 nomen
770 489 1044 566 designat
1094 477 1488 548 uniVersalem
1529 487 1774 549 omnino
1808 489 2130 568 providen-

2222 509 2334 566 ρας,
2377 489 2436 543 οὗ
2468 486 2566 564 γὰρ
2623 486 2796 541 πάντα
2823 491 3006 556 ζῶσιν⁶
3057 485 3090 552 ἡ
3124 482 3177 540 δὲ
3229 485 3326 553 τῆς
3373 486 3582 564 σοφίας,
3620 485 3695 541 ἔτι
3728 507 3878 564 μερι-

501 578 664 654 tiam,
690 578 971 654 quoniam
1004 576 1279 638 universa
1329 594 1436 656 per
1487 566 1824 639 bonitatem
1857 577 2134 656 producta

2222 575 2478 653 κωτέρας.
2540 571 2785 652 οὐδὲγὰρ
2839 574 3011 630 πάντα
3042 574 3105 630 τὰ
3162 579 3333 645 ζῶντα
3363 573 3521 652 σοφά,
3585 566 3874 633 εΟλικωτέ-

500 673 726 738 sunt,et
773 668 1054 742 existunt;
1090 683 1308 727 nomen
1359 683 1497 726 vero
1547 665 1676 726 vitae
1725 666 2138 746 particularem

501 757 926 838 providentiam
943 753 1332 834 declarat,sed
1363 755 1820 831 generaliorem,
1848 774 1964 816 non
1979 756 2137 816 enim

501 853 698 909 omnia
733 848 948 923 vivunt,
983 845 1291 924 sapientiae
1320 863 1457 906 vero
1489 846 1682 906 adhuc
1713 845 1900 923 magis
1953 844 2139 925 parti-

2224 687 2314 744 ρας
2373 671 2499 742 γοῦν
2531 684 2659 742 φησι
2718 664 2810 726 τὰς
2844 662 2928 719 ἐπὶ
2957 662 3227 720 πλειώνων
3259 663 3645 741 θεωρουμέναςο
3692 666 3727 732 ἡ
3763 664 3878 734 ζωὴ

2224 755 2322 832 γὰρ
2372 754 2552 833 φθάνει
2602 754 2689 808 καὶ
2748 754 2832 808 επὶ
2890 758 3086 832 φυτῶν,
3133 755 3222 809 καὶ
3281 753 3432 824 ζώων
3491 753 3745 831 λογικῶν,
3790 754 3880 809 καὶ

2225 842 2461 919 ἀλόγων
2494 842 2650 922 σοφίᾶ
2678 839 2732 898 δὲ
2768 843 2854 898 καὶ
2884 842 3067 921 λόγος,
3105 843 3450 922 μερικώτεροί
3481 845 3634 905 εἰσιν,

501 939 790 1011 cularem,
825 955 943 996 non
994 935 1150 996 enim
1184 935 1383 994 omnia
1414 953 1543 1014 qua:
1577 935 1779 995 vivunt
1812 933 2071 1014 sapiunt.
2106 931 2521 996 Generaliores
2567 937 2764 991 autem
2793 938 2962 992 vocat
2995 949 3116 1006 eas,
3145 949 3276 1012 quas
3328 930 3390 992 in
3424 931 3691 1011 pluribus
3739 949 3880 992 cer-

498 1034 719 1087 nuntur
749 1047 764 1098 ;
798 1026 910 1086 vita
941 1024 1098 1085 enim
1134 1024 1404 1104 pervenit
1435 1043 1623 1105 usque
1665 1025 1735 1085 ad
1773 1024 2029 1103 plantas,
2067 1031 2125 1084 et
2167 1021 2448 1084 animalia
2483 1019 2791 1083 rationalia
2833 1021 3199 1098 rationisque
3229 1021 3534 1103 expertia;
3589 1020 3882 1102 sapientia

500 1124 695 1178 autem
727 1122 783 1175 et
809 1115 954 1175 ratio
990 1121 1128 1175 sunt
1157 1113 1339 1192 magis
1374 1115 1781 1193 particulares.

581 1205 609 1283 §
639 1204 739 1267 Ill.
787 1204 1039 1265 Dubium
1103 1202 1241 1263 hinc
1287 1205 1579 1266 resultans
1613 1205 1808 1284 solvil,
1842 1221 1968 1278 cur,
2003 1221 2139 1264 cum

496 1313 715 1356 nomen
739 1293 926 1374 ipsius
958 1295 1135 1370 entis,
1170 1311 1343 1373 quam
1376 1294 1529 1370 vitae,
1565 1305 1623 1356 et
1655 1295 1807 1375 vitae,
1842 1313 2016 1375 quam
2051 1312 2138 1353 sa-

498 1385 740 1464 pientiae
769 1384 944 1444 latius
971 1391 1170 1463 pateat
1196 1383 1515 1463 (siquidem
1542 1405 1644 1446 ens
1665 1393 1726 1445 ut
1748 1383 2138 1447 universalius

494 1474 556 1533 in
591 1472 866 1534 omnibus
897 1473 1213 1552 reperitur,
1249 1474 1365 1534 vita
1399 1492 1538 1535 vero
1572 1482 1631 1535 ut
1663 1480 1845 1554 magis
1878 1473 2134 1552 particu-

491 1561 640 1624 laris
669 1564 728 1624 in
759 1561 1138 1642 quibusdam,
1175 1571 1232 1622 et
1261 1564 1554 1641 sapientia
1579 1563 1774 1626 adhuc
1804 1563 1860 1624 in
1889 1563 2134 1642 paucio-

492 1652 685 1733 ribus)
718 1671 834 1714 non
868 1657 1053 1730 magis
1081 1653 1393 1734 excellant,
1431 1654 1670 1734 Deoque
1702 1654 1987 1733 viciniora
2020 1653 2136 1713 sint

497 1761 633 1820 quaa
664 1742 1012 1822 simpliciter
1045 1742 1390 1823 existunt,et
1412 1745 1504 1805 his
1539 1744 1732 1804 minus
1764 1762 1897 1820 quae
1915 1744 2129 1822 vivunt,

499 1843 557 1895 et
582 1833 673 1894 his
706 1832 917 1894 iterum
951 1832 1146 1892 minus
1178 1849 1269 1914 ea,
1303 1833 1806 1913 quaeinlelligunt;
1841 1834 1945 1893 sed
1981 1833 2136 1893 ordi-

494 1941 571 1984 ne
601 1922 1056 1998 inverso,magis
1088 1921 1560 2001 particularia,ut
1588 1922 1996 2003 intelligentia,
2022 1923 2136 1983 cir-

2305 1200 2461 1280 §IIL
2521 1199 2787 1260 Ἐντεύοεδ
2819 1201 3288 1259 ἐπανακύπτουσαν
3347 1201 3567 1278 ἀπορίαν
3619 1201 3755 1280 λύει,
3792 1199 3878 1256 διὰ

2222 1296 2296 1375 τί,
2337 1303 2426 1351 τοῦ
2479 1294 2736 1368 ὄνόματος
2797 1297 2953 1352 αὐτοῦ
3006 1297 3100 1350 τοῦ
3156 1293 3308 1358 ὄντος
3362 1297 3730 1374 ὑπεραίροντος
3778 1295 3878 1361 τὴν

2221 1387 2385 1458 ζωὴν,
2447 1386 2533 1440 καὶ
2589 1388 2687 1450 τῆς
2733 1383 2870 1454 ζωῆς
2934 1385 3326 1462 ὑπεραιρούσης
3371 1385 3469 1452 τὴν
3516 1385 3724 1463 σοφίαν,
3791 1383 3876 1463 (τὸ

2220 1476 2318 1554 γὰρ
2371 1475 2428 1531 ὃν
2461 1473 2784 1552 πλατύτερον
2827 1475 2911 1530 καὶ
2960 1473 3043 1529 ἐπὶ
3095 1480 3278 1554 πᾶσιν,
3316 1477 3347 1543 ἡ
3393 1473 3446 1530 δὲ
3478 1475 3588 1544 ζωὴ
3635 1496 3872 1548 μερικω-

2218 1578 2340 1642 τερα
2401 1565 2486 1620 καὶ
2517 1563 2600 1620 ἐπὶ
2659 1585 2785 1637 τισι,
2838 1567 2935 1620 καὶ
2979 1562 3121 1631 ἕτιὴ
3184 1563 3340 1642 σοφία
3399 1563 3781 1642 μερικωτερα)’
3814 1563 3875 1618 οὗ

2218 1654 2423 1729 μᾶλλον
2475 1652 2819 1732 ὑπερέχουσι,
2889 1653 2979 1709 καὶ
3039 1655 3155 1730 περὶ
3224 1653 3353 1709 Θεόν
3413 1655 3508 1709 εἰσι
3565 1654 3630 1709 τὰ
3686 1653 3874 1716 ἁπλῶς

2217 1747 2364 1816 ὄντα,
2400 1747 2488 1800 καὶ
2532 1748 2692 1812 ἧττον
2750 1744 2949 1800 τούτων
3007 1744 3072 1798 τὰ
3115 1750 3310 1821 ζῶντα,
3341 1747 3427 1801 καῖ
3488 1746 3657 1800 αὖτῶν
3713 1745 3876 1799 πάλιν

2217 1836 2377 1904 ἧττον
2411 1836 2474 1891 τὰ
2520 1834 2693 1912 νοερά·
2735 1832 2855 1889 ἀλλ’
2914 1833 3298 1910 ἀντέστραπται
3333 1837 3366 1902 ἡ
3411 1833 3575 1908 τάξις,
3609 1834 3696 1890 καὶ
3727 1836 3874 1909 μᾶλ-

2218 1925 2309 1981 λον
2371 1925 2436 1982 τὰ
2487 1926 2838 2002 μερικώτερα,
2887 1924 3062 2002 νοερὰ,
3098 1925 3215 2000 περὶ
3253 1923 3381 1979 Θεόν
3413 1928 3532 1997 εἱσι,
3567 1926 3654 1978 καὶ
3711 1927 3876 1979 καθε-

491 2013 651 2074 circa
681 2012 866 2073 Deum
900 2019 1060 2086 sunt,
1096 2019 1154 2071 et
1201 2011 1488 2092 deinceps
1517 2023 1802 2094 quantum
1843 2030 2134 2094 superex-

2222 2016 2313 2082 ξῆς
2375 2014 2499 2070 ὅσον
2557 2014 3038 2092 ὁπερεκτείνονται,
3103 2016 3162 2069 τὸ
3241 2012 3568 2091 ποῤῥώτερον
3626 2013 3685 2068 ἐκ
3743 2021 3879 2072 Θεοῦ

493 2105 852 2183 panduntur,
889 2109 1048 2160 tanto
1099 2102 1386 2162 remotius
1416 2121 1448 2163 a
1481 2105 1601 2164 Deo
1633 2104 1911 2165 existunt.
1946 2101 2131 2182 Majo-

2222 2105 2426 2185 ἕχουσι,
2491 2107 2743 2174 Μείζονας
2798 2101 2850 2158 δὲ
2885 2102 3080 2181 δωρεάς
3126 2125 3255 2180 φησι
3319 2105 3414 2166 τὰς
3477 2104 3560 2159 ἐπὶ
3614 2101 3878 2159 πλειόνων

492 2210 559 2253 ra
593 2208 734 2253 vero
765 2207 1013 2251 munera
1043 2199 1207 2252 vocat
1238 2210 1329 2271 ea,
1365 2210 1494 2272 quae
1523 2211 1556 2254 a
1586 2193 1855 2272 pluribus
1887 2210 2136 2254 cernun-

495 2289 686 2362 tur,ut
732 2288 926 2361 ens,et
973 2280 1169 2342 vitam.
1223 2281 1572 2362 Respondet
1627 2283 1845 2364 itaque,
1876 2291 1933 2342 et
1961 2282 2136 2343 solvit

490 2371 876 2451 quaestionem
909 2369 1143 2446 dicens,
1182 2370 1340 2450 quod
1373 2371 1424 2432 si
1455 2372 1697 2452 quidem
1732 2391 1822 2455 ea,
1858 2391 1988 2453 quae
2034 2374 2132 2433 in-

501 2461 794 2541 telligunt,
824 2460 1064 2522 entitate
1096 2479 1167 2521 ac
1198 2459 1321 2522 vita
1372 2471 1670 2544 carerent,
1706 2470 1762 2524 et
1792 2481 1859 2523 ea
1892 2479 2020 2542 quae
2049 2467 2135 2520 vi-

492 2559 634 2611 vunt
663 2550 937 2612 similiter
961 2548 1352 2612 substantiam
1385 2569 1504 2612 non
1538 2553 1847 2628 haberent,
1873 2560 2035 2614 recte
2073 2570 2138 2612 se

494 2641 750 2702 haberet
779 2639 1089 2714 dubitatio;
1129 2658 1328 2701 verum
1359 2660 1491 2702 cum
1521 2660 1590 2704 ea
1622 2660 1753 2723 quin
1800 2642 2140 2721 intelligunt

499 2731 672 2792 etiam
704 2729 976 2805 existant,
1006 2737 1063 2790 et
1083 2728 1277 2789 vivant
1308 2731 1548 2811 potiori,
1584 2739 1641 2792 et
1672 2731 2012 2811 intelligant
2035 2749 2135 2792 su-

498 2837 606 2900 pra
641 2837 881 2882 sensum
935 2837 1003 2879 ac
1032 2819 1350 2900 rationem,
1379 2829 1436 2880 et
1489 2839 1610 2901 pra;
1639 2821 1867 2882 cunctis
1901 2820 2137 2881 enlibus

500 2909 856 2990 participent
886 2909 1199 2987 unitatem,
1245 2908 1358 2969 hoc
1407 2911 1609 2990 utique
1655 2909 1808 2972 bono
1839 2910 1960 2972 Deo
1986 2909 2136 2970 vici-

494 3001 697 3060 niores
732 2999 1135 3078 existunt,quo
1162 2997 1521 3060 luculentius
1555 3001 1748 3079 ipsum
1783 3001 2136 3080 participan-

497 3089 818 3168 tes,plures
839 3087 1012 3148 etiam
1039 3086 1111 3147 ab
1136 3086 1265 3165 ipso
1290 3087 1462 3149 dotes
1485 3099 1867 3170 acceperunt,
1905 3089 2133 3152 scilicet

495 3185 553 3238 et
581 3177 920 3252 entitatem,
957 3183 1016 3239 et
1048 3176 1252 3250 vitam,
1287 3185 1344 3238 et
1371 3179 1793 3256 cognitionem,
1821 3188 1880 3240 et
1909 3178 2136 3241 intelle-

2215 2194 2601 2274 θεωρουμένας,
2668 2198 2783 2250 οἶον
2857 2195 2916 2249 τὸ
2979 2195 3036 2249 ὃν
3100 2195 3186 2250 καὶ
3259 2194 3426 2263 ζωήν,
3499 2191 3879 2270 Ἀποκρξνεται

2215 2287 2385 2342 τοίνῦν
2444 2285 2531 2342 καὶ
2565 2285 2673 2341 λύει
2707 2285 2806 2351 τὴν
2863 2285 3109 2362 ἀπορίαν,
3146 2283 3340 2363 λέγων,
3377 2282 3456 2339 ὅτι
3499 2285 3543 2339 εἰ
3575 2283 3672 2358 μξν
3715 2285 3881 2340 ἀνού-

2217 2399 2306 2432 σια
2362 2377 2499 2442 ἦσαν
2556 2376 2619 2430 τὰ
2673 2375 2824 2452 νοερὰ
2875 2375 2959 2429 καὶ
3019 2372 3302 2452 ἅζωα,καὶ
3361 2373 3521 2429 πάλιν
3581 2375 3646 2428 τὰ
3703 2379 3880 2443 ζῶντα

2219 2465 2454 2540 ἁνούσια,
2529 2463 2702 2530 καλῶς
2770 2464 2832 2518 ἂν
2879 2465 3039 2543 εἶχεν
3097 2467 3130 2531 ἡ
3189 2464 3402 2523 ἀπορίαν
3467 2461 3647 2529 ἐπειδὴ
3706 2461 3758 2517 δὲ
3814 2465 3882 2518 τὰ

2220 2557 2373 2633 νοερὰ
2431 2556 2517 2611 καὶ
2576 2552 2701 2609 ὄντα
2761 2554 2878 2632 εἰσὶ,
2915 2555 3001 2608 καὶ
3062 2557 3212 2627 ζῶσι,
3248 2553 3333 2609 καὶ
3390 2554 3531 2623 ζωὴν
3578 2553 3876 2629 κρείττονα,

2221 2645 2306 2700 καὶ
2349 2643 2698 2721 γινώσκουσιν
2751 2643 2879 2721 ὑπὲρ
2934 2641 3183 2708 αἴσθησιν
3215 2644 3306 2698 καὶ
3362 2641 3545 2719 λόγον,
3595 2643 3678 2698 καὶ
3734 2643 3879 2719 παρὰ

2219 2735 2390 2790 πάντα
2421 2733 2485 2790 τὰ
2512 2731 2636 2789 ὄντα
2684 2741 2776 2790 τοῦ
2807 2732 2956 2796 ὄντος
3008 2731 3352 2812 μετέχουσιν,
3388 2733 3533 2806 αοτοὶ
3579 2730 3780 2806 μᾶλλον
3815 2730 3876 2786 ἄν

2221 2825 2567 2896 πλησιάζοιεν
2631 2829 2705 2898 τῷ
2757 2826 2938 2904 ἀγαθῷ
2983 2827 3119 2896 Θεῷ,
3163 2827 3208 2881 οἱ
3265 2827 3658 2903 ὑπερπερισσῶς
3719 2825 3880 2881 αὑτοῦ

2560 2963 2574 2988 ,
2611 2918 2696 2971 καὶ
2731 2915 2948 2977 πλείους
2998 2913 3195 2994 δωρεὰς
3229 2915 3474 2994 ἔχοντες,
3509 2913 3755 2981 δηλονότι
3790 2916 3878 2970 καὶ

2221 3007 2280 3060 τὸ
2313 3006 2478 3077 εἶναι,
2502 3006 2587 3060 καὶ
2609 3007 2667 3060 τὸ
2698 3012 2816 3081 ζῇν,
2842 3007 2927 3060 καὶ
2959 3007 3017 3060 τὸ
3042 3004 3485 3084 γινιι’›σκειν,ἀλλά
3508 3006 3672 3060 καὶτὸ
3699 3017 3869 3060 νοεῖν·

2223 2918 2550 2994 μετάχοντες

2217 3093 2376 3151 πάλιν
2408 3093 2462 3150 δὲ
2495 3096 2701 3169 μείζους
2733 3093 2955 3172 δωρεὰς
3006 3094 3082 3150 ὅτι
3133 3095 3298 3150 ταῦτα
3330 3095 3501 3151 πάντα
3555 3095 3874 3173 κρειττόνως

2218 3185 2432 3264 ἔχουσιν
2492 3187 2630 3241 οῦτοι
2665 3185 2805 3263 παρὰ
2836 3185 2899 3240 τὰ
2932 3183 3093 3240 ἄλλα·
3128 3187 3215 3241 καὶ
3247 3184 3386 3242 ἔστιν
3431 3184 3646 3256 ἀληθὲς,
3682 3185 3762 3239 ὃτι
3810 3184 3880 3239 τὰ

493 3274 681 3344 ctum;
717 3285 826 3328 nec
854 3285 972 3327 non
1028 3266 1207 3328 etiam
1239 3266 1408 3328 dotes
1440 3268 1784 3348 ampliores,
1819 3269 1975 3346 quod
2009 3271 2134 3332 haec

2222 3272 2421 3348 μᾶλλον
2453 3273 2754 3352 μετέχοντα
2785 3279 2878 3331 τοῦ
2928 3281 3057 3331 Θεοῦ
3089 3273 3292 3349 μᾶλλον
3323 3277 3465 3348 αὐτῷ
3494 3273 3875 3344 πλησιάζουσι,

490 3357 690 3420 omnia
746 3374 868 3437 prze
921 3354 1151 3417 caeteris
1203 3357 1589 3433 praestantiori
1638 3358 1810 3420 modo
1856 3359 2130 3434 habeant;

2222 3360 2439 3430 Ἐπειδή
2471 3361 2522 3417 δὲ
2575 3366 2691 3441 περὶ
2743 3365 2944 3420 τούτων
2995 3363 3244 3438 εἴπομεν,
3278 3364 3399 3444 φέρε
3445 3363 3530 3420 ἐπὶ
3586 3365 3676 3419 τὸν
3735 3385 3878 3441 προ-

495 3456 704 3528 estque
725 3447 838 3510 hoc
860 3463 1088 3522 verum,
1114 3446 1254 3506 4-10
1277 3447 1376 3507 illa
1403 3465 1533 3528 quae
1558 3446 1744 3510 Deum
1780 3449 1964 3528 magis
1996 3469 2134 3530 par-

2222 3455 2460 3527 κείμενον
2518 3455 2717 3509 σκοπὸν
2750 3452 3007 3528 ἕλοῶμεν,
3043 3456 3131 3510 καὶ
3164 3455 3280 3533 περὶ
3335 3456 3427 3511 τοῦ
3475 3454 3637 3516 ὄντως
3699 3452 3876 3528 ὄντος,

493 3538 737 3618 ιὶεἰρδηι
768 3536 881 3617 ipsi
903 3555 1138 3617 quoque
1167 3537 1422 3598 existere
1463 3537 1809 3601 viciniores.
1844 3537 2133 3612 Quoniam

2222 3544 2307 3598 καὶ
2352 3551 2457 3599 τῶν
2488 3542 2653 3600 ὄντων
2689 3545 2988 3600 οὖσιοποιοῦ
3018 3542 3382 3620 διαλάϐωμεν.

486 3639 684 3690 autem
739 3626 934 3687 dehis
966 3627 1374 3707 disseruimus,
1415 3627 1664 3705 agedum
1709 3628 1782 3688 ad
1828 3636 2197 3711 propositum
2231 3649 2475 3714 scopum
2523 3633 2854 3713 veniamus,
2899 3639 2959 3694 et
2993 3633 3068 3693 de
3127 3639 3262 3694 ente
3301 3650 3438 3695 vere
3468 3631 3764 3694 existente
3813 3639 3874 3695 et

498 3717 807 3780 entitatum
841 3715 1140 3778 effectrice
1169 3716 1348 3777 verba
1379 3716 1685 3781 faciamus.

574 3809 603 3884 ἕ
632 3805 739 3869 lV.
769 3806 879 3878 Qui
913 3813 1024 3879 est,
1052 3806 1110 3866 td
1147 3815 1235 3868 est
1255 3805 1436 3888 Deus,
1466 3807 1792 3870 secundum
1829 3809 2132 3872 oraculum

489 3896 935 3976 Mosaicum,est
964 3913 1142 3976 supra
1171 3895 1498 3975 ipsummet
1527 3915 1658 3959 esse
1679 3899 1822 3979 (hoc
1857 3899 2013 3961 enim
2047 3908 2138 3963 est

488 4003 680 4067 supra
727 3985 1150 4057 substantiam)
1181 4002 1358 4046 causa
1387 3985 1652 4047 efﬁciens
1700 3985 2132 4067 substantiam;

489 4077 715 4158 quippe
746 4073 1192 4136 subsistentiam
1218 4083 1274 4137 et
1303 4075 1673 4137 existentiam
1706 4077 2018 4157 perﬁciens
2052 4085 2137 4137 too

490 4167 607 4227 tius
635 4183 768 4227 esse
791 4163 1102 4226 collective
1119 4164 1523 4245 sumpti;nihil
1547 4166 1705 4227 enim
1733 4174 1824 4228 est
1847 4167 1906 4228 in
1929 4166 2132 4247 rebus,

487 4255 644 4337 quod
661 4273 776 4318 non
796 4254 938 4316 inde
969 4272 1140 4316 suum
1163 4273 1293 4316 esse
1316 4255 1616 4317 sortiatur.
1645 4256 1993 4318 Secundum
2013 4258 2135 4318 vir-

487 4353 676 4408 tutem
698 4354 894 4407 autem
929 4343 1102 4418 dixit,
1124 4345 1402 4425 quoniam
1431 4343 1550 4406 alia
1572 4344 1813 4426 quidem
1848 4345 2134 4426 producta

485 4443 646 4510 sunt,
679 4434 794 4496 alia
818 4452 957 4496 vero
981 4435 1564 4514 producuntur.Cum
1597 4435 1801 4515 itaque
1826 4437 1983 4497 Deus
2005 4433 2134 4496 uni-

487 4543 722 4586 versum
754 4541 884 4586 esse
918 4525 977 4586 in
1010 4541 1075 4585 se
1105 4526 1234 4603 ipso
1266 4524 1585 4588 collectum
1620 4523 1860 4599 habeat,
1895 4534 2010 4585 tam
2040 4543 2135 4586 eo-

481 4633 614 4676 rum
639 4632 770 4696 quae
787 4613 1253 4693 existunt,quam
1289 4631 1419 4694 qua;
1449 4614 1648 4675 futura
1677 4621 1836 4682 sunt,
1871 4614 2038 4694 ponit
2058 4613 2130 4674 il-

480 4704 582 4766 lud
602 4705 932 4768 secundum
957 4705 1253 4766 virtutem
1285 4703 1807 4784 comprehendens
1826 4710 2002 4765 etiam
2036 4723 2134 4766 en~

2298 3812 2326 3891 δ
2357 3811 2457 3876 IV.
2498 3804 2555 3870 Ὀ
2593 3813 2688 3887 ὥν,
2726 3816 2753 3870 ὁ
2784 3815 2913 3879 Θεὸς
2945 3813 3079 3870 κατὰ
3121 3815 3212 3870 τὸν
3256 3815 3386 3892 πρὸς
3419 3813 3617 3881 Μωσῆν
3647 3834 3881 3893 χρημα-

2217 3903 2434 3981 τισμὸν,
2466 3902 2594 3980 ὑπὲρ
2655 3915 2794 3960 εἶναι
2859 3905 2940 3980 ὃν,
2978 3901 3155 3982 (τοῦτο
3214 3904 3314 3982 γάρ
3373 3902 3483 3960 ἐστι
3536 3904 3596 3958 τὸ
3652 3902 3880 3979 ὑπερού-

2219 3991 2386 4070 σιος,)
2445 3992 2581 4048 αἰτία
2627 3993 2916 4058 ὑποστάσις
2976 3993 3106 4050 ἐστί’
3155 3995 3215 4050 τὸ
3278 4000 3407 4072 γοῦν
3463 3994 3534 4056 εἷς
3594 3989 3880 4049 ὑπόστασιν

2217 4082 2304 4137 καὶ
2362 4079 2577 4161 ὕπαρξιν
2629 4082 2950 4141 συντελοῦσα
3003 4082 3130 4139 ὅλου
3196 4085 3289 4140 τοῦ
3349 4084 3492 4139 εἶναι
3547 4078 3876 4151 συλλήϐδην

2218 4168 2362 4227 οὐδὲν
2392 4172 2490 4249 γὰρ
2519 4178 2624 4228 τῶν
2655 4172 2844 4253 ὄντων,
2877 4175 2904 4230 ὃ
2939 4173 3016 4250 μὴ
3050 4171 3254 4230 ἐκεῖθεν
3278 4171 3396 4252 ἔχει
3428 4174 3488 4229 τὸ
3518 4173 3687 4233 εἶναι.
3728 4172 3874 4229 Κατὰ

2217 4259 2434 4336 δύναμιν
2476 4260 2530 4318 δὲ
2561 4263 2742 4339 εἶπεν,
2776 4262 2858 4321 ὅτι
2901 4264 2966 4320 τὰ
2999 4263 3097 4339 μὲν
3128 4262 3516 4343 παρῆχϐησαν,
3549 4262 3614 4317 τὰ
3645 4259 3699 4316 δὲ
3731 4281 3873 4339 παρ-

2217 4352 2458 4428 ἀγονται,
2517 4351 2662 4410 Ἐπεῖ
2693 4359 2818 4432 γοῦν
2863 4356 2925 4410 τὸ
2976 4361 3132 4409 Θετον
3163 4352 3304 4409 ἅπαν
3350 4354 3410 4408 τὸ
3455 4351 3598 4408 εἶναι
3652 4350 3708 4406 ἐν
3742 4350 3874 4405 ἑαυ-

2219 4445 2293 4513 τῷ
2342 4440 2602 4499 συλλαϐὸν
2633 4443 2778 4523 ἵχει,
2810 4445 2897 4499 καὶ
2944 4449 3052 4499 τῶν
3081 4440 3246 4499 ὄντων
3279 4443 3367 4498 καὶ
3415 4447 3520 4498 τῶν
3579 4438 3872 4516 ἐσομένων,

2215 4532 2387 4599 τίθησι
2447 4533 2508 4588 τὸ
2563 4534 2699 4590 κατὰ
2744 4531 2969 4609 δύναμιν
3028 4529 3438 4612 περιλαμϐάνων
3482 4531 3568 4588 καὶ
3612 4531 3671 4586 τὸ
3731 4530 3880 4586 εἶναι

2216 4623 2321 4677 τῶν
2372 4620 2664 4699 ἐσομένων,
2700 4623 2804 4702 Δὸτι
2835 4622 2887 4678 ἐν
2935 4628 3011 4695 τῷ
3040 4622 3206 4684 ὅντως
3249 4622 3358 4678 ὃντι
3393 4622 3556 4702 εστὶν,
3589 4621 3624 4688 ἢ
3667 4618 3879 4694 μᾶλλον

2217 4712 2306 4767 καὶ
2355 4691 2623 4790 πρόεστιν.
2651 4691 2663 4699 ⁷
2700 4691 2781 4771 ’,Α
2860 4713 2957 4791 γὰρ
2985 4691 3095 4768 *καὶ
3156 4712 3221 4767 τὰ
3273 4710 3501 4787 ἐσόμενα
3542 4691 3620 4766 ’τὸ
3670 4691 3880 4784 ⁷μέλλον

482 4795 709 4858 titatem
745 4793 1323 4874 futurorum,quiain
1341 4811 1411 4854 eo
1428 4793 1531 4870 qui
1565 4811 1703 4855 vere
1734 4802 1824 4855 est
1852 4799 2131 4872 existunt,

2222 4799 2445 4882 ἔχωσιν,
2480 4800 2618 4861 ἀλλὰ
2646 4803 2790 4882 παρὰ
2819 4808 2895 4876 τῷ
2925 4799 3240 4881 δημιουργῷ
3269 4802 3706 4880 προϋφίστανται,
3740 4801 3878 4854 καθ-

480 4885 579 4949 vel
605 4887 800 4966 potius
825 4885 1001 4947 etiam
1029 4882 1515 4965 prmexistuntEt
1545 4882 1598 4946 si
1617 4888 1777 4946 enim
1796 4901 1928 4965 quae
1949 4884 2134 4948 exsti-

482 4983 616 5037 tura
646 4983 784 5037 sunt
804 4975 1072 5038 futurum
1097 4974 1588 5046 habeant,tamen
1616 4973 1772 5054 apud
1805 4982 2132 5037 creatorem

481 5065 1236 5147 praeexistunt,secundum
1268 5063 1327 5126 id
1359 5063 1518 5145 quod
1548 5083 1582 5126 a
1609 5061 1876 5126 Jeremia
1906 5065 2130 5127 dictum

481 5163 598 5232 est;
625 5154 705 5216 ita
727 5161 790 5215 ut
817 5153 962 5216 illud
985 5156 1316 5218 secundum
1337 5157 1626 5218 virtutem
1647 5172 1768 5217 non
1805 5154 1875 5218 ad
1894 5165 2130 5219 creato-

479 5262 610 5307 rem
657 5243 1041 5306 ret‘erendum
1072 5249 1168 5319 sit,
1217 5244 1322 5306 sed
1365 5245 1437 5306 ad
1482 5253 1814 5308 creaturas.
1855 5244 2023 5318 Quod
2083 5244 2134 5306 si

480 5334 661 5396 aliam
693 5333 1196 5412 signiﬁcationem
1243 5333 1478 5397 virtutis
1525 5335 1806 5417 accipias,
1840 5334 2122 5416 quemad-

485 5426 730 5488 modum
758 5423 930 5505 dicis,
955 5423 1154 5504 ignem
1187 5421 1409 5486 habere
1439 5425 1555 5486 vim
1579 5425 1992 5507 calefaciendi,
2024 5428 2135 5489 hoc

481 5535 667 5579 sensu
699 5513 774 5577 de
806 5522 1072 5577 creatore
1104 5513 1356 5593 intelligi
1388 5515 1702 5577 commode
1760 5534 1880 5579 non
1914 5524 2133 5597 potest.

2217 4892 2291 4953 ὡς
2344 4881 2462 4970 ἔχει
2513 4893 2600 4949 καὶ
2652 4881 2733 4949 τὸν
2767 4892 2882 4970 περὶ
2937 4890 3026 4948 τοῦ
3071 4881 3323 4970 Ἰερεμίου
3365 4889 3681 4969 λεγόμενον
3734 4887 3877 4945 ὥστε

2217 4982 2277 5037 τὸ
2337 4981 2472 5040 κατὰ
2501 4978 2745 5058 δύναμιν,
2781 4983 2841 5040 οὑ
2893 4983 3024 5060 πρὸς
3082 4982 3174 5037 τὸν
3230 4978 3553 5059 δημιουργὸν
3617 4977 3878 5058 χρήσεις,

2215 5068 2353 5125 ἀλλὰ
2396 5070 2526 5147 πρὸς
2577 5070 2645 5127 τὰ
2673 5069 3162 5149 δημιουργούμενα.
3196 5070 3255 5127 Ei
3282 5067 3337 5125 δέ
3365 5089 3426 5148 γε
3462 5069 3522 5125 τὸ
3554 5066 3732 5146 ἕτερον
3764 5087 3878 5134 ση-

2215 5157 2538 5236 μαινόμενόν
2597 5165 2695 5228 τῆς
2753 5157 3012 5236 δυνάμιος
3069 5155 3382 5240 λαμϐανεις,
3433 5157 3612 5236 ὥσπερ
3671 5154 3874 5235 λέγεις,

2216 5249 2427 5307 δυναται
2459 5250 2520 5306 τὸ
2569 5257 2669 5329 πῦρ
2720 5250 3040 5330 θερμαίνειν,
3073 5250 3228 5306 τοῦτο
3287 5248 3372 5306 ἐπὶ
3406 5257 3499 5307 τοῦ
3549 5244 3880 5324 δημιουργοῦ

2217 5343 2406 5408 νοῆσαι
2435 5338 2530 5398 οὐκ
2560 5339 2871 5420 ἐπισφαλές.
2906 5337 3078 5397 ’Ἔστι
3122 5346 3246 5416 γοῦν
3277 5337 3599 5417 δημιουργὸς
3641 5343 3734 5393 τοῦ
3779 5334 3880 5392 ὃν-

2217 5453 2335 5506 τος,
2365 5432 2454 5488 καὶ
2485 5433 2534 5488 τί
2565 5429 2708 5510 λέγω
2734 5430 2888 5495 ὅντος
2933 5430 3248 5509 πράγματος
3282 5445 3302 5504 ;
3335 5430 3501 5496 αὐτῆς
3557 5432 3657 5494 τῆς
3700 5428 3875 5507 ὑπάρ-

2223 5519 2351 5588 ξεως
2410 5520 2501 5577 τυῦ
2530 5518 2707 5601 ὄντος,
2741 5520 2836 5589 τῆς
2867 5521 3230 5591 ὑποστάσεως,
3263 5524 3359 5596 τῇς
3401 5518 3605 5597 οὐσίας,
3653 5516 3752 5585 τῆς
3783 5517 3880 5595 φύ-

480 5605 585 5669 Est
613 5607 791 5688 igitur
819 5611 1056 5669 creator
1086 5603 1349 5687 unitatis,
1382 5613 1442 5667 et
1471 5603 1617 5686 quid
1671 5605 1806 5668 dico
1863 5606 2131 5672 entitatis

2222 5632 2374 5687 τεως,
2407 5609 2555 5691 ἀρχὴ
2587 5617 2696 5669 τῶν
2728 5611 2960 5686 αἰώνων,
2993 5611 3068 5675 ὡς
3125 5606 3449 5688 δημιουργὸς
3481 5609 3678 5666 αὑτῶ-θ’
3714 5604 3782 5664 δι’
3818 5609 3882 5665 οῦ

479 5696 602 5764 rei?
631 5695 900 5782 quinimo
929 5695 1241 5781 ipsiusmet
1280 5695 1610 5760 existentiaa
1650 5695 1933 5777 entitatis,
1984 5697 2128 5762 sub-

2215 5702 2314 5786 γὰρ
2362 5705 2448 5761 καὶ
2509 5702 2631 5771 τοὺς
2680 5701 2871 5768 αἰῶνας
2930 5700 3175 5786 ἐποίησε,
3225 5700 3384 5784 φησὶν
3428 5701 3455 5758 ὁ
3507 5695 3875 5767 Ἀπόστολος,
