4156 6156
374 330 482 401 841
857 335 955 403 DE
997 338 1295 403 DIVINIS
1335 334 1786 408 NOMINIBUS,
1833 329 1994 397 CAP.
2044 335 2120 398 V.
2177 368 2250 381 -
2298 330 2684 400 PARAPHR.
2734 339 3254 405 PACHYMERE.
3629 342 3753 413 842'

369 477 472 533 τινὶ
526 474 611 533 ἐπὶ
641 481 749 534 τῶν
779 477 894 533 καθ’
946 478 1091 552 ἡμᾶς
1121 477 1446 545 ποιοτήτων,
1482 472 1647 552 ἤγουν
1692 472 1789 539 τῆς
1820 470 2003 530 λευκό-

2099 471 2552 535 similitudincm
2583 481 2641 534 et
2670 482 2884 537 caetera
2912 477 3083 559 dixit,
3116 481 3362 544 omnino
3386 482 3560 545 vitam
3585 503 3741 561 esse,

365 587 526 642 τῃτος
575 572 675 634 τῆς
734 564 1007 641 μελανίας,
1070 567 1225 622 οἱονεὶ
1283 563 1495 641 πρῶτόν
1551 584 1670 619 τινα
1729 561 2003 619 αὖτοποιό-

2098 571 2155 623 et
2185 562 2540 644 simpliciter
2568 561 2788 643 vivere,
2822 583 3194 647 nequaquam
3244 588 3378 632 vero
3409 571 3744 637 istiusmodi

365 676 504 723 τητα
563 656 806 731 νοοῦμεν,
850 655 1014 733 ἤγουν
1069 653 1389 732 λευκότητα,
1419 653 1488 721 ἣν
1516 650 1581 719 δὴ
1630 648 2003 727 συμϐαίνουσαν

2094 650 2269 743 vitam
2305 651 2821 743 explicavit.Sicut
2849 654 3034 731 igitur
3055 656 3252 739 aliqua
3264 660 3496 723 ratione
3518 662 3579 723 in
3603 681 3745 743 qua-

367 757 486 808 τοῖς
538 744 936 823 ὑποκειμένοις,
999 745 1085 801 καὶ
1140 746 1412 824 φαινεσθαι
1467 743 1556 799 καὶ
1602 740 1748 819 δρᾷν·
1807 743 1924 798 οἷον
1979 743 2003 807 ἦ

2096 739 2360 803 litatibus
2381 741 2765 833 nostratibus,
2787 759 2848 804 v.
2872 762 2934 833 g.
2952 744 3596 833 alhedine,nigredine,
3615 739 3740 833 pri-

366 834 779 910 αύτοασώματος
837 832 1122 912 λευκότης,
1186 832 1538 911 ἐπιγενομένη
1608 831 1838 910 σώματι,
1900 830 2003 887 λευε

2099 847 2260 892 mum
2308 830 2488 923 quasi
2529 848 2637 910 per
2684 831 3125 923 sequalitatem
3174 836 3432 917 aliquam
3481 830 3744 923 concipi-

364 925 537 981 καίνει
590 933 769 997 τοῦτο,
802 923 939 981 οὕτω
996 945 1088 1000 μοι
1119 924 1251 996 νόει,
1284 921 1428 988 πλὴν
1476 919 1774 999 ἀναλόγως,
1809 921 1898 977 καὶ
1928 920 2003 977 ἐπῖ

2098 937 2252 1001 mus,
2304 920 2625 1001 ipsammet
2671 919 2905 984 scilicet
2958 921 3298 985 albedinem
3332 945 3437 1005 per
3464 919 3742 995 accidens

362 1016 468 1070 τῶν
531 1011 741 1093 δωρεῶν
798 1015 905 1070 τῶν
963 1015 1141 1084 θείων,
1170 1018 1269 1080 τῆς
1327 1016 1494 1082 ζωῆς,
1555 1010 1653 1079 τῆς
1708 1010 1913 1090 σοφίας,
1947 1010 2011 1073 ἃς

363 1102 616 1160 ἒκάλεσεν
646 1103 818 1183 ἀρχὰς
866 1103 971 1160 τῶν
1003 1100 1194 1165 ὄντων,
1256 1102 1363 1169 Τῆς
1423 1100 1687 1180 ἡμετέρας
1719 1100 1819 1178 γὰρ
1864 1102 2007 1169 ζωῆς

361 1192 507 1274 ἀρχὴ
560 1194 648 1249 καὶ
691 1191 1009 1271 δημιουργὸς
1050 1194 1084 1260 ἡ
1148 1191 1418 1272 αύτοζωὴ,
1450 1189 1546 1247 ita?
1597 1196 1695 1257 τῆς
1726 1189 1914 1269 σοφίας
1978 1190 2007 1256 ἧ

362 1283 671 1365 ἂῦτοσοφία,
725 1286 886 1339 Αὖται
918 1284 1009 1338 σύν
1058 1288 1268 1361 πρῶτον
1326 1281 1655 1338 ὲπινοοῦνται
1698 1279 1870 1359 οὖσαι,
1904 1279 2009 1335 εἶθ’

364 1371 529 1436 οὕτως
561 1374 661 1430 εἶσὶ
708 1373 794 1428 καὶ
828 1370 991 1450 ἁρχαὶ
1021 1376 1128 1427 τῶν
1157 1372 1395 1451 ζώντων,
1425 1371 1460 1437 ἡ
1512 1371 1755 1440 αὒτοζωὴ
1784 1371 1821 1439 ἧ
1871 1368 2004 1425 θεία.

363 1463 525 1542 φημὶ,
556 1464 644 1518 καὶ
703 1459 759 1516 ἰν
788 1467 864 1534 τῷ
896 1466 1012 1533 Θεῷ
1058 1461 1196 1532 ζωή,
1229 1460 1418 1526 Τίθησι
1451 1456 1506 1513 δὲ
1547 1458 1608 1514 τὸ
1638 1460 1711 1522 ὡς
1769 1457 2005 1530 ζώντωδ,

363 1550 446 1608 ὅτι
494 1548 655 1608 πάλιν
684 1552 755 1616 ὡς
785 1547 951 1606 ὅντων
983 1550 1045 1605 τὸ
1077 1548 1204 1605 αὒτὸ
1256 1547 1336 1605 ὅν·
1372 1548 1460 1604 καὶ
1507 1549 1581 1611 ὡς
1612 1552 1788 1627 σοφῶν
1819 1547 2007 1624 ὅντων,

362 1641 399 1708 in
437 1640 721 1720 αὖτοσοφία
753 1639 897 1720 ἆρχή
947 1638 1084 1719 ἐστι,
1117 1640 1204 1695 καὶ
1233 1643 1339 1695 τῶν
1368 1637 1586 1714 ὁμοίων.
1621 1636 1860 1711 Εἴπομεν
1911 1636 2011 1715 γὰρ

2093 1008 2383 1089 subjectis
2414 1008 2851 1085 advenientem,
2870 1018 2931 1072 et
2959 1029 3279 1095 apperere,
3310 1021 3374 1078 et
3401 1020 3661 1097 operari;
3680 1030 3742 1084 ut

2092 1117 2226 1159 cum
2245 1098 2458 1161 albedo
2482 1116 2587 1178 per
2601 1117 2666 1160 se
2684 1098 3040 1180 incorporea
3058 1102 3124 1153 85
3146 1105 3384 1183 corpori
3412 1106 3740 1173 adveniens

2093 1186 2235 1249 illud
2267 1187 2527 1262 dealbat,
2556 1188 2642 1251 ita
2693 1189 2945 1270 concipe
2986 1191 3136 1272 haec,
3190 1192 3297 1254 sed
3354 1197 3740 1276 proportione

2094 1294 2407 1339 munerum
2440 1277 2796 1351 divinorum,
2832 1279 2967 1340 vita;
2993 1281 3324 1360 sapientiae,
3358 1301 3491 1364 qnaa
3532 1303 3736 1351 rerum

2093 1367 2381 1447 principia
2397 1367 2736 1458 appellavit.
2764 1368 2994 1430 Nostrae
3022 1370 3182 1431 enim
3209 1371 3345 1433 vita;
3374 1373 3737 1458 principium

2092 1460 2155 1519 et
2181 1464 2388 1518 auctor
2418 1465 2509 1518 est
2537 1456 2666 1536 ipsa
2708 1475 2817 1537 per
2863 1475 2930 1520 se
2983 1458 3118 1537 vita,
3150 1466 3211 1521 et
3251 1456 3739 1546 sapientiai—ipsa

2093 1563 2200 1626 per
2230 1563 2296 1607 se
2346 1546 2655 1625 sapientia.
2691 1547 2835 1609 Haec
2863 1546 3064 1628 itaque
3094 1550 3348 1628 primum
3379 1554 3733 1635 concipiun-

2090 1641 2185 1695 tur
2216 1635 2601 1711 exsistere,ac
2632 1635 2855 1697 deinde
2885 1636 2970 1698 sic
3000 1638 3289 1700 exsistere
3321 1640 3613 1723 principia
3645 1647 3733 1707 vi-

363 1732 451 1788 καὶ
503 1730 715 1809 πρώην,
747 1729 827 1786 ὃτι
878 1727 1199 1805 ὁμοίότητας
1230 1727 1375 1806 λέγει
1432 1725 1548 1784 καθ’
1579 1726 1641 1789 ἃς
1687 1727 2003 1806 μετέχουσιν

2090 1724 2377 1816 ventium,
2411 1725 2557 1816 ipsa,
2590 1726 2856 1807 inquam,
2886 1725 3085 1787 divina
3118 1744 3224 1807 per
3254 1746 3320 1789 se
3349 1730 3487 1812 vita,
3519 1742 3579 1795 et
3601 1754 3733 1816 qua)

362 1824 409 1878 οἱ
450 1824 586 1878 θεῖοι
620 1820 734 1882 νόες
766 1828 859 1878 τοῦ
889 1825 1042 1878 Θεοῦ.
1098 1818 1308 1877 Τούτων
1340 1818 1430 1875 οὖν
1470 1822 1574 1873 τῶν
1604 1816 1801 1891 ὁμοίων
1858 1815 2004 1895 ἀρχὴ

362 1912 396 1979 ἡ
445 1908 850 1985 αὖτοομοιότῃς,
886 1907 953 1975 ἢν
984 1906 1102 1965 καθ’
1160 1908 1313 1964 ἑαυτὸ
1370 1910 1430 1963 τὸ
1475 1914 1634 1963 Θετον
1669 1907 1855 1984 αὖχεΡ
1917 1906 2005 1966 καὶ

360 2000 466 2057 τῶν
541 1999 848 2077 ἦνωμένων,
932 1994 1177 2064 δηλονότι
1250 2002 1355 2052 τῶν
1430 1994 1862 2074 περιωρισμένων
1934 1999 2003 2069 τῇ

360 2089 525 2161 οἰκείᾳ
580 2088 754 2168 φύσει,
817 2088 904 2144 καὶ
979 2089 1057 2161 μὴ
1113 2083 1531 2162 ἐσκεδασμένωνο
1603 2085 1825 2140 ἕκαστον
1901 2084 2000 2162 γὰρ

356 2201 457 2255 την
516 2178 682 2234 ὅντων
713 2178 850 2234 κατά
907 2198 1025 2233 τινα
1081 2177 1280 2233 ἐνιατον
1318 2175 1659 2255 περιορισμὸν
1690 2175 1775 2230 καὶ
1832 2173 2002 2247 ἑαυτῷ

355 2267 630 2343 ἡνωμένον
682 2267 1006 2328 συνίσταται.
1068 2266 1276 2322 Τούτων
1330 2264 1417 2321 οὗ)
1477 2262 1635 2320 πάλιν
1687 2262 1833 2342 ἀρχὴ
1864 2265 1898 2330 ἡ
1953 2262 2006 2318 ἐν

355 2365 433 2433 τῷ
477 2364 594 2431 Θεῷ
627 2356 969 2423 αὖτοενύτης’
1031 2357 1121 2413 καὶ
1149 2360 1256 2410 τῶν
1287 2352 1463 2411 ἄλλων
1497 2354 1595 2409 ὃσα
1653 2352 1688 2420 ἢ
1719 2358 1817 2418 τῆς
1863 2356 2007 2423 ζωῆς

358 2447 685 2528 μετέχοντα,
717 2446 753 2514 ἢ
804 2447 903 2513 τῆς
938 2445 1209 2525 γνώσεως,
1242 2444 1277 2512 ii
1320 2446 1408 2501 καὶ
1460 2441 1790 2523 ἀμφοτέρων,
1838 2441 2010 2512 ζῶντσί

357 2539 511 2612 εἶσιν,
542 2536 580 2604 ἢ
640 2535 799 2615 σοφὰ,
835 2535 871 2603 ἢ
902 2536 988 2591 καὶ
1031 2534 1301 2614 ἀμφότερα
1345 2533 1379 2601 ii
1431 2534 1519 2589 καὶ
1546 2530 1785 2603 πλείονα,
1819 2531 1855 2598 ἢ
1884 2539 2008 2607 γοῦν

358 2628 444 2683 καὶ
501 2627 651 2700 ὂντα,
697 2626 786 2680 καὶ
816 2624 1071 2702 ἀθάνατα,
1108 2624 1198 2679 καὶ
1249 2622 1425 2699 νοερὰ,
1457 2624 1530 2685 ὡς
1582 2621 1801 2676 ἐπὶτῶν
1857 2620 2008 2676 θείων

358 2714 624 2795 ἀγγέλων·
673 2714 875 2771 τούτων
933 2714 1021 2770 οὗν
1052 2713 1299 2771 ἁπάντων
1348 2713 1442 2774 τὰς
1500 2709 1866 2788 αὐτομετοχὰς
1925 2707 2010 2763 εὔ-

356 2806 562 2881 ρήσεις,
592 2802 839 2871 δηλονότι
885 2802 982 2871 τήν
1036 2804 1327 2880 αὐτοζιιιὴν,
1373 2807 1472 2868 τὴν
1530 2800 1873 2878 αδτοσοφίαηδ,
1922 2801 2006 2855 καὶ

354 2895 421 2949 τὰ
451 2894 636 2968 λοιπὰ,
667 2900 757 2949 τοῦ
819 2892 961 2948 εἶναι
994 2893 1354 2971 μετεχούσας,
1381 2892 1466 2945 καὶ
1516 2890 1568 2945 ἐν
1600 2894 1676 2962 τῷ
1714 2888 1853 2945 εἶναι
1900 2909 2003 2963 με-

354 2984 567 3047 νούσας·
627 2984 756 3039 καθὸ
814 2983 913 3061 γάρ
958 2985 1108 3037 αὗται
1172 2989 1262 3038 τοῦ
1338 2980 1480 3036 εῖναι
1541 2979 1853 3058 μετέχουσι,
1913 2978 2004 3033 καί

354 3073 478 3148 εἶσι,
512 3072 646 3129 γατά
684 3081 839 3131 τοῦτο
873 3072 959 3128 καὶ
986 3068 1128 3150 παρά
1158 3071 1262 3127 τῶν
1294 3069 1471 3126 ἄλλων
1503 3069 1847 3148 μετέχονται.

2088 1813 2148 1875 in
2178 1814 2295 1875 Deo
2321 1822 2410 1875 est
2438 1814 2579 1876 vita.
2613 1818 2875 1895 Apponit
2904 1824 3103 1877 autem
3135 1824 3444 1897 quatenus
3493 1813 3727 1903 vivunt,

2086 1903 2239 1965 sicut
2265 1911 2443 1966 etiam
2468 1922 2575 1965 ens
2599 1922 2709 1983 per
2729 1922 2818 1983 se,
2851 1915 3155 1984 quatenus
3175 1916 3333 1987 sunt,
3362 1914 3422 1971 et
3442 1922 3734 1991 quatenus

2085 1998 2343 2083 sapiunt,
2381 1993 2509 2072 ipsa
2543 2011 2647 2083 per
2682 2011 2748 2055 se
2778 1995 3067 2083 sapientia
3101 1996 3459 2076 principium
3482 2005 3726 2083 exsistit,

2084 2091 2144 2144 et
2171 2081 2257 2143 sic
2288 2082 2363 2144 de
2391 2082 2708 2144 similibus.
2743 2082 2913 2145 Prius
2934 2085 3090 2145 enim
3124 2084 3491 2163 dicebamus,
3537 2081 3728 2169 ipsum

2086 2170 2507 2233 similitudines
2538 2172 3107 2247 vocare,secundum
3138 2192 3287 2254 quas
3317 2174 3535 2240 divinas
3565 2199 3728 2244 men-

2087 2269 2176 2321 tes
2219 2264 2402 2323 Deum
2465 2259 2840 2342 participant.
2892 2259 3110 2324 Harum
3152 2264 3348 2344 itaque
3376 2265 3728 2333 similitudi-

2089 2368 2232 2441 num
2268 2349 2624 2430 principium
2658 2361 2746 2412 est
2774 2350 2902 2430 ipsa
2931 2369 3038 2431 per
3067 2370 3133 2413 se
3161 2353 3592 2433 similitudo,de
3614 2378 3731 2441 qua

2090 2439 2217 2519 ipse
2251 2458 2356 2521 per
2374 2458 2438 2500 se
2473 2442 2630 2502 Deus
2658 2440 2969 2519 gloriatur;
2994 2442 3078 2502 uti
3093 2449 3152 2503 et
3169 2460 3369 2504 rerum
3405 2439 3723 2529 unitarum,

2091 2529 2147 2590 id
2181 2537 2269 2591 est
2308 2537 2520 2592 natura
2569 2548 2675 2591 sua
2730 2530 3129 2607 deﬁnitarum,
3162 2540 3222 2593 et
3249 2551 3368 2595 non
3419 2536 3726 2616 dispersa-

2092 2636 2222 2680 rum
2251 2640 2267 2708 :7
2299 2618 2579 2699 quaelibet
2599 2619 2756 2680 enim
2776 2637 2895 2699 res,
2923 2620 3251 2683 secundum
3273 2640 3448 2684 unam
3464 2625 3722 2708 aliquam

2090 2707 2521 2784 deﬁnitionem,
2555 2708 2672 2769 sibi
2697 2727 2936 2790 quoque
2988 2710 3151 2772 unita
3198 2722 3450 2774 constat.
3498 2707 3722 2780 Horum

2090 2798 2511 2888 igituriterum
2546 2797 2904 2878 principium
2937 2799 3065 2879 ipsa
3093 2818 3229 2881 quae
3258 2801 3317 2861 in
3347 2803 3469 2864 Deo
3500 2814 3589 2867 est
3620 2825 3729 2888 per

2088 2905 2154 2949 se
2185 2887 2401 2963 unitas;
2436 2895 2556 2948 tum
2587 2898 2645 2949 et
2678 2896 3027 2950 caterorum
3081 2908 3449 2972 quaecunque
3500 2895 3589 2957 vel
3632 2897 3723 2958 vi-

2088 2986 2229 3052 tam,
2289 2979 2376 3038 vel
2440 2978 2730 3059 notitiam,
2792 2978 2880 3039 vel
2942 2987 3258 3060 utrumque
3313 2982 3722 3065 participando

2082 3066 2331 3141 vivunt,
2405 3068 2492 3129 vel
2570 3071 2851 3148 sapiunt,
2912 3068 3002 3130 vel
3063 3077 3311 3148 utraque
3379 3080 3481 3133 aut
3555 3075 3727 3154 plura

348 3161 595 3243 habent,
639 3160 909 3241 quinimo
970 3157 1057 3221 vel
1088 3160 1250 3221 entia
1275 3167 1437 3233 sunt,
1472 3158 1565 3219 vel
1597 3156 1979 3232 immortalia,
2014 3156 2105 3217 vel
2169 3157 2589 3236 intelligentia,
2626 3166 2690 3217 ut
2723 3157 2785 3219 in
2814 3157 3031 3221 divinis
3061 3159 3289 3238 angelis
3317 3160 3575 3239 accidit;
3610 3164 3725 3228 ho-

347 3271 504 3325 rum,
538 3252 803 3351 inquam,
837 3249 1096 3310 smnium
1132 3267 1236 3329 per
1256 3266 1323 3311 se
1346 3247 1840 3350 participationes
1873 3246 2165 3327 reperies,
2202 3245 2435 3308 scilicet
2466 3247 2652 3347 ipsam
2681 3264 2787 3326 per
2815 3265 2879 3308 se
2902 3247 3100 3324 vitam,
3126 3266 3235 3327 per
3262 3267 3328 3310 se
3349 3250 3723 3337 sapientiam,

350 3350 409 3406 et
437 3348 649 3404 caatera
692 3339 1015 3420 ipsummet
1047 3356 1178 3400 esse
1232 3338 1592 3419 participare
1623 3344 1681 3397 et
1729 3337 1789 3396 in
1821 3352 1955 3397 esse
2005 3353 2363 3416 permanere
2400 3356 2416 3412 ;
2482 3337 2543 3396 in
2593 3343 2879 3416 quantum
2915 3337 3075 3398 enim
3126 3354 3259 3399 esse
3292 3340 3730 3421 participantet

348 3440 506 3509 sunt,
541 3431 601 3491 in
634 3435 862 3490 tantum
898 3428 1081 3491 etiam
1112 3427 1186 3490 ab
1218 3428 1350 3490 aliis
1382 3426 1840 3508 participantur.

428 3521 459 3603 ᾗ
521 3518 611 3583 VI.
648 3528 705 3578 Et
751 3519 805 3575 δὲ
837 3519 1017 3576 ἐκεῖνα
1072 3520 1135 3576 τά
1171 3520 1412 3599 μείζονα,
1444 3518 1577 3595 ἅπερ
1636 3516 1819 3596 ἔχουσι
1877 3516 1993 3573 καθ’

2160 3520 2186 3590 §
2217 3514 2313 3577 Vl.
2344 3514 2405 3577 Si
2434 3523 2631 3577 autem
2657 3515 2760 3576 illa
2794 3516 3039 3595 majora,
3065 3533 3200 3597 quae
3237 3515 3460 3580 habent
3491 3538 3728 3604 quoque

346 3614 566 3670 ἕκαστον
618 3611 710 3667 καὶ
750 3611 810 3665 τὸ
869 3610 1016 3683 αὒτὸ,
1051 3609 1107 3664 ἐν
1166 3615 1233 3684 τῇ
1279 3610 1493 3687 μετοχῇ
1550 3613 1641 3663 τοῦ
1671 3606 1819 3670 ὄντος
1873 3607 1992 3685 εἶσί,

346 3702 497 3775 πόσῳ
530 3722 584 3780 γε
616 3697 821 3776 μᾶλλον
849 3701 1013 3755 ταῦτα
1042 3697 1106 3766 δὴ
1150 3700 1215 3753 τὰ
1245 3697 1459 3754 ἕκείνων
1491 3696 1792 3775 μετέχοντα
1848 3708 1998 3753 ποιεῖ

345 3792 407 3848 τὸ
437 3794 601 3864 εἶναι,
635 3793 805 3860 ζῶντα
836 3789 1024 3868 τυχὸν,
1063 3788 1097 3856 ἢ
1129 3789 1286 3867 σοφὰ,
1325 3786 1379 3843 ἐν
1421 3792 1489 3863 τῇ
1518 3786 1730 3841 ἐκείνων
1761 3792 1994 3865 μετοχῇο

347 3882 436 3939 καὶ
487 3880 546 3937 οὒ
603 3878 807 3958 (καθὼς
880 3876 1225 3952 ὑπολήψαιτό
1296 3900 1373 3939 τις
1434 3874 1724 3953 ἀσυνέτως)
1779 3874 1860 3932 ὅτι
1906 3876 1993 3955 ἀφ’

349 3970 573 4041 ἑαυτῶν,
605 3968 694 4026 καὶ
719 3968 781 4024 οὗ
822 3968 957 4023 κατὰ
987 3968 1231 4047 μετοχὴν
1284 3966 1487 4045 ἐτέρου,
1517 3973 1682 4022 ταῦτα
1724 3964 1943 4044 ἔχουσιν
1977 3980 1993 4038 ;

349 4058 527 4117 ’Ἔστι
570 4055 626 4113 δὲ
654 4057 716 4113 τὸ
744 4054 1075 4136 ἐπιχείρημα
1121 4055 1542 4134 δραστικώτατον
1588 4053 1647 4110 ὲκ
1678 4061 1770 4110 τοῦ
1822 4055 1997 4130 μείζο-

354 4171 465 4210 νος.
500 4147 723 4225 Πρώτην
753 4147 926 4201 τοίνυν
973 4147 1071 4213 τὴν
1126 4153 1220 4203 τοῦ
1278 4145 1420 4202 εἶναι
1479 4143 1675 4222 δωρεὰν
1708 4155 1826 4205 τοῖς
1884 4144 1997 4200 οὖσι

354 4236 728 4317 παρεχόμενος
754 4236 782 4292 ὅ
829 4236 983 4310 Θεὸς,
1016 4234 1077 4291 ἐκ
1106 4235 1303 4303 ταύτης
1334 4234 1429 4291 καΐ
1480 4233 1702 4313 πρώτως
1730 4233 2003 4314 ὑμνεῖται,

354 4326 442 4383 καὶ
489 4325 632 4383 ἔστιν
663 4322 715 4390 ἐξ
746 4324 909 4390 αὐτῆς
949 4325 1037 4381 καὶ
1069 4325 1193 4380 αὐτὸ
1239 4326 1301 4380 τὸ
1356 4322 1498 4379 εἶναι
1544 4322 1777 4398 πάντων,
1811 4325 1896 4380 καὶ
1952 4322 2006 4379 ἐν

350 4415 486 4492 αὖτῇ
546 4411 944 4489 συνειλημμένα
1008 4410 1409 4490 διακρατοῦνται
1460 4412 1595 4469 κατὰ
1656 4410 1833 4480 ἁπλῆν
1890 4432 2007 4467 τινα

350 4507 438 4562 καὶ
480 4504 824 4582 περιεκτικὴν
854 4509 961 4559 τῶν
1005 4500 1145 4558 ὅλων
1190 4502 1357 4558 αἰτίαν
1390 4503 1478 4558 καὶ
1536 4500 1791 4581 ἄσχετον
1832 4498 2005 4558 οὐδενί

346 4595 449 4674 γὰρ
478 4592 627 4673 λόγῷ
674 4592 710 4660 ἢ
754 4592 1011 4668 νοήματι,
1043 4590 1079 4659 ἢ
1131 4592 1406 4672 πράγματι
1436 4589 1556 4670 ἔχει
1606 4592 1668 4646 τὸ
1698 4598 1857 4647 Θεϊον
1904 4590 2003 4656 τὴν

345 4686 477 4764 πρὸς
530 4684 596 4739 τὰ
626 4680 753 4738 ὄντα
814 4680 1003 4762 σχέσιν
1059 4702 1117 4737 τε
1153 4682 1238 4737 καὶ
1289 4681 1591 4742 κοινωνίαν,
1651 4680 1727 4738 Τὰ
1770 4678 1823 4735 δὲ
1882 4678 2003 4747 ἑξῆς

2077 3604 2308 3682 singula
2340 3622 2447 3685 per
2475 3623 2564 3685 se,
2599 3605 2902 3666 entitatem
2931 3605 3313 3686 participem.
3350 3619 3570 3687 quanto
3596 3631 3727 3675 ma-

2078 3692 2168 3772 gis
2218 3694 2345 3755 hinc
2374 3711 2506 3775 quae
2536 3694 2773 3756 illorum
2817 3693 3130 3775 participia
3179 3704 3336 3769 sunt,
3367 3697 3508 3759 facit
3536 3701 3728 3780 ipsum

2079 3800 2213 3845 esse
2298 3782 2599 3861 viventia,
2666 3802 2716 3846 v.
2775 3804 2861 3862 g.,
2924 3784 3018 3845 vel
3079 3784 3414 3864 sapientia,
3476 3807 3583 3869 per
3636 3798 3729 3855 sul

2081 3872 2620 3953 participationem;
2674 3881 2732 3934 et
2776 3892 2898 3935 non
2959 3874 3045 3952 (ut
3100 3874 3392 3955 quispiam
3453 3877 3732 3957 imperite

2080 3961 2358 4032 suscipari
2382 3963 2594 4031 posset)
2614 3976 2713 4033 per
2737 3979 2798 4020 se
2820 3972 2875 4020 et
2894 3964 3021 4019 sine
3041 3963 3276 4021 alterius
3298 3966 3732 4037 participatione

2082 4052 2206 4113 haec
2228 4049 2481 4114 habent?
2500 4053 2603 4114 Est
2618 4060 2815 4113 autem
2836 4052 2949 4114 hoc
2969 4055 3520 4132 argumentumlld
3536 4058 3734 4121 efﬁca-

2082 4140 2386 4202 cissimum
2420 4159 2454 4199 a
2487 4140 2875 4219 majori.Cutn
2908 4141 3112 4222 itaque
3139 4140 3295 4203 Deus
3329 4143 3583 4220 primum
3616 4149 3732 4212 hoc

2090 4229 2310 4290 donum
2337 4230 2517 4290 rebus
2555 4229 2859 4308 largiatur,
2899 4248 2967 4291 ex
3020 4235 3146 4310 ipso
3188 4249 3427 4311 quoque
3470 4236 3730 4314 primum

2090 4318 2382 4398 laudatur,
2416 4326 2477 4381 et
2516 4318 2744 4380 exsistit
2777 4337 2845 4380 ex
2889 4318 3041 4398 ipso,
3075 4318 3397 4400 ipsummet
3451 4332 3541 4385 est
3598 4343 3733 4391 esse

2089 4406 2380 4481 omnium,
2421 4414 2480 4467 et
2526 4406 2587 4468 in
2641 4405 2776 4486 ipso
2829 4406 3081 4468 collecta
3123 4409 3502 4472 continentur
3532 4418 3733 4479 omnia

2089 4494 2418 4557 secundum
2443 4496 2779 4575 simplicem
2812 4495 3072 4576 aliquam
3097 4506 3155 4559 et
3175 4500 3730 4579 comprehensivam

2089 4593 2147 4647 et
2178 4585 2733 4665 incomprehensam
2777 4585 3187 4647 universorum
3243 4605 3480 4650 causam
3516 4611 3530 4653 ε
3565 4594 3731 4656 nulla

2087 4678 2243 4734 enim
2256 4672 3029 4755 ratione,velconceptu,vel
3045 4693 3112 4737 re
3131 4693 3262 4737 com
3274 4678 3621 4741 munionem
3636 4682 3730 4744 vel

346 4761 751 4855 παραδείγματα
806 4771 1125 4830 πιστευτικά
1194 4772 1294 4828 εἶσι
1355 4777 1448 4826 τοῦ
1520 4770 1663 4826 εἶναι
1713 4769 1886 4826 πάντα
1944 4768 2003 4825 ἐκ

2087 4761 2530 4855 proportionem
2555 4762 2736 4825 habet
2752 4766 2909 4827 Deus
2928 4783 3060 4826 cum
3079 4765 3261 4855 rebus
3274 4766 3726 4843 exsistentibus.

350 4870 442 4921 τοῦ
498 4868 655 4937 Θεοῦ,
715 4862 789 4926 ὡς
846 4861 1015 4917 αἰτίου
1082 4865 1180 4929 τῆς
1234 4860 1435 4917 τούτων
1491 4856 1785 4935 ὑπάρξεως,
1839 4857 2001 4915 ἄλλου

2089 4850 2369 4932 Exempla
2395 4860 2589 4914 autem
2623 4871 2756 4933 qum
2805 4862 3137 4935 sequuntur
3165 4854 3346 4917 ﬁdem
3378 4855 3622 4933 faciunt,
3659 4877 3732 4924 ea

351 4953 493 5032 παρὰ
549 4958 718 5010 ταῦτα
773 4951 1135 5030 ὑπάρχοντος,
1194 4948 1294 5007 καΐ
1352 4949 1405 5006 ὲν
1492 4950 1635 5023 αύτῷ
1693 4949 2001 5005 συνεστάναι

2087 4957 2217 5020 quae
2246 4948 2384 5002 sunt
2411 4940 2627 5032 omnia»
2668 4960 2739 5003 ex
2779 4940 2900 5003 Deo
2926 4943 3520 5032 exsistere,tanquam
3552 4965 3731 5012 causa

355 5029 501 5116 ἄλλῳ
544 5040 687 5121 παρὰ
732 5041 896 5096 ταῦτα
932 5040 1250 5119 ὑπάρχοντι’
1284 5040 1320 5107 ἡ
1382 5039 1479 5118 γὰρ
1522 5038 1716 5118 μονὰς,
1747 5038 1820 5101 ὡς
1867 5037 2003 5095 αἰτία

2088 5047 2293 5121 eorum
2328 5029 2709 5121 essistentiaa,
2740 5048 2887 5121 cum,
2909 5030 3191 5121 diversus
3209 5032 3290 5094 sit
3318 5032 3391 5095 ab
3417 5033 3559 5113 illis,
3589 5037 3730 5102 etin

356 5118 913 5209 άριθμῶνίένοειδῶς,
948 5128 1008 5184 ού
1046 5118 1468 5207 ποιγιλλομένη,
1502 5126 1540 5195 ἢ
1571 5124 1745 5191 ἄλλως
1775 5127 1862 5184 καὶ
1901 5124 2003 5181 ἅλ-

2087 5118 2216 5209 ipso
2238 5119 2567 5181 consistant
2585 5120 2820 5182 diverso
2836 5120 2910 5182 ab
2933 5120 3052 5183 illis
3074 5120 3727 5207 exsistente;siquidem

355 5206 484 5285 λλοξ
541 5218 832 5297 νοουμένη,
884 5218 1006 5281 τοὺς
1084 5218 1287 5284 πάντας
1355 5206 1675 5296 περιεληφεδ
1758 5214 1998 5295 ἀριθμός

2090 5206 2307 5297 unitas,
2343 5216 2620 5289 tanquam
2671 5228 2848 5272 causa
2880 5228 3294 5288 numerorum,
3323 5206 3725 5294 uniformiter,

357 5311 445 5369 καὶ
471 5316 533 5367 τὸ
562 5308 724 5386 μέσον
753 5314 846 5365 τοῦ
898 5306 1091 5364 κύκλου
1120 5310 1333 5387 κέντρον
1363 5306 1572 5370 ἁπάσας
1607 5305 1702 5369 τὰς
1745 5305 1852 5362 ἀπὸ
1902 5306 2001 5372 τῆς

2087 5296 2548 5378 haudquaquam
2581 5299 2898 5381 variegata,
2926 5301 3015 5363 vel
3037 5301 3214 5364 aliter
3240 5311 3421 5385 atque
3443 5303 3619 5367 aliter
3640 5311 3726 5368 in-

355 5400 685 5482 περιφερείας
741 5396 938 5461 εὒθείας
1002 5396 1241 5477 περιέχει
1313 5393 1577 5472 ὶνωιδῶς,
1645 5396 1734 5452 καὶ
1791 5393 2000 5475 ἅπλῶς,

2088 5388 2342 5468 tellecta,
2375 5388 2684 5453 universos
2713 5407 2996 5454 numeros
3025 5391 3463 5474 complectitur;
3501 5400 3561 5455 et
3592 5411 3724 5458 me-

1670 5524 1938 5593 VARUE
2001 5519 2441 5591 LECTIONES.

434 5611 522 5665 85’
551 5612 723 5679 Max.
756 5628 1071 5695 corporea.

636 5732 906 5803 Ρλτιιοι..
945 5734 1189 5804 63.111.
3332 5726 3407 5796 27
