4156 6156
449 278 567 351 843
1634 286 1696 351 S.
1744 282 2079 353 DIONYSII

2166 280 2618 355 tREOAGITE.
3704 282 3822 355 844

443 417 606 481 dium
620 416 826 481 circuli
842 423 1112 483 centrum
1127 435 1337 481 omnes
1349 418 1876 482 acircumferentia
1889 421 2078 485 lineas

2166 426 2247 483 καὶ
2293 427 2518 502 ὁμοίωςθ
2561 427 2754 503 ἀμερὲς
2804 426 2904 506 γάρ
2948 426 3059 483 ἐστι
3107 427 3171 483 τὸ
3232 439 3486 502 σημεῖον,
3514 426 3653 483 ὥστε
3703 434 3821 491 πῶς

442 516 637 570 rectas
659 507 1038 570 uniformiter
1057 516 1115 570 et
1135 508 1393 589 simplici
1416 507 1718 589 similique
1746 510 1920 571 modo
1943 531 2079 573 con-

2166 514 2342 581 ἄλλως
2385 518 2472 572 καὶ
2502 515 2675 576 ἄλλως
2735 516 2828 580 τὰς
2881 516 3079 578 εὐθείας
3131 515 3532 595 περιλήψεταις
3594 525 3821 577 Θαυμα-

445 597 611 677 tinet;
639 597 1104 686 punctumenim
1124 608 1285 661 caret
1305 597 1596 679 partibus,
1614 599 1909 680 quomodo
1942 620 2079 681 ergo

2166 608 2292 670 σίως
2344 604 2398 662 δὲ
2428 606 2635 662 τέθεικε
2670 608 2729 662 τὸ
2777 608 2895 686 περὶ
2925 614 3017 664 τοῦ
3060 605 3255 663 κύκλου
3312 605 3672 687 παράδειγμα,
3704 610 3819 671 πῶς

441 687 612 750 aliter
640 695 815 769 atque
836 688 1012 750 aliter
1038 688 1226 750 lineas
1253 696 1446 752 rectas
1475 688 1661 768 possit
1692 690 2079 770 comprehen-

2166 695 2399 753 ἐνοῦνται
2451 695 2506 751 ἐν
2535 702 2611 768 τῷ
2646 700 2762 769 Θεῷ
2812 696 3019 758 ἐυιαίως
3050 697 3117 753 τὰ
3168 696 3362 771 πάντα,
3396 697 3491 753 καὶ
3524 703 3640 761 πῶς
3696 695 3821 754 δια-

440 775 616 866 dere?
645 776 900 840 Mirabili
922 782 1120 866 autem
1152 776 1329 839 modo
1363 776 1559 866 posuit
1597 778 1935 859 exemplum
1969 780 2079 841 hoc

2166 787 2422 865 κρίνονται
2479 787 2834 865 ἀφιστάμενα,
2867 788 2952 843 καὶ
2981 788 3098 844 καθ’
3155 784 3278 843 ὅσον
3333 786 3670 866 ἀφίστανται,
3732 787 3826 843 καὶ

441 865 517 929 de
529 867 857 948 circulo,ut
873 865 1471 948 ostendat,quomodo
1496 866 2079 931 uniformiteriuDeo

2166 878 2253 933 τὸν
2317 874 2612 951 σκεδασμὸν
2671 874 3033 952 λαμϐάνοντα.
3117 875 3257 933 ’Έτί
3318 865 3401 933 καί
3462 876 3517 932 ἐν
3575 882 3643 953 τῇ
3716 874 3822 943 δη-

438 963 716 1020 universa
742 957 1045 1033 uniantur,
1072 964 1131 1018 et
1151 956 1446 1038 quomodo
1471 975 1608 1033 qua;
1627 956 2078 1022 distantdistin-

2166 972 2446 1044 μιουργικῇ
2515 966 2621 1023 τῶν
2699 964 2842 1021 ὔλων
2909 966 3060 1045 φύσει
3142 967 3338 1031 πάντες
3410 966 3458 1021 ὃὶ
3530 966 3629 1034 τῆς
3701 969 3820 1022 καθ’

438 1054 782 1127 gnantur,et
809 1046 871 1109 in
900 1054 1183 1129 quantum
1232 1045 1472 1136 distant,
1508 1046 1570 1107 in
1620 1054 1841 1109 tantum
1898 1049 2076 1111 etiam

2166 1054 2384 1114 ἕκαστον
2439 1056 2643 1136 φύσεως
2688 1053 2838 1133 λόγοι
2898 1055 3318 1131 συνειλημμένοι
3374 1055 3511 1112 εἰσὶν
3570 1055 3821 1135 ἀσυγχύ-

440 1136 827 1218 dissipentur.
859 1136 954 1200 Ad
995 1137 1141 1212 haec,
1177 1135 1354 1198 etiam
1402 1135 1464 1197 in
1513 1144 1742 1218 natura,
1791 1140 2079 1202 creatrice

2166 1147 2293 1221 τῶς,
2354 1144 2533 1221 ὥσπερ
2591 1145 2684 1201 καὶ
2761 1144 2815 1201 ἐν
2884 1151 2952 1221 τῇ
3007 1149 3152 1221 ψ’)κῇ
3211 1143 3497 1221 μονοειδῶς
3558 1148 3610 1201 αἱ
3680 1166 3819 1223 προ-

438 1226 881 1315 ιιίηίνθτεοτυιη,
906 1244 1118 1289 omnes
1137 1226 1547 1306 cujuscunque
1568 1235 1794 1289 naturae
1820 1229 2079 1292 rationes

2166 1237 2414 1303 vo-vmmi
2475 1233 2722 1309 δυνάμεις
2781 1234 2968 1315 αὐτῆς,
3019 1236 3053 1303 ἡ
3112 1236 3368 1312 θρεπτικὴ
3411 1233 3656 1302 δηλονότι
3703 1232 3819 1290 καθ’

439 1314 662 1398 absque
691 1315 1039 1380 confusione
1083 1316 1348 1379 collecta:
1390 1325 1547 1391 sunt,
1586 1317 1741 1379 sicut
1787 1318 1847 1380 in
1882 1320 2079 1382 anima

2166 1325 2227 1393 ἣν
2282 1325 2480 1405 τρέφει,
2512 1326 2545 1392 ἡ
2591 1322 2846 1392 αὸξὴτικὴ
2874 1314 2994 1380 καθ’
3039 1323 3105 1391 ἣν
3138 1324 3276 1390 αὔξει
3325 1325 3385 1381 τὸ
3416 1326 3547 1402 πρὸς
3577 1326 3639 1381 τὸ
3694 1345 3819 1401 γεν-

437 1406 810 1469 uniformiter
844 1406 1133 1485 copulatae
1175 1414 1313 1468 sunt
1342 1405 1599 1486 providae
1628 1413 1874 1470 virtutes
1922 1410 2075 1490 ejus,

2166 1421 2255 1487 νᾷν
2295 1413 2619 1491 ἐπιτήδειον,
2653 1416 2685 1482 ἡ
2735 1414 3015 1481 αἰσθητικὴ
3063 1414 3181 1470 καθ’
3239 1413 3306 1481 ἣν
3363 1413 3641 1470 ἐπιστατεῖ
3694 1426 3819 1479 ταῖς

437 1493 720 1558 videlicet
741 1495 1025 1557 nutritiva
1045 1512 1161 1576 qua
1189 1494 1399 1571 nutrit,
1430 1495 1657 1559 auctrix
1688 1514 1802 1576 qua
1830 1507 2000 1577 auget
2018 1498 2078 1559 id

2166 1506 2492 1584 αἰσθήσεσιν,
2522 1506 2557 1573 ἡ
2613 1502 2897 1571 δοξαστικὴ
2944 1504 3060 1560 καθ’
3114 1502 3178 1571 ἣν
3236 1507 3398 1583 κρίνει
3456 1504 3521 1559 τὰ
3568 1503 3813 1577 αἰσθητᾶ,

436 1585 598 1675 quod
627 1592 829 1667 aptum
862 1594 952 1649 est
981 1585 1377 1675 generationi,
1413 1586 1697 1648 sensitiva
1726 1606 1838 1667 qua
1872 1595 2079 1668 praeest

2166 1593 2199 1661 ἦ
2257 1596 2588 1675 φανταστικὴ
2646 1593 2763 1649 καθ’
2833 1593 2901 1661 ἣν
2961 1594 3025 1649 τὰ
3098 1594 3320 1660 αἰσθητὰ
3374 1593 3719 1672 φαντάζεται,
3781 1593 3817 1659 ἡ

437 1674 739 1757 sensibus,
770 1676 1066 1758 opinativa
1097 1694 1214 1756 qua
1242 1674 1532 1737 discernit
1552 1694 1623 1737 ea
1653 1695 1785 1757 quae
1814 1678 2079 1739 sentiun-

2166 1685 2412 1762 ὀρεκτικὴ
2470 1683 2586 1741 καθ’
2636 1683 2735 1751 τῆν
2786 1683 3051 1762 ὀρέγεται,
3095 1684 3183 1739 καὶ
3230 1680 3455 1749 καθεξῆς
3499 1684 3550 1739 αἰ
3606 1681 3812 1739 λοιπαί·

438 1774 557 1842 tur,
592 1765 966 1845 imaginative
994 1784 1111 1847 qua
1139 1765 1445 1828 sensibilia
1483 1765 1858 1844 imaginatur,
1893 1785 2079 1850 appe-

2166 1775 2301 1832 οὕτω
2342 1775 2430 1831 καὶ
2467 1774 2513 1829 οἱ
2546 1771 2921 1853 δημιουργικοὶ
2974 1772 3128 1851 λόγοι
3158 1774 3215 1828 ἒν
3246 1778 3321 1846 τῷ
3364 1771 3695 1851 δημιουργῳ,
3730 1772 3818 1828 καὶ

438 1854 600 1918 titiva
656 1875 774 1936 qua
828 1856 1138 1937 appetit,et
1187 1857 1273 1917 sic
1321 1855 1398 1918 de
1447 1856 1724 1918 caeteris:
1761 1857 1845 1919 sic
1899 1860 2077 1921 etiam

2166 1865 2229 1921 τὰ
2263 1862 2384 1930 εἴδη
2441 1862 2677 1942 πάντων,
2713 1864 2800 1919 καὶ
2857 1884 3051 1923 παντες
3098 1864 3200 1919 εἰσί
3236 1862 3327 1919 καί
3393 1860 3687 1941 ἂσύγχυτοι
3724 1859 3821 1936 μέο

436 1946 683 2009 creandi
737 1947 1002 2009 rationes
1056 1963 1266 2008 omnes
1323 1946 1676 2027 speciesque
1720 1950 1986 2010 omnium
2016 1948 2079 2010 in

436 2044 707 2098 creatore
735 2043 1267 2118 sunt,manentque
1296 2035 1642 2117 inconfusaa,
1667 2046 2078 2101 verumtamen

436 2123 500 2186 in
529 2124 661 2207 ipso
691 2136 853 2203 sunt,
888 2143 1006 2186 non
1054 2134 1326 2207 tanquam
1390 2126 1449 2185 in
1500 2124 1629 2188 loco
1668 2125 1885 2208 (neque
1917 2127 2075 2189 enim

437 2215 568 2295 ipse
589 2213 798 2277 inloco
823 2223 1052 2289 est,nec
1075 2232 1206 2293 quae
1225 2214 1287 2274 in
1312 2214 1603 2291 ipso),sed
1632 2215 1806 2278 habet
1832 2216 1933 2278 illa
1953 2218 2077 2279 sic-

436 2311 502 2364 ut
522 2301 785 2384 seipsum
810 2302 1295 2379 babet,omnibus
1316 2303 1555 2384 quidem
1582 2306 1759 2366 simul
1781 2306 2075 2369 exsisten-

435 2389 617 2471 tibus,
643 2392 939 2457 distinctis
964 2400 1163 2455 autem
1205 2393 1267 2453 in
1308 2400 1476 2473 parte
1516 2393 1959 2458 indivisibiliter
1987 2396 2076 2460 86.

433 2481 713 2562 Acceptis
741 2481 1028 2564 exemplis
1048 2500 1083 2545 a
1105 2500 1356 2545 numero
1382 2491 1439 2545 et
1458 2492 1691 2559 centro,
1708 2485 1810 2560 ait,
1830 2488 2077 2549 minime

438 2569 762 2633 absurdum
789 2589 946 2648 esse,
985 2590 1053 2633 ex
1068 2570 1360 2633 similibus
1383 2572 1741 2652 imaginibus
1765 2574 1837 2637 ad
1870 2594 2074 2638 eorum

438 2678 571 2740 quae
601 2659 755 2722 dicta
797 2668 938 2723 sunt
965 2660 1202 2723 culmen
1248 2662 1600 2738 ascendere,
1653 2664 1829 2726 modo
1863 2685 2072 2746 super-

435 2749 770 2812 mundanos
801 2750 1003 2812 oculos
1031 2748 1714 2815 adhibeamus.Diximus
1738 2755 1918 2830 enim,
1948 2774 2078 2816 om-

436 2838 537 2901 nia
580 2839 642 2900 in
674 2857 853 2902 causa
900 2839 1068 2902 unite
1111 2847 1391 2920 tanquam
1418 2842 1475 2902 in
1506 2842 1736 2904 unitate
1794 2863 2078 2907 numeros

439 2947 668 3005 omnes,
695 2936 753 2991 et
780 2928 1099 3005 collectim,
1135 2937 1410 3010 tanquam
1445 2932 1506 2993 in
1536 2940 1744 2994 centro
1775 2932 1963 2995 lineas
1986 2952 2080 2996 re-

439 3025 723 3100 ctas,quze
750 3037 786 3080 a
814 3018 1292 3081 circumferentia
1319 3019 1646 3102 ducuuntr,
1670 3022 1988 3087 contineri.

2165 1970 2332 2027 νοοσι,
2368 1952 2507 2021 πλὴν
2564 1952 2619 2009 ἐν
2650 1952 2793 2010 αὒτῶ
2827 1954 2958 2009 εἰσιν
2990 1955 3093 2032 οὐχ
3149 1955 3221 2018 ὡς
3252 1951 3306 2007 ἐν
3334 1951 3505 2026 τόπῳ,
3545 1949 3685 2030 (οὔτε
3720 1950 3818 2028 γὰρ

2166 2045 2320 2107 αὐτὸς
2365 2041 2418 2098 ἐν
2461 2043 2633 2118 τόπῳ,
2668 2041 2785 2099 οὔτε
2815 2043 2879 2099 τὰ
2930 2042 2984 2098 ὲν
3016 2041 3209 2120 αὐτῷ’)
3241 2038 3364 2097 ἀλλ’
3416 2040 3533 2120 ἔχει
3563 2040 3696 2097 αὐτὰ
3745 2041 3819 2102 ὡς

2164 2134 2349 2189 ἑαυτὸν
2406 2134 2550 2211 ἔχει,
2583 2132 2795 2188 πάντων
2847 2130 2943 2206 μὲν
2985 2134 3124 2206 ὁμοῦ
3180 2129 3366 2205 ὄντων,
3400 2128 3819 2208 διακεκριμένων

2162 2221 2216 2278 δὲ
2271 2226 2326 2279 ἒν
2376 2227 2453 2295 τῷ
2504 2221 2650 2301 μέρει
2683 2221 2919 2296 ἀμερῶς.
2979 2218 3163 2277 Λαϐὼν
3196 2221 3301 2276 ἀπὸ
3350 2230 3442 2279 τοῦ
3485 2223 3703 2298 ἀριθμοῦ
3733 2216 3821 2275 καὶ

2159 2319 2251 2369 τοῦ
2302 2311 2519 2388 κέντρου
2577 2311 2638 2369 τὰ
2701 2308 3125 2388 παραδείγματα,
3189 2310 3348 2387 φησὶν
3403 2308 3484 2367 ὅτι
3537 2312 3632 2365 οὐκ
3677 2307 3820 2365 ἔστιν

2159 2403 2356 2459 ἄτοπον
2390 2400 2450 2457 ἐκ
2480 2400 2731 2457 τοίούτων
2792 2401 3009 2456 εἰκόνων
3039 2398 3124 2455 ἐπὶ
3146 2399 3228 2457 ,τὸ
3270 2398 3403 2475 ὕψος
3435 2402 3537 2455 τῶν
3585 2397 3820 2477 λεγομέ-

2160 2515 2261 2548 νων
2344 2488 2667 2568 ἀναϐαίνειν,
2726 2511 2890 2567 μρνον
2966 2490 3009 2544 εἰ
3080 2488 3375 2567 ὀφθαλμοῖς
3444 2488 3820 2566 ὑπερκοσμίοις

2158 2581 2438 2661 χρώμεθα.
2502 2580 2741 2653 Εἴπομεν
2800 2580 2924 2657 γὰρ,
2956 2576 3035 2634 ὅτι
3066 2582 3239 2635 πάντα
3292 2578 3345 2635 ἐν
3402 2585 3478 2653 τῷ
3508 2580 3655 2650 αἰτίῳ
3712 2600 3817 2652 μο-

2158 2670 2482 2743 νοειδῶς,ὼς
2515 2670 2568 2725 ἐν
2610 2675 2678 2746 τῇ
2707 2666 2892 2744 μονάδι
2917 2669 2963 2723 οἱ
2990 2666 3203 2746 ἀριθμοΐ
3264 2664 3522 2745 ἅπαντες,
3545 2669 3631 2724 καὶ
3662 2669 3815 2736 ἡνω-

2161 2762 2343 2838 μένος,
2374 2762 2445 2826 ὡς
2493 2759 2547 2815 ὲν
2578 2764 2654 2830 τῷ
2714 2757 2913 2836 κέντρῳ
2964 2760 3012 2813 αἱ
3058 2757 3163 2814 ἀπὸ
3219 2763 3317 2825 τῆς
3349 2758 3676 2838 περιφερείας
3720 2758 3814 2814 εὖ-

2160 2844 2324 2900 θεῖαί.

516 3106 914 3188 §VILOmnia
938 3108 1118 3188 igitur
1128 3127 1494 3191 quaecunque
1515 3112 1906 3174 essendi445
1935 3131 2073 3193 gra-

2237 3106 2266 3186 ἕ
2294 3107 2425 3188 VH,
2459 3108 2634 3163 Πάντα
2665 3106 2777 3188 οὗν,
2815 3104 2913 3163 ὅσα
2954 3106 3009 3162 ἐν
3060 3114 3134 3183 τῷ
3163 3107 3305 3164 εἶναι
3336 3106 3485 3187 ὄντα,
3522 3127 3818 3186 χαρακτη-

438 3196 581 3260 dum
612 3197 1305 3277 sortiuntur,insigniunt
1326 3198 1427 3261 illa
1449 3219 1582 3279 qua;
1597 3210 1758 3279 sunt;
1775 3202 1891 3264 nisi
1917 3202 2076 3265 enim

441 3295 599 3350 esset
626 3287 1148 3366 vita,neqnaquam
1175 3286 1527 3366 viveremus;
1554 3289 1671 3353 nisi
1700 3300 1861 3353 esset
1885 3300 2082 3354 custo-

436 3376 557 3451 dia,
591 3394 965 3457 nequaquam
1008 3374 1471 3455 custodiremur;
1504 3380 1619 3440 nisi
1650 3390 1810 3443 esset
1860 3390 2077 3462 motus,

438 3483 811 3547 nequaquam
835 3468 1452 3531 moveremur.0mnia
1471 3469 1905 3550 itaque,omnia
1923 3490 2083 3548 quaa-

437 3573 674 3636 cunque
717 3555 959 3617 essendi
990 3555 1237 3634 gradum
1291 3556 1579 3634 obtinent,
1618 3559 1947 3640 insigninnt
1977 3561 2083 3623 illa

438 3662 573 3725 quae
592 3644 909 3707 sunt.Dicit
937 3654 1135 3707 autem
1171 3645 1274 3706 illa
1304 3666 1437 3727 quae
1466 3658 1625 3729 sunt,
1659 3668 1776 3711 non
1808 3648 2086 3712 substan-

439 3733 574 3811 tias,
609 3733 714 3796 sed
746 3733 1114 3808 (accidentia)
1150 3753 1278 3812 qua;
1325 3737 1388 3797 in
1417 3739 1763 3800 sunstantiis
1813 3757 2079 3801 cernun-

440 3829 559 3897 tus,
590 3831 773 3901 atque
807 3822 982 3884 etiam
1016 3841 1085 3885 ex
1115 3822 1238 3885 Deo
1268 3834 1431 3903 sunt;
1480 3827 1608 3888 bmc
1668 3836 1862 3890 autem
1916 3838 2083 3891 extra

439 3929 656 3994 corpus
682 3910 1014 3974 consistere
1042 3922 1373 3992 nequeunt,
1408 3932 1595 3996 eaque
1635 3918 1808 3978 etiam
1843 3935 1950 3997 per
1971 3936 2079 3980 co-

442 4001 784 4082 gitationem
814 4008 1053 4064 sanctus
1084 3999 1261 4063 Pater
1290 4003 1511 4067 divisit.

519 4091 737 4170 §VIIL
800 4095 992 4173 Atque
1049 4109 1118 4153 ex
1178 4093 1290 4155 hac
1346 4094 1610 4157 omnium
1681 4114 1857 4159 causa
1904 4098 2082 4161 etiam

2163 3199 2288 3277 ρίζει
2347 3199 2412 3253 τὰ
2442 3195 2587 3253 ὄντα·
2624 3198 2668 3253 εἰ
2717 3198 2817 3275 γὰρ
2861 3196 2938 3271 μὴ
2997 3197 3065 3264 ἦν
3092 3197 3227 3273 ζωὴ,
3264 3196 3359 3254 οὐκ
3403 3194 3465 3252 ἂν
3512 3195 3738 3271 ἐζῶμεν*
3776 3197 3823 3251 εἰ

2165 3289 2242 3363 μὴ
2291 3288 2356 3356 ἦν
2389 3288 2611 3367 φρουρὰ,
2640 3286 2732 3342 οὒκ
2780 3284 2841 3341 ἂν
2884 3286 3293 3366 ἐφρουρούμεθα’
3330 3288 3373 3343 εί
3417 3285 3492 3360 μὴ
3547 3285 3612 3353 ἦν
3660 3288 3825 3352 κίνη-

2166 3401 2272 3451 σις,
2320 3380 2414 3434 οὒκ
2466 3376 2529 3433 ἂν
2591 3376 2924 3451 ἐκινούμεθα.
2989 3376 3168 3432 Πάντα
3201 3384 3351 3454 γοῦν,
3383 3376 3562 3443 πάντα,
3613 3374 3713 3432 ὅσα
3772 3375 3829 3431 ἐν

2165 3473 2242 3541 τῷ
2274 3470 2405 3524 εἰναι
2436 3466 2588 3541 ὄντα,
2620 3467 2686 3522 τὰ
2729 3464 2854 3521 ὄντα
2888 3467 3363 3546 χαρακτηρίζουσι.
3424 3457 3610 3523 ’Ὄντα
3642 3463 3695 3520 δὲ
3726 3462 3825 3521 λέ-

2164 3580 2246 3637 γει
2305 3562 2364 3617 οὒ
2393 3557 2487 3619 τὰς
2548 3556 2753 3630 οὐσίας,
2786 3553 2924 3611 ἀλλὰ
2953 3557 3018 3611 τὰ
3075 3555 3128 3612 ἐν
3174 3568 3296 3619 ταῖς
3332 3554 3532 3617 οὐσίαις
3585 3556 3824 3632 θεωρού-

2163 3670 2298 3724 μενα
2355 3647 2416 3704 ἐκ
2447 3653 2540 3704 τοῦ
2572 3652 2702 3702 Θεοῦ
2754 3654 2887 3701 εἰσι’
2922 3652 3086 3703 ταῦτα
3141 3645 3195 3701 δὲ
3255 3644 3405 3710 ἐκτὸς
3436 3644 3702 3719 σωμάτων
3762 3644 3824 3700 οὗ

2163 3738 2374 3794 δύναται
2433 3736 2789 3810 συνίστασθαι,
2822 3732 2987 3792 διεῖλε
3048 3733 3103 3792 δὲ
3162 3738 3308 3811 ὁμῶς
3366 3733 3497 3791 αὐτὰ
3552 3735 3581 3790 ὁ
3634 3733 3819 3809 Πατὴρ

2162 3828 2281 3884 κατ’
2312 3827 2576 3885 ἐπίνοιαν.

2245 4094 2274 4175 §
2328 4090 2487 4157 V111.
2543 4096 2641 4153 Καὶ
2687 4094 2749 4153 ἐκ
2778 4099 2877 4163 τῆς
2923 4095 3089 4158 αἰτίας
3133 4099 3239 4155 τῶν
3282 4093 3494 4151 πάντων
3525 4093 3579 4150 αἱ
3630 4094 3818 4160 νοηταὶ

440 4180 821 4245 intellectiles
864 4180 1060 4262 quoad
1112 4200 1245 4261 nos,
1310 4189 1372 4247 et
1413 4184 1817 4265 intelligentes
1888 4187 2079 4269 quoad

2166 4188 2238 4250 ὡς
2294 4184 2424 4264 πρὸς
2457 4186 2623 4263 ἡμᾶς,
2659 4185 2756 4241 καὶ
2784 4185 2957 4263 νοεραῖ
2984 4186 3055 4248 ὡς
3110 4184 3239 4261 πρὸς
3269 4183 3359 4241 τὸν
3393 4184 3524 4239 Θεὸν
3574 4180 3813 4249 δυνάμεις

441 4272 630 4336 Deum
665 4320 683 4348 ,
745 4271 995 4333 virtutes
1073 4270 1458 4355 subsistunt,
1518 4276 1604 4339 uti
1653 4284 1710 4337 et
1757 4277 1973 4339 animae
2027 4284 2079 4338 et

2167 4276 2495 4355 ὑπέστησαν,
2557 4274 2651 4331 καὶ
2710 4276 2762 4331 αἱ
2821 4276 3016 4355 ψυχαὶ,
3073 4277 3167 4330 καί
3223 4275 3289 4331 τὰ
3343 4274 3589 4353 σώματα,
3623 4272 3708 4329 καὶ
3747 4271 3814 4329 τὰ

440 4379 718 4443 corpora,
769 4369 828 4423 et
879 4379 1013 4438 quas
1060 4362 1478 4443 quoquomodo
1510 4364 1568 4427 in
1599 4364 1732 4426 aliis
1759 4366 2079 4444 exsistunt,

2170 4369 2411 4423 ὁπωσοῦν
2440 4364 2476 4433 ἢ
2507 4364 2561 4420 ἐν
2591 4363 2789 4444 ἑτέροις
2842 4366 3177 4444 ὒπάρχοντα,
3204 4362 3277 4428 ὥς
3309 4369 3540 4443 χρῶμα,
3565 4361 3816 4442 σχρῆμα,

442 4463 514 4514 ut
541 4449 732 4527 color,
778 4449 991 4530 forma,
1028 4451 1301 4544 qualitas,
1335 4452 1567 4534 aliaque
1607 4472 1739 4531 quas
1767 4454 1929 4517 circa
1957 4474 2079 4518 cor-

2170 4454 2495 4530 πηλικότης,
2531 4455 2618 4511 καὶ
2676 4452 2845 4510 τᾶλλα
2899 4454 2963 4510 τά
2993 4454 3110 4532 περὶ
3168 4455 3230 4510 τὸ
3281 4458 3439 4528 σῶμα
3485 4452 3751 4544 opibus“,
3785 4450 3824 4520 ἢ

440 4558 555 4623 pus
609 4548 958 4620 cernuntur,
1018 4540 1111 4602 vel
1164 4558 1269 4621 per
1327 4543 1747 4623 cogitationem
1791 4563 1925 4607 esse
1985 4545 2079 4606 di-

2167 4567 2284 4624 κατ,
2331 4544 2564 4600 ἐπίνοιαν
2623 4547 2762 4600 εἶναι
2794 4541 3080 4621 λεγόμενα,
3115 4543 3237 4599 οἶον
3297 4544 3497 4617 νόημα,
3532 4541 3820 4615 αἴσθησ“ις,

440 4638 679 4706 cuntur,
737 4637 802 4691 ut
848 4628 1200 4710 intellectio,
1230 4648 1467 4707 sensus,
1510 4631 1683 4714 ratio,
1730 4641 1789 4695 et
1839 4633 2080 4699 similia.

441 4720 549 4785 Illa
602 4720 807 4801 utique
840 4718 913 4781 ab
952 4718 1045 4779 bis
1083 4722 1367 4794 secernit,
1424 4723 1701 4803 quoniam
1760 4723 1883 4805 illa,
1936 4735 2084 4785 tam-

443 4811 554 4875 etsi
575 4810 640 4872 in
669 4808 801 4872 aliis
830 4807 1178 4883 subsistant,
1235 4819 1433 4874 tamen
1479 4811 1683 4874 sensui
1741 4812 2084 4893 subjiciun-

443 4909 563 4977 tur;
613 4899 741 4961 haec
787 4907 986 4962 autem
1041 4916 1422 4981 nequaquam
1485 4901 1687 4964 sensui
1745 4902 2079 4983 subjacent,

443 4989 547 5052 sed
580 5006 688 5068 per
713 4987 898 5052 solam
921 4986 1340 5068 cogitationem
1372 5000 1838 5069 cognoscuntur.
1880 4994 2083 5075 Itaque

444 5084 696 5142 virtutes
723 5077 842 5142 illa
870 5080 1081 5161 beatae,
1114 5089 1233 5144 tam
1288 5080 1498 5163 primae
1543 5099 1718 5163 quam
1765 5091 2083 5165 sequentes

428 5174 508 5237 _et
553 5166 779 5229 ultimae
837 5169 1031 5249 quoad
1089 5170 1243 5247 illas,
1318 5190 1439 5234 non
1494 5171 1687 5254 quoad
1757 5191 1888 5250 nos;
1944 5192 2081 5236 nam

444 5257 638 5343 quoad
681 5274 796 5320 nos
824 5275 1034 5320 omnes
1085 5261 1597 5341 supermundiales
1640 5271 1778 5326 sunt
1811 5312 1828 5345 ,
1901 5262 2082 5328 etiam

444 5356 786 5433 postrema);
819 5353 880 5411 et
907 5345 1274 5430 principatus
1302 5358 1359 5414 et
1386 5352 1588 5416 omnia
1634 5370 1706 5417 ex
1758 5351 1880 5417 Deo
1929 5354 2084 5417 etin

2167 4634 2351 4713 λόγος,
2410 4632 2501 4690 καί
2559 4635 2624 4689 τὰ
2666 4636 2905 4695 τοιαῦτα.
2984 4633 3205 4705 Χωρίζει
3275 4631 3402 4710 γοῦν
3474 4631 3655 4688 ἐκεῖνα
3714 4632 3824 4687 ἀπὸ

2167 4726 2387 4796 τούτων,
2436 4722 2516 4779 ὅτι
2548 4722 2752 4797 ἐκεῖνα,
2789 4725 2832 4779 εἰ
2874 4723 2969 4783 καῖ
3000 4726 3056 4779 ἒν
3106 4722 3303 4802 ἑτέροις
3334 4722 3665 4799 ὒφίστανται,
3698 4719 3823 4777 ἀλλ’

2168 4814 2254 4871 οὖν
2309 4814 2545 4882 αἰσθήσει
2606 4814 2935 4870 ὑπόκεινταιο
3016 4820 3181 4869 ταῦτα
3236 4807 3297 4869 δὲ
3357 4811 3461 4892 οὐχ
3515 4812 3821 4868 ὀπόκεινται

2167 4904 2427 4982 αἰσθήσει,
2460 4901 2581 4959 ἀλλ’
2612 4902 2728 4960 κατ’
2775 4903 3009 4961 ἐπίνοιαν
3054 4901 3226 4978 μόνην
3269 4902 3640 4983 γινώσκονται.
3700 4898 3821 4960 Καὶ

2166 5001 2289 5073 γςῦν
2341 4994 2392 5050 αὶ
2451 4994 2705 5073 μακάριαι
2757 4991 3031 5069 δυνάμεις,
3088 4991 3183 5049 καὶ
3244 4993 3295 5048 αἱ
3354 4996 3560 5070 πρῶται
3616 4989 3707 5046 καὶ
3764 4992 3819 5047 αἱ

2167 5083 2285 5161 μετ’
2336 5082 2523 5163 αὐτὰς,
2582 5084 2670 5141 καὶ
2729 5085 2781 5140 αἱ
2836 5083 3062 5163 ἔσχαται
3120 5082 3251 5158 πρὸς
3306 5079 3532 5156 ἐκείνας,
3565 5077 3624 5136 οὗ
3680 5079 3817 5157 πρὶς

2165 5177 2332 5250 ἡμᾶς·
2368 5174 2499 5250 πρὸς
2545 5173 2646 5251 γὰρ
2702 5173 2846 5246 ἡμᾶς
2906 5170 3251 5250 ὺπερκόσμιοί
3311 5171 3399 5227 καὶ
3447 5172 3499 5226 αἱ
3555 5167 3811 5250 ἓσχαται⁰

2164 5266 2253 5322 καὶ
2287 5266 2338 5320 αἱ
2384 5262 2672 5343 ἀρχαὶκαὶ
2720 5262 2893 5319 πάντα
2922 5261 2982 5319 ἐκ
3029 5266 3123 5319 τοῦ
3167 5266 3298 5317 Θεοῦ
3326 5263 3424 5318 καὶ
3478 5256 3534 5315 ἒν
3563 5265 3641 5334 τῷ
3697 5264 3816 5334 Θιῷ

2167 5355 2293 5412 εἰσιο
2338 5354 2425 5410 καὶ
2481 5353 2559 5428 μὴ
2612 5352 2775 5429 μόνον
2818 5352 2879 5410 τὸ
2931 5354 3069 5411 εἶναι
3128 5347 3267 5407 ἀλλὰ
3320 5350 3410 5408 καὶ
3464 5350 3526 5408 τὸ
3555 5347 3613 5406 εὖ
3667 5347 3816 5407 εἶναι

1772 5522 2033 5589 VARIIE
2080 5518 2522 5590 LECTIONES.

529 5630 593 5685 86
613 5628 782 5697 Max.
820 5634 881 5695 in
905 5631 1270 5697 indivisibili.
