4134 6156
475 354 593 435 847
1655 362 1716 428 s.
1792 352 2138 427 DIONYSII
2205 348 2709 428 AREOPAGITE
3743 354 3860 427 848

478 503 803 583 ﬁgurarum
835 498 1129 584 omnium;
1157 499 1284 564 hac
1306 499 1614 581 vero,quia
1634 517 1816 579 supra
1836 517 1906 562 ea
1928 497 2129 561 omnia

2213 496 2320 554 ἔστι
2352 499 2482 561 Θεὸς
2511 497 2761 577 ἀσχέτως
2813 498 2901 553 καὶ
2931 495 3297 577 ἐξῃρημένως’
3352 497 3441 553 καὶ
3474 492 3622 555 οὐδὲν
3677 493 3857 561 τέλος,

470 598 655 668 est,et
676 609 857 673 supra
880 592 1327 672 incorporeum,
1361 597 1421 652 et
1449 608 1630 670 supra
1651 588 2124 651 immaterialita-

2311 588 2325 609 ν
2382 589 2403 607 η
2473 592 2486 608 ιι
2559 586 2582 605 ν
2790 586 2799 607 ι
2959 588 2972 606 ι
3059 585 3115 603 ’κ
3270 586 3280 601 σ
3446 584 3461 601 θ
3538 588 3565 607 γ
3603 584 3649 609 ,ις
3752 584 3777 604 ν

2213 591 2306 662 μεθ
2378 611 2406 643 ο
2438 610 2532 646 ουκ
2560 609 2669 643 εστι
2702 594 2856 649 Θεος⁶
2887 609 2977 643 και
3026 589 3171 643 ουοεν
3216 608 3402 661 μεσον,
3443 607 3498 641 εν
3526 610 3571 659 ῳ
3598 607 3695 643 ουκ
3754 606 3865 641 εστι

472 687 593 744 tem
621 672 811 743 forma
838 680 1162 762 specieque
1194 698 1428 754 carens,
1465 679 1761 761 principia
1783 686 1843 741 et
1886 680 2037 740 ﬁnes
2070 684 2128 739 et

2213 677 2362 752 Θεὸς,
2394 677 2531 735 κατὰ
2588 675 2673 732 τό·
2736 672 2881 755 Ἐγὼ
2938 677 3069 742 Θεὸς
3128 677 3360 756 πρῶτος,
3421 698 3508 731 και
3561 674 3669 754 ἐγὼ
3729 675 3865 750 μετᾶ

473 769 674 834 media
690 788 893 833 rerum
919 768 1680 851 circumplectensznullum
1714 768 1874 831 enim
1909 766 2130 848 princi-

472 858 639 941 pium
664 867 966 941 est,supra
997 860 1155 942 quod
1189 878 1309 923 non
1334 859 1409 922 sit
1435 860 1595 923 Deus
1624 857 2127 939 incomprehense

473 956 537 1013 et
567 956 933 1029 exempte;et
956 947 1475 1029 nullusﬁnis,post
1502 966 1677 1029 quem
1710 966 1828 1010 non
1850 946 1927 1007 sit
1947 948 2127 1018 Deus;

467 1046 529 1102 et
557 1038 791 1100 nullum
825 1038 1114 1114 medium,
1145 1036 1207 1099 in
1238 1056 1356 1119 quo
1378 1056 1499 1099 non
1532 1037 1610 1099 sit
1641 1035 1819 1111 Deus,
1861 1037 2029 1116 juxta
2054 1034 2129 1098 il-

469 1125 574 1190 lud
601 1148 614 1192 :
644 1128 765 1208 Ego
791 1126 952 1191 Deus
973 1128 1227 1208 primus,
1260 1135 1320 1189 et
1342 1145 1454 1206 ego
1483 1134 1612 1207 post
1639 1127 1790 1203 haec;
1826 1136 1888 1187 et
1918 1132 2133 1206 prmter

471 1237 570 1283 me
599 1237 718 1283 non
747 1230 839 1283 est
859 1219 1070 1296 alius‘;
1089 1220 1202 1282 hoc
1233 1218 1396 1281 enim
1433 1227 1524 1283 est
1556 1218 1944 1301 principium,
1969 1225 2029 1280 et
2051 1217 2123 1279 ﬁ-

471 1309 591 1391 nis,
617 1317 674 1371 et
693 1307 982 1390 medium,
1006 1309 1211 1390 utique
1241 1307 1576 1371 secundum
1601 1326 1785 1369 unam
1814 1315 1874 1370 et
1903 1325 2124 1387 supra-

471 1416 650 1479 quam
669 1398 894 1461 unitam
914 1399 1052 1461 447
1071 1399 1515 1462 causam.Licet
1530 1398 1691 1461 enim
1712 1397 1881 1459 multi
1905 1397 2026 1458 sint
2040 1396 2126 1459 ei-

471 1487 660 1550 iectus
673 1497 995 1552 etmunera
1018 1489 1475 1564 inﬁnita,tamen
1491 1506 1668 1569 supra
1681 1504 1923 1550 omnem
1954 1486 2125 1547 unio-

470 1596 610 1641 nem
635 1577 815 1643 habet
841 1598 1025 1642 unum
1056 1578 1203 1641 illud
1230 1597 1430 1659 causa,
1451 1577 1829 1659 quazliquido
1848 1574 2128 1641 omnibus

472 1667 682 1731 illucet
729 1687 895 1732 more
950 1668 1095 1731 solis
1128 1669 1306 1751 hujus
1336 1668 1642 1731 sensibilis
1677 1685 1690 1727 :
1728 1668 1779 1729 si
1810 1666 1968 1731 enim
2004 1666 2125 1743 hic,

2208 776 2394 839 ταῦτα,
2428 766 2515 822 καὶ
2573 764 2717 833 πλὴν
2747 766 2881 841 ἒμοῦ
2936 767 3029 822 ούκ
3084 763 3217 821 ἔστι·
3276 772 3433 822 τοῦτο
3491 764 3593 844 γὰρ
3636 763 3778 820 ἐστιν
3829 764 3865 831 ἦ

2211 856 2359 936 ἀρχὴ
2416 857 2478 911 τὸ
2531 853 2709 931 τέλος,
2745 857 2833 912 καὶ
2889 855 2949 911 τὸ
3007 853 3195 930 μέσον,
3239 854 3378 910 κατὰ
3425 854 3551 930 γοῦν
3600 853 3723 929 μίαν
3777 853 3868 910 καὶ

2211 945 2628 1024 ὑπερηνωμένην
2686 945 2879 1004 αἰτίαν.
2940 945 2999 1001 El
3040 944 3140 1023 γὰρ
3181 941 3355 1001 πολλὰ
3407 943 3474 999 τὰ
3526 943 3735 1001 αἱτιατὰ
3777 941 3869 999 καὶ

2213 1037 2265 1091 αἱ
2321 1032 2512 1114 δωρεαί
2563 1034 2795 1114 ἄπειροι,
2856 1031 2993 1090 ἀλλὰ
3049 1034 3140 1090 καί
3212 1031 3344 1111 ὒπέρ
3420 1038 3595 1089 πᾶσαν
3675 1031 3869 1089 ἕνωσιν

2214 1124 2333 1205 ἔχει
2363 1126 2426 1181 τὸ
2479 1124 2681 1180 ένιαϊον
2710 1126 2771 1181 τὸ
2818 1122 3017 1197 αἴτιον,
3063 1123 3347 1203 ἀχράντως
3382 1136 3505 1185 τοϊς
3548 1127 3710 1179 πᾶσιν
3738 1122 3868 1179 ἐπι-

2208 1212 2433 1290 λάμπει,
2488 1211 2638 1280 δίκην
2697 1219 2790 1269 τοῦ
2863 1214 3115 1280 αἰσθητοῦ
3164 1214 3352 1272 τούτου
3417 1210 3588 1281 ἡλίουο
3661 1213 3707 1269 εἰ
3764 1213 3871 1291 γὰρ

2209 1306 2359 1366 οὗτος
2407 1304 2435 1358 ὁ
2479 1301 2539 1358 ἑκ
2567 1310 2659 1359 τοῡ
2709 1309 2839 1360 Θεοῦ
2867 1302 3099 1367 ὑποστὰς
3158 1301 3364 1368 πολλὰς
3415 1302 3592 1364 οὖσίας
3621 1302 3711 1358 καί
3739 1300 3866 1358 δια-

2207 1394 2396 1473 φόρους
2453 1393 2746 1459 ποιότητας
2806 1390 2890 1454 εἷς
2950 1391 3024 1449 ὢν
3068 1390 3356 1467 μονοειδῶς
3414 1390 3728 1471 ἐπιλάμπει,
3776 1390 3872 1448 καί

2210 1483 2474 1558 μενούσης
2538 1487 2664 1557 μιᾶς
2697 1483 2786 1538 καί
2813 1482 3008 1544 ἑνιαίας
3067 1483 3166 1548 τῆς
3195 1480 3475 1562 λάμψεως,
3502 1479 3738 1563 διάφοροι
3782 1482 3873 1559 γί-

2210 1594 2386 1629 νονται
2443 1572 2495 1626 αἱ
2550 1569 2829 1649 ἐνέργειαι·
2891 1569 3077 1645 πολλῷ
3121 1592 3182 1649 γε
3213 1569 3421 1645 μᾶλλον
3478 1570 3563 1627 ἐπί
3618 1577 3749 1627 Θεοῦ
3803 1572 3871 1628 τὸ

2208 1668 2445 1717 τοιοῦτον
2504 1660 2717 1731 νοήσειέ
2743 1684 2823 1725 τις
2871 1661 2964 1719 τοῦ
3000 1668 3225 1729 ποιητοῦ
3259 1662 3349 1718 καί
3405 1661 3585 1734 αὺτοῦ,
3616 1661 3706 1717 καί
3756 1665 3872 1718 τῶν

474 1774 609 1823 cum
636 1776 708 1822 ex
734 1759 859 1823 Deo
883 1750 1409 1835 subsistat,multas
1440 1757 1799 1821 substantias
1830 1776 1898 1819 ac
1919 1757 2124 1819 diver-

2213 1750 2389 1808 ἄλλων
2421 1750 2696 1815 ἁπάντων,
2746 1753 2848 1810 Καί
2896 1752 2941 1808 εί
2970 1753 2998 1807 ὸ
3046 1750 3196 1818 ἥλιος
3226 1752 3322 1814 τὰς
3354 1751 3520 1815 αἰτίας
3549 1755 3655 1807 τῶν
3684 1751 3879 1808 τοσού-

472 1864 571 1910 sas
619 1847 931 1929 qualitates
979 1867 1135 1911 unus
1166 1847 1459 1911 exsistens
1488 1847 1863 1911 uniformiter
1894 1846 2125 1909 illumi-

2213 1863 2315 1896 των
2365 1843 2646 1918 ἒνεργειῶν
2706 1841 2793 1897 καί
2847 1842 3108 1911 κινήσεων
3174 1839 3463 1916 μονοειδῶς
3521 1840 3874 1920 προείληφεν,

470 1928 1124 2020 net,et,illuminatione
1153 1957 1272 2001 una
1302 1946 1363 2001 et
1394 1938 1563 2000 unita
1593 1947 2005 2017 permanente,
2025 1936 2122 1998 di-

2213 1930 2418 1993 ὲνιαίως
2452 1928 2577 1993 ὅλος
2630 1928 2825 1986 ἅπασιν
2858 1928 3201 2020 έπιλᾶμπων,
3234 1929 3323 2020 διαί
3364 1930 3570 2003 ἑκάστῳ
3621 1929 3877 2007 εὑρισκό-

378 2106 381 2109 ν
469 2044 658 2089 versa
681 2027 819 2090 ﬁant
849 2029 1258 2109 operationes;
1287 2034 1506 2107 quanto
1539 2026 1725 2106 magis
1760 2026 1821 2088 in
1851 2029 1973 2090 Deo
1992 2026 2127 2107 quis

476 2115 624 2179 illud
653 2115 967 2200 intelligat,
1000 2123 1103 2198 qui
1135 2126 1250 2179 tam
1285 2116 1443 2178 illius
1463 2135 1635 2198 qaam
1658 2123 2005 2178 caeterarum
2026 2132 2128 2177 re-

478 2223 615 2268 rum
650 2205 922 2268 conditor
950 2205 1212 2269 exsistit?
1233 2206 1309 2269 Et
1335 2208 1383 2269 si
1414 2205 1504 2268 sol
1555 2212 1850 2267 tantorum
1882 2223 2129 2287 operum

478 2312 548 2357 ac
574 2295 903 2358 motionum
975 2314 1181 2359 causas
1249 2294 1625 2357 uniformiter
1684 2295 2129 2376 prmacceperit,

478 2383 646 2447 unite
676 2391 831 2447 totus
848 2385 1126 2448 omnibus
1155 2386 1473 2467 ati'ulgens,
1508 2383 1835 2464 unicuique
1860 2402 2131 2446 commo-

479 2473 594 2537 dus
626 2474 1148 2558 inventus;quanto
1170 2476 1356 2554 magis
1377 2473 1532 2551 apud
1555 2474 1902 2545 Creatorem
1932 2491 2132 2537 exem-

479 2564 663 2645 plaria
709 2582 910 2627 rerum
958 2565 1225 2627 omnium
1254 2564 1546 2627 exsistere
1582 2562 2014 2626 concedamus?
2043 2563 2127 2627 Ac

476 2652 642 2717 Plato
674 2654 911 2734 quidem
944 2654 1112 2717 ideas
1135 2666 1198 2717 et
1217 2654 1583 2734 exemplaria
1603 2653 1781 2715 nimis
1818 2653 1913 2715 vili
1942 2661 2000 2715 et
2029 2653 2124 2713 in-

480 2742 663 2821 digna
696 2742 805 2807 Dei
826 2744 1053 2805 ratione
1070 2744 1325 2825 accepit;
1347 2744 1445 2806 hic
1469 2745 1640 2805 Pater
1672 2761 1809 2805 vero
1841 2743 1951 2804 hac
1993 2743 2128 2825 qui-

482 2832 624 2894 dem
644 2850 785 2895 voce
813 2851 951 2895 usus
972 2840 1083 2914 est,
1121 2833 1226 2897 sed
1250 2851 1491 2895 sensum
1517 2832 1646 2912 ejus
1673 2834 1767 2913 pie
1792 2832 2126 2914 explicavit,

485 2921 1091 3002 dicens,exemplaria
1108 2940 1239 2985 esse
1262 2922 1523 2984 rationes
1552 2922 2130 3000 prmexsistentes,ac

486 3009 725 3073 divinas
745 3010 1076 3073 voluntates
1096 3030 1225 3092 quae
1247 3010 1542 3072 deﬁniunt
1568 3028 1634 3072 ac
1657 3010 1880 3072 faciunt
1899 3010 2130 3071 univer-

487 3116 554 3163 sa
575 3099 723 3171 (sola
742 3099 902 3162 enim
919 3099 1070 3181 (Dei)
1082 3100 1380 3163 voluntate
1394 3098 1594 3161 omnia
1610 3099 1963 3177 consistunt)
1984 3117 2131 3177 quas

486 3196 546 3251 et
567 3186 1073 3270 praedeﬁnitiones
1097 3207 1201 3251 seu
1234 3188 1691 3270 praadicationes
1718 3187 1884 3249 divus
1912 3187 2133 3251 Paulus

2213 2041 2370 2097 μενος
2436 2020 2756 2098 πρόσφορος’
2820 2018 3007 2094 πολλῴ
3063 2041 3127 2099 γε
3183 2017 3388 2096 μᾶλλον
3438 2020 3875 2100 συγχωρήσομεν

2215 2111 2358 2168 εἶναι
2409 2111 2551 2188 παρὰ
2593 2116 2671 2184 τῷ
2701 2109 3011 2187 δημιουργῷ
3066 2111 3131 2166 τὰ
3159 2118 3265 2167 τῶν
3294 2109 3461 2166 ὄντων
3511 2110 3723 2166 πάντων
3754 2124 3876 2165 πα-

2215 2199 2560 2280 ραδείγματα.
2619 2200 2716 2256 Καί
2759 2202 2786 2255 ὁ
2813 2200 2909 2275 μὲν
2943 2199 3164 2256 Πλάτων
3206 2200 3305 2262 τὰς
3358 2197 3496 2261 ἰδέας
3524 2200 3612 2255 καί
3640 2198 3709 2254 τά
3758 2221 3877 2256 πα-

2215 2288 2536 2368 ραδείγματα
2608 2294 2872 2353 ταπεινῶς
2930 2290 3019 2345 καί
3095 2287 3316 2354 ἀναξίως
3391 2287 3522 2345 Θεοῦ
3598 2286 3872 2367 ἐξείληφε·

2214 2385 2241 2435 ὁ
2286 2378 2340 2434 δὲ
2374 2379 2550 2456 πατὴρ
2604 2383 2672 2454 τῇ
2724 2376 2821 2452 μὲν
2877 2376 3014 2444 λέξει
3071 2376 3367 2458 ἐχρήσατο,
3415 2378 3515 2445 τὴν
3552 2375 3606 2432 δὲ
3663 2376 3879 2434 ἔννοιαν

2214 2466 2440 2531 εὖσεϐῶς
2490 2466 2815 2545 ἐξηγήσατο,
2850 2464 3251 2547 παραδείγματα
3296 2465 3467 2545 λέγων
3519 2467 3643 2529 τοὺς
3694 2479 3876 2545 προϋ-

2214 2562 2487 2640 φεστῶτας
2549 2555 2765 2636 λόγους,
2819 2557 2908 2613 καί
2959 2558 3025 2615 τὰ
3074 2557 3386 2637 ἀφοριστικὰ
3442 2556 3701 2622 ποιητικὰ
3747 2560 3881 2614 θεῖα

2211 2648 2512 2725 θελήματα,
2573 2649 2748 2723 (μόνῳ
2807 2648 2907 2726 γὰρ
2954 2651 3031 2722 τῷ
3085 2647 3361 2723 βούλεσθαι
3405 2647 3470 2703 τὰ
3502 2646 3674 2703 πάντα
3729 2647 3879 2702 ὑπέ-

2213 2742 2455 2808 στησεν·)
2500 2737 2587 2799 οὓς
2621 2738 2708 2793 καί
2751 2736 3105 2815 προορισμοὺς
3155 2738 3183 2792 ὸ
3212 2740 3359 2800 θεῖος
3416 2735 3624 2799 Παῦλός
3678 2753 3873 2815 φησιν·

2212 2827 2314 2891 Οὓς
2391 2828 2445 2883 δὲ
2521 2827 2806 2906 προώρισε,
2888 2826 3083 2904 λέγων,
3163 2827 3376 2890 τούτους
3446 2825 3537 2883 καί
3614 2825 3874 2884 ὶκόλεσε·

2213 2917 2301 2972 καί
2360 2915 2596 2990 ἒτέρωθι,
2656 2916 2941 2994 Προορίσας
2998 2917 3142 2990 ἡμᾶς
3213 2915 3266 2972 ὲν
3322 2921 3399 2990 τῷ
3453 2913 3715 2991 θελήματι
3761 2917 3875 2974 αύ-

2212 3012 2326 3070 τοῦ,
2384 3008 2452 3064 Τὸ
2486 3003 2565 3085 δὲ,
2597 3004 2711 3062 ἐπεί
2757 3005 2846 3061 καί
2898 3006 3076 3067 ούαίας
3136 3005 3361 3084 παράγει
3416 3006 3551 3064 κατὰ
3607 3005 3704 3073 τὴν
3762 3005 3876 3063 ὕπὸ

2251 3100 2264 3121 ν
2452 3093 2475 3115 »ι
2840 3096 2928 3128 -οο
3169 3093 3192 3116 κ
3600 3097 3627 3111 ν

2214 3097 2392 3158 ουσίας
2453 3092 2689 3174 εκϐασιν,
2723 3117 2959 3153 τοιουιον
3000 3117 3119 3152 τινα
3170 3115 3289 3175 εχει
3318 3093 3501 3173 λόγον.
3554 3103 3749 3169 Ειπεν,
3782 3095 3876 3153 ’ὁτι

2214 3186 2427 3244 πάντων
2499 3189 2604 3240 τῶν
2676 3184 2845 3241 ὒντων
2900 3185 2965 3240 τά
3023 3182 3422 3262 παραδείγματα
3488 3183 3543 3240 ἐν
3612 3184 3691 3259 τῷ
3750 3191 3878 3242 Θεῶ

484 3266 1001 3358 appellat,dicens:
1029 3277 1195 3354 Quae
1213 3266 1417 3340 autem
1434 3278 1909 3359 prmdeslinavit,
1938 3279 2045 3340 hos
2076 3285 2132 3341 et

2216 3275 2383 3353 ἐστιν,
2415 3275 2538 3332 εἶτα
2593 3275 2817 3347 ὡσπερεί
2846 3295 2988 3341 τινος
3045 3275 3153 3330 τῶν
3210 3272 3385 3331 ἄλλων
3430 3274 3531 3351 μὲν
3583 3275 3707 3337 τοὺς
3764 3274 3876 3331 λό-

483 3366 717 3429 υοοαυίι
734 3374 848 3443 a;et
865 3366 1042 3431 alibi:
1065 3368 1187 3444 Qui
1201 3367 1657 3447 prmdestinavit
1687 3385 1799 3429 nos
1822 3368 1887 3429 in
1916 3368 2130 3431 volun-

488 3461 613 3518 tate
627 3472 743 3517 sua
763 3450 811 3521 δ.
844 3455 1010 3529 Quod
1043 3464 1239 3518 autem
1274 3457 1454 3518 etiam
1486 3455 1849 3517 substantias
1881 3454 2135 3518 adducat

484 3544 815 3606 secundum
872 3545 1274 3624 egressionem
1308 3565 1341 3608 a
1391 3545 1745 3621 substantia,
1800 3544 2135 3606 istiusmodi

485 3634 776 3695 rationem
802 3633 1324 3697 habet.Dixeratin
1342 3633 1463 3697 Deo
1486 3652 1618 3696 esse
1641 3637 1908 3697 omnium
1932 3652 2133 3696 rerum

487 3722 872 3804 exemplaria;
905 3722 1123 3786 deinde
1150 3744 1219 3787 ac
1261 3725 1310 3786 si
1341 3724 1473 3804 quis
1498 3724 1741 3785 aliarum
1767 3724 2007 3804 quidem
2038 3743 2133 3786 re-

492 3827 626 3874 rum
658 3810 920 3874 rationes
937 3813 996 3874 in
1022 3816 1145 3877 Deo
1169 3832 1301 3878 esse
1319 3814 1707 3894 dicat,utputa
1727 3812 2133 3893 providentia-

488 3918 696 3964 rumac
718 3902 1965 3983 munerum,motuumque,sicutapostolica
1980 3903 2137 3965 dicta

488 3990 748 4067 tradunt;
799 3991 876 4053 ita
921 4000 984 4054 ut
1020 3993 1161 4056 hinc
1209 3992 1449 4074 quidem
1508 3991 1896 4073 probabiliter
1954 3993 2129 4054 colli-

485 4089 677 4161 gatur,
737 4081 1282 4161 praedestinationes
1333 4081 1657 4144 ministerii
1714 4088 1774 4142 et
1832 4082 2131 4162 apostola-

485 4175 580 4231 tus
632 4168 1019 4248 rationesque
1075 4172 1287 4234 horum
1347 4188 1482 4233 esse
1541 4170 1603 4232 in
1657 4172 1799 4247 Deo,
1863 4170 2128 4253 ipsarum

482 4265 680 4321 autem
753 4276 1141 4341 personarum
1218 4259 1581 4339 exemplaria
1651 4278 1771 4320 non
1829 4279 1983 4322 esse.
2044 4262 2130 4324 Ac

482 4346 537 4411 si
590 4348 726 4427 quis
777 4348 977 4429 itaque
1051 4347 1387 4412 istiusmodi
1464 4348 1765 4430 opinionis
1844 4350 2019 4432 foret,
2074 4359 2131 4413 et

2218 3388 2343 3443 γους
2369 3362 2598 3428 διδόντος
2629 3377 2769 3422 εἶναι
2800 3363 2855 3420 ἐν
2884 3369 2961 3437 τῷ
2991 3367 3132 3445 Θεῷ,
3163 3362 3409 3433 δηλονότι
3440 3369 3544 3422 τῶν
3573 3371 3871 3444 προνοιῶν,

2217 3459 2322 3511 τῶν
2365 3452 2597 3535 δωρεῶν,
2630 3455 2735 3511 τῶν
2783 3455 3071 3534 κινήσεων,
3103 3456 3275 3519 καθὼς
3309 3454 3397 3511 καί
3431 3455 3496 3511 τά
3537 3453 3878 3515 ἂποστολικά

2219 3545 2356 3623 ῥητά
2417 3543 2653 3625 ἔχουσιν·
2717 3545 2791 3606 ὡς
2863 3542 3175 3620 συνάγεσθαι
3234 3544 3371 3609 ἴσως
3427 3544 3681 3624 έντεῦθεν,
3744 3546 3876 3609 τοὺς

2220 3634 2317 3710 μὲν
2373 3635 2725 3713 προορισμοὺς
2775 3638 2875 3699 τῆς
2931 3631 3195 3699 διακονίας
3260 3635 3344 3690 ιιαῖ
3376 3635 3475 3700 τῆς
3531 3632 3870 3706 ἀποστολῆς,

2223 3727 2307 3782 καί
2362 3724 2483 3788 τοὺς
2514 3723 2705 3803 λόγους
2762 3724 2963 3780 τούτων
3007 3722 3148 3780 εἴναι
3196 3723 3251 3781 ἒν
3279 3724 3357 3797 τῷ
3410 3729 3547 3804 Θεῷ,
3581 3722 3756 3780 αὐτῶν
3814 3721 3872 3780 δὲ

2217 3821 2323 3871 τῶν
2380 3813 2677 3891 προσώπων
2706 3813 2772 3870 τὰ
2823 3812 3221 3892 παραδείγματα
3281 3813 3359 3888 μὴ
3417 3812 3583 3869 εἶναι·
3639 3814 3874 3891 ὡσπερεί

2217 3926 2365 3969 τινος
2397 3911 2519 3983 γοῦν
2552 3902 2791 3979 οἰομένου
2847 3909 3063 3959 τοιαῦτα
3090 3904 3179 3959 καί
3205 3903 3527 3983 χωρίζοντος
3571 3906 3679 3959 τῶν
3706 3924 3869 3975 προσ-

2214 3993 2377 4049 ώπων
2432 3994 2527 4057 τὰς
2587 3992 2874 4072 ἐνεργείας,
2909 3994 3038 4071 φησί
3090 3996 3371 4067 συνιστῶν,
3404 3992 3486 4048 ὃτι
3545 3992 3636 4051 καί
3696 3992 3864 4049 αὖτῶν

2214 4081 2332 4139 καθ’
2388 4083 2513 4140 αὐτὸ
2543 4088 2652 4138 τῶν
2682 4083 2983 4161 προσώπων
3039 4083 3159 4144 τοὺς
3194 4080 3387 4161 λόγους
3417 4081 3534 4163 ἔχει
3585 4080 3713 4159 παρ’
3739 4080 3861 4138 ευτ-

2218 4179 2291 4247 τῷ
2346 4175 2374 4230 ὁ
2420 4170 2768 4253 δημιουργός,
2800 4172 2917 4229 ὶπεί
2966 4171 3054 4229 καί
3110 4172 3290 4238 αύσίας
3347 4172 3600 4250 παράγει,
3653 4171 3861 4245 Σκέψαι

2214 4264 2315 4341 γαρ
2371 4261 2476 4318 ἀπὸ
2535 4262 2641 4319 τῶν
2696 4262 2813 4319 καθ’
2876 4263 3020 4338 ἡμᾶς
3070 4262 3371 4342 τεχνητῶν,
3405 4261 3487 4319 ὃτι
3522 4263 3682 4335 ἡμεῖς
3728 4259 3857 4340 μὲν,

2213 4352 2327 4410 ἐπεί
2384 4351 2476 4408 οὐκ
2529 4352 2709 4416 οὐσίας
2774 4352 3104 4432 παράγομεν,
3150 4350 3266 4409 068%.
3324 4351 3444 4415 τοὺς
3504 4349 3695 4428 λόγους
3754 4354 3861 4407 τῶν

481 4453 518 4496 a
557 4435 834 4516 personis
895 4437 1167 4501 actiones
1212 4446 1541 4519 separaret,
1605 4438 1836 4516 asserit,
1891 4449 2125 4504 creato-

2213 4442 2399 4501 οὖσίῶν
2447 4438 2570 4519 παρ’
2629 4442 2842 4506 ἑαυτοῖς
2901 4441 3127 4523 ἔχομεν’
3190 4440 3347 4507 ἕξεων
3406 4438 3460 4496 δὲ
3514 4441 3603 4497 καί
3656 4438 3863 4519 τέχνης

476 4540 606 4587 rem
654 4524 1054 4605 ipsarummet
1105 4544 1493 4609 personarum
1552 4545 1792 4609 quoque
1862 4535 2127 4593 rationes

2213 4530 2399 4611 λόγους
2461 4530 2608 4590 οὐδὲν
2650 4531 2845 4589 κωλύει
2905 4530 3054 4611 ἔχειν
3111 4533 3283 4608 ἡμᾶς,
3320 4528 3435 4588 καθ’
3484 4531 3572 4595 οὓς
3602 4526 3866 4586 ἀποτελε-

474 4631 665 4697 penes
695 4632 763 4679 se
794 4615 1183 4699 habere,cum
1217 4617 1394 4679 etiam
1413 4616 1771 4680 substantias
1803 4618 2111 4699 producat.

2213 4624 2347 4689 τὸείη
2392 4622 2455 4678 τὸ
2511 4622 2802 4702 τεχνητόν.
2838 4612 2895 4680 Ὀ
2951 4620 3005 4678 δὲ
3056 4624 3208 4697 Θεὸς,
3243 4621 3356 4677 ἐπεί
3385 4622 3474 4678 καί
3502 4621 3702 4676 τούτων
3761 4620 3867 4676 κᾶ-

473 4703 781 4787 Siquidem
816 4704 874 4767 id
906 4705 1222 4768 observare
1250 4706 1386 4769 licet
1414 4705 1477 4767 in
1522 4706 1702 4768 rebus
1748 4708 2112 4772 nostratibus

2213 4713 2379 4769 ιείνων
2436 4713 2784 4791 παραγωγεύς
2840 4712 3006 4787 ἐστιν,
3039 4712 3259 4777 εἰκότως
3317 4710 3434 4791 ἔχει
3466 4709 3554 4767 καί
3611 4708 3864 4789 ἀμφοτέ-

469 4802 598 4857 arte
629 4793 821 4877 factis,
854 4794 1137 4875 quoniam
1169 4814 1278 4858 nos
1307 4794 1548 4876 quidem
1588 4815 1722 4858 cum
1753 4795 2110 4861 substantias

2213 4824 2295 4858 mw
2338 4801 2454 4866 τοὺς
2495 4800 2712 4879 λόγους,
2746 4802 2834 4858 καί
2877 4809 2982 4860 τῶν
3013 4801 3192 4867 ἕξεων.

471 4901 593 4945 non
625 4884 1047 4968 producamus,
1081 4885 1548 4949 substantiarum
1579 4905 1816 4968 quoque
1847 4888 2107 4952 rationes
2129 4889 2281 4972 apud
2320 4908 2430 4953 nos
2464 4888 2709 4951 minime
2742 4889 3030 4953 habemus
3066 4910 3084 4966 ;
3114 4887 3533 4952 habitudinem
3565 4894 3769 4949 autem
3803 4896 3866 4949 et

471 4972 619 5035 artis
647 4976 912 5038 rationes
933 4975 1155 5039 habere
1182 4995 1291 5039 nos
1317 4975 1461 5037 nihil
1485 4983 1662 5051 vetat,
1699 4978 2027 5040 secundum
2053 4998 2196 5061 quas
2217 4998 2315 5043 res
2336 4987 2464 5041 arte
2497 4980 2646 5041 facta
2675 4978 3036 5045 absolvatur.
3066 4979 3223 5042 Dens
3247 4996 3409 5059 vero,
3433 4994 3567 5040 cum
3590 4982 3705 5037 tam
3732 4975 3864 5038 haec

471 5064 788 5152 quamiilla
815 5067 1123 5147 producat,
1162 5067 1375 5130 merito
1406 5064 1586 5129 habet
1615 5075 2009 5150 utrorumque
2035 5071 2316 5148 rationes,
2350 5078 2468 5132 tam
2502 5070 2969 5133 substantiarum
3001 5090 3174 5152 quam
3208 5068 3546 5152 habituum.

551 5150 708 5232 §IX.
744 5154 1023 5243 Clemens
1077 5166 1277 5221 autem
1324 5156 1717 5238 philosophus
1775 5148 1942 5221 urbis
1990 5159 2112 5222 Bo-

2278 5161 2307 5241 §
2364 5159 2464 5223 ῙΧ.
2504 5152 2560 5220 Ὀ
2592 5162 2770 5239 μέντοι
2817 5148 3103 5243 φιλόσοιρος
3138 5159 3366 5237 Κλήμης
3396 5162 3425 5217 ὁ
3460 5148 3675 5235 Ῥώμης
3733 5157 3861 5215 lni-

467 5259 661 5307 manae
717 5242 1058 5325 episcopus,
1118 5255 1182 5308 ut
1238 5245 1483 5324 quidam
1560 5245 1921 5328 interpretes
1976 5250 2115 5311 448

2213 5273 2432 5327 τκοπος,
2460 5251 2534 5316 ὥς
2587 5253 2712 5333 φασί
2742 5273 2881 5316 τινες
2945 5242 3313 5331 ἐξηγούμενοι,
3344 5247 3470 5325 δόξῃ
3529 5248 3632 5305 τινί
3678 5268 3859 5315 κατη-

465 5337 652 5411 aiunt,
676 5334 1019 5416 opinionem
1070 5336 1384 5417 quamdam
1410 5343 1651 5398 secutus
1704 5344 1811 5415 est,
1843 5348 2115 5419 quaetra-

2213 5342 2494 5410 ιο)ούθησε
2552 5341 2805 5421 λεγούσῃ,
2841 5343 2929 5400 καί
2985 5341 3039 5398 έν
3068 5347 3137 5409 τῆ
3185 5339 3389 5419 γενέσει
3420 5339 3529 5396 τῶν
3588 5338 3858 5404 aldinth

465 5422 760 5499 dit,etiam
780 5423 841 5486 in
855 5424 1242 5505 generatione
1264 5442 1469 5513 rerum
1492 5424 1800 5513 sensilium
1825 5428 2111 5509 quasdam

2213 5434 2341 5492 ιίναί
2370 5456 2515 5499 τινας
2573 5431 2804 5513 ἀρχικὰς
2835 5432 3023 5500 αἰτίας,
3089 5422 3178 5495 Ὠς
3213 5436 3339 5510 γοῦν
3370 5430 3424 5486 ἐν
3476 5439 3596 5493 τοῖς
3628 5439 3855 5493 νοητοῖς

464 5529 599 5579 esse
617 5532 831 5579 causas
870 5514 1251 5599 principales.
1286 5512 1802 5588 Quemadmodum
1829 5518 2028 5600 itaque
2048 5520 2110 5584 in

2213 5524 2306 5582 ἔστι
2365 5522 2539 5603 λέγειν
2596 5512 2691 5588 ταίς
2752 5524 2961 5596 νοήσεις
2993 5523 3088 5589 τάς
3144 5521 3285 5585 θείας
3345 5517 3537 5598 λόγους
3589 5515 3856 5597 ἀρχικοὺς

539 5685 562 5717 ι
595 5679 783 5759 Apoc.
820 5696 964 5760 χχιι,
999 5677 1097 5742 13.
1185 5692 1208 5719 ι
1240 5677 1577 5759 Βοωίνιη,
1607 5674 1706 5741 30.
1793 5675 1821 5719 ι’
1848 5676 2066 5759 Ephes.
2103 5702 2144 5763 ι,
2172 5686 2233 5749 ὅ.
