4134 6156
348 395 465 464 849

838 395 935 458 DE
978 396 1277 460 DIVINIS
1317 392 1766 473 NOMINIBUS,
1812 390 1977 454 CAP.
2033 390 2108 452 V.
2154 419 2233 431 —-
2276 389 2661 454 PARAPHR.
2708 392 3220 458 PACHYMER/E.

3608 394 3729 464 850

347 526 434 583 καὶ
493 527 916 612 παραδείγματα,
969 528 1134 595 οὕτως
1192 531 1246 587 ἐν
1311 532 1431 594 τοῖς
1489 529 1766 597 αἰσθητοῖς
1803 525 1986 606 ἕλεγὲν

2072 521 2520 587 intellectilibus
2550 525 2691 588 licet
2719 525 2945 607 dicere,
2981 527 3208 591 divinas
3242 530 3520 595 notiones
3550 533 3735 596 ratio-

347 618 485 673 εἶναι
516 640 638 675 τινα
670 620 1085 701 ἀρχηγικωτερα
1116 619 1543 700 παραδείγματα,
1589 619 1682 677 τοῦ
1732 620 1829 696 μὲν
1873 618 1993 675 ἐνύ-

347 704 441 763 λου
505 709 671 789 τυχὸν
699 713 860 789 πυρὸς
929 712 990 767 τὸ
1020 710 1268 790 αἰθέριον,
1305 716 1410 769 τῶν
1439 708 1493 766 δέ
1522 711 1834 789 πηγιμαίων
1877 706 1999 767 ὑδά-

345 799 451 850 τῶν
506 798 576 852 τὰ
632 799 977 878 ὑπερουρὰνια
1018 799 1205 881 ὕδατα,
1251 799 1403 858 ἅτινα
1444 799 1697 880 ἆϋλότερά
1754 799 1869 864 πώς
1899 800 1998 855 εἶσι

342 890 450 941 τῶν
490 884 809 967 ὕφειμένων,
870 887 997 969 παρ’
1026 891 1174 947 λ’ὀσον
1210 891 1239 945 ὑ
1272 890 1369 965 μὲν
1423 889 1575 969 αἰθὴρ
1606 890 1761 954 αὐτὸς
1794 890 1848 945 ὲν
1881 887 1996 946 ἑαυ-

341 970 420 1038 τῷ
474 970 639 1024 καίων
696 971 1000 1051 ὑφίσταται,
1060 971 1122 1031 τὰ
1178 969 1228 1026 δὲ
1289 970 1530 1048 ὑπεράνω
1601 969 1705 1026 τῶν
1763 975 1997 1049 οὐρανῶν

339 1053 501 1114 ὕδατα
555 1055 682 1139 δίχα
742 1069 832 1118 τοῦ
886 1061 1251 1140 προσήκοντος
1308 1066 1651 1139 περιορισμοῦ
1705 1064 1994 1140 συσφίγγετ

340 1165 426 1201 ται
458 1148 543 1203 καὶ
586 1149 868 1229 συνέχεται
907 1165 922 1180 ⁸
963 1151 1050 1209 καὶ
1109 1148 1313 1226 μᾶλλον
1372 1150 1457 1207 ἐπὶ
1514 1148 1876 1230 σφαιροειδοῦς
1907 1133 1995 1205 καὶ

342 1233 624 1316 ὃλισθῆρᾶς
681 1237 807 1297 ὄντα
860 1240 1089 1319 φύσεως,
1152 1239 1314 1319 ἄμφω
1365 1238 1420 1295 δὲ
1478 1252 1855 1319 συγκρατεϊται
1918 1243 1992 1311 τῷ

341 1322 703 1406 δημιουργίκῷ
769 1330 861 1385 καὶ
919 1332 1040 1405 θείῳ
1094 1329 1380 1406 θελήματι,
1431 1330 1530 1386 Διὰ
1585 1332 1739 1387 τοῦτο
1798 1328 1851 1385 δὲ
1908 1327 1995 1383 καὶ

343 1416 477 1491 πρὸς
508 1438 565 1472 τι
609 1414 1033 1497 παραδείγματά,
1066 1441 1197 1500 φησι
1234 1434 1249 1450 ’
1285 1420 1414 1497 πρὸς
1452 1419 1552 1498 γὰρ
1592 1425 1756 1476 ταῦτα
1816 1417 1999 1475 ἐκεῖνα

2078 630 2185 675 nes
2219 630 2351 674 esse
2383 613 2739 695 principales
2770 622 2832 677 et
2861 617 3245 697 exemplaria,
3276 620 3361 683 sic
3393 621 3455 682 in
3481 621 3729 685 sensili-

2079 700 2190 763 bus
2221 701 2383 793 (ἰξχὶιῄ
2399 720 2529 763 esse
2561 703 2829 793 quaedam
2864 705 3295 787 principaliora
3344 711 3728 793 exemplaria,

2078 810 2112 850 v
2168 806 2229 871 g.
2266 790 2419 869 ignis
2473 792 2796 855 materialis
2844 793 3093 874 qualitas
3137 796 3400 875 aetheria,
3441 809 3502 862 et
3522 790 3729 863 Vfonta-

2083 880 2230 970 lium
2260 898 2545 970 aquarum
2581 884 3039 964 supercmlestes
3066 903 3256 966 aquae,
3290 907 3422 969 quae
3445 892 3731 970 quodam-

2081 969 2259 1031 modo
2323 969 2508 1049 magis
2557 970 2982 1035 immateriales
3035 980 3175 1039 sunt.
3228 969 3632 1056 inferioribus,
3666 982 3729 1045 in

2079 1068 2367 1139 quantum
2389 1060 2575 1122 aether
2590 1061 2833 1142 quidem
2863 1067 2995 1143 ipse
3026 1062 3087 1125 in
3122 1063 3321 1147 seipso
3344 1067 3563 1131 ardens
3592 1069 3727 1132 sub-

2078 1149 2253 1224 sistit,
2305 1168 2472 1232 aqum
2524 1168 2659 1212 vero
2693 1152 3146 1233 supercoelestes
3180 1155 3312 1218 sine
3339 1155 3728 1222 circumscri—

2079 1242 2280 1318 ptione
2306 1240 2705 1301 conveniente
2718 1247 3214 1329 constringuntur
3233 1263 3302 1307 ac
3323 1246 3723 1329 continentur;

2078 1327 2220 1409 quin
2254 1328 2445 1410 potius
2474 1347 2608 1418 cum
2634 1328 2996 1418 orbicularis
3033 1351 3102 1395 ac
3126 1334 3298 1397 ﬂuxae
3328 1345 3553 1400 naturas
3581 1327 3723 1418 sint,

2081 1423 2332 1497 utraque
2350 1417 2677 1480 conditoris
2693 1437 2761 1480 ac
2785 1419 2983 1483 divina
3002 1421 3299 1486 voluntate
3319 1417 3723 1495 continentur.

348 1503 783 1587 παραδαίγματα,
830 1510 918 1565 ναὶ
968 1508 1070 1588 οὐχ
1122 1507 1306 1572 ἆπλῶς
1356 1509 1581 1584 ἆρκτικὰ
1611 1506 1882 1583 αἵτια,ὡς
1908 1513 1987 1564 οὗ·

2085 1505 2416 1579 Quodcirca
2436 1508 2610 1570 etiam
2634 1507 2707 1569 ad
2732 1508 2955 1590 aliquid
2975 1512 3337 1592 exemplaria
3366 1532 3497 1577 esse
3526 1515 3673 1578 dicit
3704 1536 3721 1595 ;

348 1594 438 1657 τός
462 1614 615 1676 (pact;
665 1597 733 1662 τὴ
763 1598 1023 1678 θεαρχικὰ
1076 1597 1378 1674 θελήματα,
1413 1597 1615 1655 ’Ἄλλοι
1645 1596 1699 1653 δὲ
1729 1598 1794 1653 τὰ
1824 1597 1987 1665 νοητὰ

2072 1596 2152 1658 ad
2188 1597 2313 1659 haec
2356 1597 2486 1676 ipsa
2536 1598 2693 1659 enim
2720 1598 3107 1681 exemplaria,
3141 1609 3200 1663 et
3230 1621 3347 1664 non
3373 1594 3726 1686 simpliciter

349 1686 455 1741 τῶν
486 1687 770 1760 αἰσθητῶν,
818 1694 907 1744 καὶ
949 1689 1151 1744 τούτων
1192 1687 1353 1745 πάλιν
1402 1688 1468 1744 τὰ
1535 1687 1839 1767 ὑψηλότερα
1881 1687 1986 1743 τῶν

2072 1707 2280 1751 causas
2312 1689 2694 1771 principales,
2730 1698 2793 1751 ut
2831 1690 2932 1752 hic
2962 1692 3066 1766 ait,
3098 1692 3312 1756 divinae
3337 1706 3478 1760 sunt
3503 1698 3722 1760 volun-

348 1776 659 1848 κατωτάτῶ,
720 1775 1121 1856 παραδείγματα
1152 1776 1327 1856 λέγειν
1370 1781 1463 1834 τὸν
1520 1780 1657 1856 ἱερὸν
1685 1774 1986 1853 ἔκλαϐόμε-

2074 1779 2375 1841 tates.Alii
2436 1798 2574 1840 vero
2626 1779 2999 1843 intellectilia
3031 1782 3367 1862 sensilium,
3401 1791 3461 1851 et
3504 1788 3717 1851 horum

347 1887 426 1921 νοι
485 1866 792 1941 Κλήμεντα,
827 1869 899 1931 εἰς
972 1870 1259 1947 σαφήνειαν
1307 1868 1406 1936 τῆς
1435 1871 1684 1934 τοιαύτης
1716 1866 1870 1934 δόξης
1900 1867 1986 1924 καὶ

2072 1867 2283 1931 iterum
2315 1869 2664 1931 sublimiora
2696 1869 3043 1932 inferiorum
3068 1874 3428 1954 exemplaria
3450 1877 3723 1942 Clemen-

322 1955 585 2017 ,τοιοῦτόν
626 1978 682 2012 τι
735 1957 1081 2035 παράγουσιν.
1147 1957 1372 2016 ’Υπόθου
1427 1957 1526 2035 γὰρ
1569 1958 1847 2034 γραμμὴν,
1919 1956 1984 2023 ἧς

345 2044 407 2101 τὰ
438 2046 534 2121 μὲν
565 2044 673 2102 ἄνω
704 2047 860 2122 μέρος
914 2044 1238 2104 ἆποδιδόσθω
1270 2060 1384 2111 τοϊς
1415 2047 1659 2119 νοητοῖς,
1704 2048 1766 2102 τὸ
1795 2045 1845 2103 δὲ
1882 2046 1985 2103 κά-

345 2157 422 2190 τω
476 2148 594 2200 τοῖς
651 2137 950 2204 αἰσθητοῖς.
1009 2138 1097 2192 καὶ
1141 2138 1340 2193 τούτων
1370 2138 1429 2193 τὸ
1473 2137 1571 2211 μὲν
1603 2136 1984 2217 ἀρχηγικωτέο

344 2246 478 2300 ροις,
541 2223 675 2304 ἅπερ
723 2227 819 2281 εἶσὶ
879 2227 940 2284 τὰ
969 2224 1109 2288 ἰδίως
1155 2227 1342 2300 νοητὰ,
1375 2228 1437 2283 τὸ
1480 2233 1689 2305 πρῶτον
1718 2227 1806 2282 καὶ
1836 2226 1980 2282 ἀνώι-

341 2337 503 2371 τατον
554 2316 735 2394 μέρος,
782 2328 900 2380 τοῖς
961 2315 1014 2372 δὲ
1073 2315 1132 2373 ἐκ
1159 2321 1267 2370 τῶν
1298 2317 1503 2383 νοητῶν
1546 2318 1606 2372 τὸ
1638 2307 1979 2396 μετίέιεϊνο,

345 2403 435 2460 εἷθ’
468 2405 624 2478 οὕτω,
663 2404 777 2462 καθ’
817 2402 1073 2462 ὑπόϐασιν
1115 2406 1211 2473 τῆς
1243 2407 1496 2486 γραμμῆς
1545 2407 1609 2462 τὰ
1653 2404 1811 2468 ἄλλα,
1849 2414 1982 2461 Δεῖ-

343 2492 424 2559 ξαι
467 2496 566 2574 γὰρ
587 2494 724 2551 θέλει
767 2497 802 2562 ἡ
864 2496 1093 2564 rotat/pm
1136 2493 1281 2570 δόξα,
1316 2499 1394 2569 μὴ
1438 2497 1535 2562 τῆς
1567 2494 1710 2561 ἀξίας
1743 2498 1840 2563 τῆς
1883 2496 1982 2550 αὒ-

343 2589 442 2650 τῆς
473 2598 611 2640 εῖναι
659 2586 724 2642 τὰ
767 2584 962 2665 πάντα,
996 2576 1114 2640 ἀλλ’
1147 2584 1199 2650 ἒξ
1252 2584 1504 2656 ἀλλήλων
1560 2584 1672 2641 ’ένια
1701 2587 1984 2663 γινόμενα,

348 2674 469 2732 οἷόν
532 2676 597 2730 τὰ
645 2674 896 2754 ὑφειμένα
953 2673 1074 2741 εἴδη
1138 2678 1242 2730 τῶν
1299 2674 1620 2736 καθολικῶν.
1687 2675 1783 2733 Καὶ
1825 2674 1990 2729 ταῦτα

346 2763 445 2840 μέν
482 2786 610 2828 τινες
645 2781 660 2795 ⁸
693 2766 753 2820 τὸ
776 2761 829 2819 δὲ
856 2763 1002 2837 ὅλον,
1034 2764 1214 2842 οῒμαὶι⁷
1272 2765 1345 2827 ὡς
1376 2762 1436 2819 ἄν
1467 2771 1571 2820 τῶν
1616 2762 1788 2843 λόγῶν
1819 2784 1991 2820 κατα-

348 2855 731 2933 στοχάσωμαι,
766 2860 919 2910 τοῦτο
950 2853 1115 2914 ἐστιν.
1163 2851 1296 2912 ’Ὅτι
1349 2851 1510 2921 ἑπεδὴ
1540 2859 1646 2910 τῶν
1676 2875 1883 2920 νοητων
1925 2852 1990 2909 τὰ

346 2945 580 3016 παρόντα
618 2941 884 3020 λέγουσιν,
935 2944 1008 3007 ὡς
1045 2945 1072 2999 ὁ
1118 2942 1284 3021 μέγας
1337 2934 1661 3007 ’Λπόστολος
1720 2941 1842 3000 εἵπε
1899 2941 1992 2999 τοῦ

348 3033 545 3107 νόσμοδ
600 3032 776 3113 σκιάν,
837 3036 985 3096 οὗτος
1045 3032 1096 3097 ἐξ
1168 3032 1520 3112 ἀντιστρόφου
1568 3033 1748 3090 ἐκεῖνα
1791 3033 1991 3089 τούτων

342 3122 563 3183 ἐκαλετε
610 3121 1032 3201 παραδείγματα.
1096 3123 1193 3181 Διὰ
1241 3130 1395 3180 τοῦτο
1425 3124 1525 3201 γὰρ
1583 3122 1704 3180 εῗπε
1735 3125 1821 3179 καὶ
1863 3124 1992 3200 πρὸς

2071 1966 2186 2019 tem
2224 1958 2428 2019 dicere
2458 1958 2893 2039 existimantes,
2927 1960 2999 2021 ad
3057 1960 3393 2027 istiusmodi
3425 1966 3721 2047 opinionis

2068 2047 2699 2129 explicationem,quid
2721 2048 3717 2136 simileadducunt.Supponeenim

2068 2137 2283 2199 lineam
2319 2139 2492 2217 cujus
2531 2139 2806 2219 superior
2827 2139 3070 2219 quidem
3116 2160 3250 2220 pars
3272 2144 3408 2206 data
3433 2146 3509 2208 sit
3542 2147 3722 2210 rebus

2066 2226 2539 2317 intellectilibus,
2568 2228 2821 2290 inferior
2852 2247 2991 2291 vero
3011 2230 3421 2310 sensibilibns;
3450 2244 3626 2317 atque
3647 2236 3721 2300 iis

2067 2316 2311 2398 quidem
2343 2336 2475 2397 quae
2499 2316 2657 2378 inter
2678 2318 2806 2380 haec
2828 2320 3147 2398 primatum
3184 2328 3409 2398 tenent,
3433 2316 3566 2406 qua)
3586 2334 3724 2391 sunt

2067 2406 2308 2496 proprie
2340 2406 2761 2496 intelligibilia,
2796 2407 3048 2496 primam
3082 2426 3150 2471 ac
3180 2413 3549 2490 superiorem
3585 2435 3721 2496 par-

2069 2501 2186 2556 tem
2226 2494 2530 2576 obtigisse,
2591 2495 3040 2557 intellectilibus
3096 2507 3291 2561 autem
3342 2494 3723 2568 inferioribus

2070 2584 2502 2660 inferiorem,et
2526 2585 2607 2648 ita
2630 2584 2888 2666 caeteris,
2912 2586 3239 2650 secundum
3260 2589 3434 2654 lineas
3463 2593 3724 2656 descen-

2073 2690 2225 2735 sum.
2270 2673 2585 2751 Siquidem
2617 2674 2747 2736 talis
2776 2674 2982 2756 opinio
3006 2677 3126 2738 vult
3149 2677 3365 2742 docere
3387 2682 3586 2745 omnia
3605 2701 3726 2745 non

2074 2781 2207 2825 esse
2237 2762 2505 2842 ejusdem
2532 2763 2854 2843 dignitatis,
2892 2764 2996 2828 sed
3028 2766 3298 2844 quaedam
3324 2787 3394 2831 ex
3424 2788 3491 2833 se
3523 2779 3726 2834 mutuo

2074 2852 2440 2932 dependere,
2478 2852 2640 2914 velut
2671 2853 2971 2932 subjectas
3002 2856 3237 2936 species
3266 2857 3339 2920 ab
3372 2860 3727 2923 universali-

2074 2940 2286 3004 bus.Et
2331 2942 2455 3003 haec
2485 2942 2728 3023 quidem
2762 2943 3101 3024 aliquorum
3138 2956 3230 3007 est
3259 2949 3594 3013 sententia:
3631 2959 3726 3013 to-

2076 3040 2168 3093 tus
2199 3042 2656 3112 vero,quantum
2691 3049 2764 3094 ex
2795 3031 2990 3094 verbis
3032 3028 3485 3121 ipsis'conjicio,
3518 3057 3730 3102 sensus

2075 3121 2171 3184 hic
2194 3131 2327 3185 est:
2363 3122 2519 3202 quod
2567 3140 2701 3183 cum
2754 3121 3071 3203 praesentia
3119 3125 3318 3189 dicant
3364 3146 3497 3191 esse
3525 3147 3729 3192 rerum

346 3236 396 3269 τι
439 3214 473 3280 ἡ
526 3214 678 3269 εἰκῶν
709 3214 838 3291 πρὸς
899 3214 959 3269 τὸ
1015 3211 1374 3292 παράδειγμα,
1442 3214 1622 3269 καὶτὸ
1653 3212 1987 3291 παράδειγμα

2076 3211 2454 3292 spiritalium,
2497 3211 2651 3274 sicut
2682 3230 2935 3292 magnus
2993 3215 3307 3295 Apostolus
3336 3235 3409 3279 ea
3437 3236 3567 3299 quas
3597 3227 3737 3281 sunt

346 3310 477 3380 πρὸς
519 3304 617 3371 τὴν
653 3304 849 3363 εἰκόνα.
900 3304 1041 3370 Φησὶ
1070 3304 1239 3360 τοίνυν
1270 3306 1297 3360 ὃ
1328 3306 1534 3383 Πατὴρ,
1582 3302 1686 3377 ὅτι,
1720 3305 1763 3359 εἰ
1795 3303 1989 3359 κόικεῖ-

341 3416 431 3458 νος
490 3395 556 3450 τὰ
598 3393 766 3460 νοητᾶ
820 3399 928 3448 τῶν
986 3395 1250 3460 αἰσθητών
1309 3392 1526 3449 ἐκάλεσε
1565 3392 1987 3471 παραδείγματα,

339 3483 464 3562 (δρα
521 3484 644 3562 γὰρ,
706 3480 856 3562 φησὶ,
920 3484 1145 3553 ποήσεις
1204 3482 1339 3540 κατὰ
1396 3484 1489 3538 τὸν
1545 3483 1710 3538 τύπον
1754 3484 1849 3539 τόν
1878 3480 1991 3537 δει-

339 3572 536 3652 χθέττα
593 3575 755 3645 σοι’)
821 3569 944 3627 ἀλλ’
997 3578 1091 3628 οῦκ
1148 3572 1245 3628 εἰσὶ
1312 3578 1532 3628 τοιαῦτα
1589 3569 1990 3650 παραδείγματα

337 3664 397 3718 τὸ
430 3662 597 3728 νοητὰ
623 3661 834 3739 ἐκεῖνα,
876 3661 1013 3718 ὥστε
1071 3661 1160 3717 καὶ
1210 3662 1551 3738 προσκυνητα
1598 3673 1768 3734 εῖναι,
1800 3662 1871 3724 ὡς
1924 3662 1991 3717 τὰ

308 3754 309 3757 “
335 3757 458 3809 θεῖα
487 3750 785 3830 θελήματα,
833 3750 970 3806 αλλὰ
987 3751 1213 3807 κακετνά
1257 3749 1533 3820 ποιήματά
1563 3751 1685 3825 εἶσι,
1734 3751 1821 3807 καὶ
1851 3750 1989 3830 ἕχο-

340 3864 437 3915 μεν
479 3841 693 3898 ἆγούειν
752 3843 840 3897 καὶ
892 3843 1010 3918 περὶ
1060 3846 1259 3902 αυτῶν,
1320 3844 1492 3904 καθῶς
1523 3843 1550 3897 ὃ
1583 3845 1809 3908 Μωΰσῆς
1874 3842 1993 3918 περὶ

337 3935 444 3988 τῶν
492 3933 757 3998 αἰσθητῶν
829 3943 981 3986 εἴπεν
1014 3933 1089 3994 ὡς
1120 3932 1225 3986 απὸ
1253 3936 1345 3986 τοῦ
1390 3935 1522 3987 Θεοῦ
1559 3946 1572 3960 ·
1612 3932 1684 3988 Οὔ
1711 3928 1988 4008 παρέδειξά

342 4043 423 4078 σοι
456 4021 586 4077 αὔτα
645 4027 737 4095 τοῦ
793 4021 1100 4099 πορεύεσθαι
1147 4020 1318 4077 ὀπίσω
1373 4019 1566 4091 αὗτῶν,
1602 4010 1725 4076 ἀλλ’
1786 4020 1876 4077 ἵνα
1906 4019 1990 4077 διὰ

340 4112 538 4167 τούτῶν
577 4112 709 4186 πρὸς
759 4109 820 4165 τὸ
852 4108 1018 4171 ὅντως
1051 4108 1108 4165 ὅν
1149 4110 1236 4165 καὶ
1289 4110 1379 4164 τὸν
1409 4108 1647 4176 ποῖητὴν
1702 4108 1988 4189 ἆναγώμε-

339 4203 425 4262 θα.
451 4199 671 4267 Ἐπειδὴ
704 4220 839 4263 τινες
865 4204 969 4256 τῶν
997 4196 1276 4267 Ἐλλήλων
1300 4199 1393 4262 τὰς
1427 4196 1568 4262 ἰδέας
1601 4200 1685 4255 καὶ
1715 4200 1780 4255 τὰ
1809 4221 1990 4278 παρα-

342 4287 598 4366 δείγματα
649 4289 1009 4367 ἐνυποστατα.
1052 4286 1279 4366 ἔφησαν,
1338 4287 1551 4353 τούτους
1621 4286 1991 4367 ἆπορραπίζων

341 4382 496 4458 φησίν
532 4397 544 4411 ·
612 4380 669 4435 Εἰ
725 4379 824 4457 γὰρ
875 4378 954 4453 μή
1011 4375 1197 4439 ἆπλῶς
1244 4379 1333 4434 καὶ
1381 4378 1588 4441 ἐνιαίως
1621 4381 1732 4434 εἶεν
1765 4380 1815 4434 αἱ
1858 4376 1989 4434 ἰδέαι

2073 3302 2225 3379 legis
2256 3299 2525 3361 umbram
2566 3300 2908 3389 appellavit,
2933 3302 3016 3364 ita
3037 3303 3134 3366 hic
3177 3304 3277 3365 illa
3306 3306 3399 3367 bis
3426 3324 3736 3389 opponens

2077 3390 2436 3469 exemplaria
2486 3389 2740 3450 vocavit.
2795 3388 3027 3453 Idcirco
3070 3393 3227 3454 enim
3262 3392 3410 3455 dixit
3448 3388 3625 3457 etiam
3658 3397 3733 3458 ad

2076 3477 2525 3559 aliquid,imago
2557 3477 2837 3540 videlicet
2862 3480 2933 3541 ad
2971 3481 3298 3561 exemplar,
3332 3491 3389 3543 et
3432 3485 3737 3566 exemplar

2076 3569 2148 3630 ad
2179 3568 2525 3646 imaginem.
2548 3567 2646 3630 Ait
2674 3574 2879 3645 itaque
2908 3568 3002 3631 hic
3047 3568 3241 3648 Pater,
3282 3573 3443 3650 quod
3475 3574 3527 3635 si
3556 3574 3734 3637 etiam

2073 3657 2175 3721 ille
2205 3657 2579 3719 intellectilia
2607 3657 2914 3719 scnsilium
2934 3660 3298 3740 exemplaria
3323 3664 3555 3725 vocavit
3578 3664 3737 3739 (vide

2075 3748 2264 3820 enim,
2297 3746 2509 3826 inquit.
2518 3746 2713 3823 facias
2732 3747 3058 3809 secundum
3075 3749 3391 3831 exemplar
3431 3752 3592 3834 quod
3622 3752 3736 3815 ιίὺι

2076 3845 2490 3898 monstratum
2537 3844 2624 3897 est
2645 3836 2715 3916 °),
2769 3836 2977 3914 utique
3021 3856 3139 3899 non
3207 3848 3344 3901 sunt
3394 3841 3733 3904 istiusmodi

2074 3927 2441 4008 exemplaria
2471 3925 2845 3988 intellectilia
2900 3926 3022 3997 illa.
3069 3946 3201 4008 quas
3229 3929 3405 3992 etiam
3428 3931 3735 3993 adoranda

2072 4016 2191 4078 sint
2222 4028 2285 4077 ut
2306 4016 2519 4078 divinas
2541 4017 2898 4091 voluntates,
2926 4035 3130 4078 verum
3155 4017 3256 4079 illa
3273 4038 3510 4100 quoque
3532 4028 3731 4083 creata

2076 4105 2448 4181 sunt,deque
2474 4105 2546 4166 iis
2564 4104 2847 4166 audimus
2888 4104 2951 4167 id
2993 4106 3151 4184 quod
3196 4111 3423 4188 Moyses
3442 4108 3517 4170 de
3538 4107 3733 4171 sensi-

2074 4195 2231 4256 libus
2263 4195 2371 4257 Dei
2403 4196 2647 4256 nomine
2678 4193 2864 4255 dixit:
2908 4192 3041 4254 Non
3092 4197 3330 4257 ostendi
3370 4198 3474 4259 tibi
3506 4199 3628 4260 haec
3666 4212 3731 4260 ut

2072 4283 2343 4346 ambules
2376 4290 2507 4364 post
2540 4301 2633 4358 ea,
2668 4282 2775 4346 sed
2821 4294 2888 4342 ut
2916 4299 3022 4360 per
3052 4283 3179 4348 haec
3207 4285 3280 4347 ad
3312 4286 3371 4346 id
3402 4287 3558 4367 quod
3587 4305 3730 4348 vere

2072 4386 2164 4435 est
2215 4383 2273 4434 et
2317 4383 2651 4435 creatorem
2712 4369 3103 4434 adducamur.
3135 4373 3277 4437 ΜΘ
3327 4373 3473 4437 Cum
3545 4375 3730 4456 aliqui

340 4469 547 4538 νοήσεις
576 4466 1030 4544 ὓπερηπλωμέναι
1063 4472 1212 4523 οὖσαι
1255 4474 1348 4522 τοῦ
1399 4465 1855 4546 ύπερηπλῶμένου
1900 4470 1987 4525 καὶ

2072 4464 2322 4544 gentiles
2352 4463 2633 4536 dixerint,
2667 4459 2831 4522 ideas
2877 4479 3010 4523 esse
3041 4464 3407 4542 exemplaria
3437 4483 3571 4546 quas
3624 4482 3733 4544 per

338 4556 750 4635 ὑπερηνωμένου
809 4564 962 4630 Θεοῦ,
1017 4557 1258 4617 σύνθετος
1310 4555 1372 4613 ἄν
1414 4555 1506 4624 εΐὴ
1537 4559 1565 4613 ὁ
1615 4556 1744 4619 Θεδς
1784 4556 1845 4612 ἐκ
1873 4580 1982 4614 πα·-

2072 4533 2134 4614 se
2189 4551 2562 4626 subsistunt,
2618 4533 2728 4610 bos
2758 4548 3027 4612 refutans
3068 4554 3149 4613 ait
3181 4571 3195 4615 :
3222 4533 3356 4614 ‘Nisi
3387 4533 3548 4616 enim
3580 4533 3732 4616 idem

338 4646 683 4725 ραδείγματος
733 4647 815 4703 διαὶ
849 4647 1058 4716 ἑαυτοῦ,
1092 4646 1223 4720 ὕπερ
1254 4642 1479 4712 διπλόην
1509 4647 1778 4722 ὠνόμασε.
1813 4646 1887 4703 πά
1901 4668 1984 4703 ιτα

339 4737 427 4793 οὖν
460 4735 738 4792 ἀναθετέον
768 4742 836 4812 τῇ
895 4734 1080 4812 πρώτῃ
1133 4735 1292 4804 αἷτὶᾳ.
1360 4732 1507 4791 Ἀλλ’
1539 4739 1620 4816 οὒ,
1669 4733 1796 4792 διοτι
1827 4757 1983 4814 μερι-

336 4826 404 4882 κὰ
447 4827 533 4882 ιιαὶ
589 4826 908 4904 ἑτερόχρονα
961 4825 1028 4880 τά
1086 4824 1318 4902 αἰτιατὰ,
1377 4821 1489 4891 ὥδη
1532 4823 1857 4891 ὑπονοητέον
1885 4824 1983 4881 καί

340 4915 627 4993 μερισμοὺς
681 4936 827 4978 τινας
882 4912 1337 4993 ἱδιοῦποστάτους,
1396 4911 1431 4980 ἥ
1496 4913 1603 4987 μὴν
1650 4912 1791 4977 ἰδίως
1849 4912 1973 4970 ἐπι-

339 5003 652 5079 νοουμένους
680 5005 768 5060 επὶ
826 5009 954 5060 Θεοῦ
989 5018 1003 5032 ⁶
1061 5000 1199 5059 ἄλλᾶ
1256 5004 1349 5076 μία
1405 5002 1513 5059 ἐστὶ
1537 5004 1621 5059 καὶ
1664 5000 1796 5063 ἄυτη
1848 5002 1975 5080 ἐξῃ-

340 5095 569 5174 ρημένη,
616 5094 811 5159 παντὸς
843 5092 1035 5148 ἐνιαίοο
1076 5093 1112 5161 ἡ
1142 5090 1324 5146 Evocat:
1360 5110 1374 5128 ο
1422 5093 1558 5149 κατὰ
1586 5092 1710 5166 μίαν
1765 5093 1863 5170 γὰρ
1892 5095 1980 5150 καὶ

337 5186 437 5251 τὴν
484 5182 648 5251 αὒτὴν
705 5186 809 5262 οὐχ
891 5182 1076 5244 ἁπλῶς
1147 5180 1447 5255 ἀπλότῆτα,
1508 5179 1621 5238 ἀλλ’
1687 5179 1983 5261 ὑπερϐολὴν

339 5271 666 5348 ἁπλότητος,
713 5272 884 5329 πάντά
914 5271 969 5328 ἐν
1029 5269 1191 5347 ἑαυτῇ
1220 5270 1298 5345 μὴ
1332 5278 1494 5345 μόνον
1550 5269 1814 5352 περιέχει,
1850 5270 1985 5328 ἄλλα

336 5364 425 5419 καὶ
476 5362 695 5442 προέχει
751 5358 1187 5440 προωρισμένως,
1244 5357 1511 5437 ἀρξαμένη
1553 5364 1652 5426 τῆς
1681 5364 1983 5419 οὒσιοποιοῧ

335 5451 584 5530 προόδου,
666 5451 757 5507 καὶ
813 5454 1143 5529 παραγωγῆς
1197 5455 1303 5505 τῶν
1362 5450 1692 5524 κτισμάτων,
1742 5449 1845 5506 ἀπὸ
1892 5457 1982 5507 τοῦ

335 5542 479 5600 εἶναι
537 5541 731 5619 tam;
769 5556 784 5572 '
827 5541 1005 5614 ὥσπερ
1066 5540 1155 5596 καὶ
1211 5538 1375 5608 αότῆς
1435 5539 1700 5613 ζωοποιοῦ
1747 5541 1853 5597 ἀπὸ
1884 5542 1978 5609 τῆς

419 5700 669 5783 ο,Ειοι1.
702 5716 841 5776 xxv,
874 5701 973 5762 40.

2068 4643 2161 4704 hae
2192 4641 2471 4702 notiones
2522 4649 2728 4701 essent
2778 4638 3138 4719 simpliciter
3189 4651 3248 4705 et
3291 4643 3460 4706 unite
3510 4661 3729 4725 super-

2069 4749 2350 4812 expansae
2380 4729 2908 4810 supereminenter
2931 4737 2991 4791 et
3019 4748 3379 4812 supraquam
3412 4732 3563 4794 uniti
3594 4732 3725 4813 Dei,

2067 4821 2271 4900 utique
2300 4819 2464 4881 Deus
2498 4817 2864 4899 compositus
2884 4828 3045 4880 esset
3074 4837 3145 4881 ex
3177 4822 3502 4901 exemplari
3533 4832 3594 4883 et
3625 4838 3729 4883 se-

2057 4922 2210 4992 ipso,
2247 4910 2403 4990 quod
2439 4908 2857 4989 duplicitatem
2907 4908 3248 4989 appellavit;
3303 4910 3505 4972 omnia
3552 4908 3730 4989 igitur

2062 5000 2274 5083 prima;
2332 5016 2525 5059 causae
2580 4995 2935 5059 ascribenda
2965 5006 3122 5060 sunt.
3157 4996 3274 5061 Sed
3311 5018 3528 5080 neque,
3561 4999 3725 5077 quod

2064 5089 2339 5171 partiales
2371 5096 2429 5149 et
2469 5087 2700 5149 diversi
2736 5086 3028 5166 temporis
3056 5087 3176 5150 sint
3219 5088 3490 5171 eﬂ‘ectus,
3521 5089 3722 5152 statim

2066 5176 2489 5258 suspicandum
2523 5184 2640 5252 est,
2673 5193 2807 5237 esse
2840 5175 3168 5238 divisiones
3198 5177 3485 5259 quasdam
3520 5197 3628 5261 per
3654 5196 3721 5242 se

2069 5267 2483 5342 subsistentes,
2506 5265 2600 5327 vel
2634 5275 2798 5327 certe
2831 5265 3069 5348 proprie
3099 5265 3431 5332 intellectas
3453 5269 3516 5331 in
3545 5272 3669 5333 Deo
3696 5288 3717 5346 ;

2067 5359 2171 5422 sed
2208 5357 2385 5418 unica
2406 5363 2496 5418 est
2526 5354 2858 5436 eademque
2902 5355 3175 5419 eminens
3201 5359 3487 5421 universas
3515 5357 3718 5420 unita-

2066 5450 2143 5511 tis
2173 5448 2340 5509 unio:
2395 5463 2516 5506 non
2565 5444 2898 5507 secundum
2951 5464 3133 5508 unam
3187 5455 3245 5509 et
3291 5448 3562 5509 eamdem
3594 5463 3717 5509 non

2065 5536 2414 5622 simpliciter
2437 5533 2901 5619 simplicitatem,
2933 5536 3037 5600 sed
3067 5536 3458 5603 eminentiam
3487 5534 3714 5619 simpli-
