4134 6156
456 404 564 473 851

1621 405 1683 468 S.
1730 403 2072 469 DIONYSII
2119 402 2658 469 AREOPAGITE.

3725 396 3849 466 852

455 545 673 622 citatis,
699 546 897 606 omnia
946 543 1007 606 in
1066 543 1260 623 seipsa
1296 560 1413 603 non
1441 541 1634 603 solum
1666 543 1952 621 continet,
1990 559 2121 602 ve-.

2208 541 2319 610 ωῆς
2351 542 2578 606 ἑαυτῶν,
2610 536 2698 593 καὶ
2731 540 2828 604 τῆς
2857 533 3194 593 τελειοποιοῦ
3236 534 3344 592 ἀπὸ
3374 538 3474 603 τῆς
3507 533 3848 601 τελειώσεως

455 654 587 696 rum
640 636 817 697 etiam
869 633 1176 716 praehahet
1230 632 1598 713 praedeﬁnite
1641 633 1932 694 inclinans
1964 649 2106 712 pro—

456 743 724 803 gressum
782 745 953 788 suum
1018 722 1516 798 substantiﬁcum,
1572 730 1629 784 et
1700 730 2110 784 creaturarum

457 815 909 897 productionem
943 833 976 876 a
1005 814 1097 877 sui
1130 813 1315 893 ipsius
1350 830 1508 893 esse,
1541 813 1693 874 sicut
1714 819 1888 874 etiam
1924 812 2111 892 ipSam

455 904 1060 969 vivilicationemasui
1080 903 1270 984 ipsius
1300 903 1501 981 vita,et
1530 901 2109 964 consummationem

457 1013 490 1055 a
522 1013 626 1055 sua
652 994 1042 1071 perfectione.
1076 992 1232 1056 Dixit
1260 997 1456 1051 autem
1489 992 1626 1072 hoc,
1660 991 1943 1072 quoniam
1972 1010 2109 1054 om-

457 1085 551 1145 nia
583 1104 652 1146 ex
684 1084 803 1145 Deo
834 1085 987 1146 facta
1012 1090 1360 1161 sunt,atque
1382 1082 1580 1142 omnia
1601 1081 1817 1161 seipsis
1841 1081 2106 1162 proprie,

458 1183 517 1234 et
542 1177 598 1232 in
622 1180 906 1251 quantum
934 1182 1200 1234 naturam
1229 1168 1668 1242 habent,Deum
1703 1169 2104 1250 participant;

460 1262 506 1321 si
540 1260 782 1338 quidem
850 1270 1073 1321 tantum
1107 1263 1413 1333 exsistant,
1452 1259 1811 1339 participant
1839 1256 2106 1319 divinum

459 1367 620 1424 esse;
654 1350 703 1410 si
734 1359 1122 1428 cognoscant,
1147 1348 1404 1409 divinam
1437 1348 1860 1427 cognitionem;
1890 1347 1941 1407 si
1967 1365 2103 1409 vero

458 1440 633 1501 etiam
661 1438 1293 1518 inlelligant,divinam
1318 1436 1785 1498 intellectionem
1822 1455 1952 1517 qua;
1972 1455 2106 1498 om-

459 1547 594 1589 nem
624 1529 853 1590 excedit
876 1528 1350 1606 intelligentiam.
1388 1529 1631 1589 Inchoat
1664 1536 1861 1588 autem
1898 1546 1930 1587 a
1960 1526 2107 1587 sub-

459 1620 750 1680 stanliﬁco
785 1619 1405 1699 progressu,quoniam
1432 1617 1690 1697 primum
1727 1615 2111 1695 intelligimus

2193 634 2407 697 ἑαῦτης.
2445 639 2580 688 Eine
2623 625 2678 684 δὲ
2732 637 2913 701 τοῦτο,
2975 628 3087 685 ἐπεὶ
3132 629 3198 685 τὰ
3227 628 3400 685 πάντα
3432 626 3492 684 ἐκ
3552 628 3646 684 τοῦ
3716 627 3853 682 Θεόυ

2194 720 2459 801 ἐγένοντο,
2493 720 2581 776 καὶ
2637 719 2704 777 τὰ
2762 718 2935 778 πάντα
2976 724 3070 775 τοῦ
3100 724 3231 776 Θεοῦ
3288 716 3613 798 μετέχουσιν
3645 716 3851 781 οἰκείως

2196 813 2431 884 ἑαυτοῖς,
2467 811 2553 866 καὶ
2607 809 2779 873 καθὼς
2829 806 3018 888 ’έχουσι
3068 809 3296 887 φύσεως*
3364 810 3408 864 εί
3459 808 3558 883 μὲν
3589 808 3689 863 είσι
3746 805 3853 881 μό-

2198 922 2308 974 νον,
2368 901 2474 957 ἀπὸ
2526 908 2620 959 τοῦ
2649 899 2794 956 εἶναι
2860 905 2954 956 τοῦ
2986 899 3126 957 θείου
3161 914 3176 929 ⁸
3235 899 3280 954 εί
3310 896 3364 953 δὲ
3394 896 3666 976 γνωστικά
3696 896 3853 976 είσίν,

2194 991 2300 1048 ἀπὸ
2331 995 2430 1057 τῆς
2481 992 2621 1052 θείας
2678 988 2928 1067 γνώσεως
2965 1007 2977 1019 ·
3014 990 3059 1045 εἰ
3110 986 3164 1045 δὲ
3209 988 3300 1045 καί
3349 988 3526 1067 νοερὰ,
3588 987 3695 1043 ἀπὸ
3751 990 3853 1053 τῆς

2191 1082 2331 1145 θείας
2390 1081 2479 1136 καὶ
2540 1079 2670 1156 ὑπὲρ
2718 1086 2895 1135 πᾶσαν
2947 1080 3134 1147 νόησιν
3176 1080 3437 1149 νοήσεως.
3472 1076 3761 1154 ’Ἂρχεται
3792 1072 3853 1131 δὲ

2189 1174 2289 1239 τῆς
2334 1171 2638 1228 οὖσιοποιοῦ
2691 1166 2944 1247 προόδου,
2994 1169 3073 1224 ὅτι
3149 1174 3367 1247 πρώτως
3417 1168 3730 1242 ἐπινοοῦμεν
3787 1166 3854 1221 τὸ

2190 1260 2331 1315 εῖναί
2373 1281 2541 1339 τινος,
2595 1259 2683 1315 καὶ
2721 1248 2829 1315 εἶθι
2883 1256 3020 1316 οὕτω
3074 1260 3136 1315 τὸ
3186 1255 3406 1316 τοιῶσδε
3464 1256 3609 1313 εἶναι
3666 1262 3849 1317 τοῦτο.

2190 1351 2371 1410 Τοίνυν
2426 1348 2618 1429 ἤρξατό
2645 1351 2744 1414 τῆς
2796 1348 3049 1416 τοιαύτης
3125 1346 3351 1426 προόδου
3396 1347 3500 1404 ὑπὸ
3560 1346 3653 1403 τοῦ
3706 1345 3853 1402 εἶναι

2192 1441 2384 1502 ἑαυτῆς
2421 1458 2433 1471 ·
2482 1440 2575 1495 οὺχ
2625 1438 2777 1517 ἢρκει
2812 1438 2911 1517 γὰρ
2939 1444 3017 1513 τῷ
3072 1439 3363 1515 ἀγαθότητι
3393 1482 3409 1510 ,
3452 1436 3593 1511 μόνη
3630 1441 3700 1513 τῇ
3732 1435 3855 1512 περὶ

2192 1529 2387 1596 ἑαυτῆς
2445 1527 2858 1608 ἐνασχολεϊσθαι
2916 1528 3126 1607 θεωρίᾳ,
3195 1524 3315 1583 ἀλλ’
3368 1524 3470 1582 ἔδει
3504 1524 3731 1607 χῦθῆναι
3761 1524 3855 1581 καί

2196 1616 2403 1674 ὁδεῦσαι
2430 1618 2490 1675 τὸ
2522 1617 2716 1695 ἀγαθὸν
2751 1619 2822 1683 εἷς
2847 1615 3064 1673 πλείονα
3095 1618 3159 1673 τὰ
3173 1616 3610 1695 εὖεργετούμενα,

463 1728 595 1771 esse
638 1690 923 1789 alicujus:
948 1720 1004 1769 et
1039 1690 1256 1769 deinde
1304 1709 1388 1769 sic
1420 1690 1506 1769 vel
1537 1706 1733 1768 taliter
1770 1690 2117 1767 illudvesse.
2173 1704 2542 1789 Quapropter
2573 1690 2905 1768 'itiusmodi
2935 1690 3315 1787 progressum
3347 1702 3644 1766 inchoavit
3671 1722 3705 1764 a
3760 1690 3858 1763 sui

460 1794 650 1878 ipsius
677 1818 809 1860 esse
846 1818 864 1873 ;
895 1817 1011 1860 non
1045 1798 1201 1859 enim
1235 1797 1377 1858 satis
1410 1806 1499 1857 est
1529 1795 1803 1875 bonitati,
1838 1797 1885 1857 si
1918 1797 2077 1857 circa
2105 1797 2483 1879 semetipsum
2518 1796 2772 1877 propriae
2793 1802 2959 1858 vacet
2987 1794 3507 1875 contemplationi,
3533 1792 3638 1855 sed
3672 1789 3861 1855 de'be-

463 1888 561 1949 bat
596 1908 701 1966 per
743 1889 910 1968 plura
942 1886 1235 1949 beneﬁcia
1266 1886 1516 1947 diﬁundi
1542 1905 1609 1947 ac
1646 1888 1979 1966 propagari.

541 1977 670 2056 §X.
732 1980 844 2040 l’er
902 1978 1101 2039 omnia
1162 1984 1358 2038 autem
1420 1976 1681 2037 dimanat
1713 1975 2103 2056 providentia,

2270 1981 2297 2053 §
2331 1984 2397 2036 Χ.
2436 1977 2533 2033 Διά
2562 1976 2774 2033 πάντων
2813 1974 2867 2032 δὲ
2898 1982 3055 2055 φοιτᾷ
3114 1980 3182 2053 τῇ
3246 1975 3488 2053 προνοία,
3541 1975 3625 2031 καὶ
3684 1973 3862 2029 πάντα

462 2077 795 2143 cunctaque
828 2067 1020 2145 replet
1050 2065 1471 2139 essentia,etin
1496 2066 1677 2126 rebus
1703 2065 1978 2127 omnibus
2000 2066 2111 2127 de-

462 2157 730 2218 lectatur.
759 2156 883 2218 Hoc
917 2172 1059 2217 vero
1090 2155 1254 2229 dicit,
1288 2173 1404 2214 non
1439 2154 1596 2236 quod
1648 2159 1805 2218 Deus
1848 2156 2113 2217 aﬁ‘ectio-

464 2264 600 2305 nem
634 2244 844 2306 habeat
867 2244 1064 2321 gaudii
1090 2256 1148 2305 et
1174 2243 1581 2305 exsultationis
1630 2246 1732 2305 sed
1769 2264 1801 2306 a
1832 2244 2003 2306 nobis
2027 2244 2115 2324 ip-

465 2335 544 2394 sis
569 2333 963 2411 gaudentibus
996 2334 1070 2395 de
1102 2352 1348 2411 operum
1376 2342 1714 2394 nostrorum
1740 2333 2116 2413 perfectioni-

467 2421 597 2501 bus,
630 2422 924 2503 siquidem
960 2423 1292 2483 secundum
1329 2425 1623 2485 rationem
1680 2422 2025 2501 procedant,
2060 2433 2119 2486 et

467 2514 690 2574 nullam
726 2513 1037 2574 incurrant
1069 2514 1628 2594 reprehensionem;
1664 2514 1776 2575 hoc
1810 2516 1967 2573 enim
2002 2513 2117 2575 sibi

467 2623 707 2683 quoque
731 2605 849 2662 vult
883 2604 983 2663 illa
1006 2622 1140 2677 quae
1166 2607 1223 2663 in
1251 2603 1450 2664 divina
1485 2622 1775 2684 sacraque
1811 2602 2117 2681 Scriptura

465 2692 703 2753 additur
747 2692 1092 2773 approbatio
1132 2715 1144 2756 :
1190 2692 1333 2754 Ecca
1376 2694 1531 2755 bona
1580 2694 1758 2755 valde
1786 2709 1831 2755 ε.
1886 2691 2115 2763 Quibus

466 2783 737 2861 congruit
768 2790 825 2843 et
849 2781 991 2843 illud
1024 2782 1208 2844 divini
1240 2783 1473 2844 Davidis
1502 2783 1760 2844 dicentis
1804 2805 1815 2841 :
1856 2783 2114 2844 Lwlabi-

471 2879 575 2934 tur
603 2874 894 2934 Dominus
914 2873 977 2934 in
1001 2874 1276 2951 Operibus
1308 2875 1436 2934 suis
1457 2874 1491 2951 r;
1530 2872 1795 2951 illudque
1845 2873 2113 2933 Salomo-

475 2962 600 3023 nis:
632 2962 758 3041 Ego
790 2979 961 3022 eram
1018 2964 1122 3023 cui
1148 2963 1585 3040 congaudebat.
1620 2962 1856 3023 Etenim
1889 2973 1951 3021 ut
1983 2979 2111 3037 vox,

475 3068 606 3112 cum
633 3071 746 3110 una
793 3051 896 3125 sit,
925 3070 957 3111 a
992 3050 1188 3111 multis
1219 3070 1454 3130 quoque
1491 3050 1757 3124 auribus,
1793 3057 1851 3111 in
1908 3069 1972 3112 se
2005 3068 2120 3111 una

475 3158 709 3203 rursum
746 3158 1158 3219 perseverans,
1193 3160 1309 3201 non
1360 3141 1526 3219 prius
1575 3161 1768 3222 neque
1803 3142 2115 3220 posterius,

478 3248 671 3309 neque
702 3230 936 3291 divisim
963 3248 1159 3309 neque
1192 3231 1537 3310 partialiter,
1574 3232 1678 3292 sed
1713 3232 1965 3309 integre,
2013 3230 2119 3290 sed

480 3302 737 3380 totaliter
768 3328 825 3379 et
854 3338 923 3380 ex
956 3302 1099 3392 toto,
1135 3302 1208 3379 et-
1242 3318 1418 3380 simul
1469 3302 1531 3381 et
1581 3319 1790 3381 eodem
1827 3302 2023 3395 modo,
2060 3302 2179 3379 utc

477 3428 595 3470 una
627 3408 980 3490 percipitur;
1015 3408 1099 3469 sic
1148 3407 1292 3469 450
1321 3410 1501 3471 etiam
1534 3408 1689 3471 Deus
1729 3411 1903 3472 unice
1935 3418 1991 3470 et
2021 3410 2120 3469 in-

480 3508 639 3576 tegre
663 3499 734 3559 ab
760 3498 1041 3560 omnibus
1064 3500 1864 3578 participatur,omniumque
1899 3499 2122 3579 princi-

480 3589 639 3668 pium
695 3598 805 3660 est,
858 3597 1135 3668 tanquam
1169 3606 1372 3669 causa,
1407 3589 1540 3649 ﬁnis
1590 3597 1655 3649 ut
1702 3589 1872 3669 cujus
1922 3607 2120 3665 causa;

479 3695 613 3736 nam
648 3678 849 3737 omnia
902 3684 1150 3757 propter
1179 3676 1368 3739 Deum
1403 3687 1562 3749 sunt,
1598 3697 1803 3739 verum
1839 3698 1955 3739 non
1982 3697 2122 3759 pro-

481 3775 609 3845 pter
639 3766 1080 3847 necessitatem,
1114 3767 1217 3828 sed
1255 3779 1501 3848 propter
1532 3766 1881 3848 bonitatem;
1907 3777 1965 3829 et
1996 3770 2129 3829 linis

480 3853 745 3915 omnium
779 3863 891 3934 est,
929 3868 991 3916 ut
1022 3857 1126 3936 qui
1156 3858 1420 3918 continet
1443 3867 1500 3917 et
1524 3859 1797 3919 terminat
1831 3860 2124 3920 universa.

477 3942 635 4005 Nihil
669 3943 828 4006 enim
867 3951 1222 4025 potestatem
1256 3965 1322 4007 ac
1353 3946 1786 4025 providentiam
1818 3948 1947 4027 ejus
1982 3948 2130 4008 eﬁu-

479 4040 581 4111 git,
616 4033 720 4094 sed
752 4035 808 4093 in
844 4034 973 4116 ipso
1020 4046 1234 4098 cuncta
1296 4037 1715 4110 terminantur,
1770 4046 1827 4098 et
1872 4037 2131 4098 inﬁnitas

479 4125 675 4184 omnis
706 4125 1015 4186 inﬁnitatis
1062 4145 1131 4186 ac
1169 4126 1604 4188 terminationis
1637 4128 1886 4202 exsistit;
1923 4145 2129 4204 aequa-

481 4214 615 4274 liter
644 4213 803 4275 enim
839 4215 1126 4277 deﬁciunt
1157 4224 1272 4276 tam
1308 4215 1578 4279 inﬁnitas
1610 4236 1784 4294 quam
1840 4218 2129 4278 termina-

392 4336 399 4345 ο
480 4305 561 4365 tio
584 4323 617 4365 a
647 4305 844 4365 divina
875 4306 1194 4380 inﬁnitate,
1231 4307 1382 4367 sicut
1412 4325 1444 4367 a
1475 4307 1601 4368 sole
1628 4326 1695 4368 ac
1727 4308 1877 4368 ccelo
1903 4309 2002 4389 qui
2029 4307 2131 4369 illa

482 4394 813 4461 intuentur,
844 4394 932 4454 vel
959 4394 1154 4473 potius
1185 4395 1361 4455 etiam
1398 4396 1583 4475 magis
1614 4405 1675 4457 et
1706 4398 2011 4456 excessive
2040 4403 2132 4456 at—

484 4501 601 4559 que
635 4484 862 4543 inﬁnito
882 4483 1415 4545 deﬁciunt.Vcrum
1438 4504 1713 4566 quaenam
1746 4496 1834 4547 est
1866 4487 1924 4546 in
1955 4484 2133 4547 rebus

2197 2066 2402 2145 πληροῖ
2432 2076 2523 2125 τοῦ
2552 2080 2717 2147 εἶναι,
2752 2067 2840 2123 καὶ
2872 2065 2957 2122 ἐπὶ
3009 2072 3139 2123 πᾶσι
3175 2079 3289 2129 τοῖς
3351 2074 3497 2124 οῦσιν
3538 2062 3860 2142 ἀγάλλεται,

2199 2166 2363 2215 Τοῦτο
2416 2156 2469 2212 δὲ
2511 2156 2683 2233 λέγει,
2717 2158 2819 2235 οὐχ
2849 2154 2929 2213 ὅτι
2971 2158 2998 2213 ὁ
3030 2158 3161 2221 Θεὸς
3191 2157 3357 2220 πάθος
3390 2155 3509 2235 ἓχει
3539 2160 3713 2233 χαρᾶς
3770 2154 3864 2209 καὶ

2200 2246 2599 2326 ἀγαλλιάσεως,
2632 2245 2753 2302 ἀλλ’
2788 2244 2877 2327 ἀφ’
2907 2250 3063 2322 ἡμῶν
3095 2248 3397 2328 χαιρόντων
3428 2259 3546 2308 τοῖς
3576 2250 3683 2301 τῶν
3709 2245 3861 2318 ἡμε-

2201 2336 2366 2413 τέρων
2423 2336 2591 2414 ἔργων
2650 2334 3100 2410 ἀποτελέσμασιν,
3138 2337 3292 2415 εἴπερ
3337 2336 3472 2392 κατὰ
3524 2334 3685 2413 λόγον
3718 2354 3861 2410 προ-

2201 2425 2375 2496 ϐαῖεν,
2409 2430 2494 2483 καὶ
2553 2424 2819 2503 μηδεμίαν
2873 2428 3100 2505 μομφὴν
3158 2426 3341 2507 έχοιεν
3374 2443 3388 2457 ·
3425 2427 3579 2482 τοῦτο
3610 2425 3709 2503 γὰρ
3743 2423 3859 2479 ἐστι

2199 2519 2286 2573 καὶ
2318 2520 2350 2584 ἡ
2383 2517 2524 2595 παρά
2556 2522 2621 2588 τᾷ
2673 2517 2784 2589 θείᾳ
2815 2518 2903 2574 καὶ
2959 2521 3071 2596 ἱερᾷ
3132 2518 3313 2597 Γραφῆ
3360 2515 3481 2591 μετ’
3563 2515 3864 2579 ἑπιτάσεως

2200 2607 2479 2685 ἐπίκρισις,
2532 2608 2616 2686 τὸ,
2683 2604 2815 2663 Ἰδοὺ
2867 2606 3002 2663 καλά
3058 2608 3195 2680 λίαν,
3285 2607 3581 2686 Σύμφωνυν
3649 2604 3861 2666 τούτοις

2197 2697 2285 2753 καὶ
2335 2698 2397 2753 τὸ
2455 2697 2597 2774 παρὰ
2654 2704 2731 2771 τῷ
2781 2699 2905 2770 θείῳ
2940 2695 3120 2769 Δαϐἰδ,
3158 2697 3579 2777 Εὔφρανθήσεται
3641 2694 3861 2774 Κύριος,

2198 2784 2394 2861 λέγων,
2428 2785 2512 2841 ἐπὶ
2542 2798 2658 2848 τοῖς
2688 2785 2861 2864 ἔργοις
2918 2785 3074 2842 αὒτοῦ
3107 2802 3120 2817 ’
3155 2788 3240 2843 καὶ
3272 2788 3333 2843 τὸ
3362 2787 3451 2842 τόῦ
3482 2784 3859 2860 Σολομῶντος.

2200 2877 2340 2951 Ἐγω
2371 2877 2521 2947 ἥμην
2654 2876 3003 2956 προσέχαιρε.
3036 2878 3133 2934 Καί
3163 2877 3287 2953 γοῦν
3317 2875 3498 2952 ὥσπερ
3548 2874 3701 2954 φωνὴ
3733 2874 3859 2947 μία,

2202 2971 2329 3020 οῦσα
2371 2966 2513 3043 παρὰ
2563 2963 2778 3021 πολλῶν
2840 2967 3039 3045 ἀκοῶν,
3093 2966 3319 3039 μένουσα
3383 2965 3468 3021 καί
3518 2963 3681 3021 πάλιν
3734 2964 3860 3041 μία,

2203 3052 2512 3133 μετέχεται,
2542 3044 2628 3110 ὀὗ
2658 3054 2926 3132 προτέρως
2971 3044 3058 3113 καὶ
3107 3056 3362 3133 ὑστέρως,
3407 3057 3466 3111 οὒ
3520 3051 3865 3132 μεμερισμὲο

2203 3150 2329 3222 νὼς,
2363 3146 2455 3199 οὒκ
2487 3143 2585 3200 ἀνὰ
2616 3144 2776 3223 μέρος
2806 3144 2927 3219 μὲν,
2964 3144 3228 3209 ὁλοτελῶς
3274 3143 3353 3219 δὲ,
3389 3143 3527 3200 ἀλλὰ
3557 3145 3647 3200 καὶ
3676 3141 3871 3199 ὁλοτε-

2203 3232 2335 3306 λώς,
2388 3235 2475 3289 καὶ
2533 3233 2781 3309 καθόλου,
2830 3235 2918 3290 καὶ
2954 3236 3089 3309 ἅμα,
3145 3236 3233 3291 καὶ
3281 3235 3533 3295 ὡσαύτως
3588 3235 3659 3297 ὡς
3712 3233 3812 3307 μία
3851 3247 3864 3259 ⁸

2204 3320 2339 3378 οὕτω
2369 3324 2500 3400 πρὸς
2528 3323 2739 3381 πάντων
2769 3325 2859 3381 καί
2888 3326 2948 3380 τὸ
2983 3331 3143 3381 Θεϊον
3174 3346 3459 3405 μετεχεται
3483 3323 3667 3387 ἑνικῶς
3689 3344 3747 3377 τε
3774 3322 3871 3378 καί

2204 3411 2492 3486 ὅλοτελῶς,
2526 3415 2612 3469 καί
2642 3413 2787 3492 ἁρχὴ
2814 3417 2925 3470 ἔστι
2964 3414 3199 3494 πάντων,
3235 3418 3305 3480 ὡς
3352 3414 3551 3487 αἴτιον,
3584 3420 3673 3468 καί
3705 3410 3868 3476 τέλος

2206 3504 2278 3567 ὡς
2310 3513 2371 3561 οῦ
2402 3502 2576 3559 ἕνεκα’
2609 3503 2779 3561 πάντα
2810 3504 2908 3583 γὰρ
2942 3501 3093 3559 ἕνεκα
3119 3506 3273 3581 Θεοῦ,
3308 3501 3427 3561 ἀλλ’
3458 3506 3517 3560 οὗ
3535 3501 3620 3560 διὰ
3650 3504 3867 3583 χρείαν,

2207 3591 2325 3648 ἀλλ’
2359 3591 2664 3669 ἀγαθότητα
2697 3607 2711 3622 ⁸
2740 3597 2825 3649 καί
2855 3593 3016 3672 πέρας
3048 3593 3286 3674 πάντων,
3320 3595 3481 3651 οἱονεί
3526 3595 3870 3671 περιεκτικὸν

2211 3683 2299 3736 καί
2348 3680 2488 3759 ὄρος.
2526 3679 2685 3738 Οὔδέν
2735 3682 2834 3760 γὰρ
2864 3681 3088 3738 ἐκᾶαίνει
3120 3684 3218 3752 τὴν
3250 3688 3406 3743 αὐτοῦ
3438 3681 3744 3739 δυναστείαν
3779 3684 3869 3739 καί

2214 3771 2483 3849 πρὸνοιοίν,
2517 3767 2637 3826 ἀλλ’
2684 3773 2757 3835 εἷς
2809 3772 2935 3828 αὖτὸ
3003 3773 3069 3828 τὰ
3120 3773 3293 3829 πάντα
3339 3774 3711 3853 περατοῦνται,
3776 3774 3870 3830 καὶ

2213 3860 2421 3935 ἀπειρία
2478 3861 2656 3928 πάσης
2718 3861 2954 3938 ἀπειρίας
3001 3864 3087 3919 καὶ
3144 3862 3371 3941 πέρατος
3407 3880 3422 3895 ⁸
3485 3860 3536 3928 ἐξ
3580 3863 3706 3919 ’ίσου
3765 3863 3867 3940 γὰρ

2213 3948 2597 4006 ἀπολείπονται
2646 3951 2731 4005 καὶ
2783 3952 2816 4017 ἡ
2868 3950 3077 4029 ἀπειρία
3130 3953 3218 4008 καὶ
3275 3954 3335 4008 τὸ
3380 3950 3544 4028 πέρας
3568 3956 3666 4017 τῆς
3720 3952 3864 4013 θείας

2213 4038 2477 4119 ἀπειρίας,
2541 4041 2775 4116 καθάπερ
2828 4038 2977 4105 ἡλίου
3034 4042 3119 4097 καὶ
3178 4043 3398 4119 οὒρανοῦ
3456 4043 3501 4097 οί
3560 4042 3693 4119 πρὸς
3724 4040 3861 4096 αὔτα

2211 4126 2523 4203 βλεποιτες,
2562 4126 2590 4193 ἥ
2654 4127 2856 4202 μᾶλλον
2914 4130 3000 4185 καὶ
3030 4127 3214 4210 πλέον,
3246 4132 3334 4186 καὶ
3381 4131 3710 4208 ὑπερέκεινα,
3776 4122 3865 4182 καὶ

2213 4216 2440 4294 ἀπείρως
2471 4215 2875 4280 ἀπολείπονται,
2911 4217 3077 4275 Ἀλλά
3111 4241 3189 4282 τις
3234 4224 3269 4286 ἡ
3300 4220 3355 4274 ἐν
3388 4232 3502 4282 τοῖς
3544 4216 3659 4273 καθ’
3714 4216 3859 4290 ἡμᾶς

2214 4306 2422 4377 ἀπειρία
2460 4327 2474 4377 ;
2531 4304 2688 4362 Εἴποι
2720 4328 2799 4369 τις
2855 4306 2940 4362 ἀν’
2978 4308 3042 4363 Ἢ
3069 4307 3170 4374 ὕλη
3202 4308 3238 4375 ἦ
3268 4309 3346 4363 ἀεὶ
3379 4308 3867 4388 μετάσχηματιζο-

2217 4394 2378 4474 μένη,
2411 4398 2497 4451 καὶ
2527 4394 2720 4452 ἄλλοτε
2765 4397 2839 4460 εἰς
2889 4395 3024 4452 ἄλλα
3070 4396 3190 4464 εἴδη
3249 4397 3684 4473 μεταϐάλλουσα.
3720 4393 3875 4451 Ἀλγ

2218 4488 2306 4542 οῦν
2336 4485 2423 4539 καί
2481 4481 2611 4549 αὕτη
2675 4484 2728 4540 ἐν
2763 4492 2839 4557 τῷ
2892 4492 3006 4559 Θεῷ
3058 4486 3407 4567 πεπέρασται,
3446 4491 3491 4543 εἰ
3530 4487 3617 4543 καί
3648 4484 3882 4551 ἄστατός

484 4572 850 4633 nostratibus
881 4573 1170 4635 inﬁnitas?
1201 4573 1261 4635 Si
1294 4575 1451 4635 dicat
1482 4576 1614 4654 quis
1649 4577 1974 4655 materiam,
2000 4593 2121 4650 qua

2217 4574 2324 4630 ἐστι
2397 4574 2485 4628 καί
2534 4573 2802 4653 ἀόριστός.
2839 4573 3003 4631 ’Ἔστι
3034 4583 3159 4653 γοῦν
3213 4578 3275 4632 τό
3308 4584 3465 4633 Θεϊον
3496 4575 3733 4654 ἀπειρία,
3774 4576 3869 4631 καί

484 4680 725 4743 semper
755 4664 1211 4739 transﬁguratur
1244 4671 1420 4744 atque
1478 4666 1535 4725 in
1595 4666 1743 4727 alias
1773 4678 1954 4742 atque
1988 4665 2133 4727 alias

485 4754 702 4812 formas
748 4762 1197 4823 transmutatur;
1235 4754 1400 4833 atqui
1458 4755 1584 4816 hwc
1640 4757 1768 4834 ipsa
1807 4774 2041 4835 quoque
2072 4755 2134 4818 iu

486 4843 607 4903 Dco
661 4841 1033 4923 terminatur,
1083 4844 1461 4921 quantumvis
1493 4843 1793 4904 instabilis
1844 4845 1920 4905 sit
1951 4852 2010 4904 et
2034 4844 2132 4906 in-

487 4931 859 4993 deiinita.Est
880 4932 1080 5009 itaque
1117 4935 1271 4994 Deus
1299 4933 1558 4995 inﬁnitas
1590 4935 1765 4994 etiam
1801 4935 2127 5015 inﬁnitatis,

488 5039 605 5079 non
641 5027 803 5099 quasi
836 5022 1165 5082 secundum
1199 5040 1263 5082 se
1297 5024 1785 5103 transformetur,
1820 5026 1927 5086 sed
1972 5026 2128 5104 quod

490 5110 641 5170 hanc
678 5127 746 5170 ex
779 5110 963 5171 nihilo
998 5112 1303 5191 producat.
1340 5113 1559 5176 Dicens
1589 5122 1784 5175 autem
1821 5114 2131 5176 inﬁnitatis

492 5207 548 5257 et
581 5198 1147 5273 terminationis,'ait
1168 5201 1323 5263 sicut
1354 5204 1791 5284 oppositorum;
1817 5224 1934 5266 non
1967 5205 2128 5266 enim

490 5288 619 5351 haec
650 5289 883 5367 proprie
915 5292 1068 5349 sicut
1099 5290 1330 5352 habitus
1368 5301 1427 5353 et
1459 5293 1705 5373 printio
1756 5302 2139 5375 opponuntur

495 5375 829 5458 (oportebat
853 5377 1012 5438 enim
1052 5394 1339 5457 apparere
1369 5383 1688 5463 aliquando
1727 5384 2013 5459 habitum,
2051 5383 2138 5444 si-

492 5465 733 5548 quidem
767 5466 817 5527 is
846 5476 996 5542 erat,
1037 5475 1094 5529 et
1121 5468 1203 5528 sic
1245 5468 1373 5531 ﬁeri
1410 5471 1843 5552 privationem),
1863 5481 2002 5554 quin
2027 5492 2136 5554 po-

494 5556 611 5618 tius
632 5575 705 5636 op
716 5564 1015 5637 ponuntur
1035 5558 1189 5621 sicut
1206 5558 1518 5622 afﬁrmatio
1542 5569 1599 5624 et
1622 5565 1878 5642 negatio.
1916 5563 2142 5626 Dicitur

577 5718 658 5766 d'e
689 5717 835 5783 Gen.
873 5737 910 5799 1,
947 5720 1049 5784 3t.
1137 5718 1337 5789 fPsal.
1369 5737 1492 5799 cui,
1528 5722 1629 5785 31.

2216 4668 2313 4733 τῆς
2365 4663 2628 4741 ἀπειρίας.
2689 4666 2793 4743 οὔχ
2850 4668 2923 4729 ὡς
2956 4664 3566 4741 μετασχηματιζόμενον
3624 4665 3747 4722 κατ’
3779 4664 3884 4721 αὗ·-

2217 4760 2343 4834 τῆς,
2401 4752 2522 4810 ἀλλ’
2566 4756 2639 4819 ὡς
2691 4756 2778 4808 καί
2829 4755 3026 4821 ταύτην
3085 4754 3137 4820 ἒξ
3189 4755 3285 4814 οὒκ
3316 4756 3478 4813 ὄντων
3508 4755 3828 4835 παραγαγὸν
3866 4796 3883 4813 .

2220 4845 2398 4901 Εἰπὼν
2432 4840 2485 4899 δὲ
2532 4843 2772 4922 ἀπειρίας
2801 4844 2889 4899 καί
2918 4843 3166 4924 πέρατος,
3201 4846 3333 4922 φησί
3363 4847 3468 4902 τῶν
3528 4848 3601 4909 ὡς
3633 4846 3883 4902 ἀντικει-

2223 4935 2395 5010 μένων
2427 4950 2443 4965 ο
2480 4934 2538 4989 οὕ
2561 4933 2659 5011 γὰρ
2689 4932 2874 5009 κυρίως
2908 4941 3073 4989 ταῦτα
3120 4935 3194 4998 ὡς
3225 4931 3331 4999 ἕξις
3372 4936 3459 4990 καί
3490 4956 3739 5010 στερησις
3776 4937 3882 4992 ἀν-

2222 5025 2494 5100 τίκεινται,
2529 5021 2657 5100 (ἔδει
2705 5022 2803 5099 γὰρ
2861 5022 3090 5100 φανῆναί
3119 5044 3248 5078 ποτε
3299 5024 3397 5090 τὴν
3459 5021 3587 5095 ἓξιν,
3621 5023 3780 5105 ε’ίπερ
3809 5032 3882 5093 ἦν

2220 5112 2493 5183 τοῦτο,καί
2523 5108 2660 5166 οὕτω
2733 5110 2969 5187 γενέσθαι
3028 5111 3127 5178 τὴν
3185 5111 3492 5193 στέρησιν⁶)
3540 5112 3677 5171 ἀλλά
3731 5115 3880 5189 μᾶλο

2220 5202 2311 5259 λον
2356 5204 2429 5263 ὡς
2474 5201 2767 5279 καταφασις
2811 5199 2901 5255 καί
2930 5199 3197 5280 ἀπόφασις
3243 5202 3562 5260 ἂντίκεινται
3602 5222 3618 5238 '
3656 5202 3879 5279 λέγεται

2224 5294 2319 5371 γὰρ
2363 5296 2459 5347 καθ
2510 5289 2613 5355 ἕξιν
2644 5290 2732 5344 καί
2778 5288 3047 5363 στέρησιν,
3110 5295 3312 5347 νοεῖται
3360 5289 3416 5348 δὲ
3464 5293 3601 5349 κατά
3628 5294 3880 5374 κατάφα-

2223 5384 2301 5439 σίν
2330 5382 2419 5439 καί
2468 5380 2762 5459 ἀπόφασιν.
2817 5375 3082 5457 ’Ἄπειρον
3144 5378 3245 5458 γαρ
3303 5378 3515 5459 λέγεται
3546 5384 3607 5439 τὸ
3639 5383 3715 5454 μὴ
3746 5383 3882 5463 ἕχον

2222 5472 2410 5550 πέρας,
2444 5468 2500 5525 οὕ
2538 5471 2599 5526 τὸ
2627 5466 2874 5544 στερηθὲν
2906 5468 3133 5545 πέρατος
3162 5485 3175 5500 ’
3212 5469 3265 5525 ὲν
3287 5470 3361 5525 ἑνί
3391 5471 3597 5545 μέντοι,
3624 5468 3882 5538 δηλονότι

2224 5563 2458 5640 ἑνιαίως,
2515 5560 2585 5624 ὥς
2639 5556 2897 5620 πολλάκις
2960 5557 3198 5635 εἰρηται,
3230 5560 3296 5617 τὰ
3339 5562 3514 5618 πάντα
3544 5562 3573 5618 ὀ
3603 5562 3761 5635 Θεὸς,
3792 5563 3885 5618 καί
