4134 6156
366 456 484 526 853

845 458 944 524 DE
985 457 1285 524 DIVINIS
1325 454 1777 532 NOMINIBUS,
1821 454 1986 518 CAP.
2031 454 2108 519 V.
2158 488 2234 500 —
2278 414 2662 520 PARAPHR.
2703 454 3223 521 PACHYMERzE.

3617 447 3733 519 854

366 598 588 678 προέχει
637 598 710 663 ὡς
761 592 960 673 αἴτιος,
1002 595 1091 652 καὶ
1149 594 1445 661 δπέστησεν
1503 596 1575 657 ὡς
1633 593 1893 670 ποιητὴς,
1925 592 2013 649 καὶ

2116 590 2255 654 anim
2280 592 2611 655 secundum
2642 589 2910 653 habitum
2933 601 2994 654 et
3014 589 3425 674 privationem,
3451 591 3740 670 intelligi-

365 690 549 766 παρὼν
585 688 780 762 ὁμοίως
816 699 930 750 τοϊς
962 692 1093 743 πᾶσι
1141 685 1228 741 καὶ
1262 691 1561 764 πανταχοῦ·
1595 685 1683 740 καὶ
1734 683 1821 740 ἐπὶ
1849 684 2021 740 πάντα

369 779 576 854 πρόεισι
634 782 702 853 τῇ
754 781 1046 852 συστατικῇ
1089 776 1324 853 προνοίᾳ,
1361 775 1448 833 καὶ
1497 771 1580 852 ἔφ’
1633 772 1819 833 ἑαυτοῦ
1877 771 2023 849 μένει

365 871 439 933 ὡς
502 866 634 945 ὑπὲρ
664 866 837 922 πάντα
888 865 961 922 ὢν
992 867 1077 922 καὶ
1108 861 1337 940 μηδενὸς
1395 862 1666 940 δεόμενος.
1699 861 1802 924 Καὶ
1858 861 2024 927 ἑστώς

366 960 480 1015 ἐστι
544 961 621 1030 τῷ
652 956 787 1013 uti:
837 952 1004 1032 μηδὲν
1037 952 1176 1019 ὅλως
1236 953 1290 1008 ἐν
1338 954 1481 1028 αὖτῷ
1511 954 1671 1032 ἴχνος
1724 950 2025 1028 μεταϐολῆς

370 1050 707 1125 θεωρεῖσθαι³
757 1048 846 1101 καὶ
895 1044 1203 1120 κινούμενος
1256 1041 1416 1101 πάλιν
1446 1043 1500 1100 ἐν
1530 1048 1605 1117 τῷ
1662 1041 1904 1123 συνέχειν
1962 1042 2029 1100 τὰ

370 1138 496 1195 ὄντα
549 1137 636 1193 καὶ
672 1133 1018 1214 συγκροτεῖν.
1081 1134 1179 1191 Καὶ
1228 1135 1372 1196 αὖθις
1422 1133 1480 1189 οὔ
1523 1131 1688 1191 ταῦτά
1745 1131 1911 1207 ἐστιν,
1946 1128 2027 1187 ὅτι

367 1231 497 1308 ὑπὲρ
547 1230 733 1285 ταῦτα’
774 1227 982 1293 κίνησις
1044 1225 1143 1303 γὰρ
1175 1224 1371 1293 ἀτελὴς
1423 1225 1631 1302 ἑνεργιά
1659 1227 1794 1281 ἐστι’
1841 1225 2025 1290 στάσις

369 1318 423 1377 δὲ
482 1321 516 1389 ἡ
547 1318 884 1379 παντάπασιν
916 1315 1185 1384 ἀκινησία·
1232 1315 1371 1397 ἥτις,
1404 1317 1448 1372 εἶ
1504 1316 1639 1390 μετὰ
1669 1316 1767 1383 τὴν
1821 1315 2028 1382 κίνησιν

368 1410 598 1487 γένοιτο,
633 1407 826 1487 ἠρεμία
854 1404 915 1463 ἂν
960 1404 1183 1473 κληθείη
1244 1407 1314 1464 Τὸ
1374 1411 1539 1462 κακοῦ
1570 1404 1714 1460 εἶναι
1746 1405 1808 1461 τὸ
1868 1411 2030 1461 Θεϊον

370 1497 499 1574 ὑπὲρ
546 1496 645 1565 τὴν
702 1494 866 1562 ἄτελῆ
906 1493 1199 1575 ἐνεργεικν,
1231 1492 1471 1561 εὔδηλον·
1519 1492 1600 1550 ὅτι
1657 1492 1712 1549 δὲ
1772 1494 1859 1549 καὶ
1901 1492 2030 1572 ὑπὲρ

369 1594 545 1644 πᾶσαν
590 1585 893 1659 ἀκινησίαν,
926 1583 1091 1652 δῆλον
1121 1586 1183 1640 εκ
1239 1591 1334 1641 τοῦ
1366 1584 1432 1640 τὰ
1461 1583 1634 1640 πάντα
1666 1583 1815 1663 ἔχειν
1865 1584 2032 1662 ὑπερ-

372 1681 601 1756 οχιχῶς,
638 1678 722 1732 καὶ
773 1677 831 1732 οὑ
873 1675 1050 1736 καθώς
1102 1674 1207 1731 εἰσι
1240 1675 1329 1730 καὶ
1387 1682 1646 1732 νοοῦνται.
1702 1674 1759 1729 Εἰ
1788 1673 1888 1751 γὰρ
1945 1674 2031 1729 καὶ

371 1765 489 1822 λίαν
539 1765 745 1837 συνᾴδει
790 1764 876 1820 ἐπὶ
937 1765 1067 1820 Θεοῦ
1096 1765 1157 1820 τὸ
1215 1763 1550 1819 παντάπασιν
1579 1763 1848 1837 ἀκίνητον,
1894 1759 2033 1819 ἀλλὰ

374 1857 643 1913 καὶτοῦτο
683 1856 1023 1933 ὑπεροχικῶς
1068 1852 1178 1909 ἐστί
1208 1874 1267 1908 τε
1320 1854 1408 1909 καὶ
1438 1852 1647 1909 νοεῖται
1681 1853 1735 1907 ἐν
1763 1859 1840 1926 τῷ
1889 1857 2026 1925 Θεῷ.

2106 687 2201 742 tur
2219 688 2414 741 autem
2442 698 2547 761 per
2575 680 3024 742 aﬂirmationem
3047 688 3106 742 et
3130 680 3750 760 negationem.lnlini-

2109 779 2229 831 tum
2262 788 2518 850 namque
2548 768 2769 831 dicitur
2789 767 2848 829 id
2875 766 3032 849 quod
3054 788 3169 831 non
3189 769 3367 832 habet
3396 770 3599 847 ﬁnem,
3626 789 3747 833 non

2108 858 2265 939 quod
2301 860 2590 939 privatum
2623 868 2711 921 est
2740 859 2882 933 line;
2913 857 3070 920 Deus
3098 857 3394 939 siquidem
3445 860 3507 922 in
3541 879 3659 923 uno
3687 861 3749 925 id

2111 956 2199 1011 est
2229 950 2415 1031 unite,
2445 958 2510 1011 ut
2540 967 2697 1030 sape
2748 948 2973 1010 dictum
3016 949 3336 1028 est,omnia
3364 957 3423 1012 et
3451 949 3758 1031 praebabet

2111 1045 2179 1100 ut
2207 1056 2411 1120 causa,
2430 1047 2488 1100 et
2516 1038 2846 1100 subsistere
2874 1036 3011 1100 facit
3040 1045 3102 1098 ut
3131 1037 3426 1120 conditor,
3458 1046 3634 1120 atque
3659 1042 3749 1104 si-

2114 1126 2334 1189 militer
2357 1128 2636 1189 omnibus
2654 1135 2714 1190 et
2732 1126 2952 1208 ubique
2982 1143 3243 1208 praesens
3258 1134 3439 1210 est,et
3459 1128 3534 1191 ad
3555 1131 3757 1194 omnia

2112 1234 2177 1278 se
2230 1217 2496 1279 extendit
2545 1215 2983 1280 conservatrice
3031 1216 3419 1296 providentia,
3469 1218 3532 1280 in
3561 1219 3761 1300 seipso

2116 1315 2315 1369 manet
2347 1316 2629 1387 tanquam
2663 1325 2843 1387 supra
2875 1305 3075 1368 omnia
3099 1306 3414 1389 exsistens,
3446 1316 3504 1369 et
3533 1309 3754 1373 nullius

2114 1415 2313 1475 egens.
2362 1399 2437 1461 Et
2463 1406 2632 1460 stans
2662 1397 2904 1478 dicitur,
2934 1395 3070 1477 quia
3100 1396 3157 1456 in
3189 1414 3260 1458 eo
3292 1397 3520 1461 nullum
3577 1401 3764 1465 vesti-

2114 1486 2272 1566 gium
2321 1487 2664 1549 mutationis
2710 1487 2999 1563 cernitur;
3034 1494 3093 1548 et
3123 1502 3360 1549 rursum
3409 1507 3470 1552 se
3490 1507 3759 1565 movens,

2117 1575 2252 1656 quia
2285 1595 2384 1639 res
2415 1578 2876 1658 continetatque
2906 1585 3237 1639 conservat.
3271 1577 3343 1641 Et
3372 1596 3610 1641 rursum
3641 1599 3762 1644 non

2116 1664 2242 1728 hzec
2264 1675 2374 1741 est,
2408 1667 2513 1729 sed
2548 1686 2730 1747 supra
2758 1668 2883 1729 haec
2911 1689 2924 1725 :
2964 1668 3146 1728 motio
3177 1666 3760 1748 enim,estactioim-

2116 1755 2406 1834 perfecta;
2460 1757 2633 1820 statio
2667 1775 2807 1819 vero
2839 1765 2927 1818 est
2956 1756 3299 1819 omnimoda
3329 1757 3762 1840 immobilitas;

2115 1863 2243 1925 qua:
2273 1845 2320 1905 si
2356 1854 2486 1925 post
2518 1846 2758 1907 modum
2793 1847 2913 1927 ﬁat,
2939 1846 3108 1927 quies
3145 1846 3759 1928 appellabitur.Deum

377 1944 483 2003 Οὔκ
535 1942 588 1999 ἕν
618 1966 719 2000 τινι
754 1949 862 2000 τῶν
919 1942 1086 1999 ὄντων
1130 1940 1287 1999 πάλιν
1345 1943 1455 1999 εστὶ
1511 1939 1595 1997 διὰ
1650 1943 1711 1998 τὸ
1756 1942 1810 1997 ἐν
1868 1946 2030 1997 πᾶσιν

2116 1943 2306 1995 autem
2339 1936 2471 1997 mali
2503 1935 2813 2016 plusquam
2846 1936 3255 2016 imperfectam
3288 1940 3582 2001 actionem
3606 1957 3762 2018 esse,

376 2032 631 2114 ἄσχετον
681 2031 831 2090 οὐδὲν
889 2033 1153 2110 προσήγει
1196 2033 1368 2105 τούτῳ
1408 2038 1514 2088 τῶν
1565 2031 1790 2087 αἰωνίων
1820 2029 1901 2087 ὅτι
1945 2047 2035 2103 καὶ

373 2130 479 2181 τῶν
524 2123 728 2179 αἰώνων
760 2123 991 2192 ποιητής
1024 2122 1186 2179 ἐστιν·
1237 2121 1382 2178 οὒδὲν
1414 2121 1519 2179 τῶν
1555 2122 1656 2178 ὑπὸ
1700 2122 1918 2201 χρόνον,
1952 2119 2033 2184 ὅτι

375 2215 461 2270 καὶ
492 2214 703 2293 χρόνων
754 2213 1013 2282 ποιητής.
1050 2212 1248 2269 Αἰώνια
1295 2210 1348 2267 δὲ
1380 2210 1523 2289 λέγει
1583 2211 1677 2275 τὰς
1711 2211 1896 2288 νοερὰς
1940 2207 2034 2265 δυ-

377 2305 561 2378 νάμεις
583 2306 653 2368 ὡς
684 2305 874 2366 αἰῶνος
919 2302 1288 2381 μεταχούσας³
1321 2301 1409 2357 καὶ
1438 2298 1522 2356 διὰ
1580 2302 1642 2357 τὸ
1671 2299 1767 2368 τῆς
1812 2301 1915 2377 πρὸ
1944 2304 2037 2356 τοῦ

377 2393 573 2473 χρόνου
617 2393 821 2474 φύσεως
869 2392 1113 2470 γενέσθαι
1173 2393 1350 2458 αὐτάς
1407 2391 1602 2471 χρόνος
1647 2392 1747 2469 γάρ
1778 2390 1883 2446 ἀπὸ
1938 2389 2035 2456 τῆς

378 2486 598 2560 οὐρανοῦ
648 2483 737 2539 καὶ
782 2482 881 2560 γῆς
941 2482 1213 2551 ποιήσεως
1268 2481 1599 2559 ἀριθμεῖται.
1639 2481 1717 2539 Τὸ
1763 2478 1842 2553 δὲ,
1877 2476 2035 2538 Οὺδὲν

378 2574 635 2652 προσήκει
679 2572 874 2652 τούτῳ,
906 2570 1025 2628 κατ’
1072 2570 1251 2628 οὖσίαν
1280 2572 1489 2645 νόησιν,
1523 2569 1613 2626 καὶ
1661 2571 1721 2626 οὗ
1758 2566 1877 2625 κατ’
1930 2565 2033 2624 ἅλ-

379 2663 480 2732 λην
533 2665 650 2723 τινὰ
702 2662 927 2743 ἔννοιαν,
961 2662 1083 2720 οῖον
1125 2661 1511 2742 κυϐερνήσεως,
1571 2662 1659 2718 καὶ
1704 2662 2028 2724 συστάσεως.

379 2757 466 2811 καὶ
523 2754 627 2809 τῶν
700 2754 972 2816 τοιούτων,
1031 2752 1341 2827 Σημείωσαι
1398 2750 1452 2808 δὲ
1520 2751 1773 2825 ἐντεῦθεν,
1836 2749 1917 2806 ὅτι
1973 2750 2033 2805 τὸ

382 2844 617 2923 ἄναχρον
670 2847 758 2899 καὶ
797 2843 1036 2915 αἰώνιον,
1072 2846 1131 2901 οὗ
1192 2842 1301 2917 μὴν
1353 2840 1408 2897 δὲ
1439 2847 1542 2898 πᾶν
1590 2844 1651 2898 τὸ
1706 2841 1918 2897 αἰώνιον
1949 2841 2034 2896 καὶ

380 2935 645 3012 ἄναρχον,
700 2934 968 2991 Αὖτοαιὼν
999 2931 1054 2988 δὲ
1095 2933 1157 2988 τὸ
1198 2940 1379 3011 Θεϊον,
1412 2930 1493 2987 ὅτι
1547 2933 1608 2988 τὸ
1656 2932 1796 2988 εἶναι
1850 2931 2033 2986 τούτου

2115 2023 2338 2085 clarum
2373 2025 2648 2106 est;quod
2682 2043 2818 2087 vero
2850 2025 3028 2088 etiam
3050 2026 3128 2088 sit
3155 2045 3334 2108 supra
3361 2026 3760 2092 immobilita-

2117 2113 2491 2195 tem,clarum
2522 2123 2611 2176 est
2635 2133 2703 2177 ex
2733 2132 2804 2176 eo
2836 2114 2995 2194 quod
3025 2114 3225 2177 omnia
3255 2114 3465 2178 habeat
3498 2118 3769 2181 eminen-

2119 2211 2297 2277 ter,et
2327 2221 2447 2263 non
2477 2203 2631 2266 sicut
2654 2221 2751 2265 res
2772 2214 2914 2265 sunt
2937 2211 2994 2266 et
3015 2203 3578 2285 intelliguntur.Etsi
3599 2208 3764 2269 enim

2119 2291 2240 2353 Deo
2271 2293 2439 2355 valde
2465 2312 2727 2356 consona
2747 2293 2823 2355 sit
2852 2293 3196 2356 omnimoda
3227 2293 3630 2371 immobilltas,
3666 2303 3767 2359 at-

2120 2389 2316 2443 tamen
2348 2401 2417 2444 ea
2446 2389 2575 2464 ipsa
2598 2382 2935 2445 eminenter
2956 2390 3051 2446 est
3072 2392 3133 2447 et
3164 2384 3516 2465 intelligitur
3532 2386 3595 2448 in
3616 2388 3762 2451 Deo.

2117 2470 2371 2534 Rursum
2420 2492 2537 2534 non
2590 2483 2683 2534 est
2711 2473 2773 2534 in
2805 2473 2926 2535 ullo
2960 2491 3167 2535 eorum
3199 2493 3331 2556 qua)
3358 2476 3667 2558 sunt,quia
3702 2477 3767 2541 in

2116 2561 2246 2623 45!
2311 2562 2590 2625 omnibus
2643 2563 3267 2644 incomprehensibilis
3323 2567 3578 2646 exsistit;
3611 2569 3766 2632 nihil

2115 2669 2315 2714 rerum
2373 2653 2785 2715 aaviternarum
2844 2653 2926 2716 illi
2984 2654 3284 2731 convenit,
3318 2655 3455 2736 quia
3497 2674 3759 2722 avorum

2117 2762 2360 2821 quoque
2374 2743 2649 2805 conditor
2665 2743 2920 2821 exsistit;
2937 2744 3086 2806 nihil
3101 2762 3305 2806 rerum
3321 2747 3734 2827 temporalium
3748 2797 3766 2831 ,

2116 2834 2253 2917 quia
2304 2845 2636 2915 temporum
2695 2852 2931 2915 quoque
2994 2842 3229 2897 creator
3283 2842 3395 2908 est;
3457 2837 3767 2902 aeviternas

2117 2932 2313 2986 autem
2348 2930 2513 2986 vocat
2543 2923 2790 2985 virtutes
2821 2923 3134 2987 intellectu
3171 2924 3760 3007 prmditas,quoniam

380 3024 457 3098 μὴ
508 3024 667 3091 μόνον
701 3024 882 3102 χρόνῳ
913 3022 971 3078 οὒ
1022 3034 1329 3101 μετρεῖται,
1366 3021 1489 3078 ἀλλ’
1544 3019 1648 3078 οὐδ’
1703 3022 1875 3096 αἰῶνι,
1910 3018 2031 3075 ἀλλ’

2117 3015 2222 3080 aevi
2255 3013 2578 3095 participes
2608 3014 2925 3097 exsistunt,
2959 3019 3021 3077 et
3050 3013 3189 3097 quia
3219 3022 3428 3078 natura
3476 3018 3764 3098 temporis

383 3111 506 3168 αὖτό
565 3092 932 3183 ἐστιν’νέαυτῷ
981 3111 1132 3169 αἰών.
1181 3108 1358 3188 Μὲτρα
1417 3107 1472 3165 δὲ
1526 3115 1634 3165 τῶν
1689 3107 1855 3164 ὅντων
1913 3107 2031 3170 τοὺς

2118 3092 2351 3186 priores
2401 3092 2563 3180 sunt;
2626 3092 2921 3184 quoniam
2954 3092 3188 3183 tempus
3219 3123 3253 3165 a
3282 3105 3417 3167 cmli
3467 3092 3765 3190 terraeque

382 3201 575 3263 αἰῶνας
632 3207 738 3256 τῶν
769 3200 998 3273 νοητῶν,
1034 3200 1120 3255 καὶ
1175 3200 1294 3264 τοὺς
1338 3197 1566 3278 χρόνους
1618 3196 1724 3253 τῶν
1772 3198 2031 3264 αἰσθητῶν

2118 3195 2422 3258 creatione
2452 3202 2847 3275 computatur.
2882 3195 3053 3268 Quod
3076 3203 3277 3259 autem
3306 3195 3422 3277 ipsi
3452 3198 3600 3260 nihil
3622 3219 3764 3262 con-

382 3307 537 3356 φησι·
572 3290 637 3350 τὰ
668 3290 767 3368 γὰρ
810 3290 976 3356 νοητὰ
1007 3291 1076 3353 ὡς
1109 3290 1211 3345 ὑπὸ
1243 3288 1434 3364 μέτρου
1464 3287 1556 3344 τοῦ
1596 3288 1781 3344 αἰῶνος
1814 3299 2031 3364 μετρεῖ-

2118 3284 2608 3363 veniat,intellige
2638 3285 2972 3346 secundum
2996 3284 3409 3367 substantiam,
3434 3295 3493 3349 et
3523 3307 3641 3351 non
3664 3307 3765 3353 se-

383 3402 495 3459 ται⁷
540 3380 584 3435 εἰ
618 3381 702 3436 καὶ
734 3380 1034 3454 ὁμωνύμως
1091 3384 1168 3451 τῷ
1201 3384 1475 3455 μετροῦντι
1520 3377 1668 3433 αἰῶνι
1700 3377 1787 3431 καὶ
1837 3376 1901 3431 τὰ
1933 3396 2029 3449 με·

2120 3372 2378 3437 cundam
2411 3373 2587 3435 aliam
2612 3375 2952 3454 quampiam
2986 3374 3464 3455 intelligentiam,
3492 3395 3547 3440 v.
3570 3398 3627 3458 ε.
3650 3399 3764 3458 gu-

333 3514 338 3523 .
384 3470 645 3547 τρούμενα
675 3469 920 3547 λέγονται
975 3469 1167 3531 Αἷῶνες
1203 3468 1301 3546 γὰρ
1351 3466 1595 3545 λέγονται
1638 3466 1726 3522 καὶ
1771 3467 1817 3521 οἱ
1869 3463 2031 3543 ἅγγε-

2122 3462 2493 3525 bernationis
2566 3481 2635 3524 ac
2685 3463 3156 3538 constitutionis,
3217 3474 3396 3542 atque
3450 3467 3762 3535 similium.

385 3559 492 3618 λοι.
527 3558 677 3617 Οὕτω
729 3560 813 3615 καὶ
845 3558 930 3614 ἐπὶ
982 3560 1088 3615 τῶν
1118 3560 1400 3624 αἰσθητῶν·
1458 3556 1522 3613 τὰ
1568 3556 1669 3634 γὰρ
1710 3555 2037 3633 μετρούμενα

386 3655 463 3721 τῷ
524 3648 705 3728 χρόνῷ
736 3649 1038 3723 ὁμωνύμως
1096 3647 1281 3727 χρόνοι
1314 3644 1582 3723 λέγονται,
1615 3647 1688 3707 ὡς
1734 3647 1767 3712 ἡ
1824 3645 2037 3710 κίνησις

386 3744 491 3794 τῶν
548 3737 783 3816 ἀστέρων
826 3738 911 3793 καὶ
971 3745 1061 3794 τοὺ
1104 3736 1279 3810 ἡλίου,
1316 3737 1400 3792 καὶ
1452 3738 1498 3791 οἱ
1529 3736 1658 3812 βὶοι·
1691 3734 2037 3812 μετρούμενοι

388 3829 485 3907 γὰρ
542 3829 642 3884 ὑπὸ
674 3827 893 3907 χρόνου,
930 3827 1116 3907 χρόνοι
1176 3824 1446 3904 λέγονταιο
1476 3827 1503 3881 ὁ
1535 3824 1633 3902 γὰρ
1677 3824 1869 3904 χρόνος
1922 3824 2032 3887 εἷς·

388 3920 453 3975 τὰ
502 3915 557 3973 δὲ
588 3918 826 3996 μετρικοὶ
877 3924 1091 3997 χρόνοι,
1120 3916 1192 3979 ὡς
1252 3914 1353 3974 ὑπό
1384 3917 1481 3981 τῆς
1526 3921 1653 3989 μιᾶς
1689 3914 2036 3993 παρατάσεως

2121 3552 2271 3614 Nota
2316 3571 2455 3613 vero
2506 3552 2668 3634 hinc,
2703 3551 2761 3613 id
2793 3552 2950 3633 quod
2985 3553 3278 3635 principio
3307 3563 3492 3636 caret,
3527 3575 3767 3638 quoque

2123 3650 2403 3705 aeternum
2455 3658 2609 3717 esse,
2654 3659 2771 3704 non
2806 3652 3003 3704 tamen
3059 3661 3236 3706 omne
3284 3644 3444 3726 quod
3476 3653 3765 3711 aeternum

2123 3731 2541 3813 cst,principio
2561 3734 2958 3796 carere.Deus
2980 3740 3175 3794 autem
3202 3742 3293 3796 est
3321 3734 3575 3816 ipsamet
3595 3743 3767 3802 aeter-

2120 3824 2294 3895 nitas,
2328 3825 2606 3904 quoniam
2639 3823 2769 3903 ejus
2806 3841 2938 3884 esse
2965 3842 3082 3885 non
3114 3824 3307 3886 solum
3339 3834 3609 3908 tempore
3643 3847 3767 3891 non

2120 3911 2627 3992 mensuratur,sed
2652 3932 2846 3994 neque
2869 3915 3219 3990 aeternitate,
3257 3915 3362 3978 sed
3396 3926 3484 3978 est
3515 3923 3769 3999 ipsamet

387 4016 478 4065 τοῦ
533 4010 649 4071 ἑνὸς
694 4009 891 4088 χρόνου
948 4008 1298 4085 μετρούμενα.
1378 4007 1556 4063 Πάντα
1612 4009 1700 4063 οὖν
1748 4014 1912 4063 ταὺτα
1969 4004 2031 4062 δι’

2117 4004 2436 4067 aeternitas.
2469 4003 2569 4065 Ait
2607 4012 2804 4065 autem
2837 4004 3052 4066 saecula
3081 4004 3572 4088 intelligibilium,
3618 4017 3766 4071 tem-

387 4101 566 4171 αὓτοῦ,
614 4100 702 4154 καὶ
723 4097 815 4155 ἀπ’
860 4098 1040 4169 αὐτοῦ,
1075 4098 1161 4153 καὶ
1192 4100 1243 4152 ὲν
1274 4096 1414 4170 αὐτῷ
1442 4095 1604 4155 ἐστιν.

2122 4113 2263 4175 pora
2309 4110 2449 4158 vero
2484 4093 2793 4155 sensilium
2830 4112 3136 4156 mensuras
3166 4113 3318 4170 esse;
3346 4096 3645 4174 siquidem
3675 4099 3769 4162 in-

391 4186 713 4267 tellectilia,
748 4193 1025 4267 tanquam
1087 4203 1384 4246 mensurae
1442 4183 1731 4266 subjecta,
1766 4183 1983 4246 saeculo
2017 4193 2464 4260 mensurantur,
2497 4183 2607 4244 etsi
2641 4182 2853 4244 eodem
2913 4185 3181 4259 nomine,
3217 4204 3348 4266 quae
3406 4204 3765 4252 mensuran-

388 4283 502 4348 tur,
541 4285 600 4337 et
652 4274 807 4355 quod
839 4282 1169 4346 mensurat,
1203 4273 1558 4336 afﬁciantur.
1611 4274 1828 4352 Angeti
1858 4275 2019 4337 enim
2056 4275 2231 4337 etiam
2294 4272 2510 4333 saecula
2537 4271 2935 4353 appellantur.
2970 4274 3053 4335 lta
3101 4274 3277 4335 etiam
3309 4274 3369 4336 in
3417 4276 3763 4345 sensilibus:

388 4384 521 4447 quae
570 4367 730 4427 enim
764 4374 1034 4445 tempore
1085 4373 1533 4443 mensurantur,
1570 4364 1780 4425 eodem
1813 4382 1948 4426 cum
2015 4372 2283 4446 tempore
2315 4362 2559 4423 nomine
2611 4362 3013 4443 appellantur,
3047 4371 3110 4424 ut
3138 4373 3332 4427 motus
3380 4373 3673 4429 astrorum
3709 4377 3769 4432 et

386 4456 553 4525 solis,
590 4464 648 4517 et
676 4463 878 4518 aetates
920 4454 1097 4516 vitae:
1160 4464 1430 4534 tempore
1474 4453 1635 4514 enim
1671 4461 2030 4517 mensuram
2057 4462 2327 4534 tempora
2357 4450 2657 4527 dicuntur,
2692 4451 2989 4528 siquidem
3050 4461 3283 4533 tempus
3307 4472 3490 4516 unum
3523 4476 3538 4532 ;
3595 4476 3768 4522 men-

389 4544 609 4607 suralia
652 4562 789 4607 vero
824 4557 1093 4626 tempora
1141 4551 1299 4619 sunt,
1337 4561 1465 4624 quae
1514 4543 1691 4605 unius
1722 4543 1897 4624 hujus
1928 4545 2214 4626 temporis
2263 4543 2611 4605 extensione
2645 4554 3094 4606 mensurantur.
3146 4542 3284 4607 Haec
3316 4544 3517 4627 itaque
3564 4548 3765 4612 omnia

394 4652 496 4713 per
524 4635 739 4715 ipsum,
790 4643 847 4697 et
876 4635 949 4696 ab
981 4635 1135 4714 ipso,
1171 4641 1230 4695 et
1262 4633 1323 4694 in
1360 4632 1490 4714 ipso
1522 4641 1680 4695 sunt.
