4134 6156
322 433 433 504 861

796 439 896 506 DE
938 435 1236 504 DIVINIS
1276 431 1733 515 NOMlNIBUS,
1776 433 1941 498 CAP.
1991 432 2096 498 VI.
2143 466 2220 481 -—-
2261 431 2650 497 PARAPHR.
2693 431 3206 500 PACHYMERIE.

3571 427 3690 498 862

322 580 410 640 xui
457 586 551 638 τοῦ
595 579 695 650 τῆς
745 583 887 652 ζωῆς
938 574 1318 654 δημιουργικοῦ
1359 570 1520 651 λόγου
1571 571 1710 628 αἰτία
1741 570 1881 628 ἐστὶν
1931 572 1966 639 ἡ

2063 567 2422 650 producitur,
2456 585 2631 630 causa
2658 569 2885 629 exsistit
2915 569 3111 632 divina
3139 570 3278 634 vita.
3317 564 3454 632 Haec
3484 575 3686 632 autem

321 669 432 728 θεία
476 671 614 742 ζωή.
649 677 824 728 Ταῦτα
854 667 908 724 δὲ
949 666 1088 723 κατά
1129 667 1234 721 τῶν
1263 661 1660 742 πρεσϐευόντων
1687 660 1828 727 ίδὲας
1871 662 1969 719 αῦ-

322 760 682 824 θυποστάτους
726 760 815 815 καὶ
873 755 1172 820 συναϊδίους
1219 760 1296 828 τῷ
1341 750 1649 831 δημιουργῷ
1706 750 1968 831 λέγοντοι,

323 847 422 908 Ἐκ
464 849 660 916 ταύτης
717 847 813 916 τῆς
861 845 1071 903 αἰωνίου
1119 845 1261 917 ζωῆς
1321 843 1371 899 αἶ
1435 841 1645 922 λογικαὶ
1696 842 1868 924 ψυχαί
1910 844 1972 900 τὸ

323 937 618 1016 ἀνώλεθρον
668 936 878 1018 ἔχουσι,
915 936 978 992 νά
1020 933 1190 1010 ἄλογα
1217 938 1328 1005 ζῶα
1370 932 1541 989 πάντα
1587 938 1738 1005 ζῶσι,
1773 933 1860 989 καὶ
1906 932 1972 990 τὰ

323 1028 456 1108 φυτά
505 1029 566 1084 τὸ
608 1032 706 1099 ζῆν
737 1025 922 1106 ἔχουσι
952 1025 1088 1082 κατά
1119 1023 1352 1103 ἔσχατον
1395 1022 1695 1102 ἀπῆχημά,
1728 1024 1800 1088 ὡς
1855 1021 1977 1079 ἑλέ-

321 1139 488 1196 γομεν
541 1117 824 1195 πρότερον.
877 1117 938 1172 Al
984 1124 1108 1193 γοῦν
1158 1117 1288 1185 ζωαὶ
1329 1119 1436 1170 τῶν
1490 1111 1702 1192 ἀλόγων
1755 1115 1842 1172 καὶ
1871 1117 1978 1169 τῶν

319 1205 494 1286 φυτῶν
544 1209 640 1266 οὐκ
683 1207 779 1263 εἰσὶ
840 1207 1004 1280 θεῖαι,
1037 1202 1173 1260 ἀλλά
1231 1212 1324 1262 τοῦ
1383 1201 1564 1260 ἒνύλου
1615 1204 1774 1282 πυρός
1805 1225 1861 1260 τε
1891 1203 1979 1261 καὶ

323 1296 645 1371 πνεύματος.
691 1296 803 1362 Τὴν
850 1292 905 1350 δὲ
961 1293 1297 1373 ἀνθρωπίνην
1351 1292 1494 1364 ζωὴν
1543 1295 1748 1370 πνεῦμά
1808 1316 1971 1375 φησιν

323 1387 350 1442 ὁ
416 1384 602 1459 Δαυίδ,
662 1383 854 1462 λέ(ων⁸
939 1381 1280 1447 Ἀντανελετς
1358 1385 1418 1439 τὸ
1490 1391 1695 1460 πνεῦμα
1771 1384 1968 1458 αὐτῶν,

323 1476 416 1530 καί
503 1473 828 1550 ἐκλείψουσυ
936 1475 1023 1530 καὶ
1105 1472 1288 1529 πάλιν·
1399 1471 1810 1538 Ἐξαποστελεῖς
1909 1474 1972 1530 τὸ

324 1564 532 1640 πνεῦμά
591 1585 710 1642 σου,
756 1563 843 1620 καὶ
888 1563 1288 1636 κτισθήσονται,
1345 1557 1590 1629 δηλονότι
1651 1563 1725 1626 εἷς
1777 1560 1974 1618 παλιν-

323 1655 492 1724 ζωὶαν
549 1655 637 1709 καὶ
700 1651 1061 1719 ἐξανάστασιν.
1121 1654 1192 1710 Τὸ
1223 1652 1322 1728 γάρ
1393 1650 1815 1731 ἀνταναιρεῖσθαι
1888 1651 1974 1710 ἐπὶ

324 1751 417 1802 τοῦ
466 1744 788 1824 κεχωρίσθαι
848 1741 1071 1814 τέθεικε,
1105 1739 1333 1814 δεικνὺς,
1365 1738 1445 1796 ὅτι
1493 1744 1590 1798 καὶ
1643 1739 1769 1816 παρ’
1816 1742 1973 1799 αὐτοῦ

323 1832 552 1910 ἀργῆθεν
607 1831 760 1899 ἐδοθη
795 1832 856 1887 τὸ
887 1837 1118 1906 πνεῦμα·
1155 1831 1395 1887 ἀσθενεῖν
1449 1827 1504 1885 δὲ
1537 1831 1664 1909 πρὸς
1697 1832 1757 1887 τὸ
1807 1829 1970 1906 μετέ-

2055 657 2385 721 secundum
2416 658 2784 739 antiquiores
2813 657 3098 722 dicuntur
3128 659 3279 722 idem
3314 677 3422 740 per
3448 677 3514 722 se
3545 657 3694 720 sub-

2055 749 2340 812 sistentes
2364 759 2419 809 et
2453 746 2708 810 creatori
2737 746 3159 811 coasternaaEx
3189 749 3299 812 hac
3330 757 3554 812 aeterna
3582 749 3697 810 vita

2053 844 2267 902 animae
2295 838 2614 900 rationales
2654 837 3278 918 incorruptibilitatem
3310 838 3697 920 habent,bru-

2055 937 2111 990 ta
2136 928 2336 991 omnia
2354 927 2640 1001 vivunt,et
2672 927 2905 1008 planta,
2939 927 3096 1008 quod
3120 928 3327 990 ultimo
3359 928 3488 990 vitae
3515 927 3702 1006 gradu

2055 1018 2372 1098 gaudeant,
2407 1017 2563 1079 sicut
2585 1025 2760 1078 antea
2789 1015 3226 1080 diximus.Vit:e
3266 1017 3464 1098 itaque
3491 1017 3698 1080 bruto-

2056 1125 2188 1169 rum
2220 1123 2290 1167 ac
2323 1107 2653 1187 plantarum
2689 1124 2806 1167 non
2838 1116 2979 1168 sunt
3007 1106 3242 1180 divinae,
3267 1108 3373 1170 sed
3399 1107 3549 1185 ignis
3581 1125 3706 1168 ma-

2067 1194 2291 1258 terialis
2320 1213 2386 1256 ac
2413 1195 2673 1276 spiritus.
2709 1196 3039 1258 Humanam
3067 1203 3263 1258 autem
3311 1195 3489 1258 vitam
3535 1201 3706 1257 vocat

2054 1283 2236 1350 David
2262 1283 2800 1365 spiritum,dicens:
2823 1285 3076 1364 Auferes
3098 1287 3389 1364 spiritum
3411 1289 3707 1364 eorum,et

2055 1375 2332 1454 deﬁcient
2347 1394 2397 1455 s;
2414 1383 2473 1435 et
2497 1395 2510 1437 :
2539 1373 2799 1437 Emittes
2816 1375 3105 1454 spiritum
3127 1382 3382 1451 tuum,et
3405 1373 3706 1437 creaban-

2054 1473 2157 1527 tur
2177 1495 2230 1541 ιι,
2264 1463 2540 1526 videlicet
2561 1464 2622 1525 in
2649 1466 3104 1526 resuscitatione
3133 1483 3201 1526 ac
3233 1463 3703 1526 resurrectione.

2057 1556 2299 1632 Auferri
2321 1562 2516 1614 autem
2561 1554 2754 1633 posuit
2785 1571 2891 1633 pro
2923 1556 3222 1634 separari,
3259 1553 3594 1629 declarans,
3625 1552 3700 1614 ab

2054 1643 2226 1707 initio
2250 1661 2489 1724 quoque
2513 1643 2790 1722 spiritum
2815 1643 3002 1705 fuisse
3031 1643 3258 1719 datum;
3284 1643 3592 1722 inﬁrmari
3614 1661 3706 1704 ve-

2055 1752 2120 1795 ro
2137 1733 2278 1795 dicit
2308 1732 2364 1794 in
2393 1733 2569 1812 hujus
2594 1733 2725 1795 vitae
2755 1732 3373 1814 participatione,quia
3403 1751 3519 1794 non
3544 1731 3707 1794 domi

2053 1842 2198 1900 suae,
2232 1841 2342 1884 nec
2399 1841 2433 1884 a
2487 1821 2702 1904 seipsis
2759 1823 2938 1887 vitam
2986 1823 3228 1904 habent,
3262 1822 3367 1886 sed
3399 1821 3636 1885 insitam
3670 1840 3705 1886 a

327 1943 449 2003 χειν
501 1927 598 1989 τῆς
655 1927 801 1994 ζωῆς
845 1921 1042 1988 ταύτης
1103 1921 1255 2000 φησὶ,
1293 1919 1377 1977 διά
1405 1920 1467 1976 τὸ
1517 1921 1595 1994 μὴ
1624 1920 1835 1978 οἴκοθεν
1889 1929 2038 1987 καὶΒ
2065 1915 2184 1977 Deo

326 2009 452 2087 παρ’
481 2011 682 2068 ἑαυτῶν
712 2011 964 2091 ἔχειντὴν
995 2011 1160 2084 ζωὴν,
1195 2006 1313 2065 ἀλλ’
1345 2007 1582 2076 ἒπακτῆν
1612 2010 1672 2066 ὲκ
1707 2017 1791 2066 τοῦ
1818 2016 1971 2068 Θεοῦ.

321 2151 324 2154 .
408 2099 437 2180 δ
491 2097 565 2162 ΙΙ.
600 2099 722 2158 ⁰Οτι
767 2110 894 2177 γοῦν
923 2099 1022 2166 τὴν
1077 2099 1222 2171 ζωὴν
1254 2097 1491 2166 ἓπακτὴν
1544 2097 1785 2180 ἔχουσιν,
1819 2099 1978 2155 ἀσθε‹

325 2197 512 2248 νοῦντα
556 2191 686 2269 πρὸς
720 2190 834 2257 τὴν.
868 2188 1114 2268 μετοχὴν
1145 2187 1334 2269 αὐτῆς,
1373 2187 1696 2268 ἐκλείπουσι,
1731 2189 1816 2244 καὶ
1865 2188 1973 2244 πά-

326 2283 409 2339 λιν
468 2281 906 2361 ἐπιστρειρὸμενα,
942 2277 1102 2334 πάλιν
1157 2286 1437 2350 ζωοῠνται,
1499 2279 1675 2336 Τοίνυν
1731 2279 1766 2346 ἡ
1814 2277 1978 2335 αὖτο-

329 2373 468 2453 ζωὴ,
497 2372 652 2435 αὐτὸς
709 2373 736 2426 ὁ
767 2367 1144 2448 δημιουργικὸς
1201 2369 1290 2425 καὶ
1337 2366 1826 2448 παραδειγματικὸς
1877 2374 1978 2436 τῆς

329 2468 472 2535 ζωῆς
515 2461 697 2539 λόγος,
734 2462 759 2516 δ
817 2458 868 2516 ἐν
901 2465 978 2534 τῷ
1011 2465 1127 2533 Θεῷ
1158 2456 1331 2523 ἀ³ιδιος
1376 2457 1474 2534 ὢν,
1507 2455 1754 2536 δωρεῖται
1798 2458 1979 2537 ἁπάσῃ

329 2554 440 2628 ζωῇ
471 2553 533 2608 τὸ
581 2550 752 2623 εἶναι,
787 2550 874 2606 καὶ
904 2555 974 2625 τῇ
1015 2547 1226 2628 ἁπλῶς,
1258 2549 1345 2605 καὶ
1392 2553 1461 2625 τῇ
1505 2547 1624 2604 καθ’
1665 2548 1862 2606 ἕκαστα
1893 2550 1978 2606 oi-

327 2642 482 2707 κείως
542 2640 751 2712 ἑκάστῳ
813 2644 922 2695 τῶν
979 2639 1204 2709 ζώνιων.
1265 2638 1350 2694 xui
1410 2650 1528 2704 τοῖς
1585 2643 1682 2714 μὲν
1735 2637 1978 2717 ἀγγέλοις

327 2731 471 2802 ζωὴν
524 2728 698 2786 δίδωσι
749 2729 846 2796 τὴν
904 2725 1060 2784 ἅϋλον
1117 2729 1206 2784 καὶ
1260 2727 1487 2795 θεοειδῆ·
1547 2726 1663 2784 ὅλοι
1720 2729 1820 2807 γάρ
1879 2729 1976 2785 εἱσι

328 2824 458 2893 ζωαὶ
517 2820 764 2888 ἑνούσιοι,
826 2818 907 2874 ἀεί
957 2820 1044 2874 καὶ
1104 2816 1504 2897 ἀπαρεγκλίτως
1563 2819 1862 2894 κινούμενοι
1922 2819 1976 2875 ἐν

329 2917 396 2986 τῇ
437 2915 556 2986 ζῇν,
593 2899 975 2985 ’Υπερεκτείνει
1027 2905 1078 2962 δὲ
1112 2909 1211 2974 τὴν
1267 2908 1519 2974 τοιαύτην
1563 2909 1702 2980 ζωὴν
1735 2906 1802 2964 δι’
1834 2908 1975 2986 ἀγα-

327 3003 524 3066 θότητα
562 2996 968 3074 (ἀμεταμέλητα
1023 2998 1122 3075 γάρ
1182 2997 1247 3052 τὰ
1303 3000 1423 3053 θεῖα
1477 2999 1830 3077 χαρίσματα·)
1886 3000 1975 3056 καὶ

328 3097 406 3164 τῷ
458 3088 710 3163 δαιμονίῳ
741 3087 916 3168 φύλῳθ
952 3089 1037 3144 καὶ
1085 3090 1120 3156 ἡ
1152 3087 1263 3160 ζωὴ
1295 3088 1395 3166 γὰρ
1451 3095 1555 3144 τῶν
1585 3086 1849 3165 δαιμόνων
1888 3089 1976 3146 καὶ

328 3177 454 3258 παρ’
505 3179 667 3247 αὐτῆς
726 3177 952 3251 ὑπέστη,
1014 3179 1102 3235 καὶ
1145 3176 1271 3254 παρ’
1329 3179 1491 3245 αὖτῆς
1541 3178 1822 3258 συνέχεται
1878 3179 1974 3246 τῆς

2139 2091 2167 2172 §
2197 2087 2272 2156 Il.
2299 2090 2447 2164 Quia
2472 2091 2672 2173 itaque
2713 2093 2888 2155 vitam
2918 2093 3153 2156 insitam
3198 2094 3438 2168 habent,
3462 2093 3603 2157 dum
3625 2092 3699 2154 ad

2061 2183 2193 2264 ejus
2224 2181 2732 2264 participationem
2757 2183 3542 2261 inﬁrmantur,deﬁciunt,et
3560 2183 3705 2245 dum

2059 2291 2297 2335 rursum
2330 2280 2782 2355 convertuntur,
2811 2292 3047 2336 rursum
3080 2274 3468 2336 viviﬁcantur.
3494 2272 3696 2354 Itaque

2062 2380 2170 2446 per
2189 2380 2254 2424 se
2273 2362 2391 2423 vita
2408 2363 2859 2426 estconditricis
2878 2373 3052 2446 atque
3077 2365 3435 2446 exemplaris
3456 2364 3589 2428 vitae
3609 2381 3702 2424 ra-

2063 2453 2166 2526 tio,
2187 2469 2320 2533 quze
2341 2452 2402 2513 in
2426 2451 2549 2514 Deo
2572 2460 2794 2514 aeterna
2817 2453 3130 2537 exsistens,
3165 2455 3371 2516 tribuit
3388 2471 3521 2516 esse
3540 2451 3707 2514 omni

2062 2541 2218 2623 vitai,
2243 2550 2358 2603 tam
2381 2541 2515 2604 vita;
2535 2541 2889 2623 simpliciter
2903 2563 3080 2626 quam
3113 2543 3358 2606 cuilibet
3380 2543 3703 2606 viventium

2062 2630 2123 2693 iu
2146 2630 2515 2712 particulari;
2548 2644 2725 2711 atque
2748 2632 2975 2713 angelis
2995 2634 3237 2715 quidem
3259 2636 3358 2698 dat
3373 2634 3546 2696 vitam
3587 2633 3703 2694 im-

2061 2721 2425 2783 materialem
2448 2739 2516 2783 ac
2538 2720 2912 2800 deiformem;
2941 2725 3047 2785 toti
3071 2725 3228 2786 enim
3255 2734 3393 2787 sunt
3414 2723 3544 2785 vita:
3569 2723 3706 2784 sub-

2060 2812 2393 2892 stantiales,
2428 2829 2562 2890 quae
2596 2815 2843 2875 vivendo
2895 2832 3137 2894 semper
3185 2822 3244 2876 et
3296 2813 3708 2876 indesinenter

2059 2901 2493 2964 moventur.Ad
2523 2902 2708 2982 ipsam
2743 2921 2980 2984 quoque
3017 2904 3247 2965 turbam
3280 2903 3705 2966 daemoniacam

2057 2991 2391 3054 istiusmodi
2417 2993 2592 3052 vitam
2626 3010 2734 3074 per
2762 2992 3087 3057 bonitatem
3120 2993 3378 3056 extendit
3410 2993 3568 3074 (sine
3588 3011 3708 3073 pw-

2056 3085 2314 3144 nitentia
2335 3083 2492 3143 enim
2518 3082 2840 3145 suntdona
2865 3085 2976 3146 Dei
2997 3087 3066 3161 υς
3096 3084 3394 3165 siquidem
3424 3083 3548 3146 vita
3578 3084 3707 3144 dre-

2059 3190 2300 3234 monum
2325 3171 2397 3232 ab
2421 3178 2670 3251 ipsamet
2708 3191 2815 3254 per
2841 3192 2908 3236 se
2924 3175 3098 3235 vitam
3127 3193 3362 3255 quoque
3383 3173 3613 3235 exsistit
3639 3191 3708 3236 ac

328 3273 627 3341 αὖτοζωῆς.
687 3277 948 3345 Δωρεῖται
979 3268 1065 3324 καὶ
1094 3280 1212 3332 τοῖς
1250 3266 1543 3345 ἀνθρώποις
1599 3281 1723 3332 ταῖς
1775 3269 1976 3344 συμμί-

2063 3261 2586 3335 continetur.Quiu
2611 3271 2669 3324 et
2693 3262 3315 3343 hominibus,quorum
3346 3265 3707 3325 animmcor-

329 3381 477 3422 κτοις
526 3363 736 3437 ψυχαῖς
797 3357 932 3432 μετά
995 3357 1241 3431 σώματος
1312 3356 1412 3423 τὴν
1468 3356 1755 3435 ἀγγελοιδῆ
1808 3358 1973 3432 ζωὴν,

2064 3351 2307 3432 poribus
2336 3357 2663 3412 commistaa
2711 3360 2872 3426 sunt,
2897 3354 3349 3433 angeliformem
3380 3359 3555 3414 vitam
3589 3352 3701 3414 tri-

330 3448 471 3517 πλὴν
529 3449 602 3513 ὡς
649 3445 843 3503 ἕνεστι⁶
890 3445 1054 3522 μέσον
1112 3446 1211 3524 γὰρ
1265 3447 1364 3512 τῆς
1421 3452 1648 3526 φυσικῆς
1693 3451 1835 3518 ζωῆς
1891 3447 1980 3503 καὶ

327 3543 426 3605 τῆς
469 3535 758 3615 ἀγγελικῇς
812 3535 960 3598 ὅντες
991 3537 1184 3615 ἡμεῖς,
1216 3539 1313 3603 τὴν
1359 3535 1526 3612 ῥοπὴν
1577 3533 1663 3592 ἐπ’
1708 3536 1979 3616 ἀμφότερα

329 3627 445 3684 κατ’
499 3625 940 3692 αὖτεξουσιότητα
985 3625 1212 3705 ἔχομεν·
1260 3625 1294 3693 ἢ
1356 3623 1559 3700 μᾶλλον
1617 3626 1813 3700 εἰπεῖν,
1847 3628 1979 3704 πρὸς

329 3720 426 3787 τὴν
483 3717 776 3797 ἀγγελικὴν
836 3721 1122 3798 ταχθέντες
1178 3718 1323 3788 ζωὴν
1369 3715 1424 3774 εἴ
1479 3740 1576 3774 που
1607 3723 1674 3795 τῇ
1729 3717 1979 3797 προαιρέ-

332 3822 418 3867 σεῖ
487 3809 578 3866 καὶ
664 3807 1127 3887 παρεγκλίνοιμεν,
1202 3805 1514 3884 ὑπερϐλύσει
1591 3807 1979 3890 φιλανθρωπίας

329 3900 460 3978 πρὸς
508 3900 570 3956 τὸ
599 3897 651 3964 ἐξ
683 3899 860 3978 ἀρχῆς
925 3895 1331 3973 ἀνακαλούμεθα
1391 3899 1479 3954 καὶ
1534 3898 1975 3979 ἐπιστρεφόμεθκο

331 3991 417 4046 καὶ
486 3991 548 4046 τὸ
603 3987 1050 4066 θαυμαστότερον,
1116 3986 1269 4054 ὅλους
1332 3989 1473 4063 ἡμᾶς
1541 3989 1678 4046 κατά
1733 3989 1978 4060 σώματος

334 4082 466 4154 πρὸς
526 4079 622 4147 τὴν
675 4077 970 4155 ἀνώλεθρον
998 4077 1142 4148 ζωὴν
1193 4077 1580 4156 ἐπαγγέλλεται
1638 4079 1978 4154 μεταθήσειν.

337 4176 559 4248 Πρᾶγμα
607 4167 675 4236 τῆ
719 4167 934 4240 ἀνοήτῳ
981 4167 1078 4240 μὲν
1130 4165 1252 4244 δόξῃ
1281 4173 1386 4224 τῶν
1431 4159 1727 4241 Ἐλλήνων,
1764 4166 1983 4246 (ταύτην

333 4260 433 4337 γάρ
488 4255 832 4324 παλαιότητά
889 4278 1076 4335 φησιν,
1111 4258 1184 4318 ὡς
1237 4258 1420 4334 μωρὰν
1479 4258 1566 4312 καὶ
1623 4257 1865 4335 σαθράν’)
1897 4257 1985 4313 κλιὶ

336 4345 742 4423 πιστευόμενον,
802 4343 939 4408 ἴσως
998 4347 1072 4407 ὡς
1130 4346 1271 4424 παρά
1328 4347 1480 4426 φύσιν
1520 4345 1724 4403 δοκοῦν·
1788 4347 1983 4402 ἐκεῖνοι

332 4438 431 4515 γάρ
464 4437 607 4515 παρά
656 4436 804 4516 φύσίν
835 4434 1078 4513 Λέγουσιν
1109 4436 1251 4492 εἶναι
1283 4443 1352 4513 τῇ
1407 4435 1510 4512 ’ὐλη
1541 4438 1602 4492 τὸ
1660 4435 1984 4492 ἀπαθανατί-

331 4530 527 4598 ζεσθαι·
591 4524 691 4592 ὅλη
723 4527 821 4604 γὰρ
859 4525 1011 4599 οὖσα,
1058 4527 1145 4581 καὶ
1196 4528 1331 4582 κατά
1384 4527 1534 4604 φύσιν
1578 4525 1780 4606 ἔχουσα
1817 4529 1879 4582 τὸ
1930 4527 1984 4582 ἐν

333 4618 493 4692 ἑαυτῇ
523 4612 874 4689 μεταϐάλλειν
905 4615 968 4671 τὰ
1017 4613 1164 4694 εἴδη,
1198 4621 1314 4671 πῶς
1348 4629 1502 4689 μενεῖ
1545 4616 1599 4672 ἐν
1648 4616 1786 4688 αἰντῷ
1845 4616 1987 4672 ἐσαεὶ

2064 3440 2209 3513 buit,
2241 3449 2526 3522 quantum
2557 3441 2790 3503 scilicet
2809 3443 2894 3503 fas
2916 3452 3027 3518 est;
3060 3462 3165 3503 nos
3191 3443 3371 3517 enim,
3407 3461 3542 3504 cum
3577 3459 3707 3503 me-

2063 3529 2145 3590 dii
2177 3531 2362 3590 simus
2392 3529 2893 3609 interangelicam
2929 3533 3102 3594 vitam
3131 3552 3197 3596 ac
3219 3533 3574 3606 naturalem,
3607 3549 3704 3593 se-

2062 3618 2323 3683 cundum
2339 3618 2594 3681 liberum
2613 3619 2924 3683 arbitrium
2938 3621 3226 3685 habemus
3242 3622 3702 3705 propensionem

2060 3709 2134 3771 ad
2167 3717 2504 3790 utramque;
2555 3710 2678 3772 sive
2728 3711 2940 3774 melius
2970 3708 3329 3793 dicendo,ad
3375 3711 3704 3791 angelicam

2059 3801 2234 3861 vitam
2267 3799 2604 3880 compositi,
2631 3800 2822 3864 sicubi
2856 3820 2962 3882 per
3007 3802 3340 3866 libertatem
3376 3801 3557 3865 etiam
3591 3802 3704 3865 de-

2063 3889 2377 3960 ﬂectimus,
2415 3890 2962 3969 superabundantia
2994 3892 3379 3972 benignitatis
3407 3892 3479 3954 ad
3514 3892 3711 3974 pristi-

2064 3998 2207 4041 num
2236 3987 2449 4041 statum
2479 3997 2833 4043 revocamur
2860 3991 3036 4063 atque
3068 3981 3708 4062 convertimur;quod-

2066 4087 2182 4148 que
2212 4067 2397 4148 magis
2431 4069 2768 4131 mirandum
2803 4077 3097 4142 est,etiam
3133 4072 3462 4134 secundum
3492 4089 3709 4152 corpus

2065 4157 2137 4219 ad
2168 4158 2680 4239 incorruptibilem
2712 4159 2887 4221 vitam
2919 4180 3024 4222 nos
3061 4162 3432 4224 traducturus
3464 4161 3710 4241 promit-

2068 4247 2158 4310 tit.
2190 4246 2332 4319 Quae
2360 4265 2455 4308 res
2483 4248 2624 4309 456
2654 4249 2878 4310 insanae
2936 4251 3176 4331 quidem
3230 4251 3536 4330 gentilium
3573 4251 3706 4330 opi-

2068 4337 2232 4398 nioni
2259 4339 2450 4418 (quam
2482 4346 2834 4401 vetustatem
2892 4341 3171 4422 appellat,
3233 4341 3453 4422 quippe
3485 4340 3705 4402 fatuam

2069 4435 2127 4489 et
2157 4427 2452 4506 putidam)
2475 4428 2647 4489 etiam
2670 4429 2897 4491 credita
2920 4430 3130 4491 merito
3163 4430 3332 4511 quasi
3364 4439 3568 4492 contra
3601 4449 3712 4492 na-

2070 4525 2259 4578 turam
2289 4517 2578 4595 videatur;
2601 4518 2863 4580 illienim
2909 4520 3098 4600 aiunt,
3136 4539 3268 4582 esse
3298 4529 3504 4582 contra
3537 4530 3716 4581 natu-

2073 4627 2198 4670 ram
2227 4617 2287 4670 ut
2311 4610 2552 4671 materia
2583 4611 2683 4671 ﬁat
2710 4611 3103 4687 immortalis;
3125 4632 3260 4674 nam
3295 4611 3436 4675 dum
3470 4623 3559 4676 est
3582 4631 3714 4673 uia-

333 4685 702 4782 ἀμετάέλητος
758 4706 848 4760 καὶ
877 4685 1180 4778 ἀκίνητοςξ
1242 4685 1478 4762 Ἐκεῖνοι
1537 4717 1682 4782 γοῖν,
1718 4685 1786 4781 τῆ
1840 4707 1978 4784 φύσει

2079 4703 2433 4778 teria,etiam
2461 4704 2790 4765 secundum
2820 4685 3094 4768 naturam?
3112 4725 3279 4768 suam
3301 4705 3556 4769 habetut
3577 4704 3637 4766 in
3651 4723 3716 4767 se

333 4793 762 4869 ἀκολουθοῦντες,
797 4793 1012 4858 εἰκότως
1057 4793 1198 4850 ἅπαν
1257 4794 1400 4860 ξένον
1457 4799 1556 4861 τῆς
1586 4795 1790 4875 φύσεως
1847 4796 1989 4869 παρὰ

334 4886 486 4965 φύσιν
544 4888 706 4964 φασὶ,
740 4884 828 4940 καὶ
886 4884 964 4960 μὴ
1009 4882 1128 4940 οἶόν
1156 4906 1214 4940 τε
1267 4883 1509 4963 γενέσθαι
1537 4887 1778 4942 πώποτε·
1823 4887 1986 4959 ἡμεῖς

335 4974 412 5050 δὲ,
449 4977 581 5054 πρὸς
639 4975 731 5030 τὸν
781 4973 912 5029 Θεὸν
957 4972 1383 5044 ἀποϐλέποντες,
1417 4976 1508 5030 τὸν
1557 4981 1648 5031 τοῦ
1699 4975 1776 5049 μὴ
1835 4975 1986 5036 ὃντος

333 5065 398 5121 τὰ
459 5063 629 5120 πάντα
659 5060 806 5140 λόγῳ
856 5062 1005 5138 μόνῳ
1032 5064 1121 5119 καὶ
1179 5061 1438 5140 θελήματι
1499 5064 1893 5134 ὑποστήσαντα,
1929 5065 1988 5122 τὸ

333 5151 515 5210 δοκοῦν
571 5151 793 5214 ἐκείνοις
824 5153 966 5232 παρά
1020 5153 1171 5232 φύσιν
1201 5157 1345 5211 θεῖον
1377 5155 1464 5211 καὶ
1521 5154 1649 5231 ὑπὲρ
1680 5155 1833 5234 φύσιν
1888 5151 1984 5210 λέ-

333 5264 521 5320 γομεν,
553 5242 643 5300 καί
685 5239 902 5299 δυνατὸν
957 5242 1225 5321 γενέσθαι,
1259 5251 1392 5302 Θεοῦ
1421 5243 1689 5308 θέλοντος,
1725 5251 1854 5301 Θεοῦ
1887 5245 1986 5323 γὰρ

333 5332 656 5409 βουλομένου
687 5333 750 5388 τὸ
788 5330 1029 5410 γενέσθαι
1058 5353 1110 5388 τι
1141 5331 1310 5404 ξένον,
1341 5333 1401 5390 οὔ
1455 5332 1682 5412 λέγομεν
1713 5334 1855 5411 παρὰ
1884 5334 1983 5412 φύ-

336 5439 441 5478 σινο
473 5421 561 5498 βία
590 5421 689 5500 γάρ
734 5419 843 5484 ὶςτι
885 5427 1044 5479 τοῦτο
1092 5427 1190 5490 τῆς
1233 5423 1460 5503 φύσεως,
1491 5423 1580 5480 καί
1612 5424 1734 5504 οὐχί
1790 5424 1988 5480 σύστα-

339 5532 420 5574 σις
477 5511 720 5591 φύσεως,
756 5509 876 5567 ἀλλ’
930 5510 1194 5586 ἀσθένεια,
1229 5511 1370 5570 ὣστε
1421 5511 1706 5594 πεφυκέναι
1749 5514 1837 5568 καί
1877 5514 1986 5569 παί-

337 5604 420 5658 λιν
473 5601 560 5658 ἐπί
588 5602 649 5659 τὸ
676 5601 813 5658 κατά
841 5601 993 5681 φύσιν
1038 5603 1318 5684 χωρῆσαι,
1347 5603 1506 5662 εἵπου
1558 5607 1657 5670 τῆς
1684 5603 1800 5679 βίας
1851 5603 1988 5683 ἀφι-

420 5801 446 5842 ι
473 5785 628 5852 Psal.
668 5803 792 5865 cm,
824 5788 925 5854 29.
1009 5791 1039 5834 ιι
1064 5786 1244 5872 una,
1272 5789 1374 5854 30.
1462 5791 1476 5828 ι
1521 5790 1700 5856 Rom.
1734 5789 1958 5872 11,29.

2069 4791 2292 4854 formas
2324 4801 2696 4870 transmutat,
2727 4797 3024 4876 quomodo
3057 4815 3196 4876 ergo
3249 4796 3312 4858 in
3359 4814 3425 4858 se
3475 4813 3717 4875 semper

2072 4881 2456 4944 immutabilis
2479 4891 2536 4944 et
2556 4883 2880 4948 immobilis
2899 4904 3139 4947 manere
3161 4884 3372 4966 possit?
3397 4885 3485 4948 llli
3518 4885 3716 4966 itaque

2071 4979 2340 5033 naturam
2373 4983 2718 5052 sequentes,
2751 4975 3152 5038 verosmiliter
3176 4975 3408 5051 dicunt,
3442 4993 3623 5037 omne
3655 4975 3711 5037 id

2070 5059 2230 5142 quod
2252 5068 2477 5123 natura;
2498 5063 2878 5144 peregrinum
2935 5083 3003 5127 ac
3027 5083 3245 5126 novum
3276 5065 3515 5146 accidit,
3562 5083 3712 5126 con-

2070 5159 2159 5212 tra
2187 5159 2458 5212 naturam
2480 5170 2638 5233 esse,
2672 5164 2727 5214 et
2754 5154 2883 5216 ﬁeri
2907 5173 3207 5236 nunquam
3239 5172 3436 5234 posse;
3472 5173 3578 5217 nos
3607 5173 3714 5217 ve-

2067 5257 2135 5302 ro
2192 5239 2266 5300 ad
2324 5243 2511 5303 Deum
2561 5243 3032 5326 Spectantes,qui
3063 5245 3265 5308 omnia
3295 5262 3370 5308 ex
3399 5244 3587 5306 nihilo
3616 5245 3713 5307 vel

2067 5328 2248 5392 verbo
2280 5330 2406 5391 solo
2427 5348 2495 5392 ac
2517 5331 2814 5394 voluntate
2837 5351 2942 5396 sua
2960 5333 3287 5398 consistere
3309 5334 3536 5410 fecit,id
3552 5334 3712 5414 quod

2070 5420 2213 5501 ipsis
2243 5427 2449 5482 contra
2468 5427 2740 5483 naturam
2763 5423 3085 5504 videtur,id
3120 5444 3227 5486 nos
3253 5424 3514 5486 divinum
3545 5430 3714 5484 etsu-

2072 5528 2177 5593 pra
2235 5516 2503 5571 naturam
2536 5527 2670 5574 esse
2701 5510 2981 5595 dicimus,
3014 5519 3093 5594 et,
3128 5515 3362 5576 volente
3399 5514 3548 5590 Deo,
3583 5510 3716 5573 ﬁeri

2073 5618 2272 5684 posse.
2299 5601 2424 5663 Deo
2452 5598 2612 5662 enim
2643 5600 2877 5666 volente
2891 5603 3194 5684 quidpiam
3209 5601 3590 5684 peregrinum
3604 5619 3710 5664 seu
