4134 6156
487 325 606 400 863

1668 340 1727 408 S.
1776 337 2125 407 DIONYSII
2164 340 2693 409 AREOPAGITA‘J.

3749 338 3874 410 864

497 484 712 560 novum
729 468 1138 552 ﬁeri,minime
1155 479 1360 540 contra
1383 485 1662 542 naturam
1687 495 1820 543 esse
1836 477 2091 542 dicimus
2116 494 2133 554 ;

2220 477 2330 545 θείη
2360 476 2450 535 καί
2476 477 2572 547 τῆς
2625 479 2768 560 παρὰ
2796 479 2947 560 φύσιν
3002 479 3290 552 κινήσεως.
3321 480 3394 540 Τὸ
3440 477 3486 538 δ’
3517 478 3650 559 ὕπερ
3710 479 3875 560 φύσιν

497 558 599 659 νίς·
617 559 776 659 enim
800 561 926 659 haec
946 574 1039 626 est
1062 571 1373 659 n_aturaa,et
1397 586 1515 630 non
1546 577 1773 659 natura;
1789 578 1995 651 status,
2029 565 2135 632 sed

494 647 980 727 imbecillitas,ita
999 654 1248 718 utdeum
1271 655 1343 718 ad
1360 658 1686 721 naturalem
1702 665 1917 720 statum
1938 647 2138 722 redire

494 735 789 820 debeat,si
813 740 1050 822 quando
1074 742 1165 806 vis
1187 744 1285 807 illa
1304 747 1744 830 motusque,qui
1778 757 1987 813 contra
2026 764 2138 809 na-

492 834 684 890 turam
715 839 825 906 est,
842 830 1337 907 auferatur.Quod
1363 854 1500 900 vero
1525 854 1703 919 supra
1735 844 2001 899 naturam
2019 847 2132 919 est,

491 924 707 981 statum
755 919 938 985 habet
978 928 1036 983 et
1076 932 1301 986 naturae
1325 927 1934 1004 lransformationem,
1971 929 2048 990 ita
2077 934 2143 989 ut

492 1006 621 1096 Deo
656 1009 895 1090 quidem
933 1012 1167 1075 volente
1216 1015 1338 1096 ﬁat,
1373 1015 1656 1079 miraculo
1712 1026 1913 1078 autem
1964 1017 2142 1080 etiam

491 1094 553 1156 in
586 1096 893 1162 identitate
923 1101 1016 1163 sui
1038 1102 1266 1165 ordinis
1291 1094 1744 1184 perseverenita
1762 1113 1827 1167 ut
1846 1108 2150 1185 ignoretur

492 1193 732 1267 penitus
754 1190 813 1253 id
836 1191 994 1272 quod
1036 1192 1201 1274 prius
1250 1195 1580 1257 secundum
1615 1204 1884 1258 naturam
1916 1195 2137 1259 habere

490 1275 825 1345 dicebatur.
862 1283 1093 1363 Proprii
1124 1290 1318 1345 autem
1355 1293 1550 1348 motus
1577 1285 1839 1365 pregrini
1867 1285 2134 1370 quidem,

491 1374 552 1428 et
580 1384 759 1450 supra
785 1389 889 1432 eos
918 1390 1068 1454 quos
1089 1390 1199 1434 nos
1231 1372 1523 1437 habemus
1554 1375 1818 1447 dicendi,
1854 1375 1960 1438 sed
1992 1394 2137 1456 pro-

491 1456 606 1538 prii
633 1476 703 1521 ac
736 1461 1062 1525 secundum
1097 1470 1369 1526 naturam
1401 1463 1681 1545 ejus.Etsi
1713 1463 1872 1526 enim
1907 1465 2138 1528 dicatur

491 1565 627 1610 esse
655 1567 837 1629 supra
866 1561 1158 1635 naturam,
1193 1561 1391 1616 tamen
1433 1554 1891 1636 (superintelligi
1926 1554 2136 1635 debet)

491 1647 751 1703 nostram
785 1640 939 1704 hanc
984 1662 1116 1724 quae
1171 1643 1425 1718 videtur,
1462 1653 1522 1706 et
1566 1662 1697 1705 eam
1743 1662 1921 1727 quam
1971 1644 2136 1726 prius

2221 568 2470 625 σύστασιν
2523 567 2641 650 ἔχει
2708 571 2797 629 καὶ
2853 570 3378 653 μετασχηματισμὸν
3438 571 3664 652 φύσεως,
3725 569 3873 630 ὥστε

2220 657 2458 737 γενέσθαι
2489 660 2586 736 μὲν
2618 667 2749 718 Θεοῦ
2799 659 3068 743 θέλοντος,
3111 662 3287 738 μένειν
3331 660 3385 718 δὲ
3431 663 3517 719 καί
3560 660 3870 738 θαυμαστὸν

2219 749 2309 804 καί
2364 749 2418 806 ὲν
2448 756 2516 826 τῇ
2547 760 2830 819 ταυτότητι
2888 757 2982 828 τῇς
3010 751 3208 818 τάξεως
3261 754 3441 827 αὐτοῦ,
3473 754 3546 819 ὡς
3602 751 3872 830 ἀγνοῆσαι

2222 839 2550 898 παντάποσιν
2607 839 2736 919 ὅπερ
2766 840 2978 921 ἐλέγετο
3037 840 3186 923 ἔχειν
3216 843 3352 902 κατὰ
3380 843 3528 922 φύσιν
3584 841 3867 919 πρότερον.

2223 930 2328 994 Τὰς
2360 927 2414 985 δὲ
2460 931 2654 996 οἰκείας
2684 933 2917 1002 κινήσεις
2972 929 3120 998 ξένας
3151 932 3250 1008 μὲν
3274 932 3363 989 καί
3415 932 3546 1012 ὖπὲρ
3574 931 3631 1012 ’δ’
3659 932 3869 1012 ἔχομεν

2228 1017 2404 1099 λέγειν
2456 1023 2530 1087 ὡς
2576 1023 2771 1084 οτκεὶας
2800 1019 2853 1078 δὲ
2883 1022 2971 1077 καί
2999 1023 3136 1079 κατὰ
3171 1023 3321 1103 φύσιν
3377 1025 3556 1081 αὐτοῦ.
3589 1002 3730 1079 "Av‘
3765 1021 3873 1099 γὰρ

2230 1110 2319 1168 καί
2360 1111 2489 1186 ὑπὲρ
2518 1111 2666 1191 φύσιν
2698 1110 2948 1189 λέγηται,
2982 1109 3099 1167 ἀλλ’
3131 1110 3221 1168 οὗν
3271 1112 3369 1182 τὴν
3398 1110 3517 1169 καθ’
3568 1111 3713 1187 ἡμᾶς
3743 1110 3876 1167 ταύ-

2217 1224 2317 1270 την
2372 1202 2461 1258 καί
2492 1199 2766 1277 ὁρωμένην
2825 1201 2915 1257 καί
2941 1201 3040 1268 τὴν
3071 1201 3138 1268 ἣν
3195 1201 3324 1282 εἶχε
3368 1203 3533 1282 τυχὸν
3581 1222 3867 1280 προτερον,

2219 1292 2278 1349 οὗ
2328 1292 2435 1368 μὴν
2492 1289 2546 1347 δὶ
2602 1290 2700 1359 τὴν
2770 1290 3038 1359 πανσθενῆ
3097 1293 3185 1348 καί
3240 1291 3401 1348 θείαν·
3474 1296 3542 1368 τῇ
3595 1291 3696 1371 γὰρ
3751 1289 3872 1361 θείᾳ

2218 1383 2393 1463 φύσει,
2425 1382 2498 1446 ὡς
2551 1380 2678 1458 οὔσῃ
2735 1381 2885 1460 φύσει
2923 1386 3010 1438 καί
3053 1382 3298 1438 συστάσει
3353 1386 3461 1438 τῶν
3508 1389 3659 1454 ζωῶν
3714 1380 3871 1436 ἁπα-

2219 1479 2349 1547 σῶν,
2386 1474 2472 1528 καί
2528 1470 2762 1546 μάλιστα
2791 1475 2896 1528 τῶν
2944 1471 3222 1549 θειοτέρων
3271 1469 3448 1529 εἵτουν
3481 1476 3583 1528 τῶν
3635 1469 3870 1549 ἅγγελι-

2216 1567 2349 1641 κῶν,
2381 1561 2416 1630 ἢ
2467 1561 2575 1636 μὴν
2607 1582 2711 1616 των
2769 1562 2824 1617 ἓν
2868 1567 2935 1638 τῇ
2965 1561 3246 1621 ἀναστάσει
3278 1563 3385 1617 τῶν
3415 1561 3678 1637 σωμάτων
3729 1560 3874 1635 μετὰ

2217 1656 2409 1732 ψυχῶν
2465 1657 2649 1722 ζωσῶν
2708 1648 2923 1713 οὒδειιία
2978 1651 3089 1707 ἔστί
3147 1651 3259 1722 ζωὴ
3315 1650 3350 1719 ἢ
3404 1649 3546 1728 παρᾶ
3602 1650 3778 1730 φύσιν,
3827 1649 3868 1716 ἢ

490 1727 723 1811 habuit,
754 1748 875 1821 non
913 1740 1110 1796 autem
1130 1742 1219 1796 est
1240 1751 1421 1815 supra
1452 1743 1724 1796 naturam
1748 1735 2127 1816 omnipoten-

2220 1727 2345 1821 ῡπὲῥ
2384 1741 2559 1821 φύσιν,
2612 1741 2742 1797 Ποία
2794 1741 2894 1819 γὰρ
2943 1740 3055 1811 ζωὴ
3097 1745 3173 1813 τῷ
3225 1747 3339 1813 Θεῷ
3386 1727 3529 1819 παρὰ
3582 1727 3744 1817 φῖἳσιν
3777 1741 3876 1798 καὶ

490 1825 611 1881 tem
642 1809 717 1882 ac
741 1820 1024 1895 divinam;
1060 1823 1274 1886 divinas
1309 1809 1603 1904 siquidem
1643 1832 1890 1899 naturae,
1919 1809 2133 1908 inquae
2155 1809 2194 1859 Β

487 1916 579 1970 est
605 1918 819 1973 natura
840 1919 1156 1995 statusque
1180 1914 1432 1977 vitarum
1477 1914 1767 1987 omnium,
1803 1915 2130 1995 praesertim

485 1997 847 2063 diviniorum
878 2002 1007 2064 sive
1032 2003 1459 2080 angelicarum,
1493 2003 1578 2064 vel
1602 2003 1780 2064 etiam
1814 2021 2133 2084 corporum

486 2086 548 2149 in
560 2091 1144 2155 resurrectionevivis
1156 2092 1469 2155 animabus
1484 2093 2137 2174 conjunctorum,nulla

484 2175 603 2240 vita
630 2188 718 2240 est
748 2188 954 2242 contra
975 2191 1269 2264 naturam,
1306 2183 1395 2245 vel
1427 2200 1605 2264 supra
1636 2191 1935 2245 naturam.
1968 2183 2134 2258 Qua-

486 2266 742 2329 lis-enim
777 2269 892 2332 vita
921 2270 1043 2334 Deo
1077 2280 1281 2334 contra
1313 2281 1586 2334 naturam
1621 2290 1688 2334 ac
1721 2272 1979 2337 violenta
2008 2275 2135 2339 sit?

487 2375 622 2437 quae
649 2376 790 2420 vero
809 2378 986 2442 supra
1016 2370 1284 2424 naturam
1321 2360 1482 2444 ejus?
1512 2362 1652 2445 quid
1686 2368 1841 2424 enim
1874 2372 1932 2425 et
1956 2364 2132 2445 quale

486 2446 745 2509 divinam
778 2456 1051 2514 naturam
1082 2452 1349 2534 superet?
1372 2450 1567 2528 Unde,
1601 2453 1841 2530 quando
1876 2454 2135 2517 dicimus

486 2536 562 2600 de
590 2536 903 2621 Deo,quod
936 2542 1050 2605 hoc
1089 2542 1175 2606 sic
1228 2551 1287 2605 et
1345 2544 1458 2606 hoc
1490 2542 1722 2605 dicatur
1750 2563 1933 2623 supra
1963 2552 2134 2606 natu-

484 2645 765 2703 ram,non
796 2629 1184 2713 intelligimus
1215 2642 1485 2696 naturam
1518 2632 1871 2714 ejus,absit!
1909 2635 2015 2697 sed
2034 2654 2136 2696 no-

485 2726 757 2795 stram,et
778 2731 1060 2786 caeterum
1086 2741 1284 2786 rerum
1317 2723 1612 2799 omnium;
1638 2732 1695 2784 et
1735 2724 1970 2805 quando
1998 2743 2135 2786 rur-

485 2826 614 2873 sum
639 2821 892 2876 econtra
914 2814 1171 2877 dicimus
1192 2814 1521 2876 secundum
1558 2822 1857 2891 naturam,
1887 2833 2005 2877 non
2030 2836 2137 2879 no-

485 2906 667 2965 stram
692 2904 1091 2984 intelligimus
1122 2922 1447 2985 rerumque
1477 2913 1855 2979 caaterarum,
1898 2906 2003 2968 sed
2038 2907 2135 2986 ip-

484 2992 635 3059 sius.
666 2994 1068 3071 Quamobrem
1121 2993 1599 3057 contradictoriae
1642 2991 1905 3056 Simonis
1950 2997 2134 3059 ratio-

486 3094 832 3165 nes,contra
861 3083 1189 3148 doctrinam
1222 3101 1354 3165 quas
1382 3083 1743 3164 ait,corpora
1775 3093 1977 3147 nostra
1996 3086 2134 3150 457

2216 1832 2386 1910 βίαιος
2420 1851 2436 1909 ;
2496 1832 2626 1889 Ποία
2679 1829 2733 1886 δὲ
2763 1830 2895 1902 ὒτιὲρ
2952 1831 3103 1909 φύσιν
3135 1831 3233 1897 τὴν
3268 1831 3498 1906 saturei};
3553 1829 3602 1885 τί
3628 1830 3727 1909 γὰρ
3778 1826 3875 1887 καί

2218 1926 2408 1980 ὁποῖον
2470 1924 2530 1978 τὸ
2561 1925 2660 1987 τῆς
2717 1922 2857 1986 θείας
2888 1920 3092 2000 φύσεως
3124 1919 3429 1991 ὑπερέκεινα
3458 1940 3484 1992 ;
3542 1917 3745 1994 "Qun;
3777 1916 3871 1976 ὅτε

2217 2012 2450 2092 λέγομεν
2497 2011 2583 2069 ἐπί
2643 2018 2796 2092 Θεοῦ,
2853 2010 2933 2068 ὅτι
2990 2010 3142 2067 τοῦτό
3191 2009 3300 2065 ἐστι
3342 2010 3432 2066 καί
3472 2012 3626 2067 τοῦτο
3654 2007 3872 2087 λέγεται

2217 2104 2348 2181 ὒπέρ
2377 2102 2549 2182 φύσιν,
2586 2106 2646 2162 οὐ
2675 2100 2773 2169 τὴν
2805 2100 2991 2158 ἐαδτοῦ
3032 2099 3284 2178 λέγομεν,
3318 2100 3396 2167 ἀἡ
3426 2100 3634 2178 γένοιτο
3668 2097 3684 2158 ί
3728 2098 3873 2156 ἀλλᾶ

2215 2193 2314 2260 τὴν
2374 2191 2637 2271 ἡμετέραν
2679 2212 2734 2249 τε
2784 2192 2874 2248 καὶ
2933 2193 3031 2259 τὴν
3084 2197 3190 2246 τῶν
3220 2188 3399 2247 alio»
3442 2190 3717 2246 ἁπάντων*
3779 2191 3875 2247 καί

2217 2281 2304 2339 ὅτε
2363 2281 2523 2340 πάλιν
2555 2282 2688 2338 κατὰ
2738 2282 2911 2363 φύσιν,
2947 2280 3328 2361 ἀντιστρόφως,
3383 2279 3443 2336 οὗ
3473 2281 3569 2347 τὴν
3602 2280 3873 2361 ἡμετέραν

2216 2393 2273 2427 τε
2304 2371 2392 2428 καί
2438 2377 2542 2427 τῶν
2578 2369 2775 2441 ἄλλων,
2806 2369 2946 2426 ἀλλὰ
2975 2371 3074 2438 τὴν
3124 2370 3329 2428 ἑαυτοῦ.
3364 2371 3423 2427 Οἱ
3454 2375 3580 2448 γοῦν
3610 2368 3869 2449 ἆντιῤῥη-

2219 2463 2357 2518 τικοί
2406 2467 2499 2518 τοῧ
2558 2461 2798 2536 Σίμωνος
2868 2458 3021 2538 λόγοι
3080 2461 3216 2518 κατὰ
3294 2480 3385 2514 του
3450 2457 3718 2538 δόγματος
3775 2468 3874 2517 τοῦ

2220 2551 2495 2630 λέγοντος,
2555 2548 2633 2605 ὅτι
2688 2550 2754 2605 τὰ
2823 2550 3046 2625 σώματα
3101 2550 3258 2624 ἡμων
3338 2550 3870 2626 ἀθανατισθήσονται,

2224 2640 2398 2719 πόῤῥω
2450 2636 2927 2706 ἆπεληλᾶσθωσαν.
2967 2640 3036 2697 Τὸ
3083 2635 3137 2694 δὲ
3171 2636 3373 2695 οἴεσθαι
3428 2647 3613 2696 τοῦτον
3640 2640 3703 2696 Ex
3761 2646 3873 2696 τῶν

2221 2738 2459 2813 φανερῶν
2520 2730 2718 2787 τούτων
2775 2729 2865 2785 καί
2922 2729 3184 2795 αἰσθητῶν
3234 2727 3327 2791 τὰς
3385 2725 3673 2793 ἀποδείξεις
3732 2731 3876 2786 κατὰ

2222 2827 2321 2890 τῆς
2378 2818 2759 2889 ἆκαταλήπτοο
2818 2817 2907 2873 καί
2975 2823 3136 2874 πᾶσιν
3188 2816 3418 2897 ἀφανοῦς
3481 2817 3651 2882 αἰτίας
3719 2816 3879 2882 τατς⁵

2222 2913 2435 2969 πάντων
2515 2910 2813 2986 πορίζεσθαι
2873 2906 3098 2982 μάταιόν
3160 2909 3291 2963 ἔστι·
3352 2906 3419 2964 τὰ
3475 2906 3576 2985 γὰρ
3645 2905 3878 2974 δοξαστὰ

2221 3009 2386 3059 ταῦτα
2443 3001 2532 3057 καί
2590 2999 2815 3066 αἰσθητὰ
2871 3004 2984 3061 πῶς
3042 2996 3325 3076 ἀνατρέψει
3379 2997 3563 3054 ἐκεῖνα
3616 2998 3681 3054 τὰ
3737 2999 3877 3077 ὺπέρ

2221 3090 2470 3157 αἴσθησιν
2527 3089 2616 3145 καί
2668 3085 2878 3144 ἅπασαν
2939 3087 3171 3153 νόησινε
3228 3082 3433 3151 οὒδενὸς
3488 3108 3577 3142 και
3622 3093 3695 3161 τῷ
3753 3091 3877 3163 Θεῷ

485 3163 938 3239 immortalitate
965 3163 1265 3255 donanda,
1300 3173 1508 3254 procul
1539 3171 1927 3254 repellantur.
1966 3174 2134 3244 Hunc

2222 3181 2455 3238 ἐναντίου
2499 3170 2668 3252 ὄντος,
2700 3183 2817 3240 πῶς
2874 3175 3021 3234 ἔσται
3071 3199 3120 3232 τι
3153 3175 3296 3255 παρὰ
3345 3175 3497 3253 φύσιν
3538 3175 3629 3231 καί
3673 3176 3873 3259 βίαιον,

483 3272 685 3328 autem
728 3264 993 3340 abitrari,
1027 3282 1099 3326 ex
1130 3263 1219 3325 his
1249 3261 1592 3344 conSpicuis
1623 3271 1682 3324 et
1712 3260 1803 3325 bis
1836 3266 2158 3333 sensilibus
2188 3279 2394 3336 contra
2423 3265 3096 3350 incomprehensibilem
3128 3273 3303 3345 atque
3336 3261 3615 3325 omnibus
3645 3263 3875 3327 obscu-

481 3374 609 3419 ram
636 3355 1047 3421 universorum
1080 3371 1315 3416 causam
1343 3352 1889 3416 demonstrationes
1920 3359 2189 3437 praebere
2215 3378 2411 3441 posse,
2442 3376 2656 3420 vanum
2690 3362 2803 3433 est;
2828 3355 3129 3438 quomodo
3163 3354 3324 3417 enim
3356 3351 3416 3413 id
3445 3351 3604 3433 quod
3625 3371 3873 3416 omnem

479 3465 722 3510 sensum
766 3454 826 3508 et
855 3442 1273 3525 cogitationem
1303 3449 1549 3523 superat
1577 3450 1853 3505 evertent
1885 3462 1954 3507 ea
1980 3466 2113 3528 quae
2142 3469 2325 3514 sensu
2354 3457 2419 3513 et
2448 3447 2801 3528 cogitatione
2833 3441 3299 3526 percipiuntur?
3347 3460 3482 3506 cum
3510 3448 3709 3507 autem
3746 3441 3875 3507 Deo

481 3535 633 3599 nihil
675 3536 752 3598 sit
776 3534 1169 3609 contrarium,
1206 3532 1506 3615 quomodo
1539 3531 1768 3612 aliquid
1801 3533 1917 3595 erit
1947 3537 2005 3598 ei
2037 3550 2249 3603 contra
2281 3550 2553 3602 naturam
2587 3537 2682 3601 vel
2705 3536 3026 3599 violentum
3058 3541 3086 3599 ?

563 3624 718 3707 §III.
750 3625 898 3690 Cum
919 3641 1056 3686 vero
1079 3621 1153 3686 ab
1178 3622 1307 3704 ipso
1330 3622 1657 3712 viviﬁcetur
1689 3621 1746 3683 id
1780 3623 1939 3703 quod
1976 3627 2133 3712 vivit,

485 3720 608 3778 sive
627 3714 874 3794 angelus
893 3714 975 3777 sit
995 3713 1117 3776 sive
1132 3712 1466 3793 homo,sive
1486 3710 1729 3775 brutum
1756 3712 1880 3775 sive
1908 3710 2134 3799 planta,

486 3811 547 3869 et
578 3806 793 3885 exipso
811 3804 945 3865 vitae
973 3802 1170 3864 omnis
1212 3800 1472 3876 initium,
1511 3806 1763 3883 vitaeque
1799 3800 2137 3864 substantia

484 3892 584 3963 sit.
617 3892 907 3956 credibile
936 3892 1110 3953 etiam
1152 3898 1279 3952 erat
1329 3898 1385 3953 et
1438 3889 1585 3952 illud
1646 3887 2131 3966 resurrectionis,

487 3987 765 4066 quoniam
796 3981 870 4044 ab
902 3983 1030 4063 ipso
1057 3981 1131 4044 ad
1163 3979 1362 4042 denuo
1395 3978 1711 4041 vivendum
1743 3977 2131 4043 resuscitabi-

500 4092 656 4137 mur.
682 4070 834 4136 Viue
857 4090 1034 4153 porro
1081 4068 1440 4153 principium
1472 4068 1555 4131 ait
1582 4086 1714 4130 esse
1746 4069 1975 4130 animas
2006 4076 2136 4149 (per

2304 3629 2453 3711 §lIL
2486 3629 2632 3709 Ἐφεί
2652 3627 2707 3684 δὲ
2731 3624 2856 3706 παρ’
2888 3626 3046 3683 αὐτοῦ
3074 3632 3298 3697 ζωοῦται
3319 3626 3380 3681 τὸ
3403 3629 3560 3700 ζωον,
3582 3624 3681 3680 κᾶν
3699 3621 3874 3701 ἄγγε-

2220 3720 2310 3788 λος
2341 3723 2401 3800 ᾗ,
2434 3717 2532 3776 κᾶν
2561 3717 2859 3798 ἄνθρωπος,
2885 3714 2981 3773 κᾶν
3014 3714 3232 3796 ἄλογον,
3258 3712 3355 3772 κᾶν
3381 3715 3561 3791 φυτὸν,
3593 3715 3683 3770 καί
3703 3711 3756 3778 ἐξ
3778 3717 3876 3773 αὖ-

2218 3818 2313 3869 τοῦ
2341 3817 2483 3868 πᾶσα
2510 3813 2654 3881 ζωῆς
2681 3807 2828 3887 ἁρχὴ
2858 3806 2948 3863 καί
2968 3805 3109 3877 ζωῆς
3150 3804 3323 3879 οὖσία,
3350 3802 3537 3862 πιστόν
3567 3802 3628 3860 ἂν
3660 3802 3755 3870 εἴη
3785 3803 3879 3860 καί

2219 3902 2278 3958 τὸ
2308 3906 2407 3967 τῆς
2440 3898 2802 3969 ἀναστάσεως,
2828 3896 2909 3952 ὃτι
2939 3894 3064 3975 παρ’
3096 3894 3255 3952 αἰ)τοῦ
3284 3895 3356 3952 είς
3390 3891 3721 3964 παλινζωΐαν
3738 3892 3875 3949 ἀνα-

2217 3990 2543 4065 στησόμεθα.
2579 3992 2731 4054 Ζωῆς
2763 3985 2826 4042 δὰ
2854 3985 3032 4065 ἀρχὴν
3052 3985 3146 4050 τὰς
3177 3984 3356 4064 ψυχάς
3389 4005 3543 4064 φησι,
3583 3980 3675 4063 (δι’
3698 3983 3874 4039 αὐτῶν

2218 4081 2318 4159 γὰρ
2355 4081 2421 4135 τὰ
2479 4079 2550 4141 εἷς
2581 4077 2724 4149 ζωῆς
2787 4074 3057 4155 ἐρχόμενα
3087 4072 3309 4149 σώματα
3340 4072 3512 4144 ζῶντά
3537 4073 3637 4127 εἱσι
3675 4071 3767 4127 καί
3793 4092 3875 4126 κι·

487 4162 596 4226 bas
624 4161 787 4225 enim
816 4177 1089 4242 corpora,
1111 4159 1335 4242 quaead
1365 4158 1541 4220 vitam
1575 4158 2055 4238 veniunt,vivunt
2076 4169 2136 4218 et

2221 4158 2485 4246 903mb)
2526 4171 2667 4239 ζωῆς
2700 4163 2756 4221 δὲ
2813 4165 2993 4222 οὖσιαν
3050 4163 3210 4227 αὐτὰς
3249 4164 3371 4219 καθ’
3429 4161 3588 4226 αὐτας
3616 4160 3708 4222 τὰς
3770 4163 3871 4233 ψυ-

486 4252 988 4327 moventur),vitae
1006 4259 1200 4313 autem
1234 4249 1558 4312 essentiam
1594 4249 1750 4329 ipsas
1774 4267 1881 4329 per
1911 4267 1975 4311 se
2006 4264 2136 4310 esse

2222 4259 2329 4339 χὰς
2374 4259 2463 4315 καὶ
2508 4258 2602 4319 τὰς
2663 4254 2859 4322 νοητὰς
2903 4251 3171 4328 δυνάμεις’
3235 4253 3404 4323 (αὗται
3460 4250 3561 4327 γάρ
3591 4250 3689 4306 εἶσι
3733 4247 3869 4320 ζωαί

485 4344 715 4407 animas
737 4343 1236 4421 intellectilesque
1259 4339 1502 4403 virtutes
1531 4339 1851 4421 (siquidem
1882 4340 1976 4401 hae
2001 4340 2136 4399 sunt

2223 4349 2471 4422 ἒνούσωι,
2530 4346 2620 4403 καί
2675 4345 3043 4421 αὖτοκίνητοι,
3100 4341 3191 4399 καί
3247 4338 3545 4421 ἀθάνατον)
3607 4342 3759 4397 αὗται
3817 4334 3874 4394 δὲ

485 4433 999 4507 substantiales,et
1016 4448 1122 4513 per
1141 4448 1206 4492 se
1233 4430 1486 4493 mobiles
1514 4438 1690 4511 atque
1722 4427 2130 4505 immortales;

2220 4436 2269 4504 ἐξ
2324 4437 2488 4504 αὗτῆς
2523 4436 2622 4504 τῆς
2666 4433 2795 4512 ὒπέρ
2824 4439 3001 4490 πᾶσαν
3034 4433 3178 4505 ζωὴν
3233 4433 3376 4495 θείας
3404 4435 3545 4502 ζωῆς
3577 4429 3667 4485 καί
3716 4433 3877 4500 ζῶσι,

484 4525 580 4586 hae
604 4534 803 4586 autem
837 4541 906 4585 ex
957 4522 1211 4601 ipsamet
1255 4518 1459 4581 divina
1506 4518 1623 4581 vita
1675 4535 1808 4599 quas
1841 4526 1930 4578 est
1957 4534 2136 4598 supra

2220 4528 2305 4584 καί
2366 4525 2556 4599 ζωοῦσι
2608 4526 2677 4582 τὰ
2733 4523 2981 4598 σώματα,
3015 4522 3068 4579 ἐν
3126 4523 3164 4598 ᾗ
3221 4527 3289 4599 τῇ
3347 4521 3459 4594 θείᾳ
3515 4524 3649 4595 ζωῇ.
3685 4519 3730 4574 εί
3789 4520 3881 4575 καί

483 4630 723 4675 omnem
758 4612 1028 4687 vitam,et
1074 4611 1273 4672 vivunt
1302 4626 1672 4690 corporaque
1717 4607 2037 4687 viviﬁcant,
2071 4607 2133 4668 in

2220 4614 2413 4674 πολλαί
2479 4616 2578 4671 εἱσι
2635 4616 2765 4686 ζωαί
2820 4613 2910 4669 καί
2956 4611 3228 4687 ὁμώνυμοι
3286 4611 3337 4667 αἱ
3380 4608 3501 4667 καθ’
3556 4610 3726 4688 ἡμᾶς,
3755 4606 3882 4663 ἀλλ’

484 4720 602 4784 qua
630 4702 834 4765 divina
861 4682 975 4765 vita
1003 4701 1143 4762 licet
1173 4698 1373 4761 multa:
1400 4682 1519 4760 sint
1547 4682 1703 4778 vita),
1753 4707 1817 4759 et
1863 4682 2130 4777 ejusdem

2220 4706 2305 4765 οὗν
2366 4703 2608 4767 ὲνοειδῶς
2637 4707 2727 4761 καί
2776 4704 2915 4760 κατὰ
2945 4702 3068 4761 μίαν
3124 4701 3224 4769 τὴν
3253 4700 3483 4771 ζωτικὴν
3516 4700 3683 4755 αἰτίαν
3737 4719 3880 4777 προ·-

483 4793 744 4856 nominis
775 4810 913 4854 cum
944 4798 1166 4865 nostra,
1201 4797 1399 4851 tamen
1447 4806 1564 4849 uno
1616 4786 1788 4848 modo
1823 4795 1881 4847 et
1909 4803 2133 4848 secun-

486 4882 629 4945 dum
680 4900 857 4944 unam
887 4880 1130 4943 vitalem
1167 4895 1406 4942 causam
1466 4876 1897 4958 prmexsistunt.
1939 4876 2135 4949 Quare

484 4970 949 5053 Deus,tanquam
968 4979 1173 5033 auctor
1191 4976 1248 5031 et
1265 4974 1715 5030 consummator
1731 4964 1862 5028 vitm
1889 4972 2128 5053 nostrae,

485 5068 764 5141 tanquam
788 5052 1100 5122 contentur
1128 5067 1187 5121 et
1208 5055 1578 5131 distributor,
1614 5062 1890 5137 tanquam
1923 5052 2132 5133 dispo-

487 5168 639 5212 nens
667 5148 1034 5213 differentias
1046 5147 1237 5210 omnis
1260 5144 1646 5224 vitw,scilicet
1668 5143 2131 5224 intellectilium,

488 5238 898 5318 rationalium,
953 5236 1288 5318 sensilium,
1314 5244 1373 5298 et
1403 5252 1612 5298 eorum
1644 5252 1776 5315 qua:
1817 5241 2129 5314 augentur,

486 5330 753 5396 omnium
788 5326 1146 5410 principium
1172 5323 1855 5390 exsistit.Consideratur
1881 5323 2038 5386 enim
2071 5322 2135 5384 in

486 5424 648 5482 omni
679 5417 795 5481 vita
821 5414 1155 5480 secundum
1189 5415 1580 5497 multiplicem
1614 5414 1745 5477 vitae
1793 5411 2134 5494 generatio-

488 5527 629 5571 nem
648 5527 717 5572 ac
747 5504 1267 5571 varietatemzalia
1319 5512 1411 5567 est
1463 5503 1624 5567 enim
1685 5503 1903 5585 angeli,
1938 5512 1997 5565 et
2025 5501 2140 5565 alia

489 5597 773 5674 hominis,
808 5607 868 5660 et
913 5596 1031 5660 alia
1080 5594 1268 5669 bruti,
1301 5601 1361 5658 et
1405 5593 1524 5659 alia
1568 5592 1804 5675 plantas;
1861 5590 2142 5674 quocirca

494 5688 914 5759 consideratur
944 5694 1008 5749 ut
1034 5684 1358 5771 omnigena
1404 5682 1788 5765 diversaque,
1821 5700 1953 5767 quae
1978 5682 2144 5746 unita

2214 4796 2549 4875 ΰφίστανται.
2606 4787 2665 4852 Ὀ
2727 4793 2816 4851 οὖν
2873 4796 3029 4872 Θεὸς,
3062 4793 3134 4857 ὡς
3191 4788 3372 4875 αἴτιος
3423 4790 3881 4875 καί-συμπληρω-

2215 4867 2363 4942 τίκὸς
2416 4879 2513 4943 τῆς
2570 4875 2715 4947 ζωῆς
2753 4876 2935 4952 ἡμῶν,
2968 4867 3040 4936 ὣς
3081 4870 3335 4952 συνοχεὺς
3379 4870 3470 4926 καί
3526 4867 3877 4945 διαιρετικὸς,

2214 4969 2289 5031 ὡς
2347 4964 2590 5031 διατάξας
2623 4962 2830 5032 δηλαδὴ
2879 4963 2972 5025 τὰς
3004 4960 3253 5042 διαφορὰς
3284 4959 3490 5027 ἂπόσης
3532 4958 3702 5033 ζωῆς,
3738 4981 3879 5025 νοη-

2214 5062 2346 5136 τῶν,
2406 5054 2660 5132 λογικῶν,
2709 5055 3053 5132 αἰσθητικῶν,
3110 5048 3431 5129 αὒξητικῶν,
3466 5048 3616 5128 ἀρχὴ
3659 5046 3880 5105 πάντων

2213 5135 2381 5220 ἱστίν,
2428 5143 2807 5222 Ἐνθεωρετται
2838 5141 2891 5198 δὲ
2937 5141 3122 5217 ἁπάσῃ
3178 5143 3290 5216 ζωῇ
3318 5138 3454 5195 κατά
3482 5139 3583 5205 τὴν
3634 5135 3878 5215 πολυγο-

2217 5235 2331 5292 νίαν
2360 5235 2449 5290 καί
2491 5235 2587 5303 τὴν
2623 5231 2889 5290 ποικιλίαν
2947 5232 3047 5298 τῆς
3078 5228 3240 5297 ξωῆς·
3277 5226 3417 5296 ἄλλη
3460 5227 3560 5306 γάρ
3617 5223 3875 5308 ἀγγέλου,

2216 5325 2306 5382 καί
2335 5322 2478 5391 ἄλλη
2507 5323 2802 5401 ἀνθρώπου,
2835 5320 2926 5379 καί
2961 5317 3101 5388 ἄλλη
3151 5319 3371 5398 ἀλόγου,
3400 5317 3491 5375 καί
3518 5314 3657 5384 ἄλλη
3686 5321 3876 5398 φυτοῦ*

2217 5412 2302 5475 διά
2332 5420 2487 5470 τοῦτο
2518 5412 2853 5492 ἐνθεωρεῖται
2899 5406 3213 5476 παντοδαπὴ
3244 5408 3333 5464 καί
3364 5404 3582 5474 ποικίλη
3612 5406 3648 5474 ἡ
3701 5404 3878 5462 ἕνιαία

2219 5525 2278 5561 τε
2310 5510 2399 5561 καί
2429 5501 2598 5584 ἁπλῆ,
2630 5504 2665 5571 ἦ
2710 5500 2980 5580 ἀνενδεὴς,
3029 5497 3235 5576 μᾶλλον
3264 5498 3319 5554 δὲ
3364 5498 3452 5555 καί
3493 5493 3873 5584 θπερπλήρηςθ

2222 5592 2282 5650 οὗ
2334 5592 2435 5672 γάρ
2472 5581 2656 5650 ἱκανὸν
2711 5590 2799 5648 ἐπί
2844 5588 3046 5659 ταύτης
3088 5589 3149 5647 τὸ
3202 5584 3439 5651 ἂνενδεές
3497 5583 3700 5664 λέγειν,
3734 5581 3877 5641 ἀλλᾶ

2224 5681 2536 5763 προσθετέον
2594 5682 2683 5740 καί
2710 5682 2772 5738 τὸ
2823 5678 3193 5759 ὖπερπλήρης,
3221 5679 3351 5735 καθὸ
3412 5677 3475 5736 τὸ
3532 5674 3729 5754 ἀγαθὸν
3774 5678 3879 5752 τῆς
