4134 6156
576 379 694 448 879

1752 385 1814 448 S.
1857 380 2196 445 DIONYSII
2240 373 2771 449 AREOPAGITE.

3835 381 3941 450 880

573 515 671 579 hic
709 523 952 580 sanctus
975 519 1101 578 ait:
1148 514 1414 592 Quando
1443 533 1626 580 mens
1668 517 2213 600 supernataralibu.

2319 528 2411 578 τοῦ
2469 521 2642 598 μένει,
2691 523 2894 601 ἀμερὴς
2951 523 3215 604 φαινέται.
3251 521 3336 580 διὰ
3378 531 3531 582 τοῦτο
3573 523 3759 580 ἓνωσιν
3811 523 3940 602 λέγει

573 606 773 668 radiis
783 608 958 668 unita
967 606 1303 685 fueris,sed
1319 605 1602 686 quoniam
1619 607 2059 670 intellectiones
2076 608 2221 671 infe-

565 695 681 760 rior
700 714 764 758 es
793 703 935 760 sunt
963 695 1420 775 iutelligente,et
1447 696 1682 777 quando
1696 697 1920 776 aliquid
1942 697 2222 776 intelligi-

567 793 687 861 tur,
719 785 1140 849 verosimiliter
1183 785 1361 848 etiam
1415 784 1626 848 divisio
1659 787 1931 865 quaedam
1981 787 2220 849 unionis

559 873 674 956 ipsi
691 894 764 937 us
793 875 1012 937 mentis
1040 873 1238 937 existit
1264 896 1281 949 ;
1313 874 1453 937 dum
1477 893 1614 937 vero
1641 875 1701 937 in
1731 894 1798 939 se
1828 875 1957 956 ipso
1993 885 2213 951 manet,

567 963 861 1028 inuivisus
902 976 1150 1045 apparet
1176 981 1190 1027 :
1214 963 1442 1027 idcirco
1489 965 1772 1027 unionem
1806 973 1978 1028 vocat
2002 975 2216 1028 statum

570 1052 741 1117 illum
769 1073 946 1132 quem
979 1053 1308 1116 secundum
1341 1072 1406 1116 se
1439 1053 1638 1116 unitus
1669 1055 1871 1135 habet,
1908 1056 2218 1136 aequaliter

2301 612 2400 678 τὴν
2440 613 2576 669 κατὰ
2619 614 2679 668 τὸ
2735 612 2940 670 ἐνιαῖον
2993 612 3182 670 ἰαττοῦ
3225 611 3450 694 ἵδρυσιν,
3514 611 3809 689 προσϐαιλεῖ
3851 615 3940 692 γάρ

2304 700 2436 764 ἴσως
2494 709 2560 777 τῇ
2621 705 2738 781 περὶ
2783 711 2914 760 Θεοῦ
2961 704 3177 780 θεῶρὶα,
3237 706 3297 760 o3
3347 705 3629 782 μερισθεὶς,
3693 707 3750 762 οὐ
3791 727 3938 770 κινη-

2300 791 2426 870 θεὶς,
2490 795 2549 850 οὒ
2595 793 2816 865 νοήσας,
2878 790 2997 849 ἀλλ’
3057 792 3196 856 ὅλως
3254 793 3390 849 κατὰ
3434 815 3551 850 τινα
3595 792 3796 872 ἀτρεμῆ
3827 794 3937 850 ἀκι-

2300 880 2487 947 νησίαν
2558 882 2612 938 ἂν
2697 889 2773 957 τῷ
2828 881 2983 948 ’ὅλους
3040 883 3270 961 γίνεσθαι
3328 885 3470 958 ἡμᾶς
3529 885 3622 940 τοῦ
3678 890 3808 941 Θεοῦ
3863 885 3940 940 καὶ

2301 971 2379 1043 μὴ
2471 972 2694 1029 ἐαῦτῶψ
2757 971 2890 1030 εῗτω
2965 974 3065 1052 γὰρ
3119 973 3216 1041 τὴν
3271 975 3413 1031 θείαν
3475 974 3668 1030 ὰκτϊνά
3727 996 3807 1039 τις
3861 972 3941 1028 8i:-

2303 1059 2471 1126 ξεται.

574 1143 735 1206 enim
759 1162 826 1206 se
837 1142 1323 1232 applicatdivinaa
1341 1143 1833 1225 contemplationi
1850 1144 2602 1226 indivisus,immotus,nou
2627 1149 3107 1227 intelligens,sed
3133 1150 3733 1232 integre,secundum
3748 1171 3941 1229 quam-

574 1233 710 1296 dam
723 1233 1104 1323 intremulam
1123 1231 1766 1302 immobilitatem.dum
1784 1235 1892 1297 toti
1908 1234 2082 1296 timus
2100 1234 2418 1303 Dei.etnon
2433 1240 2734 1307 uostri:sic
2749 1243 2910 1302 enim
2924 1241 3191 1303 divinum
3203 1231 3438 1304 radium
3451 1240 3666 1321 aliquis
3676 1241 3938 1323 accipiet-

653 1327 683 1401 ἕ
716 1321 962 1387 lI.Hauc
991 1323 1190 1404 itaque
1229 1323 1605 1404 sapientiam,
1655 1343 1785 1405 quae
1808 1343 1927 1387 non
1960 1325 2217 1386 admittit

571 1414 865 1478 rationem
879 1414 1396 1494 interpretantem,
1428 1431 1539 1475 nec
1556 1413 1923 1476 intellectum
1945 1432 2214 1495 compre-

569 1503 1078 1573 bendeutemmec
1109 1501 1466 1582 sapientiam
1503 1503 2056 1584 enuntiantem(hoc
2071 1523 2214 1566 sen-

569 1610 642 1656 su
663 1593 823 1655 enim
852 1601 1020 1656 vocat
1040 1591 1538 1669 irrationalem,et
1559 1603 1859 1655 amentem
1880 1612 1947 1656 ac
1979 1597 2214 1656 stultam

566 1701 689 1746 non
714 1701 822 1764 per
871 1681 1267 1758 affectionem,
1321 1682 1425 1744 sed
1459 1699 1566 1762 per
1599 1684 1973 1761 negationem
2008 1692 2066 1744 et
2111 1701 2218 1764 per

568 1790 906 1850 excessum,
939 1791 1058 1836 non
1105 1779 1349 1852 propter
1378 1771 1731 1854 defectum),
1768 1792 1874 1854 per
1905 1792 2214 1837 excessum

567 1861 753 1943 igitur
781 1863 936 1927 hanc
964 1862 1273 1926 laudantes
1302 1861 1784 1938 dicimus,omnis
1802 1864 2018 1926 mentis
2041 1873 2098 1926 et
2130 1882 2214 1925 ra-

567 1952 750 2016 tionis
765 1957 1082 2034 omnisque
1099 1951 1404 2034 sapientiae
1423 1969 1661 2014 causam
1676 1953 2052 2033 exsistere,et
2065 1952 2213 2034 ipsi-

2300 1959 2460 2023 αὖτῆς
2506 1957 2615 2014 ἐστι
2665 1964 2808 2014 πᾶσα
2862 1957 3029 2034 βουλὴ
3061 1958 3149 2015 καὶ
3210 1960 3436 2036 σύνεσις,
3468 1958 3606 2014 κατὰ
3641 1960 3698 2014 τὸ
3738 1977 3750 1992 ·

568 2061 639 2106 us
651 2061 784 2106 esse
795 2061 972 2107 omne
989 2041 1303 2106 consilium
1319 2048 1377 2104 et
1389 2042 1722 2117 scientiam,
1727 2045 1894 2122 juxta
1906 2043 2070 2106 illud:
2083 2044 2216 2122 Mea

568 2139 658 2197 est
685 2136 1174 2214 scientia,meum
1196 2133 1335 2195 item
1357 2131 1677 2194 consilium
1699 2141 1757 2195 et
1772 2127 2136 2210 securitas“;
2159 2141 2217 2196 et

567 2226 630 2284 in
653 2223 783 2304 ipsa
799 2240 1002 2286 omnes
1022 2221 1292 2284 thesauri
1301 2222 1627 2301 sapientiae
1639 2221 1776 2283 467
1793 2231 1932 2286 sunt
1949 2229 2003 2286 et
2017 2225 2212 2301 cogni-

570 2314 760 2378 tionis
775 2313 1114 2378 absconditi
1128 2311 1516 2388 “,secundum
1541 2331 1814 2392 magnum
1838 2314 2207 2395 Apostolum.

567 2400 803 2468 Etenim
835 2403 988 2464 sicut
1017 2411 1238 2465 aeterna
1286 2400 1606 2482 divinaque
1635 2402 1752 2463 vita
1781 2403 2212 2485 suppeditatrix

567 2493 731 2556 dicta
759 2501 850 2556 est
881 2493 1058 2555 etiam
1080 2491 1268 2573 ipsius
1281 2507 1388 2571 per
1409 2508 1474 2552 se
1505 2490 1730 2572 vitae,et
1749 2499 2098 2555 caeterarum
2123 2494 2212 2554 vi-

565 2591 756 2646 tarum
779 2583 1070 2662 omnium,
1109 2581 1194 2643 sic
1225 2579 1429 2660 utique
1468 2580 1645 2643 etiam
1679 2582 2084 2662 omnisapiens
2113 2602 2211 2646 sa-

571 2673 792 2754 pientia
812 2675 1004 2754 ipsius
1034 2689 1271 2753 quoque
1301 2688 1408 2750 per
1436 2689 1500 2732 se
1531 2672 1837 2752 sapientiae
1866 2691 2065 2744 causa,
2099 2674 2214 2736 sci-

567 2761 708 2826 licet
726 2780 832 2844 per
860 2781 926 2825 se
947 2762 1071 2826 sive
1089 2761 1149 2824 in
1174 2777 1262 2836 se,
1293 2760 1544 2823 rationis
1573 2761 1881 2842 sapientiae
1911 2763 2214 2825 creatricis

566 2855 887 2933 omnisque
913 2850 1222 2933 sapientiai
1241 2849 1507 2912 eﬂectrix
1531 2851 1752 2927 existit,
1778 2870 1848 2913 ex
1893 2870 2010 2931 qua
2033 2853 2212 2914 intel-

567 2941 859 3005 lectiones
884 2942 1104 3004 habent
1128 2939 1506 3002 intellectiles
1526 2948 1584 3001 et
1609 2940 2006 3020 intelligentes
2038 2943 2215 3003 virtu-

567 3043 657 3093 tes
668 3028 1596 3111 angelorum.lntelligentessunt
1611 3029 1923 3092 inferiores
1937 3042 2214 3110 respectu

573 3122 980 3202 superiorum,
1015 3128 1072 3181 et
1115 3136 1322 3180 omnes
1359 3126 1634 3198 respectu
1664 3118 1806 3181 Dei:
1841 3119 2216 3182 intellectiles

571 3218 709 3273 sunt
738 3209 1081 3290 superiores
1115 3214 1394 3287 respectu
1427 3207 1870 3289 inferiorum,et
1894 3230 2105 3272 omnes
2122 3230 2217 3273 re-

566 3308 778 3382 spectu
801 3303 1015 3378 nostri;
1037 3318 1146 3362 nos
1161 3299 1318 3361 enim
1345 3297 1624 3360 duntaxat
1644 3319 1852 3362 sumus
1874 3301 2215 3380 intelligen-

569 3400 684 3474 tes,
727 3392 865 3474 quia
894 3410 1014 3453 non
1037 3389 1329 3453 habemus
1360 3387 1536 3450 aliam
1569 3390 2016 3469 intelligentiam
2063 3390 2217 3452 infe-

569 3483 788 3548 riorem
804 3499 1098 3564 perquam
1116 3478 1842 3560 intelligamur,siquidem
1858 3479 2218 3560 animmque;

568 3591 677 3636 nos
705 3568 1357 3650 sequitur,irrationalis
1387 3577 1478 3630 est
1507 3575 1566 3628 et
1599 3568 1818 3630 mentis
1841 3587 2078 3650 expers.
2102 3569 2218 3633 Hu-

567 3664 711 3725 bent
736 3659 1219 3741 itaqueccelestes
1241 3656 1506 3719 Virtutes
1533 3657 1975 3723 intellectiones
2009 3678 2128 3720 non
2155 3659 2216 3720 in

568 3749 988 3830 divisibilibus,
1010 3765 1121 3810 nos
1149 3754 1348 3810 autem
1399 3746 1462 3808 in
1495 3745 1890 3811 divisibilibus
1925 3767 2212 3812 sensuum

567 3837 1004 3904 instrumentis.
1038 3836 1215 3899 Aliud
1249 3836 1410 3899 enim
1461 3835 1722 3911 auditus,
1751 3846 1810 3900 et
1840 3839 2001 3900 aliud
2030 3840 2210 3916 visus,

569 3940 628 3994 et
644 3929 732 3993 sic
751 3929 826 3991 de
847 3927 1001 3991 aliis.
1035 3926 1191 3990 Etab
1216 3926 1310 3987 his
1337 3924 1732 3990 divisibilious
1764 3929 2086 3991 sensilibus
2116 3949 2216 3992 ιθ.-

565 4038 702 4083 rum
748 4018 1154 4099 cognitionem
1197 4015 1545 4096 recipimus,
1579 4024 1681 4078 aut
1723 4017 2216 4081 in-divisibilibus

567 4111 806 4193 quidem
830 4127 900 4171 ex
922 4115 1092 4188 parte
1121 4104 1598 4186 cogitationibus,
1627 4105 1730 4169 sed
1755 4125 1789 4170 a
1817 4107 2214 4170 divisibilibus

567 4199 899 4281 disciplinis
916 4217 1022 4260 seu
1041 4195 1375 4259 intellectus
1415 4196 1669 4277 objectis
1705 4217 1721 4273 ;
1757 4198 1870 4260 hoc
1905 4201 2063 4261 enim
2097 4207 2210 4272 est,

2381 1329 2412 1408 ᾗ
2441 1328 2509 1390 ΙΙ.
2545 1332 2750 1398 Ταύτην
2783 1335 2906 1409 γοῦν
2953 1333 3048 1400 τὴν
3107 1333 3290 1412 σοφίαν

2299 1417 2536 1484 δεξασθαι
2595 1419 2754 1499 λόγον
2815 1422 3220 1502 ἑρμηνεῦτικὸν,
3251 1424 3286 1493 ἥ

3347 1429 3468 1478 νοῦν
3527 1419 3942 1500 καταληπτικὸν,

2298 1509 2334 1576 ἥ
2366 1511 2552 1589 σοφίαν
2574 1509 2954 1589 ἐξσῑγγελτεικὴν
2990 1531 3003 1546 ⁸
3064 1509 3230 1592 (οὕτω
3287 1511 3386 1588 γὰρ
3450 1510 3594 1589 λέγει
3639 1512 3701 1568 τὸ
3729 1509 3942 1590 aid-,0»,

2300 1601 2386 1656 καὶ
2442 1599 2618 1674 ἄνουν,
2691 1602 2777 1656 καὶ
2840 1603 3041 1680 μωρὸν,
3077 1604 3133 1657 οὕ
3184 1601 3320 1657 κατὰ
3363 1598 3615 1672 διάθεσιν,
3652 1598 3788 1656 ἀλλὰ
3818 1601 3944 1656 κατὰ

2300 1689 2586 1769 ἀπόφασιν,
2621 1690 2706 1747 καὶ
2737 1691 2872 1747 κατα
2899 1691 3197 1770 ὑπεροχὴν,
3232 1691 3290 1746 οὗ
3319 1691 3456 1748 κατὰ
3486 1688 3940 1768 ἔλλειῴινὴῦπερ-

2299 1785 2505 1859 οχικῶς
2567 1782 2656 1836 οὖν
2711 1781 2911 1847 ταύτην
2955 1781 3264 1856 δμνοῦντες,
3339 1778 3590 1856 λέγομεν,
3622 1779 3705 1835 ὅτε
3754 1781 3941 1842 παντὸς

2299 1867 2409 1923 ἐστι
2443 1869 2527 1923 καὶ
2558 1866 2718 1946 λόγου
2763 1868 2857 1925 καί
2903 1878 2994 1928 νεῦ
3053 1869 3141 1926 καὶ
3183 1869 3360 1934 πάσης
3409 1868 3592 1948 σοφίάς
3655 1867 3818 1946 αἰτία,
3866 1868 3945 1922 καὶ

3806 1956 3938 2031 Ἐμὴ

2296 2047 2526 2125 σύνεσις,
2590 2046 2694 2121 ἐμὴ
2723 2045 2778 2102 δὲ
2847 2047 3013 2125 βουλὴ
3071 2048 3159 2104 καὶ
3209 2047 3504 2129 ἀσφάλεια·Δ
3557 2048 3646 2104 καὶ
3693 2047 3747 2104 ἐν
3819 2047 3942 2121 αὗτῇ

2299 2138 2490 2202 πάντες
2573 2139 2620 2195 οἶ
2715 2138 2967 2216 θησαυροὶ
3046 2137 3142 2205 τῆς
3204 2138 3388 2216 σοφίας
3479 2139 3599 2215 εἰσὶ,
3662 2137 3752 2193 καὶ
3851 2140 3940 2202 τῆς

2300 2227 2543 2302 γνώσεως
2601 2226 2914 2308 ἀπόκρυφοι,
2986 2227 3123 2283 κατά
3177 2228 3268 2282 τὸν
3345 2227 3519 2305 μέγαν
3592 2223 3937 2286 Ἀπόστολον.

2297 2317 2402 2376 Καὶ
2432 2317 2530 2394 γὰρ
2587 2317 2767 2394 ὡσπερ
2813 2319 2848 2385 ἡ
2883 2318 3078 2373 αἷωνία
3108 2318 3195 2374 καὶ
3227 2317 3338 2372 θεία
3366 2317 3480 2387 ζωὴ
3509 2317 3797 2373 ὑποστάτιν
3828 2315 3939 2371 ἐλέ-

2297 2409 2419 2484 γετὸ
2469 2409 2555 2463 καὶ
2611 2410 2775 2474 αὖτῆς
2834 2411 2932 2472 τῆς
2988 2406 3257 2476 αὖτοζωης
3315 2406 3396 2461 (αἱ
3442 2409 3544 2462 τῶν
3576 2405 3772 2482 ἑτέρων
3801 2405 3938 2462 ἀπα-

2295 2505 2402 2552 σῶν
2433 2500 2603 2568 ζωῶν,
2666 2494 2805 2552 οὕτω
2846 2494 2910 2562 δὴ
2956 2497 3043 2552 καὶ
3070 2495 3106 2562 ἡ
3151 2517 3420 2559 πανσοφος
3456 2495 3635 2573 σοφία,
3673 2496 3814 2551 αἰτία
3840 2496 3942 2550 tot!

2296 2588 2509 2650 καὶτῆς
2557 2586 2894 2664 αὖτοσοιρίας,
2957 2583 3203 2652 δηλονότι
3265 2583 3330 2640 δι’
3379 2585 3584 2658 ἐαδτοῦ,
3635 2583 3803 2661 ἤγουν
3861 2586 3944 2640 τοῦ

2297 2678 2349 2734 ἐν
2384 2682 2525 2751 αὒτῷ
2555 2675 2933 2754 δημιουργικοῦ
2973 2675 3133 2754 λόγου
3187 2681 3284 2741 τῆς
3341 2675 3552 2754 σοφίας,
3614 2677 3703 2732 καὶ
3735 2672 3940 2740 ἀπάσῆς

2298 2769 2478 2846 σοφίας
2540 2767 2823 2829 ὑποστάτις
2856 2764 2906 2830 ἐξ
2939 2766 3004 2834 ἧς
3065 2763 3251 2844 ἔχουσι
3294 2766 3387 2828 τὰς
3423 2765 3636 2833 νοήσεις
3683 2767 3735 2821 αἱ
3767 2765 3942 2834 νόήταί

2299 2880 2352 2913 τε
2383 2858 2469 2912 καὶ
2521 2859 2691 2931 νοεραὶ
2748 2862 2852 2911 τῶν
2912 2854 3156 2933 ἀγγέλων
3198 2853 3466 2928 δυνάμεις.
3533 2856 3724 2929 Νοεραὶ
3768 2856 3820 2910 αἱ
3848 2853 3944 2932 ὐφ-

2299 2947 2498 3023 ειμέναι
2530 2953 2634 3003 τῶν
2689 2948 2818 3026 ὑπὲρ
2878 2946 3062 3025 αὖτᾶς,
3121 2947 3208 3002 καὶ
3253 2952 3418 3002 πᾶσαι
3453 2953 3585 3002 Θεοῦ
3619 2960 3632 2974 '
3672 2945 3860 3013 νοηταὶ
3900 2947 3947 3000 αἱ

2297 3038 2537 3115 ὑπεράνω
2581 3039 2716 3114 ωρὸς
2775 3037 2867 3100 τὰς
2899 3037 3203 3116 ὑφειμένας,
3250 3036 3337 3092 καὶ
3368 3037 3533 3092 πᾶσαί
3588 3035 3721 3109 πρὸς
3755 3037 3895 3110 ἡμᾶς
3931 3051 3942 3063 ·

2298 3127 2461 3202 ἡμεῖς
2494 3129 2594 3206 γὰρ
2625 3127 2796 3204 νοεροὶ
2824 3127 2986 3201 μόνον
3018 3125 3207 3206 ἐσμὲᾲνί
3236 3123 3354 3206 οῦδὲ
3399 3125 3498 3206 γάρ
3531 3123 3739 3206 ἔχομεν
3775 3124 3947 3204 ἑτέραν

2299 3196 2455 3282 ἡμῶν
2508 3196 2835 3286 ’κατωτέρανν
2863 3196 3092 3286 νόησιν,
3138 3196 3207 3261 διι
3260 3205 3325 3274 ἧς
3381 3196 3444 3260 ἂν
3471 3196 3872 3280 ’νοηθείημενί
3915 3209 3946 3275 ἡ

2300 3297 2492 3374 ἃλογος
2551 3299 2651 3376 γὰρ
2708 3297 2799 3354 καῖ
2861 3298 2896 3366 ἡ
2940 3295 3091 3361 ἄνους
3152 3295 3307 3374 ψυχὴ
3350 3293 3468 3352 καθ’
3494 3297 3671 3370 ἡμᾶς.
3708 3288 3722 3307 ”
3755 3303 3947 3376 Εχουσι

2298 3397 2422 3465 γοῦν
2454 3390 2504 3444 αἱ
2555 3388 2787 3465 οὐράνιαι
2833 3383 3076 3462 δυνάμεις
3125 3387 3220 3450 τὰς
3277 3387 3490 3455 νοήσεις
3546 3386 3642 3442 οὐκ
3704 3385 3762 3442 ἐν
3809 3407 3946 3463 μερι-

2299 3477 2453 3542 στοῖς
2491 3494 2504 3512 ·
2539 3479 2702 3552 ἡμεῖς
2753 3477 2853 3556 γὰρ
2907 3476 2962 3531 ὲν
3025 3478 3300 3551 μεριστοῖς
3360 3487 3480 3538 τοῖς
3524 3475 3884 3554 αἰσθητηρίοις
3928 3490 3941 3505 ⁸

2299 3564 2430 3624 ἄλλο
2462 3568 2561 3646 γὰρ
2591 3567 2754 3642 ἀκοὴ,
2787 3568 2874 3622 καὶ
2905 3565 3080 3642 ἕτερον
3110 3563 3257 3644 ὄψις,
3305 3564 3391 3620 καὶ
3438 3564 3502 3622 τὰ
3533 3563 3671 3620 ἄλλα
3703 3565 3899 3641 ὁμοίως
3928 3607 3942 3622 .

2297 3653 2402 3718 Καὶ
2464 3657 2570 3713 ἀπὸ
2628 3663 2893 3736 μεριστῶν
2950 3659 3057 3712 τῶν
3126 3653 3244 3711 κατ’
3303 3653 3435 3710 αὒτὰ
3506 3654 3798 3734 αἰσθητῶν,
3857 3656 3946 3722 τὴν

2297 3751 2401 3801 τῶν
2432 3745 2570 3802 ὃλων
2594 3749 2788 3826 γνῶσιν
2827 3742 3292 3821 ἀναλαμϐάνομεν,
3324 3743 3360 3812 ἢ
3404 3745 3458 3801 ἐν
3503 3745 3789 3820 μεριστοῖς
3831 3744 3944 3823 μὶν,

2296 3849 2414 3900 τοϊς
2462 3837 2598 3893 κατὰ
2652 3836 2811 3915 μέρος
2867 3833 3151 3912 νοήμασιν,
3217 3833 3324 3890 ἀπὸ
3385 3838 3652 3913 μεριστῶν
3723 3831 3807 3913 δὲ,
3849 3838 3942 3888 τῶν

2298 3928 2580 4002 μαθήσεων
2609 3924 2728 3993 ἤτοι
2759 3933 2863 3982 τῶν
2899 3923 3220 4000 νοουμένών·
3246 3921 3403 3980 τοῦτο
3445 3923 3544 4001 γὰρ
3585 3926 3700 3980 ἔστι
3729 3925 3792 3980 τὸ
3814 3921 3942 3987 διεξ-

2299 4014 2511 4075 οδικῶν.
2547 4019 2664 4096 Οὔχ
2694 4015 2804 4092 ἅμα
2833 4016 2934 4094 γὰρ
2961 4016 3056 4077 τὰς
3115 4013 3372 4088 μαθήσεις
3429 4009 3801 4090 λαμϐάνομεν,
3845 4011 3940 4068 ἆλ-

2297 4104 2364 4160 λα
2392 4103 2574 4185 χρόνῶ
2625 4106 2711 4162 καὶ
2756 4111 3044 4183 μεριστῶς.
3080 4104 3142 4160 Αἱ
3173 4100 3227 4158 δὲ
3259 4101 3435 4177 νοεραὶ
3468 4102 3677 4182 φύσεις,
3709 4102 3939 4159 ἀκοινω-

2298 4197 2468 4265 νήτως
2502 4195 2631 4273 πρὸς
2663 4196 2727 4251 τὰ
2752 4201 2968 4254 τοιαῦτα
2997 4193 3169 4251 πάντα
3213 4191 3459 4272 ἔχουσαι,
3494 4192 3664 4263 ἐνιαίᾳ
3688 4193 3776 4248 καὶ
3807 4189 3943 4265 ἁπλῇ

3301 1380 3316 1412 ,
3377 1338 3477 1399 την
3535 1332 3614 1406 μὴ
3658 1345 3942 1411 πεφυκυῖαν

562 4307 678 4372 per
697 4277 1272 4370 divagationes.Non
1287 4287 1442 4348 enim
1463 4286 1640 4348 simul
1658 4287 2004 4370 disciplinas
2022 4290 2213 4371 perci-

2298 4285 2478 4355 νοήσει
2508 4289 2604 4353 τῆς
2634 4283 2879 4353 ἀληθείας
2909 4291 3007 4352 τὴν
3049 4285 3246 4362 γνῶσιν
3269 4279 3750 4358 ἐπιλαμϐάνονται.
3798 4283 3868 4340 Τὸ
3891 4277 3939 4335 δὲ

569 4369 899 4461 pimus,sed
931 4385 1218 4458 tempore,
1243 4394 1311 4438 ac
1341 4375 1597 4438 divisim.
1631 4369 2039 4458 Intelligentes
2065 4398 2202 4442 vero

2297 4377 2389 4432 51:0
2431 4397 2569 4440 τινος
2622 4382 2821 4450 κοινοῦ,
2854 4373 3090 4431 τοιοῦτόν
3148 4372 3290 4429 ἐστιν
3317 4386 3333 4402 ⁶
3368 4373 3418 4428 αἱ
3465 4370 3589 4450 παρ’
3619 4373 3763 4448 ἡμῖν
3805 4369 3941 4449 γνώ-

567 4476 819 4548 naturaa,
851 4466 1074 4528 nullam
1106 4467 1165 4527 in
1188 4465 1280 4526 his
1303 4465 1580 4528 omnibus
1601 4468 2205 4531 communicationem

2297 4487 2399 4530 σεις
2443 4466 2547 4522 ἀπὸ
2605 4472 2839 4544 μερικῶν
2893 4464 3280 4542 συναγόμεναι,
3340 4461 3518 4519 κοινόν
3573 4483 3624 4517 τι
3687 4462 3944 4518 ἀποκαθι-

565 4556 1001 4638 habeutes,uua
1017 4554 1394 4636 simplicique
1410 4556 1817 4620 intellectione
1829 4559 2090 4621 veritatis
2109 4577 2208 4622 co-

2297 4561 2480 4636 στῶσι,
2537 4555 2625 4612 καὶ
2669 4552 2762 4612 ἀπ’
2793 4553 3022 4634 ἐκείνου,
3055 4554 3130 4620 ὡς
3162 4549 3728 4630 προσγινωσκομένου,
3777 4550 3943 4628 ἕτερον

567 4646 832 4728 guitione
866 4644 1417 4710 illustrantur.lllud
1438 4647 1776 4728 autem,sub
1807 4649 2002 4729 aliquo
2034 4667 2206 4711 com-

2297 4645 2364 4709 εἰς
2419 4651 2614 4724 γνῶσιν
2681 4645 2990 4724 συνάγεται⁶
3035 4644 3125 4701 καὶ
3181 4644 3282 4722 γὰρ
3339 4642 3427 4698 καὶ
3474 4641 3624 4698 αὖταὶ
3670 4643 3724 4697 αἱ
3770 4639 3943 4716 ἔμετοι

567 4715 738 4802 muni
779 4744 869 4800 est
911 4735 1210 4816 ejusmodi
1245 4755 1259 4798 :
1293 4742 1515 4798 nostra:
1546 4715 1924 4816 cognitiones.
1964 4755 1996 4800 a
2029 4736 2210 4801 rebus

2297 4715 2646 4816 πρωστάσεις,
2675 4715 3102 4816 Ααὶᾶρχοειδεῖς,
3128 4715 3221 4789 obit
3252 4715 3429 4794 άλλως
3448 4729 3618 4796 ἕξουσι
3642 4732 3703 4787 τὸ
3725 4729 3943 4788 καθόλου

563 4827 770 4892 divisis
798 4826 1064 4890 collecta
1093 4842 1415 4888 commune
1464 4825 1604 4905 quid
1657 4824 2026 4903 abstrahunt,
2053 4835 2112 4890 et
2135 4827 2208 4890 ab

564 4917 692 4993 illo,
739 4924 1017 4999 tanquam
1069 4914 1449 4996 pracoguito,
1496 4914 1658 4976 aliud
1704 4916 1764 4978 in
1810 4918 2208 4997 cognitionem

565 5005 1190 5088 adducitur;quouiam
1213 5003 1482 5086 ipsaemot
1499 5004 1676 5068 etiam
1701 5005 2210 5090 immediataepro-

568 5095 893 5177 positiones
921 5113 993 5158 ac
1023 5096 1229 5176 prima
1271 5093 1528 5176 species,
1563 5115 1682 5158 non
1741 5097 1913 5160 aliter
1966 5099 2209 5161 omnino

566 5184 748 5249 etiam
775 5183 846 5246 ad
881 5185 1452 5250 demonstrationem
1492 5187 1848 5268 conducent,
1885 5188 1998 5250 nisi
2029 5188 2206 5250 etiam

566 5276 710 5358 ipsa
730 5291 801 5338 ex
819 5273 1670 5359 sensilibusdivisibilibusque
1686 5276 1942 5340 motibus
1954 5277 2025 5339 ad
2049 5296 2210 5340 com-

567 5381 748 5428 mune
795 5361 1100 5446 quidpiam
1132 5363 1355 5427 fueriut
1404 5375 1716 5429 revocatas.
1764 5364 1929 5428 Sicut
1958 5368 2114 5428 enim
2149 5367 2209 5429 in

564 5453 897 5531 bello,dum
920 5453 986 5515 ﬁt
1004 5451 1162 5533 fuga,
1177 5452 1402 5517 sistitur
1425 5459 1600 5537 unus,
1636 5465 1695 5519 et
1718 5463 1850 5538 post
1870 5474 2004 5518 eum
2033 5455 2206 5538 alter,

568 5553 632 5610 et
657 5543 890 5626 tertius,
934 5551 995 5609 et
1022 5543 1109 5608 sic
1152 5543 1228 5608 de
1269 5547 1590 5626 caeteris,et
1636 5547 1724 5612 sic
1760 5546 1914 5610 forte
1956 5552 2212 5612 victores

648 5709 666 5745 ⁸
695 5704 867 5774 Prov.
901 5723 1030 5787 νιιι,
1066 5710 1162 5778 14.
1247 5723 1276 5758 ιι
1305 5710 1534 5778 Coloss.
1567 5730 1634 5790 ιι,
1657 5710 1718 5774 3.

2296 4827 2382 4881 καὶ
2440 4825 2500 4881 τὸ
2560 4815 2639 4888 εἰς
2685 4815 2950 4890 ἀπόδειξιν
2999 4822 3320 4903 εὔχρηστον,
3357 4821 3400 4876 εἰ
3446 4821 3522 4896 μή
3578 4821 3669 4877 καὶ
3716 4827 3864 4877 αῦται
3895 4815 3942 4882 ἐξ

2297 4916 2559 4982 αἰσθητῶν
2589 4918 2675 4972 καὶ
2721 4921 2954 4990 μερικῶν
3011 4913 3274 4980 κινὴσεων
3307 4910 3390 4974 εἴς
3447 4931 3498 4965 τι
3554 4911 3734 4967 κοινὸν
3807 4931 3937 4983 συμο

2297 5004 2691 5085 περιληφθετεν.
2729 5005 2822 5071 Ὠς
2854 5005 2954 5084 γὰρ
2984 5004 3037 5060 ἂν
3070 5000 3316 5080 πολέμῳ,
3368 5001 3573 5078 τροπῆς
3626 4999 3933 5078 γενομένης,

2297 5095 2380 5159 εἷς
2410 5095 2564 5171 ἔστη,
2625 5095 2713 5153 καί
2752 5094 2870 5171 μετ’
2930 5099 3092 5151 αυτοῦ
3147 5089 3410 5170 δεύτερες,
3471 5090 3560 5146 καί
3612 5091 3808 5169 τρίτος,
3859 5087 3934 5142 καὶ

2295 5187 2544 5263 καθεξῆς,
2607 5188 2694 5244 καὶ
2724 5187 2889 5252 οὕτως
2947 5186 3081 5250 ἴσως
3117 5183 3486 5262 ἐπικρατοῦσιν
3536 5183 3582 5238 οι
3615 5181 3750 5245 τέως
3771 5199 3929 5255 παρα-

2291 5280 2658 5341 πεπονθότες’
2696 5279 2782 5334 καὶ
2864 5277 2953 5334 επὶ
3023 5276 3120 5344 τῆς
3192 5274 3380 5339 κοινῆς
3451 5269 3702 5348 γνώσεως
3761 5267 3928 5348 μερικα

2293 5370 2377 5425 καὶ
2434 5368 2656 5436 αἰσθητὰ
2719 5369 3054 5447 συναγόμενα
3106 5365 3165 5420 τὸ
3219 5362 3394 5420 κοινὸν
3449 5365 3686 5423 ποιοῦσι,
3746 5365 3827 5432 Τῷ
3850 5355 3938 5447 γὰρ

2293 5457 2522 5522 πολλοὺς
2576 5457 2838 5520 πολλάκις
2863 5444 3059 5530 *ὁποίῳ
3105 5453 3172 5522 δὴ
3211 5475 3310 5510 τινι
3359 5449 3483 5526 πυρὶ
3513 5444 3936 5523 πλησιάσαι,κάὶ

2293 5549 2668 5629 θερμανθῆνάι,
2742 5549 2778 5617 ἡ
2821 5545 3080 5615 καθολικὴ
3103 5541 3382 5622 ὶπεγένιτο
3427 5544 3642 5621 γνῶσις,
3704 5536 3784 5595 ὅτι
3841 5539 3936 5593 πᾶν
