4134 6156
568 353 690 422 883

1751 351 1811 416 S.
1861 350 2202 415 DIONYSII
2244 350 2775 414 AREOPAGITE.

3820 349 3922 415 884

560 488 913 553 ροισι-,469
932 482 1050 551 Sed
1081 485 1365 569 quoniam
1412 485 1609 548 divina
1656 482 1967 568 Sapientia
2013 481 2196 546 omnis

2291 482 2343 550 ἐξ
2375 482 2556 558 ἄλλο),
2592 483 2628 551 ἢ
2676 480 2761 538 διά
2801 504 2950 546 τινος
2981 480 3148 550 ἄλλης
3190 484 3641 564 προῦπαρχούσης
3664 486 3921 565 γνώσεως¹

561 580 781 644 mentis
805 589 863 644 et
883 577 1130 642 rationis
1152 577 1465 657 omnisque
1487 594 1697 639 sensus
1724 575 1989 639 etl’ectrix
2013 584 2069 636 et
2094 581 2202 644 est,

560 677 621 731 et
649 688 825 733 causa
856 666 1405 748 dicitur,quomodo
1435 666 1686 747 ipsemet
1714 683 2073 746 supraquam
2107 681 2205 724 sa-

560 759 734 841 piens
764 761 922 824 Deus
954 757 1229 837 intelligit
1259 754 1655 834 intelligibilia
1696 754 2038 827 sensiliave,
2072 769 2206 815 cum

557 866 754 932 neque
785 848 1186 927 intelligentes
1215 846 1431 908 habeat
1464 846 1866 925 operationes,
1920 853 1978 904 et
2025 858 2210 923 supra

561 956 801 1002 omnem
832 955 1073 1001 sensum
1094 933 1542 999 sitcollocatus?
1578 934 1851 996 Attamen
1877 932 2084 994 divina
2114 950 2209 991 sa~

562 1045 782 1110 eraque
803 1025 1115 1107 Evangelia
1130 1024 1723 1104 dicuntzﬂomine,tu
1744 1026 1950 1087 omnia
1973 1026 2205 1085 nosti“.

558 1115 889 1179 Dicendum
915 1118 1139 1198 itaque,
1172 1115 1332 1196 quod
1361 1113 1479 1177 dixi
1498 1112 1738 1193 saepius,
1774 1111 1930 1195 quod
1955 1129 2086 1193 qua)
2107 1127 2213 1192 per

559 1206 949 1287 privationem
975 1205 1050 1268 de
1067 1208 1191 1267 Deo
1214 1204 1585 1284 dicuntur,et
1610 1202 1925 1283 contraria,
1957 1219 2062 1282 per
2092 1220 2204 1262 ex-

559 1295 895 1358 cellentiam
916 1294 1421 1376 intelligantur,ut
1444 1291 1815 1369 irrationale,
1844 1310 2080 1371 amens,
2110 1296 2205 1351 in-

568 1384 793 1462 tactile,
820 1384 1141 1466 invisibile,
1166 1383 1242 1447 ita
1273 1391 1335 1446 ut
1369 1383 1564 1445 divina
1586 1399 1755 1445 mens
1784 1380 1983 1443 omnia
2020 1380 2209 1442 conti-

554 1474 1054 1553 neat,secundum
1075 1475 1437 1536 eminentem
1462 1472 1774 1553 quamdam
1802 1470 2202 1549 cognitionem

554 1563 819 1626 omnium
848 1563 1116 1628 notitiam
1135 1561 1538 1644 anticipando,
1558 1570 1832 1643 tanquam
1864 1578 2041 1622 causa
2072 1577 2203 1620 om-

554 1652 719 1714 nium
742 1653 1063 1731 omniaque
1088 1652 1406 1714 intrinsese
1430 1659 1774 1725 noscens,et
1804 1668 1923 1711 non
1958 1668 2028 1711 ex
2059 1648 2200 1730 alio,

553 1758 750 1823 neque
774 1762 880 1824 per
900 1743 1158 1824 aliquam
1183 1741 1357 1803 aliam
1384 1740 1890 1822 praeexsistentem
1916 1740 2205 1819 cognitio-

2292 577 2379 631 καὶ
2426 573 2522 630 ἀπ’
2553 574 2716 640 αὐτῆς
2759 578 2860 641 τῆς
2910 573 3089 652 ἀρχῆς
3139 572 3312 648 εἰδὼς,
3349 579 3410 635 οὐ
3456 581 3555 643 τῆς
3603 576 3779 656 ἀρχῆς
3831 578 3925 633 τῶν

2291 662 2699 744 παραχθέντων,
2735 662 2873 720 ἀλλὰ
2924 663 3019 731 τῆς
3065 662 3356 731 καθολικῆς
3414 665 3591 746 ἀρχῆς
3646 674 3739 723 τοῦ
3785 673 3921 724 Θεοῦ’

2289 755 2443 831 ὓπερ,
2496 751 2608 809 ἐπεὶ
2680 754 2775 809 οὔκ
2846 752 3032 831 εὐαγές
3092 752 3204 809 ἐστι
3283 751 3576 827 λαμϐάνειν
3644 755 3730 812 ἐπὶ
3784 763 3922 830 Θεοῦ,

2294 843 2550 923 ἄναρχος,
2588 843 2688 921 γὰρ
2738 844 2826 899 καὶ
2873 842 3244 923 ὕπεράναρχος
3306 846 3333 900 6
3381 844 3561 913 Θεός.)
3590 842 3807 901 ἒκόΛασε
3853 843 3927 902 διὰ

2293 941 2406 1008 τοῦ,
2442 930 2557 990 ’¹Ιν’
2605 931 2748 989 εἴπω
2779 930 2967 995 Καλως
2999 955 3125 1011 γουν
3168 935 3256 990 καὶ
3285 935 3370 991 καὶ
3418 936 3447 989 6
3473 936 3641 1012 μέγας
3672 934 3927 999 Βασίλέιος

2292 1026 2521 1096 τίθησιν,
2556 1021 2637 1079 ὅτι
2670 1022 2768 1079 εἶσί
2796 1043 2938 1092 τινα,
2961 1020 3169 1102 ἄνάρχα
3201 1022 3321 1100 μὲν,
3353 1022 3605 1092 τελευτὴν
3635 1023 3688 1081 δὲ
3719 1024 3927 1106 ἔχοντά,

2295 1115 2467 1193 λέγων
2500 1113 2593 1176 τὰς
2646 1113 2787 1176 θείας
2817 1117 2916 1178 τῆς
2968 1109 3316 1190 δημιουργίας
3348 1116 3593 1184 παίσας’
3636 1112 3730 1172 ἀπ’
3762 1115 3927 1195 ἀρχῆς

2289 1207 2413 1285 γὰρ,
2466 1202 2537 1260 ἵν’
2573 1200 2737 1267 οὕτως
2796 1200 2962 1276 εἴπω,
2994 1202 3136 1277 παρὰ
3192 1210 3268 1278 τῷ
3326 1202 3635 1283 δημιουργῷ
3685 1208 3733 1262 οἱ
3790 1204 3928 1282 λόγοι

2289 1302 2387 1364 τῆς
2436 1296 2683 1355 κτίσεως,
2721 1293 2817 1348 Διά
2863 1300 3017 1351 τοῦτο
3045 1295 3144 1373 γὰρ
3174 1292 3389 1373 λέγεται
3434 1297 3523 1352 καὶ
3565 1297 3652 1356 τό.
3685 1293 3748 1355 Ὀ
3779 1295 3922 1359 εἰδὼς

2290 1387 2461 1447 πάντα
2516 1386 2635 1460 πρὶν
2664 1382 2922 1462 γενέσεως
2977 1385 3173 1441 αἶτώνο
3222 1387 3297 1441 ὧν
3355 1390 3457 1453 τὴν
3488 1386 3715 1466 γένεσιν,
3748 1387 3838 1443 οὐκ
3876 1388 3931 1442 ὲκ

2289 1483 2384 1534 τοῦ
2443 1474 2861 1549 καταμανθάνειν
2919 1474 3050 1530 αὒτᾶ
3082 1475 3248 1535 ὁποῖά
3296 1476 3413 1532 τινά
3441 1478 3570 1532 εἰσιν
3613 1477 3755 1556 ἔχει’
3786 1484 3930 1534 τοῦτο

2289 1567 2388 1646 γὰρ
2420 1564 2705 1634 ἐδήλωσεν,
2741 1565 2928 1645 εἰπών,
2959 1564 3053 1621 οὒκ
3094 1566 3157 1621 ὲκ
3185 1570 3291 1621 τῶν
3339 1566 3506 1622 ὄντων
3537 1567 3602 1623 τὰ
3629 1564 3754 1623 ὄντα
3798 1587 3929 1641 μαν-

2286 1656 2480 1729 θάνων,
2544 1656 2630 1711 καὶ
2688 1656 2773 1736 τὸ,
2834 1653 2893 1709 υῦ
2952 1654 3071 1712 κατ’
3102 1652 3251 1711 ἰδέαν
3304 1656 3550 1721 ὶκάστοις
3611 1654 3927 1729 ἐπιϐάλλων,

2288 1745 2408 1802 ἀλλ’
2432 1748 2505 1807 ὡς
2536 1744 2767 1812 ποιητὴς
2798 1744 3001 1801 τούτων
3029 1744 3128 1811 τὴν
3160 1742 3368 1813 εἴδησιν
3401 1747 3508 1802 τῶν
3538 1747 3743 1804 οἰκείων
3772 1745 3930 1827 ἔργων

552 1848 718 1909 nem;
741 1833 897 1895 etab
922 1831 1049 1914 ipso
1074 1831 1245 1893 initio
1264 1849 1675 1903 noscens,non
1696 1829 1770 1891 ab
1795 1829 1968 1892 initio
2001 1847 2196 1891 rerum

2288 1834 2531 1916 προέχεῖ,
2568 1832 2714 1898 εἰδὼς
2758 1832 2905 1898 ὅπως
2958 1836 3089 1891 αὒτὰ
3136 1834 3232 1891 xz‘t‘
3266 1834 3351 1915 ἐφ’
3400 1839 3485 1901 οἷς
3542 1835 3763 1915 παρὰξει
3806 1838 3926 1915 πρὸς

551 1912 1001 2010 productarum,
1036 1921 1140 1983 sed
1188 1922 1260 1982 ab
1292 1920 1615 2010 universali
1659 1919 1830 2010 initio
1861 1921 2006 2010 Deo;
2029 1917 2194 2010 quod

2284 1912 2512 2003 γένεσιν,
2546 1912 2641 1979 Ὠν
2686 1925 2720 1993 ἡ
2772 1925 3089 2003 παρατροπή
3148 1927 3235 1982 καὶ
3382 1912 3651 2005 ἔλλειψις,
3686 1912 3926 2003 ἤγουν-ἡ

552 2006 687 2071 cum
713 2028 831 2073 non
855 2010 997 2070 satis
1018 2010 1335 2072 commode
1360 2008 1419 2069 in
1436 2010 1559 2072 Deo
1583 2006 1770 2089 accipi
1806 2007 1991 2089 possit
2020 2008 2198 2083 (συθ--

551 2101 709 2165 niam
735 2101 894 2165 Deus
910 2102 1042 2163 sine
1066 2100 1233 2163 initio
1257 2108 1369 2178 est,
1400 2110 1457 2163 et
1489 2101 1800 2181 plusquam
1834 2099 1963 2160 sine
2004 2099 2194 2159 initio)

551 2191 813 2252 correxit
844 2191 986 2255 illud
1005 2190 1281 2254 addendo
1310 2210 1325 2254 :
1359 2189 1433 2253 Ut
1454 2190 1535 2253 ita
1557 2190 1773 2252 dicam.
1809 2192 1995 2251 Recte
2027 2189 2201 2268 igitur

551 2280 727 2342 etiarn
766 2297 1010 2357 magnus
1054 2280 1308 2343 Basilius
1341 2280 1717 2361 ait,quaedam
1751 2297 1885 2341 esse
1914 2297 2048 2355 qua:
2077 2285 2202 2357 qui-

549 2369 686 2431 dem
710 2371 1001 2453 principio
1029 2370 1371 2452 carent,sed
1402 2370 1582 2432 ﬁnem
1614 2368 1863 2444 habent,
1895 2376 1956 2429 ut
1986 2368 2201 2429 divinae

549 2459 666 2523 illae
685 2462 999 2524 creationis
1030 2461 1453 2543 cogitationes;
1486 2460 1559 2524 ab
1605 2459 1775 2522 initio
1816 2459 2000 2533 enim,
2029 2467 2089 2520 ut
2120 2459 2199 2520 ita

545 2548 925 2632 dicam,apud
950 2552 1291 2615 Creatorem
1333 2550 1499 2613 fuere
1548 2556 1811 2612 rationes
1843 2550 2193 2611 creat'onis.

541 2635 687 2701 Nam
720 2640 948 2703 idcirco
976 2640 1196 2703 dicitur
1229 2662 1242 2702 :
1273 2640 1386 2716 Qui
1410 2640 1568 2704 nosti
1591 2641 1799 2702 omnia
1832 2640 2197 2720 priusquam

543 2728 1077 2813 ﬁant"-;quorum
1104 2730 1394 2810 originem
1419 2730 1727 2806 novit,non
1754 2730 1912 2809 quod
1933 2747 2000 2790 ex
2022 2729 2094 2789 iis
2109 2728 2195 2789 di-

546 2827 672 2881 scat
692 2820 889 2901 qualia
909 2821 1142 2896 sint,uti
1168 2820 1490 2892 declaravit
1511 2819 1720 2882 dicens
1753 2838 1769 2879 :
1800 2819 1931 2881 Non
1984 2836 2053 2880 ex
2095 2837 2194 2881 re-

544 2908 656 2971 bus
678 2908 822 2990 ipsis
841 2927 937 2972 res
961 2911 1192 2986 dicens,
1221 2928 1415 2992 neque
1435 2908 1685 2989 singulis
1716 2908 2043 2969 secundum
2084 2927 2193 2969 cu»

538 2997 761 3079 jusque
786 3000 1048 3081 speciem
1082 2998 1423 3081 intendens,
1456 2998 1561 3061 sed
1622 3006 1716 3059 tan
1734 3016 1910 3078 quum
1963 3003 2199 3060 creator

541 3103 787 3148 suorum
847 3106 1094 3168 operum
1146 3087 1450 3168 praehabet
1511 3086 1939 3165 cognitionem,
2000 3087 2197 3147 sciens

553 3175 791 3256 quando
813 3183 873 3238 et
900 3176 1118 3257 quibus
1148 3176 1339 3239 modis
1372 3176 1470 3238 illa
1491 3176 1568 3239 sit
1591 3175 2007 3255 producturus.
2041 3173 2197 3247 Quo-

547 3282 678 3326 rum
713 3266 1015 3346 perversio
1034 3276 1092 3328 et
1113 3266 1396 3348 deiectio,
1430 3266 1558 3328 sive
1581 3264 1882 3327 lrustratio
1915 3277 1976 3327 et
2008 3265 2197 3345 impo-

549 3355 989 3431 tentia,malum
1026 3355 1376 3433 introducit,
1412 3355 1735 3438 privatione
1766 3357 1895 3436 ejus
1923 3355 2078 3436 quod
2105 3374 2197 3417 se-

546 3446 805 3507 cundum
836 3454 1104 3509 naturam
1138 3454 1250 3522 est,
1283 3446 1341 3507 id
1378 3446 1539 3527 quod
1572 3453 1776 3507 contra
1805 3454 2074 3506 naturam
2110 3453 2199 3507 est

547 3533 960 3599 introducens.
993 3536 1085 3599 Ad
1102 3536 1218 3598 hoc
1240 3536 1399 3598 enim
1427 3536 1577 3599 lucis
1608 3535 1948 3616 exemplum
1975 3534 2195 3611 attulit;

545 3641 680 3684 nam
714 3624 894 3705 hujus
912 3624 1523 3706 privationetenebraa
1554 3626 1933 3705 exsistunt,et
1955 3643 2195 3687 causam

544 3711 770 3775 habent
799 3713 1131 3777 absentiam
1158 3722 1380 3777 natura;
1402 3713 1933 3791 lucis,sicutetiam
1961 3714 2197 3777 habitus

545 3800 1009 3882 principaliores
1058 3810 1199 3865 sunt
1240 3802 1694 3884 privationibus,
1728 3810 1807 3883 et,
1844 3811 1907 3863 ut
1954 3801 2034 3864 ita
2060 3804 2196 3882 quis

547 3889 730 3972 dicat,
767 3909 981 3956 causa.
1013 3890 1200 3955 Nemo
1228 3893 1423 3975 itaque
1442 3911 1513 3955 ex
1536 3892 1631 3954 his
1653 3892 1729 3954 ad
1758 3900 1874 3953 tam
1906 3891 2195 3956 absurdae

545 3981 872 4044 sententias
920 3981 1269 4056 abducetur,
1308 3988 1370 4043 ut
1393 3980 1572 4059 dicat,
1599 3982 1776 4043 etiam
1813 3982 2101 4043 malorum
2135 3984 2194 4044 in

545 4072 747 4152 seipso
765 4088 1002 4132 causam
1034 4070 1257 4134 habere
1288 4071 1630 4152 Deum,sive
1667 4073 1865 4153 ipsum
1890 4090 2022 4133 esse
2047 4092 2187 4134 cau-

545 4177 670 4222 sam
707 4179 813 4222 cur
832 4160 956 4223 haec
980 4161 1403 4243 producantur;
1417 4162 1539 4241 jam
1560 4161 1789 4243 pridem
1814 4161 1972 4223 enim
1999 4172 2195 4224 osten-

542 4247 654 4324 dit,
690 4268 885 4330 neque
918 4269 1050 4331 ens,
1079 4268 1273 4332 neque
1321 4253 1381 4312 in
1406 4251 1588 4313 rebus
1620 4267 1753 4313 esse
1784 4253 2025 4315 malum.
2066 4255 2194 4316 Hoc

542 4353 680 4402 vero
707 4339 885 4400 etiam
920 4338 1183 4402 declarat
1211 4341 1573 4420 exemplum.
1607 4338 1769 4403 Sicut
1801 4341 1958 4402 enim
1993 4341 2192 4423 siquis

539 4425 734 4489 lucem
759 4429 916 4490 hanc
936 4428 1232 4491 visibilem
1268 4430 1485 4490 mentis
1505 4448 1574 4491 ac
1589 4429 1838 4492 rationis
1854 4442 2188 4511 compotem

540 4525 856 4596 supponat;
882 4517 1101 4580 deinde
1123 4535 1406 4599 rogemus
1430 4518 1644 4599 ipsam,
1678 4536 1754 4580 an
1788 4518 2065 4581 tenebras
2094 4539 2189 4583 co-

540 4605 952 4687 gnoscat,ipsa
970 4615 1169 4669 autem
1194 4596 1260 4670 se
1278 4596 1844 4689 nosse'dicat,etiam
1864 4619 2186 4687 antequam
2218 4596 2258 4645 θ

541 4694 808 4758 tenebrat
826 4697 968 4757 470
990 4708 1218 4779 essent;
1243 4716 1444 4773 nosse,
1494 4699 1759 4780 inquam,
1797 4716 1915 4761 non
1952 4718 2055 4780 per
2084 4701 2191 4761 ali-

542 4802 716 4866 quam
752 4787 1191 4868 experientiam
1222 4788 1545 4869 (quomodo
1595 4788 1752 4849 enim
1780 4788 1877 4851 lux
1911 4789 2189 4853 tenebras

538 4874 753 4936 sciret?
776 4894 912 4937 nam
937 4877 985 4939 si
1003 4878 1093 4939 lux
1120 4876 1347 4953 sit,non
1367 4885 1545 4940 erunt
1562 4876 1994 4960 tenebrae),sed
2012 4898 2188 4943 nosse

541 4962 702 5025 dicat
733 4965 1010 5029 tenebras
1034 4966 1091 5029 in
1123 4976 1408 5049 quantum
1444 4968 1537 5028 lux
1562 4982 1679 5043 est;
1713 4967 1966 5049 ideoque
2000 4971 2184 5043 novit,

540 5052 697 5133 quod
729 5059 779 5113 si
812 5056 1120 5137 proprium
1156 5057 1358 5120 lumen
1386 5058 1771 5133 contraxerit,
1808 5077 1983 5121 nemo
2014 5060 2146 5121 vide
2168 5097 2185 5111 -

540 5140 650 5204 bit.
686 5141 768 5205 Ita
802 5150 976 5205 etiam
1013 5145 1169 5209 Deus
1198 5166 1304 5228 per
1324 5166 1561 5210 causam
1593 5148 1860 5210 omnium
1892 5148 1950 5211 in
1984 5169 2047 5212 se
2078 5170 2183 5212 co-

540 5229 868 5312 gnitionem
904 5232 1103 5309 habet,
1131 5254 1245 5297 non
1279 5238 1436 5318 quod
1461 5238 1826 5319 experientia
1855 5257 1984 5299 eam
2013 5258 2142 5301 com
2162 5275 2182 5287 -

540 5320 833 5402 paraverit
866 5321 1014 5403 (tum
1042 5326 1198 5385 enim
1229 5323 1385 5388 Deus
1416 5327 1755 5407 cognitione
1787 5329 2075 5408 posterior
2098 5330 2183 5391 in-

539 5412 890 5487 veniretur),
916 5412 1098 5474 autin
1127 5412 1326 5495 aliquo
1364 5425 1633 5496 tempore
1665 5436 1782 5478 non
1816 5420 2177 5496 cognoverit.

2280 2013 2549 2095 ἂποτυχία
2599 2014 2747 2081 οιαὶῆ
2798 2012 3075 2093 ἀδυναμία,
3110 2015 3172 2070 τὸ
3222 2018 3388 2072 κακὸν
3431 2016 3653 2093 εἰσάγει,
3683 2023 3754 2094 τῇ
3809 2039 3928 2073 στε-

2282 2106 2431 2182 ρήσει
2483 2106 2573 2160 τοῦ
2619 2104 2755 2159 κατὰ
2791 2104 2941 2183 φύσιν
2995 2105 3056 2159 τὸ
3102 2105 3242 2182 παρᾶ
3303 2106 3456 2164 φύσιν
3486 2112 3743 2170 ποιοῦσα,
3799 2108 3927 2185 Πρὸς

2282 2203 2439 2252 τοῦτο
2499 2194 2600 2273 γὰρ
2660 2194 2719 2249 τὸ
2778 2196 2869 2250 τοῦ
2925 2195 3101 2259 φωτὸς
3153 2196 3466 2273 παρήγαγεν
3508 2194 3827 2275 ὑπόδειγμα⁶
3871 2204 3931 2271 τῇ

2282 2284 2382 2361 γὰρ
2456 2284 2644 2341 τούτου
2702 2283 2944 2361 στερήσει
3015 2284 3076 2340 τὸ
3134 2285 3324 2349 σκότος
3382 2285 3797 2367 παρυφίσταται,
3854 2288 3934 2344 καὶ

2281 2373 2450 2429 αἰτίαν
2505 2371 2621 2452 ἔχει
2652 2371 2749 2440 τὴν
2777 2373 3039 2429 ἀπουσίασ
3068 2377 3168 2440 τῆς
3208 2383 3302 2433 τοῦ
3347 2376 3526 2438 φωτὸς
3560 2376 3791 2456 ιρῦσεως,
3826 2379 3930 2433 ὣσο

2281 2484 2379 2541 περ
2431 2462 2519 2518 καὶ
2569 2464 2674 2517 τῶν
2734 2463 3039 2539 στερήσεων
3101 2464 3152 2519 αἱ
3212 2462 3346 2529 ἔξεις
3392 2464 3756 2544 ἀρχικώτεραι
3808 2488 3931 2543 τυγ-

2280 2551 2532 2631 χάνουσι,
2578 2550 2670 2607 καῖ
2708 2553 2780 2616 ὡς
2838 2550 2900 2607 ἓν
2930 2574 3011 2607 τις
3049 2550 3217 2625 εἴποι,
3251 2554 3435 2616 αἰτίαι,
3484 2553 3683 2621 Μηδεὶς
3714 2564 3840 2635 γοῦν
3880 2555 3935 2612 ἐκ

2280 2641 2483 2698 τούτων
2524 2643 2656 2719 πρὸς
2698 2640 2928 2706 ἀτόπους
2972 2640 3249 2720 ἐπαγέσθω
3300 2643 3524 2717 ἑννοίας,
3576 2644 3716 2701 ὥστε
3767 2646 3933 2725 λέγειν

2279 2732 2367 2787 καὶ
2427 2729 2531 2786 τῶν
2592 2737 2773 2788 κακῶν
2828 2732 2882 2786 ὲν
2940 2732 3112 2806 ἑαυτῴ
3149 2732 3271 2789 κατ’
3328 2734 3499 2789 αἰτίαν
3550 2736 3810 2818 προέχειν
3851 2738 3935 2792 τὸν

2281 2822 2434 2899 Θεὸν,
2481 2820 2643 2898 ἤγουν
2681 2820 2856 2876 αἴτιον
2906 2823 3077 2879 αὒτῶν
3107 2824 3167 2877 εκ
3216 2823 3404 2879 τούτου
3442 2824 3760 2902 σδνσίγεσθαί
3787 2828 3935 2883 αὐτὸν

2280 2910 2443 2965 εἶναι’
2497 2908 2600 2977 ἤδη
2630 2911 2730 2989 γὰρ
2778 2908 2936 2975 ἔδειξε
2962 2913 3099 2985 μήτε
3151 2912 3233 2986 ὃν,
3274 2912 3410 2987 μήτε
3458 2913 3510 2968 ἐν
3556 2929 3680 2978 τοϊς
3716 2917 3831 2972 οὖσι
3878 2918 3933 2973 τὸ

2279 2998 2468 3060 κακόν.
2529 3006 2692 3057 Τοῦτο
2720 2997 2774 3055 δὲ
2833 2997 2997 3066 δηλοῖ
3051 3002 3138 3057 καὶ
3197 3002 3258 3057 τὸ
3289 3000 3648 3082 παράδειγμα.
3718 2997 3936 3083 "June?

2280 3090 2380 3166 γὰρ
2438 3089 2575 3153 εἴτις
2624 3089 2874 3146 ὑπόθοιτο
2935 3090 2996 3146 τὸ
3056 3096 3168 3170 φῶς
3225 3094 3382 3148 τοῦτο
3412 3096 3474 3158 τὸ
3518 3096 3711 3172 ὁρατὸν
3765 3095 3934 3153 ἔννουν

2281 3178 2425 3235 εἴναι
2481 3181 2570 3236 καὶ
2598 3177 2835 3257 λογικὸν,
2872 3183 2992 3237 εἶτα
3043 3182 3328 3254 πυθοίμεθα
3384 3184 3561 3254 αὐτοῦ,
3597 3186 3642 3240 εἰ
3689 3187 3934 3264 γινώσκει

2278 3269 2340 3324 τὸ
2390 3271 2600 3343 σκότος,
2636 3270 2697 3326 τὰ
2746 3268 2800 3326 δὲ
2832 3270 2981 3328 εἴποι
3038 3273 3318 3349 γινώσκειν
3346 3275 3434 3329 καὶ
3463 3275 3581 3351 πρὶν
3612 3274 3838 3352 γένηται
3881 3277 3935 3331 τὸ

2280 3359 2491 3424 σκότος·
2527 3383 2611 3437 γιν
2627 3367 2807 3415 onst»
2836 3358 2892 3416 δέ
2937 3361 2996 3417 οὗ
3054 3362 3192 3418 κατὰ
3219 3382 3338 3419 τινα
3394 3376 3609 3440 πεῖραν,
3646 3365 3795 3444 (πῶς
3842 3367 3934 3443 γὰρ

2282 3447 2387 3504 ἴδοι
2433 3449 2620 3513 σκότος
2673 3452 2734 3506 τὸ
2764 3457 2877 3529 φῶς
2908 3452 3000 3523 δεῖ
3041 3451 3144 3528 γὰρ
3181 3458 3318 3532 φῶς,
3351 3456 3446 3511 οὒκ
3496 3452 3644 3509 ἔσται
3702 3460 3934 3523 σκότος’)

2282 3537 2419 3594 ἀλλὰ
2476 3539 2751 3617 γινώσκειν
2783 3540 2932 3597 εἴποι
2989 3541 3050 3597 τὸ
3108 3541 3301 3603 σκότος
3357 3544 3487 3599 καθὸ
3542 3550 3684 3621 φῶς·
3720 3542 3803 3601 διὸ
3855 3546 3931 3601 καὶ

2280 3626 2449 3702 οἶδεν,
2484 3626 2588 3709 ὁτι,
2622 3629 2713 3684 ἐὰν
2741 3631 2991 3708 συστείλῃ
3023 3632 3083 3687 τὸ
3114 3631 3312 3687 οἰκεῖον
3346 3637 3481 3701 φῶς,
3515 3632 3687 3697 οὒδεὶς
3720 3634 3928 3711 ὄψεται.

2279 3716 2431 3775 Οὕτω
2459 3720 2547 3775 καὶ
2596 3722 2623 3775 6
2655 3720 2782 3784 Θεὸς
2831 3719 2951 3775 κατ’
2994 3721 3165 3777 αἰτίαν
3220 3719 3274 3775 ἐν
3324 3721 3493 3796 ἑαυτῷ
3536 3723 3637 3790 τὴν
3691 3724 3932 3781 ἀπάντων

2279 3805 2488 3874 εἴδησιν
2548 3808 2689 3891 ἔχει,
2749 3810 2811 3865 οὒ
2877 3810 2947 3879 τῆ
3006 3811 3161 3887 πείρᾳ
3231 3811 3430 3879 ταύτην
3480 3812 3929 3895 ἑπικτησάμενος,

2280 3895 2418 3977 (ἒπεὶ
2475 3899 2706 3976 εὑρεθείη
2764 3898 2828 3955 ἄν
2883 3900 3326 3979 μεταγενέστερος
3383 3904 3413 3959 6
3463 3906 3593 3968 Θεὸς
3644 3908 3750 3970 τῆς
3792 3904 3928 3983 γνώ-

2276 3986 2465 4068 σεως,)
2534 3987 2736 4055 ἤκατὰ
2790 4011 2905 4045 τινα
2956 3990 3153 4068 χρόνον
3197 3991 3275 4065 μὴ
3335 3993 3633 4068 γινώσκων.
3701 3999 3931 4069 Σημειοῦ

2275 4075 2330 4132 δὲ
2376 4077 2436 4133 τὸ
2467 4078 2706 4133 αἷτιατὸν
2764 4078 2908 4134 εἶναι
2944 4080 3007 4135 τὸ
3037 4079 3228 4140 σκότος
3263 4078 3313 4144 ἐξ
3345 4080 3637 4156 ἐλλείψεως
3668 4090 3763 4140 τοῦ
3819 4106 3929 4162 φω-

2276 4167 2388 4240 τὸς,
2449 4164 2579 4243 ὅπερ
2654 4166 2765 4224 ἐστὶ
2817 4168 2954 4224 κατὰ
3004 4171 3342 4248 Μανιχαίων’
3432 4172 3705 4228 Ἐντεῦθεν
3760 4193 3926 4228 κατα-

2278 4257 2540 4335 σκευάζει,
2577 4258 2656 4312 ὃτι
2718 4257 2853 4312 κατὰ
2886 4257 3009 4331 μίαν
3039 4261 3125 4313 καὶ
3158 4259 3255 4325 τήν
3290 4259 3454 4327 αὐτὴν
3485 4262 3682 4326 γνῶσιν
3741 4265 3769 4318 6
3801 4262 3924 4325 Θεὸς

2277 4343 2393 4402 οἶδε
2423 4367 2512 4401 και
2557 4347 2742 4403 ἑαυτὸν
2774 4347 2862 4403 καὶ
2889 4347 2953 4402 τὰ
3009 4346 3075 4403 τὰ
3108 4348 3302 4427 πάντα,
3337 4346 3421 4405 διὰ
3447 4359 3600 4409 τοῦτο
3640 4353 3729 4407 καὶ
3759 4349 3923 4413 ἆὺλως

2275 4436 2338 4491 τὰ
2376 4434 2553 4515 ὑλικὰ,
2588 4436 2677 4492 καὶ
2739 4438 2805 4493 τὰ
2862 4438 3085 4515 μεριστὰ
3131 4437 3453 4519 ἀμερίστως,
3490 4442 3575 4497 καὶ
3630 4442 3698 4499 τὰ
3755 4439 3926 4497 πολλᾶ

2278 4523 2507 4588 ἐνιαίως·
2570 4523 2725 4587 ἅῦλος
2798 4525 2898 4603 γὰρ
2953 4547 3041 4581 κσι
3102 4525 3387 4606 ἀμέριστος
3448 4530 3535 4586 καὶ
3604 4530 3801 4608 ἑνιαία,
3840 4522 3925 4585 καὶ

2276 4612 2447 4693 απλῆ,
2479 4616 2513 4682 ἡ
2565 4622 2760 4692 γνῶσιν
2814 4616 2849 4682 ἡ
2898 4618 3031 4677 θεια,
3098 4614 3267 4694 Εἴπερ
3318 4616 3576 4698 ἐλέγομεν
3635 4618 3718 4676 ὅτι
3768 4619 3824 4675 ἐν
3852 4623 3924 4690 τῷ

2272 4703 2370 4778 ἐνὶ,
2405 4701 2649 4771 δηλονότι
2694 4704 2746 4761 ἐν
2776 4703 2845 4780 τῇ
2899 4710 2996 4779 μιᾷ
3023 4706 3111 4761 καὶ
3169 4705 3316 4784 ἁπλῇ
3346 4706 3715 4787 δημιουργικῇ
3772 4707 3922 4766 δυνά-

2273 4811 2360 4863 μει
2417 4790 2681 4859 ὑπέστησε
2710 4791 2777 4848 τὰ
2831 4791 3074 4872 διάφορα,
3109 4792 3247 4850 οῧτω
3299 4797 3385 4852 καὶ
3417 4795 3469 4853 ἐν
3521 4796 3619 4877 ἑνὶ,
3652 4796 3816 4877 ἤγουν
3871 4796 3922 4852 ἒν

2273 4880 2441 4954 ἔνιαίᾳ
2481 4881 2569 4938 καὶ
2611 4881 2760 4958 ἁπλῇ
2812 4880 3029 4961 γνώσει,
3066 4884 3132 4939 τὰ
3189 4882 3416 4965 διάφορα
3467 4889 3747 4964 γινώσκει·
3791 4886 3919 4942 ἀλλὰ

2272 4971 2359 5026 καὶ
2387 4972 2627 5052 χορηγός
2671 4973 2783 5028 ἔστι
2842 4972 3020 5038 πάσης
3080 4994 3349 5051 γνώσεως,
3384 4973 3501 5033 καθ’
3551 4977 3617 5043 ἣν
3667 4974 3919 5055 γνώσεταί

2270 5082 2348 5125 τις
2382 5065 2473 5117 καὶ
2507 5062 2714 5143 ἐαύτὸν,
2745 5065 2833 5120 καὶ
2867 5064 2933 5119 τὰ
2962 5061 3119 5119 ἄλλω
3155 5069 3260 5124 Οὔκ
3323 5064 3423 5145 ἄρα
3453 5069 3482 5123 6
3510 5069 3643 5132 Θεὸς
3674 5066 3798 5125 κατ’
3821 5064 3912 5122 ἄλο

2268 5149 2370 5217 λην
2425 5154 2522 5227 μὶν
2578 5158 2741 5231 γνῶσι
2795 5152 3065 5231 γνώσεταν
3121 5154 3328 5230 ἑαυτὸν,
3362 5156 3483 5212 κατ’
3543 5155 3716 5225 ἄλλην
3745 5156 3798 5212 δὲ
3852 5154 3910 5211 τὰ

2267 5237 2739 5320 δημιουργήματα.
2774 5244 2831 5299 Εἰ
2875 5245 3003 5319 γοῦν
3036 5242 3167 5311 αὕτη
3216 5246 3251 5312 ἡ
3284 5245 3422 5301 αἰτία
3448 5246 3687 5317 πάντων,
3724 5243 3907 5310 ἑαυτήν

2267 5333 2354 5387 καὶ
2386 5329 2475 5411 ἀφ’
2509 5332 2699 5399 ἑαυτῆς
2757 5331 3032 5413 γινώσκει,
3068 5334 3217 5408 πόσῳ
3244 5355 3305 5412 γε
3350 5333 3554 5410 μᾶλλον
3583 5337 3649 5394 τὰ
3680 5335 3778 5392 ἀπ’
3817 5336 3907 5389 αὒ-

2267 5425 2365 5487 τῆς
2414 5418 2677 5488 εἷδάσεται
2710 5442 2728 5496 ;
2761 5420 2900 5479 ἀλλὰ
2929 5426 2997 5489 τῆ
3027 5424 3234 5499 ἑαυτοῦ,
3268 5425 3354 5481 καὶ
3398 5426 3460 5482 οὗ
3502 5434 3572 5504 τῇ
3600 5433 3710 5485 τῶν
3754 5425 3910 5482 ὄντων

538 5496 689 5564 Nota
715 5501 1227 5585 autem,tenebras
1258 5522 1390 5567 esse
1412 5506 1692 5569 effectum
1715 5511 1813 5588 qui
1846 5526 1915 5569 ex
1948 5508 2180 5571 defectu

2280 5512 2566 5588 επιστήμῃ.
2620 5508 2930 5591 Ἐπιχειρεϊ
2961 5514 3085 5589 γοῦν
3131 5511 3192 5569 ἐκ
3219 5496 3314 5571 τοῦ
3361 5496 3663 5591 ὶλάττονσς,
3700 5514 3781 5571 ὅτι
3830 5512 3911 5569 καὶ

622 5691 705 5760 "l
735 5693 948 5759 Joann.
982 5708 1046 5772 ll,
1077 5693 1179 5760 20.
1238 5693 1308 5737 "'
1341 5692 1572 5760 Daniel.
1607 5711 1732 5776 xm,
1766 5694 1864 5760 42.
