  <div class='ocr_page' id='page_1' title='image "/cluster/home/n/w/nwhite01/storage/ocr_20150623/3/mdp.39015008855614/454.png"; bbox 0 0 4134 6156; ppageno 0'>
   <div class='ocr_carea' id='block_1_1' title="bbox 361 385 480 454">
    <p class='ocr_par' dir='ltr' id='par_1_1' title="bbox 361 385 480 454">
     <span class='ocr_line' id='line_1_1' title="bbox 361 385 480 454; baseline 0.017 -2"><span class='ocrx_word' id='word_1_1' title='bbox 361 385 480 454; x_wconf 84' lang='grc'><strong>893</strong></span> 
     </span>
    </p>
   </div>
   <div class='ocr_carea' id='block_1_2' title="bbox 357 611 2008 698">
    <p class='ocr_par' dir='ltr' id='par_1_2' title="bbox 357 611 2008 698">
     <span class='ocr_line' id='line_1_2' title="bbox 357 611 2008 698; baseline -0.006 -22"><span class='ocrx_word' id='word_1_2' title='bbox 357 617 596 678; x_wconf 80' lang='grc' dir='ltr'><strong>σύνδεσιν</strong></span> <span class='ocrx_word' id='word_1_3' title='bbox 625 619 864 698; x_wconf 73' lang='grc' dir='ltr'>συνέχει,</span> <span class='ocrx_word' id='word_1_4' title='bbox 903 617 992 674; x_wconf 86' lang='grc' dir='ltr'>καὶ</span> <span class='ocrx_word' id='word_1_5' title='bbox 1049 615 1144 679; x_wconf 86' lang='grc' dir='ltr'><strong>τάς</strong></span> <span class='ocrx_word' id='word_1_6' title='bbox 1203 620 1312 671; x_wconf 84' lang='grc' dir='ltr'><strong>τῶν</strong></span> <span class='ocrx_word' id='word_1_7' title='bbox 1365 614 1540 692; x_wconf 75' lang='grc' dir='ltr'>φυτῶν</span> <span class='ocrx_word' id='word_1_8' title='bbox 1597 611 1877 691; x_wconf 48' lang='grc' dir='ltr'>θρεπτικὴ</span> <span class='ocrx_word' id='word_1_9' title='bbox 1921 611 2008 667; x_wconf 86' lang='grc' dir='ltr'>καὶ</span> 
     </span>
    </p>
   </div>
   <div class='ocr_carea' id='block_1_3' title="bbox 353 701 2005 782">
    <p class='ocr_par' dir='ltr' id='par_1_3' title="bbox 353 701 2005 782">
     <span class='ocr_line' id='line_1_3' title="bbox 353 701 2005 782; baseline -0.007 -16"><span class='ocrx_word' id='word_1_10' title='bbox 353 708 639 776; x_wconf 68' lang='grc' dir='ltr'>αὒξητικάς</span> <span class='ocrx_word' id='word_1_11' title='bbox 683 706 928 782; x_wconf 82' lang='grc' dir='ltr'>δυνάμεις</span> <span class='ocrx_word' id='word_1_12' title='bbox 990 705 1233 762; x_wconf 79' lang='grc' dir='ltr'>ἀνακινεῖ</span> <span class='ocrx_word' id='word_1_13' title='bbox 1268 721 1284 738; x_wconf 85' lang='grc'>⁶</span> <span class='ocrx_word' id='word_1_14' title='bbox 1318 704 1404 760; x_wconf 82' lang='grc' dir='ltr'>καὶ</span> <span class='ocrx_word' id='word_1_15' title='bbox 1461 701 1738 782; x_wconf 79' lang='grc' dir='ltr'>διακρατεϊ</span> <span class='ocrx_word' id='word_1_16' title='bbox 1783 701 1881 756; x_wconf 82' lang='grc' dir='ltr'><strong>τάσ</strong></span> <span class='ocrx_word' id='word_1_17' title='bbox 1912 701 2005 756; x_wconf 79' lang='grc' dir='ltr'><strong>οὑ-</strong></span> 
     </span>
    </p>
   </div>
   <div class='ocr_carea' id='block_1_4' title="bbox 350 786 2004 874">
    <p class='ocr_par' dir='ltr' id='par_1_4' title="bbox 350 786 2004 874">
     <span class='ocr_line' id='line_1_4' title="bbox 350 786 2004 874; baseline -0.007 -19"><span class='ocrx_word' id='word_1_18' title='bbox 350 797 559 861; x_wconf 87' lang='grc' dir='ltr'>σιώδεις</span> <span class='ocrx_word' id='word_1_19' title='bbox 589 803 694 854; x_wconf 82' lang='grc' dir='ltr'><strong>τῶν</strong></span> <span class='ocrx_word' id='word_1_20' title='bbox 749 794 888 852; x_wconf 73' lang='grc' dir='ltr'>ὅλων</span> <span class='ocrx_word' id='word_1_21' title='bbox 919 795 1190 874; x_wconf 63' lang='grc' dir='ltr'>δυνάμεις,</span> <span class='ocrx_word' id='word_1_22' title='bbox 1233 794 1321 849; x_wconf 84' lang='grc' dir='ltr'>καὶ</span> <span class='ocrx_word' id='word_1_23' title='bbox 1351 795 1452 861; x_wconf 78' lang='grc' dir='ltr'>τὴν</span> <span class='ocrx_word' id='word_1_24' title='bbox 1481 800 1574 850; x_wconf 85' lang='grc' dir='ltr'><strong>τοῦ</strong></span> <span class='ocrx_word' id='word_1_25' title='bbox 1604 792 1803 854; x_wconf 86' lang='grc' dir='ltr'>παντὸς</span> <span class='ocrx_word' id='word_1_26' title='bbox 1850 786 2004 845; x_wconf 81' lang='grc' dir='ltr'>ἀδιά-</span> 
     </span>
    </p>
   </div>
   <div class='ocr_carea' id='block_1_5' title="bbox 351 879 2004 964">
    <p class='ocr_par' dir='ltr' id='par_1_5' title="bbox 351 879 2004 964">
     <span class='ocr_line' id='line_1_5' title="bbox 351 879 2004 964; baseline -0.008 -18"><span class='ocrx_word' id='word_1_27' title='bbox 351 887 505 947; x_wconf 91' lang='grc' dir='ltr'>λυτον</span> <span class='ocrx_word' id='word_1_28' title='bbox 536 889 706 964; x_wconf 83' lang='grc' dir='ltr'>μονὴν</span> <span class='ocrx_word' id='word_1_29' title='bbox 763 884 822 934; x_wconf 65' lang='grc'><strong>49</strong></span> <span class='ocrx_word' id='word_1_30' title='bbox 892 884 1255 964; x_wconf 76' lang='grc' dir='ltr'>ἀσφαλίζεται,</span> <span class='ocrx_word' id='word_1_31' title='bbox 1306 883 1394 940; x_wconf 84' lang='grc' dir='ltr'>καὶ</span> <span class='ocrx_word' id='word_1_32' title='bbox 1450 883 1547 950; x_wconf 82' lang='grc' dir='ltr'><strong>τὴν</strong></span> <span class='ocrx_word' id='word_1_33' title='bbox 1602 881 1790 938; x_wconf 69' lang='grc' dir='ltr'>θέωσιν</span> <span class='ocrx_word' id='word_1_34' title='bbox 1841 879 2004 948; x_wconf 66' lang='grc' dir='ltr'>αὐτήν</span> 
     </span>
    </p>
   </div>
   <div class='ocr_carea' id='block_1_6' title="bbox 351 971 2006 1056">
    <p class='ocr_par' dir='ltr' id='par_1_6' title="bbox 351 971 2006 1056">
     <span class='ocr_line' id='line_1_6' title="bbox 351 971 2006 1056; baseline -0.007 -21"><span class='ocrx_word' id='word_1_35' title='bbox 351 976 624 1056; x_wconf 75' lang='grc' dir='ltr'>δωρεῖται,</span> <span class='ocrx_word' id='word_1_36' title='bbox 685 975 902 1050; x_wconf 74' lang='grc' dir='ltr'>δύναμιν</span> <span class='ocrx_word' id='word_1_37' title='bbox 971 976 1043 1038; x_wconf 77' lang='grc' dir='ltr'><strong>εἰς</strong></span> <span class='ocrx_word' id='word_1_38' title='bbox 1101 976 1258 1031; x_wconf 76' lang='grc' dir='ltr'>τοῦτο</span> <span class='ocrx_word' id='word_1_39' title='bbox 1315 971 1676 1047; x_wconf 80' lang='grc' dir='ltr'>ἐκθεουμὲνοις</span> <span class='ocrx_word' id='word_1_40' title='bbox 1730 971 1793 1020; x_wconf 74' lang='grc'><strong>45</strong></span> <span class='ocrx_word' id='word_1_41' title='bbox 1862 991 2006 1047; x_wconf 84' lang='grc' dir='ltr'>παρ·-</span> 
     </span>
    </p>
   </div>
   <div class='ocr_carea' id='block_1_7' title="bbox 354 1061 2002 1147">
    <p class='ocr_par' dir='ltr' id='par_1_7' title="bbox 354 1061 2002 1147">
     <span class='ocr_line' id='line_1_7' title="bbox 354 1061 2002 1147; baseline -0.009 -22"><span class='ocrx_word' id='word_1_42' title='bbox 354 1070 556 1147; x_wconf 66' lang='grc' dir='ltr'>ἐχουσα</span> <span class='ocrx_word' id='word_1_43' title='bbox 617 1085 630 1100; x_wconf 87' lang='grc'><strong>·</strong></span> <span class='ocrx_word' id='word_1_44' title='bbox 686 1068 774 1123; x_wconf 83' lang='grc' dir='ltr'><strong>καὶ</strong></span> <span class='ocrx_word' id='word_1_45' title='bbox 821 1063 958 1127; x_wconf 81' lang='grc' dir='ltr'>ὅλως</span> <span class='ocrx_word' id='word_1_46' title='bbox 1021 1061 1167 1120; x_wconf 66' lang='grc' dir='ltr'>οῦδὲν</span> <span class='ocrx_word' id='word_1_47' title='bbox 1228 1062 1338 1119; x_wconf 78' lang='grc' dir='ltr'>ἐστι</span> <span class='ocrx_word' id='word_1_48' title='bbox 1389 1062 1622 1120; x_wconf 79' lang='grc' dir='ltr'><strong>καθόλου</strong></span> <span class='ocrx_word' id='word_1_49' title='bbox 1680 1068 1785 1117; x_wconf 82' lang='grc' dir='ltr'>τῶν</span> <span class='ocrx_word' id='word_1_50' title='bbox 1815 1062 2002 1137; x_wconf 83' lang='grc' dir='ltr'>ὅντων,</span> 
     </span>
    </p>
   </div>
   <div class='ocr_carea' id='block_1_8' title="bbox 353 1138 2005 1234">
    <p class='ocr_par' dir='ltr' id='par_1_8' title="bbox 353 1138 2005 1234">
     <span class='ocr_line' id='line_1_8' title="bbox 353 1138 2005 1234; baseline -0.007 -20"><span class='ocrx_word' id='word_1_51' title='bbox 353 1138 452 1225; x_wconf 57' lang='grc' dir='ltr'>τίὶίν</span> <span class='ocrx_word' id='word_1_52' title='bbox 515 1156 938 1234; x_wconf 77' lang='grc' dir='ltr'>παγκρατορικὴν</span> <span class='ocrx_word' id='word_1_53' title='bbox 991 1153 1055 1203; x_wconf 77' lang='grc'><strong>44</strong></span> <span class='ocrx_word' id='word_1_54' title='bbox 1113 1151 1406 1232; x_wconf 75' lang='grc' dir='ltr'>ἀσφάλειαν</span> <span class='ocrx_word' id='word_1_55' title='bbox 1460 1154 1547 1208; x_wconf 79' lang='grc' dir='ltr'><strong>καὶ</strong></span> <span class='ocrx_word' id='word_1_56' title='bbox 1601 1153 1865 1229; x_wconf 80' lang='grc' dir='ltr'>περιοχήν</span> <span class='ocrx_word' id='word_1_57' title='bbox 1907 1147 2005 1215; x_wconf 81' lang='grc' dir='ltr'><strong>τῆς</strong></span> 
     </span>
    </p>
   </div>
   <div class='ocr_carea' id='block_1_9' title="bbox 355 1236 2004 1323">
    <p class='ocr_par' dir='ltr' id='par_1_9' title="bbox 355 1236 2004 1323">
     <span class='ocr_line' id='line_1_9' title="bbox 355 1236 2004 1323; baseline -0.007 -20"><span class='ocrx_word' id='word_1_58' title='bbox 355 1249 494 1311; x_wconf 86' lang='grc' dir='ltr'>θείας</span> <span class='ocrx_word' id='word_1_59' title='bbox 550 1243 821 1321; x_wconf 83' lang='grc' dir='ltr'>δύνάμεως</span> <span class='ocrx_word' id='word_1_60' title='bbox 882 1242 1248 1323; x_wconf 74' lang='grc' dir='ltr'>ἀφῃρημένον.</span> <span class='ocrx_word' id='word_1_61' title='bbox 1303 1244 1374 1301; x_wconf 84' lang='grc' dir='ltr'>Τὸ</span> <span class='ocrx_word' id='word_1_62' title='bbox 1420 1243 1518 1320; x_wconf 83' lang='grc' dir='ltr'><strong>γὰρ</strong></span> <span class='ocrx_word' id='word_1_63' title='bbox 1577 1239 1803 1297; x_wconf 90' lang='grc' dir='ltr'>καθόλου</span> <span class='ocrx_word' id='word_1_64' title='bbox 1835 1236 2004 1305; x_wconf 73' lang='grc' dir='ltr'>μηδε-</span> 
     </span>
    </p>
   </div>
   <div class='ocr_carea' id='block_1_10' title="bbox 355 1327 2005 1413">
    <p class='ocr_par' dir='ltr' id='par_1_10' title="bbox 355 1327 2005 1413">
     <span class='ocr_line' id='line_1_10' title="bbox 355 1327 2005 1413; baseline -0.005 -23"><span class='ocrx_word' id='word_1_65' title='bbox 355 1338 478 1410; x_wconf 85' lang='grc' dir='ltr'>μίαν</span> <span class='ocrx_word' id='word_1_66' title='bbox 511 1333 727 1410; x_wconf 80' lang='grc' dir='ltr'>δύναμιν</span> <span class='ocrx_word' id='word_1_67' title='bbox 757 1333 888 1413; x_wconf 48' lang='grc' dir='ltr'><strong>ἕλον</strong></span> <span class='ocrx_word' id='word_1_68' title='bbox 916 1333 1030 1390; x_wconf 74' lang='grc' dir='ltr'>οὔτε</span> <span class='ocrx_word' id='word_1_69' title='bbox 1059 1331 1218 1406; x_wconf 77' lang='grc' dir='ltr'>ἐστὶν,</span> <span class='ocrx_word' id='word_1_70' title='bbox 1260 1331 1376 1390; x_wconf 72' lang='grc' dir='ltr'>οὔτε</span> <span class='ocrx_word' id='word_1_71' title='bbox 1430 1331 1480 1387; x_wconf 86' lang='grc' dir='ltr'><strong>τί</strong></span> <span class='ocrx_word' id='word_1_72' title='bbox 1532 1332 1696 1400; x_wconf 63' lang='grc' dir='ltr'>ἐστι),</span> <span class='ocrx_word' id='word_1_73' title='bbox 1745 1327 1861 1386; x_wconf 60' lang='grc' dir='ltr'>οὔτε</span> <span class='ocrx_word' id='word_1_74' title='bbox 1897 1327 2005 1384; x_wconf 79' lang='grc' dir='ltr'>ἐστί</span> 
     </span>
    </p>
   </div>
   <div class='ocr_carea' id='block_1_11' title="bbox 352 1422 1104 1492">
    <p class='ocr_par' dir='ltr' id='par_1_11' title="bbox 352 1422 1104 1492">
     <span class='ocr_line' id='line_1_11' title="bbox 352 1422 1104 1492; baseline -0.005 -10"><span class='ocrx_word' id='word_1_75' title='bbox 352 1446 432 1492; x_wconf 90' lang='grc' dir='ltr'><strong>τις</strong></span> <span class='ocrx_word' id='word_1_76' title='bbox 463 1426 616 1484; x_wconf 71' lang='grc' dir='ltr'><strong>αὗτοῦ</strong></span> <span class='ocrx_word' id='word_1_77' title='bbox 645 1425 918 1486; x_wconf 82' lang='grc' dir='ltr'>παντελῶς</span> <span class='ocrx_word' id='word_1_78' title='bbox 942 1422 1104 1486; x_wconf 77' lang='grc' dir='ltr'>θέσις,</span> 
     </span>
    </p>
   </div>
   <div class='ocr_carea' id='block_1_12' title="bbox 1371 379 2729 461">
    <p class='ocr_par' dir='ltr' id='par_1_12' title="bbox 1371 379 2729 461">
     <span class='ocr_line' id='line_1_12' title="bbox 1371 379 2729 461; baseline 0.001 -13"><span class='ocrx_word' id='word_1_79' title='bbox 1371 384 1472 448; x_wconf 86' lang='lat' dir='ltr'><strong>DE</strong></span> <span class='ocrx_word' id='word_1_80' title='bbox 1513 379 1811 446; x_wconf 85' lang='lat' dir='ltr'><strong>DIVINIS</strong></span> <span class='ocrx_word' id='word_1_81' title='bbox 1849 380 2302 461; x_wconf 80' lang='lat' dir='ltr'><strong>NOMINIBUS,</strong></span> <span class='ocrx_word' id='word_1_82' title='bbox 2349 382 2513 446; x_wconf 84' lang='lat' dir='ltr'><strong>CAP.</strong></span> <span class='ocrx_word' id='word_1_83' title='bbox 2562 383 2729 449; x_wconf 89' lang='lat' dir='ltr'><strong>VIII.</strong></span> 
     </span>
    </p>
   </div>
   <div class='ocr_carea' id='block_1_13' title="bbox 360 494 2003 606">
    <p class='ocr_par' dir='ltr' id='par_1_13' title="bbox 360 517 2003 606">
     <span class='ocr_line' id='line_1_13' title="bbox 360 517 2003 606; baseline -0.007 -22"><span class='ocrx_word' id='word_1_84' title='bbox 360 523 652 606; x_wconf 79' lang='grc' dir='ltr'>ἀδιαίρετον</span> <span class='ocrx_word' id='word_1_85' title='bbox 708 522 995 595; x_wconf 76' lang='grc' dir='ltr'><strong>ἀποσώζει,</strong></span> <span class='ocrx_word' id='word_1_86' title='bbox 1056 522 1144 580; x_wconf 78' lang='grc' dir='ltr'>καὶ</span> <span class='ocrx_word' id='word_1_87' title='bbox 1199 520 1298 588; x_wconf 73' lang='grc' dir='ltr'><strong>τὴν</strong></span> <span class='ocrx_word' id='word_1_88' title='bbox 1357 525 1556 602; x_wconf 16' lang='grc' dir='ltr'>,ψυχῆς</span> <span class='ocrx_word' id='word_1_89' title='bbox 1618 521 1704 576; x_wconf 81' lang='grc' dir='ltr'>καὶ</span> <span class='ocrx_word' id='word_1_90' title='bbox 1751 517 2003 595; x_wconf 51' lang='grc' dir='ltr'>σώματος</span> 
     </span>
    </p>
   </div>
   <div class='ocr_carea' id='block_1_14' title="bbox 2090 494 3899 606">
    <p class='ocr_par' dir='ltr' id='par_1_14' title="bbox 2090 514 3899 602">
     <span class='ocr_line' id='line_1_14' title="bbox 2090 514 3899 602; baseline 0.001 -24"><span class='ocrx_word' id='word_1_91' title='bbox 2090 515 2252 588; x_wconf 85' lang='lat' dir='ltr'><strong>inter</strong></span> <span class='ocrx_word' id='word_1_92' title='bbox 2306 533 2370 577; x_wconf 90' lang='lat' dir='ltr'><strong>se</strong></span> <span class='ocrx_word' id='word_1_93' title='bbox 2417 517 2866 594; x_wconf 73' lang='lat' dir='ltr'><strong>congruentiam</strong></span> <span class='ocrx_word' id='word_1_94' title='bbox 2899 526 3076 602; x_wconf 89' lang='lat' dir='ltr'><strong>atque</strong></span> <span class='ocrx_word' id='word_1_95' title='bbox 3129 515 3480 601; x_wconf 71' lang='lat' dir='ltr'><strong>temperiem</strong></span> <span class='ocrx_word' id='word_1_96' title='bbox 3512 515 3726 583; x_wconf 89' lang='lat' dir='ltr'><strong>ineon-</strong></span> <span class='ocrx_word' id='word_1_97' title='bbox 3794 514 3899 598; x_wconf 59' lang='grc' dir='ltr'><strong>’ῤ’</strong></span> 
     </span>
    </p>
   </div>
   <div class='ocr_carea' id='block_1_15' title="bbox 3612 381 3728 450">
    <p class='ocr_par' dir='ltr' id='par_1_15' title="bbox 3612 381 3728 450">
     <span class='ocr_line' id='line_1_15' title="bbox 3612 381 3728 450; baseline 0.026 -3"><span class='ocrx_word' id='word_1_98' title='bbox 3612 381 3728 450; x_wconf 84' lang='grc'><strong>894</strong></span> 
     </span>
    </p>
   </div>
   <div class='ocr_carea' id='block_1_16' title="bbox 2091 607 3728 692">
    <p class='ocr_par' dir='ltr' id='par_1_16' title="bbox 2091 607 3728 692">
     <span class='ocr_line' id='line_1_16' title="bbox 2091 607 3728 692; baseline 0.002 -22"><span class='ocrx_word' id='word_1_99' title='bbox 2091 607 2282 670; x_wconf 85' lang='lat' dir='ltr'><strong>fusam</strong></span> <span class='ocrx_word' id='word_1_100' title='bbox 2308 616 2365 669; x_wconf 91' lang='lat' dir='ltr'><strong>et</strong></span> <span class='ocrx_word' id='word_1_101' title='bbox 2385 607 2696 670; x_wconf 89' lang='lat' dir='ltr'><strong>indivisam</strong></span> <span class='ocrx_word' id='word_1_102' title='bbox 2721 613 3354 692; x_wconf 66' lang='lat' dir='ltr'><strong>servat,atqneanimaa</strong></span> <span class='ocrx_word' id='word_1_103' title='bbox 3376 621 3434 676; x_wconf 92' lang='lat' dir='ltr'><strong>et</strong></span> <span class='ocrx_word' id='word_1_104' title='bbox 3460 612 3728 692; x_wconf 90' lang='lat' dir='ltr'><strong>corporis</strong></span> 
     </span>
    </p>
   </div>
   <div class='ocr_carea' id='block_1_17' title="bbox 2092 697 3723 784">
    <p class='ocr_par' dir='ltr' id='par_1_17' title="bbox 2092 697 3723 784">
     <span class='ocr_line' id='line_1_17' title="bbox 2092 697 3723 784; baseline 0.004 -27"><span class='ocrx_word' id='word_1_105' title='bbox 2092 714 2312 758; x_wconf 82' lang='lat' dir='ltr'><strong>nexum</strong></span> <span class='ocrx_word' id='word_1_106' title='bbox 2346 697 3036 781; x_wconf 89' lang='lat' dir='ltr'><strong>continet,stirpiumque</strong></span> <span class='ocrx_word' id='word_1_107' title='bbox 3057 703 3293 766; x_wconf 79' lang='lat' dir='ltr'><strong>altrices</strong></span> <span class='ocrx_word' id='word_1_108' title='bbox 3314 703 3723 784; x_wconf 89' lang='lat' dir='ltr'><strong>auctricesque</strong></span> 
     </span>
    </p>
   </div>
   <div class='ocr_carea' id='block_1_18' title="bbox 2091 789 3720 865">
    <p class='ocr_par' dir='ltr' id='par_1_18' title="bbox 2091 789 3720 865">
     <span class='ocr_line' id='line_1_18' title="bbox 2091 789 3720 865; baseline 0.005 -19"><span class='ocrx_word' id='word_1_109' title='bbox 2091 790 2248 848; x_wconf 87' lang='lat' dir='ltr'><strong>vires</strong></span> <span class='ocrx_word' id='word_1_110' title='bbox 2270 789 2519 852; x_wconf 80' lang='lat' dir='ltr'><strong>suscitat</strong></span> <span class='ocrx_word' id='word_1_111' title='bbox 2544 808 2559 865; x_wconf 89' lang='lat'><strong>;</strong></span> <span class='ocrx_word' id='word_1_112' title='bbox 2589 809 2696 851; x_wconf 91' lang='lat' dir='ltr'><strong>nec</strong></span> <span class='ocrx_word' id='word_1_113' title='bbox 2720 811 2836 852; x_wconf 94' lang='lat' dir='ltr'><strong>non</strong></span> <span class='ocrx_word' id='word_1_114' title='bbox 2863 793 3209 856; x_wconf 90' lang='lat' dir='ltr'><strong>essentiales</strong></span> <span class='ocrx_word' id='word_1_115' title='bbox 3231 812 3432 856; x_wconf 89' lang='lat' dir='ltr'><strong>rerum</strong></span> <span class='ocrx_word' id='word_1_116' title='bbox 3459 795 3720 855; x_wconf 90' lang='lat' dir='ltr'><strong>omnium</strong></span> 
     </span>
    </p>
   </div>
   <div class='ocr_carea' id='block_1_19' title="bbox 2089 875 3728 944">
    <p class='ocr_par' dir='ltr' id='par_1_19' title="bbox 2089 875 3728 944">
     <span class='ocr_line' id='line_1_19' title="bbox 2089 875 3728 944; baseline 0.004 -7"><span class='ocrx_word' id='word_1_117' title='bbox 2089 875 2394 939; x_wconf 80' lang='lat' dir='ltr'><strong>facultates</strong></span> <span class='ocrx_word' id='word_1_118' title='bbox 2433 889 2493 941; x_wconf 89' lang='lat' dir='ltr'><strong>et</strong></span> <span class='ocrx_word' id='word_1_119' title='bbox 2517 878 2989 942; x_wconf 87' lang='lat' dir='ltr'><strong>indissolubilem</strong></span> <span class='ocrx_word' id='word_1_120' title='bbox 3022 882 3200 943; x_wconf 90' lang='lat' dir='ltr'><strong>totius</strong></span> <span class='ocrx_word' id='word_1_121' title='bbox 3243 882 3502 944; x_wconf 90' lang='lat' dir='ltr'><strong>universi</strong></span> <span class='ocrx_word' id='word_1_122' title='bbox 3533 891 3728 944; x_wconf 85' lang='lat' dir='ltr'><strong>tuetur</strong></span> 
     </span>
    </p>
   </div>
   <div class='ocr_carea' id='block_1_20' title="bbox 2093 967 3725 1052">
    <p class='ocr_par' dir='ltr' id='par_1_20' title="bbox 2093 967 3725 1052">
     <span class='ocr_line' id='line_1_20' title="bbox 2093 967 3725 1052; baseline 0.005 -28"><span class='ocrx_word' id='word_1_123' title='bbox 2093 967 2484 1041; x_wconf 85' lang='lat' dir='ltr'><strong>mansionem,</strong></span> <span class='ocrx_word' id='word_1_124' title='bbox 2517 969 2658 1043; x_wconf 93' lang='lat' dir='ltr'><strong>quin</strong></span> <span class='ocrx_word' id='word_1_125' title='bbox 2713 978 2770 1031; x_wconf 88' lang='lat' dir='ltr'><strong>et</strong></span> <span class='ocrx_word' id='word_1_126' title='bbox 2796 971 2982 1051; x_wconf 82' lang='lat' dir='ltr'><strong>ipsam</strong></span> <span class='ocrx_word' id='word_1_127' title='bbox 3029 991 3266 1052; x_wconf 89' lang='lat' dir='ltr'><strong>quoque</strong></span> <span class='ocrx_word' id='word_1_128' title='bbox 3288 972 3725 1033; x_wconf 81' lang='lat' dir='ltr'><strong>deificationem</strong></span> 
     </span>
    </p>
   </div>
   <div class='ocr_carea' id='block_1_21' title="bbox 2092 1059 3721 1142">
    <p class='ocr_par' dir='ltr' id='par_1_21' title="bbox 2092 1059 3721 1142">
     <span class='ocr_line' id='line_1_21' title="bbox 2092 1059 3721 1142; baseline 0.006 -28"><span class='ocrx_word' id='word_1_129' title='bbox 2092 1064 2419 1134; x_wconf 77' lang='lat' dir='ltr'><strong>praestat,et</strong></span> <span class='ocrx_word' id='word_1_130' title='bbox 2439 1059 2685 1120; x_wconf 85' lang='lat' dir='ltr'><strong>virtutes</strong></span> <span class='ocrx_word' id='word_1_131' title='bbox 2708 1060 2784 1120; x_wconf 92' lang='lat' dir='ltr'><strong>ad</strong></span> <span class='ocrx_word' id='word_1_132' title='bbox 2814 1079 2942 1121; x_wconf 90' lang='lat' dir='ltr'><strong>eam</strong></span> <span class='ocrx_word' id='word_1_133' title='bbox 2978 1061 3294 1142; x_wconf 88' lang='lat' dir='ltr'><strong>requisitas</strong></span> <span class='ocrx_word' id='word_1_134' title='bbox 3324 1061 3396 1122; x_wconf 91' lang='lat' dir='ltr'><strong>iis</strong></span> <span class='ocrx_word' id='word_1_135' title='bbox 3425 1062 3525 1140; x_wconf 85' lang='lat' dir='ltr'><strong>qui</strong></span> <span class='ocrx_word' id='word_1_136' title='bbox 3550 1061 3721 1123; x_wconf 73' lang='lat' dir='ltr'><strong>deifi-</strong></span> 
     </span>
    </p>
   </div>
   <div class='ocr_carea' id='block_1_22' title="bbox 2090 1146 3721 1230">
    <p class='ocr_par' dir='ltr' id='par_1_22' title="bbox 2090 1146 3721 1230">
     <span class='ocr_line' id='line_1_22' title="bbox 2090 1146 3721 1230; baseline 0.003 -23"><span class='ocrx_word' id='word_1_137' title='bbox 2090 1146 2262 1207; x_wconf 85' lang='lat' dir='ltr'><strong>candi</strong></span> <span class='ocrx_word' id='word_1_138' title='bbox 2286 1156 2419 1208; x_wconf 93' lang='lat' dir='ltr'><strong>sunt</strong></span> <span class='ocrx_word' id='word_1_139' title='bbox 2442 1147 2958 1230; x_wconf 66' lang='lat' dir='ltr'><strong>praebet;denique</strong></span> <span class='ocrx_word' id='word_1_140' title='bbox 2981 1151 3125 1213; x_wconf 90' lang='lat' dir='ltr'><strong>nihil</strong></span> <span class='ocrx_word' id='word_1_141' title='bbox 3160 1160 3248 1213; x_wconf 92' lang='lat' dir='ltr'><strong>est</strong></span> <span class='ocrx_word' id='word_1_142' title='bbox 3272 1159 3328 1211; x_wconf 91' lang='lat' dir='ltr'><strong>in</strong></span> <span class='ocrx_word' id='word_1_143' title='bbox 3354 1152 3721 1224; x_wconf 83' lang='lat' dir='ltr'><strong>universum,</strong></span> 
     </span>
    </p>
   </div>
   <div class='ocr_carea' id='block_1_23' title="bbox 2090 1235 3725 1317">
    <p class='ocr_par' dir='ltr' id='par_1_23' title="bbox 2090 1235 3725 1317">
     <span class='ocr_line' id='line_1_23' title="bbox 2090 1235 3725 1317; baseline 0.004 -22"><span class='ocrx_word' id='word_1_144' title='bbox 2090 1235 2252 1310; x_wconf 89' lang='lat' dir='ltr'><strong>quod</strong></span> <span class='ocrx_word' id='word_1_145' title='bbox 2276 1237 2702 1317; x_wconf 80' lang='lat' dir='ltr'><strong>omnipotentis</strong></span> <span class='ocrx_word' id='word_1_146' title='bbox 2728 1240 2906 1301; x_wconf 89' lang='lat' dir='ltr'><strong>tutela</strong></span> <span class='ocrx_word' id='word_1_147' title='bbox 2931 1249 2991 1302; x_wconf 90' lang='lat' dir='ltr'><strong>et</strong></span> <span class='ocrx_word' id='word_1_148' title='bbox 3038 1241 3488 1303; x_wconf 83' lang='lat' dir='ltr'><strong>conversatione</strong></span> <span class='ocrx_word' id='word_1_149' title='bbox 3511 1240 3725 1301; x_wconf 66' lang='lat' dir='ltr'><strong>divinas</strong></span> 
     </span>
    </p>
   </div>
   <div class='ocr_carea' id='block_1_24' title="bbox 2091 1324 3722 1406">
    <p class='ocr_par' dir='ltr' id='par_1_24' title="bbox 2091 1324 3722 1406">
     <span class='ocr_line' id='line_1_24' title="bbox 2091 1324 3722 1406; baseline 0.004 -23"><span class='ocrx_word' id='word_1_150' title='bbox 2091 1324 2367 1403; x_wconf 68' lang='lat' dir='ltr'><strong>potentia:</strong></span> <span class='ocrx_word' id='word_1_151' title='bbox 2399 1327 2686 1406; x_wconf 89' lang='lat' dir='ltr'><strong>privatum</strong></span> <span class='ocrx_word' id='word_1_152' title='bbox 2710 1329 2990 1402; x_wconf 89' lang='lat' dir='ltr'><strong>sit.Quod</strong></span> <span class='ocrx_word' id='word_1_153' title='bbox 3018 1330 3179 1392; x_wconf 89' lang='lat' dir='ltr'><strong>enim</strong></span> <span class='ocrx_word' id='word_1_154' title='bbox 3207 1331 3479 1392; x_wconf 85' lang='lat' dir='ltr'><strong>universe</strong></span> <span class='ocrx_word' id='word_1_155' title='bbox 3503 1329 3722 1392; x_wconf 90' lang='lat' dir='ltr'><strong>nullam</strong></span> 
     </span>
    </p>
   </div>
   <div class='ocr_carea' id='block_1_25' title="bbox 2089 1412 3722 1503">
    <p class='ocr_par' dir='ltr' id='par_1_25' title="bbox 2089 1412 3722 1503">
     <span class='ocr_line' id='line_1_25' title="bbox 2089 1412 3722 1503; baseline 0.006 -30"><span class='ocrx_word' id='word_1_156' title='bbox 2089 1412 2266 1475; x_wconf 89' lang='lat' dir='ltr'><strong>habet</strong></span> <span class='ocrx_word' id='word_1_157' title='bbox 2295 1423 2668 1497; x_wconf 87' lang='lat' dir='ltr'><strong>potestatem,</strong></span> <span class='ocrx_word' id='word_1_158' title='bbox 2703 1437 2813 1480; x_wconf 92' lang='lat' dir='ltr'><strong>nec</strong></span> <span class='ocrx_word' id='word_1_159' title='bbox 2847 1428 2954 1492; x_wconf 90' lang='lat' dir='ltr'><strong>est,</strong></span> <span class='ocrx_word' id='word_1_160' title='bbox 2993 1439 3100 1482; x_wconf 88' lang='lat' dir='ltr'><strong>nec</strong></span> <span class='ocrx_word' id='word_1_161' title='bbox 3132 1422 3458 1503; x_wconf 82' lang='lat' dir='ltr'><strong>quidquam</strong></span> <span class='ocrx_word' id='word_1_162' title='bbox 3491 1431 3722 1503; x_wconf 82' lang='lat' dir='ltr'><strong>est,nec</strong></span> 
     </span>
    </p>
   </div>
   <div class='ocr_carea' id='block_1_26' title="bbox 2088 1504 3045 1589">
    <p class='ocr_par' dir='ltr' id='par_1_26' title="bbox 2088 1504 3045 1589">
     <span class='ocr_line' id='line_1_26' title="bbox 2088 1504 3045 1589; baseline 0.007 -24"><span class='ocrx_word' id='word_1_163' title='bbox 2088 1513 2180 1565; x_wconf 89' lang='lat' dir='ltr'><strong>est</strong></span> <span class='ocrx_word' id='word_1_164' title='bbox 2222 1504 2489 1568; x_wconf 90' lang='lat' dir='ltr'><strong>funditus</strong></span> <span class='ocrx_word' id='word_1_165' title='bbox 2521 1507 2679 1569; x_wconf 91' lang='lat' dir='ltr'><strong>ullus</strong></span> <span class='ocrx_word' id='word_1_166' title='bbox 2711 1510 2841 1589; x_wconf 84' lang='lat' dir='ltr'><strong>ejus</strong></span> <span class='ocrx_word' id='word_1_167' title='bbox 2877 1510 3045 1574; x_wconf 90' lang='lat' dir='ltr'><strong>situs.</strong></span> 
     </span>
    </p>
   </div>
   <div class='ocr_carea' id='block_1_27' title="bbox 1941 1667 2127 1747">
    <p class='ocr_par' dir='ltr' id='par_1_27' title="bbox 1941 1667 2127 1747">
     <span class='ocr_line' id='line_1_27' title="bbox 1941 1667 2127 1747; baseline 0.011 -19"><span class='ocrx_word' id='word_1_168' title='bbox 1941 1667 1971 1747; x_wconf 66' lang='grc' dir='ltr'><strong>ς</strong></span> <span class='ocrx_word' id='word_1_169' title='bbox 2023 1667 2127 1730; x_wconf 86' lang='lat' dir='ltr'><strong>v1.</strong></span> 
     </span>
    </p>
   </div>
   <div class='ocr_carea' id='block_1_28' title="bbox 436 1829 2003 1916">
    <p class='ocr_par' dir='ltr' id='par_1_28' title="bbox 436 1831 2003 1916">
     <span class='ocr_line' id='line_1_28' title="bbox 436 1831 2003 1916; baseline -0.004 -19"><span class='ocrx_word' id='word_1_170' title='bbox 436 1841 617 1898; x_wconf 81' lang='grc' dir='ltr'>Καίτοι</span> <span class='ocrx_word' id='word_1_171' title='bbox 659 1837 820 1916; x_wconf 59' lang='grc' dir='ltr'>φησὶν</span> <span class='ocrx_word' id='word_1_172' title='bbox 878 1834 1110 1910; x_wconf 79' lang='grc' dir='ltr'>Ἐλύμας</span> <span class='ocrx_word' id='word_1_173' title='bbox 1155 1837 1182 1892; x_wconf 99' lang='lat'><strong>6</strong></span> <span class='ocrx_word' id='word_1_174' title='bbox 1242 1835 1435 1913; x_wconf 82' lang='grc' dir='ltr'>μάγος·</span> <span class='ocrx_word' id='word_1_175' title='bbox 1498 1837 1554 1894; x_wconf 83' lang='grc' dir='ltr'><strong>Εἰ</strong></span> <span class='ocrx_word' id='word_1_176' title='bbox 1611 1831 2003 1910; x_wconf 77' lang='grc' dir='ltr'>παντδδύναμός</span> 
     </span>
    </p>
   </div>
   <div class='ocr_carea' id='block_1_29' title="bbox 2090 1829 3169 1916">
    <p class='ocr_par' dir='ltr' id='par_1_29' title="bbox 2171 1829 3169 1916">
     <span class='ocr_line' id='line_1_29' title="bbox 2171 1829 3169 1916; baseline 0.004 -24"><span class='ocrx_word' id='word_1_177' title='bbox 2171 1829 2373 1912; x_wconf 87' lang='lat' dir='ltr'><strong>Atqui,</strong></span> <span class='ocrx_word' id='word_1_178' title='bbox 2406 1832 2599 1913; x_wconf 87' lang='lat' dir='ltr'><strong>inquit</strong></span> <span class='ocrx_word' id='word_1_179' title='bbox 2627 1831 2859 1916; x_wconf 76' lang='lat' dir='ltr'><strong>Elymas</strong></span> <span class='ocrx_word' id='word_1_180' title='bbox 2889 1852 3099 1915; x_wconf 79' lang='lat' dir='ltr'><strong>magns</strong></span> <span class='ocrx_word' id='word_1_181' title='bbox 3155 1854 3169 1896; x_wconf 90' lang='lat'><strong>:</strong></span> 
     </span>
    </p>
   </div>
   <div class='ocr_carea' id='block_1_30' title="bbox 354 1922 2006 2006">
    <p class='ocr_par' dir='ltr' id='par_1_30' title="bbox 354 1922 2006 2006">
     <span class='ocr_line' id='line_1_30' title="bbox 354 1922 2006 2006; baseline -0.003 -23"><span class='ocrx_word' id='word_1_182' title='bbox 354 1927 495 1985; x_wconf 74' lang='grc' dir='ltr'>ἔστιν</span> <span class='ocrx_word' id='word_1_183' title='bbox 524 1931 552 1985; x_wconf 91' lang='lat'><strong>6</strong></span> <span class='ocrx_word' id='word_1_184' title='bbox 585 1929 738 2006; x_wconf 86' lang='grc' dir='ltr'>Θεὸς,</span> <span class='ocrx_word' id='word_1_185' title='bbox 785 1932 899 1988; x_wconf 82' lang='grc' dir='ltr'>πῶς</span> <span class='ocrx_word' id='word_1_186' title='bbox 945 1925 1159 2002; x_wconf 77' lang='grc' dir='ltr'>λέγεται</span> <span class='ocrx_word' id='word_1_187' title='bbox 1217 1949 1266 1982; x_wconf 85' lang='grc' dir='ltr'><strong>τι</strong></span> <span class='ocrx_word' id='word_1_188' title='bbox 1313 1927 1390 2000; x_wconf 79' lang='grc' dir='ltr'>μὴ</span> <span class='ocrx_word' id='word_1_189' title='bbox 1451 1922 1692 1982; x_wconf 77' lang='grc' dir='ltr'>δύνασθαι</span> <span class='ocrx_word' id='word_1_190' title='bbox 1751 1925 1882 2003; x_wconf 88' lang='grc' dir='ltr'>πρὸς</span> <span class='ocrx_word' id='word_1_191' title='bbox 1915 1929 2006 1978; x_wconf 79' lang='grc' dir='ltr'>τοῦ</span> 
     </span>
    </p>
   </div>
   <div class='ocr_carea' id='block_1_31' title="bbox 351 2007 2008 2093">
    <p class='ocr_par' dir='ltr' id='par_1_31' title="bbox 351 2007 2008 2093">
     <span class='ocr_line' id='line_1_31' title="bbox 351 2007 2008 2093; baseline -0.004 -19"><span class='ocrx_word' id='word_1_192' title='bbox 351 2007 470 2074; x_wconf 67' lang='grc' dir='ltr'>καθ’</span> <span class='ocrx_word' id='word_1_193' title='bbox 498 2018 632 2091; x_wconf 81' lang='grc' dir='ltr'>ὑμᾶς</span> <span class='ocrx_word' id='word_1_194' title='bbox 676 2013 926 2093; x_wconf 74' lang='grc' dir='ltr'>θεολόγον</span> <span class='ocrx_word' id='word_1_195' title='bbox 961 2032 976 2090; x_wconf 86' lang='grc'><strong>;</strong></span> <span class='ocrx_word' id='word_1_196' title='bbox 1013 2012 1342 2090; x_wconf 82' lang='grc' dir='ltr'>Λοιδορεῖται</span> <span class='ocrx_word' id='word_1_197' title='bbox 1400 2012 1454 2069; x_wconf 76' lang='grc' dir='ltr'><strong>δὲ</strong></span> <span class='ocrx_word' id='word_1_198' title='bbox 1510 2021 1586 2086; x_wconf 83' lang='grc' dir='ltr'>τῷ</span> <span class='ocrx_word' id='word_1_199' title='bbox 1635 2015 1758 2086; x_wconf 86' lang='grc' dir='ltr'>θείῳ</span> <span class='ocrx_word' id='word_1_200' title='bbox 1818 2010 2008 2084; x_wconf 83' lang='grc' dir='ltr'>Παύλῳ</span> 
     </span>
    </p>
   </div>
   <div class='ocr_carea' id='block_1_32' title="bbox 352 2103 2002 2187">
    <p class='ocr_par' dir='ltr' id='par_1_32' title="bbox 352 2103 2002 2187">
     <span class='ocr_line' id='line_1_32' title="bbox 352 2103 2002 2187; baseline -0.004 -23"><span class='ocrx_word' id='word_1_201' title='bbox 352 2107 602 2187; x_wconf 78' lang='grc' dir='ltr'>φήσαντι,</span> <span class='ocrx_word' id='word_1_202' title='bbox 663 2111 739 2181; x_wconf 72' lang='grc' dir='ltr'>μὴ</span> <span class='ocrx_word' id='word_1_203' title='bbox 798 2103 1037 2161; x_wconf 81' lang='grc' dir='ltr'>δύνασθαι</span> <span class='ocrx_word' id='word_1_204' title='bbox 1102 2107 1191 2161; x_wconf 93' lang='grc' dir='ltr'><strong>τὸν</strong></span> <span class='ocrx_word' id='word_1_205' title='bbox 1236 2107 1365 2161; x_wconf 88' lang='grc' dir='ltr'>Θεὸν</span> <span class='ocrx_word' id='word_1_206' title='bbox 1426 2106 1612 2160; x_wconf 77' lang='grc' dir='ltr'>ἑαυτὸν</span> <span class='ocrx_word' id='word_1_207' title='bbox 1656 2103 2002 2182; x_wconf 69' lang='grc' dir='ltr'>ἀρνήσασθαι,</span> 
     </span>
    </p>
   </div>
   <div class='ocr_carea' id='block_1_33' title="bbox 355 2193 2004 2275">
    <p class='ocr_par' dir='ltr' id='par_1_33' title="bbox 355 2193 2004 2275">
     <span class='ocr_line' id='line_1_33' title="bbox 521 2193 1930 2226; baseline -0.004 -11"><span class='ocrx_word' id='word_1_208' title='bbox 521 2198 535 2218; x_wconf 75' lang='lat'><strong>‘</strong></span> <span class='ocrx_word' id='word_1_209' title='bbox 707 2194 747 2214; x_wconf 51' lang='grc' dir='ltr'>ινιτ</span> <span class='ocrx_word' id='word_1_210' title='bbox 851 2198 876 2207; x_wconf 66' lang='grc' dir='ltr'>ν</span> <span class='ocrx_word' id='word_1_211' title='bbox 1037 2197 1047 2216; x_wconf 70' lang='grc' dir='ltr'><em>Ι</em></span> <span class='ocrx_word' id='word_1_212' title='bbox 1187 2194 1225 2215; x_wconf 69' lang='grc' dir='ltr'><strong>ΙΊ</strong></span> <span class='ocrx_word' id='word_1_213' title='bbox 1315 2194 1374 2211; x_wconf 59' lang='grc' dir='ltr'>εκ...</span> <span class='ocrx_word' id='word_1_214' title='bbox 1503 2194 1514 2211; x_wconf 75' lang='lat'><strong><em>\</em></strong></span> <span class='ocrx_word' id='word_1_215' title='bbox 1646 2196 1660 2214; x_wconf 58' lang='grc' dir='ltr'><strong>ς</strong></span> <span class='ocrx_word' id='word_1_216' title='bbox 1703 2195 1716 2213; x_wconf 69' lang='grc'>9</span> <span class='ocrx_word' id='word_1_217' title='bbox 1797 2194 1808 2216; x_wconf 64' lang='grc' dir='ltr'><em>ν</em></span> <span class='ocrx_word' id='word_1_218' title='bbox 1856 2217 1870 2226; x_wconf 62' lang='grc'><strong>⁸</strong></span> <span class='ocrx_word' id='word_1_219' title='bbox 1919 2193 1930 2211; x_wconf 71' lang='grc' dir='ltr'><strong>ν</strong></span> 
     </span>
     <span class='ocr_line' id='line_1_34' title="bbox 355 2194 2004 2275; baseline -0.005 -21"><span class='ocrx_word' id='word_1_220' title='bbox 355 2200 568 2275; x_wconf 86' lang='grc' dir='ltr'>Προθεις</span> <span class='ocrx_word' id='word_1_221' title='bbox 598 2196 660 2247; x_wconf 67' lang='grc'><strong>45</strong></span> <span class='ocrx_word' id='word_1_222' title='bbox 699 2213 754 2252; x_wconf 87' lang='grc' dir='ltr'>οε</span> <span class='ocrx_word' id='word_1_223' title='bbox 785 2217 962 2274; x_wconf 87' lang='grc' dir='ltr'>τουτο,</span> <span class='ocrx_word' id='word_1_224' title='bbox 996 2194 1112 2251; x_wconf 85' lang='grc' dir='ltr'>λιαν</span> <span class='ocrx_word' id='word_1_225' title='bbox 1170 2194 1383 2273; x_wconf 72' lang='grc' dir='ltr'>ορρωοω</span> <span class='ocrx_word' id='word_1_226' title='bbox 1453 2218 1532 2269; x_wconf 87' lang='grc' dir='ltr'><strong>μη</strong></span> <span class='ocrx_word' id='word_1_227' title='bbox 1577 2217 1663 2251; x_wconf 88' lang='grc' dir='ltr'><strong>και</strong></span> <span class='ocrx_word' id='word_1_228' title='bbox 1694 2216 1868 2255; x_wconf 63' lang='grc' dir='ltr'>ανοιας</span> <span class='ocrx_word' id='word_1_229' title='bbox 1905 2215 2004 2269; x_wconf 77' lang='grc' dir='ltr'><strong>οφ-</strong></span> 
     </span>
    </p>
   </div>
   <div class='ocr_carea' id='block_1_34' title="bbox 353 2283 2006 2364">
    <p class='ocr_par' dir='ltr' id='par_1_34' title="bbox 353 2283 2006 2364">
     <span class='ocr_line' id='line_1_35' title="bbox 353 2283 2006 2364; baseline -0.004 -21"><span class='ocrx_word' id='word_1_230' title='bbox 353 2285 505 2357; x_wconf 76' lang='grc' dir='ltr'>λήσω</span> <span class='ocrx_word' id='word_1_231' title='bbox 561 2285 794 2364; x_wconf 80' lang='grc' dir='ltr'>γέλωτα,</span> <span class='ocrx_word' id='word_1_232' title='bbox 840 2283 1037 2340; x_wconf 83' lang='grc' dir='ltr'>παίδων</span> <span class='ocrx_word' id='word_1_233' title='bbox 1104 2283 1396 2362; x_wconf 78' lang='grc' dir='ltr'>ἀθυρόντων</span> <span class='ocrx_word' id='word_1_234' title='bbox 1462 2283 1864 2359; x_wconf 75' lang='grc' dir='ltr'><strong>οἰκοδομήματα</strong></span> <span class='ocrx_word' id='word_1_235' title='bbox 1920 2283 2006 2337; x_wconf 86' lang='grc' dir='ltr'><strong>καὶ</strong></span> 
     </span>
    </p>
   </div>
   <div class='ocr_carea' id='block_1_35' title="bbox 354 2371 2007 2452">
    <p class='ocr_par' dir='ltr' id='par_1_35' title="bbox 354 2371 2007 2452">
     <span class='ocr_line' id='line_1_36' title="bbox 354 2371 2007 2452; baseline -0.002 -20"><span class='ocrx_word' id='word_1_236' title='bbox 354 2376 438 2433; x_wconf 69' lang='grc' dir='ltr'><strong>ἐπὶ</strong></span> <span class='ocrx_word' id='word_1_237' title='bbox 472 2375 695 2452; x_wconf 74' lang='grc' dir='ltr'>ψάμμου</span> <span class='ocrx_word' id='word_1_238' title='bbox 727 2376 813 2431; x_wconf 86' lang='grc' dir='ltr'>καὶ</span> <span class='ocrx_word' id='word_1_239' title='bbox 843 2375 1038 2441; x_wconf 80' lang='grc' dir='ltr'>ἀσθενῆ</span> <span class='ocrx_word' id='word_1_240' title='bbox 1084 2372 1364 2430; x_wconf 81' lang='grc' dir='ltr'>καταλύειν</span> <span class='ocrx_word' id='word_1_241' title='bbox 1422 2372 1483 2422; x_wconf 69' lang='grc'><strong>46</strong></span> <span class='ocrx_word' id='word_1_242' title='bbox 1551 2375 1865 2452; x_wconf 78' lang='grc' dir='ltr'><strong>ἐπιχειρῶν,</strong></span> <span class='ocrx_word' id='word_1_243' title='bbox 1921 2371 2007 2429; x_wconf 84' lang='grc' dir='ltr'><strong>καὶ</strong></span> 
     </span>
    </p>
   </div>
   <div class='ocr_carea' id='block_1_36' title="bbox 352 2465 2008 2546">
    <p class='ocr_par' dir='ltr' id='par_1_36' title="bbox 352 2465 2008 2546">
     <span class='ocr_line' id='line_1_37' title="bbox 352 2465 2008 2546; baseline -0.002 -24"><span class='ocrx_word' id='word_1_244' title='bbox 352 2467 530 2546; x_wconf 77' lang='grc' dir='ltr'>ὣσπερ</span> <span class='ocrx_word' id='word_1_245' title='bbox 600 2473 741 2529; x_wconf 83' lang='grc' dir='ltr'>τινος</span> <span class='ocrx_word' id='word_1_246' title='bbox 851 2465 1132 2543; x_wconf 69' lang='grc' dir='ltr'>ἀνεφίκτοῦ</span> <span class='ocrx_word' id='word_1_247' title='bbox 1217 2472 1417 2520; x_wconf 84' lang='grc' dir='ltr'>σκοποῦ</span> <span class='ocrx_word' id='word_1_248' title='bbox 1509 2465 2008 2541; x_wconf 76' lang='grc' dir='ltr'>καταστοχάζεσθαι</span> 
     </span>
    </p>
   </div>
   <div class='ocr_carea' id='block_1_37' title="bbox 350 2552 2002 2632">
    <p class='ocr_par' dir='ltr' id='par_1_37' title="bbox 350 2552 2002 2632">
     <span class='ocr_line' id='line_1_38' title="bbox 350 2552 2002 2632; baseline -0.002 -21"><span class='ocrx_word' id='word_1_249' title='bbox 350 2554 586 2613; x_wconf 77' lang='grc' dir='ltr'><strong>σπεύδων</strong></span> <span class='ocrx_word' id='word_1_250' title='bbox 635 2561 731 2631; x_wconf 74' lang='grc' dir='ltr'><strong>τῇς</strong></span> <span class='ocrx_word' id='word_1_251' title='bbox 780 2554 896 2632; x_wconf 84' lang='grc' dir='ltr'>περὶ</span> <span class='ocrx_word' id='word_1_252' title='bbox 950 2555 1136 2610; x_wconf 77' lang='grc' dir='ltr'>τούτου</span> <span class='ocrx_word' id='word_1_253' title='bbox 1168 2552 1502 2631; x_wconf 72' lang='grc' dir='ltr'>’θεολογικῆς</span> <span class='ocrx_word' id='word_1_254' title='bbox 1526 2553 1800 2624; x_wconf 29' lang='grc' dir='ltr'>,διανοίαςο</span> <span class='ocrx_word' id='word_1_255' title='bbox 1839 2554 1870 2620; x_wconf 78' lang='grc' dir='ltr'>ἡ</span> <span class='ocrx_word' id='word_1_256' title='bbox 1903 2555 2002 2631; x_wconf 79' lang='grc' dir='ltr'>γὰρ</span> 
     </span>
    </p>
   </div>
   <div class='ocr_carea' id='block_1_38' title="bbox 352 2642 2001 2725">
    <p class='ocr_par' dir='ltr' id='par_1_38' title="bbox 352 2642 2001 2725">
     <span class='ocr_line' id='line_1_39' title="bbox 352 2642 2001 2725; baseline -0.002 -23"><span class='ocrx_word' id='word_1_257' title='bbox 352 2647 540 2705; x_wconf 74' lang='grc' dir='ltr'>ἑαυτοῦ</span> <span class='ocrx_word' id='word_1_258' title='bbox 591 2644 807 2725; x_wconf 77' lang='grc' dir='ltr'>ἄρνησις</span> <span class='ocrx_word' id='word_1_259' title='bbox 867 2643 1131 2708; x_wconf 76' lang='grc' dir='ltr'><strong>ἔκπτωσις</strong></span> <span class='ocrx_word' id='word_1_260' title='bbox 1187 2642 1433 2710; x_wconf 74' lang='grc' dir='ltr'>ἀληθείας</span> <span class='ocrx_word' id='word_1_261' title='bbox 1478 2643 1619 2699; x_wconf 79' lang='grc' dir='ltr'>ἐστίν</span> <span class='ocrx_word' id='word_1_262' title='bbox 1659 2661 1671 2672; x_wconf 94' lang='grc'><strong>·</strong></span> <span class='ocrx_word' id='word_1_263' title='bbox 1715 2645 1748 2711; x_wconf 71' lang='grc' dir='ltr'>ἡ</span> <span class='ocrx_word' id='word_1_264' title='bbox 1775 2643 1828 2698; x_wconf 76' lang='grc' dir='ltr'><strong>δὲ</strong></span> <span class='ocrx_word' id='word_1_265' title='bbox 1860 2642 2001 2711; x_wconf 72' lang='grc' dir='ltr'>ἀλή-</span> 
     </span>
    </p>
   </div>
   <div class='ocr_carea' id='block_1_39' title="bbox 346 2731 2000 2806">
    <p class='ocr_par' dir='ltr' id='par_1_39' title="bbox 346 2731 2000 2806">
     <span class='ocr_line' id='line_1_40' title="bbox 346 2731 2000 2806; baseline -0.002 -12"><span class='ocrx_word' id='word_1_266' title='bbox 346 2740 459 2794; x_wconf 86' lang='grc' dir='ltr'>θεια</span> <span class='ocrx_word' id='word_1_267' title='bbox 491 2737 548 2790; x_wconf 85' lang='grc' dir='ltr'>ὃν</span> <span class='ocrx_word' id='word_1_268' title='bbox 581 2734 711 2806; x_wconf 76' lang='grc' dir='ltr'>ἐστι,</span> <span class='ocrx_word' id='word_1_269' title='bbox 774 2735 860 2790; x_wconf 76' lang='grc' dir='ltr'><strong>καὶ</strong></span> <span class='ocrx_word' id='word_1_270' title='bbox 893 2734 926 2800; x_wconf 71' lang='grc' dir='ltr'><strong>ἦ</strong></span> <span class='ocrx_word' id='word_1_271' title='bbox 986 2739 1084 2801; x_wconf 79' lang='grc' dir='ltr'>τῆς</span> <span class='ocrx_word' id='word_1_272' title='bbox 1119 2732 1365 2800; x_wconf 72' lang='grc' dir='ltr'><strong>ἀληθείας</strong></span> <span class='ocrx_word' id='word_1_273' title='bbox 1412 2731 1682 2798; x_wconf 74' lang='grc' dir='ltr'><strong>ἔκπτωσις</strong></span> <span class='ocrx_word' id='word_1_274' title='bbox 1729 2739 1820 2790; x_wconf 85' lang='grc' dir='ltr'><strong>τοῦ</strong></span> <span class='ocrx_word' id='word_1_275' title='bbox 1851 2732 2000 2796; x_wconf 73' lang='grc' dir='ltr'>ὄντος</span> 
     </span>
    </p>
   </div>
   <div class='ocr_carea' id='block_1_40' title="bbox 347 2821 2000 2904">
    <p class='ocr_par' dir='ltr' id='par_1_40' title="bbox 347 2821 2000 2904">
     <span class='ocr_line' id='line_1_41' title="bbox 347 2821 2000 2904; baseline -0.002 -21"><span class='ocrx_word' id='word_1_276' title='bbox 347 2826 636 2888; x_wconf 79' lang='grc' dir='ltr'>ἔκπτωσις,</span> <span class='ocrx_word' id='word_1_277' title='bbox 676 2825 730 2883; x_wconf 86' lang='grc' dir='ltr'>Εἰ</span> <span class='ocrx_word' id='word_1_278' title='bbox 780 2825 948 2880; x_wconf 59' lang='grc' dir='ltr'>τοίνυν</span> <span class='ocrx_word' id='word_1_279' title='bbox 979 2825 1012 2891; x_wconf 77' lang='grc' dir='ltr'>ἡ</span> <span class='ocrx_word' id='word_1_280' title='bbox 1045 2822 1264 2889; x_wconf 70' lang='grc' dir='ltr'>ἀλήθεια</span> <span class='ocrx_word' id='word_1_281' title='bbox 1316 2823 1372 2878; x_wconf 72' lang='grc' dir='ltr'>ἄν</span> <span class='ocrx_word' id='word_1_282' title='bbox 1403 2823 1567 2904; x_wconf 79' lang='grc' dir='ltr'>ἐστιν,</span> <span class='ocrx_word' id='word_1_283' title='bbox 1598 2825 1632 2891; x_wconf 75' lang='grc' dir='ltr'><strong>ἡ</strong></span> <span class='ocrx_word' id='word_1_284' title='bbox 1674 2821 1728 2878; x_wconf 79' lang='grc' dir='ltr'><strong>δὲ</strong></span> <span class='ocrx_word' id='word_1_285' title='bbox 1783 2823 2000 2903; x_wconf 73' lang='grc' dir='ltr'>ἀρνήσις</span> 
     </span>
    </p>
   </div>
   <div class='ocr_carea' id='block_1_41' title="bbox 344 2912 2000 2987">
    <p class='ocr_par' dir='ltr' id='par_1_41' title="bbox 344 2912 2000 2987">
     <span class='ocr_line' id='line_1_42' title="bbox 344 2912 2000 2987; baseline -0.002 -14"><span class='ocrx_word' id='word_1_286' title='bbox 344 2917 442 2984; x_wconf 79' lang='grc' dir='ltr'>τῆς</span> <span class='ocrx_word' id='word_1_287' title='bbox 471 2916 717 2986; x_wconf 70' lang='grc' dir='ltr'>ἀλήθείας</span> <span class='ocrx_word' id='word_1_288' title='bbox 762 2921 852 2971; x_wconf 77' lang='grc' dir='ltr'><strong>τοῦ</strong></span> <span class='ocrx_word' id='word_1_289' title='bbox 895 2914 1045 2976; x_wconf 75' lang='grc' dir='ltr'>ὄντος</span> <span class='ocrx_word' id='word_1_290' title='bbox 1098 2912 1386 2987; x_wconf 76' lang='grc' dir='ltr'>ἔκπτωσις,</span> <span class='ocrx_word' id='word_1_291' title='bbox 1448 2914 1509 2970; x_wconf 82' lang='grc' dir='ltr'>ἐκ</span> <span class='ocrx_word' id='word_1_292' title='bbox 1550 2920 1643 2970; x_wconf 79' lang='grc' dir='ltr'><strong>τοῦ</strong></span> <span class='ocrx_word' id='word_1_293' title='bbox 1697 2914 1846 2977; x_wconf 85' lang='grc' dir='ltr'>ὃντος</span> <span class='ocrx_word' id='word_1_294' title='bbox 1906 2914 2000 2970; x_wconf 81' lang='grc' dir='ltr'><strong>ἐκ-</strong></span> 
     </span>
    </p>
   </div>
   <div class='ocr_carea' id='block_1_42' title="bbox 348 3002 1999 3082">
    <p class='ocr_par' dir='ltr' id='par_1_42' title="bbox 348 3002 1999 3082">
     <span class='ocr_line' id='line_1_43' title="bbox 348 3002 1999 3082; baseline -0.003 -18"><span class='ocrx_word' id='word_1_295' title='bbox 348 3020 532 3064; x_wconf 77' lang='grc' dir='ltr'>πεσεῖν</span> <span class='ocrx_word' id='word_1_296' title='bbox 572 3009 598 3062; x_wconf 91' lang='lat'><strong>6</strong></span> <span class='ocrx_word' id='word_1_297' title='bbox 631 3007 758 3067; x_wconf 91' lang='grc' dir='ltr'>Θεὸς</span> <span class='ocrx_word' id='word_1_298' title='bbox 793 3006 851 3060; x_wconf 72' lang='grc' dir='ltr'>οὗ</span> <span class='ocrx_word' id='word_1_299' title='bbox 899 3002 1134 3082; x_wconf 74' lang='grc' dir='ltr'>δύναται,</span> <span class='ocrx_word' id='word_1_300' title='bbox 1170 3005 1257 3059; x_wconf 86' lang='grc' dir='ltr'><strong>καὶ</strong></span> <span class='ocrx_word' id='word_1_301' title='bbox 1289 3005 1348 3060; x_wconf 88' lang='grc' dir='ltr'><strong>τὸ</strong></span> <span class='ocrx_word' id='word_1_302' title='bbox 1379 3003 1456 3079; x_wconf 72' lang='grc' dir='ltr'>μὴ</span> <span class='ocrx_word' id='word_1_303' title='bbox 1516 3018 1655 3059; x_wconf 73' lang='grc' dir='ltr'>εἶναι</span> <span class='ocrx_word' id='word_1_304' title='bbox 1709 3003 1804 3059; x_wconf 68' lang='grc' dir='ltr'>οὒκ</span> <span class='ocrx_word' id='word_1_305' title='bbox 1836 3003 1999 3082; x_wconf 71' lang='grc' dir='ltr'>ἔστιν,</span> 
     </span>
    </p>
   </div>
   <div class='ocr_carea' id='block_1_43' title="bbox 343 3091 2000 3174">
    <p class='ocr_par' dir='ltr' id='par_1_43' title="bbox 343 3091 2000 3174">
     <span class='ocr_line' id='line_1_44' title="bbox 343 3091 2000 3174; baseline -0.002 -20"><span class='ocrx_word' id='word_1_306' title='bbox 343 3097 419 3162; x_wconf 84' lang='grc' dir='ltr'><strong>ὡς</strong></span> <span class='ocrx_word' id='word_1_307' title='bbox 472 3095 534 3151; x_wconf 82' lang='grc' dir='ltr'>όίν</span> <span class='ocrx_word' id='word_1_308' title='bbox 590 3117 670 3158; x_wconf 90' lang='grc' dir='ltr'><strong>τις</strong></span> <span class='ocrx_word' id='word_1_309' title='bbox 729 3095 882 3174; x_wconf 74' lang='grc' dir='ltr'>φαίη,</span> <span class='ocrx_word' id='word_1_310' title='bbox 938 3095 996 3148; x_wconf 83' lang='grc' dir='ltr'><strong>τὸ</strong></span> <span class='ocrx_word' id='word_1_311' title='bbox 1058 3091 1404 3168; x_wconf 71' lang='grc' dir='ltr'>μὴδύνασθαι</span> <span class='ocrx_word' id='word_1_312' title='bbox 1457 3096 1517 3150; x_wconf 75' lang='grc' dir='ltr'>οὗ</span> <span class='ocrx_word' id='word_1_313' title='bbox 1544 3091 1780 3167; x_wconf 62' lang='grc' dir='ltr'>δ’ὂναται,</span> <span class='ocrx_word' id='word_1_314' title='bbox 1822 3096 1909 3150; x_wconf 80' lang='grc' dir='ltr'><strong>καὶ</strong></span> <span class='ocrx_word' id='word_1_315' title='bbox 1941 3095 2000 3150; x_wconf 84' lang='grc' dir='ltr'><strong>τὸ</strong></span> 
     </span>
    </p>
   </div>
   <div class='ocr_carea' id='block_1_44' title="bbox 3230 1836 3725 1917">
    <p class='ocr_par' dir='ltr' id='par_1_44' title="bbox 3230 1836 3725 1917">
     <span class='ocr_line' id='line_1_45' title="bbox 3230 1836 3725 1917; baseline 0.004 -18"><span class='ocrx_word' id='word_1_316' title='bbox 3230 1836 3293 1899; x_wconf 92' lang='lat' dir='ltr'><strong>Si</strong></span> <span class='ocrx_word' id='word_1_317' title='bbox 3349 1838 3725 1917; x_wconf 87' lang='lat' dir='ltr'><strong>omnipotens</strong></span> 
     </span>
    </p>
   </div>
   <div class='ocr_carea' id='block_1_45' title="bbox 2092 1921 3724 2008">
    <p class='ocr_par' dir='ltr' id='par_1_45' title="bbox 2092 1921 3724 2008">
     <span class='ocr_line' id='line_1_46' title="bbox 2092 1921 3724 2008; baseline 0.005 -26"><span class='ocrx_word' id='word_1_318' title='bbox 2092 1927 2180 1982; x_wconf 88' lang='lat' dir='ltr'><strong>est</strong></span> <span class='ocrx_word' id='word_1_319' title='bbox 2209 1921 2390 1996; x_wconf 90' lang='lat' dir='ltr'><strong>Deus,</strong></span> <span class='ocrx_word' id='word_1_320' title='bbox 2423 1923 2722 2001; x_wconf 92' lang='lat' dir='ltr'><strong>quomodo</strong></span> <span class='ocrx_word' id='word_1_321' title='bbox 2749 1941 2784 1986; x_wconf 89' lang='lat' dir='ltr'><strong>a</strong></span> <span class='ocrx_word' id='word_1_322' title='bbox 2814 1925 3085 2004; x_wconf 84' lang='lat' dir='ltr'><strong>theologo</strong></span> <span class='ocrx_word' id='word_1_323' title='bbox 3137 1933 3328 1988; x_wconf 89' lang='lat' dir='ltr'><strong>vestro</strong></span> <span class='ocrx_word' id='word_1_324' title='bbox 3354 1926 3574 2008; x_wconf 87' lang='lat' dir='ltr'><strong>aliquid</strong></span> <span class='ocrx_word' id='word_1_325' title='bbox 3606 1947 3724 1990; x_wconf 95' lang='lat' dir='ltr'><strong>non</strong></span> 
     </span>
    </p>
   </div>
   <div class='ocr_carea' id='block_1_46' title="bbox 2092 2011 3721 2094">
    <p class='ocr_par' dir='ltr' id='par_1_46' title="bbox 2092 2011 3721 2094">
     <span class='ocr_line' id='line_1_47' title="bbox 2092 2011 3721 2094; baseline 0.006 -23"><span class='ocrx_word' id='word_1_326' title='bbox 2092 2028 2264 2090; x_wconf 90' lang='lat' dir='ltr'><strong>posse</strong></span> <span class='ocrx_word' id='word_1_327' title='bbox 2299 2011 2516 2074; x_wconf 91' lang='lat' dir='ltr'><strong>dicitur</strong></span> <span class='ocrx_word' id='word_1_328' title='bbox 2545 2011 2570 2076; x_wconf 71' lang='grc' dir='ltr'><strong><em>ἲ</em></strong></span> <span class='ocrx_word' id='word_1_329' title='bbox 2602 2014 2912 2076; x_wconf 89' lang='lat' dir='ltr'><strong>lnsimulat</strong></span> <span class='ocrx_word' id='word_1_330' title='bbox 2935 2023 3132 2078; x_wconf 89' lang='lat' dir='ltr'><strong>autem</strong></span> <span class='ocrx_word' id='word_1_331' title='bbox 3166 2016 3428 2079; x_wconf 88' lang='lat' dir='ltr'><strong>divinum</strong></span> <span class='ocrx_word' id='word_1_332' title='bbox 3454 2019 3721 2094; x_wconf 90' lang='lat' dir='ltr'><strong>Paulum,</strong></span> 
     </span>
    </p>
   </div>
   <div class='ocr_carea' id='block_1_47' title="bbox 2089 2099 3718 2186">
    <p class='ocr_par' dir='ltr' id='par_1_47' title="bbox 2089 2099 3718 2186">
     <span class='ocr_line' id='line_1_48' title="bbox 2089 2099 3718 2186; baseline 0.007 -26"><span class='ocrx_word' id='word_1_333' title='bbox 2089 2099 2408 2175; x_wconf 89' lang='lat' dir='ltr'><strong>dicentem,</strong></span> <span class='ocrx_word' id='word_1_334' title='bbox 2433 2119 2551 2162; x_wconf 89' lang='lat' dir='ltr'><strong>non</strong></span> <span class='ocrx_word' id='word_1_335' title='bbox 2585 2121 2760 2182; x_wconf 90' lang='lat' dir='ltr'><strong>posse</strong></span> <span class='ocrx_word' id='word_1_336' title='bbox 2790 2106 2978 2166; x_wconf 87' lang='lat' dir='ltr'><strong>Deum</strong></span> <span class='ocrx_word' id='word_1_337' title='bbox 3013 2106 3400 2185; x_wconf 89' lang='lat' dir='ltr'><strong>semetipsum</strong></span> <span class='ocrx_word' id='word_1_338' title='bbox 3429 2119 3668 2186; x_wconf 76' lang='lat' dir='ltr'><strong>negarec</strong></span> <span class='ocrx_word' id='word_1_339' title='bbox 3705 2158 3718 2172; x_wconf 96' lang='lat'><strong><em>.</em></strong></span> 
     </span>
    </p>
   </div>
   <div class='ocr_carea' id='block_1_48' title="bbox 2090 2190 3728 2275">
    <p class='ocr_par' dir='ltr' id='par_1_48' title="bbox 2090 2190 3728 2275">
     <span class='ocr_line' id='line_1_49' title="bbox 2090 2190 3728 2275; baseline 0.005 -26"><span class='ocrx_word' id='word_1_340' title='bbox 2090 2190 2212 2250; x_wconf 84' lang='lat' dir='ltr'><strong>Hoc</strong></span> <span class='ocrx_word' id='word_1_341' title='bbox 2232 2199 2426 2252; x_wconf 92' lang='lat' dir='ltr'><strong>autem</strong></span> <span class='ocrx_word' id='word_1_342' title='bbox 2453 2191 2594 2252; x_wconf 90' lang='lat' dir='ltr'><strong>dum</strong></span> <span class='ocrx_word' id='word_1_343' title='bbox 2622 2195 3308 2273; x_wconf 88' lang='lat' dir='ltr'><strong>propono,vehementer</strong></span> <span class='ocrx_word' id='word_1_344' title='bbox 3331 2204 3634 2275; x_wconf 90' lang='lat' dir='ltr'><strong>metuo,ne</strong></span> <span class='ocrx_word' id='word_1_345' title='bbox 3662 2207 3728 2260; x_wconf 91' lang='lat' dir='ltr'><strong>ut</strong></span> 
     </span>
    </p>
   </div>
   <div class='ocr_carea' id='block_1_49' title="bbox 2089 2279 3725 2365">
    <p class='ocr_par' dir='ltr' id='par_1_49' title="bbox 2089 2279 3725 2365">
     <span class='ocr_line' id='line_1_50' title="bbox 2089 2279 3725 2365; baseline 0.005 -25"><span class='ocrx_word' id='word_1_346' title='bbox 2089 2297 2296 2341; x_wconf 90' lang='lat' dir='ltr'><strong>amens</strong></span> <span class='ocrx_word' id='word_1_347' title='bbox 2321 2279 2543 2351; x_wconf 83' lang='lat' dir='ltr'><strong>videar,</strong></span> <span class='ocrx_word' id='word_1_348' title='bbox 2569 2283 2671 2361; x_wconf 90' lang='lat' dir='ltr'><strong>qui</strong></span> <span class='ocrx_word' id='word_1_349' title='bbox 2695 2282 3028 2345; x_wconf 86' lang='lat' dir='ltr'><strong>ludentium</strong></span> <span class='ocrx_word' id='word_1_350' title='bbox 3055 2303 3376 2365; x_wconf 89' lang='lat' dir='ltr'><strong>puerorum</strong></span> <span class='ocrx_word' id='word_1_351' title='bbox 3400 2293 3725 2348; x_wconf 84' lang='lat' dir='ltr'><strong>structuras</strong></span> 
     </span>
    </p>
   </div>
   <div class='ocr_carea' id='block_1_50' title="bbox 2090 2370 3724 2457">
    <p class='ocr_par' dir='ltr' id='par_1_50' title="bbox 2090 2370 3724 2457">
     <span class='ocr_line' id='line_1_51' title="bbox 2090 2370 3724 2457; baseline 0.004 -25"><span class='ocrx_word' id='word_1_352' title='bbox 2090 2385 2408 2432; x_wconf 81' lang='lat' dir='ltr'><strong>arenaceas</strong></span> <span class='ocrx_word' id='word_1_353' title='bbox 2441 2378 2500 2431; x_wconf 89' lang='lat' dir='ltr'><strong>et</strong></span> <span class='ocrx_word' id='word_1_354' title='bbox 2557 2372 2822 2432; x_wconf 79' lang='lat' dir='ltr'><strong>infirmas</strong></span> <span class='ocrx_word' id='word_1_355' title='bbox 2874 2383 3144 2436; x_wconf 83' lang='lat' dir='ltr'><strong>evertere</strong></span> <span class='ocrx_word' id='word_1_356' title='bbox 3178 2375 3408 2454; x_wconf 86' lang='lat' dir='ltr'><strong>moliar,</strong></span> <span class='ocrx_word' id='word_1_357' title='bbox 3429 2370 3624 2457; x_wconf 85' lang='lat' dir='ltr'><strong>atque</strong></span> <span class='ocrx_word' id='word_1_358' title='bbox 3653 2377 3724 2438; x_wconf 89' lang='lat' dir='ltr'><strong>ad</strong></span> 
     </span>
    </p>
   </div>
   <div class='ocr_carea' id='block_1_51' title="bbox 2091 2458 3722 2546">
    <p class='ocr_par' dir='ltr' id='par_1_51' title="bbox 2091 2458 3722 2546">
     <span class='ocr_line' id='line_1_52' title="bbox 2091 2458 3722 2546; baseline 0.004 -26"><span class='ocrx_word' id='word_1_359' title='bbox 2091 2458 2269 2537; x_wconf 85' lang='lat' dir='ltr'><strong>hujus</strong></span> <span class='ocrx_word' id='word_1_360' title='bbox 2295 2459 2410 2520; x_wconf 91' lang='lat' dir='ltr'><strong>loci</strong></span> <span class='ocrx_word' id='word_1_361' title='bbox 2431 2478 2698 2540; x_wconf 81' lang='lat' dir='ltr'><strong>scopum,</strong></span> <span class='ocrx_word' id='word_1_362' title='bbox 2727 2470 3006 2540; x_wconf 89' lang='lat' dir='ltr'><strong>tanquam</strong></span> <span class='ocrx_word' id='word_1_363' title='bbox 3054 2464 3158 2546; x_wconf 92' lang='lat' dir='ltr'><strong>qui</strong></span> <span class='ocrx_word' id='word_1_364' title='bbox 3209 2464 3414 2544; x_wconf 79' lang='lat' dir='ltr'><strong>attingi</strong></span> <span class='ocrx_word' id='word_1_365' title='bbox 3447 2476 3722 2546; x_wconf 88' lang='lat' dir='ltr'><strong>nequeat,</strong></span> 
     </span>
    </p>
   </div>
   <div class='ocr_carea' id='block_1_52' title="bbox 2087 2548 3725 2633">
    <p class='ocr_par' dir='ltr' id='par_1_52' title="bbox 2087 2548 3725 2633">
     <span class='ocr_line' id='line_1_53' title="bbox 2087 2548 3725 2633; baseline 0.005 -23"><span class='ocrx_word' id='word_1_366' title='bbox 2087 2548 2625 2629; x_wconf 89' lang='lat' dir='ltr'><strong>quasicollimando</strong></span> <span class='ocrx_word' id='word_1_367' title='bbox 2643 2551 2916 2613; x_wconf 88' lang='lat' dir='ltr'><strong>connitar</strong></span> <span class='ocrx_word' id='word_1_368' title='bbox 2929 2570 3173 2615; x_wconf 89' lang='lat' dir='ltr'><strong>sensum</strong></span> <span class='ocrx_word' id='word_1_369' title='bbox 3189 2554 3317 2633; x_wconf 88' lang='lat' dir='ltr'><strong>ejus</strong></span> <span class='ocrx_word' id='word_1_370' title='bbox 3331 2555 3725 2633; x_wconf 78' lang='lat' dir='ltr'><strong>theologicum</strong></span> 
     </span>
    </p>
   </div>
   <div class='ocr_carea' id='block_1_53' title="bbox 2086 2639 3725 2723">
    <p class='ocr_par' dir='ltr' id='par_1_53' title="bbox 2086 2639 3725 2723">
     <span class='ocr_line' id='line_1_54' title="bbox 2086 2639 3725 2723; baseline 0.006 -25"><span class='ocrx_word' id='word_1_371' title='bbox 2086 2639 2376 2718; x_wconf 82' lang='lat' dir='ltr'><strong>attingere</strong></span> <span class='ocrx_word' id='word_1_372' title='bbox 2395 2639 2690 2720; x_wconf 87' lang='lat' dir='ltr'><strong>siquidem</strong></span> <span class='ocrx_word' id='word_1_373' title='bbox 2713 2641 2808 2702; x_wconf 92' lang='lat' dir='ltr'><strong>sui</strong></span> <span class='ocrx_word' id='word_1_374' title='bbox 2833 2642 3018 2723; x_wconf 86' lang='lat' dir='ltr'><strong>ipsius</strong></span> <span class='ocrx_word' id='word_1_375' title='bbox 3044 2643 3402 2722; x_wconf 78' lang='lat' dir='ltr'><strong>negatio,est</strong></span> <span class='ocrx_word' id='word_1_376' title='bbox 3419 2663 3451 2705; x_wconf 90' lang='lat' dir='ltr'><strong>a</strong></span> <span class='ocrx_word' id='word_1_377' title='bbox 3480 2646 3725 2708; x_wconf 90' lang='lat' dir='ltr'><strong>veritate</strong></span> 
     </span>
    </p>
   </div>
   <div class='ocr_carea' id='block_1_54' title="bbox 2089 2727 3724 2814">
    <p class='ocr_par' dir='ltr' id='par_1_54' title="bbox 2089 2727 3724 2814">
     <span class='ocr_line' id='line_1_55' title="bbox 2089 2727 3724 2814; baseline 0.006 -25"><span class='ocrx_word' id='word_1_378' title='bbox 2089 2727 2386 2808; x_wconf 85' lang='lat' dir='ltr'><strong>prolapsio</strong></span> <span class='ocrx_word' id='word_1_379' title='bbox 2413 2748 2428 2806; x_wconf 92' lang='lat'><strong>;</strong></span> <span class='ocrx_word' id='word_1_380' title='bbox 2451 2729 2670 2792; x_wconf 89' lang='lat' dir='ltr'><strong>veritas</strong></span> <span class='ocrx_word' id='word_1_381' title='bbox 2691 2740 2892 2794; x_wconf 86' lang='lat' dir='ltr'><strong>autem</strong></span> <span class='ocrx_word' id='word_1_382' title='bbox 2917 2741 3008 2796; x_wconf 89' lang='lat' dir='ltr'><strong>est</strong></span> <span class='ocrx_word' id='word_1_383' title='bbox 3028 2734 3084 2794; x_wconf 92' lang='lat' dir='ltr'><strong>id</strong></span> <span class='ocrx_word' id='word_1_384' title='bbox 3116 2733 3273 2814; x_wconf 87' lang='lat' dir='ltr'><strong>quod</strong></span> <span class='ocrx_word' id='word_1_385' title='bbox 3298 2741 3386 2795; x_wconf 87' lang='lat' dir='ltr'><strong>est</strong></span> <span class='ocrx_word' id='word_1_386' title='bbox 3415 2754 3430 2810; x_wconf 89' lang='lat'><strong>;</strong></span> <span class='ocrx_word' id='word_1_387' title='bbox 3482 2743 3540 2796; x_wconf 91' lang='lat' dir='ltr'><strong>et</strong></span> <span class='ocrx_word' id='word_1_388' title='bbox 3559 2753 3593 2797; x_wconf 91' lang='lat' dir='ltr'><strong>a</strong></span> <span class='ocrx_word' id='word_1_389' title='bbox 3625 2754 3724 2798; x_wconf 87' lang='lat' dir='ltr'><strong>ve-</strong></span> 
     </span>
    </p>
   </div>
   <div class='ocr_carea' id='block_1_55' title="bbox 2086 2819 3722 2896">
    <p class='ocr_par' dir='ltr' id='par_1_55' title="bbox 2086 2819 3722 2896">
     <span class='ocr_line' id='line_1_56' title="bbox 2086 2819 3722 2896; baseline 0.006 -16"><span class='ocrx_word' id='word_1_390' title='bbox 2086 2819 2262 2882; x_wconf 83' lang='lat' dir='ltr'><strong>ritate</strong></span> <span class='ocrx_word' id='word_1_391' title='bbox 2285 2819 2564 2896; x_wconf 86' lang='lat' dir='ltr'><strong>defectio,</strong></span> <span class='ocrx_word' id='word_1_392' title='bbox 2603 2829 2691 2883; x_wconf 91' lang='lat' dir='ltr'><strong>est</strong></span> <span class='ocrx_word' id='word_1_393' title='bbox 2712 2820 2786 2883; x_wconf 89' lang='lat' dir='ltr'><strong>ab</strong></span> <span class='ocrx_word' id='word_1_394' title='bbox 2808 2822 3047 2884; x_wconf 91' lang='lat' dir='ltr'><strong>essendi</strong></span> <span class='ocrx_word' id='word_1_395' title='bbox 3073 2829 3228 2884; x_wconf 88' lang='lat' dir='ltr'><strong>statu</strong></span> <span class='ocrx_word' id='word_1_396' title='bbox 3253 2822 3591 2887; x_wconf 87' lang='lat' dir='ltr'><strong>dimotio.Si</strong></span> <span class='ocrx_word' id='word_1_397' title='bbox 3621 2825 3722 2889; x_wconf 84' lang='lat' dir='ltr'><strong>ita-</strong></span> 
     </span>
    </p>
   </div>
   <div class='ocr_carea' id='block_1_56' title="bbox 2085 2909 3720 2994">
    <p class='ocr_par' dir='ltr' id='par_1_56' title="bbox 2085 2909 3720 2994">
     <span class='ocr_line' id='line_1_57' title="bbox 2085 2909 3720 2994; baseline 0.006 -25"><span class='ocrx_word' id='word_1_398' title='bbox 2085 2926 2200 2990; x_wconf 90' lang='lat' dir='ltr'><strong>que</strong></span> <span class='ocrx_word' id='word_1_399' title='bbox 2226 2911 2445 2972; x_wconf 88' lang='lat' dir='ltr'><strong>veritas</strong></span> <span class='ocrx_word' id='word_1_400' title='bbox 2465 2919 2553 2972; x_wconf 91' lang='lat' dir='ltr'><strong>est</strong></span> <span class='ocrx_word' id='word_1_401' title='bbox 2575 2909 2635 2970; x_wconf 89' lang='lat' dir='ltr'><strong>id</strong></span> <span class='ocrx_word' id='word_1_402' title='bbox 2656 2911 2813 2992; x_wconf 84' lang='lat' dir='ltr'><strong>quod</strong></span> <span class='ocrx_word' id='word_1_403' title='bbox 2834 2913 3186 2992; x_wconf 84' lang='lat' dir='ltr'><strong>est,negatio</strong></span> <span class='ocrx_word' id='word_1_404' title='bbox 3204 2921 3400 2975; x_wconf 88' lang='lat' dir='ltr'><strong>autem</strong></span> <span class='ocrx_word' id='word_1_405' title='bbox 3429 2915 3720 2994; x_wconf 80' lang='lat' dir='ltr'><strong>veritatis,</strong></span> 
     </span>
    </p>
   </div>
   <div class='ocr_carea' id='block_1_57' title="bbox 2087 2998 3724 3085">
    <p class='ocr_par' dir='ltr' id='par_1_57' title="bbox 2087 2998 3724 3085">
     <span class='ocr_line' id='line_1_58' title="bbox 2087 2998 3724 3085; baseline 0.005 -25"><span class='ocrx_word' id='word_1_406' title='bbox 2087 3007 2178 3060; x_wconf 89' lang='lat' dir='ltr'><strong>est</strong></span> <span class='ocrx_word' id='word_1_407' title='bbox 2202 2998 2275 3061; x_wconf 89' lang='lat' dir='ltr'><strong>ab</strong></span> <span class='ocrx_word' id='word_1_408' title='bbox 2299 3000 2536 3062; x_wconf 89' lang='lat' dir='ltr'><strong>essendi</strong></span> <span class='ocrx_word' id='word_1_409' title='bbox 2561 3009 2711 3062; x_wconf 86' lang='lat' dir='ltr'><strong>statu</strong></span> <span class='ocrx_word' id='word_1_410' title='bbox 2737 3001 3058 3083; x_wconf 87' lang='lat' dir='ltr'><strong>prolapsio,</strong></span> <span class='ocrx_word' id='word_1_411' title='bbox 3089 3004 3295 3085; x_wconf 90' lang='lat' dir='ltr'><strong>utique</strong></span> <span class='ocrx_word' id='word_1_412' title='bbox 3318 3004 3554 3066; x_wconf 88' lang='lat' dir='ltr'><strong>essendi</strong></span> <span class='ocrx_word' id='word_1_413' title='bbox 3577 3013 3724 3070; x_wconf 78' lang='lat' dir='ltr'><strong>statu</strong></span> 
     </span>
    </p>
   </div>
   <div class='ocr_carea' id='block_1_58' title="bbox 2087 3090 3722 3175">
    <p class='ocr_par' dir='ltr' id='par_1_58' title="bbox 2087 3090 3722 3175">
     <span class='ocr_line' id='line_1_59' title="bbox 2087 3090 3722 3175; baseline 0.004 -24"><span class='ocrx_word' id='word_1_414' title='bbox 2087 3090 2357 3153; x_wconf 84' lang='lat' dir='ltr'><strong>frustrari</strong></span> <span class='ocrx_word' id='word_1_415' title='bbox 2380 3090 2538 3153; x_wconf 87' lang='lat' dir='ltr'><strong>Deus</strong></span> <span class='ocrx_word' id='word_1_416' title='bbox 2563 3093 2997 3175; x_wconf 82' lang='lat' dir='ltr'><strong>nequit,neque</strong></span> <span class='ocrx_word' id='word_1_417' title='bbox 3031 3103 3226 3174; x_wconf 85' lang='lat' dir='ltr'><strong>potest</strong></span> <span class='ocrx_word' id='word_1_418' title='bbox 3251 3111 3363 3156; x_wconf 90' lang='lat' dir='ltr'><strong>non</strong></span> <span class='ocrx_word' id='word_1_419' title='bbox 3387 3113 3554 3170; x_wconf 88' lang='lat' dir='ltr'><strong>esse;</strong></span> <span class='ocrx_word' id='word_1_420' title='bbox 3582 3116 3649 3158; x_wconf 81' lang='lat' dir='ltr'><strong>ac</strong></span> <span class='ocrx_word' id='word_1_421' title='bbox 3678 3100 3722 3160; x_wconf 87' lang='lat' dir='ltr'><strong>si</strong></span> 
     </span>
    </p>
   </div>
   <div class='ocr_carea' id='block_1_59' title="bbox 346 3181 2003 3264">
    <p class='ocr_par' dir='ltr' id='par_1_59' title="bbox 346 3181 1996 3264">
     <span class='ocr_line' id='line_1_60' title="bbox 346 3181 1996 3264; baseline -0.001 -23"><span class='ocrx_word' id='word_1_422' title='bbox 346 3189 426 3262; x_wconf 75' lang='grc' dir='ltr'><strong>μη</strong></span> <span class='ocrx_word' id='word_1_423' title='bbox 470 3184 656 3241; x_wconf 71' lang='grc' dir='ltr'>εἶδὲναι</span> <span class='ocrx_word' id='word_1_424' title='bbox 704 3184 840 3241; x_wconf 84' lang='grc' dir='ltr'><strong>κατά</strong></span> <span class='ocrx_word' id='word_1_425' title='bbox 885 3182 1130 3259; x_wconf 73' lang='grc' dir='ltr'>στέρησιν</span> <span class='ocrx_word' id='word_1_426' title='bbox 1191 3186 1283 3239; x_wconf 69' lang='grc' dir='ltr'>οὒκ</span> <span class='ocrx_word' id='word_1_427' title='bbox 1342 3181 1511 3246; x_wconf 78' lang='grc' dir='ltr'>οἶδεν,</span> <span class='ocrx_word' id='word_1_428' title='bbox 1539 3181 1719 3241; x_wconf 66' lang='lat' dir='ltr'><strong>&quot;Oxae</strong></span> <span class='ocrx_word' id='word_1_429' title='bbox 1779 3185 1806 3240; x_wconf 89' lang='lat'><strong>6</strong></span> <span class='ocrx_word' id='word_1_430' title='bbox 1838 3187 1996 3264; x_wconf 73' lang='grc' dir='ltr'>σοφὸς</span> 
     </span>
    </p>
   </div>
   <div class='ocr_carea' id='block_1_60' title="bbox 2090 3181 3725 3264">
    <p class='ocr_par' dir='ltr' id='par_1_60' title="bbox 2090 3181 3725 3264">
     <span class='ocr_line' id='line_1_61' title="bbox 2090 3181 3725 3264; baseline 0.005 -22"><span class='ocrx_word' id='word_1_431' title='bbox 2090 3181 2218 3261; x_wconf 87' lang='lat' dir='ltr'><strong>quis</strong></span> <span class='ocrx_word' id='word_1_432' title='bbox 2240 3181 2416 3253; x_wconf 83' lang='lat' dir='ltr'><strong>dicat,</strong></span> <span class='ocrx_word' id='word_1_433' title='bbox 2443 3201 2560 3242; x_wconf 92' lang='lat' dir='ltr'><strong>non</strong></span> <span class='ocrx_word' id='word_1_434' title='bbox 2591 3191 2786 3263; x_wconf 86' lang='lat' dir='ltr'><strong>potest</strong></span> <span class='ocrx_word' id='word_1_435' title='bbox 2810 3202 2926 3245; x_wconf 94' lang='lat' dir='ltr'><strong>non</strong></span> <span class='ocrx_word' id='word_1_436' title='bbox 2956 3201 3155 3264; x_wconf 87' lang='lat' dir='ltr'><strong>posse,</strong></span> <span class='ocrx_word' id='word_1_437' title='bbox 3193 3193 3250 3246; x_wconf 90' lang='lat' dir='ltr'><strong>et</strong></span> <span class='ocrx_word' id='word_1_438' title='bbox 3275 3185 3508 3249; x_wconf 85' lang='lat' dir='ltr'><strong>nescire</strong></span> <span class='ocrx_word' id='word_1_439' title='bbox 3543 3190 3725 3250; x_wconf 83' lang='lat' dir='ltr'><strong>nescit</strong></span> 
     </span>
    </p>
   </div>
   <div class='ocr_carea' id='block_1_61' title="bbox 349 3271 2004 3352">
    <p class='ocr_par' dir='ltr' id='par_1_61' title="bbox 349 3271 2004 3352">
     <span class='ocr_line' id='line_1_62' title="bbox 349 3271 2004 3352; baseline -0.002 -20"><span class='ocrx_word' id='word_1_440' title='bbox 349 3279 444 3334; x_wconf 77' lang='grc' dir='ltr'>οὒκ</span> <span class='ocrx_word' id='word_1_441' title='bbox 493 3276 770 3352; x_wconf 73' lang='grc' dir='ltr'>ἐννοήσας,</span> <span class='ocrx_word' id='word_1_442' title='bbox 830 3285 1078 3348; x_wconf 77' lang='grc' dir='ltr'>μιμεῖται</span> <span class='ocrx_word' id='word_1_443' title='bbox 1133 3276 1249 3337; x_wconf 68' lang='lat'><strong>105;</strong></span> <span class='ocrx_word' id='word_1_444' title='bbox 1307 3279 1410 3329; x_wconf 81' lang='grc' dir='ltr'>τῶν</span> <span class='ocrx_word' id='word_1_445' title='bbox 1441 3271 1682 3339; x_wconf 70' lang='grc' dir='ltr'>ἀθλητῶν</span> <span class='ocrx_word' id='word_1_446' title='bbox 1729 3272 2004 3350; x_wconf 84' lang='grc' dir='ltr'>ἀπειρονὶ-</span> 
     </span>
    </p>
   </div>
   <div class='ocr_carea' id='block_1_62' title="bbox 347 3361 2005 3439">
    <p class='ocr_par' dir='ltr' id='par_1_62' title="bbox 347 3361 2005 3439">
     <span class='ocr_line' id='line_1_63' title="bbox 347 3361 2005 3439; baseline -0.002 -17"><span class='ocrx_word' id='word_1_447' title='bbox 347 3389 468 3430; x_wconf 80' lang='grc' dir='ltr'>κας,</span> <span class='ocrx_word' id='word_1_448' title='bbox 505 3364 585 3439; x_wconf 78' lang='grc' dir='ltr'><strong>οἵ,</strong></span> <span class='ocrx_word' id='word_1_449' title='bbox 631 3363 894 3424; x_wconf 75' lang='grc' dir='ltr'>πολλάκις</span> <span class='ocrx_word' id='word_1_450' title='bbox 943 3362 1181 3426; x_wconf 80' lang='grc' dir='ltr'>ἀσθενεῖς</span> <span class='ocrx_word' id='word_1_451' title='bbox 1241 3374 1379 3418; x_wconf 76' lang='grc' dir='ltr'>εῖναι</span> <span class='ocrx_word' id='word_1_452' title='bbox 1439 3361 1559 3424; x_wconf 70' lang='grc' dir='ltr'>τοῦς</span> <span class='ocrx_word' id='word_1_453' title='bbox 1611 3362 2005 3439; x_wconf 75' lang='grc' dir='ltr'>ἀνταγωνιστὰς</span> 
     </span>
    </p>
   </div>
   <div class='ocr_carea' id='block_1_63' title="bbox 350 3449 2005 3529">
    <p class='ocr_par' dir='ltr' id='par_1_63' title="bbox 350 3449 2005 3529">
     <span class='ocr_line' id='line_1_64' title="bbox 350 3449 2005 3529; baseline -0.001 -19"><span class='ocrx_word' id='word_1_454' title='bbox 350 3453 682 3527; x_wconf 74' lang='grc' dir='ltr'>δποθέμενοι,</span> <span class='ocrx_word' id='word_1_455' title='bbox 717 3453 854 3507; x_wconf 83' lang='grc' dir='ltr'><strong>κατά</strong></span> <span class='ocrx_word' id='word_1_456' title='bbox 917 3453 978 3507; x_wconf 87' lang='grc' dir='ltr'><strong>τὸ</strong></span> <span class='ocrx_word' id='word_1_457' title='bbox 1035 3449 1220 3508; x_wconf 72' lang='grc' dir='ltr'>δοκοῦν</span> <span class='ocrx_word' id='word_1_458' title='bbox 1251 3450 1485 3529; x_wconf 69' lang='grc' dir='ltr'>ἐαυτὸϊς,</span> <span class='ocrx_word' id='word_1_459' title='bbox 1549 3451 1634 3506; x_wconf 81' lang='grc' dir='ltr'>καὶ</span> <span class='ocrx_word' id='word_1_460' title='bbox 1669 3453 1798 3524; x_wconf 88' lang='grc' dir='ltr'>πρὸς</span> <span class='ocrx_word' id='word_1_461' title='bbox 1831 3451 2005 3508; x_wconf 81' lang='grc' dir='ltr'>ἀπὸν-</span> 
     </span>
    </p>
   </div>
   <div class='ocr_carea' id='block_1_64' title="bbox 349 3538 2004 3620">
    <p class='ocr_par' dir='ltr' id='par_1_64' title="bbox 349 3538 2004 3620">
     <span class='ocr_line' id='line_1_65' title="bbox 349 3538 2004 3620; baseline -0.002 -19"><span class='ocrx_word' id='word_1_462' title='bbox 349 3567 443 3607; x_wconf 88' lang='grc' dir='ltr'><strong>τας</strong></span> <span class='ocrx_word' id='word_1_463' title='bbox 473 3541 602 3586; x_wconf 67' lang='grc' dir='ltr'><strong>δ’Μθ</strong></span> <span class='ocrx_word' id='word_1_464' title='bbox 637 3542 821 3603; x_wconf 70' lang='grc' dir='ltr'>αὐτοὺς</span> <span class='ocrx_word' id='word_1_465' title='bbox 854 3538 1100 3618; x_wconf 75' lang='grc' dir='ltr'>ἀνδρείως</span> <span class='ocrx_word' id='word_1_466' title='bbox 1152 3543 1604 3620; x_wconf 70' lang='grc' dir='ltr'>σκιαμαχοῦντες,</span> <span class='ocrx_word' id='word_1_467' title='bbox 1636 3541 1722 3596; x_wconf 81' lang='grc' dir='ltr'><strong>καί</strong></span> <span class='ocrx_word' id='word_1_468' title='bbox 1755 3543 1844 3596; x_wconf 87' lang='grc' dir='ltr'><strong>τὸν</strong></span> <span class='ocrx_word' id='word_1_469' title='bbox 1879 3541 2004 3619; x_wconf 81' lang='grc' dir='ltr'>ἀέρα</span> 
     </span>
    </p>
   </div>
   <div class='ocr_carea' id='block_1_65' title="bbox 351 3629 2005 3708">
    <p class='ocr_par' dir='ltr' id='par_1_65' title="bbox 351 3629 2005 3708">
     <span class='ocr_line' id='line_1_66' title="bbox 351 3629 2005 3708; baseline -0.002 -17"><span class='ocrx_word' id='word_1_470' title='bbox 351 3632 611 3696; x_wconf 81' lang='grc' dir='ltr'>διακένοις</span> <span class='ocrx_word' id='word_1_471' title='bbox 671 3630 916 3708; x_wconf 76' lang='grc' dir='ltr'>πληγαῖς</span> <span class='ocrx_word' id='word_1_472' title='bbox 986 3630 1248 3708; x_wconf 70' lang='grc' dir='ltr'>εὒθαρσὼς</span> <span class='ocrx_word' id='word_1_473' title='bbox 1326 3629 1737 3700; x_wconf 79' lang='grc' dir='ltr'>καταπαίοντες,</span> <span class='ocrx_word' id='word_1_474' title='bbox 1801 3631 2005 3688; x_wconf 75' lang='grc' dir='ltr'>οἴονται</span> 
     </span>
    </p>
   </div>
   <div class='ocr_carea' id='block_1_66' title="bbox 349 3719 2005 3800">
    <p class='ocr_par' dir='ltr' id='par_1_66' title="bbox 349 3719 2005 3800">
     <span class='ocr_line' id='line_1_67' title="bbox 349 3719 2005 3800; baseline -0.002 -20"><span class='ocrx_word' id='word_1_475' title='bbox 349 3729 456 3780; x_wconf 84' lang='grc' dir='ltr'>τῶν</span> <span class='ocrx_word' id='word_1_476' title='bbox 503 3720 806 3780; x_wconf 78' lang='grc' dir='ltr'>ἀντιπάλων</span> <span class='ocrx_word' id='word_1_477' title='bbox 850 3719 1022 3776; x_wconf 71' lang='grc' dir='ltr'>αὒτῶν</span> <span class='ocrx_word' id='word_1_478' title='bbox 1066 3741 1475 3799; x_wconf 82' lang='grc' dir='ltr'>κεκρατηκεναι,</span> <span class='ocrx_word' id='word_1_479' title='bbox 1539 3719 1626 3776; x_wconf 84' lang='grc' dir='ltr'><strong>καὶ</strong></span> <span class='ocrx_word' id='word_1_480' title='bbox 1699 3720 2005 3800; x_wconf 78' lang='grc' dir='ltr'>ἀνακηρύτ-</span> 
     </span>
    </p>
   </div>
   <div class='ocr_carea' id='block_1_67' title="bbox 348 3807 2002 3887">
    <p class='ocr_par' dir='ltr' id='par_1_67' title="bbox 348 3807 2002 3887">
     <span class='ocr_line' id='line_1_68' title="bbox 348 3807 2002 3887; baseline -0.002 -17"><span class='ocrx_word' id='word_1_481' title='bbox 348 3835 526 3870; x_wconf 87' lang='grc' dir='ltr'>τουσιν</span> <span class='ocrx_word' id='word_1_482' title='bbox 583 3811 822 3885; x_wconf 75' lang='grc' dir='ltr'>ἑαυτοὺς,</span> <span class='ocrx_word' id='word_1_483' title='bbox 885 3808 1002 3865; x_wconf 71' lang='grc' dir='ltr'>οὕτε</span> <span class='ocrx_word' id='word_1_484' title='bbox 1078 3807 1271 3873; x_wconf 76' lang='grc' dir='ltr'>εἰδότες</span> <span class='ocrx_word' id='word_1_485' title='bbox 1344 3810 1442 3876; x_wconf 76' lang='grc' dir='ltr'>τὴν</span> <span class='ocrx_word' id='word_1_486' title='bbox 1500 3808 1713 3866; x_wconf 79' lang='grc' dir='ltr'>ἐκείνων</span> <span class='ocrx_word' id='word_1_487' title='bbox 1763 3809 2002 3887; x_wconf 82' lang='grc' dir='ltr'>δύναμιν,</span> 
     </span>
    </p>
   </div>
   <div class='ocr_carea' id='block_1_68' title="bbox 351 3886 2005 3981">
    <p class='ocr_par' dir='ltr' id='par_1_68' title="bbox 351 3886 2005 3981">
     <span class='ocr_line' id='line_1_69' title="bbox 351 3886 2005 3981; baseline -0.002 -21"><span class='ocrx_word' id='word_1_488' title='bbox 351 3901 545 3978; x_wconf 78' lang='grc' dir='ltr'><strong>Ἠμεῖς</strong></span> <span class='ocrx_word' id='word_1_489' title='bbox 577 3900 632 3958; x_wconf 76' lang='grc' dir='ltr'><em>δὲ</em></span> <span class='ocrx_word' id='word_1_490' title='bbox 662 3901 774 3959; x_wconf 69' lang='grc' dir='ltr'>τοῦ·</span> <span class='ocrx_word' id='word_1_491' title='bbox 810 3897 1062 3976; x_wconf 73' lang='grc' dir='ltr'>θεολόγοι)</span> <span class='ocrx_word' id='word_1_492' title='bbox 1090 3886 1228 3956; x_wconf 75' lang='grc' dir='ltr'>κατά</span> <span class='ocrx_word' id='word_1_493' title='bbox 1259 3902 1319 3956; x_wconf 86' lang='grc' dir='ltr'><strong>τὸ</strong></span> <span class='ocrx_word' id='word_1_494' title='bbox 1353 3899 1566 3978; x_wconf 79' lang='grc' dir='ltr'>ἐφικτὸν</span> <span class='ocrx_word' id='word_1_495' title='bbox 1589 3900 2005 3981; x_wconf 73' lang='grc' dir='ltr'>στοχαζόμενοι,</span> 
     </span>
    </p>
   </div>
   <div class='ocr_carea' id='block_1_69' title="bbox 347 3988 2004 4068">
    <p class='ocr_par' dir='ltr' id='par_1_69' title="bbox 347 3988 2004 4068">
     <span class='ocr_line' id='line_1_70' title="bbox 347 3988 2004 4068; baseline -0.002 -19"><span class='ocrx_word' id='word_1_496' title='bbox 347 3994 437 4049; x_wconf 88' lang='grc' dir='ltr'><strong>τὸν</strong></span> <span class='ocrx_word' id='word_1_497' title='bbox 482 3989 839 4068; x_wconf 75' lang='grc' dir='ltr'>ὑπερδόναμον</span> <span class='ocrx_word' id='word_1_498' title='bbox 901 3988 968 4037; x_wconf 78' lang='grc'><strong>49</strong></span> <span class='ocrx_word' id='word_1_499' title='bbox 1011 3991 1140 4044; x_wconf 88' lang='grc' dir='ltr'>Θεὸν</span> <span class='ocrx_word' id='word_1_500' title='bbox 1197 3990 1485 4064; x_wconf 77' lang='grc' dir='ltr'>ὑμνυῦμεν,</span> <span class='ocrx_word' id='word_1_501' title='bbox 1550 3989 1623 4051; x_wconf 82' lang='grc' dir='ltr'>ὡς</span> <span class='ocrx_word' id='word_1_502' title='bbox 1675 3989 2004 4047; x_wconf 78' lang='grc' dir='ltr'>παντοδύνα-</span> 
     </span>
    </p>
   </div>
   <div class='ocr_carea' id='block_1_70' title="bbox 350 4077 2005 4162">
    <p class='ocr_par' dir='ltr' id='par_1_70' title="bbox 350 4077 2005 4162">
     <span class='ocr_line' id='line_1_71' title="bbox 350 4077 2005 4162; baseline 0.001 -27"><span class='ocrx_word' id='word_1_503' title='bbox 350 4105 474 4162; x_wconf 73' lang='grc' dir='ltr'>μον,</span> <span class='ocrx_word' id='word_1_504' title='bbox 513 4084 584 4144; x_wconf 81' lang='grc' dir='ltr'>ὡς</span> <span class='ocrx_word' id='word_1_505' title='bbox 609 4081 866 4157; x_wconf 73' lang='grc' dir='ltr'>μακάριον</span> <span class='ocrx_word' id='word_1_506' title='bbox 906 4079 994 4134; x_wconf 88' lang='grc' dir='ltr'><strong>καὶ</strong></span> <span class='ocrx_word' id='word_1_507' title='bbox 1053 4079 1211 4153; x_wconf 79' lang='grc' dir='ltr'>μόνον</span> <span class='ocrx_word' id='word_1_508' title='bbox 1245 4077 1525 4152; x_wconf 76' lang='grc' dir='ltr'>δυναστην,</span> <span class='ocrx_word' id='word_1_509' title='bbox 1563 4081 1632 4144; x_wconf 80' lang='grc' dir='ltr'>ὡς</span> <span class='ocrx_word' id='word_1_510' title='bbox 1688 4081 2005 4150; x_wconf 78' lang='grc' dir='ltr'>δεσπόζοντα</span> 
     </span>
    </p>
   </div>
   <div class='ocr_carea' id='block_1_71' title="bbox 345 4167 2004 4249">
    <p class='ocr_par' dir='ltr' id='par_1_71' title="bbox 345 4167 2004 4249">
     <span class='ocr_line' id='line_1_72' title="bbox 345 4167 2004 4249; baseline -0.005 -22"><span class='ocrx_word' id='word_1_511' title='bbox 345 4172 400 4227; x_wconf 75' lang='grc' dir='ltr'>ἐν</span> <span class='ocrx_word' id='word_1_512' title='bbox 433 4179 500 4249; x_wconf 75' lang='grc' dir='ltr'><strong>τῇ</strong></span> <span class='ocrx_word' id='word_1_513' title='bbox 530 4169 802 4241; x_wconf 78' lang='grc' dir='ltr'>δυναστείᾳ</span> <span class='ocrx_word' id='word_1_514' title='bbox 834 4167 990 4224; x_wconf 72' lang='grc' dir='ltr'>αὖτοῦ</span> <span class='ocrx_word' id='word_1_515' title='bbox 1021 4175 1111 4224; x_wconf 80' lang='grc' dir='ltr'>τοῦ</span> <span class='ocrx_word' id='word_1_516' title='bbox 1143 4169 1354 4242; x_wconf 79' lang='grc' dir='ltr'>αἰῶνος,</span> <span class='ocrx_word' id='word_1_517' title='bbox 1389 4169 1462 4230; x_wconf 78' lang='grc' dir='ltr'>ὡς</span> <span class='ocrx_word' id='word_1_518' title='bbox 1521 4167 1643 4224; x_wconf 82' lang='grc' dir='ltr'>κατ’</span> <span class='ocrx_word' id='word_1_519' title='bbox 1703 4167 1849 4224; x_wconf 74' lang='grc' dir='ltr'>οὐδὲν</span> <span class='ocrx_word' id='word_1_520' title='bbox 1899 4176 2004 4226; x_wconf 80' lang='grc' dir='ltr'>τῶν</span> 
     </span>
    </p>
   </div>
   <div class='ocr_carea' id='block_1_72' title="bbox 346 4254 2002 4336">
    <p class='ocr_par' dir='ltr' id='par_1_72' title="bbox 346 4254 2002 4336">
     <span class='ocr_line' id='line_1_73' title="bbox 346 4254 2002 4336; baseline -0.001 -20"><span class='ocrx_word' id='word_1_521' title='bbox 346 4258 514 4317; x_wconf 81' lang='grc' dir='ltr'>ὅντων</span> <span class='ocrx_word' id='word_1_522' title='bbox 544 4257 931 4316; x_wconf 79' lang='grc' dir='ltr'>ἐκπεπτωκότα</span> <span class='ocrx_word' id='word_1_523' title='bbox 967 4272 982 4286; x_wconf 84' lang='grc'>⁶</span> <span class='ocrx_word' id='word_1_524' title='bbox 1019 4255 1222 4331; x_wconf 78' lang='grc' dir='ltr'>μᾶλλον</span> <span class='ocrx_word' id='word_1_525' title='bbox 1254 4254 1307 4312; x_wconf 77' lang='grc' dir='ltr'><strong>δὲ</strong></span> <span class='ocrx_word' id='word_1_526' title='bbox 1351 4258 1437 4312; x_wconf 86' lang='grc' dir='ltr'><strong>καὶ</strong></span> <span class='ocrx_word' id='word_1_527' title='bbox 1496 4256 1852 4336; x_wconf 73' lang='grc' dir='ltr'>ὑπερέχοντα,</span> <span class='ocrx_word' id='word_1_528' title='bbox 1916 4260 2002 4315; x_wconf 88' lang='grc' dir='ltr'>καὶ</span> 
     </span>
    </p>
   </div>
   <div class='ocr_carea' id='block_1_73' title="bbox 345 4347 1999 4433">
    <p class='ocr_par' dir='ltr' id='par_1_73' title="bbox 345 4347 1999 4433">
     <span class='ocr_line' id='line_1_74' title="bbox 345 4347 1999 4433; baseline -0.003 -23"><span class='ocrx_word' id='word_1_529' title='bbox 345 4353 650 4433; x_wconf 82' lang='grc' dir='ltr'>προέχοντα</span> <span class='ocrx_word' id='word_1_530' title='bbox 692 4351 863 4412; x_wconf 70' lang='grc' dir='ltr'>πάντα</span> <span class='ocrx_word' id='word_1_531' title='bbox 918 4351 986 4408; x_wconf 79' lang='grc' dir='ltr'><strong>τὰ</strong></span> <span class='ocrx_word' id='word_1_532' title='bbox 1029 4347 1157 4406; x_wconf 72' lang='grc' dir='ltr'>ὅντα</span> <span class='ocrx_word' id='word_1_533' title='bbox 1213 4349 1342 4405; x_wconf 81' lang='grc' dir='ltr'>καθὰ</span> <span class='ocrx_word' id='word_1_534' title='bbox 1387 4349 1604 4424; x_wconf 81' lang='grc' dir='ltr'>δύναμιν</span> <span class='ocrx_word' id='word_1_535' title='bbox 1665 4351 1999 4430; x_wconf 77' lang='grc' dir='ltr'>ὑπερούσιον,</span> 
     </span>
    </p>
   </div>
   <div class='ocr_carea' id='block_1_74' title="bbox 2093 3271 3724 3355">
    <p class='ocr_par' dir='ltr' id='par_1_74' title="bbox 2093 3271 3724 3355">
     <span class='ocr_line' id='line_1_75' title="bbox 2093 3271 3724 3355; baseline 0.006 -24"><span class='ocrx_word' id='word_1_536' title='bbox 2093 3289 2199 3352; x_wconf 86' lang='lat' dir='ltr'><strong>per</strong></span> <span class='ocrx_word' id='word_1_537' title='bbox 2231 3271 2648 3348; x_wconf 83' lang='lat' dir='ltr'><strong>privationem.</strong></span> <span class='ocrx_word' id='word_1_538' title='bbox 2682 3274 2806 3334; x_wconf 84' lang='lat' dir='ltr'><strong>Hoc</strong></span> <span class='ocrx_word' id='word_1_539' title='bbox 2835 3273 3073 3353; x_wconf 90' lang='lat' dir='ltr'><strong>sapiens</strong></span> <span class='ocrx_word' id='word_1_540' title='bbox 3102 3273 3204 3337; x_wconf 89' lang='lat' dir='ltr'><strong>ille</strong></span> <span class='ocrx_word' id='word_1_541' title='bbox 3236 3293 3355 3335; x_wconf 84' lang='lat' dir='ltr'><strong>non</strong></span> <span class='ocrx_word' id='word_1_542' title='bbox 3386 3275 3724 3355; x_wconf 76' lang='lat' dir='ltr'><strong>intelligens</strong></span> 
     </span>
    </p>
   </div>
   <div class='ocr_carea' id='block_1_75' title="bbox 2090 3360 3730 3444">
    <p class='ocr_par' dir='ltr' id='par_1_75' title="bbox 2090 3360 3730 3444">
     <span class='ocr_line' id='line_1_76' title="bbox 2090 3360 3730 3444; baseline 0.005 -23"><span class='ocrx_word' id='word_1_543' title='bbox 2090 3360 2342 3423; x_wconf 82' lang='lat' dir='ltr'><strong>athletas</strong></span> <span class='ocrx_word' id='word_1_544' title='bbox 2365 3360 2675 3442; x_wconf 88' lang='lat' dir='ltr'><strong>imperitos</strong></span> <span class='ocrx_word' id='word_1_545' title='bbox 2698 3362 3095 3444; x_wconf 87' lang='lat' dir='ltr'><strong>imitatur,qui</strong></span> <span class='ocrx_word' id='word_1_546' title='bbox 3117 3382 3529 3444; x_wconf 77' lang='lat' dir='ltr'><strong>saepenumero</strong></span> <span class='ocrx_word' id='word_1_547' title='bbox 3549 3367 3730 3430; x_wconf 85' lang='lat' dir='ltr'><strong>imbe-</strong></span> 
     </span>
    </p>
   </div>
   <div class='ocr_carea' id='block_1_76' title="bbox 2091 3450 3724 3533">
    <p class='ocr_par' dir='ltr' id='par_1_76' title="bbox 2091 3450 3724 3533">
     <span class='ocr_line' id='line_1_77' title="bbox 2091 3450 3724 3533; baseline 0.005 -23"><span class='ocrx_word' id='word_1_548' title='bbox 2091 3451 2257 3512; x_wconf 90' lang='lat' dir='ltr'><strong>cilles</strong></span> <span class='ocrx_word' id='word_1_549' title='bbox 2277 3450 2388 3512; x_wconf 88' lang='lat' dir='ltr'><strong>sibi</strong></span> <span class='ocrx_word' id='word_1_550' title='bbox 2411 3450 2785 3513; x_wconf 87' lang='lat' dir='ltr'><strong>adversarios</strong></span> <span class='ocrx_word' id='word_1_551' title='bbox 2815 3459 3248 3533; x_wconf 86' lang='lat' dir='ltr'><strong>proponunt,et</strong></span> <span class='ocrx_word' id='word_1_552' title='bbox 3279 3453 3419 3515; x_wconf 90' lang='lat' dir='ltr'><strong>dum</strong></span> <span class='ocrx_word' id='word_1_553' title='bbox 3456 3455 3724 3519; x_wconf 87' lang='lat' dir='ltr'><strong>videntur</strong></span> 
     </span>
    </p>
   </div>
   <div class='ocr_carea' id='block_1_77' title="bbox 2089 3540 3722 3628">
    <p class='ocr_par' dir='ltr' id='par_1_77' title="bbox 2089 3540 3722 3628">
     <span class='ocr_line' id='line_1_78' title="bbox 2089 3540 3722 3628; baseline 0.004 -26"><span class='ocrx_word' id='word_1_554' title='bbox 2089 3540 2353 3602; x_wconf 89' lang='lat' dir='ltr'><strong>sibicum</strong></span> <span class='ocrx_word' id='word_1_555' title='bbox 2371 3540 2719 3602; x_wconf 89' lang='lat' dir='ltr'><strong>absentibus</strong></span> <span class='ocrx_word' id='word_1_556' title='bbox 2736 3541 2848 3603; x_wconf 90' lang='lat' dir='ltr'><strong>illis</strong></span> <span class='ocrx_word' id='word_1_557' title='bbox 2863 3542 3096 3604; x_wconf 84' lang='lat' dir='ltr'><strong>fortiter</strong></span> <span class='ocrx_word' id='word_1_558' title='bbox 3112 3543 3169 3602; x_wconf 92' lang='lat' dir='ltr'><strong>in</strong></span> <span class='ocrx_word' id='word_1_559' title='bbox 3190 3543 3400 3606; x_wconf 91' lang='lat' dir='ltr'><strong>umbra</strong></span> <span class='ocrx_word' id='word_1_560' title='bbox 3417 3545 3722 3628; x_wconf 82' lang='lat' dir='ltr'><strong>dimicare,</strong></span> 
     </span>
    </p>
   </div>
   <div class='ocr_carea' id='block_1_78' title="bbox 2088 3631 3724 3717">
    <p class='ocr_par' dir='ltr' id='par_1_78' title="bbox 2088 3631 3724 3717">
     <span class='ocr_line' id='line_1_79' title="bbox 2088 3631 3724 3717; baseline 0.004 -25"><span class='ocrx_word' id='word_1_561' title='bbox 2088 3649 2413 3710; x_wconf 80' lang='lat' dir='ltr'><strong>acremque</strong></span> <span class='ocrx_word' id='word_1_562' title='bbox 2443 3633 2627 3693; x_wconf 86' lang='lat' dir='ltr'><strong>cassis</strong></span> <span class='ocrx_word' id='word_1_563' title='bbox 2649 3631 2866 3695; x_wconf 87' lang='lat' dir='ltr'><strong>ictibus</strong></span> <span class='ocrx_word' id='word_1_564' title='bbox 2888 3641 3226 3695; x_wconf 87' lang='lat' dir='ltr'><strong>constanter</strong></span> <span class='ocrx_word' id='word_1_565' title='bbox 3249 3633 3494 3717; x_wconf 86' lang='lat' dir='ltr'><strong>feriunt,</strong></span> <span class='ocrx_word' id='word_1_566' title='bbox 3517 3636 3724 3699; x_wconf 83' lang='lat' dir='ltr'><strong>existi-</strong></span> 
     </span>
    </p>
   </div>
   <div class='ocr_carea' id='block_1_79' title="bbox 2092 3721 3724 3809">
    <p class='ocr_par' dir='ltr' id='par_1_79' title="bbox 2092 3721 3724 3809">
     <span class='ocr_line' id='line_1_80' title="bbox 2092 3721 3724 3809; baseline 0.006 -27"><span class='ocrx_word' id='word_1_567' title='bbox 2092 3731 2252 3782; x_wconf 90' lang='lat' dir='ltr'><strong>mant</strong></span> <span class='ocrx_word' id='word_1_568' title='bbox 2275 3740 2337 3782; x_wconf 91' lang='lat' dir='ltr'><strong>se</strong></span> <span class='ocrx_word' id='word_1_569' title='bbox 2361 3721 2524 3802; x_wconf 88' lang='lat' dir='ltr'><strong>ipsos</strong></span> <span class='ocrx_word' id='word_1_570' title='bbox 2544 3721 2914 3784; x_wconf 86' lang='lat' dir='ltr'><strong>adversarios</strong></span> <span class='ocrx_word' id='word_1_571' title='bbox 2941 3742 3079 3784; x_wconf 90' lang='lat' dir='ltr'><strong>suos</strong></span> <span class='ocrx_word' id='word_1_572' title='bbox 3103 3742 3441 3805; x_wconf 87' lang='lat' dir='ltr'><strong>superasse,</strong></span> <span class='ocrx_word' id='word_1_573' title='bbox 3477 3745 3724 3809; x_wconf 83' lang='lat' dir='ltr'><strong>seseque</strong></span> 
     </span>
    </p>
   </div>
   <div class='ocr_carea' id='block_1_80' title="bbox 2083 3811 3723 3892">
    <p class='ocr_par' dir='ltr' id='par_1_80' title="bbox 2083 3811 3723 3892">
     <span class='ocr_line' id='line_1_81' title="bbox 2083 3811 3723 3892; baseline 0.004 -19"><span class='ocrx_word' id='word_1_574' title='bbox 2083 3812 2207 3892; x_wconf 87' lang='lat' dir='ltr'><strong>jam</strong></span> <span class='ocrx_word' id='word_1_575' title='bbox 2241 3811 2487 3874; x_wconf 83' lang='lat' dir='ltr'><strong>victores</strong></span> <span class='ocrx_word' id='word_1_576' title='bbox 2513 3812 2798 3891; x_wconf 87' lang='lat' dir='ltr'><strong>jactitant,</strong></span> <span class='ocrx_word' id='word_1_577' title='bbox 2834 3832 2968 3875; x_wconf 89' lang='lat' dir='ltr'><strong>cum</strong></span> <span class='ocrx_word' id='word_1_578' title='bbox 3008 3812 3193 3876; x_wconf 87' lang='lat' dir='ltr'><strong>robur</strong></span> <span class='ocrx_word' id='word_1_579' title='bbox 3224 3834 3429 3878; x_wconf 91' lang='lat' dir='ltr'><strong>eorum</strong></span> <span class='ocrx_word' id='word_1_580' title='bbox 3464 3817 3723 3880; x_wconf 91' lang='lat' dir='ltr'><strong>nondum</strong></span> 
     </span>
    </p>
   </div>
   <div class='ocr_carea' id='block_1_81' title="bbox 2089 3901 3722 3986">
    <p class='ocr_par' dir='ltr' id='par_1_81' title="bbox 2089 3901 3722 3986">
     <span class='ocr_line' id='line_1_82' title="bbox 2089 3901 3722 3986; baseline 0.004 -23"><span class='ocrx_word' id='word_1_581' title='bbox 2089 3901 2346 3964; x_wconf 89' lang='lat' dir='ltr'><strong>habeant</strong></span> <span class='ocrx_word' id='word_1_582' title='bbox 2373 3901 2895 3983; x_wconf 75' lang='lat' dir='ltr'><strong>exploratum.Nos</strong></span> <span class='ocrx_word' id='word_1_583' title='bbox 2917 3913 3117 3966; x_wconf 89' lang='lat' dir='ltr'><strong>autem</strong></span> <span class='ocrx_word' id='word_1_584' title='bbox 3159 3904 3234 3967; x_wconf 81' lang='lat' dir='ltr'><strong>ad</strong></span> <span class='ocrx_word' id='word_1_585' title='bbox 3267 3905 3631 3986; x_wconf 85' lang='lat' dir='ltr'><strong>theologum,</strong></span> <span class='ocrx_word' id='word_1_586' title='bbox 3665 3908 3722 3970; x_wconf 92' lang='lat' dir='ltr'><strong>in</strong></span> 
     </span>
    </p>
   </div>
   <div class='ocr_carea' id='block_1_82' title="bbox 2089 3992 3722 4074">
    <p class='ocr_par' dir='ltr' id='par_1_82' title="bbox 2089 3992 3722 4074">
     <span class='ocr_line' id='line_1_83' title="bbox 2089 3992 3722 4074; baseline 0.005 -23"><span class='ocrx_word' id='word_1_587' title='bbox 2089 4002 2374 4069; x_wconf 90' lang='lat' dir='ltr'><strong>quantum</strong></span> <span class='ocrx_word' id='word_1_588' title='bbox 2390 3992 2519 4054; x_wconf 80' lang='lat' dir='ltr'><strong>fieri</strong></span> <span class='ocrx_word' id='word_1_589' title='bbox 2535 3992 3117 4074; x_wconf 86' lang='lat' dir='ltr'><strong>potest,collimando</strong></span> <span class='ocrx_word' id='word_1_590' title='bbox 3131 3995 3722 4058; x_wconf 84' lang='lat' dir='ltr'><strong>collaudamusDeum</strong></span> 
     </span>
    </p>
   </div>
   <div class='ocr_carea' id='block_1_83' title="bbox 2088 4083 3722 4163">
    <p class='ocr_par' dir='ltr' id='par_1_83' title="bbox 2088 4083 3722 4163">
     <span class='ocr_line' id='line_1_84' title="bbox 2088 4083 3722 4163; baseline 0.004 -21"><span class='ocrx_word' id='word_1_591' title='bbox 2088 4091 2513 4163; x_wconf 73' lang='lat' dir='ltr'><strong>praepotentem</strong></span> <span class='ocrx_word' id='word_1_592' title='bbox 2544 4090 2603 4143; x_wconf 91' lang='lat' dir='ltr'><strong>ut</strong></span> <span class='ocrx_word' id='word_1_593' title='bbox 2632 4083 3198 4163; x_wconf 87' lang='lat' dir='ltr'><strong>omnipotentem,ut</strong></span> <span class='ocrx_word' id='word_1_594' title='bbox 3221 4085 3722 4159; x_wconf 83' lang='lat' dir='ltr'><strong>bealum,solum-</strong></span> 
     </span>
    </p>
   </div>
   <div class='ocr_carea' id='block_1_84' title="bbox 2087 4173 3724 4252">
    <p class='ocr_par' dir='ltr' id='par_1_84' title="bbox 2087 4173 3724 4252">
     <span class='ocr_line' id='line_1_85' title="bbox 2087 4173 3724 4252; baseline 0.005 -20"><span class='ocrx_word' id='word_1_595' title='bbox 2087 4190 2204 4247; x_wconf 88' lang='lat' dir='ltr'><strong>que</strong></span> <span class='ocrx_word' id='word_1_596' title='bbox 2265 4179 2588 4252; x_wconf 87' lang='lat' dir='ltr'><strong>potentem,</strong></span> <span class='ocrx_word' id='word_1_597' title='bbox 2637 4180 2839 4251; x_wconf 80' lang='lat' dir='ltr'><strong>utpote</strong></span> <span class='ocrx_word' id='word_1_598' title='bbox 2899 4174 3002 4252; x_wconf 92' lang='lat' dir='ltr'><strong>qui</strong></span> <span class='ocrx_word' id='word_1_599' title='bbox 3063 4173 3368 4252; x_wconf 84' lang='lat' dir='ltr'><strong>potestatis</strong></span> <span class='ocrx_word' id='word_1_600' title='bbox 3423 4176 3562 4237; x_wconf 72' lang='lat'><strong>476</strong></span> <span class='ocrx_word' id='word_1_601' title='bbox 3607 4195 3724 4240; x_wconf 71' lang='lat' dir='ltr'><strong>sua:</strong></span> 
     </span>
    </p>
   </div>
   <div class='ocr_carea' id='block_1_85' title="bbox 2087 4261 3724 4348">
    <p class='ocr_par' dir='ltr' id='par_1_85' title="bbox 2087 4261 3724 4348">
     <span class='ocr_line' id='line_1_86' title="bbox 2087 4261 3724 4348; baseline 0.005 -28"><span class='ocrx_word' id='word_1_602' title='bbox 2087 4261 2419 4342; x_wconf 87' lang='lat' dir='ltr'><strong>principatu</strong></span> <span class='ocrx_word' id='word_1_603' title='bbox 2441 4261 2684 4336; x_wconf 69' lang='lat' dir='ltr'><strong>ipsimet</strong></span> <span class='ocrx_word' id='word_1_604' title='bbox 2714 4262 3028 4323; x_wconf 68' lang='lat' dir='ltr'><strong>aeternitati</strong></span> <span class='ocrx_word' id='word_1_605' title='bbox 3058 4263 3420 4344; x_wconf 88' lang='lat' dir='ltr'><strong>dominetur,</strong></span> <span class='ocrx_word' id='word_1_606' title='bbox 3449 4266 3724 4348; x_wconf 90' lang='lat' dir='ltr'><strong>nullaque</strong></span> 
     </span>
    </p>
   </div>
   <div class='ocr_carea' id='block_1_86' title="bbox 2085 4351 3725 4436">
    <p class='ocr_par' dir='ltr' id='par_1_86' title="bbox 2085 4351 3725 4436">
     <span class='ocr_line' id='line_1_87' title="bbox 2085 4351 3725 4436; baseline 0.004 -25"><span class='ocrx_word' id='word_1_607' title='bbox 2085 4370 2344 4431; x_wconf 84' lang='lat' dir='ltr'><strong>unquam</strong></span> <span class='ocrx_word' id='word_1_608' title='bbox 2376 4369 2442 4412; x_wconf 89' lang='lat' dir='ltr'><strong>re</strong></span> <span class='ocrx_word' id='word_1_609' title='bbox 2474 4351 2786 4412; x_wconf 81' lang='lat' dir='ltr'><strong>frustratus</strong></span> <span class='ocrx_word' id='word_1_610' title='bbox 2839 4369 2855 4426; x_wconf 90' lang='lat'><strong>;</strong></span> <span class='ocrx_word' id='word_1_611' title='bbox 2915 4352 3204 4433; x_wconf 86' lang='lat' dir='ltr'><strong>quinimo,</strong></span> <span class='ocrx_word' id='word_1_612' title='bbox 3243 4361 3306 4414; x_wconf 90' lang='lat' dir='ltr'><strong>ut</strong></span> <span class='ocrx_word' id='word_1_613' title='bbox 3336 4355 3435 4436; x_wconf 92' lang='lat' dir='ltr'><strong>qui</strong></span> <span class='ocrx_word' id='word_1_614' title='bbox 3467 4355 3725 4436; x_wconf 91' lang='lat' dir='ltr'><strong>desuper</strong></span> 
     </span>
    </p>
   </div>
   <div class='ocr_carea' id='block_1_87' title="bbox 345 4437 2003 4542">
    <p class='ocr_par' dir='ltr' id='par_1_87' title="bbox 345 4437 2001 4514">
     <span class='ocr_line' id='line_1_88' title="bbox 345 4437 2001 4514; baseline -0.002 -15"><span class='ocrx_word' id='word_1_615' title='bbox 345 4447 442 4499; x_wconf 66' lang='grc' dir='ltr'><strong>καὶ</strong></span> <span class='ocrx_word' id='word_1_616' title='bbox 475 4449 602 4499; x_wconf 80' lang='grc' dir='ltr'>πᾶσι</span> <span class='ocrx_word' id='word_1_617' title='bbox 633 4441 752 4505; x_wconf 73' lang='grc' dir='ltr'>τοῖς</span> <span class='ocrx_word' id='word_1_618' title='bbox 782 4439 896 4497; x_wconf 78' lang='grc' dir='ltr'>οὖσι</span> <span class='ocrx_word' id='word_1_619' title='bbox 926 4441 987 4495; x_wconf 90' lang='grc' dir='ltr'><strong>τὸ</strong></span> <span class='ocrx_word' id='word_1_620' title='bbox 1045 4437 1254 4495; x_wconf 61' lang='lat' dir='ltr'><strong>amen</strong></span> <span class='ocrx_word' id='word_1_621' title='bbox 1315 4439 1482 4514; x_wconf 73' lang='grc' dir='ltr'>εἶναι,</span> <span class='ocrx_word' id='word_1_622' title='bbox 1546 4441 1630 4494; x_wconf 88' lang='grc' dir='ltr'><strong>καὶ</strong></span> <span class='ocrx_word' id='word_1_623' title='bbox 1682 4438 1801 4496; x_wconf 83' lang='grc' dir='ltr'>τόδε</span> <span class='ocrx_word' id='word_1_624' title='bbox 1859 4441 2001 4498; x_wconf 76' lang='grc' dir='ltr'>εἶναι</span> 
     </span>
    </p>
   </div>
   <div class='ocr_carea' id='block_1_88' title="bbox 2090 4437 3788 4542">
    <p class='ocr_par' dir='ltr' id='par_1_88' title="bbox 2090 4439 3788 4542">
     <span class='ocr_line' id='line_1_89' title="bbox 2090 4439 3788 4542; baseline 0.004 -41"><span class='ocrx_word' id='word_1_625' title='bbox 2090 4441 2300 4502; x_wconf 87' lang='lat' dir='ltr'><strong>habeat</strong></span> <span class='ocrx_word' id='word_1_626' title='bbox 2328 4448 2385 4502; x_wconf 93' lang='lat' dir='ltr'><strong>et</strong></span> <span class='ocrx_word' id='word_1_627' title='bbox 2408 4439 2754 4521; x_wconf 68' lang='lat' dir='ltr'><strong>praahabeat</strong></span> <span class='ocrx_word' id='word_1_628' title='bbox 2778 4443 2978 4542; x_wconf 79' lang='lat' dir='ltr'><strong>omnia</strong></span> <span class='ocrx_word' id='word_1_629' title='bbox 3006 4462 3135 4542; x_wconf 71' lang='lat' dir='ltr'><strong>quae</strong></span> <span class='ocrx_word' id='word_1_630' title='bbox 3158 4445 3720 4542; x_wconf 41' lang='lat' dir='ltr'><strong>secundumﬂpoten-</strong></span> <span class='ocrx_word' id='word_1_631' title='bbox 3782 4482 3788 4490; x_wconf 88' lang='lat'><strong><em>-</em></strong></span> 
     </span>
    </p>
   </div>
   <div class='ocr_carea' id='block_1_89' title="bbox 349 4526 2003 4617">
    <p class='ocr_par' dir='ltr' id='par_1_89' title="bbox 349 4526 2000 4611">
     <span class='ocr_line' id='line_1_90' title="bbox 349 4526 2000 4611; baseline -0.002 -23"><span class='ocrx_word' id='word_1_632' title='bbox 349 4534 480 4590; x_wconf 70' lang='grc' dir='ltr'><strong>κατά</strong></span> <span class='ocrx_word' id='word_1_633' title='bbox 510 4531 812 4611; x_wconf 83' lang='grc' dir='ltr'>περιουσίαν</span> <span class='ocrx_word' id='word_1_634' title='bbox 840 4527 1270 4608; x_wconf 76' lang='grc' dir='ltr'>ὑπερϐαλλούσης</span> <span class='ocrx_word' id='word_1_635' title='bbox 1297 4526 1565 4604; x_wconf 63' lang='grc' dir='ltr'>δυνάμεως</span> <span class='ocrx_word' id='word_1_636' title='bbox 1592 4529 1801 4608; x_wconf 75' lang='grc' dir='ltr'>ἀφθόνῳ</span> <span class='ocrx_word' id='word_1_637' title='bbox 1846 4531 2000 4610; x_wconf 82' lang='grc' dir='ltr'>χόσει</span> 
     </span>
    </p>
   </div>
   <div class='ocr_carea' id='block_1_90' title="bbox 2090 4526 3724 4617">
    <p class='ocr_par' dir='ltr' id='par_1_90' title="bbox 2090 4529 3724 4617">
     <span class='ocr_line' id='line_1_91' title="bbox 2090 4529 3724 4617; baseline 0.005 -26"><span class='ocrx_word' id='word_1_638' title='bbox 2090 4529 2226 4592; x_wconf 87' lang='lat' dir='ltr'><strong>liam</strong></span> <span class='ocrx_word' id='word_1_639' title='bbox 2243 4549 2405 4592; x_wconf 90' lang='lat' dir='ltr'><strong>suam</strong></span> <span class='ocrx_word' id='word_1_640' title='bbox 2425 4549 2534 4609; x_wconf 90' lang='lat' dir='ltr'><strong>sup</strong></span> <span class='ocrx_word' id='word_1_641' title='bbox 2546 4531 2996 4593; x_wconf 85' lang='lat' dir='ltr'><strong>raessentialem</strong></span> <span class='ocrx_word' id='word_1_642' title='bbox 3013 4533 3724 4617; x_wconf 82' lang='lat' dir='ltr'><strong>exsistunt,omnibusque</strong></span> 
     </span>
    </p>
   </div>
   <div class='ocr_carea' id='block_1_91' title="bbox 345 4621 814 4700">
    <p class='ocr_par' dir='ltr' id='par_1_91' title="bbox 345 4621 814 4700">
     <span class='ocr_line' id='line_1_92' title="bbox 345 4621 814 4700; baseline 0.006 -26"><span class='ocrx_word' id='word_1_643' title='bbox 345 4621 406 4674; x_wconf 75' lang='lat'><strong>60</strong></span> <span class='ocrx_word' id='word_1_644' title='bbox 429 4621 814 4700; x_wconf 83' lang='grc' dir='ltr'>δεδωρημενον,</span> 
     </span>
    </p>
   </div>
   <div class='ocr_carea' id='block_1_92' title="bbox 2084 4621 3723 4704">
    <p class='ocr_par' dir='ltr' id='par_1_92' title="bbox 2084 4621 3723 4704">
     <span class='ocr_line' id='line_1_93' title="bbox 2084 4621 3723 4704; baseline 0.003 -22"><span class='ocrx_word' id='word_1_645' title='bbox 2084 4621 2419 4700; x_wconf 71' lang='lat' dir='ltr'><strong>rebus,tam</strong></span> <span class='ocrx_word' id='word_1_646' title='bbox 2445 4629 2508 4681; x_wconf 91' lang='lat' dir='ltr'><strong>ut</strong></span> <span class='ocrx_word' id='word_1_647' title='bbox 2539 4638 2671 4682; x_wconf 88' lang='lat' dir='ltr'><strong>esse</strong></span> <span class='ocrx_word' id='word_1_648' title='bbox 2695 4623 3114 4704; x_wconf 87' lang='lat' dir='ltr'><strong>possintquam</strong></span> <span class='ocrx_word' id='word_1_649' title='bbox 3141 4624 3360 4699; x_wconf 90' lang='lat' dir='ltr'><strong>utsint,</strong></span> <span class='ocrx_word' id='word_1_650' title='bbox 3395 4627 3723 4688; x_wconf 75' lang='lat' dir='ltr'><strong>secundum</strong></span> 
     </span>
    </p>
   </div>
   <div class='ocr_carea' id='block_1_93' title="bbox 2080 4709 3721 4794">
    <p class='ocr_par' dir='ltr' id='par_1_93' title="bbox 2080 4709 3721 4794">
     <span class='ocr_line' id='line_1_94' title="bbox 2080 4709 3721 4794; baseline 0.002 -21"><span class='ocrx_word' id='word_1_651' title='bbox 2080 4711 2443 4773; x_wconf 77' lang='lat' dir='ltr'><strong>afﬂuentiam</strong></span> <span class='ocrx_word' id='word_1_652' title='bbox 2481 4709 3024 4791; x_wconf 75' lang='lat' dir='ltr'><strong>superabundantis</strong></span> <span class='ocrx_word' id='word_1_653' title='bbox 3047 4714 3352 4794; x_wconf 79' lang='lat' dir='ltr'><strong>potestatis</strong></span> <span class='ocrx_word' id='word_1_654' title='bbox 3374 4714 3610 4794; x_wconf 88' lang='lat' dir='ltr'><strong>cepiosa</strong></span> <span class='ocrx_word' id='word_1_655' title='bbox 3628 4715 3721 4776; x_wconf 87' lang='lat' dir='ltr'><strong>fu-</strong></span> 
     </span>
    </p>
   </div>
   <div class='ocr_carea' id='block_1_94' title="bbox 2080 4799 2590 4880">
    <p class='ocr_par' dir='ltr' id='par_1_94' title="bbox 2080 4799 2590 4880">
     <span class='ocr_line' id='line_1_95' title="bbox 2080 4799 2590 4880; baseline -0.008 -16"><span class='ocrx_word' id='word_1_656' title='bbox 2080 4801 2247 4864; x_wconf 86' lang='lat' dir='ltr'><strong>sione</strong></span> <span class='ocrx_word' id='word_1_657' title='bbox 2283 4799 2590 4880; x_wconf 73' lang='lat' dir='ltr'><strong>largiatur.</strong></span> 
     </span>
    </p>
   </div>
   <div class='ocr_carea' id='block_1_95' title="bbox 1947 4960 2147 5041">
    <p class='ocr_par' dir='ltr' id='par_1_95' title="bbox 1947 4960 2147 5041">
     <span class='ocr_line' id='line_1_96' title="bbox 1947 4960 2147 5041; baseline -0.01 -15"><span class='ocrx_word' id='word_1_658' title='bbox 1947 4960 1976 5041; x_wconf 84' lang='lat'>§</span> <span class='ocrx_word' id='word_1_659' title='bbox 2021 4961 2147 5028; x_wconf 85' lang='lat' dir='ltr'><strong>VII.</strong></span> 
     </span>
    </p>
   </div>
   <div class='ocr_carea' id='block_1_96' title="bbox 431 5126 2002 5209">
    <p class='ocr_par' dir='ltr' id='par_1_96' title="bbox 431 5126 2002 5209">
     <span class='ocr_line' id='line_1_97' title="bbox 431 5126 2002 5209; baseline -0.008 -17"><span class='ocrx_word' id='word_1_660' title='bbox 431 5133 752 5200; x_wconf 73' lang='grc' dir='ltr'>Δικαιοσύνη</span> <span class='ocrx_word' id='word_1_661' title='bbox 797 5129 850 5187; x_wconf 73' lang='grc' dir='ltr'><strong>δὲ</strong></span> <span class='ocrx_word' id='word_1_662' title='bbox 880 5129 1022 5194; x_wconf 78' lang='grc' dir='ltr'>αὖθις</span> <span class='ocrx_word' id='word_1_663' title='bbox 1055 5132 1082 5186; x_wconf 90' lang='lat'><strong>6</strong></span> <span class='ocrx_word' id='word_1_664' title='bbox 1115 5132 1268 5209; x_wconf 87' lang='grc' dir='ltr'>Θεὸς,</span> <span class='ocrx_word' id='word_1_665' title='bbox 1306 5131 1381 5193; x_wconf 82' lang='grc' dir='ltr'>ὡς</span> <span class='ocrx_word' id='word_1_666' title='bbox 1439 5134 1568 5186; x_wconf 79' lang='grc' dir='ltr'>πᾶσι</span> <span class='ocrx_word' id='word_1_667' title='bbox 1600 5129 1665 5184; x_wconf 76' lang='grc' dir='ltr'>τὰ</span> <span class='ocrx_word' id='word_1_668' title='bbox 1709 5126 1826 5184; x_wconf 83' lang='grc' dir='ltr'>κατ’</span> <span class='ocrx_word' id='word_1_669' title='bbox 1857 5128 2002 5195; x_wconf 73' lang='grc' dir='ltr'>ἀξίαν</span> 
     </span>
    </p>
   </div>
   <div class='ocr_carea' id='block_1_97' title="bbox 347 5211 2000 5302">
    <p class='ocr_par' dir='ltr' id='par_1_97' title="bbox 347 5211 2000 5302">
     <span class='ocr_line' id='line_1_98' title="bbox 347 5211 2000 5302; baseline -0.005 -18"><span class='ocrx_word' id='word_1_670' title='bbox 347 5227 628 5302; x_wconf 77' lang='grc' dir='ltr'>ἀπονέμων</span> <span class='ocrx_word' id='word_1_671' title='bbox 676 5225 946 5298; x_wconf 76' lang='grc' dir='ltr'>ὑμνεῖται,</span> <span class='ocrx_word' id='word_1_672' title='bbox 1022 5222 1428 5296; x_wconf 73' lang='grc' dir='ltr'>γαὶεῦμετρίαν,</span> <span class='ocrx_word' id='word_1_673' title='bbox 1489 5221 1574 5275; x_wconf 84' lang='grc' dir='ltr'><strong>καὶ</strong></span> <span class='ocrx_word' id='word_1_674' title='bbox 1621 5217 1837 5299; x_wconf 75' lang='grc' dir='ltr'>κάλλὸς,</span> <span class='ocrx_word' id='word_1_675' title='bbox 1914 5211 2000 5302; x_wconf 55' lang='grc' dir='ltr'>καῖ-</span> 
     </span>
    </p>
   </div>
   <div class='ocr_carea' id='block_1_98' title="bbox 347 5293 2001 5391">
    <p class='ocr_par' dir='ltr' id='par_1_98' title="bbox 347 5293 2001 5391">
     <span class='ocr_line' id='line_1_99' title="bbox 347 5293 2001 5391; baseline -0.016 -17"><span class='ocrx_word' id='word_1_676' title='bbox 347 5315 604 5391; x_wconf 74' lang='grc' dir='ltr'>ιῦταξίαν,</span> <span class='ocrx_word' id='word_1_677' title='bbox 637 5317 722 5370; x_wconf 67' lang='grc' dir='ltr'><strong>καὶ</strong></span> <span class='ocrx_word' id='word_1_678' title='bbox 785 5311 1163 5389; x_wconf 79' lang='grc' dir='ltr'>διακόσμησιν,</span> <span class='ocrx_word' id='word_1_679' title='bbox 1227 5312 1313 5368; x_wconf 78' lang='grc' dir='ltr'>καὶ</span> <span class='ocrx_word' id='word_1_680' title='bbox 1371 5309 1544 5372; x_wconf 75' lang='grc' dir='ltr'>πάσας</span> <span class='ocrx_word' id='word_1_681' title='bbox 1604 5306 1855 5381; x_wconf 70' lang='grc' dir='ltr'>διανομὰς</span> <span class='ocrx_word' id='word_1_682' title='bbox 1914 5293 2001 5366; x_wconf 68' lang='grc' dir='ltr'>καὶ</span> 
     </span>
    </p>
   </div>
   <div class='ocr_carea' id='block_1_99' title="bbox 425 5473 956 5549">
    <p class='ocr_par' dir='ltr' id='par_1_99' title="bbox 425 5473 956 5549">
     <span class='ocr_line' id='line_1_100' title="bbox 425 5473 956 5549; baseline -0.008 -10"><span class='ocrx_word' id='word_1_683' title='bbox 425 5492 452 5521; x_wconf 76' lang='grc' dir='ltr'>α</span> <span class='ocrx_word' id='word_1_684' title='bbox 481 5476 530 5539; x_wconf 91' lang='lat' dir='ltr'><strong>II</strong></span> <span class='ocrx_word' id='word_1_685' title='bbox 560 5473 717 5538; x_wconf 88' lang='lat' dir='ltr'><strong>Tim.</strong></span> <span class='ocrx_word' id='word_1_686' title='bbox 754 5489 822 5549; x_wconf 79' lang='grc' dir='ltr'><strong>ιι,</strong></span> <span class='ocrx_word' id='word_1_687' title='bbox 862 5475 956 5536; x_wconf 83' lang='grc'><strong>13.</strong></span> 
     </span>
    </p>
   </div>
   <div class='ocr_carea' id='block_1_100' title="bbox 2166 5123 3720 5206">
    <p class='ocr_par' dir='ltr' id='par_1_100' title="bbox 2166 5123 3720 5206">
     <span class='ocr_line' id='line_1_101' title="bbox 2166 5123 3720 5206; baseline 0.001 -20"><span class='ocrx_word' id='word_1_688' title='bbox 2166 5123 2465 5202; x_wconf 83' lang='lat' dir='ltr'><strong>Ajustitia</strong></span> <span class='ocrx_word' id='word_1_689' title='bbox 2504 5130 2699 5183; x_wconf 90' lang='lat' dir='ltr'><strong>autem</strong></span> <span class='ocrx_word' id='word_1_690' title='bbox 2752 5139 2958 5185; x_wconf 88' lang='lat' dir='ltr'><strong>rursus</strong></span> <span class='ocrx_word' id='word_1_691' title='bbox 3018 5123 3297 5186; x_wconf 86' lang='lat' dir='ltr'><strong>laudatur</strong></span> <span class='ocrx_word' id='word_1_692' title='bbox 3329 5125 3514 5200; x_wconf 89' lang='lat' dir='ltr'><strong>Dens,</strong></span> <span class='ocrx_word' id='word_1_693' title='bbox 3562 5126 3720 5206; x_wconf 91' lang='lat' dir='ltr'><strong>quod</strong></span> 
     </span>
    </p>
   </div>
   <div class='ocr_carea' id='block_1_101' title="bbox 2085 5211 3721 5294">
    <p class='ocr_par' dir='ltr' id='par_1_101' title="bbox 2085 5211 3721 5294">
     <span class='ocr_line' id='line_1_102' title="bbox 2085 5211 3721 5294; baseline -0.001 -18"><span class='ocrx_word' id='word_1_694' title='bbox 2085 5213 2390 5281; x_wconf 87' lang='lat' dir='ltr'><strong>omnibus,</strong></span> <span class='ocrx_word' id='word_1_695' title='bbox 2419 5219 2482 5273; x_wconf 88' lang='lat' dir='ltr'><strong>ut</strong></span> <span class='ocrx_word' id='word_1_696' title='bbox 2513 5211 2760 5286; x_wconf 70' lang='lat' dir='ltr'><strong>dignum</strong></span> <span class='ocrx_word' id='word_1_697' title='bbox 2803 5221 2914 5286; x_wconf 90' lang='lat' dir='ltr'><strong>est,</strong></span> <span class='ocrx_word' id='word_1_698' title='bbox 2947 5215 3166 5275; x_wconf 86' lang='lat' dir='ltr'><strong>tribuat</strong></span> <span class='ocrx_word' id='word_1_699' title='bbox 3199 5223 3258 5278; x_wconf 86' lang='lat' dir='ltr'><strong>et</strong></span> <span class='ocrx_word' id='word_1_700' title='bbox 3291 5223 3721 5294; x_wconf 80' lang='lat' dir='ltr'><strong>congruentem</strong></span> 
     </span>
    </p>
   </div>
   <div class='ocr_carea' id='block_1_102' title="bbox 2084 5298 3724 5384">
    <p class='ocr_par' dir='ltr' id='par_1_102' title="bbox 2084 5298 3724 5384">
     <span class='ocr_line' id='line_1_103' title="bbox 2084 5298 3724 5384; baseline -0.001 -18"><span class='ocrx_word' id='word_1_701' title='bbox 2084 5304 2416 5379; x_wconf 88' lang='lat' dir='ltr'><strong>modum,et</strong></span> <span class='ocrx_word' id='word_1_702' title='bbox 2438 5298 3027 5381; x_wconf 86' lang='lat' dir='ltr'><strong>pulchritudinem,et</strong></span> <span class='ocrx_word' id='word_1_703' title='bbox 3045 5305 3538 5384; x_wconf 89' lang='lat' dir='ltr'><strong>compositionem</strong></span> <span class='ocrx_word' id='word_1_704' title='bbox 3555 5303 3724 5365; x_wconf 87' lang='lat' dir='ltr'><strong>ordi-</strong></span> 
     </span>
    </p>
   </div>
   <div class='ocr_carea' id='block_1_103' title="bbox 1670 5541 2412 5615">
    <p class='ocr_par' dir='ltr' id='par_1_103' title="bbox 1670 5541 2412 5615">
     <span class='ocr_line' id='line_1_104' title="bbox 1670 5541 2412 5615; baseline -0.003 -3"><span class='ocrx_word' id='word_1_705' title='bbox 1670 5547 1932 5615; x_wconf 67' lang='lat' dir='ltr'><strong>VARIJE</strong></span> <span class='ocrx_word' id='word_1_706' title='bbox 1973 5543 2296 5614; x_wconf 87' lang='lat' dir='ltr'><strong>LECTION</strong></span> <span class='ocrx_word' id='word_1_707' title='bbox 2304 5541 2412 5610; x_wconf 86' lang='lat' dir='ltr'><strong>ES.</strong></span> 
     </span>
    </p>
   </div>
   <div class='ocr_carea' id='block_1_104' title="bbox 422 5681 2675 5766">
    <p class='ocr_par' dir='ltr' id='par_1_104' title="bbox 422 5681 2675 5766">
     <span class='ocr_line' id='line_1_105' title="bbox 422 5681 2675 5766; baseline -0.004 -19"><span class='ocrx_word' id='word_1_708' title='bbox 422 5689 482 5740; x_wconf 66' lang='grc'><strong>49</strong></span> <span class='ocrx_word' id='word_1_709' title='bbox 511 5688 822 5750; x_wconf 65' lang='grc' dir='ltr'>εὖδιᾶλυπον</span> <span class='ocrx_word' id='word_1_710' title='bbox 876 5681 1072 5766; x_wconf 81' lang='grc' dir='ltr'>μονήν,</span> <span class='ocrx_word' id='word_1_711' title='bbox 1105 5689 1174 5753; x_wconf 89' lang='grc' dir='ltr'>Ρ,</span> <span class='ocrx_word' id='word_1_712' title='bbox 1259 5685 1314 5730; x_wconf 63' lang='grc'><strong>⁸³</strong></span> <span class='ocrx_word' id='word_1_713' title='bbox 1358 5689 1474 5751; x_wconf 82' lang='grc' dir='ltr'>τοῖς</span> <span class='ocrx_word' id='word_1_714' title='bbox 1519 5686 1844 5753; x_wconf 76' lang='grc' dir='ltr'>θεωμένοις,</span> <span class='ocrx_word' id='word_1_715' title='bbox 1909 5685 1973 5751; x_wconf 90' lang='lat' dir='ltr'><strong>S.</strong></span> <span class='ocrx_word' id='word_1_716' title='bbox 2059 5685 2116 5730; x_wconf 59' lang='grc' dir='ltr'>η</span> <span class='ocrx_word' id='word_1_717' title='bbox 2165 5683 2675 5761; x_wconf 70' lang='grc' dir='ltr'>παντοκρατορικήν.</span> 
     </span>
    </p>
   </div>
   <div class='ocr_carea' id='block_1_105' title="bbox 343 5766 1817 5852">
    <p class='ocr_par' dir='ltr' id='par_1_105' title="bbox 343 5766 1817 5852">
     <span class='ocr_line' id='line_1_106' title="bbox 343 5766 1817 5852; baseline 0.012 -35"><span class='ocrx_word' id='word_1_718' title='bbox 343 5770 470 5818; x_wconf 63' lang='grc' dir='ltr'><strong>στω</strong></span> <span class='ocrx_word' id='word_1_719' title='bbox 499 5771 760 5836; x_wconf 71' lang='grc' dir='ltr'>ἅπαντας.</span> <span class='ocrx_word' id='word_1_720' title='bbox 843 5767 898 5814; x_wconf 64' lang='lat'><strong>‘9</strong></span> <span class='ocrx_word' id='word_1_721' title='bbox 926 5770 1053 5852; x_wconf 81' lang='grc' dir='ltr'>ὑπὲρ</span> <span class='ocrx_word' id='word_1_722' title='bbox 1082 5768 1323 5848; x_wconf 69' lang='grc' dir='ltr'>δόναμιν,</span> <span class='ocrx_word' id='word_1_723' title='bbox 1358 5768 1419 5832; x_wconf 80' lang='lat' dir='ltr'><strong>S.</strong></span> <span class='ocrx_word' id='word_1_724' title='bbox 1506 5766 1571 5818; x_wconf 70' lang='lat'><strong>50</strong></span> <span class='ocrx_word' id='word_1_725' title='bbox 1598 5769 1817 5848; x_wconf 78' lang='grc' dir='ltr'>χρήσει.</span> 
     </span>
    </p>
   </div>
   <div class='ocr_carea' id='block_1_106' title="bbox 2761 5676 3711 5764">
    <p class='ocr_par' dir='ltr' id='par_1_106' title="bbox 2761 5676 3711 5764">
     <span class='ocr_line' id='line_1_107' title="bbox 2761 5676 3711 5764; baseline -0.001 -21"><span class='ocrx_word' id='word_1_726' title='bbox 2761 5682 2824 5736; x_wconf 65' lang='grc' dir='ltr'><strong>ιδ</strong></span> <span class='ocrx_word' id='word_1_727' title='bbox 2861 5689 3125 5764; x_wconf 73' lang='grc' dir='ltr'>προσθείς.</span> <span class='ocrx_word' id='word_1_728' title='bbox 3210 5681 3264 5727; x_wconf 76' lang='grc' dir='ltr'><strong>⁸ο</strong></span> <span class='ocrx_word' id='word_1_729' title='bbox 3290 5682 3599 5744; x_wconf 80' lang='grc' dir='ltr'>κατάλυσιν.</span> <span class='ocrx_word' id='word_1_730' title='bbox 3646 5676 3711 5742; x_wconf 80' lang='lat' dir='ltr'><strong>S‘</strong></span> 
     </span>
    </p>
   </div>
  </div>
