4134 6156
462 373 582 442 895

1630 373 1694 439 S.
1733 374 2075 438 DIONYSIl
2112 372 2644 439 AREOPAGITIE.

3708 371 3822 440 896

462 513 557 575 nis
581 520 638 574 et
655 505 1190 592 dispositionem;et
1216 507 1493 570 omnibus
1513 505 1844 590 dispertiat,
1881 519 1944 570 et
1965 510 2092 571 sin-

2194 509 2347 575 ταΞεις
2379 510 2636 590 ἀφορίζων
2679 509 2887 586 ἑκάστῳ
2931 510 3067 567 κατά
3107 511 3198 567 τὸν
3243 509 3406 576 ὅντως
3463 510 3586 568 ὄντα
3615 509 3819 570 δικαιό-

463 603 618 683 gulis
639 603 876 663 ordines
899 599 1584 683 praestituat,sccundum
1608 617 1801 661 veram
1826 601 2102 679 etjustis-

468 692 678 753 simam
713 693 1217 772 praescriptionem
1249 711 1265 766 ;
1291 699 1348 750 et
1370 689 1644 751 omnibus
1668 707 1791 750 suae
1812 691 2103 770 cujusque

468 781 714 843 actionis
736 790 940 842 auctor
957 779 1270 842 sit.0mnia
1288 779 1444 839 enim
1471 778 1666 839 divina
1689 778 1912 857 justitia
1941 779 2100 840 ordi-

469 880 591 947 nat,
611 871 1062 944 etdeterminat,
1100 869 1420 949 omniaque
1439 868 1512 929 ab
1531 869 1795 930 omnium
1831 867 2106 931 mistione

472 974 530 1026 et
561 963 907 1025 confusione
941 963 1124 1024 libera
1155 981 1422 1042 servans,
1455 963 1668 1042 cuique
1695 961 2106 1023 convenientia

471 1051 654 1114 rebus
685 1052 960 1114 omnibus
1000 1052 1225 1125 tribuit,
1284 1059 1462 1133 prout
1493 1052 1782 1132 cujusque
1832 1051 2107 1128 congruit

477 1143 767 1221 dignitati.
791 1141 1019 1204 Etenim
1044 1143 1093 1202 si
1116 1142 1239 1203 haec
1256 1151 1418 1202 recte
1445 1141 1722 1216 dicimus,
1754 1140 1792 1201 ii
1823 1147 1922 1222 qui
1953 1142 2105 1202 divi-

473 1235 910 1314 namjustitiam
931 1233 1299 1308 cavillantur,
1318 1233 1456 1294 dum
1484 1232 1730 1293 minime
1764 1232 2104 1304 advertunt,

474 1342 640 1385 suam
672 1324 780 1405 ipsi
832 1324 1182 1402 injustitiam
1228 1323 1538 1384 manifesto
1572 1323 1896 1395 damnant;
1940 1325 2109 1385 aiunt

470 1413 1008 1486 enim,mortalibus
1040 1414 1260 1474 debere
1284 1412 1480 1473 inesse
1505 1411 2108 1492 immortalitatem,“

464 1501 643 1564 rebus
662 1503 1024 1582 imperfectis
1046 1505 1501 1584 perfectionem,
1537 1504 1724 1582 iisque
1742 1522 1871 1584 qua:
1893 1503 2107 1581 seipsis

472 1593 1030 1654 moventuraliunde
1058 1604 1274 1655 motam
1302 1599 1814 1672 necessitatem,ac
1847 1590 2108 1652 mutabi-

473 1683 630 1746 libus
660 1683 1122 1759 identitatem,et
1144 1682 1546 1744 imbecillibus
1572 1683 1923 1764 perficiendi
1948 1694 2111 1763 pote-

2185 622 2342 656 τατον
2381 602 2523 677 ὃρον,
2575 601 2663 656 καὶ
2719 607 2846 656 πᾶσι
2904 602 3001 667 τῆς
3063 602 3232 657 αὑτῶν
3294 599 3525 658 ἕκαστων
3559 601 3823 682 αύτοπραο

2185 693 2302 768 γίας
2333 690 2506 754 αέτιος
2538 690 2633 752 ὥν,
2670 691 2848 746 Πάντα
2901 691 2999 768 γὰρ
3028 692 3064 758 ἦ
3122 691 3231 747 θεία
3283 689 3584 760 δικαιοσύνη
3626 693 3824 769 τάττει,

2187 783 2274 836 καὶ
2301 782 2560 860 δροθετεῖ,
2595 781 2683 836 καὶ
2713 781 2883 836 πάντα
2914 781 3018 837 ἀπὸ
3068 782 3280 839 πάντων
3343 781 3510 860 ἀμιγῆ
3543 785 3626 839 καὶ
3655 784 3827 858 ἀσύμ-

2190 870 2354 948 φορτά
2404 868 2755 944 διασῶζουσα,
2800 872 2866 927 τὰ
2896 872 3105 944 ἑκάστῳ
3133 873 3477 952 προσήκοντα
3527 879 3654 929 πᾶσι
3709 874 3828 938 τοῖς

2190 967 2302 1016 οὖσι
2333 957 2585 1038 δωρεῖται
2629 962 2765 1016 κατά
2809 962 2907 1028 τὴν
2967 959 3173 1036 ἑκάστῳ
3227 968 3333 1018 τῶν
3391 962 3557 1018 ὄντων
3611 961 3832 1020 ἐπιϐάλ-

2189 1049 2382 1106 λουσαν
2439 1051 2606 1116 ἀξίαν,
2669 1053 2766 1108 Καὶ
2825 1054 2869 1107 εἰ
2925 1054 3089 1108 ταῦτα
3147 1054 3310 1130 ὀρθῶς
3367 1057 3560 1131 φαμεν,
3609 1054 3721 1110 ὅσοι
3765 1061 3831 1130 τῇ

2188 1141 2298 1211 θείᾳ
2339 1139 2780 1218 διαλοιδοροῦνται
2835 1139 3164 1219 δικαιοσύνῃ,
3224 1141 3565 1199 λανθάνουσιν
3635 1147 3830 1200 ἑαυτῶν

2191 1229 2391 1286 ἀδικίαν
2446 1231 2642 1309 ἐναργῆ
2703 1233 3217 1312 καταψηφιζόμενον
3272 1235 3396 1314 φασὶ
3448 1235 3548 1311 γὰο
3605 1234 3829 1315 ὁιρεθιειν

2191 1321 2394 1377 ἐκεῖναι
2425 1322 2478 1372 51
2512 1324 2633 1387 τοῖς
2680 1327 2899 1390 θνητοῖς
2933 1323 3030 1390 τὴν
3074 1324 3380 1398 ἀθανασίαν,
3425 1328 3657 1389 καὶτοῖς
3705 1328 3828 1381 ἀτε-

2190 1410 2301 1465 λέσι
2328 1413 2388 1467 τὸ
2418 1411 2644 1487 τέλειον,
2671 1417 2758 1469 καὶ
2788 1415 2907 1476 τοῖς
2950 1415 3314 1484 αὐτοκινήτοις
3369 1415 3468 1482 τὴν
3527 1416 3829 1487 ἑτεροκίνη-

2189 1523 2278 1557 τον
2302 1500 2360 1552 59
2393 1503 2653 1579 ἀνάγκην,
2711 1506 2797 1559 καὶ
2846 1516 2963 1568 τοῖς
3020 1503 3341 1569 ἀλλοιωτοῖς
3383 1505 3480 1572 τήν
3510 1505 3828 1580 τπῖιτότητα,

2191 1594 2278 1646 καὶ
2321 1593 2387 1647 τὰ
2425 1590 2800 1668 τελειοδύναμα
2857 1594 2978 1654 τοῖς
3023 1595 3282 1668 ἀσθενέσι,
3345 1597 3429 1649 καὶ
3488 1594 3636 1650 ἀίδια
3693 1597 3832 1652 εἶναι

2189 1683 2252 1736 τὰ
2299 1680 2556 1760 ἔγχρονα,
2604 1684 2690 1739 καὶ
2750 1681 3054 1758 ἀμετάϐολα
3111 1685 3176 1739 τὰ
3233 1685 3382 1762 φύσει
3440 1685 3504 1734 53
3533 1685 3831 1756 κὶνούμενα,

469 1780 704 1846 etatem,
734 1773 875 1836 item
905 1792 974 1836 ea
1005 1792 1141 1854 qua:
1164 1782 1546 1852 temporanea
1573 1782 1712 1834 sunt
1730 1791 1864 1835 esse
1888 1790 2104 1854 perpe-

2194 1773 2276 1827 καὶ
2332 1773 2425 1834 τὰς
2482 1771 2778 1850 ἐπικαίρους
2840 1771 3029 1841 ἡδονὰς
3085 1775 3295 1836 αἰωνίας
3351 1775 3439 1856 δι,
3484 1779 3571 1831 καί
3601 1773 3742 1838 ὅλως
3773 1777 3838 1830 τὰ

474 1876 596 1940 tua,
642 1873 698 1926 et
729 1863 1119 1927 immutabilia
1177 1884 1307 1947 quae
1361 1885 1390 1926 a
1427 1873 1635 1928 natura
1666 1875 2010 1932 moventur.
2047 1876 2108 1926 et.

2194 1861 2369 1918 ἄλλων
2429 1861 2610 1928 ἄλλοις
2661 1861 2991 1926 ἀποδιδόασι,
3029 1864 3156 1921 Δέον
3202 1862 3413 1938 εἰδέναι,
3444 1866 3542 1932 τήν
3583 1866 3727 1921 θείαν
3755 1863 3834 1920 δι-

471 1963 883 2035 temporaneas
901 1956 1225 2036 voluptates
1254 1965 1540 2018 aeternum
1577 1957 2108 2037 perdurare,atque

2194 1955 2477 2020 καιοσὺνην
2509 1953 2560 2009 ἐν
2593 1953 2761 2027 τούτῳ
2819 1956 2984 2015 ὅντως
3034 1955 3190 2012 οὖσαν
3257 1955 3430 2024 ἀληθῆ
3474 1953 3837 2036 δικαιοσύνην,

469 2044 747 2106 universe
796 2045 896 2106 illa
947 2064 1080 2126 quae
1131 2045 1382 2107 aliorum
1441 2046 1575 2108 aliis
1605 2046 1957 2110 attribuunt.
1991 2044 2108 2108 Sed

2194 2042 2269 2098 ἔτι
2299 2049 2460 2100 πᾶσιν
2506 2044 2761 2117 ἀπονεμει
2804 2045 2871 2101 τὰ
2925 2046 3105 2102 οἶκεϊα
3154 2047 3290 2102 κατὰ
3320 2047 3420 2113 τὴν
3454 2047 3679 2104 ἐκάστοϋ
3734 2045 3838 2102 τῶν

471 2134 782 2196 sciendum
817 2144 928 2216 est,
965 2135 1224 2198 divinam
1256 2137 1539 2218 justitiam
1581 2137 1691 2198 lioc
1739 2136 1868 2217 ipso
1901 2154 2108 2198 revera

2194 2133 2356 2190 θντων
2399 2134 2565 2208 ἀξίαν,
2626 2136 2713 2191 καὶ
2755 2135 2850 2203 τὴν
2897 2135 3120 2193 ἑκάστου
3165 2137 3314 2217 φύσιν
3372 2136 3456 2194 ἐπὶ
3499 2141 3600 2204 τῆς
3645 2139 3836 2201 οἰκείας

473 2243 669 2286 veram
700 2243 833 2287 esse
855 2226 1351 2308 justitiam,quod
1375 2227 1655 2289 omnibus
1687 2245 1817 2308 quae
1833 2246 1940 2289 sua
1970 2234 2108 2288 sunt

2194 2222 2432 2296 διασώζει
2462 2222 2660 2290 τάξεως
2705 2226 2790 2281 καὶ
2822 2222 3118 2301 δυνάμεως.

477 2313 694 2378 tribuat
719 2333 827 2394 pro
851 2315 1065 2378 merito
1087 2317 1486 2396 singulorum,
1503 2325 1677 2398 atque
1696 2328 1968 2380 naturam
2002 2335 2115 2379 cu-

469 2405 689 2486 jusque
709 2405 770 2469 in
805 2406 1016 2469 ordine
1048 2409 1288 2489 prOprio
1313 2408 1696 2489 potentiaque
1718 2408 2030 2471 custodiat.

2031 2571 2061 2650 ς
2105 2564 2264 2631 VIII.

550 2731 625 2792 At
651 2731 874 2794 dixeris
903 2731 1153 2814 aliquis:
1218 2735 1350 2797 Non
1401 2743 1490 2795 est
1541 2733 1807 2814 justitiae,
1866 2732 2108 2814 permit-

2273 2727 2422 2786 Ἀλλ’
2454 2726 2601 2784 εἴποι
2646 2726 2708 2784 ἄν
2742 2748 2842 2793 τις.
2900 2729 3007 2786 Οὔκ
3062 2727 3174 2785 ἔστι
3231 2726 3591 2802 δικαιοσύνης,
3652 2727 3839 2806 ἄνδρας

479 2831 606 2884 tere
654 2823 810 2884 viros
868 2833 1105 2887 sanctos
1163 2824 1389 2887 auxilio
1421 2825 1740 2886 destitutos
1769 2843 1803 2885 a
1834 2823 2108 2905 pessimis

2194 2818 2366 2881 ὁσίους
2395 2817 2484 2890 ἐᾷν
2516 2815 2970 2897 ἀϐοῆθτίτους,ὓπὸ
2998 2823 3104 2875 τῶν
3147 2818 3360 2899 φαύλῶν
3389 2818 3833 2899 ὲκτρυχομένους.

476 2911 808 2995 quibusque
825 2915 1310 2977 conculcariCui
1336 2915 1852 2994 respondendum,
1879 2913 2037 2995 quod
2059 2913 2108 2976 si

2197 2909 2330 2986 Πρὸς
2362 2905 2421 2962 ὅν
2448 2908 2659 2985 ῥητέον,
2694 2910 2769 2972 ὡς
2812 2909 2856 2964 εἰ
2905 2908 3003 2983 μὲν
3043 2909 3322 2987 ἀγαπῶσιν
3378 2907 3466 2974 οὖς
3508 2911 3612 2990 φὴς
3643 2912 3834 2984 ὁσίους,

480 3002 716 3084 quidem
740 3002 1005 3083 illi,quos
1031 3005 1298 3086 appellas
1319 3014 1580 3075 sanctos,
1597 3015 1834 3066 terrena
1857 3003 2108 3084 diligunt

2194 3000 2258 3054 τὰ
2286 2997 2371 3054 ἐπὶ
2401 3002 2502 3075 γῆς
2551 2998 2652 3054 ὑπὸ
2711 2998 2818 3055 τῶν
2848 2998 3125 3076 προσύλων
3175 2998 3499 3079 ζηλούμενα,
3562 3003 3660 3057 τοῦ
3706 3001 3841 3057 θείου

481 3109 609 3172 quae
624 3092 698 3152 ab
721 3093 1085 3154 amatoribus
1111 3113 1309 3155 rerum
1327 3094 1726 3156 materialium
1743 3093 2108 3176 ambiuntur,

2195 3090 2404 3154 πάντως
2458 3088 2866 3146 ἐκπεπτώκασιν
2935 3088 3153 3167 ἔρωτος.
3204 3091 3301 3148 Καὶ
3360 3091 3454 3147 οὒκ
3507 3088 3618 3146 οἶδ’
3700 3089 3844 3150 ὅπως

478 3179 565 3240 vel
589 3181 700 3241 hoc
715 3181 844 3262 ipso
855 3183 978 3262 jam
1001 3202 1034 3244 a
1051 3182 1252 3244 divino
1265 3201 1470 3245 amore
1485 3183 1721 3263 penitus
1736 3183 2108 3248 exciderunt.

2199 3177 2337 3235 ὅσιοι
2389 3176 2640 3246 κληθεῖεν
2695 3178 2780 3256 ἅν,
2839 3176 3136 3243 ἀδικοῦντες
3187 3180 3253 3236 τὰ
3308 3178 3474 3244 ὅντως
3509 3179 3707 3258 ἐραστὰ
3763 3181 3846 3235 καὶ

480 3267 680 3351 Neque
701 3290 844 3335 sane
885 3273 1178 3352 intelligo,
1227 3292 1483 3354 quanam
1515 3274 1750 3334 ratione
1781 3273 1967 3335 sancti
1997 3274 2108 3336 dici

2197 3267 2342 3341 θεῖα,
2402 3281 2519 3330 τοῖς
2577 3266 2871 3339 ἀζηλώτοις
2928 3269 3013 3324 καὶ
3083 3267 3388 3345 ἀνεράστοις
3425 3267 3512 3324 ὑπ’
3549 3271 3725 3325 αὐτῶν
3754 3271 3844 3326 οὗιι

481 3361 732 3441 possint,
749 3361 848 3443 qui
871 3380 970 3424 res
991 3380 1130 3425 vere
1159 3362 1443 3425 amandas
1469 3372 1524 3424 et
1546 3362 1776 3424 divinas
1799 3371 2116 3426 contume-

479 3447 574 3510 liis
594 3449 1029 3532 afﬁciunt,dum
1058 3471 1158 3514 eas
1174 3453 1354 3516 rebus
1376 3453 1674 3532 fugiendis
1693 3458 1755 3516 et
1769 3453 2118 3515 abominan-

483 3538 598 3614 dis,
629 3560 775 3622 quas
804 3542 1030 3604 nefarie
1062 3545 1448 3617 insectantur,
1485 3541 1730 3606 minime
1761 3544 2113 3621 praeferunt.

485 3626 584 3691 Sin
615 3639 810 3693 autem
864 3650 934 3694 ea
961 3651 1093 3712 quae
1123 3651 1260 3696 vere
1292 3641 1429 3696 sunt
1458 3646 1752 3706 amarent,
1785 3633 2119 3710 gauderent

482 3718 708 3795 utique,
735 3719 890 3800 quod
917 3722 1036 3782 voti
1063 3731 1368 3802 compotes
1397 3721 1530 3784 fieri
1561 3722 1804 3803 possint.
1841 3720 2117 3802 Nunquid

484 3821 623 3870 tunc
656 3809 840 3887 magis
872 3810 944 3871 ad
1004 3812 1304 3891 angelicas
1332 3813 1576 3874 virtutes
1629 3811 1943 3887 accedunt,
1979 3830 2114 3874 cum

485 3915 681 3960 rerum
713 3899 1047 3962 divinarum
1071 3902 1296 3977 studio,
1331 3910 1616 3982 quantum
1653 3908 1966 3982 possunt,a
1997 3920 2118 3964 ma-

484 3989 773 4052 terialium
799 3991 933 4051 477
961 3991 1276 4054 affectione
1306 3992 1620 4066 recedunt,
1656 4001 1715 4052 et
1743 3991 1814 4053 ad
1842 3992 1954 4054 hoc
1972 3991 2116 4052 viri-

487 4078 619 4141 liter
655 4090 1011 4144 exercentur
1032 4082 1318 4163 periculis
1344 4100 1479 4164 quaa
1510 4082 1744 4144 honesti
1775 4100 1951 4143 causa
1979 4081 2118 4144 sub-

483 4177 621 4230 eunt
649 4170 680 4231 ?
712 4173 913 4252 Itaque
935 4173 1050 4232 hoc
1085 4188 1220 4233 vere
1240 4172 1360 4234 dici
1389 4181 1611 4252 potest,
1646 4171 2118 4253 divinaajustitiae

484 4259 666 4338 magis
687 4279 1042 4343 congruere,
1074 4267 1140 4325 ut
1173 4279 1477 4339 nunquam
1511 4261 1764 4342 patiatur
1792 4262 2116 4342 proborum

484 4348 738 4412 virorum
759 4350 930 4412 virile
952 4349 1141 4412 robur
1159 4369 1357 4412 rerum
1383 4350 1782 4413 materialium
1798 4351 2120 4431 largitioni-

483 4437 593 4500 bus
613 4440 881 4502 enervari
900 4449 1076 4521 atque
1097 4440 1525 4521 emolliri;quin
1552 4439 1767 4520 potius,
1804 4441 1851 4502 si
1885 4441 2025 4520 quis
2057 4439 2116 4502 id

2201 3358 2400 3436 εὒαγῶς
2462 3356 3005 3436 παρευδοκιμιιύμενα.
3065 3361 3124 3418 Εἰ
3177 3357 3231 3414 δὲ
3291 3365 3399 3415 τῶν
3455 3358 3624 3424 ὅντώς
3681 3361 3844 3416 ’ὄντων

2201 3449 2381 3526 ἐρῶσι,
2414 3450 2772 3528 εὐφραίνεσθαι
2815 3450 2927 3528 χρὴ
2971 3450 3094 3512 τοὺς
3123 3451 3280 3505 τινῶν
3311 3449 3645 3528 ἐφιεμένοῦς,
3700 3449 3847 3518 ἡνίκα

2199 3544 2305 3596 τῶν
2355 3537 2554 3618 ἐφετῶν
2610 3539 2969 3619 τυγχένωσιν,
3033 3538 3070 3566 ’¹
3079 3545 3123 3595 Η
3154 3540 3276 3620 ούχί
3305 3541 3423 3596 τότὲ
3454 3538 3666 3616 μᾶλλον
3697 3539 3842 3606 πλη-

2201 3629 2435 3700 σιάζουσι
2485 3641 2607 3695 ταῖς
2665 3629 2984 3707 ἀγγελικαῖς
3014 3629 3256 3707 ἀρεταῖς,
3287 3629 3436 3710 ὃταν,
3469 3632 3542 3693 ὡς
3599 3627 3840 3702 δυνατὸν,

2201 3720 2375 3800 ἐφέσει
2430 3725 2537 3776 τῶν
2595 3720 2747 3777 θείων
2803 3719 3123 3800 ἆναχωρῶσι
3151 3719 3250 3789 τῆς
3300 3725 3404 3776 τῶν
3448 3719 3646 3775 ὑλικῶν
3674 3741 3842 3796 προσ-ν

2200 3812 2436 3884 παθείας,
2485 3809 2928 3889 ἐγγυμναζόμενοι
2985 3811 3115 3888 πρὸς
3173 3811 3328 3867 τοῦτο
3383 3807 3500 3890 λίαν
3556 3809 3836 3890 ἀνδρικῶς,

2201 3901 2253 3957 ἐν
2283 3901 2408 3964 ταῖς
2456 3900 2585 3978 ὑπὲρ
2620 3908 2712 3958 τοῦ
2769 3897 2935 3956 καλοῦ
2977 3898 3341 3978 περιστάσεσιν
3415 3889 3592 3956 ’Ὥστε
3650 3889 3840 3967 ἀληθὲς

2201 3993 2392 4061 εἰπεῖν,
2430 3990 2510 4046 ὃτι
2569 3996 2725 4047 τοῦτο
2801 3987 3005 4064 μᾶλλον
3057 3988 3167 4046 ἐστι
3196 3994 3296 4055 τῆς
3325 3990 3463 4055 θείας
3505 3985 3838 4055 δικαιοσύνης

2201 4081 2358 4162 ἴδιον,
2393 4084 2453 4140 τὸ
2486 4083 2563 4158 μὴ
2607 4081 2814 4161 θέλγειν
2863 4083 2951 4137 καὶ
3003 4079 3286 4138 ἀπολλύειν
3332 4087 3437 4138 τῶν
3489 4082 3719 4157 ἀρίστων
3746 4082 3838 4148 τὴν

2201 4173 2523 4251 ἆρρενύτητα
2550 4185 2672 4234 ταῖς
2715 4171 2822 4228 τῶν
2850 4169 3045 4228 ὁλικῶν
3075 4169 3337 4228 διαδόσεσι
3365 4171 3451 4243 55,
3496 4168 3662 4246 μηδὲ,
3709 4171 3838 4232 εἴτις

2203 4263 2503 4343 ἐπιχειροίη
2550 4263 2702 4317 τοῦτο
2747 4274 2945 4340 ποιεῖν,
3005 4262 3094 4333 Εᾷν
3152 4257 3499 4332 ἀϐοηθήτους,
3569 4259 3695 4317 ἀλλ’
3737 4259 3843 4316 ἐνι-

2199 4350 2364 4428 δρύειν
2395 4355 2580 4413 αὐτοῦς
2610 4353 2666 4407 ἓν
2703 4356 2770 4427 τῇ
2825 4349 2965 4426 καλῇ
3022 4351 3109 4408 καὶ
3159 4349 3452 4425 ἀμειλίκτῳ
3506 4351 3717 4426 στάσει,
3762 4346 3845 4404 καὶ

2201 4441 2484 4516 ἀπονέμειν
2518 4440 2703 4504 αύτοῖς
2733 4440 2991 4504 τοιούτοις
3015 4441 3128 4496 οὖσι
3159 4441 3225 4496 τὰ
3253 4437 3372 4496 κατ’
3396 4438 3567 4506 ἀξίαν.

484 4531 816 4607 tentaverit,
842 4529 1060 4592 divinis
1081 4529 1315 4592 auxiliis
1344 4530 1614 4592 suﬂ‘ultos
1641 4530 1702 4590 in
1727 4530 2009 4612 praeclaro
2032 4530 2135 4594 illo
2167 4537 2225 4594 et
2247 4529 2602 4593 inconcusso
2626 4536 2783 4592 statu
2813 4527 3092 4606 solidare,
3120 4545 3231 4592 nec
3261 4546 3379 4590 non
3403 4533 3847 4610 perseverantes

482 4637 588 4697 pro
621 4620 850 4686 meritis
890 4620 1284 4683 remunerari.

2070 4782 2099 4863 §
2144 4779 2244 4844 ix.

561 4949 698 5013 Haec
725 4951 900 5014 etiam
925 4951 1126 5013 divina
1151 4948 1382 5032 justitia
1407 4957 1680 5030 tanquam
1714 4951 1982 5013 omnium
2017 4969 2108 5014 sa-

2285 4951 2426 5018 Αὕτη
2457 4957 2582 5029 γοῦν
2611 4955 2646 5022 ἡ
2675 4952 2787 5009 θεία
2828 4950 3134 5017 δικαιοσύνη
3186 4949 3272 5006 καὶ
3308 4950 3543 5028 σωτηρία
3572 4951 3680 5006 τῶν
3709 4947 3840 5004 ὅλων

484 5037 576 5099 lus
607 5040 963 5123 celebratur,
999 5040 1160 5123 quod
1205 5038 1506 5123 propriam
1540 5040 1832 5121 cujusque
1880 5043 1968 5103 rei
2003 5063 2108 5123 pu-

2200 5041 2469 5120 ὑμνεῖται,
2529 5042 2628 5110 τὴν
2679 5040 2810 5098 ἰδίαν
2861 5041 3084 5098 ἑκάστου
3145 5040 3232 5095 καὶ
3293 5039 3525 5112 καθαρὰν
3582 5038 3690 5096 ἀπὸ
3741 5037 3840 5094 τῶν

484 5136 608 5179 ram
633 5122 706 5180 ab
749 5122 884 5182 aliis
913 5120 1235 5183 essentiam
1271 5120 1668 5200 ordinemque
1711 5120 2020 5184 conservet
2048 5142 2108 5185 ac

2201 5128 2376 5187 ἄλλων
2431 5129 2497 5182 56
2525 5132 2704 5190 οὖσίαν
2758 5133 2844 5188 καὶ
2899 5129 3046 5197 τάξιν
3103 5128 3449 5200 ἀποσώζουσα
3507 5129 3595 5185 καὶ
3647 5125 3841 5206 φυλάτ-

488 5217 860 5284 tueatur,nec
892 5229 1008 5271 non
1039 5229 1177 5271 vera
1207 5229 1384 5271 causa
1403 5217 1501 5290 sit,
1533 5220 1598 5271 ut
1627 5211 1920 5272 actionem
1953 5231 2108 5289 qum-

2204 5240 2385 5294 τουσα,
2421 5221 2506 5277 καὶ
2554 5223 2691 5278 αἰτία
2747 5225 2984 5299 καθαρῶς
3041 5225 3170 5276 οὖσα
3225 5223 3322 5284 τῆς
3394 5217 3448 5272 ἐν
3525 5217 3647 5279 τοῖς
3705 5215 3837 5276 ὃλοις

487 5315 602 5377 que
623 5317 786 5361 suam
814 5300 1091 5361 universa
1114 5308 1570 5380 prosequantur.
1607 5298 1670 5362 Si
1699 5301 1833 5381 quis
1865 5319 2002 5363 vero
2025 5321 2108 5364 sa-

2207 5305 2556 5388 ιδιοπραγίας.
2615 5313 2673 5369 Ei
2727 5309 2782 5370 δέ
2821 5298 2900 5376 τις
2956 5309 3052 5378 τὴν
3081 5306 3344 5386 σωτηρίαν
3403 5307 3617 5381 ὑμνοίη,
3654 5306 3743 5363 καί
3772 5303 3839 5365 ὡς

483 5389 668 5452 lutem
690 5389 1210 5472 laudet,quatenus
1231 5406 1264 5450 a
1283 5388 1464 5452 rebus
1481 5388 1881 5455 deterioribus
1906 5401 2108 5458 cuncta

2203 5394 2262 5451 ἐκ
2321 5405 2425 5455 τῶν
2482 5401 2742 5481 χειρόνων
2793 5402 2859 5457 τὰ
2931 5398 3032 5457 ὁλα
3089 5402 3363 5462 σωστικῶς
3444 5394 3839 5474 ἂναρπάζουσαν

1796 5528 2062 5593 νΑΙὶΙᾸΕ
2103 5529 2543 5600 LECTIONES.

564 5664 619 5715 5‘
681 5667 809 5745 φησί
839 5667 938 5745 γὰρ
998 5664 1230 5800 δὲίλειν
1259 5665 1428 5757 εἶναι,
1459 5667 1521 5731 S.
1584 5661 1649 5726 Ρ.
1734 5662 1798 5716 ³⁷
1831 5667 1916 5721 ναὶ
1978 5671 2364 5751 ἐτεροκινήτοις
2393 5677 2491 5745 τήν
2541 5674 2909 5756 αὐτοκίνητον,
2939 5668 3013 5736 D.
3096 5668 3152 5715 ⁵³
3193 5673 3332 5731 εἶναι
3378 5669 3446 5729 τὸ
3475 5668 3646 5750 φύσει,
3678 5662 3740 5729 S.
3770 5663 3836 5726 Ρ.

581 5746 832 5800 αἰωνίους-
869 5747 939 5800 1)-
1127 5758 1249 5800 ταῖς
1278 5771 1382 5800 των
1425 5747 1615 5800 ὃλικῶν
1646 5743 1845 5800 δόσεσι.
1877 5742 1940 5800 S-
1978 5749 2043 5800 n,
2131 5753 2196 5800 56
2237 5753 2376 5800 ὅλων

486 5739 542 5786 ⁵⁸
581 5739 939 5825 αἱωᾶίους,’1),
1024 5739 1089 5800 55
1127 5758 1249 5811 ταῖς
1278 5747 1382 5807 τῶν
1412 5739 1615 5807 ’ὃλικῶν
1646 5743 1846 5825 δόσεσι,
1877 5742 1940 5808 S.
1974 5739 2075 5815 D.'
2131 5753 2196 5808 86
2236 5739 2398 5820 δλων,
