4134 6156
366 362 480 431 897

976 365 1074 430 DE
1123 356 1422 433 DIVINIS
1463 365 1912 447 NOMINIBUS,
1959 361 2117 432 CAP.
2159 369 2322 434 VIII.
2359 401 2435 416 —
2480 365 2842 433 CORDERII
2889 363 3134 433 NOTAE.

3622 363 3738 433 898

364 520 574 561 παντως
631 521 735 556 που
779 499 868 555 καὶ
901 505 1082 554 τοῦτον
1119 501 1278 572 ἡμεῖς
1329 501 1418 555 τὸν
1454 499 1691 574 ὑμνῳδὸν
1735 503 1833 568 τῆς
1869 525 2006 558 παν-

2096 503 2394 562 salubriter
2414 505 2688 574 defendit,
2713 506 2868 561 hunc
2889 520 2994 562 nos
3017 515 3282 577 tanquam
3309 505 3627 578 omnigenae
3651 522 3736 565 sa-

362 588 600 658 τοδαπῆς
662 590 927 666 σωτηρίας
969 587 1352 666 ἀποδεξόμεθα,
1405 592 1494 646 καὶ
1551 593 1746 658 ταύτην
1809 591 1862 648 δὲ
1926 594 2008 649 καὶ

360 679 579 758 πρώτην
636 679 903 754 σωτηρίαν
963 685 1068 735 τῶν
1125 679 1262 735 ὅλων
1336 679 1630 755 ἀξιώσομεν
1687 683 1844 740 αὐτὸν
1896 685 2006 762 ὁρί-

361 769 558 839 ζεσθαι,
646 767 742 836 τήν
815 773 988 825 πάντα
1068 767 1150 847 ἐφ’
1237 770 1436 826 ἑαυτῶν
1507 769 1851 846 ἀμετάϐλητα
1923 774 2008 828 καὶ

361 856 686 913 ἀστασίαστα
743 856 1060 937 καίἆῤῥεπῆ
1118 861 1248 938 πρὸς
1281 860 1346 916 τα
1405 860 1571 940 χείρω
1629 859 2002 936 διασώζουσαι),

360 952 447 1006 καὶ
505 951 676 1006 πάντα
738 955 1085 1031 φρουροῦσαν,
1125 952 1316 1032 ἄμαχα
1375 957 1458 1010 καὶ
1517 954 1835 1030 ἀπολέμητα
1892 969 2010 1019 τοῖς

363 1040 562 1098 ἑαυτῶν
635 1041 834 1098 ἕκαστα
918 1041 1101 1119 λόγοις
1172 1040 1620 1119 διακοσμούμενα,
1680 1047 1767 1101 καὶ
1839 1051 2010 1102 πᾶσαν

363 1129 654 1195 ἀνισότητα
683 1132 772 1186 καὶ
828 1130 1308 1210 ἀλλοτριοπραγίαν
1339 1133 1397 1190 ἐκ
1427 1138 1531 1190 τῶν
1562 1135 1701 1192 ὅλων
1746 1135 2007 1215 ἐξοριζου-

365 1241 482 1300 σαν,
517 1221 604 1277 καὶ
655 1220 749 1284 τὰς
809 1220 1092 1299 ἀναλογίας
1135 1223 1358 1282 ἑκάστου
1403 1227 1807 1284 συνιστάνουσαν
1860 1226 1998 1300 ἆμε-

365 1310 672 1373 ταπτώτους
725 1310 797 1374 εἷς
830 1311 894 1366 τὰ
932 1313 1162 1385 ἐναντία,
1195 1315 1281 1369 καὶ
1320 1315 1800 1395 ἀμεταχωρήτους,
1851 1315 2005 1373 Ἐπεὶ

366 1399 455 1455 καὶ
485 1399 684 1462 ταύτην
726 1401 825 1466 τὴν
873 1401 1134 1480 σωτηρίαν
1165 1402 1260 1460 οὐκ
1308 1403 1413 1461 ἀπὸ
1443 1407 1644 1461 σκοποῦ
1668 1405 1730 1456 57
1771 1427 1850 1470 τις
1899 1407 2004 1481 ὓμ-

370 1490 525 1558 νήσοι
588 1488 686 1557 τῆς
750 1493 892 1570 ἱερᾶς
947 1490 1243 1573 θεολογίας,
1301 1496 1373 1556 ὡς
1417 1496 1588 1551 πάντα
1645 1496 1710 1552 τὰ
1765 1493 1889 1552 ὄντα
1945 1501 2010 1572 τῇ

2093 595 2232 658 lutis
2253 595 2648 668 laudatorem.
2664 595 2967 657 admittem
2978 614 3046 657 us
3069 603 3477 678 petamusque,
3496 607 3555 658 ut
3571 597 3731 660 illam

2096 686 2346 764 primam
2381 685 2650 747 omnium
2681 685 2933 746 salutem
2966 693 3200 756 statuat,
3235 705 3365 766 qum
3406 688 3609 750 omnia
3653 692 3740 752 sic

2093 776 2339 837 immuta
2375 782 2434 837 et
2465 774 2822 837 inconcussa
2854 782 3068 854 servat,
3101 784 3162 834 ut
3190 775 3246 835 in
3289 777 3548 839 deterius
3582 797 3738 840 nun—

2092 885 2266 946 quam
2284 875 2550 948 vergaut;
2571 874 2627 926 et
2657 865 3060 946 inexpugnata
3086 863 3423 943 invictaque
3441 867 3562 929 suis
3580 888 3739 949 quae-

2093 975 2209 1038 que
2239 956 2574 1019 rationibus
2607 955 2888 1017 distincta
2909 954 3187 1030 custodit,
3213 974 3448 1018 omnem
3475 957 3738 1041 inaequa-

2095 1046 2320 1109 litatem
2346 1045 2671 1108 etalienam
2687 1045 2982 1106 actionem
3001 1043 3074 1106 ab
3093 1044 3381 1106 universis
3397 1045 3734 1130 eliminans,

2095 1145 2272 1213 atque
2304 1134 2620 1215 cujuslibet
2642 1133 3057 1216 proportiones
3074 1133 3155 1195 ita
3179 1135 3566 1218 confirmans,
3596 1147 3660 1200 ut
3679 1144 3737 1199 in

2084 1225 2448 1288 contrarium
2472 1243 2670 1301 neque
2694 1224 2902 1284 mutari
2925 1224 3154 1303 possint
3179 1241 3373 1304 neque
3396 1227 3730 1290 transferri.

2088 1314 2243 1388 Quin
2271 1324 2329 1376 et
2361 1315 2513 1376 hanc
2545 1313 2795 1375 salutem
2849 1330 3246 1394 nequaquam,
3302 1322 3516 1394 praeter
3554 1334 3742 1388 sacrae

2088 1402 2408 1483 theologia
2439 1403 2806 1484 propositum
2828 1402 3069 1464 laudare
3091 1402 3224 1484 quis
3245 1403 3740 1485 possit,tanquam

2100 1512 2232 1576 qua:
2259 1511 2357 1555 res
2387 1511 2623 1575 omnes,
2649 1500 2822 1574 prout
2844 1492 3135 1573 cujusque
3155 1493 3239 1555 rei
3271 1512 3403 1574 quae
3431 1503 3744 1558 servantur

370 1585 608 1656 σωστικῇ
635 1584 741 1634 τῶν
765 1581 1013 1637 ἁπάντων
1045 1582 1357 1664 ἀγαθότητι,
1382 1589 1480 1652 τῆς
1512 1586 1618 1642 τῶν
1659 1586 1864 1643 οἰκείων
1887 1585 2010 1654 ἆγα-

2100 1593 2312 1646 natura
2341 1585 2475 1664 fert,
2501 1601 2533 1645 a
2560 1582 2847 1645 bonorum
2881 1600 3122 1645 suorum
3151 1585 3474 1646 amissione
3496 1585 3738 1650 liberet:

369 1671 472 1725 θῶν
529 1668 894 1734 ἀποπτώσεως
953 1670 1442 1752 ἀπολυτρουμὲνην,
1476 1675 1593 1732 καθ’
1653 1673 1776 1732 ὅσον
1804 1678 1838 1744 ἡ
1886 1675 2010 1732 ἑκάς

2100 1674 2260 1736 unde
2285 1673 2543 1754 theologi
2575 1691 2810 1754 quoque
2834 1673 2994 1736 illam
3017 1681 3223 1735 vocant
3242 1674 3740 1756 redemptionem,

371 1780 496 1815 στου
553 1765 658 1816 τῶν
690 1760 1008 1836 σωζομένων
1067 1761 1371 1844 ἐπιδέχεται
1401 1766 1574 1844 φύσις·
1622 1764 1816 1823 διὸκαὶ
1873 1766 2010 1822 ἇπο-

2099 1769 2158 1825 in
2189 1773 2474 1846 quantum
2507 1783 2625 1826 non
2660 1763 2803 1826 sinit
2827 1781 2896 1826 ea
2915 1782 3044 1845 quae
3075 1781 3211 1825 vere
3242 1773 3379 1826 sunt
3405 1766 3464 1826 in
3489 1766 3741 1828 nihilum

369 1848 633 1928 λύτρωσιν
693 1853 854 1920 αὐτὴν
910 1853 1256 1929 ὀνομάζουσιν
1329 1857 1374 1912 οἱ
1443 1856 1705 1936 θεολόγοι,
1765 1857 1853 1914 καὶ
1896 1855 2010 1914 καθ’

2098 1853 2312 1921 relabi.
2342 1861 2400 1916 et
2429 1854 2476 1915 si
2505 1853 2649 1932 quid
2675 1862 2977 1934 peccatum
3004 1853 3100 1931 sit,
3135 1872 3203 1916 ac
3228 1864 3449 1932 praeter
3469 1856 3740 1918 ordinem

368 1940 491 1997 ὅσον
550 1940 646 1997 οὐκ
675 1943 735 2013 ἑᾷ
765 1942 829 1998 τὰ
877 1943 1042 2007 ὃντως
1098 1944 1224 2001 ὅντα
1273 1946 1403 2023 πρὸς
1435 1947 1494 2002 τὸ
1539 1947 1618 2023 μὴ
1652 1947 1793 2003 εἶναὶ
1822 1947 2010 2004 διαπε-

368 2044 506 2110 σεῖν,
535 2032 621 2088 καὶ
664 2030 780 2088 καθ’
810 2031 933 2089 ὅσον
993 2035 1036 2088 εἰ
1067 2036 1155 2090 καί
1202 2058 1251 2093 τι
1284 2038 1412 2114 πρὸς
1461 2039 1522 2094 τὸ
1558 2037 1873 2115 πλημμελὲς
1926 2039 2012 2094 καὶ

367 2119 594 2180 ἄτακτον
664 2118 1020 2201 ἀποσφαλείη,
1081 2129 1168 2180 καί
1240 2125 1456 2199 μείωσίν
1515 2148 1633 2183 τινα
1690 2127 1844 2184 πάθοι
1913 2133 2011 2193 τῆς

367 2218 471 2266 τῶν
528 2211 731 2266 οἰκείων
764 2211 973 2290 ἀγαθῶν
1022 2212 1384 2290 τελειότητος,
1420 2218 1506 2273 καὶ
1557 2224 1709 2273 τοῦτο
1753 2225 1844 2274 τοῦ
1901 2219 2010 2274 πά·-

365 2304 506 2380 θους,
538 2301 626 2356 καὶ
680 2305 778 2368 τῆς
836 2299 1130 2382 ἀδρανείας,
1162 2305 1250 2360 καὶ
1306 2311 1404 2372 τῆς
1451 2307 1744 2384 στερησεως
1806 2307 2010 2364 ὰπολυ-

367 2397 602 2470 τροῦται,
649 2389 924 2468 πληροῦσα
982 2392 1043 2447 τὸ
1077 2391 1270 2473 ἐνδεὲς,
1302 2397 1389 2450 καὶ
1432 2403 1702 2474 πατρικῶς
1733 2398 1830 2463 τὴν
1881 2398 2012 2453 ἆτος·

370 2481 481 2536 νίαν
533 2479 872 2556 ὑπερείδουσα
900 2481 987 2560 58,
1036 2482 1121 2538 καὶ
1151 2483 1418 2541 ἂνιστῶσα
1467 2493 1560 2542 τοῦ
1619 2496 1804 2545 κακοῡ⁶
1867 2486 2013 2562 μᾶλ-

371 2568 464 2627 λον
517 2567 571 2624 δὲ
601 2571 800 2626 ἱστώσα
838 2570 890 2626 ἐν
937 2578 1012 2628 τῶ
1042 2571 1215 2648 καλῷ,
1261 2575 1348 2630 καὶ
1399 2575 1460 2630 τὸ
1513 2577 1767 2654 ὐπεκρυὲν
1820 2577 2014 2654 ἀγαθὸν

374 2657 776 2737 ἅναπληροῦσα,
825 2661 913 2717 καὶ
967 2663 1251 2737 τάττουσα,
1299 2667 1382 2720 καὶ
1427 2675 1696 2740 κοσμοῦσα
1740 2668 1836 2734 τὴν
1882 2669 2016 2723 ἀτα-

373 2750 483 2820 ξίαν
535 2754 715 2829 αὐτοῦ,
749 2751 834 2806 καὶ
895 2751 1174 2826 ἀκοσμίαν,
1207 2754 1290 2810 καί
1322 2753 1614 2832 ὁλόκληρον
1661 2757 2013 2835 ἀποτελοῦσα³

377 2843 464 2897 καὶ
494 2840 710 2900 πάντων
769 2839 1067 2900 ἀπολύουσα
1098 2847 1202 2897 τῶν
1233 2842 1646 2918 λελωϐημένων,
1710 2845 1876 2904 Ἀλλὰ
1902 2849 2019 2924 περὶ

377 2931 472 3005 μὲν
503 2931 700 2986 τούτων
755 2931 993 3003 καὶπερὶ
1049 2930 1384 3001 δικαιοσύνης
1441 2935 1674 3012 εἴρηται,
1711 2936 1828 2994 καθ’
1860 2936 1926 3005 ἢν
1985 2939 2018 3005 ἧ

377 3022 587 3078 πάντων
619 3021 802 3087 ἰσότης
849 3035 1124 3098 μετρεῖται
1155 3025 1242 3080 καί
1273 3025 1518 3102 ὁρίζεται.
1553 3029 1638 3083 καὶ
1676 3034 1812 3083 πᾶσα
1845 3027 2020 3084 ἀνισόο

375 3134 500 3190 της,
533 3112 566 3177 ἡ
616 3111 752 3166 κατὰ
783 3108 1030 3188 στέρησιν
1085 3117 1180 3180 τῆς
1213 3113 1265 3168 ἐν
1313 3114 1496 3177 αὗτοϊς
1530 3117 1772 3180 ἑκάστοις
1829 3117 2017 3183 ἰσότη-

2096 1951 2382 2024 erratum,
2419 1963 2486 2005 ex
2516 1962 2636 2024 quo
2667 1944 2962 2005 bonorum
2996 1961 3237 2005 suorum
3265 1945 3504 2025 aliquod
3549 1944 3742 2008 detri-

2095 2041 2358 2095 mentum
2385 2051 2555 2113 passa
2575 2033 2676 2108 sit,
2704 2032 2989 2115 perfectio
3012 2033 3171 2096 illico
3195 2052 3431 2114 quoque
3444 2037 3739 2113 iacturam

2095 2122 2252 2184 illam
2280 2131 2338 2184 et
2360 2122 2831 2185 imbecillitatem
2862 2122 3369 2203 privationemque
3395 2123 3740 2206 resarcit,id

2096 2212 2250 2294 quod
2283 2212 2452 2274 deest
2482 2213 2789 2294 supplens,
2823 2231 2890 2275 ac
2919 2221 3162 2292 paterne
3191 2215 3607 2274 remissionem
3641 2213 3739 2276 do-

2095 2321 2266 2373 uans,
2296 2310 2351 2364 et
2384 2321 2416 2364 e
2450 2303 2601 2364 malo
2634 2303 2890 2383 erigens,
2919 2302 3038 2363 imo
3063 2302 3264 2382 potius
3295 2306 3354 2362 in
3378 2301 3535 2364 bono
3560 2302 3744 2364 collo-

2098 2411 2264 2463 cans,
2298 2401 2472 2472 atque
2503 2392 2722 2453 bonum
2749 2391 2907 2473 quod
2932 2392 3238 2453 efﬂuxerat
3261 2390 3617 2472 adimplens,
3645 2411 3744 2454 or-

2098 2483 2430 2561 dinansque
2461 2490 2519 2543 et
2547 2499 2843 2544 exornans
2875 2481 2931 2541 id
2963 2481 3119 2560 quod
3167 2480 3576 2542 inordinatum
3620 2490 3748 2545 erat

2101 2581 2156 2633 et
2187 2572 2484 2645 diﬂ'orme,
2519 2572 2598 2634 ita
2629 2579 2692 2633 ut
2719 2570 3086 2651 redintegret
3114 2571 3360 2632 omnino
3391 2578 3450 2632 et
3479 2571 3550 2632 ab
3576 2574 3737 2634 omni

2100 2661 2231 2723 labe
2264 2661 2495 2724 liberet.
2533 2661 2658 2724 Hoc
2681 2661 2920 2741 quidem
2953 2663 3025 2722 de
3054 2661 3146 2721 his
3162 2660 3383 2721 dictum
3398 2678 3465 2721 ac
3489 2661 3745 2741 dejusti-

2103 2753 2180 2813 tia
2215 2771 2346 2832 quae
2376 2771 2643 2814 omnium
2675 2751 3068 2832 aequalitatem
3093 2750 3397 2812 dimetitur
3426 2758 3485 2811 et
3513 2751 3740 2832 definit,

2104 2861 2464 2922 omnemque
2499 2842 2982 2922 inaequalitatem,
3015 2859 3146 2922 qua;
3194 2841 3518 2902 secundum
3553 2841 3744 2923 priva-

2103 2934 2323 2994 tionem
2359 2933 2708 3011 zequalitatis
2737 2932 3107 3011 singulorum
3136 2929 3414 3000 sumitur,
3457 2931 3739 2994 extermi-

2102 3034 2198 3084 nat
2227 3041 2240 3085 :
2279 3023 2740 3103 inaequalitatem
2776 3023 2935 3084 enim
2965 3021 3165 3098 siquis
3195 3019 3448 3100 accipiat
3470 3026 3532 3084 et
3561 3022 3748 3084 inter-

2104 3122 2365 3192 pretetur
2393 3114 2780 3192 differentias,
2813 3113 3028 3192 quibus
3084 3130 3180 3172 res
3225 3129 3434 3171 omnes
3473 3112 3630 3175 inter
3683 3130 3746 3174 se

375 3223 490 3272 τος,
525 3198 714 3279 ἐξορίζε
729 3220 804 3255 ται
832 3199 915 3251 59°
971 3200 1066 3268 τὴν
1099 3204 1197 3280 γὰρ
1239 3204 1528 3272 ἀνισότητα
1558 3205 1608 3261 εῗ
1638 3229 1719 3270 τις
1777 3204 2010 3285 ἑκλοίϐοι,

2101 3203 2560 3283 distinguantur,
2599 3205 2779 3281 hujus
2810 3204 2988 3265 etiam
3021 3212 3224 3264 custos
3254 3208 3312 3263 et
3344 3202 3745 3264 conservatrix

377 3292 470 3355 τὰς
529 3290 581 3346 ἐν
629 3290 704 3363 τῷ
761 3288 870 3365 ὅλῳ
921 3297 1028 3348 τῶν
1085 3292 1226 3350 ὅλων
1265 3295 1393 3371 πρὸς
1452 3295 1550 3352 ὅλα
1610 3295 1879 3376 διαφορὰς,
1939 3319 2006 3352 κα

2111 3293 2442 3372 estjustitia
2467 3314 2482 3364 ς
2529 3311 2664 3354 cum
2688 3292 2968 3353 omniain
2993 3289 3276 3352 omnibus
3306 3290 3443 3350 478
3468 3291 3749 3369 permista

377 3382 574 3447 ταύτης
647 3381 680 3449 ἡ
735 3377 1038 3448 δικαιοσύνη
1111 3384 1459 3464 φρουρητικὴ,
1524 3387 1601 3459 μὴ
1671 3396 2010 3465 συγχωροῦσα

2107 3382 2389 3445 confundi
2423 3381 2666 3443 minime
2696 3381 2971 3460 patiatur,
3005 3379 3108 3440 sed
3140 3396 3209 3440 ea
3230 3397 3361 3457 qua)
3383 3387 3521 3440 sunt
3543 3379 3745 3442 omnia

379 3469 624 3544 συμμιγῆ
655 3468 718 3523 τὰ
749 3467 846 3524 ὅλα
893 3469 948 3524 ἐν
979 3468 1122 3535 ὃλοις
1155 3473 1412 3548 γενόμενα
1451 3471 1889 3554 διαταραχθῇναι,
1924 3498 2010 3554 φυ-

2109 3473 2401 3534 custodiat
2417 3470 2744 3532 secundum
2768 3488 2931 3532 suam
2963 3485 3210 3550 quaeque
3232 3467 3516 3550 speciem,
3544 3469 3605 3530 in
3628 3487 3746 3550 qua

381 3559 644 3617 λάττουσα
703 3556 756 3613 δὲ
789 3559 853 3613 τὰ
883 3556 1010 3615 ὄντα
1045 3561 1216 3618 πάντα
1268 3563 1388 3620 κατ’
1421 3561 1565 3627 εἶδος
1609 3563 1848 3640 ἕκαστον,
1882 3564 1936 3620 ἐν
1980 3568 2010 3638 ti

2110 3581 2240 3626 esse
2271 3561 2511 3624 debent.

384 3648 604 3706 ἕκαστον
632 3648 774 3704 εἶναι
805 3647 868 3698 60
898 3649 1117 3730 πέφυκε.

2021 3781 2112 3792 ι--ο

1555 3861 2145 3927 ΑΒΝΟΤΑΤΙΟΝΕΞ
2190 3860 2566 3925 COBDERII.

458 3968 558 4041 εἰ.
594 3967 948 4044 Muttisenim
975 3969 1032 4022 in
1063 3970 1190 4044 locis
1217 3971 1521 4044 Scriptura,
1555 3979 1660 4028 etc.
1692 3971 1857 4030 Notat
1888 3972 2112 4044 Lessius
2142 3971 2241 4027 lib.
2273 3981 2312 4026 v
2341 3968 2414 4044 De
2440 3965 2853 4044 perfcttionious
2889 3966 3113 4044 divinis.
3161 3980 3289 4044 cap.
3348 3969 3398 4032 1,
3431 3966 3748 4044 plusquam

385 4038 762 4122 Septuaginta.
785 4041 924 4122 lpcis
957 4042 1150 4122 vocari
1174 4038 1603 4122 omnipotentem.
1637 4044 1802 4122 Idem
1823 4043 2017 4122 multis
2043 4043 2170 4100 aliis
2203 4044 2341 4122 locis
2373 4038 2582 4097 diserte
2612 4039 2906 4122 asseritur.
2953 4039 3237 4122 uLMatth,
3259 4052 3366 4120 ,ιιι
3402 4038 3561 4122 Apud
3583 4040 3748 4122 Dauni

387 4109 566 4187 omnia
591 4110 875 4187 possibilia
901 4118 1072 4187 sunt;
1103 4113 1272 4174 Mare.
1303 4109 1376 4173 ἡκ
1412 4116 1613 4173 Omnia
1638 4117 1920 4187 possibilia
1946 4123 2075 4172 sunt
2101 4113 2245 4185 apud
2274 4112 2464 4187 Deum,
2496 4124 2602 4187 etc.
2637 4127 2652 4187 ;
2688 4113 2824 4167 Luc.
2857 4122 2898 4165 lt
2925 4132 2936 4167 ;
2985 4111 3107 4187 Non
3150 4115 3226 4187 est
3255 4109 3750 4187 impossibiteapud

371 4186 544 4260 Qesn:
574 4180 727 4260 omne
754 4183 991 4260 verb_um.
1024 4185 1171 4242 Hinc
1204 4189 1260 4244 in
1293 4188 1584 4260 Symbolo,
1621 4180 1888 4258 tanquam
1936 4180 2485 4260 praecipuum__ﬁ_dei_
2514 4184 2970 4260 fundamentum,
3008 4180 3248 4238 articulo
3281 4184 3462 4260 primo
3495 4180 3704 4236 dicitur
3731 4223 3743 4237 .

379 4257 552 4314 Credo
580 4255 640 4334 in
665 4256 830 4312 Deum
857 4257 1077 4334 Patrem
1114 4253 1551 4334 oninipoientem,
1584 4267 1710 4322 etc.,
1735 4253 1876 4332 quia
1906 4253 2183 4334 praecipua
2224 4254 2518 4334 religionis
2579 4263 2806 4334 nostrae
2843 4253 3103 4334 dogmata
3162 4265 3231 4308 eo
3281 4253 3562 4334 nituntur,
3597 4267 3652 4334 v._
3685 4268 3747 4323 ε.

377 4343 573 4402 rogmi
607 4327 676 4382 de
700 4330 991 4402 creatione
1021 4331 1240 4402 mundi,
1263 4323 1343 4386 "de
1371 4329 1629 4402 ejusdem
1662 4323 2093 4402 conservatione
2123 4336 2177 4385 et
2206 4323 2631 4399 gubernatione,
2667 4324 3000 4396 mysterium
3039 4323 3482 4388 Incarnationis,
3527 4324 3749 4380 Eucha—

373 4400 580 4476 distiaa,
609 4401 1064 4476 resurrectionis,
1099 4401 1334 4476 visionis
1365 4400 1747 4476 beatiﬁcm,_et
1776 4400 2076 4476 similia.__
2231 4472 2240 4476 _
2549 4468 2565 4476 _
2818 4467 2829 4476 _
3033 4466 3065 4476 __
3317 4464 3353 4476 η
3439 4473 3446 4476 Α
3572 4465 3608 4476 __
3656 4465 3667 4476 _

445 4464 772 4546 Notandum
800 4471 931 4528 item
964 4464 1264 4546 ex'eodem
1294 4474 1512 4537 Lessio,
1545 4464 1697 4544 apud
1723 4483 1985 4531 sanctum
2017 4471 2346 4546 Dionysium
2379 4485 2501 4546 esse
2535 4468 2646 4525 duo
2677 4467 2910 4546 nemina
2951 4466 3159 4546 quibus
3202 4464 3524 4546 explicatur
3556 4465 3748 4546 divina

370 4544 645 4614 potenti't,
680 4557 886 4624 nempe
915 4543 1312 4622 παντοδύναμνις
1344 4551 1401 4606 et
1431 4537 1809 4624 παντόκράτωρ
1847 4565 1864 4620 ;
1895 4559 2010 4616 quae

2096 4537 2493 4624 :si'aliquando
2524 4554 2627 4612 pro
2653 4538 2858 4624 eodem
2901 4538 3390 4624 arcipiantur,_let
3423 4537 3751 4624 significent

369 4626 520 4683 idem
551 4623 704 4696 quod
731 4623 1080 4697 omnipotens,
1114 4617 1301 4682 tamen
1334 4625 1486 4696 apud
1521 4617 1859 4697 Dionystum
1891 4623 2498 4697 significantdiversa,
2537 4629 2592 4697 et
2616 4619 2877 4697 _d;vcrsis
2925 4618 3114 4697 verbis
3172 4617 3530 4697 explicanda,
3593 4617 3740 4697 quid

370 4690 735 4768 interpretes,
766 4690 966 4768 qul'ex
997 4696 1187 4753 Graeco
1223 4690 1534 4763 verterunt,
1588 4690 1703 4754 non
1735 4690 1998 4755 videntur
2029 4696 2360 4753 advertisse.
2397 4693 2796 4768 Παντοδύναμος
2828 4691 3054 4762 proprie
3091 4695 3230 4747 verti
3283 4690 3449 4748 debet
3498 4690 3752 4761 omnipo-

371 4785 508 4844 tens,
546 4777 615 4834 de
645 4788 765 4848 quo
796 4777 912 4849 agit
945 4776 1254 4849 Dionysius
1286 4778 1395 4835 hoc
1420 4779 1603 4849 capite
1635 4799 1649 4845 ;
1682 4781 2062 4856 παντοκράτωρ
2093 4792 2229 4835 vero
2259 4775 2603 4838 omnitenens,
2635 4783 2714 4856 ut
2739 4780 2900 4856 patet
2928 4786 2995 4856 ex
3048 4771 3304 4856 Dionysii
3358 4771 3748 4856 declaratione

374 4873 546 4931 quam
575 4857 742 4931 habet
771 4871 893 4928 cap.
924 4857 991 4931 X,
1023 4858 1124 4915 ubi
1158 4859 1274 4930 agit
1303 4857 1373 4914 de
1404 4858 1512 4915 hoc
1543 4859 1788 4916 nomine.
1822 4851 1921 4916 Est
1965 4851 2153 4916 autem
2205 4861 2352 4914 inter
2389 4857 2510 4912 haec
2563 4854 2796 4912 nomina
2847 4852 3037 4931 divina
3089 4854 3202 4909 hac
3239 4852 3552 4917 distinctio,
3594 4851 3749 4931 quod

377 4925 530 4988 Deus
559 4927 781 4987 dicatur
812 4925 1162 5000 oinaipotem,
1199 4925 1384 4987 Graece
1406 4932 1823 5006 πιντοδύναμος,
1860 4946 1995 5002 quia
2033 4933 2155 5000 ipse
2185 4938 2268 4986 est
2306 4939 2508 4987 auctor
2539 4931 2728 4984 omnis
2759 4925 3040 4997 potentiae,
3090 4933 3144 5006 et
3175 4930 3366 5006 omnis
3398 4927 3647 5006 potienda
3680 4939 3746 4979 ac

383 5013 544 5084 vigor
571 5009 672 5082 qui
691 5019 789 5084 est
817 5011 873 5066 in
905 5009 1087 5084 rebus
1112 5011 1341 5084 creatis,
1370 5011 1444 5084 ab
1468 5011 1590 5081 ipso
1620 5003 1723 5084 est.
1756 5003 2039 5080 Secundo,
2069 5011 2190 5084 ipse
2215 5008 2408 5084 omni:
2443 5017 2645 5077 potest,
2677 5016 2728 5063 et
2759 5021 2856 5084 sua
2893 5005 3140 5084 potentia
3165 5005 3357 5084 omnia
3385 5003 3672 5084 produxit,
3703 5009 3756 5058 it

387 5075 496 5141 alia
527 5075 652 5139 sine
679 5081 814 5149 fine,
847 5084 962 5139 imo
993 5081 1266 5142 lnﬂnities
1292 5075 1515 5139 inﬁnite
1538 5085 1642 5152 (uti
1667 5083 1776 5140 hoc
1797 5085 1981 5153 capite
2005 5075 2136 5140 dicit
2159 5075 2485 5153 Dionysius)
2507 5075 2688 5150 potest
2714 5077 3046 5148 producere.
3079 5075 3238 5133 Unde
3258 5087 3415 5133 vocat
3433 5090 3568 5134 eum
3601 5077 3756 5132 ἀπει-

388 5163 697 5243 ροδύναμον,
733 5161 792 5219 id
821 5172 906 5220 est
933 5162 1444 5238 inﬁniti-potentem.
1481 5161 1694 5221 Dicltur
1723 5173 1913 5221 autem
1946 5180 2010 5220 on

2096 5169 2296 5224 tenens,
2331 5174 2432 5217 St'll
2462 5155 3027 5243 nzvtoxpitw9,_quia
3070 5157 3260 5243 omnia
3307 5157 3580 5228 producta
3615 5170 3757 5214 ron-

389 5237 530 5322 tinet
559 5237 613 5302 et
641 5237 1006 5322 censtringit2
1037 5246 1360 5322 ne_p_oss_int
1383 5244 1638 5322 dimuere
1667 5263 1681 5311 ;
1738 5253 1792 5302 et
1823 5245 2020 5322 mundi
2043 5252 2227 5315 partes
2255 5243 2509 5298 continet
2537 5240 2596 5322 _in
2629 5253 2734 5295 suo
2764 5237 2964 5322 ordine
2995 5245 3044 5292 et
3081 5238 3214 5322 situ,
3249 5253 3318 5294 ne
3350 5241 3528 5311 possit
3560 5251 3753 5322 earum

389 5316 529 5374 ordo
555 5324 609 5374 et
638 5314 929 5374 connexid
952 5314 1206 5374 dissolvi.
1253 5317 1450 5391 Itaque
1477 5317 1679 5375 dicitur
1709 5314 2058 5389 omnipotens,
2097 5324 2366 5385 tanquam
2398 5314 2651 5370 omnium
2702 5319 2922 5368 creator
2951 5327 2978 5376 ;~
3029 5314 3357 5369 omnituens
3415 5325 3566 5373 vero,
3627 5317 3755 5366 tan-

390 5401 564 5461 quam
589 5391 847 5446 omnium
879 5395 1267 5461 conservator.

460 5459 585 5531 δη.
643 5460 878 5518 Dicimus
922 5459 1094 5531 igitur
1121 5457 1287 5519 Deum
1316 5475 1426 5519 esse
1450 5461 1771 5534 potentiam,
1802 5466 1857 5515 ut
1886 5461 1980 5534 qui
2017 5457 2316 5533 prwhabet,
2359 5465 2468 5515 etc.
2505 5454 2582 5512 Ex
2613 5455 2702 5512 bis
2745 5453 2954 5527 (inquit
2994 5452 3429 5527 Cyparissiotus,
3453 5451 3660 5511 decede
3697 5451 3753 5524 5,

1691 5611 1950 5678 VARUE
2000 5609 2327 5678 LEGTION
2335 5608 2445 5674 ES.

472 5722 534 5776 57
566 5725 662 5783 οὒκ
692 5721 799 5781 ἄπο
827 5727 1053 5798 σκοποῦ,
1080 5721 1153 5788 D.
1238 5721 1304 5776 88
1323 5722 1659 5806 ὑπεριδοῦσα,
1692 5722 1758 5787 S.
1840 5722 1905 5776 59
1932 5724 2179 5805 ὁρίζεται,
2214 5722 2275 5786 S.
2363 5719 2427 5774 00
2457 5719 2520 5778 τὸ
2550 5723 2713 5795 εἶναι,
2747 5713 2810 5781 S.
