4134 6156
503 290 622 364 903

505 531 567 587 in
597 524 872 587 homines
888 541 1131 606 quoque
1156 523 1485 600 dimanant,
1514 532 1573 586 et
1594 526 1975 603 inanimalia,
2010 528 2146 590 etin

1669 296 1733 366 S.
1777 298 2123 370 DIONYSII
2178 298 2717 374 AREOPAGIT/E.

582 435 612 515 §
641 432 710 499 V.
736 431 921 498 Porro
940 428 1344 497 indeﬁcientis
1365 430 1534 496 istius
1556 415 1867 517 potestatis
1885 456 2134 500 munera
2156 445 2191 491 A

3755 312 3855 386 904

2298 442 2324 514 §
2391 438 2462 504 ν,
2540 444 2748 518 Πρόεισι
2804 440 2857 498 δὲ
2923 444 2985 499 τὸ
3047 440 3393 503 ἀνέκλειπτον
3467 453 3564 518 τῆς
3627 453 3855 520 τοιαύτης

2229 526 2501 602 δυνάμεως
2559 535 2647 588 καὶ
2706 535 2779 597 εἷς
2836 532 3163 612 ἆνθρώποος,
3225 538 3312 593 καὶ
3382 543 3516 613 ζῶα,
3577 543 3663 596 καὶ
3715 544 3855 623 φυτὰ,

507 615 762 697 plantas,
792 624 1090 697 totamque
1138 623 1406 677 naturam
1449 613 1734 679 universi.
1795 617 2141 682 Corrohorat

2229 623 2318 675 καὶ
2374 621 2473 688 τὴν
2530 626 2637 677 τῶν
2694 621 2832 679 ὅλων
2890 624 3063 703 φύσιν,
3153 635 3394 702 Δυναμοτ
3444 632 3614 685 τοίνυν
3669 613 3756 688 καὶ
3802 653 3858 689 τα

504 705 663 768 enim
697 704 800 768 illa
821 723 957 785 quae
977 706 1143 767 unita
1165 714 1325 780 sunt,
1381 712 1577 786 partes
1619 724 1676 769 ν.
1710 726 1772 786 g.
1800 707 1977 768 totius
2008 725 2147 770 cor-

504 801 688 876 poris,
724 796 816 857 vel
840 800 1016 858 etiam
1047 796 1363 875 elementa,
1398 815 1532 875 quae
1553 796 1794 878 quidem
1817 797 2146 860 secundum

2230 710 2502 791 ἡνωμένα,
2536 712 2601 768 τὰ
2648 712 2785 790 μέρη
2814 715 2980 794 τυχὸν
3033 721 3125 772 τοῦ
3167 714 3289 773 ἓλου
3331 720 3580 793 σώματος
3631 720 3665 788 ἢ
3694 723 3861 779 καὶτὰ

2233 801 2512 881 στοιχεῖα,
2559 799 2593 855 ἃ
2625 802 2761 858 κατᾶ
2788 824 2904 859 τινα
2935 803 3034 877 μὲν
3092 802 3350 875 ἀλλήλοις
3380 816 3710 883 κοινωνοῦσι,
3742 810 3862 867 κατᾶ

505 883 706 962 aliqua
726 885 843 949 sibi
867 893 1066 946 mutuo
1100 883 1561 960 communicant,
1591 886 1919 950 secundum
1957 886 2141 967 aliqua

2232 912 2350 945 τινα
2429 889 2483 946 δὲ
2543 887 2842 970 διαφέρουσι
2899 894 3031 971 πρὸς
3099 897 3199 962 τὴν
3257 897 3509 964 τοιαύτην
3577 900 3857 962 κοινωνίαν,

504 991 644 1035 vero
669 974 1009 1054 discrepant
1039 974 1232 1055 quoad
1265 974 1441 1037 talem
1473 976 2141 1041 communionem.Cor-

2238 988 2477 1055 Δυναμοτ
2523 986 2615 1037 καί
2648 982 2709 1036 τὰ
2766 980 3140 1058 διακεκριμένα
3189 986 3264 1049 εἷς
3300 987 3362 1041 τὸ
3412 1000 3553 1044 εῖναι
3602 989 3735 1046 κατὰ
3781 991 3864 1046 τὸν

509 1062 754 1127 roborat
796 1065 975 1126 etiam
1031 1082 1163 1143 quae
1196 1062 1482 1126 distincta
1536 1074 1693 1129 sunt.
1728 1075 1793 1127 ut
1823 1067 2141 1129 secundum

2235 1068 2430 1127 οἰδεῖον
2500 1069 2660 1148 λόγον
2692 1070 2914 1129 ἕκαστον
2982 1072 3342 1153 ἀσύμφυρτον.
3419 1075 3567 1135 Ἐπεὶ
3639 1077 3693 1135 δὲ
3744 1078 3862 1136 ἕκα-

508 1170 679 1216 suam
703 1153 983 1236 quodque
1013 1153 1303 1215 rationem
1340 1155 1779 1235 impermistum
1832 1156 2140 1219 consistat.

510 1242 655 1307 Cum
671 1242 1416 1326 autemquodlibethabeat
1447 1245 1719 1308 ordinem
1753 1254 1811 1309 et
1843 1246 2141 1328 propriam

509 1333 1064 1413 directionem,haac
1087 1333 1265 1396 etiam
1289 1334 1700 1410 rohorat,utin
1722 1335 1963 1418 proprio
1987 1353 2145 1417 quaa-

506 1441 623 1504 que
647 1424 860 1488 ordine
902 1432 1349 1487 conserventur.
1385 1424 1744 1487 Corroborat
1773 1425 1950 1487 etiam
1997 1424 2144 1488 vitas

503 1515 873 1580 immortales
896 1516 1295 1594 angelicarum
1322 1515 1880 1589 unitatum,scilicet
1908 1514 2145 1597 simpli-

503 1608 660 1671 cium
679 1613 1115 1684 naturarum,ut
1138 1604 1507 1667 inviolabiles
1534 1603 2146 1670 conserventur.Con-

501 1706 701 1761 servat
729 1695 907 1757 etiam
940 1696 1185 1757 ordines
1216 1695 1489 1759 caelestes
1545 1695 1972 1759 immutabiles.
2020 1695 2144 1759 Ve-

2230 1182 2352 1217 στον
2417 1160 2534 1240 ἔχει
2614 1159 2759 1228 τάξιν
2803 1156 2920 1219 ’καί
2978 1165 3212 1223 εδθεσίαν
3282 1164 3436 1243 ἰδίαν,
3496 1166 3721 1246 δυναμοτ
3786 1166 3861 1228 καὶ

2227 1257 2390 1307 ταῦτα
2448 1253 2522 1317 εἷς
2578 1252 2640 1309 τὸ
2696 1251 3044 1324 διασώζεσθαι
3109 1257 3186 1321 εἷς
3241 1257 3342 1325 τὴν
3400 1258 3595 1316 οἰκείαν
3650 1257 3859 1317 ἕκαστον

2229 1338 2393 1406 τάξιν.
2457 1342 2698 1417 Δυναμοῖ
2755 1342 2844 1400 καὶ
2914 1344 3008 1407 τὰς
3078 1344 3364 1412 ἀθανάτους
3415 1350 3554 1419 ζωὰς
3618 1349 3724 1407 τῶν
3776 1350 3865 1429 ἆγ·

2226 1428 2457 1509 γελικῶν
2527 1428 2745 1506 ἐνάδων,
2807 1430 3047 1501 δηλονότι
3127 1437 3235 1492 τῶν
3310 1435 3591 1496 ἀπλοϊκῶν
3646 1428 3861 1519 φύσεων,

2228 1521 2299 1585 εἷς
2356 1522 2418 1578 τὸ
2450 1519 2800 1601 φυλάττεσθαι
2857 1521 3273 1593 ἀδιαλωϐήτους.
3338 1525 3598 1587 Φυλάττει
3657 1529 3860 1593 καὶτὰς

2228 1611 2465 1687 οὖρανίας
2524 1608 2718 1685 τάξεις,
2776 1610 3193 1678 ἀναλλοιώτους.
3268 1614 3416 1684 Πλὴν
3474 1618 3553 1693 μὴ
3627 1620 3759 1676 κατὰ
3809 1620 3864 1674 τὸ

2228 1697 2413 1764 ἂϊδίως
2470 1700 2614 1757 εἶναι
2670 1703 2870 1777 νοήσῃς
2902 1702 2964 1758 τὸ
3006 1701 3387 1779 ἀναλλοίωτον,
3421 1704 3558 1764 ἀλλὰ
3587 1710 3723 1765 κατὰ
3775 1709 3866 1775 τὴν

497 1807 634 1851 rum
670 1784 791 1848 noli
824 1784 1157 1862 intelligere
1205 1785 1750 1849 immutabilitatem
1807 1785 2140 1849 secundum

2228 1787 2618 1868 ἂπαραλλαξίαν
2673 1790 2771 1859 τῆς
2815 1800 2908 1849 τοῦ
2935 1795 3131 1855 παντὸς
3188 1794 3409 1861 τάξεως.
3460 1797 3618 1854 Ποιεῖ
3677 1796 3731 1855 δὲ
3785 1800 3864 1854 καὶ

501 1895 635 1941 esse
654 1874 1220 1955 sempiternum,sed
1250 1875 1584 1936 secundum
1608 1873 2145 1938 immutabilitatem

500 1964 730 2030 ordinis
760 1963 1046 2025 universi.
1082 1962 1238 2036 Quin
1268 1976 1327 2025 et
1353 1964 1589 2040 sarcula,
1627 1973 1689 2024 ut
1713 1982 1850 2025 esse
1886 1965 2140 2044 possint,

501 2055 774 2133 indulget
799 2074 815 2128 ;
838 2060 1033 2134 potest
1060 2054 1222 2114 enim
1245 2052 1428 2115 rebus
1441 2053 1822 2134 sempiternis
1840 2062 2143 2132 tempora-

498 2147 619 2210 lem
646 2143 815 2225 quasi
843 2150 1068 2203 motum
1100 2142 1417 2223 quemdam
1451 2141 1831 2223 spatiumque
1856 2151 2140 2206 coexten-

501 2229 1033 2297 dere.Gorrohorat
1047 2250 1185 2294 vero
1212 2231 1391 2313 etiam
1428 2242 1849 2313 temporaneos
1862 2250 2143 2313 progres-

502 2341 627 2400 sus,
651 2332 943 2385 astrorum
995 2308 1575 2403 scilicet'motiones,
1610 2340 1744 2403 quae
1775 2323 1833 2383 in
1862 2308 2144 2400 quodam

500 2412 786 2494 temporis
804 2429 1055 2474 numero
1072 2429 1174 2492 per
1188 2411 1502 2474 duodecim
1521 2412 1812 2475 dictarum
1828 2412 2144 2476 domorum

503 2504 690 2584 spatia
710 2501 934 2565 sensim
954 2510 1290 2565 moventur.
1317 2500 1676 2565 Corrohorat
1696 2502 1873 2564 etiam
1905 2503 2143 2563 revolu-

505 2593 856 2673 tiones,quas
878 2590 951 2652 ab
972 2590 1170 2673 aliquo
1195 2606 1414 2672 puncto
1437 2593 1510 2654 ad
1537 2592 1694 2653 idem
1722 2600 2005 2671 punctum
2042 2611 2144 2655 re—

502 2681 1400 2764 currunt.Corroboratquatuor
1420 2681 1815 2756 elementa,ad
1835 2681 2144 2763 proprium

503 2773 787 2854 quodque
813 2771 1084 2834 ordinem
1133 2781 1357 2835 natura:
1401 2771 1820 2848 constringens
1849 2789 1917 2833 ac
1947 2771 2142 2834 conti-

2229 1872 2323 1927 τὸν
2374 1872 2539 1927 αἷῶνα
2596 1870 2861 1929 δύνασθαι·
2926 1871 3175 1931 δύνασται
3223 1877 3322 1954 γὰρ
3365 1876 3426 1933 τὸ
3485 1879 3865 1958 συμπαρεκτεί-

2229 1964 2401 2016 νεσθαι
2462 1973 2573 2026 τοῖς
2618 1958 2810 2026 ἀϊδίοις
2855 1960 2974 2037 ολόν
3003 1985 3053 2019 τι
3118 1964 3369 2044 χρονικὸν
3410 1972 3611 2042 κίνημα
3642 1970 3725 2025 καὶ
3758 1966 3867 2023 διά-

2224 2072 2427 2125 στημα.
2494 2059 2735 2126 Δοναμοϊ
2789 2048 2843 2107 δὲ
2901 2054 2988 2109 καὶ
3043 2053 3139 2118 τὰς
3169 2055 3424 2135 χρονικὰς
3473 2055 3751 2136 προόδους,
3779 2058 3867 2120 τὰς

2225 2146 2331 2196 τῶν
2412 2139 2643 2219 ἀστέρων
2702 2139 2904 2209 δηλαδὴ
2977 2143 3237 2218 κινήσεις,
3298 2144 3386 2202 ἐπί
3461 2168 3575 2203 τινα
3663 2148 3869 2227 ἀριθμὸν

2227 2228 2423 2310 χρόνου
2491 2227 2796 2296 διερπούσας
2867 2232 2930 2287 τὰ
3002 2230 3074 2287 ιϐ’
3167 2233 3272 2290 τῶν
3340 2232 3646 2313 λεγομένων
3711 2237 3870 2296 οἴκων

2227 2313 2586 2394 διαστήματα.
2656 2331 2895 2397 Δυναμοΐ
2944 2324 3030 2379 καὶ
3087 2323 3181 2386 τὰς
3242 2324 3729 2410 ἀποκαταστάσεις,
3785 2328 3869 2393 τὰς

2228 2408 2334 2466 ἀπὸ
2381 2409 2604 2485 σημείου
2660 2412 2803 2474 τινὸς
2860 2410 2943 2468 ἐπὶ
3002 2413 3062 2469 τὸ
3120 2415 3247 2472 αὖτὸ
3303 2431 3535 2492 σημεῖον
3594 2408 3869 2495 ἐπαναδροο

2230 2498 2356 2572 μάς,
2423 2508 2663 2573 Δυναμοϊ
2692 2501 2757 2555 τὰ
2811 2500 3040 2578 τέσσαρα
3101 2519 3373 2583 στοιχεῖα,
3410 2507 3484 2569 εἷς
3531 2507 3633 2574 τὴν
3683 2508 3869 2564 οἰκείαν

2229 2587 2453 2644 ἕκαστον
2500 2587 2643 2654 τάξιν
2687 2592 2784 2655 τῆς
2843 2589 3048 2668 φύσεως
3107 2592 3406 2672 συσφίγγων
3461 2597 3550 2652 καὶ
3607 2596 3865 2677 συνέχων,

2233 2687 2473 2753 Δυναμοῐ
2527 2677 2621 2743 τὰς
2677 2677 2972 2755 ζωογόνους
3049 2679 3241 2747 ὠδῖνας
3297 2685 3395 2749 τῆς
3445 2689 3571 2763 γῆς,
3637 2695 3869 2762 Δυναμοτ

2230 2769 2325 2835 τὴν
2375 2765 2608 2824 σύνδεσιν
2678 2772 2775 2835 τῆς
2852 2773 3036 2849 ψυχῆς
3107 2773 3242 2845 μετὰ
3297 2773 3569 2855 σώματος,
3632 2776 3869 2831 ἀνακινεῖ

502 2862 1047 2926 nens.Corroborat
1069 2863 1328 2925 viviﬁcos
1351 2870 1525 2926 terra:
1549 2870 1776 2942 partus,
1799 2862 2141 2924 corroborat

2230 2858 2323 2921 τὰς
2381 2862 2616 2936 ψυχικας
2679 2854 2923 2933 δυνάμεις
2977 2861 3046 2925 εἰς
3099 2862 3157 2916 τὸ
3210 2861 3470 2925 πολλάκις
3523 2865 3733 2945 τρέφειν
3788 2868 3869 2921 καὶ

504 2971 718 3015 nexum
742 2952 958 3015 animm
970 2970 1103 3013 cum
1119 2952 1903 3032 rorpore,suscitatvirtutcs
1918 2950 2147 3014 anima-

504 3042 593 3105 les
624 3042 698 3104 ad
731 3042 990 3123 plantam
1023 3060 1433 3123 smpenumero
1463 3042 1778 3104 fovendam
1804 3048 1863 3103 et
1916 3060 2141 3121 augen-

2231 2946 2396 3013 αὔξειν
2458 2949 2514 3002 τὸ
2566 2948 2746 3027 φυτὸν,
2810 2948 2895 3003 καὶ
2952 2949 3024 3012 είς
3082 2951 3205 3006 αὖτὸ
3262 2959 3415 3009 τοῦτο
3473 2953 3868 3013 ὲπανακυκλσῦ-

2229 3038 2372 3116 σθαι,
2401 3034 2675 3114 διακρατεϊ
2724 3038 2815 3103 τὰς
2874 3036 3140 3100 οὖσιώδεις
3190 3038 3462 3117 δυνάμεις,
3508 3044 3595 3100 καὶ
3653 3046 3714 3101 τὸ
3770 3051 3869 3101 πᾶν

502 3133 665 3214 dam,
698 3140 756 3193 et
778 3132 838 3193 in
882 3131 941 3193 id
979 3132 1172 3229 ipsum
1231 3132 1587 3194 revolvenda
1615 3131 1962 3229 essentiales
1993 3133 2141 3197 vires

2228 3125 2595 3205 ἄσφαλίζεται,
2655 3127 2744 3182 καὶ
2814 3128 2977 3196 αὐτὴν
3036 3129 3137 3195 τὴν
3205 3134 3307 3187 τῶν
3367 3129 3581 3190 δικαίων
3625 3132 3868 3215 δωρεῖται

502 3213 837 3295 conﬁrmat,
886 3229 947 3283 et
981 3220 1297 3303 ipsammet
1345 3221 1644 3302 justorum
1698 3220 2138 3284 deiﬁcationem

2228 3215 2435 3297 θέωσιν,
2489 3213 2704 3290 δύναμιν
2762 3216 2966 3280 τούτοις
3039 3220 3113 3284 εἷς
3173 3230 3326 3280 τοῦτο
3386 3213 3722 3303 παρέχουσα.
3779 3224 3870 3282 Καὶ

503 3310 817 3390 elargitur,
841 3309 1120 3374 virtutem
1152 3310 1296 3393 ipsis
1318 3311 1390 3373 ad
1422 3311 1536 3373 hoc
1562 3309 1853 3393 praebens.
1901 3310 1971 3371 Et
2003 3312 2141 3373 uni-

501 3400 745 3484 versim,
798 3401 947 3463 nihil
989 3408 1080 3463 est
1143 3400 1204 3462 in
1258 3419 1459 3463 rerum
1522 3409 1758 3473 natura,
1804 3399 1963 3481 quod
2024 3419 2144 3464 non

500 3491 927 3575 omnipotentis
955 3489 1289 3573 divinaeque
1345 3490 1579 3554 virtutis
1634 3489 1934 3573 particeps
1981 3489 2144 3553 exsi-

494 3589 734 3743 su§LVL
768 3660 891 3726 Etsi
914 3661 1285 3726 contradicat
1306 3661 1367 3725 in
1389 3662 1555 3725 Actis
1599 3662 1839 3743 Elymas
1912 3679 2136 3743 magus,

499 3751 711 3816 dicens
740 3773 757 3812 :
816 3752 880 3815 Si
923 3751 1301 3833 omnipotens
1323 3750 1508 3833 Deus,
1553 3751 1853 3834 quomodo
1882 3769 1916 3814 a
1946 3761 2140 3815 vestro

495 3841 795 3922 theologo,
864 3840 1044 3904 Paulo
1094 3841 1394 3913 videlicet,
1451 3841 1670 3904 dicitur
1737 3840 1965 3922 aliquid
2020 3860 2139 3904 non

499 3938 769 4012 posset?
798 3931 1115 3996 Cavillatur
1163 3944 1362 3993 autem
1423 3932 1618 4011 ipsum
1660 3931 1985 4005 dicentem,
2019 3951 2138 3994 non

497 4038 673 4102 posse
697 4020 880 4083 Deum
915 4019 1302 4101 semetipsum
1334 4039 1574 4099 negare.
1608 4019 1761 4083 Dum
1787 4030 1983 4083 antem
2026 4021 2138 4082 hoc

498 4129 788 4194 propono,
819 4110 1204 4174 vehementer
1232 4120 1454 4184 metuo,
1491 4130 1568 4175 ne
1588 4112 1788 4174 videar
1816 4128 2133 4192 puerorum

495 4206 855 4263 structuram
882 4218 1230 4263 arenaceam
1266 4210 1320 4261 et
1349 4201 1644 4262 inﬁrmam
1682 4220 2054 4282 oppugnare,
2082 4209 2139 4264 et

494 4288 566 4351 ad
594 4290 773 4371 hujus
794 4289 909 4352 loci
941 4307 1207 4364 sensum,
1248 4299 1521 4371 tanquam
1548 4289 1619 4353 ad
1645 4308 1890 4372 scopum
1913 4291 2015 4372 qui
2041 4299 2135 4351 at—

498 4379 643 4458 tingi
666 4388 945 4459 nequeat,
975 4379 1305 4442 collimare.
1368 4380 1515 4444 Dico
1546 4388 1747 4444 autem
1785 4381 1970 4442 Deum
2005 4397 2137 4442 esse

2224 3307 2471 3379 καθύλου,
2536 3303 2682 3361 οὐδὲν
2738 3312 2843 3362 τῶν
2901 3307 3064 3364 ὄντων
3136 3310 3296 3386 ἐστὶν,
3343 3311 3472 3391 ὅπερ
3533 3316 3594 3372 οὔ
3654 3314 3869 3394 μετέχει

2226 3400 2320 3472 τῇς
2350 3397 2840 3476 παντοκρατορικῆς
2871 3398 2959 3453 καὶ
3000 3399 3140 3463 θεὶας
3170 3399 3463 3479 δυνάμεως.

2305 3668 2332 3742 §
2390 3661 2491 3729 VI.
2526 3664 2708 3724 Καίτοι
2752 3663 3015 3746 ἐπαφορεϊ
3066 3669 3094 3724 ὁ
3147 3665 3202 3724 ἐν
3231 3682 3348 3735 τοῖς
3400 3670 3656 3747 Πραξεσιν
3715 3669 3866 3730 Ἐλύ-

2226 3778 2330 3831 μας
2387 3759 2414 3812 ὁ
2447 3754 2641 3834 μάγος,
2677 3753 2870 3833 λέγων’
2909 3757 2965 3813 Ei
3022 3756 3424 3836 παντοδὺναμος
3480 3763 3509 3818 ὁ
3566 3764 3723 3836 Θεὸς,
3758 3766 3862 3822 πῶς

2224 3845 2365 3924 παρὰ
2421 3852 2511 3902 τοῦ
2570 3842 2687 3901 καθ’
2742 3843 2880 3920 ὑμᾶς
2936 3845 3212 3924 θεολόγου,
3260 3848 3469 3908 Παύλου
3524 3849 3735 3920 δηλαδὴ
3776 3850 3865 3909 λέ-

2220 3956 2371 4013 γεται
2428 3936 2474 3989 τὶ
2533 3934 2611 4007 μὴ
2682 3932 2978 4005 δύνασθαι;
3053 3936 3099 3993 ὦ
3154 3934 3219 4005 δὴ
3281 3939 3369 3995 καὶ
3430 3937 3754 4018 λοιδορεῖται
3802 3941 3867 3995 εί-

2220 4026 2397 4098 πόντι,
2460 4024 2538 4097 μὴ
2615 4021 2858 4080 δύνασθαι
2917 4026 3008 4082 τὸν
3068 4028 3196 4083 Θεὸν
3273 4028 3460 4085 ἑαυτὸν
3516 4029 3862 4109 ἀρνήσασθαι.

2220 4112 2362 4193 Ἐγὼ
2418 4111 2472 4170 δὲ
2546 4114 2787 4193 προσθεὶς
2858 4123 3035 4189 τουτο,
3097 4113 3212 4173 λίαν
3267 4116 3528 4198 φοϐοῦμαι
3602 4121 3684 4194 μὴ
3739 4117 3866 4184 δόξω

2219 4202 2577 4285 διαμαχεσθαι
2657 4205 2790 4282 πρὸς
2878 4203 3224 4281 μειρακιῶδες
3318 4208 3405 4265 καὶ
3482 4208 3698 4275 ἀσθενὲς
3783 4208 3866 4265 επὶ

2218 4296 2444 4371 ψάμμου
2517 4290 2875 4369 οἰκοδόμημα,
2941 4297 3027 4351 καὶ
3102 4298 3594 4377 καταστοχάζεσθαι
3680 4297 3864 4356 ὡσανεί

2216 4406 2358 4447 τινος
2433 4382 2711 4464 ἀνεφίκτου
2773 4390 2974 4441 σκοποῦ
3029 4390 3127 4452 τῆς
3188 4388 3310 4464 περὶ
3366 4389 3555 4445 τούτου
3611 4386 3860 4450 διανοίας.

496 4469 802 4533 veritatem
832 4486 846 4529 :
881 4468 1096 4531 veritas
1125 4477 1320 4532 autem
1347 4487 1454 4531 ens
1474 4468 1972 4545 est,mendacium
1998 4486 2135 4532 vero

2228 4474 2367 4550 Φημὶ
2425 4471 2503 4547 δὲ,
2538 4472 2619 4529 ὅτι
2679 4473 2707 4528 ὀ
2764 4475 2894 4539 Θεὸς
2954 4473 3175 4544 ἀλήθειὰ
3232 4474 3396 4534 ἐστιν’
3458 4478 3494 4546 ἡ
3539 4476 3596 4534 δὲ
3647 4477 3863 4550 ἀλήθεια

492 4558 632 4619 482
664 4577 862 4636 neque
891 4558 1337 4622 consistentiam
1388 4574 1497 4621 nec
1564 4565 1868 4622 entitatem
1928 4558 2128 4621 habet.

2228 4561 2275 4619 Ξ¹ν
2319 4565 2451 4637 ἐστι,
2486 4564 2546 4619 τὸ
2602 4559 2656 4619 δὲ
2687 4561 2876 4637 ψεῦδος
2924 4563 3284 4623 ἀνυπόστατον
3339 4567 3428 4624 καὶ
3486 4566 3562 4642 μὴ
3598 4567 3681 4630 ὄν.
3744 4549 3863 4626 Ἐὰν

494 4646 555 4712 Si
584 4647 783 4731 itaque
833 4647 1048 4710 veritas
1101 4656 1347 4727 negaret
1395 4649 1807 4730 semetipsam,
1852 4666 2134 4710 succum-

497 4739 665 4802 beret
688 4737 1023 4819 mendacio,
1055 4747 1114 4801 et
1136 4737 1191 4800 id
1224 4739 1381 4820 quod
1414 4747 1505 4801 est
1546 4747 1606 4802 et
1660 4738 1891 4801 exsistit
1948 4738 2131 4800 mini-

498 4847 593 4891 me
637 4837 816 4891 esset.
874 4830 1030 4907 Ergo
1067 4826 1211 4889 illud
1266 4846 1384 4890 non
1436 4847 1608 4908 posse
1638 4828 1701 4891 in
1746 4827 1871 4891 Deo
1905 4829 2131 4890 consti-

494 4926 712 4999 tutum,
766 4926 859 4983 est
916 4919 1152 4997 signum
1203 4918 1453 4982 inﬁnite
1521 4918 1756 4981 virtutis
1812 4936 1829 4996 ;
1881 4918 2134 5000 perinde

494 5008 655 5071 enim
687 5017 776 5071 est
802 5027 870 5071 ac
901 5008 953 5071 si
985 5008 1314 5089 diceretur,
1345 5007 1531 5071 Deum
1565 5027 1683 5072 non
1715 5026 1892 5090 posse
1938 5007 2134 5071 facere

491 5115 556 5160 se
575 5097 770 5179 ipsum
788 5116 906 5160 non
929 5117 1062 5162 esse
1077 5096 1812 5172 Deum.Quemadmodum
1834 5098 1993 5161 enim
2007 5098 2131 5181 lux,

490 5186 549 5249 in
574 5193 859 5265 quantum
882 5188 977 5249 lux
1002 5196 1113 5263 est,
1138 5206 1257 5251 non
1292 5195 1483 5270 potest
1514 5207 1645 5252 esse
1678 5188 1942 5252 tenebrae
1974 5207 1989 5250 :
2043 5187 2133 5252 sic

2219 4652 2307 4709 οὗν
2361 4652 2658 4733 ἆρνήσηται
2703 4653 2898 4721 ἑαυτὴν
2948 4656 2983 4722 ἡ
3038 4652 3281 4730 ἀλήθεια,
3341 4660 3418 4732 τῷ
3469 4654 3650 4732 ψεύδει
3715 4678 3860 4737 περι-

2218 4756 2487 4823 πεσεῖται,
2517 4743 2607 4799 καὶ
2646 4743 2709 4799 τὸ
2756 4742 2815 4798 ὃν
2866 4744 2952 4800 καὶ
2990 4742 3049 4799 ὃν
3099 4744 3179 4821 μὴ
3231 4744 3292 4802 ’ὃν
3337 4745 3505 4808 ἔσται.
3543 4749 3617 4805 Τὸ
3643 4748 3731 4804 οὖν
3787 4756 3861 4823 μὴ

2216 4831 2457 4890 δύλασθαι
2528 4832 2614 4890 ἐπὶ
2674 4833 2806 4889 Θεοῦ
2877 4833 3199 4910 ταττόμετον
3224 4881 3242 4912 ,
3331 4836 3532 4917 ἀφᾶτου
3598 4835 3863 4912 Savariam;

2216 4923 2326 4980 ἐστι
2380 4934 2633 4998 σημεῖον
2692 4921 2878 4998 ὅμοιον
2934 4924 3035 5002 γάρ
3093 4923 3236 4982 ἔστιν
3293 4926 3488 5001 εἰπεῖν,
3520 4925 3604 4984 ὅτι
3661 4929 3723 4984 οὗ
3772 4923 3858 4981 δύ-

2215 5036 2365 5071 ναται
2417 5016 2445 5069 ὁ
2478 5014 2610 5078 Θεὸς
2643 5016 2863 5081 ποιῆσαι
2894 5012 3082 5070 ἑαυτὸν
3130 5015 3209 5091 μὴ
3239 5015 3385 5072 εἶναι
3417 5016 3570 5080 Θεόν,
3634 5015 3860 5093 ”Ωσπερ

2213 5104 2311 5181 γὰρ
2368 5104 2429 5161 τὸ
2487 5107 2625 5183 φῶς,
2685 5104 2815 5160 καθὸ
2867 5108 3001 5183 φῶς,
3058 5103 3117 5160 οὔ
3178 5102 3389 5162 δύναται
3446 5109 3638 5172 σκότος
3698 5106 3856 5180 εἶναι,

2214 5192 2351 5250 οὕτω
2404 5194 2493 5250 καὶ
2536 5200 2689 5250 τοῦτο
2744 5190 2998 5251 ἀδύνατον
3047 5194 3124 5269 τῷ
3168 5201 3285 5271 Θεῷ
3341 5192 3427 5252 διά
3488 5197 3579 5264 τὴν
3637 5196 3859 5275 ἀνυπερ-

492 5286 550 5342 et
580 5277 691 5339 hoc
712 5276 1081 5357 impossibile
1102 5285 1189 5339 est
1212 5281 1609 5360 Deo,propter
1630 5276 2129 5359 superabundan-

2228 5280 2414 5350 ἵλητον
2462 5281 2738 5353 ἀλήθειαν.
2796 5279 3015 5361 ’Ὠσπερ
3059 5283 3147 5341 οὖν
3189 5287 3286 5344 οὒκ
3338 5283 3481 5343 οἶδεν
3540 5288 3569 5343 ὁ
3618 5285 3751 5349 Θεὸς
3805 5285 3859 5341 τὸ

494 5376 610 5430 tem
636 5366 971 5430 veritatem.
1026 5366 1195 5430 Sicut
1224 5366 1400 5447 igitur
1422 5368 1576 5431 Deus
1616 5382 1924 5450 nunquam
1955 5369 2130 5433 scivit

2228 5374 2292 5442 ιὴ
2366 5371 2553 5430 εἰδέναι
2613 5371 2856 5450 πώποτε,
2920 5374 2992 5440 ὡς
3048 5374 3108 5431 τὸ
3165 5385 3267 5455 πῦρ
3334 5376 3429 5434 οὒκ
3486 5373 3599 5433 οἶδε
3657 5378 3721 5433 τὸ
3784 5373 3857 5452 μὴ

490 5455 978 5539 tnscitiam,sicut
1001 5474 1112 5519 nec
1142 5458 1303 5520 novit
1332 5458 1485 5537 ignis
1505 5476 1625 5520 non
1654 5457 2125 5534 calefactionem,

2228 5463 2528 5542 Ιερμαίνειν,
2596 5461 2764 5525 οὕτως
2830 5461 2945 5523 οὖδέ
3015 5461 3226 5524 δύναται
3312 5468 3372 5525 τὸ
3440 5469 3518 5543 μὴ
3587 5464 3854 5525 δύνασθαι·

487 5546 578 5613 sic
608 5546 807 5628 neque
836 5554 1031 5631 potest
1056 5565 1178 5613 non
1201 5564 1420 5631 posse;
1445 5547 1604 5633 quod
1634 5547 1872 5630 sapiens
1904 5548 2008 5612 ille
2022 5566 2129 5633 per

2228 5551 2342 5631 ίπερ
2390 5553 2419 5611 ὁ
2471 5551 2633 5634 σοφὸς
2681 5552 2802 5611 κατ’
2860 5553 3126 5635 εἰρωνείαν
3171 5554 3405 5633 Ἐλύμας
3434 5558 3531 5618 οὐκ
3576 5554 3857 5632 ιννοήσας,

571 5684 602 5732 ι
626 5681 678 5749 ιι
706 5681 864 5750 Tim.
896 5699 962 5770 ιι,
994 5684 1093 5750 13.
