4134 6156
287 445 405 511 905

729 444 828 510 DE
868 442 1166 511 DIVINIS
1206 442 1656 517 NOMINIBUS,
1702 440 1864 506 CAP.
1912 444 2079 508 VIII.
2133 478 2211 490 -—
2256 445 2638 509 PARAPHR.
2689 446 3212 512 PACHYMEILE.

3539 402 3660 516 906

287 593 536 657 μιμεῖται
587 579 694 635 τῶν
745 578 989 646 ἀθλητῶν
1040 590 1158 640 τοὺς
1210 575 1346 653 μηδὲ
1395 577 1494 643 τὴν
1526 577 1675 642 νίκην
1725 574 1925 639 εἰδότας

2011 572 2259 665 ironiam
2293 577 2529 660 Elymas
2551 578 2691 640 dum
2724 598 2830 641 nos
2862 580 3158 661 intelligit,
3200 581 3461 645 imitatur
3489 582 3667 665 pugi-

288 674 403 734 πῶς
457 669 677 746 γίνεται·
732 667 929 731 οῗτινες
981 667 1116 723 κατά
1164 668 1223 722 τὶ,
1281 664 1464 722 δοκοῦν
1512 665 1720 729 ἐαυτοϊς
1778 686 1937 720 σκια-

290 779 557 838 μαχουσιν
623 757 867 813 ἀποντων
936 763 1041 812 τῶν
1092 757 1518 833 ἀνταγωνιστῶν,
1577 757 1663 811 καὶ
1733 753 1937 812 οἴονται

285 855 392 903 τῶν
434 844 738 903 ἀντιπάλων
791 858 1032 924 κρατεῖν,
1068 846 1145 920 μὴ
1196 844 1390 906 εἰδότες
1435 844 1534 911 τὴν
1582 843 1794 900 ἐκείνων
1844 841 1936 898 δύ-

288 958 469 1012 ναμιν,
546 928 739 1011 Ἠμετς
809 933 888 1014 δὲ,
951 934 1477 1013 καταστοχαζόμενοι
1537 939 1633 1000 τῆς
1708 932 1937 995 διανοίας

285 1033 378 1083 τοῦ
420 1026 558 1082 θείου
618 1022 852 1104 Παύλου,
903 1025 1164 1098 ὑμνοῦμεν
1220 1024 1309 1079 τὸν
1372 1025 1499 1080 Θεὸν
1546 1025 1619 1087 ὡς
1676 1022 1934 1100 μακάριον

284 1115 373 1171 καὶ
429 1114 593 1189 μόνον
644 1111 923 1184 δυνάστην,
980 1114 1053 1175 ὡς
1111 1111 1434 1182 δεσπόζονται
1484 1121 1576 1170 τοῦ
1616 1112 1830 1191 αἷῶνος,
1860 1112 1934 1173 ὡς

284 1202 403 1260 κατ’
462 1201 604 1260 οὐδὲν
636 1199 1016 1260 ἐκπεπτωκότα
1076 1208 1182 1263 τῶν
1239 1202 1428 1275 ὄντων,
1464 1204 1508 1257 εἰ
1563 1203 1664 1280 γὰρ
1722 1203 1783 1257 τὸ
1838 1198 1932 1256 δύο

287 1296 471 1348 νασθαι
530 1298 660 1348 πᾶσι
709 1304 829 1355 τοῖς
879 1290 1024 1347 οὖσιν
1083 1288 1274 1371 ἔνεστι,
1337 1287 1549 1354 πάντως
1608 1291 1636 1346 6
1691 1289 1826 1345 κατά
1881 1310 1932 1344 τι

286 1382 364 1455 μὴ
405 1379 714 1456 δυνάμενος,
745 1383 788 1436 εἰ
846 1379 922 1450 μή
979 1378 1207 1445 εὐσεϐῶς
1237 1382 1298 1437 τὸ
1354 1381 1513 1457 ῥητὸν
1559 1376 1932 1458 ἐκλαϐοίμεθα,

285 1471 593 1528 ἐκπεσεῖται
659 1471 793 1527 κατὰ
849 1491 900 1526 τι
964 1476 1057 1525 τοῦ
1111 1469 1286 1542 δντος,
1317 1472 1353 1546 ᾗ
1410 1470 1629 1548 φησινό
1686 1468 1931 1532 ἀσύνετος

285 1557 568 1638 Ἐλύμας·)
626 1558 832 1635 μᾶλλον
902 1556 959 1614 δὲ
1012 1559 1093 1634 μὴ
1156 1560 1319 1633 μόνον
1391 1558 1485 1616 οὑκ
1548 1558 1932 1615 ἐκπεπτωκότα

284 1655 390 1707 τῶν
460 1648 648 1726 ὄντων,
709 1648 845 1707 ἀλλά
918 1650 1005 1705 καὶ
1074 1648 1379 1728 προέχοντα
1448 1650 1535 1705 καὶ
1603 1646 1934 1727 ὑπερέχοντα

282 1738 421 1795 κατά
485 1737 703 1815 δύναμιν
776 1739 1081 1817 ὑπερούσιον
1107 1784 1124 1813 ,
1199 1740 1287 1797 καὶ
1365 1736 1730 1817 δεδωρημένον
1802 1742 1931 1793 πᾶσι

2023 661 2130 738 les,
2166 666 2266 746 qui
2286 684 2481 747 neque
2505 668 2812 730 victoriam
2838 678 3060 731 norunt
3084 671 3386 746 quomodo
3415 661 3665 754 compa-

2020 762 2213 817 retur:
2235 756 2335 833 qui
2357 757 2630 820 videnlur
2660 757 2774 819 sibi
2820 758 2883 821 in
2913 757 3122 820 umbra
3142 778 3276 822 cum
3309 759 3659 825 absentibus

2021 843 2380 908 adversariis
2400 855 2765 923 concertare,
2815 847 3272 929 existimantque
3303 868 3367 911 se
3398 849 3533 913 illos
3563 868 3668 913 su-

2022 950 2255 1011 perare,
2290 953 2427 997 cum
2457 936 2734 999 virtutem
2764 955 2972 999 eorum
3006 956 3124 998 non
3175 937 3435 1001 habeant
3464 940 3669 1021 explo-

2018 1032 2228 1084 ratam.
2260 1023 2377 1086 Nos
2399 1033 2620 1100 autem,
2642 1025 2715 1086 ad
2747 1025 2865 1087 divi
2897 1026 3061 1089 Pauli
3092 1044 3334 1090 sensum
3358 1026 3666 1092 colliman-

2018 1117 2126 1185 tes,
2148 1112 2556 1176 collaudamus
2581 1114 2765 1176 Deum
2794 1123 3068 1196 tanquam
3092 1113 3329 1177 beatum
3347 1115 3668 1197 solumque

2016 1209 2339 1279 potentem,
2374 1212 2579 1283 utpote
2602 1203 3007 1267 dominantem
3039 1204 3375 1286 aeternitati,
3411 1212 3469 1267 et
3497 1205 3671 1269 nulla

2015 1309 2272 1371 unquam
2318 1293 2562 1357 entitate
2592 1293 2936 1356 frustratum
2983 1293 3065 1375 (si
3093 1292 3252 1356 enim
3287 1294 3550 1372 potentia
3574 1312 3667 1357 re-

2015 1378 2126 1441 bus
2156 1380 2315 1442 inest
2337 1382 2644 1464 omnibus,
2672 1383 2922 1445 omnino
2952 1382 3002 1445 is
3024 1382 3126 1465 qui
3155 1381 3488 1446 secundum
3519 1383 3668 1465 quid

2012 1466 2310 1548 impotens
2342 1476 2453 1547 est,
2480 1471 2599 1534 nisi
2628 1471 2724 1553 pie
2757 1470 2981 1535 dictum
3028 1472 3141 1534 hoc
3172 1472 3663 1553 interpretemur,

2013 1559 2344 1622 secundum
2371 1560 2515 1641 quid
2544 1560 2618 1625 ab
2643 1562 2887 1625 entitate
2922 1560 3194 1639 descivit,
3219 1568 3284 1623 ut
3313 1560 3665 1644 imprudens

2014 1647 2251 1728 Elymas
2283 1649 2637 1731 tradit)quin
2664 1652 2867 1731 potius
2890 1669 3010 1713 non
3040 1650 3237 1713 solum
3268 1660 3548 1734 tanquam
3575 1669 3668 1714 se-

2015 1738 2274 1799 cundum
2298 1757 2426 1800 rem
2449 1740 2678 1802 uullam
2714 1739 3227 1821 deﬂcientem,sed
3251 1742 3429 1802 etiam
3446 1747 3671 1822 utpra-

282 1840 402 1890 τοῖς
448 1827 560 1885 οὖσι
609 1830 696 1885 καὶ
752 1829 813 1884 τὸ
870 1826 1114 1885 δύνασθαι
1172 1828 1338 1907 είναι,
1370 1829 1459 1885 καὶ
1515 1828 1577 1883 τὸ
1607 1824 1726 1884 τόδε
1788 1826 1928 1883 εἶναι

2018 1825 2337 1889 habentem
2365 1846 2436 1890 ac
2460 1828 2723 1910 desuper
2754 1829 3073 1892 habentem
3106 1830 3307 1893 omnia
3329 1829 3664 1894 secundum

285 1917 420 1973 κατά
450 1919 750 1990 περιουσίαν
778 1915 1210 1996 ὑπερϐαλλούσης
1241 1913 1534 1993 δυνάμεως,

2017 1915 2285 1977 virtutem
2309 1919 2898 1999 superessentialem,
2934 1929 2994 1984 et
3026 1918 3208 1983 rebus
3237 1921 3515 1984 omnibus
3544 1921 3664 1984 lar-

2017 2004 2276 2083 gientem
2310 2015 2425 2067 tam
2458 2015 2680 2071 utesse
2706 2010 2962 2090 possint,
2996 2028 3173 2090 quam
3210 2019 3276 2071 nt
3299 2008 3418 2072 sint
3441 2028 3663 2075 secun-

2019 2092 2159 2154 dum
2192 2093 2552 2157 afﬂuentiam
2597 2097 2830 2160 virtutis
2859 2096 3420 2178 superabundantis.

363 2185 394 2266 δ
451 2183 576 2249 VII.
638 2183 789 2263 Ὀρος
847 2182 1206 2257 δικαιοσύνης,
1259 2182 1421 2263 ἐστὶν,
1452 2183 1615 2262 ἀρετὴ
1688 2181 1928 2260 διανεμη.

2099 2183 2128 2262 §
2160 2182 2287 2246 Vll.
2322 2183 2596 2248 Deﬁnitio
2650 2185 2900 2268 justitiaa
2932 2195 3044 2262 est,
3075 2187 3262 2250 virtus
3291 2188 3506 2269 cuique
3549 2194 3663 2251 trt-

281 2280 407 2344 τικὴ
451 2282 544 2332 τοῦ
598 2273 721 2332 κατ’
768 2274 936 2354 ἀξίαν,
987 2274 1024 2342 ἢ
1081 2270 1383 2352 ἱδιοπραγία
1436 2274 1543 2329 τῶν
1598 2278 1698 2340 τῆς
1745 2278 1928 2353 ψυχῇς

2022 2271 2211 2334 buens
2252 2292 2357 2353 pro
2391 2274 2699 2356 dignitate,
2730 2276 2821 2338 vel
2866 2274 3107 2358 propria
3139 2277 3293 2339 actio
3321 2276 3664 2342 facultatum

289 2372 499 2445 νοερῶν,
555 2366 591 2432 ἢ
666 2365 899 2440 μεσότης
971 2362 1271 2428 πλεόνεξίας
1340 2364 1428 2419 καὶ
1496 2362 1815 2438 μειονεξίας,
1893 2364 1928 2430 ἣ

2011 2362 2225 2423 animae
2252 2362 2336 2439 60,
2370 2364 2461 2424 vel
2490 2364 2752 2427 medium
2802 2366 2958 2427 inter
2988 2364 3414 2428 abundantiam
3438 2372 3501 2430 et
3522 2366 3666 2431 ine-

283 2455 383 2522 ἕξις
438 2455 812 2529 ἀπονεμητικὴ
870 2451 1136 2518 ἰσότητος.
1200 2454 1337 2529 Πρὸς
1394 2458 1518 2530 γοῦν
1582 2454 1702 2518 τοὺς
1759 2453 1928 2509 τοιού.

2014 2451 2193 2532 piam,
2229 2454 2317 2514 vel
2349 2453 2586 2514 habitus
2617 2453 3032 2518 distributivus
3061 2455 3661 2535 mqualitatislstius-

276 2566 398 2609 τους
459 2543 609 2622 ὅρους
660 2543 836 2609 καλῶς
892 2544 1211 2600 ἀναπτύσσει
1272 2542 1372 2609 τὴν
1443 2543 1584 2598 θείαν
1650 2540 1924 2599 δικαιοσύ·

279 2654 397 2700 νην,
462 2633 560 2687 Διά
606 2638 761 2688 τοῦτο
816 2631 915 2710 γὰρ
961 2634 988 2687 ὁ
1050 2637 1178 2695 Θεὸς
1233 2627 1540 2698 δικαιοσύνη
1587 2629 1820 2709 λέγεται,
1855 2632 1928 2693 ὡς

277 2728 408 2777 πᾶσι
461 2718 581 2777 κατ’
626 2718 771 2784 ἀξίαν
816 2718 1102 2795 ἀπονέμων
1152 2719 1357 2775 ἃπαντα
1404 2720 1539 2780 κατὰ
1587 2720 1677 2775 τὸν
1729 2720 1927 2776 οἰκεῖον

280 2810 503 2867 ἑκάστου
559 2814 659 2877 τῆς
720 2809 927 2888 φύσεως
997 2811 1141 2889 δρον,
1194 2811 1282 2864 καί
1338 2810 1411 2871 ὡς
1471 2808 1645 2871 αἴτιος
1700 2807 1774 2865 ὣν
1830 2814 1927 2875 τῆς

279 2898 635 2978 αὒτοπραγίας
691 2899 933 2955 ἑκάστου·
984 2899 1154 2955 πάντα
1213 2897 1311 2976 γὰρ
1367 2900 1402 2966 ἡ
1458 2899 1568 2954 θεία
1622 2896 1926 2965 δικαιοσύνη

277 2989 455 3045 τάττει
526 2987 645 3044 κατ’
704 2987 846 3053 ἀξίαν
904 2988 1149 3045 ἑκάστου.
1216 2985 1447 3043 Ἀδικίαν
1503 2989 1679 3046 τοίνυν
1740 2984 1924 3043 λαλοῦ-

278 3100 383 3157 σιν,
419 3079 466 3133 οἱ
517 3077 611 3144 τῆς
669 3078 809 3140 θείας
860 3075 1197 3143 δικαιοσύνης
1258 3078 1770 3156 καταψηφιζόμενοι,
1831 3076 1925 3133 καῖ

278 3166 546 3246 λέγοντες,
581 3165 805 3246 ὀφείλειν
839 3166 982 3222 εἶναι
1042 3178 1159 3228 τοῖς
1209 3170 1427 3231 θνητοῖς
1460 3166 1557 3233 τὴν
1616 3166 1922 3240 ἀθανασίαν,

281 3259 369 3312 καὶ
411 3268 530 3319 τοῖς
584 3250 794 3313 ἀτελέσι
848 3256 902 3311 τὸ
934 3253 1161 3333 τέλειον,
1192 3256 1279 3311 καὶ
1325 3254 1515 3328 τᾶλλα,
1550 3255 1641 3310 ἵνα
1687 3256 1766 3330 μὴ
1808 3253 1923 3311 καθ’

278 3344 503 3401 ἕκαστον
552 3341 925 3419 διατρίϐωμεν.
988 3345 1267 3400 Αἱτιῶνται
1326 3345 1446 3423 γὰρ,
1482 3349 1597 3409 πῶς
1648 3346 1675 3400 ὁ
1724 3343 1929 3419 ἅνθρω-

278 3455 406 3504 πος,
468 3432 669 3489 τοιονδε
735 3434 871 3504 ζῶον
926 3431 1026 3508 ὢν,
1087 3433 1371 3513 φθείρεται,
1420 3437 1535 3496 πῶς
1581 3435 1608 3490 ὁ
1692 3430 1929 3498 ἀσπάλαξ

278 3521 507 3602 τυφλὸς,
539 3523 655 3586 πῶς
709 3525 736 3579 6
784 3521 925 3586 λίθος
987 3524 1081 3579 οὑκ
1139 3524 1504 3594 αὑτοκίνητος,
1553 3528 1666 3587 πῶς
1718 3524 1777 3577 τὸ
1827 3528 1930 3578 πᾶν

279 3609 581 3668 ἀλλοιοῦται
633 3612 768 3668 κατὰ
816 3614 911 3677 τὰς
962 3612 1127 3689 ὥρας,
1188 3618 1303 3673 πῶς
1360 3613 1412 3667 αἱ
1471 3612 1741 3690 ἐπικαιροι
1799 3608 1929 3679 ἡδο-

282 3704 367 3757 ναὶ
424 3701 519 3758 οὑκ
571 3700 796 3757 αἰώνιοι·
871 3700 987 3758 δέον
1043 3700 1255 3775 εἰδέναι,
1309 3699 1390 3757 ὅτι
1452 3706 1606 3758 πᾶσιν
1677 3700 1929 3776 ἀπονέμει

283 3792 350 3846 τὰ
400 3792 575 3847 οἰκεῖα
605 3792 640 3858 ἡ
673 3791 784 3847 θεία
812 3789 1146 3871 δικαιοσύνη,
1178 3791 1288 3869 καὶ,
1315 3791 1404 3846 καὶ
1461 3788 1683 3848 ἕκαστον
1714 3790 1798 3847 ἐπὶ
1829 3794 1928 3857 τῆς

290 3881 486 3945 οἰκείας
518 3878 760 3952 διασώζει
791 3878 987 3945 τάξεως
1019 3881 1106 3937 καὶ
1136 3879 1432 3956 δυνάμεως,

361 4145 391 4226 §
431 4145 580 4212 VIII.
616 4147 765 4206 Ἀλλ’
817 4148 964 4206 εἴποι
995 4169 1097 4212 τις·
1136 4153 1256 4212 Πῶς
1300 4151 1359 4206 ού
1387 4147 1577 4224 βοηθεῖ
1606 4148 1726 4214 τοῖς
1764 4148 1926 4212 ὁσίοις

279 4234 697 4315 ἀδικουμένοις;
770 4228 983 4305 Ῥητέον
1055 4237 1117 4293 ἐκ
1199 4237 1526 4314 διαιρέσεως
1619 4235 1927 4315 Ἀγαπῶσιν

282 4329 330 4383 οἱ
387 4325 522 4384 ὅσιοι
553 4328 618 4384 τὰ
675 4327 931 4407 παρόντα,
966 4327 1002 4396 ἢ
1058 4331 1153 4385 οὒκ
1190 4325 1491 4403 ἀγαπῶσιν,
1539 4327 1597 4382 Εἰ
1641 4326 1739 4401 μὲν
1790 4327 1928 4407 ἀγα-

281 4421 480 4496 πῶσιν,
542 4415 647 4495 οὑχ
713 4416 873 4491 ὅσιοι,
943 4418 1014 4480 ὡς
1090 4422 1184 4471 τοῦ
1267 4413 1403 4470 θείου
1480 4414 1927 4482 ἀποπεπτωκὸτες

282 4503 502 4582 ἔρωτος’
564 4503 798 4561 ἀδικοῦσι
848 4506 951 4585 γὰρ
1005 4505 1070 4560 τὰ
1126 4503 1291 4567 ὅντως
1353 4503 1545 4582 ἐραστά
1601 4503 1926 4583 παρευδοκι-

282 4594 521 4670 μούμενα
591 4592 677 4649 ὑπ’
746 4594 940 4675 αὑτῶν,
1000 4593 1131 4649 διότι
1210 4598 1316 4648 τῶν
1387 4591 1675 4662 ἀζηλώτων
1740 4594 1925 4672 ἐρῶσιν

284 4683 413 4739 αὐτὰ
470 4681 915 4763 περατρέχοντες.
979 4685 1036 4741 Εἰ
1079 4681 1124 4738 δ’
1171 4680 1604 4759 οὑκάγαπῶσιν,
1639 4679 1774 4739 ἀλλά
1823 4689 1928 4740 τῶν

279 4769 449 4837 ὅντως
508 4770 674 4829 ὄντων
732 4772 943 4847 ἐρῶσιν,
978 4772 1334 4854 εύιρραίνεσθαι
1396 4769 1596 4847 μᾶλλον
1628 4773 1740 4851 χρὴ
1797 4774 1926 4831 τού-

282 4880 429 4942 νους,
486 4861 573 4918 ὅτι
646 4861 1010 4940 περιπίπτοιεν
1093 4874 1434 4942 πειρασμοῖς,
1500 4861 1673 4925 καθὼς
1741 4863 1827 4918 καὶ
1898 4864 1926 4919 ὁ

281 4949 449 5028 μέγας
525 4948 778 5017 Ἰάκῶϐος
853 4965 1129 5033 παραινεν,
1199 4950 1283 5007 διὰ
1363 4950 1463 5029 γὰρ
1546 4951 1743 5006 τούτων
1817 4957 1925 5009 τῶν

283 5038 483 5118 ἐφετῶν
566 5038 1007 5120 ἐπιτυγχάνουσι,
1068 5041 1157 5111 καὶ
1226 5039 1346 5098 τότε
1415 5050 1539 5104 ταῖς
1609 5039 1927 5119 ἀγγελικατς

281 5127 498 5206 ἀρεταῖς
572 5127 976 5212 πλησιάζουσιν,
1047 5130 1452 5209 ἀναχωροῦντες
1542 5130 1640 5194 τῆς
1741 5128 1925 5198 ὑλικῆς

281 5217 635 5293 προσπαθείας
695 5217 750 5274 ἐν
813 5231 934 5282 ταῖς
978 5219 1115 5297 ὑπὲρ
1161 5227 1254 5277 τοῦ
1312 5216 1476 5275 καλοῦ
1530 5219 1921 5295 περιστάσεσιν·

282 5305 420 5363 ὥστε
479 5305 673 5374 ἀληθὲς
718 5309 913 5383 εἰπεῖν,
946 5309 1026 5364 ὃτι
1058 5315 1213 5365 τοῦτο
1256 5306 1459 5382 μᾶλλόν
1491 5307 1599 5363 ἐστι
1646 5313 1741 5384 τῇς
1785 5308 1926 5373 θείας

284 5393 617 5463 δικαιοσύνης
682 5395 841 5473 ἴδιον,
904 5399 965 5454 τὸ
1031 5397 1116 5453 ἐπί
1170 5418 1316 5459 τινας
1369 5396 1585 5474 βλέπειν
1641 5400 1926 5461 ποθοῦντας

283 5488 348 5543 τὰ
404 5487 616 5562 αἰώνια,
684 5490 760 5564 μὴ
814 5489 1021 5568 θέλγειν
1081 5490 1316 5552 τούτους⁸
1390 5488 1555 5565 ἢγουν
1608 5486 1674 5544 δι’
1734 5487 1929 5557 ἡδονῆς

284 5576 489 5650 ἀπατᾷν
548 5583 618 5653 τῇ
669 5578 839 5653 ἀνέτῳ
890 5576 1153 5658 διαγωγῇ,
1190 5577 1325 5634 ἀλλὰ
1386 5576 1589 5651 μᾶλλον
1619 5579 1716 5643 τὰς
1775 5601 1928 5659 περι-

364 5735 451 5789 60'
482 5736 658 5800 Mam.
685 5736 776 5799 vel
810 5740 1050 5820 prepria
1080 5738 1316 5803 actione
1347 5737 1603 5818 partium
1633 5737 1869 5803 animae.

579 5830 843 5897 ΡΔτιιοι..
883 5830 995 5899 Gn.
1026 5831 1124 5897 Ill.

2016 2541 2393 2622 modiitaque
2423 2542 2874 2607 deﬁnitionibus
2905 2542 3019 2605 rite
3051 2543 3461 2607 accommodat
3483 2545 3663 2624 justi-

2014 2631 2149 2691 tiam
2177 2630 2461 2692 divinam.
2496 2630 2726 2694 Idcirco
2761 2632 2920 2694 enim
2974 2635 3137 2695 Deus
3157 2632 3392 2713 justitia
3420 2633 3659 2713 dicitur,

2011 2719 2165 2799 quod
2195 2720 2473 2783 omnibus
2500 2738 2603 2801 pro
2635 2720 2927 2801 dignitate
2960 2720 3184 2784 tribuat
3212 2720 3411 2784 omnia
3437 2740 3661 2786 secun-

2012 2812 2152 2870 dum
2198 2810 2500 2891 propriam
2537 2809 2831 2893 cujusque
2882 2816 3108 2872 natura:
3135 2810 3568 2888 deﬁnitionem,
3602 2821 3663 2875 et

2011 2898 2167 2979 quod
2216 2918 2393 2961 causa
2452 2901 2665 2962 existat
2722 2900 2975 2981 propriae
3028 2899 3351 2980 cujuslibet
3381 2900 3656 2984 actionis,

2008 2988 2240 3067 singula
2271 2995 2429 3051 enim
2474 2990 2737 3070 disponit
2757 2989 2958 3052 divina
2981 2989 3212 3068 justitia
3242 3008 3348 3070 pro
3368 2993 3661 3072 cujusque

2008 3078 2311 3157 dignitate.
2332 3077 2711 3160 Iniquitatem
2746 3080 2943 3160 itaque
2966 3078 3420 3161 loquuntur,qui
3440 3079 3668 3145 divina

2001 3168 2245 3247 justitiaa
2295 3169 2733 3250 contradicunt,
2776 3177 2836 3232 et
2879 3168 2982 3249 qui
3026 3168 3254 3244 dicunt,
3304 3169 3660 3233 mortalibus

1946 3279 1988 3332 α
2014 3258 2212 3319 inesse
2230 3257 2453 3319 debere
2469 3257 3071 3333 immortalitatem,et
3091 3256 3272 3319 rebus
3293 3259 3660 3339 imperfectis

2012 3346 2470 3429 perfectionem,
2500 3356 2560 3408 et
2590 3357 2824 3425 caetera,
2859 3365 2934 3408 ne
2960 3345 3209 3425 singulis
3237 3346 3656 3414 immoremur.

2012 3436 2345 3499 Causantur
2374 3437 2673 3510 enim,cur
2696 3438 2897 3512 homo,
2915 3454 3049 3497 cum
3077 3434 3416 3499 istiusmodi
3434 3436 3657 3501 animal

2010 3525 2105 3600 sit,
2131 3535 2566 3605 corrumpatur,
2588 3542 2695 3586 cur
2721 3524 2877 3604 talpa
2906 3522 3095 3586 oculis
3124 3533 3341 3601 careat,
3369 3543 3476 3588 cur
3507 3524 3658 3607 lapis

2014 3633 2132 3675 non
2163 3615 2261 3690 sit,
2289 3632 2393 3694 per
2422 3633 2489 3676 se
2534 3614 2910 3695 mobilis,cur
2939 3612 3279 3676 universum
3322 3615 3654 3678 secundum

2015 3711 2395 3783 tempestates
2420 3704 3052 3781 4831mmutetur,cur
3077 3713 3480 3784 temporanem
3494 3706 3662 3767 volu-

2014 3801 2200 3873 ptates
2216 3813 2336 3855 non
2349 3793 2468 3856 sint
2484 3793 3073 3858 aeternaeSciendum
3101 3793 3666 3876 est,divinamjusti-

2014 3882 2153 3943 tiam
2177 3883 2454 3945 omnibus
2478 3902 2609 3965 quae
2628 3884 2846 3964 cuique
2867 3883 3106 3963 propria
3117 3893 3259 3946 sunt
3275 3882 3660 3963 distribuere,

2012 3978 2071 4034 et
2107 3971 2577 4055 uniuscujusque
2629 3972 2904 4037 ordinem
2957 3972 3358 4054 virtutemque
3407 3991 3662 4037 conser-

2013 4079 2179 4126 vare.

2089 4150 2292 4231 §VIIL
2344 4150 2463 4215 Sed
2507 4151 2667 4215 dicet
2714 4151 2971 4234 aliquis:
3006 4151 3126 4216 Cur
3180 4168 3301 4213 non
3363 4152 3667 4226 succurrit

2011 4243 2230 4303 sanctis
2247 4241 2466 4322 injuria
2479 4239 3072 4304 aﬂ‘ectis?Dicendum
3087 4258 3221 4303 cum
3243 4239 3658 4305 distinctione:

2014 4330 2113 4391 Vel
2145 4329 2401 4408 diligunt
2444 4336 2629 4393 sancti
2686 4330 3027 4410 praesentia,
3080 4331 3168 4394 vel
3218 4349 3339 4393 non
3380 4330 3655 4408 diligunt.

2010 4417 2069 4481 Si
2100 4418 2342 4499 quidem
2382 4420 2659 4499 diligunt,
2692 4438 2811 4482 non
2843 4427 2979 4481 sunt
3023 4419 3239 4497 sancti,
3291 4427 3355 4482 ut
3402 4419 3508 4497 qui
3531 4421 3659 4500 jam

2008 4527 2043 4570 a
2083 4508 2278 4570 divino
2309 4528 2513 4572 amore
2542 4509 2872 4571 exciderint
2906 4528 2924 4583 ;
2954 4510 3238 4589 quoniam
3282 4509 3484 4589 injurii
3514 4520 3657 4573 sunt

1947 4599 2188 4687 Drebus
2235 4617 2372 4661 vere
2418 4598 2711 4678 amandis,
2778 4615 2911 4678 qum
2960 4598 3034 4660 ab
3096 4598 3241 4679 ipsis
3272 4600 3660 4680 praferendte

2011 4696 2171 4770 sunt,
2222 4688 2404 4769 quod,
2464 4688 2536 4750 iis
2607 4687 2919 4767 neglectis,
2979 4695 3185 4750 ament
3240 4707 3311 4750 ea
3355 4707 3486 4770 quae
3535 4706 3659 4752 non

2009 4787 2145 4840 sunt
2189 4778 2469 4840 amanda.
2534 4776 2703 4850 Quod
2763 4777 2812 4839 si
2869 4793 3006 4839 vero
3067 4795 3185 4840 non
3243 4776 3511 4857 diligant,
3546 4778 3657 4841 sed

2009 4877 2210 4932 ament
2268 4886 2338 4929 ea
2414 4886 2550 4949 qua;
2599 4884 2739 4929 vere
2798 4875 2962 4948 sunt,
3036 4875 3272 4947 oportet
3333 4867 3494 4948 ipso:
3547 4867 3656 4930 lae-

2009 4956 2144 5031 tari,
2175 4957 2333 5039 quod
2364 4957 2426 5018 in
2463 4956 2822 5019 tentationes
2871 4955 3217 5030 inciderint,
3260 4957 3343 5017 uti
3407 4974 3658 5039 magnus

2006 5047 2261 5110 Iacobus
2281 5047 2795 5128 monet;quoniam
2819 5064 2929 5127 per
2957 5045 3064 5107 bas
3094 5063 3166 5107 ea
3194 5063 3325 5127 qua;
3354 5045 3661 5110 desidera-

2009 5136 2151 5199 bilia
2180 5144 3009 5217 suntassequuntur,tumqne
3031 5134 3315 5215 angelicis
3340 5136 3660 5200 virtutibus

2008 5229 2502 5310 appropinquant,
2538 5228 2677 5289 dum
2709 5229 2770 5289 in
2799 5227 3095 5290 instantiis
3126 5246 3233 5310 pro
3270 5228 3452 5307 bono,
3473 5229 3547 5293 ab
3576 5230 3663 5293 af-

2011 5319 2171 5380 fectu
2230 5316 2520 5379 materiali
2570 5316 2912 5379 recedunt:
2970 5316 3051 5379 ita
3119 5327 3180 5380 ut
3253 5338 3393 5382 vere
3448 5321 3663 5403 possit,

2011 5407 2159 5469 illud
2192 5406 2378 5485 magis
2409 5424 2540 5468 esse
2570 5406 2876 5487 proprium
2899 5406 3114 5469 divinae
3136 5409 3402 5489 justitiaa,
3440 5420 3502 5471 ut
3527 5427 3656 5485 eos,

2015 5498 2119 5577 qui
2155 5496 2227 5559 ad
2269 5505 2488 5558 aeterna
2520 5505 2791 5576 spectare
2842 5494 3207 5574 desiderant,
3253 5517 3371 5561 non
3403 5505 3661 5580 patiatur

2017 5605 2123 5668 per
2153 5585 2500 5650 dissolutam
2530 5587 2703 5650 vitam
2737 5586 3132 5666 voluptatibus
3162 5589 3385 5670 decipi,
3418 5590 3533 5655 sed,
3554 5608 3658 5673 po.

3265 5850 3341 5914 29
