4134 6156
498 377 618 455 907

1681 378 1743 446 S.
1789 376 2135 445 DIONYSII
2175 374 2685 445 ABEOPAGIT/E

3748 372 3874 448 908

495 524 615 587 tius
671 519 1021 585 afﬂictiones
1054 517 1379 599 sustinere,
1413 523 1481 579 ut
1506 485 1603 580 vel
1638 524 1905 579 amantes
1931 522 2126 594 ungat,

2219 515 2434 575 οσᾶσεις
2494 514 2872 594 παραχωρεῖν,
2915 512 3006 570 ἵνα
3060 512 3095 582 ἤ
3148 518 3432 580 ποθοῦντας
3489 515 3782 596 ὑπαλείφῃ,
3832 517 3869 584 ἢ

496 612 589 675 vel
618 612 888 695 lapsuros
918 608 1236 684 suii‘ulciat,
1274 625 1385 670 nec
1412 625 1533 669 non
1564 609 1808 695 ipsosin
1840 608 2135 687 praeclaro

494 701 602 765 illo
633 694 692 765 et
721 702 1079 764 inconcusso
1122 705 1275 761 statu
1304 696 1657 760 consolidat.
1709 694 2135 758 Inconcussum

495 797 694 854 autem
725 798 940 854 statum
985 795 1181 868 vocat,
1212 787 1544 849 institutum
1589 785 1752 864 quod
1816 784 2136 848 titillationi

494 886 873 945 terrenorum
905 876 1150 941 minime
1178 877 1476 957 cedit,nec
1508 883 1748 956 propter
1776 874 2138 937 tentationes

498 969 574 1034 ad
600 969 930 1033 materialia
955 967 1236 1031 ﬂectitur.
1590 993 1597 999 -

492 1219 497 1223 ,
577 1137 737 1220 51X.
760 1136 899 1201 Haec
931 1136 1107 1199 etiam
1150 1134 1350 1198 divina
1392 1134 1621 1214 justitia
1672 1142 1946 1215 tanquam
1974 1132 2138 1223 salus

495 1229 854 1310 celebratur,
887 1226 1044 1309 quod
1087 1225 1250 1307 juste
1281 1230 1570 1306 cujusque
1600 1232 1826 1286 naturae
1873 1222 2138 1286 rationes

494 1326 712 1395 servet,
745 1335 815 1380 ac
865 1333 1044 1379 causa
1071 1316 1149 1376 sit
1178 1314 1434 1396 prapriae
1478 1314 1766 1394 cujusque
1795 1313 1884 1375 rei
1916 1330 2139 1393 opera-

493 1407 1011 1488 tionis.Propriam
1037 1410 1234 1466 autem
1253 1403 1663 1484 operationem
1683 1402 1996 1483 appellant
2019 1420 2138 1463 mo-

494 1502 622 1558 tum
652 1495 820 1559 illum
851 1495 953 1576 qui
968 1492 1218 1556 cuilibet
1245 1501 1471 1555 natura;
1492 1493 1769 1574 proprius
1802 1501 1891 1555 est
1917 1509 2136 1572 ;neque

491 1585 652 1648 enim
675 1583 949 1648 homines
966 1583 1160 1646 facere
1191 1590 1440 1664 possunt
1462 1601 1595 1664 quae
1616 1583 1857 1663 propria
1878 1589 2016 1643 sunt
2039 1599 2139 1642 an-

491 1674 668 1756 gelis,
698 1692 892 1755 neque
911 1692 1063 1755 aqua
1091 1691 1223 1755 quae
1253 1673 1645 1754 propriasunt
1673 1672 1885 1753 igni,et
1907 1680 2132 1732 contra.

489 1762 557 1830 Si
585 1765 716 1846 quis
739 1782 882 1827 vero
911 1762 1151 1838 dixerit,
1178 1763 1365 1825 Deum
1397 1761 1732 1824 secundum
1763 1762 1942 1823 alium
1987 1779 2138 1841 quo-

2220 606 2307 660 καὶ
2364 603 2719 681 παραπίπτειν
2788 602 3040 678 μέλλουσι
3110 604 3301 681 βοηθῇ,
3358 606 3443 661 καὶ
3501 603 3705 684 ἒνιδρύῃ
3764 608 3869 663 αὒ-

2218 694 2338 758 τοὺς
2390 693 2444 749 ἐν
2490 699 2559 770 τῇ
2605 690 2745 769 καλῇ
2806 695 2891 750 καὶ
2934 693 3225 769 ἀμειλίκτῳ
3271 695 3475 757 στάσει.
3524 694 3868 771 Ἀμείλικτον

2220 782 2272 837 δὲ
2333 783 2516 839 στάσιν
2572 785 2704 862 φησὶ
2762 783 2858 850 τὴν
2924 781 3198 841 ἀνένδοτον
3258 786 3387 858 πρὸς
3437 786 3526 841 τὸν
3575 783 3871 865 γαργαλισ-

2219 872 2319 946 μὸν
2353 879 2457 929 τῶν
2486 873 2696 950 γηΐνων
2752 871 3021 948 ἔνστασιν,
3066 874 3151 931 καὶ
3181 874 3242 930 τὸ
3273 873 3349 946 μὴ
3400 874 3872 949 κατακάμπτεσθαί

2219 962 2347 1039 πρὸς
2382 963 2445 1018 τὰ
2486 960 2641 1020 ὑλικὰ
2673 959 2757 1018 διὰ
2786 965 2892 1019 τῶν
2917 968 3247 1042 πειρασμῶν,

2299 1129 2329 1209 §
2385 1128 2490 1193 IX.
2557 1121 2619 1188 Ἠ
2677 1132 2893 1198 τοιαύτη
2938 1132 3048 1188 θεία
3106 1131 3410 1199 δικαιοσύνη
3469 1135 3556 1189 καὶ
3618 1131 3868 1212 σωτηρία

2219 1220 2487 1300 ὑμνεῖται,
2521 1221 2594 1279 ὡς
2649 1217 2862 1281 δικαίως
2912 1219 3236 1290 διασῶζουσα
3296 1221 3418 1284 τοὺς
3470 1220 3697 1288 ἑκάστης
3757 1223 3865 1301 φύ-

2221 1330 2355 1374 σεως
2392 1307 2608 1388 λόγους,
2669 1310 2756 1367 καὶ
2814 1310 2950 1366 αἰτία
3004 1309 3131 1365 οὖσα
3189 1309 3288 1377 τῆς
3343 1309 3667 1390 ίδιοπραγίας
3729 1309 3865 1367 ἐκά-

2219 1421 2368 1459 στου.
2451 1398 2803 1479 ’ἰδιοπραγίαν
2870 1398 2924 1455 δὲ
2997 1399 3240 1475 ὠνόμασε
3305 1400 3404 1468 τὴν
3475 1401 3698 1459 ἐκοίστου
3756 1406 3867 1457 τῶν

2220 1487 2385 1544 ὄντων
2445 1490 2581 1547 κατὰ
2639 1489 2789 1568 φύσιν
2846 1487 3142 1559 ἰδιάζουσαν
3191 1489 3424 1557 κίνησιν·
3474 1488 3591 1546 σύδὲ
3643 1490 3741 1568 γὰρ
3799 1489 3869 1545 τὰ

2220 1577 2465 1655 ἀγγέλων
2526 1578 2820 1656 ἀνθρώποις
2879 1579 3123 1657 πράττειν
3180 1577 3421 1659 δυνατὸν,
3493 1579 3530 1646 ἢ
3585 1580 3651 1636 τὰ
3702 1579 3871 1656 πυρὸς

2221 1665 2367 1722 ὕδατι
2435 1668 2520 1723 καὶ
2579 1668 2640 1724 τὸ
2712 1665 2962 1743 ἔμπαλιν,
3025 1669 3083 1725 Ei
3150 1665 3205 1724 δέ
3262 1690 3343 1731 τις
3400 1667 3547 1745 λέγοι
3608 1670 3692 1725 καὶ
3750 1667 3874 1725 κατ’

2224 1753 2386 1812 ἄλλον
2448 1757 2638 1835 τρόπον
2709 1758 2973 1831 σωτηρίαν
3028 1758 3120 1812 τὸν
3175 1758 3327 1837 Θεὸν,
3385 1760 3457 1823 ὡς
3508 1757 3880 1829 ἀναρπάζοντα

491 1845 617 1937 (1υό
641 1851 881 1916 modum
912 1855 1166 1915 salutem
1198 1870 1352 1927 esse,
1388 1852 1544 1933 quod
1569 1871 1603 1913 a
1625 1850 1807 1913 rebus
1826 1850 2126 1912 deterioris

2221 1845 2327 1902 ἀπὸ
2357 1852 2462 1902 τῶν
2513 1848 2775 1926 χειρόνων
2835 1848 2900 1902 τὰ
2957 1847 3154 1921 πάντα,
3202 1847 3447 1927 (χείρονα
3519 1845 3573 1902 δέ
3622 1869 3752 1927 φησι
3810 1847 3881 1903 τά

488 1942 603 2006 bus
634 1941 834 2005 omnia
856 1941 1071 2021 eripiat
1099 1940 1423 2018 (deteriora
1452 1958 1591 2002 vero
1611 1948 1940 2020 vocat,qu:e
1956 1946 2135 2000 natu--

486 2047 572 2094 rae
600 2032 890 2112 cujusque
919 2030 1112 2092 aliena
1160 2038 1320 2105 sunt,
1350 2030 1442 2091 vel
1498 2028 1760 2108 indigna,
1817 2027 1907 2089 vel
1941 2031 2135 2109 potius

484 2119 806 2202 ipsammet
838 2119 1146 2182 materiam
1178 2118 1519 2199 informem)
1553 2118 1711 2180 hunc
1742 2135 1851 2179 nos
1898 2136 2132 2198 quoque

485 2216 769 2292 tanquam
800 2208 1066 2274 divinum
1110 2208 1478 2271 laudatorem
1524 2209 1931 2272 admittemus.
1968 2206 2130 2270 Hanc

490 2300 653 2362 enim
681 2299 933 2361 salutem
965 2297 1231 2360 omnium
1262 2305 1612 2375 statuemus,
1630 2315 1761 2378 quas
1813 2296 2013 2378 omnia
2039 2297 2126 2378 sic

486 2384 801 2441 immutata
856 2378 1332 2460 inconcussaque
1374 2386 1587 2451 servat,
1649 2376 1803 2439 utin
1860 2376 2124 2439 deterius

483 2485 606 2532 non
635 2475 915 2549 vergant;
949 2475 1008 2531 et
1036 2486 1272 2530 omnem
1302 2466 1760 2549 inaequalitatem
1785 2475 1962 2546 atque
1981 2465 2123 2529 alie-

484 2574 623 2622 nam
644 2559 938 2621 actionem
965 2558 1439 2638 eliminat,atque
1457 2556 1770 2637 cujuslibet
1790 2574 1894 2637 pro
1903 2557 2118 2637 portio-

482 2665 595 2711 nes
615 2648 952 2711 conlirmat.
988 2645 1051 2710 Si
1085 2652 1241 2709 enim
1274 2648 1493 2708 humor
1517 2646 1660 2706 484
1688 2664 1901 2725 aquam
1943 2646 2121 2709 dese-

481 2746 596 2815 rat,
623 2738 746 2819 jam
778 2756 895 2800 non
926 2737 1042 2801 erit
1068 2754 1220 2818 aqua
1253 2756 1270 2818 ;
1303 2737 1354 2800 si
1406 2734 1702 2799 redundet
1751 2742 1976 2817 tamen,
2007 2736 2123 2798 ali-

481 2826 626 2908 quid
649 2826 764 2890 erit
788 2846 804 2905 ;
836 2844 952 2909 quo
972 2826 1131 2889 circa
1152 2825 1330 2887 etiam
1351 2824 1687 2888 istiusmodi
1718 2826 1876 2887 salus
1904 2824 2123 2887 libera-

2223 1940 2322 2001 τῆς
2382 1938 2591 2015 φύσεως
2630 1937 2852 1993 ἐκάστοῠ
2911 1934 3163 2014 ἀλλότρια
3195 1940 3280 1994 καὶ
3338 1934 3545 2017 ἀνάξια,
3576 1935 3610 2004 ἢ
3670 1934 3883 2011 μᾶλλον

2218 2025 2314 2091 τὴν
2373 2023 2504 2091 ὕλην
2566 2025 2727 2093 αὐτὴν
2771 2029 2867 2093 τὴν
2926 2023 3200 2099 ἀνείδεονο)
3258 2028 3344 2082 καὶ
3397 2028 3579 2081 τοῦτον
3613 2026 3683 2088 ὼς
3725 2028 3877 2081 θεῖον

2218 2112 2576 2190 ἀποδεξόμεθα
2656 2112 2915 2189 ὑμνῳδόνο
2980 2115 3187 2181 Ταύτην
3256 2118 3354 2193 γὰρ
3413 2115 3677 2192 σωτηρίαν
3760 2119 3872 2169 τῶν

2214 2201 2354 2258 ὅλων
2416 2202 2713 2280 ἀξιώσομεν
2774 2204 2917 2260 εἶναι
2977 2203 3075 2271 τήν
3143 2204 3209 2259 τὰ
3276 2205 3448 2260 πάντα
3518 2199 3868 2278 ἀμετάϐλητα

2212 2291 2306 2349 καῖ
2356 2292 2554 2371 ἀρρεπῆ
2586 2295 2714 2372 πρὸς
2779 2295 2841 2349 τὰ
2899 2294 3066 2373 χείρω
3125 2290 3503 2373 διασώζουσαν,
3534 2293 3621 2349 καὶ
3679 2297 3860 2348 πᾶσαν

2211 2380 2499 2450 ἀνισότητα
2543 2385 2627 2440 καὶ
2690 2381 3158 2461 ἀλλοτριοπραξίαν
3203 2381 3550 2460 ἔξορίζουσαν,
3611 2382 3697 2437 καὶ
3754 2382 3852 2446 τὰς

2207 2471 2429 2530 ἑκάστου
2499 2472 2782 2551 ἀναλογίας
2842 2473 3266 2531 συνιστάνουσαδ.
3330 2473 3387 2529 Εἰ
3460 2471 3558 2549 γὰρ
3617 2469 3856 2546 ἒκλείιιιιε,⁵

2201 2562 2262 2617 τὸ
2323 2563 2476 2642 ὗγρόν
2535 2563 2593 2619 ἐκ
2652 2574 2743 2623 τοῦ
2796 2563 3009 2635 ὕδατος,
3071 2564 3172 2641 οὐχ
3247 2559 3382 2640 ὕδωρ
3436 2560 3607 2616 ἔσται’
3669 2563 3713 2617 εἷ
3762 2562 3860 2626 ἐπὶ

2204 2652 2362 2709 πλέον
2440 2654 2809 2731 ἒγγενήσεται,
2864 2652 2995 2709 ἄλλο
3065 2673 3115 2707 τι
3188 2652 3493 2729 γενήσεται·
3570 2650 3683 2708 ἐπεὶ
3761 2653 3858 2709 καὶ

2206 2744 2566 2822 ἀπολύτρωσις
2612 2741 2829 2822 λεχθείη
2889 2744 2923 2810 ἡ
2966 2741 3186 2808 τοιαύτη
3248 2762 3505 2820 σωτηρια,
3569 2741 3649 2797 ὃτι
3707 2740 3853 2799 ἀπο-

2212 2831 2519 2910 λνδτροῦνται
2588 2833 2655 2889 τὰ
2714 2831 2991 2907 σωζόμενα
3061 2830 3156 2898 τῆς
3210 2835 3314 2887 τῶν
3382 2831 3585 2886 οἰκείων
3639 2830 3855 2909 ἀγαθῶν

479 2916 565 2980 tio
594 2915 918 2990 vocabitur,
954 2914 1231 2997 quoniam
1276 2932 1347 2976 ea
1372 2933 1504 2995 quae
1532 2923 1865 2991 servantur,
1911 2933 1944 2976 a
1977 2932 2122 2993 pro-

2214 2919 2590 2997 i’trtontcbasmc,
2663 2923 2751 2977 καὶ
2822 2925 2916 2979 οὒκ
2974 2921 3162 2977 ἐῶνται
3233 2921 3362 2998 πρὸς
3436 2921 3497 2976 τὸ
3568 2919 3645 2995 μὴ
3705 2920 3854 2976 εἶναι

479 3004 745 3086 priorum
777 3003 1069 3066 bonorum
1129 3002 1463 3068 defectione
1520 3002 1871 3085 liberantur,
1929 3022 2041 3066 nec
2063 3004 2123 3066 in

2214 3009 2499 3068 διαπεσεῖν·
2561 3012 2648 3067 καὶ
2699 3012 2799 3087 ὃτι,
2865 3012 2917 3066 εἴ
2973 3033 3022 3067 τι
3075 3012 3205 3089 πρὸς
3246 3012 3306 3066 τὸ
3338 3008 3658 3085 πλημμελὲς
3715 3009 3857 3066 ἀπο-

479 3090 737 3154 nihilum
762 3092 953 3172 redigi
983 3092 1535 3172 permittuntur;et
1564 3094 1615 3154 si
1664 3092 1806 3173 quid
1857 3092 1932 3154 ad
1979 3112 2123 3174 pec-

2214 3100 2457 3180 σφαλείη,
2530 3109 2624 3161 τοῦ
2691 3101 2929 3157 τοιούτου
3006 3100 3200 3163 πάθους
3272 3098 3655 3177 ἀπολυτροῦται
3737 3120 3854 3155 πα-

480 3188 676 3286 catum
707 3181 1000 3256 deﬂectat,
1026 3180 1261 3286 hmc'ab
1317 3180 1654 3286 istiusmodi
1710 3181 2024 3244 affectione
2047 3182 2124 3245 li-

2214 3197 2401 3268 τριχῶς
2485 3189 2876 3271 ὑπεριδρύουσα,
2972 3190 3059 3247 καὶ
3136 3197 3230 3247 τοῦ
3312 3187 3475 3246 καλτιῦ
3557 3191 3850 3268 ἀνιστῶσα,

478 3268 648 3332 harat
677 3278 919 3352 paterne
947 3270 1315 3353 suil‘ulciens,
1351 3271 1693 3354 bonumque
1737 3273 2119 3337 resuscitans.

2214 3279 2411 3357 μᾶλλον
2467 3279 2521 3337 δὲ
2555 3268 2642 3337 καὶ
2669 3268 2677 3271 Ἴ
2702 3283 2800 3359 πρὸ
2856 3279 2948 3337 τοῦ
2994 3292 3178 3337 πεσεῖν
3235 3280 3305 3344 εἷς
3354 3280 3415 3334 τὸ
3457 3291 3646 3357 χεῖρον
3688 3277 3743 3333 ἐν
3773 3284 3856 3352 τῷ

479 3359 746 3450 quinimo
769 3360 1288 3450 etia_m,antequam
1307 3361 1368 3423 in
1384 3362 1618 3450 malum,
1638 3362 1947 3437 incidat,in
1966 3362 2123 3426 bono

2214 3370 2354 3444 καλῷ
2408 3368 2667 3450 ἱδρύουσα.
2725 3371 2812 3427 καὶ
2876 3370 2935 3427 τὸ
2993 3367 3244 3449 ὕπεκρυέν
3299 3367 3700 3447 ἀναπληροῢσα,
3761 3369 3852 3424 καὶ

477 3447 747 3529 ﬁrmans,
773 3457 833 3512 et
860 3448 1154 3513 defectum
1179 3450 1461 3532 implens,
1490 3457 1550 3515 et
1570 3449 1646 3514 ab
1665 3453 1938 3515 omnibus
1956 3451 2125 3516 noxis

477 3535 815 3602 absolvens.
1203 3532 1215 3547 ’

555 3623 684 3688 Hoc
735 3627 979 3708 quidem
1030 3627 1107 3690 de
1146 3627 1240 3689 his
1290 3627 1517 3692 dictum
1547 3647 1617 3692 ac
1639 3629 1713 3692 de
1737 3631 1987 3712 justitia,
2021 3650 2121 3694 se-

476 3715 737 3779 cundum
769 3733 949 3797 quam
980 3717 1186 3799 utique
1204 3717 1499 3798 justitiam
1531 3721 1795 3781 omnium
1820 3721 2121 3803 aequalitas

476 3813 859 3868 mensuratur
877 3823 946 3867 ac
988 3805 1322 3883 deﬁnitur;
1375 3807 1688 3887 omnisque
1732 3810 2115 3891 inaequalitas,

440 3956 443 3961 .
478 3911 612 3975 qua:
650 3893 982 3957 secundum
1030 3893 1423 3973 privationem
1454 3897 1805 3977 aequalitatis
1835 3900 2114 3977 sumitur,

477 3984 931 4046 exterminatur.
963 3981 1227 4046 Observa
1246 3992 1469 4067 autem,
1505 3987 1704 4063 qualis
1757 3987 2125 4068 inmquaiitas

477 4070 838 4147 eliminatur,
874 4072 1102 4135 scilicet
1148 4090 1280 4154 quas
1311 4082 1407 4135 est
1449 4076 1778 4139 secundum
1842 4079 2126 4158 privatio-

479 4178 614 4223 nem
646 4161 1000 4244 aequalitatis
1033 4183 1046 4221 :
1081 4174 1175 4224 est
1233 4167 1392 4225 enim
1421 4164 1791 4246 inaequalitas
1823 4167 2028 4244 etiam,
2065 4168 2126 4231 in

479 4251 645 4313 omni
662 4258 784 4313 toto
815 4252 890 4314 ad
923 4260 1114 4313 totum
1169 4252 1523 4331 diil'erentia,
1561 4256 1887 4319 secundum
1948 4276 2123 4339 quam

476 4341 774 4423 quidlibet
804 4342 1123 4424 aquolibet
1153 4342 1589 4408 diiiert.Talem
1622 4347 1825 4429 itaque
1858 4352 2125 4431 inaequaé

476 4431 938 4523 litatemdivina
963 4433 1194 4523 justitia
1216 4435 1564 4518 custodit,et
1595 4457 1714 4499 non
1745 4442 2121 4523 exterminat;

476 4539 598 4612 non
629 4521 791 4585 enim
820 4521 1175 4612 simpliciter
1201 4522 1681 4612 inaequalitatem
1713 4521 2119 4612 exterminari,

2204 3461 2415 3518 πάντων
2446 3466 2551 3518 τῶν
2581 3458 2794 3537 βλαϐῶν
2822 3458 3146 3521 ἀπολύουσα.

2286 3638 2452 3697 Ἀλλὰ
2482 3640 2597 3714 περὶ
2655 3640 2752 3712 μὲν
2812 3639 3011 3695 τούτων
3059 3638 3146 3694 καὶ
3191 3639 3289 3704 τῆς
3317 3634 3651 3704 δικαιοσύνης·
3685 3635 3851 3715 εἴρη-

2201 3753 2314 3805 ται,
2349 3726 2464 3786 καθ’
2520 3729 2586 3798 ἢν
2648 3727 2712 3796 δη
2775 3726 3170 3802 δικαιοσύνῃνῆ
3227 3727 3437 3784 πάντων
3497 3726 3680 3789 ἰσότης
3740 3746 3849 3802 με-

2201 3831 2404 3898 τρεῖται
2457 3819 2546 3875 καὶ
2622 3820 2868 3898 ὁρὶζεται,
2936 3819 3024 3874 καὶ
3096 3822 3238 3874 πᾶσα
3306 3815 3554 3885 ἀνισότης
3623 3817 3658 3883 ἡ
3713 3815 3853 3872 κατά

2206 3910 2307 3976 τὴν
2350 3908 2605 3986 στέρησιν
2651 3912 2748 3975 τῆς
2781 3909 3028 3974 ἱσὸτητος
3081 3904 3385 3985 ἑξορίζεται.
3417 3905 3567 3985 ’Ὅρα
3613 3902 3694 3978 δὲ,
3726 3908 3856 3963 ποία

2208 3997 2458 4064 ἀνισότης
2511 3995 2813 4076 ἐξορίζεται,
2872 3995 3120 4063 δηλονότι
3173 3997 3209 4064 in
3267 3997 3404 4054 κατὰ
3443 3996 3691 4075 στέρησιν
3752 3999 3853 4059 τῆς

2207 4086 2477 4155 ἰσότητος·
2533 4086 2643 4143 ἔστι
2689 4087 2787 4165 γὰρ
2830 4086 3083 4153 ἀνισότης
3133 4086 3220 4142 καὶ
3251 4087 3284 4154 ἡ
3337 4088 3388 4142 ὲν
3434 4093 3512 4159 τῷ
3540 4083 3697 4141 παντὶ
3745 4086 3856 4139 τῶν

2208 4175 2347 4235 ὅλων
2410 4177 2537 4256 πρὸς
2589 4174 2688 4233 ὅλα
2744 4174 2985 4255 διαφορά,
3052 4174 3168 4232 καθ’
3221 4175 3285 4243 ἢν
3348 4172 3577 4254 διαφέρει
3631 4172 3858 4230 ἕκαστον

2209 4266 2455 4327 ἑκάστου.
2502 4267 2610 4333 Τὴν
2652 4271 2777 4344 γοῦν
2834 4268 3084 4333 τοιαύτην
3137 4263 3426 4332 ἀνισότητα
3481 4265 3515 4331 ἡ
3574 4268 3665 4320 τοῦ
3723 4269 3860 4319 Θεοῦ

2205 4353 2511 4423 δικαιοσύνη
2571 4369 2813 4434 φρουρεῖ.
2846 4356 2933 4412 καὶ
2992 4358 3085 4413 οὒκ
3120 4352 3356 4433 ἐξορίζειο
3421 4356 3481 4412 οὗ
3509 4353 3609 4430 γὰρ
3666 4350 3858 4414 ἀπλῶς

2204 4445 2303 4512 τὴν
2362 4446 2649 4511 ἀνισότητα
2698 4444 3009 4525 ἐξορίζεσθαί
3052 4465 3234 4525 φησιν,
3291 4441 3430 4499 ἀλλα
3477 4441 3576 4509 τὴν
3623 4439 3678 4497 ὲν
3736 4453 3858 4505 τοῖς

2203 4535 2322 4592 καθ’
2371 4534 2617 4610 ἕκαστον,
2647 4523 2892 4592 τούτέστι
2924 4535 2985 4591 τὸ
3036 4523 3115 4609 μὴ
3161 4532 3221 4590 ῗσ
3240 4554 3300 4597 ος
3355 4532 3446 4589 καί
3489 4530 3687 4606 ὁμοίως
3717 4528 3855 4587 Exa—

476 4611 581 4674 sed
611 4627 741 4673 eam
772 4630 907 4703 quae
930 4611 993 4672 in
1017 4611 1266 4689 singulis
1295 4614 1523 4691 existit,
1556 4615 1616 4678 id
1668 4625 1760 4679 est
1787 4611 2118 4683 secundum

2214 4645 2332 4681 στον
2386 4630 2493 4681 τῶν
2553 4624 2850 4703 γεγονότων
2911 4622 2965 4679 ἐν
3023 4622 3306 4690 ταῦτότητι
3363 4626 3432 4697 τῇ
3482 4618 3617 4676 κατᾶ
3672 4620 3853 4698 φύσιν,

475 4715 655 4781 quam
676 4699 984 4793 quodlibet
1006 4718 1214 4793 eorum
1250 4720 1380 4783 qum
1410 4712 1567 4780 sunt,
1602 4705 1756 4768 haud
1791 4709 2120 4793 aequaliter,

474 4809 677 4871 neque
697 4791 981 4856 similiter
1019 4792 1084 4856 in
1110 4794 1360 4857 naturali
1410 4794 1662 4860 identita
1676 4805 1730 4861 te
1764 4791 2121 4878 consistunt,

475 4899 832 4964 permanere
859 4881 1028 4947 dicit.
1061 4884 1209 4945 Cum
1254 4899 1398 4948 vero
1452 4886 1636 4948 sciret
1688 4887 1838 4951 duos
1887 4891 2119 4968 modos,

473 4972 803 5035 secundum
830 4991 983 5054 quos
1009 4971 1376 5054 inaequalitas
1402 4973 1642 5054 dicitur,
1683 4976 1831 5039 duos
1859 4980 2120 5060 exponit,

474 5066 537 5121 et
563 5060 669 5137 ait,
694 5062 885 5124 Deum
916 5070 1163 5124 eatenus
1179 5061 1296 5124 dici
1308 5062 1624 5142 justitiam,
1661 5076 1955 5145 quatenus
1986 5088 2120 5131 om-

475 5165 616 5239 nem
645 5149 1040 5230 aequalitatem
1064 5161 1389 5239 mensurat,
1422 5165 1482 5215 et
1507 5155 1835 5234 quamlibet
1858 5156 2121 5239 inaequa-

472 5234 701 5301 litatem
732 5240 1103 5302 exterminat.
1137 5238 1600 5322 Inaequalitatem
1653 5263 1789 5308 vero
1848 5234 2122 5328 intelligit

474 5344 607 5389 eam
640 5345 771 5409 quas
800 5345 907 5409 per
954 5328 1344 5409 privationem
1376 5332 1734 5413 aequalitatis
1788 5335 2030 5411 accidit,
2062 5337 2121 5400 id

471 5424 565 5480 est
590 5416 1071 5481 redundantiam.
1101 5418 1369 5480 Alterum
1388 5440 1623 5502 quoque
1667 5425 1910 5487 modum
1954 5427 2123 5488 affert

2207 4712 2494 4789 διαμένειν,
2556 4714 2657 4770 Δύο
2687 4712 2741 4769 δὲ
2788 4712 3013 4788 τρόπους
3072 4709 3189 4770 καθ’
3220 4713 3307 4775 οὓς
3342 4708 3594 4775 ἀνισότης
3638 4707 3856 4785 λέγεται

2207 4802 2378 4882 εἰδὼς,
2412 4802 2533 4867 τοὺς
2563 4802 2650 4860 δύο
2702 4802 2997 4881 διατρανοῖ,
3026 4802 3117 4858 καί
3165 4823 3349 4879 φησιν,
3382 4799 3463 4856 ὅτι
3506 4798 3641 4855 κατά
3692 4803 3856 4856 τοῦτο

2207 4890 2508 4960 δικαιοσύνη
2573 4891 2786 4971 λέγεται
2842 4894 2870 4949 ὁ
2928 4893 3078 4965 Θεὸς,
3127 4891 3256 4947 καθὸ
3314 4891 3404 4945 καὶ
3459 4888 3558 4956 τὴν
3625 4887 3853 4955 ἰσότητα

2205 4989 2312 5039 τῶν
2382 4983 2594 5040 πάντων
2668 4982 2969 5059 έπιμετρεῖ,
3041 4980 3129 5037 καὶ
3198 4979 3296 5047 τὴν
3373 4977 3663 5043 ἀνισότητα
3734 4977 3853 5039 ἑνὸς

2203 5072 2426 5130 ἑκάστου
2496 5070 2727 5150 ἐξορίζει⁴
2807 5070 3130 5138 Ἀνισότητα
3204 5066 3259 5125 δὲ
3315 5066 3459 5145 λέγει
3545 5067 3640 5133 τῆν
3716 5067 3855 5124 κατὰ

2204 5160 2451 5238 στέρησιν
2526 5165 2624 5228 τῆς
2678 5160 2924 5227 ἰσότητος
2982 5156 3388 5235 συμϐαίνουσαν,
3459 5154 3697 5212 τουτέστι
3755 5155 3855 5222 τὴν

2205 5250 2539 5317 πλεονεξίαν.
2617 5247 2889 5329 Ἐπιφέρει
2972 5247 3026 5304 δὲ
3097 5249 3183 5305 καί
3258 5247 3348 5303 τὸν
3418 5242 3597 5324 ἕτερον
3662 5242 3857 5322 τρόπον

2207 5345 2307 5407 τῆς
2357 5341 2697 5407 ἀνισότητος*
2750 5339 2837 5395 καὶ
2895 5337 2994 5417 γὰρ
3050 5335 3162 5395 οϊδέ
3206 5358 3352 5399 τινας
3410 5334 3475 5391 τὰ
3533 5333 3634 5407 μὲν
3685 5333 3861 5400 νοητά

2205 5431 2293 5485 καὶ
2353 5430 2612 5500 ἀσώματα
2676 5426 2821 5503 εἴδη,
2881 5428 2969 5485 καὶ
3028 5427 3121 5491 τὰς
3201 5424 3410 5503 ἐνάδας,
3468 5421 3711 5480 τουτέστι
3773 5421 3860 5484 τὰς

474 5505 892 5587 inmqualitatis
931 5527 944 5570 :
980 5506 1141 5569 novit
1169 5508 1355 5589 enim,
1404 5509 1659 5592 aliquos,
1701 5514 2117 5594 intelligibiles

2214 5521 2373 5582 ὶπλᾶς
2438 5519 2633 5593 οὐσίας,
2687 5519 2907 5585 ἰσότητα
2965 5514 3060 5573 καὶ
3117 5515 3414 5580 ταύτότητα
3463 5512 3852 5583 ὀνομάσαντας.

471 5602 534 5659 et
557 5603 944 5679 incorporeas
969 5596 1190 5661 formas
1228 5607 1289 5661 et
1314 5602 1593 5679 unitates,
1625 5600 1738 5662 hoc
1761 5610 1849 5664 est
1877 5605 2108 5686 simpli-

2214 5609 2263 5666 ιὰ
2318 5606 2373 5664 δὲ
2446 5609 2693 5683 αἰσθητὰ,
2741 5608 2775 5664 ἃ
2834 5608 2923 5663 καί
2996 5605 3215 5683 μεριστά
3270 5604 3368 5660 εἶσι
3426 5602 3511 5660 καὶ
3573 5601 3626 5657 ἐν
3685 5622 3862 5676 μετασ-

471 5703 576 5779 ees
602 5686 979 5769 substantias,
1013 5686 1413 5767 aequalitatem
1468 5695 1527 5751 et
1566 5689 1876 5754 identitam
1909 5695 2108 5757 nomi~

2214 5696 2326 5774 ἶολῇ
2413 5699 2499 5755 καὶ
2547 5696 2769 5777 διαφορᾷ
2818 5696 2947 5776 πρὸς
3004 5692 3235 5771 ἄλληλα,
3271 5691 3560 5760 ἀνισότητα
3587 5691 3676 5749 καὶ
3735 5691 3860 5747 bte-
