4134 6156
286 532 514 609 ρόττιτα.
576 530 734 609 Λέγει
789 534 902 611 οὖν,

283 620 494 690 νοήσειέ
549 641 631 683 τις
685 622 784 687 τὴν
840 620 1089 701 διαφορὰν
1148 621 1253 677 τῶν
1324 623 1612 696 αἰσθητῶν,
1672 622 1792 679 ἀλλ’
1851 624 1938 678 οὖν

278 707 378 766 καῖ
435 708 631 775 ταύτης
680 714 778 777 τῆς
838 710 1151 778 ἀνισότητος
1183 715 1211 766 ὁ
1269 712 1400 775 θεὸς
1442 712 1659 790 κρουρὸς
1692 712 1822 787 ἐστι,
1859 712 1937 785 μὴ

278 797 380 855 ἑῶν
434 799 499 854 τὰ
541 797 749 855 ἐναντία
807 801 880 863 εἷς
940 799 995 855 ἐν
1069 799 1422 880 ωναχθῆται,
1504 801 1602 857 καί
1692 799 1772 857 διὰ
1840 804 1935 868 τῆς

278 888 481 967 φύσεως
557 891 632 951 εἷς
705 890 896 967 φθορὰν
961 888 1156 948 tiam.
1241 891 1313 953 ὡς
1368 890 1466 966 γὰρ
1532 892 1811 968 παρήγαγε
1870 891 1935 945 τὰ

280 977 476 1051 πάντα,
536 978 676 1034 οὓτω
733 991 984 1057 συντηρεῐ
1039 979 1193 1053 αὐτὰ,
1253 981 1325 1044 ὡς
1356 978 1444 1034 καί
1490 980 1588 1035 εἰσι
1638 981 1727 1036 καὶ
1777 981 1849 1044 ὡς
1882 977 1934 1043 ἐξ

282 1070 460 1147 ἀρχῆς
490 1065 697 1144 ἐγένετο
709 1114 723 1129 ,

1329 385 1427 448 DE
1470 384 1767 450 DIVINIS
1811 387 2261 470 NOMINIBUS,
2308 391 2470 453 CAP.
2520 393 2625 455 IX.

999 530 1097 589 κᾶν
1180 532 1375 599 ταύτην
1470 533 1567 598 τῆν
1652 533 1938 599 ἀνισότητα

2025 543 2199 587 nasse
2231 548 2246 597 ;
2274 525 2517 588 sensilia
2558 544 2701 588 vero
2735 545 2869 607 quae
2889 524 3068 591 etiam
3098 526 3418 595 divisibilia
3452 544 3591 598 sunt
3611 545 3673 599 et

3553 390 3671 468 910

2025 613 2350 688 mutabilia,
2387 624 2447 677 et
2476 613 2551 675 ab
2608 613 2864 677 invicem
2896 615 3150 698 diversa,
3195 621 3671 698 inaequalitatem

2024 702 2526 765 etdiversitatem.
2579 702 2732 766 Dicit
2789 704 3008 785 itaque,
3069 705 3186 767 etsi
3242 708 3459 789 aliquis
3516 713 3671 777 hanc

2020 791 2478 872 inaequalitatem
2512 792 2877 855 intellexerit
2897 793 3292 858 differentiam
3325 800 3667 878 sensilium,

2019 883 2407 946 nihilominus
2463 885 2640 946 etiam
2717 888 2909 949 Deum
2963 886 3210 966 hujusce
3253 887 3670 970 inaequalitatis

2018 972 2324 1034 custodem
2378 973 2661 1047 existere,
2697 973 2837 1035 dum
2899 992 3017 1036 non
3050 975 3340 1053 permittit
3369 984 3670 1047 contraria

2015 1062 2077 1123 in
2105 1081 2285 1123 unum
2318 1063 2717 1134 commisceri,
2762 1072 2820 1124 et
2850 1064 3203 1127 naturaliter
3231 1065 3293 1127 in
3316 1071 3658 1151 corruptio-

282 1173 423 1219 nem
453 1154 777 1236 devenire;
804 1166 868 1217 nt
897 1160 1055 1219 enim
1080 1156 1283 1219 omnia
1315 1157 1613 1239 produxit,
1649 1154 1735 1218 sic
1766 1154 1946 1218 etiam
1977 1151 2107 1233 ipsa
2140 1160 2470 1233 conservat,
2493 1160 2558 1212 ut
2586 1156 2647 1215 et
2678 1150 2970 1214 sintsient
2998 1153 3057 1215 in
3082 1154 3378 1237 principio
3402 1159 3665 1228 fuerunt.

662 1419 1308 1505 ΚΕΦΑΛΑΙΟΝ
1404 1419 1541 1506 Θ’.

2436 1402 2600 1454 ⁸⁸⁵
2664 1412 3024 1501 CAPUT
3094 1414 3241 1509 ΙΧ,

282 1548 417 1631 Περΐ
439 1550 702 1632 μεγάλου,
733 1556 945 1631 μικροῦ,
981 1553 1193 1632 ταύτοῦ,
1227 1552 1636 1634 ἑτέρου,ὸμοίου,
1657 1553 1926 1632 ἀνομοίω,

2022 1546 2104 1609 De
2130 1562 2375 1625 magno,
2399 1562 2624 1627 parvo,
2657 1546 2879 1623 eodem,
2910 1549 3063 1628 alio,
3087 1545 3303 1622 simili,
3335 1546 3655 1627 dissimili,

666 1641 925 1706 στάσεως.
958 1642 1245 1723 κινήσεως,
1292 1642 1561 1710 ἰσότητος.

2409 1641 2599 1713 statu,
2639 1642 2831 1710 motu,
2856 1634 3230 1716 aquolitate.

1602 1773 1960 1840 SYNOPSIS
2016 1767 2323 1836 CAPITIS.

283 1907 328 1960 Ι.
354 1908 520 1968 Dicit,
555 1909 729 1959 Deum
755 1910 815 1958 in
858 1911 1163 1971 Scripturis
1188 1911 1376 1961 vocari
1408 1920 1689 1970 magnum.
1724 1918 1986 1970 parvum,
2012 1904 2278 1971 eymdern,
2306 1904 2499 1971 alium,
2533 1909 2636 1955 etc.
2673 1906 2747 1971 II,
2776 1905 3054 1971 Explicat,
3082 1920 3186 1971 quo
3218 1919 3377 1959 sensu
3414 1910 3560 1959 Deus
3581 1905 3670 1960 di—

347 1974 507 2020 catur
550 1971 937 2035 magnus._III,
960 1967 1071 2029 Q'uo
1095 1986 1251 2021 sensu
1268 1967 1767 2035 parvustVLQu—o
1804 1980 1962 2018 sensu
2003 1967 2160 2035 idem.
2195 1967 2273 2035 ‘V.
2323 1970 2437 2035 Quo
2470 1967 2927 2035 sensu_ratiud,’et
2950 1967 3214 2032 quoniodo
3248 1971 3570 2035 accipienda
3595 1972 3670 2021 sit

346 2035 407 2082 in
429 2036 539 2083 Deo
579 2033 879 2095 longitudo,
919 2034 1178 2091 latitudo,

1208 2029 1570 2096 profundum.
1604 2034 1690 2083 VI.
1731 2035 1840 2096 Quo
1871 2042 2031 2080 sensu
2054 2029 2703 2096 dicatur__Deus_s_imilis,
2726 2044 2843 2080 cum
2874 2029 3062 2082 tanien
3107 2029 3399 2096 comarum
3421 2034 3499 2096 ad
3539 2035 3670 2095 επε-

348 2097 467 2145 ctus
497 2109 611 2158 non
636 2091 711 2145 sit
729 2098 954 2158 proprie
974 2091 1450 2147 similitudofVII.
1475 2099 1585 2153 Quo
1609 2107 1767 2144 sensu
1803 2094 2024 2158 dicatur
2069 2091 2549 2158 dissimilisd'IlI.
2582 2095 2691 2149 Quo
2704 2105 2872 2158 sensu
2893 2096 3045 2143 stare
3084 2094 3171 2158 pel
3189 2094 3387 2146 sedere.
3419 2095 3517 2146 ΙΧ,
3555 2091 3668 2155 Quo

344 2169 503 2207 sensu
519 2154 746 2209 αισαιυί
763 2154 987 2223 moveri,
1007 2163 1061 2210 et
1081 2158 1342 2224 quomodo
1365 2162 1475 2209 Deo
1497 2159 1788 2210 conveniat
1807 2155 2015 2219 triplex
2048 2157 2242 2204 motus.
2270 2154 2336 2203 X.
2364 2157 2476 2212 Quo
2497 2167 2658 2204 sensu
2678 2154 2901 2206 dicatur
2926 2157 3168 2221 wquatis.

1911 2270 2030 2350 δι.

367 2383 588 2452 Ἐπειδὴ
642 2382 697 2439 δὲ
750 2384 839 2440 καί
879 2385 943 2442 τὸ
985 2384 1124 2461 μέγα
1180 2383 1277 2442 καὶ
1336 2385 1396 2440 τὸ
1427 2384 1616 2463 μικρὸν
1658 2380 1928 2437 ἀνατέθει-

2096 2376 2384 2448 Quoniam
2419 2397 2556 2441 vero
2582 2380 2760 2441 etiam
2786 2398 3064 2461 magnum
3114 2389 3172 2444 et
3217 2399 3459 2463 parvum
3494 2381 3669 2447 attri-

284 2494 373 2531 ται
396 2469 456 2523 ei
489 2477 565 2546 τῷ
592 2473 805 2531 πάντων
836 2474 1007 2549 αἰτίῳ,
1056 2473 1150 2530 καὶ
1197 2475 1257 2530 τὸ
1314 2472 1504 2529 ταῦτὸν
1558 2472 1653 2527 καὶ
1707 2470 1768 2526 τὸ
1813 2469 1933 2524 ἕτε-

283 2585 397 2643 ρον,
456 2564 553 2619 καὶ
600 2562 663 2619 τὰ
692 2561 875 2638 ὅμοιον
899 2563 995 2619 καί
1036 2564 1096 2618 τὸ
1128 2563 1403 2641 ἀνὸμοιον,
1436 2560 1532 2617 καὶ
1576 2563 1609 2629 ἡ
1639 2558 1818 2623 στάσις
1840 2559 1935 2614 καὶ

283 2655 319 2721 ἡ
380 2652 606 2725 κίνησις,
653 2652 778 2731 φέρε
832 2654 917 2711 καί
959 2653 1159 2709 τούτων
1188 2659 1294 2709 τῶν
1322 2655 1626 2725 θεωνυμιῶν
1667 2648 1726 2697 69
1756 2646 1930 2727 ἀγάλ-

284 2738 490 2819 μᾶτων,
536 2740 635 2796 ὃσα
690 2742 828 2815 ἡμῖν
885 2743 1121 2821 ἔμφανῆ,
1167 2742 1546 2817 Θεωρήσωμεν.
1602 2738 1778 2816 Μέγᾶς
1838 2736 1931 2812 μὲν

284 2829 373 2887 οὖν
439 2832 467 2885 ὁ
527 2831 657 2893 Θεὸς
724 2831 780 2885 ἒν
863 2843 979 2894 τοῖς
1036 2831 1233 2908 λογίοις
1290 2831 1561 2908 ὑμνεῖται,
1651 2829 1704 2883 ἐν
1763 2825 1934 2903 μεγέ-

282 2924 383 2998 θει,
413 2919 594 2975 καῖεν
648 2918 776 2996 αὔρα
829 2916 1001 2994 λεπτῇ
1059 2919 1157 2986 τὴν
1214 2921 1355 2975 Θείαν
1414 2917 1741 2997 ἐμφαινούσῃ
1803 2936 1936 2986 σμι-

284 3009 520 3087 κρότητα
556 3023 570 3037 ⁸
604 3012 700 3063 καί
759 3008 970 3081 ταὺτὸς,
1023 3007 1149 3063 ὅταν
1207 3013 1279 3087 φῇ
1349 3007 1411 3062 τὰ
1468 3006 1652 3083 λόγια,
1701 3006 1774 3059 Σὺ
1831 3001 1938 3058 8ὲὸ

292 3097 449 3161 αὐτὸς
504 3095 561 3152 εἴ
616 3111 629 3125 ·
662 3097 748 3152 καὶ
815 3095 1017 3177 ἕτερος,
1078 3096 1230 3165 ἡνίκα
1294 3098 1367 3160 ὡς
1443 3094 1800 3173 πολύσχημος
1857 3094 1943 3148 καὶ

283 3183 564 3253 πολυειδὴς
625 3186 726 3241 ὑπὸ
780 3190 884 3241 τῶν
942 3187 1110 3242 αὖτὼν
1167 3185 1360 3262 λογίων
1409 3183 1806 3241 διαπλάττεται¹
1855 3183 1942 3238 καὶ

284 3277 491 3351 ομοίος,
520 3277 593 3338 ὡς
652 3276 846 3347 ὁμοίων
878 3276 964 3332 καὶ
1021 3276 1344 3349 ὁμοιότητος
1390 3275 1693 3341 ὑποστάτης
1740 3273 1825 3328 καὶ
1857 3271 1945 3326 ἅν-

2017 2466 2219 2528 buitur
2239 2470 2505 2529 omnium
2540 2470 2868 2547 auctori,et
2896 2470 3051 2533 idem
3076 2479 3136 2533 et
3166 2472 3355 2553 aliud,
3388 2481 3447 2534 et
3471 2472 3671 2535 simile

2017 2567 2074 2621 et
2119 2558 2433 2636 dissimile,
2478 2572 2533 2624 et
2585 2570 2771 2624 status
2802 2571 2861 2624 et
2895 2574 3116 2644 motus,
3148 2565 3402 2644 agedum
3434 2583 3673 2646 quoque

2016 2651 2142 2712 haec
2165 2651 2504 2714 divinorum
2543 2655 2854 2717 nominum
2875 2656 3212 2737 simulacra,
3233 2664 3527 2736 quatenus
3556 2673 3669 2720 no-

2016 2738 2110 2802 bis
2139 2743 2988 2823 patent,intueamur.Magnus
3009 2744 3252 2824 quidem
3265 2745 3424 2807 Deus
3441 2745 3672 2810 inScri-

2019 2831 2206 2910 pturis
2237 2831 2532 2912 laudatur,
2557 2840 2615 2893 et
2639 2833 2698 2893 in
2728 2833 3230 2913 magnitudine,et
3250 2835 3309 2895 in
3334 2852 3481 2897 aura
3506 2835 3672 2899 tenui

2020 2938 2153 2999 quae
2203 2920 2460 2982 divinam
2533 2922 2794 2985 insinuet
2852 2923 3254 3004 parvitatem;
3301 2924 3461 2986 idem
3517 2944 3673 3006 quo-

2022 3027 2160 3088 que,
2184 3019 2247 3069 ut
2276 3009 2333 3071 in
2365 3010 2467 3070 illo
2500 3009 2944 3091 Scripturarnm
2968 3013 3096 3074 loco
3123 3036 3140 3086 ;
3173 3012 3258 3075 Tu
3287 3020 3490 3077 autem
3509 3015 3672 3079 idem

2023 3100 2156 3177 ipse
2182 3093 2272 3160 esl
2306 3120 2321 3173 ;
2366 3107 2424 3162 et
2449 3100 2601 3161 alius
2650 3119 2719 3162 ac
2769 3101 3059 3175 diversus,
3090 3110 3154 3163 ut
3183 3121 3317 3163 cum
3353 3102 3672 3167 multarum

2025 3187 2341 3264 figurarum
2362 3205 2430 3248 ac
2460 3187 2783 3251 formarum
2817 3190 2890 3251 ab
2917 3191 3123 3253 eadem
3160 3189 3469 3270 Scriptura
3490 3193 3672 3274 ﬁngi-

2024 3282 2162 3352 tur;
2195 3285 2252 3337 et
2277 3276 2510 3356 similis,
2538 3279 2898 3340 utsimilium
2932 3297 3002 3342 ac
3029 3279 3441 3345 similitudinis
3462 3282 3673 3344 condi-

286 3363 494 3443 ὅμοιος,
546 3370 705 3419 πᾶσιν
737 3365 811 3428 ὡς
896 3365 989 3420 οὐκ
1031 3364 1183 3428 ὂντος
1271 3365 1412 3435 αὒτῷ
1468 3362 1561 3419 τοῦ
1590 3362 1795 3436 ὅμοίουο
1855 3374 1938 3417 και

2029 3371 2121 3425 tor
2151 3385 2167 3436 ;
2194 3373 2251 3426 et
2282 3353 2586 3427 dissimilis
2614 3367 2916 3438 omnibus.
2941 3377 3009 3430 ut
3030 3368 3126 3430 cui
3158 3387 3274 3429 non
3300 3369 3379 3432 sit
3406 3370 3621 3432 similis
3653 3390 3671 3447 ;

283 3454 474 3533 ἑστὼς,
506 3458 593 3509 καί
622 3454 893 3525 ἀκίνητος,
954 3455 1040 3510 καὶ
1068 3454 1370 3525 καθήμενος
1402 3456 1473 3515 εἱς
1508 3451 1598 3508 τὸν
1627 3453 1812 3524 αἰῶνα,
1846 3451 1938 3506 καῖ

2022 3461 2184 3515 stans
2211 3454 2389 3516 etiam
2416 3463 2471 3517 et
2516 3456 2865 3537 immobilis,
2892 3476 2959 3518 ac
2990 3457 3210 3518 sedens
3239 3457 3300 3517 in
3333 3460 3616 3521 saeculum
3650 3479 3669 3536 ;

285 3543 613 3622 κινούμενος,
647 3544 720 3606 ὡς
750 3542 836 3599 ἐπὶ
863 3543 1035 3599 πάντα
1085 3542 1463 3620 πορεῦόμενος’
1498 3542 1584 3597 καὶ
1616 3540 1733 3596 ὅσαι
1779 3539 1934 3595 ἄλλαι

2022 3553 2081 3604 et
2103 3542 2361 3623 mobilis,
2391 3545 2574 3625 utqui
2607 3564 2715 3624 per
2735 3546 2936 3607 omnia
2968 3553 3279 3627 penetret;
3311 3555 3368 3609 et
3397 3566 3670 3629 quaecun-

284 3633 502 3695 ταύταις
598 3630 922 3708 ὃμοδύναμοί
1009 3632 1288 3707 Θεωνυμίαι
1366 3633 1492 3709 πρὸς
1570 3636 1676 3686 τῶν
1728 3630 1934 3708 Λογίων

2022 3651 2137 3710 que
2166 3633 2276 3693 alia
2307 3634 2503 3695 divina
2535 3635 2776 3697 nomina
2810 3636 2900 3698 his
2931 3636 3375 3718 quipollentia
3394 3656 3429 3700 a
3458 3639 3671 3720 Scrip-

283 3724 588 3800 ὑμνοῦνται.

2022 3721 2165 3785 turis
2190 3722 2600 3786 celebrantur.

1892 3849 1922 3930 ς)
1980 3849 2055 3913 n.

365 3980 545 4059 Μέγας
579 3982 677 4061 μὲν
735 3993 822 4042 οὖν
854 3987 881 4042 ὁ
925 3986 1054 4050 Θεὸς
1101 3985 1413 4061 ὀνομάζεται

285 4068 443 4127 αὐτοῦ
484 4072 643 4151 μέγα,
708 4076 770 4131 τὸ
804 4097 931 4131 πασι
989 4079 1108 4141 τοῖς
1183 4074 1435 4154 μεγάλοις
1480 4073 1664 4130 ἑαυτοῦ
1713 4073 1937 4148 μεταδι-

288 4156 427 4233 δοῦν,
460 4164 549 4219 καὶ
591 4164 788 4227 παντὸς
838 4163 1093 4241 μεγέθους
1149 4163 1337 4229 ἔξωθὲν
1394 4162 1796 4240 ὒπεπχέομενον
1846 4164 1940 4218 καί

287 4250 804 4331 ὑπερεκτεινομενον,
906 4252 1076 4309 πάντα
1185 4255 1350 4308 τόπον
1422 4252 1704 4329 περιέχον.
1768 4251 1938 4306 πάντα

286 4338 503 4418 ἀριθμὸν
547 4330 899 4417 ὐπερῖάλλον,
959 4347 1133 4397 πᾶσαν
1200 4340 1437 4419 ἀπείρίαν
1508 4338 1801 4411 διαϐαῖνον,
1853 4330 1940 4395 καὶ

286 4428 420 4486 κατὰ
466 4430 523 4485 τὸ
580 4428 915 4508 ὒπερπλῆρες
974 4429 1133 4486 αὐτοῦ
1216 4431 1304 4487 καὶ
1401 4427 1787 4506 μεγαλουργὸν,
1851 4430 1937 4484 καὶ

295 4517 388 4581 τὰς
438 4520 697 4597 πηγαίας.
734 4522 892 4577 αὐτοῦ
951 4517 1174 4600 δωρεὰς,
1234 4509 1352 4575 καθ’
1423 4519 1546 4574 ὅσον
1602 4527 1753 4575 αὗται
1813 4519 1938 4591 πρὸς

288 4606 500 4663 πάντων
558 4610 918 4689 μετεχόμεναι
1000 4610 1136 4665 κατὰ
1207 4606 1561 4687 ἆπειρόδωρον
1632 4606 1697 4656 65
1753 4607 1937 4687 χύσιν³

289 4694 548 4771 ἀμείωτοι
634 4696 907 4761 παντελῶς
993 4699 1117 4776 εἰσι,
1202 4697 1289 4752 καὶ
1357 4696 1457 4762 τὴν
1505 4695 1670 4763 αὐτὴν
1726 4694 1941 4774 ἔχουσιν

284 4785 750 4865 ὑπερπληροτητα,
803 4789 889 4844 καί
942 4786 1034 4844 οὒκ
1079 4786 1416 4843 ὗλοττοῦνται
1477 4785 1606 4847 ταῖς
1647 4796 1941 4863 μετοχατς,

290 4875 426 4935 ἀλλᾶ
496 4877 584 4933 γαί
672 4875 874 4952 μᾶλλον
922 4872 1305 4953 ὐνερϐλύζοοσι.
1350 4875 1421 4932 Τὸ
1499 4873 1719 4952 μέγεθος
1786 4871 1942 4928 τοῦτο

290 4967 375 5023 καὶ
417 4963 632 5038 ἔπειρον
679 4965 814 5047 ἐστι,
872 4968 958 5023 καὶ
1030 4965 1257 5044 ἄποτον,
1316 4965 1403 5020 καί
1459 4963 1743 5041 ἆνάριθμόν
1792 4976 1805 4997 ν
1856 4978 1943 5034 καὶ

285 5056 443 5112 τοῦτὸ
519 5054 669 5113 ἐστιν
716 5057 751 5123 ἡ
806 5054 1073 5134 ὑπεροχὴ,
1128 5054 1263 5111 κατᾶ
1343 5053 1440 5120 τὴν
1501 5050 1765 5109 ἀπόλυτον
1849 5059 1943 5115 καῖ

287 5145 715 5224 ὑπερτεταμὲνην
780 5149 877 5221 τῇς
937 5142 1299 5223 ἀπεριλήπτνυ
1370 5139 1787 5219 μεγαλειότητος
1834 5140 1942 5219 χύ-

292 5257 372 5294 σιν
392 5235 475 5295 64.

375 5485 388 5522 ¹
416 5485 575 5551 Psal.
610 5498 669 5549 ct
725 5483 828 5549 28.

1450 4032 1463 4058 ,
1521 3985 1658 4041 κατὰ
1703 3984 1763 4040 τὸ
1793 3982 1932 4050 ἰδίως

2095 3984 2181 4048 Ac
2212 4007 2458 4069 magnus
2479 3990 2723 4072 quidem
2758 3991 2921 4054 Dens
2945 3991 3306 4072 appellatur,
3337 3991 3673 4055 secundum

2022 4074 2135 4137 sibi
2168 4079 2466 4157 propriam
2492 4081 3129 4160 inagnitudinem,quae
3144 4081 3367 4158 magnis
3389 4081 3673 4143 omnibus

2023 4162 2098 4224 de
2121 4182 2184 4225 se
2198 4169 2683 4245 commnnicat,et
2700 4170 2862 4231 omni
2886 4168 3281 4245 magnitudini
3304 4171 3672 4233 extrinsecus

2023 4255 2472 4333 superfunditur
2506 4266 2565 4318 et
2593 4258 3157 4337 supraexpanditur,
3195 4258 3395 4319 locum
3430 4277 3670 4321 omnem

2022 4343 2453 4425 complectens,
2480 4366 2718 4408 omnem
2748 4365 3065 4409 numerum
3098 4346 3670 4422 excedens,omnem

2022 4432 2362 4495 transiliens
2394 4434 2775 4512 infinitatem,
2809 4445 2871 4498 et
2905 4436 3077 4516 juxta
3130 4455 3492 4517 supraquam
3540 4437 3672 4517 ple-

2022 4521 2351 4584 nitudinem
2400 4543 2566 4586 suam
2619 4543 2689 4588 ac
2732 4526 3257 4606 magnificentiam,
3302 4526 3675 4608 fontalesque

2023 4628 2159 4671 suas
2181 4610 2650 4692 distributiones,
2687 4623 2979 4695 quatenus
3013 4616 3103 4676 lite
3125 4614 3408 4678 omnibus
3440 4616 3672 4679 infinita

2028 4698 2369 4776 profusione
2402 4702 2876 4777 communicata,
2926 4712 3166 4767 manent
3188 4721 3433 4784 prorsus
3464 4704 3670 4767 immi—

2027 4797 2204 4863 nntaa,
2243 4799 2306 4852 et
2334 4791 2606 4854 eamdem
2642 4794 2863 4856 habent
2905 4810 3082 4873 supra
3112 4812 3287 4872 quam
3341 4792 3672 4873 plenitudi-

2026 4897 2187 4949 nem,
2212 4898 2410 4958 neqne
2438 4881 2988 4961 participationibns
3009 4884 3380 4963 minuuntur,
3400 4881 3669 4963 quinimo

2026 4967 2213 5046 magis
2242 4968 2599 5033 redundant.
2634 4969 2777 5033 Haec
2809 4971 3153 5051 magnitudo
3185 4980 3243 5032 et
3294 4971 3525 5034 infinita
3554 4980 3667 5048 est,

2027 5065 2087 5117 et
2142 5055 2486 5136 quantitatis
2529 5076 2600 5119 ac
2673 5061 2909 5122 numeri
2961 5076 3226 5140 expers:
3301 5068 3361 5122 et
3406 5060 3533 5123 haec
3582 5069 3674 5124 est

2028 5145 2390 5207 excellentia
2410 5147 2737 5209 secundum
2766 5149 3115 5210 effusionem
3134 5147 3467 5212 absolutam
3485 5158 3547 5213 et
3573 5167 3673 5214 su-

2027 5252 2313 5377 Braqnam
2371 5243 2673 5298 extensam
2728 5236 3180 5316 magnificentia
3237 5257 3357 5301 non
3386 5256 3668 5320 compre-

2072 5332 2253 5377 ensae.

2072 5333 2142 5377 en
2150 5332 2253 5376 δεθ.

1610 5557 1868 5623 VARUE
1923 5556 2356 5623 LECTIONES.

370 5718 425 5772 61
450 5717 773 5792 ἀνατίθεται,
805 5717 868 5780 S.
953 5714 1019 5767 οἳ
1043 5716 1377 5794 θεωνομικῶν
1424 5713 1577 5793 lege,
1661 5713 1729 5766 33
1757 5712 2198 5791 ἀπειροδύναμον.
2282 5710 2351 5764 64
2375 5711 2552 5794 φύσιν,
2686 5710 2750 5775 S.
