4134 6156
279 366 397 437 913

1318 376 1416 438 DE
1458 375 1759 440 DIVINIS
1797 374 2249 451 NOMINIBUS,
2292 377 2456 439 CAP.
2492 374 2599 440 IX.

3527 368 3645 441 914

276 506 520 585 νομένοις
591 508 716 589 παρ’
787 507 816 566 ὅ
869 511 1159 590 φαίνονται,
1207 511 1483 585 σημαίνειν
1541 509 1768 578 οἰητέον.
1821 499 1911 574 Ὠς

1999 525 2195 569 rarnm
2229 507 2874 590 diversitate,qutedam
2904 511 3018 573 alia
3044 510 3121 574 ab
3143 507 3219 573 iis
3232 528 3364 591 qua;
3390 506 3643 575 visisin-

278 599 378 677 γὰρ
420 600 463 655 εἷ
510 598 608 667 τὴν
645 599 827 678 ψυχὴν
858 602 1021 668 αὐτὴν
1077 597 1448 675 σωματοειδως
1508 602 1536 656 ὁ
1587 599 1744 679 λόγος
1803 598 1915 656 διὲ-

277 688 500 761 πλαττε,
557 688 644 745 καὶ
691 689 827 767 μέρη
886 689 1166 765 σωματικὰ
1222 694 1291 765 τῇ
1346 688 1538 765 ἇμερεϊ
1591 688 1914 767 περιέπλατ-

277 799 390 858 τεν,
460 775 648 853 ἑτέρως
728 778 977 852 ἑνοοῦμεν
1048 777 1132 834 ἐπ’
1201 780 1334 854 αὐτῇ
1418 780 1483 837 τὰ
1551 778 1916 856 περιτιθέμενοι

279 889 440 945 μερη,
484 871 551 940 τῇ
599 866 818 945 ἀμερείᾳ
871 874 939 943 τῇ
988 867 1125 924 κατά
1178 868 1362 947 ψυχὴν
1394 866 1617 929 οἰκείως·
1679 869 1766 924 καὶ
1821 889 1916 924 κε·-

278 955 452 1036 φαλὴν
512 955 606 1029 μὶν
680 960 768 1011 τὸν
820 963 963 1036 νοῦν,
1026 956 1227 1035 αὐχένα
1283 955 1336 1011 δὲ
1380 956 1478 1024 τὴν
1527 954 1701 1036 δόξαν,
1738 956 1831 1037 (ὡς
1861 958 1916 1014 ἒν

279 1045 425 1118 μέσῳ
475 1043 637 1122 λόγου
682 1045 769 1100 καὶ
818 1044 1096 1123 ἀλογίας·)
1126 1048 1317 1114 στῆθος
1368 1043 1421 1101 δὲ
1472 1047 1655 1121 θυμὸν,
1689 1044 1917 1124 γαστέρα

276 1133 329 1189 δέ
380 1133 477 1200 τὴν
510 1131 806 1208 ἐπιθυμίαν,
842 1132 1007 1200 σκέλη
1067 1132 1123 1189 δὲ
1154 1135 1240 1191 καὶ
1269 1131 1433 1198 πόδας
1466 1135 1564 1203 τὴν
1611 1136 1761 1215 φύσιν
1791 1133 1914 1190 ἑλέ-

276 1245 464 1299 γομεν,
499 1234 616 1285 τοῖς
673 1223 779 1278 τῶν
809 1229 984 1301 μερῶν
1035 1223 1257 1298 ὀνόμασι
1316 1230 1420 1281 τῶν
1470 1222 1739 1300 δυνάμεων
1771 1245 1909 1300 συμ-

275 1310 457 1392 561315
489 1313 784 1392 χρώμενοι·
845 1312 1028 1386 πολλῷ
1059 1335 1120 1391 γε
1176 1312 1378 1390 μᾶλλον
1431 1314 1523 1370 ἱεπῖ
1553 1314 1646 1371 τὸῠ
1701 1301 1911 1372 nm

262 1381 546 1459 Ετέζιέῖνῖ
572 1381 670 1470 την
709 1381 1012 1480 ἑτερότητα-
1044 1381 1150 1459 τιῦν
1178 1381 1189 1390 1
1211 1403 1426 1485 μορφῶν
1468 1406 1555 1461 καὶ
1604 1411 1710 1460 τῶν
1759 1426 1910 1483 σχη-

277 1493 485 1569 μάτων,
545 1495 713 1569 ἱεραϊς
770 1496 855 1549 καί
909 1493 1222 1572 θεοπρεπέσι
1293 1496 1379 1551 καὶ
1437 1508 1720 1570 μυστικαῖς
1778 1494 1910 1549 ἆναο

275 1581 517 1649 πτύξεσιν
561 1583 993 1655 ἀνακαθαίρεσθαι
1026 1584 1159 1663 χρὴ.
1197 1585 1295 1641 Καὶ
1339 1587 1381 1640 εἱ
1410 1583 1584 1659 βούλει
1615 1585 1679 1640 τὰ
1734 1582 1915 1662 τριττὰ

276 1676 380 1727 τῶν
433 1673 695 1748 σωμάτων
745 1674 1004 1753 σχήματα
1034 1680 1109 1747 τῷ
1156 1673 1351 1754 ἀναιρεῖ
1392 1675 1480 1730 καὶ
1525 1672 1915 1752 ἀσχηματίστῳ

278 1761 394 1836 Θεῷ
448 1761 726 1840 περιάψαι,
758 1760 960 1825 πλάτος
1017 1762 1114 1837 μὲν
1167 1767 1310 1819 θεῖον
1361 1762 1548 1839 ῥητέον
1598 1763 1696 1829 τὴν
1747 1763 1912 1839 ὑπερ-

1997 596 2327 674 sinuantur,
2361 598 2683 677 signiﬁcari
2717 600 3042 677 putandum
3090 609 3202 663 est.
3237 600 3643 674 Quemadmo-

1998 685 2138 746 dum
2173 687 2328 747 enim
2362 686 2409 747 si
2442 688 2573 767 quis
2596 687 2910 767 cogitando
2940 688 3196 751 animam
3228 690 3302 753 ad
3333 708 3639 773 corporeae

1999 774 2201 853 ﬁgura:
2218 775 2459 837 modum
2477 777 2670 857 ipsam
2704 786 3247 859 repraasentaret,et
3274 780 3639 862 reipartium

2000 865 2227 945 experti
2264 874 2458 944 partes
2481 883 2801 946 corporea:
2827 866 3160 946 attingeret,
3214 869 3331 930 alio
3363 870 3539 931 modo
3572 870 3634 931 in

2000 972 2068 1014 ea
2099 964 2320 1035 partes,
2342 972 2472 1033 quae
2521 955 2605 1016 illi
2639 953 2933 1017 attributae
2960 956 3097 1017 487
3137 964 3360 1038 essent,
3406 958 3637 1021 intelli-

1997 1052 2476 1124 geremus,prout
2508 1045 2788 1107 nimirum
2807 1046 3084 1109 convenit
3104 1046 3290 1127 ipsius
3312 1045 3637 1109 individui-
3720 1090 3723 1093 -

1998 1133 2124 1208 tati;
2148 1141 2205 1193 et
2226 1142 2402 1212 caput
2423 1134 2663 1213 quidem
2686 1136 3463 1215 intelligentiam,cervicem
3494 1153 3636 1200 vero

1996 1222 2341 1302 Opinionem
2372 1231 2597 1303 (utpote
2643 1225 2905 1288 mediam
2948 1225 3106 1287 inter
3132 1226 3429 1288 rationem
3459 1234 3640 1307 atque

1995 1311 2588 1389 irrationabilitatem)
2623 1323 2829 1394 pectus
2872 1324 3074 1379 autem
3130 1315 3305 1397 iram,
3365 1322 3635 1378 ventrem

1997 1418 2132 1460 vero
2156 1400 2742 1484 cu;~iditatem,crura
2773 1403 3031 1486 denique
3061 1423 3128 1467 ac
3160 1404 3344 1485 pedes
3365 1412 3636 1468 naturam

1995 1488 2358 1565 diceremus,
2391 1493 2630 1554 istarum
2666 1494 2918 1575 partium
2954 1493 3297 1557 nominibus
3325 1512 3429 1574 pro
3444 1493 3637 1556 facul-

1993 1587 2178 1640 tatum
2212 1581 2494 1664 symbolis
2527 1583 2747 1645 utendo
2776 1606 2791 1653 ς
2821 1582 2902 1645 ita
2925 1583 3264 1646 multosane
3294 1584 3509 1664 potiori
3535 1602 3633 1646 ra-

1997 1671 2175 1752 tione,
2209 1671 2270 1732 in
2286 1671 2491 1754 arqui
2515 1674 2796 1737 omnibus
2815 1674 3380 1750 eminet,diversitas
3401 1675 3500 1737 illa
3520 1675 3637 1739 for-

2283 1659 2466 1677 -Ἀ

1998 1778 2223 1821 marum
2256 1771 2435 1841 atque
2456 1764 2806 1849 figurarum,
2838 1765 3026 1828 sacris
3048 1764 3398 1846 quibusdam
3421 1782 3489 1827 ac
3513 1767 3636 1831 Deo

277 1863 483 1928 ευρεϊαν
528 1848 611 1906 ἐπὶ
662 1852 834 1908 πάντα
872 1858 962 1908 τοὺ
1017 1858 1147 1909 Οεοῦ
1198 1850 1445 1930 πρόοδον·
1482 1853 1654 1927 μῆκος
1705 1849 1782 1930 δὲ,
1814 1851 1911 1917 τὴν

1999 1851 2270 1927 congruis
2317 1848 2698 1933 mysticisque
2743 1854 3286 1935 explanationibus,
3318 1854 3637 1933 anagogice

278 1942 779 2018 ὅπερεκτεινομένην
808 1941 873 1997 τὰ
921 1939 1018 1996 ὅλα
1046 1938 1285 2017 δύναμιν
1352 1942 1513 2017 βάθος
1546 1939 1623 2012 δὲ,
1656 1941 1754 2008 τὴν
1783 1946 1912 1997 πᾶσι

275 2042 390 2092 τοῖς
451 2032 589 2085 οὖσιν
647 2029 1009 2106 ἀπερίληπτον
1078 2032 1404 2111 κρυφιότητα
1470 2032 1557 2086 καὶ
1626 2029 1915 2107 ἀγνωσίαν.

278 2116 421 2175 Ἀλλ’
476 2119 620 2184 ὅπως
655 2120 732 2194 μὴ
791 2119 1033 2192 λάθωμεν
1066 2121 1278 2186 ἑαυτοὺς
1307 2123 1361 2176 ἓν
1393 2124 1492 2187 τῆς
1522 2122 1625 2175 τῶν
1673 2120 1917 2197 ἑτεροίων

278 2210 579 2288 σχημάτων
630 2211 717 2265 καὶ
768 2217 980 2289 μορφῶν
1040 2209 1391 2285 ἀναπτόξεως,
1452 2209 1547 2272 τὰς
1605 2209 1917 2284 ἀσωμάτους

275 2299 565 2373 θεωνυμίας
624 2312 746 2355 ταῖς
803 2299 885 2355 διὰ
943 2297 1222 2377 συμϐόλων
1278 2299 1542 2377 αἰσθητῶν
1617 2299 1915 2377 συμφύρον-

273 2409 383 2464 τες,
432 2387 512 2443 διὸ
566 2392 679 2466 περὶ
740 2389 836 2464 μὲν
894 2374 1191 2445 1:on
1242 2394 1311 2463 τῇ
1353 2374 1677 2473 ξυμβολικῇ
1731 2374 1917 2473 θεολο-

273 2479 367 2557 γίὲ
409 2478 492 2528 75'
552 2501 638 2535 νυν
694 2477 749 2533 δὲ
798 2479 923 2537 αὐτὸ
981 2479 1075 2544 τὴν
1119 2478 1259 2534 θείαν
1314 2468 1625 2554 ἑτερότητα,
1687 2477 1764 2552 μὴ
1818 2468 1915 2532 ἀλ-

272 2552 486 2624 λοίωσίν
556 2589 673 2624 τινα
743 2572 842 2634 τῆς
914 2566 1304 2646 ὑπερατρέπτοιι
1386 2566 1704 2634 ταύτότητος
1778 2568 1914 2623 ὓπο-

270 2657 603 2735 πτεύσωμεν,
636 2654 773 2714 ἀλλὰ
817 2658 904 2712 τόν
951 2657 1155 2712 ἑνιαῖον
1214 2656 1371 2712 αὐτοῦ
1413 2654 1911 2735 πολυπλασιασάὸν,

269 2747 357 2801 καὶ
414 2747 507 2810 τὰς
564 2743 860 2823 μονοειδεῖς
921 2750 1018 2812 τῆς
1051 2744 1136 2801 ἐπὶ
1192 2746 1363 2805 πάντα
1412 2744 1727 2823 πολυγονίας
1785 2768 1914 2825 προ-

271 2832 417 2898 όδους
431 2883 445 2898 ,
742 2852 750 2859 ’
1545 2850 1552 2856 '

1998 1948 2085 2002 est
2118 1939 2533 2006 describenda.
2571 1945 2646 2007 Et
2676 1945 2727 2005 si
2758 1944 3082 2025 tripartitas
3112 1943 3381 2023 corporis
3412 1945 3635 2025 tiguras

1998 2030 2111 2110 ipsi
2135 2030 2279 2106 Deo,
2312 2032 2412 2113 qui
2442 2033 2598 2113 tangi
2632 2052 2703 2096 ac
2761 2034 3004 2112 ﬁgurari
3042 2032 3270 2113 nequit,
3317 2033 3639 2097 attribuere

1999 2120 2256 2182 volueris
2293 2142 2309 2196 ;
2339 2122 2533 2185 divina
2560 2122 2804 2199 quidem
2836 2123 3078 2185 latitudo
3110 2121 3364 2184 dicenda
3392 2131 3504 2204 est,
3559 2123 3641 2186 la-

2001 2208 2234 2270 tissima
2251 2211 2322 2271 ad
2344 2211 2649 2273 universas
2669 2230 2768 2274 res
2791 2213 3181 2292 prOgresssio;
3211 2211 3515 2291 longitudo
3534 2231 3637 2274 au-

2003 2305 2142 2371 tem,
2185 2301 2445 2379 potentia
2467 2320 2601 2381 quae
2643 2320 2822 2383 supra
2850 2302 3050 2364 omnia
3079 2301 3429 2382 expanditur
3457 2323 3473 2384 ;
3506 2320 3641 2383 pro-

1998 2386 2248 2449 fundum
2280 2408 2442 2470 vero,
2472 2405 2758 2452 arcanum
2790 2391 2938 2453 illud
2969 2389 3244 2454 omnibus
3274 2389 3640 2473 inacessum,

2000 2476 2389 2558 ejusdemque
2406 2480 2718 2558 ignoratio.
2737 2478 2951 2542 Verum
2975 2499 3051 2541 ne
3071 2480 3340 2543 fallamus
3370 2489 3642 2542 nosmet-

1998 2564 2183 2645 ipsos,
2234 2566 2373 2627 dum
2423 2568 2600 2628 variis
2657 2569 2861 2647 ﬁguris
2904 2569 3234 2650 formisque
3277 2567 3644 2649 explicandis

1998 2654 2344 2731 insistimus,
2381 2656 2714 2721 divinarum
2736 2676 2940 2721 rerum
2962 2657 3348 2739 incorporeas
3371 2658 3640 2739 appella-

1998 2743 2192 2805 tiones
2224 2764 2355 2806 cum
2403 2748 2703 2827 signorum
2735 2747 3110 2811 sensibilium
3140 2747 3639 2829 appellationibus

2000 2832 2448 2919 confundenda,
2480 2837 2557 2899 d'e'
2584 2838 2677 2899 his
2709 2838 2769 2899 in
2804 2836 3138 2919 Symbolica
3171 2836 3465 2914 theologia
3514 2834 3641 2897 dis-

269 2924 617 3009 seruimus;
675 2941 832 2985 nunc
881 2929 1079 2985 autem
1139 2921 1395 2985 divinam
1432 2924 1864 2997 diversitatem,
1898 2940 1974 2984 ne
2031 2928 2415 2988 mutationem
2475 2927 2789 3009 quamdam
2851 2927 3003 3007 ejus,
3035 2927 3136 3008 qui
3194 2925 3644 2989 immutabiliter

271 3004 456 3092 idem,
487 3020 597 3094 est,
634 3030 766 3076 esse
815 3011 1212 3094 suspicemur,
1241 3013 1345 3076 sed
1401 3013 1596 3094 potius
1647 3011 2201 3094 multiplicationem
2251 3004 2636 3095 singularem,
2672 3026 2730 3078 et
2776 3004 3181 3080 emanationes
3227 3015 3531 3099 simplices
3570 3014 3645 3079 ad

271 3103 495 3163 omnia.

1865 3265 1893 3344 ς
1953 3263 2052 3329 v1.

354 3447 590 3530 ’Ὅμοιον
642 3452 696 3510 δὲ
727 3454 817 3512 τὸν
876 3455 1004 3510 Θεὸν
1044 3456 1088 3510 εἷ
1119 3455 1218 3529 μὲν
1264 3455 1336 3519 ὡς
1386 3454 1574 3511 ταῦτὸν
1604 3454 1752 3511 εἴποι
1800 3476 1907 3533 τις,

2073 3454 2339 3516 Similem
2374 3471 2510 3516 vero
2560 3455 2746 3517 Deum
2778 3455 2827 3517 si
2848 3456 2979 3535 quis
3000 3455 3156 3517 dicat
3188 3462 3250 3516 ut
3280 3454 3646 3531 eamdem,et

272 3548 345 3610 ὣς
391 3543 516 3600 ὅλον
574 3542 749 3600 διόλου
810 3545 984 3617 ἑαυτῷ
1041 3543 1280 3620 μονίμως
1307 3544 1394 3600 καὶ
1449 3543 1740 3622 ἀμερίστως
1796 3542 1920 3601 ὄντα

272 3634 480 3711 ὅμοιον,
515 3635 608 3691 οὒκ
656 3632 976 3708 ἀτιμαστέον
1026 3635 1162 3708 ἡμῖν
1213 3633 1311 3700 τὴν
1369 3639 1459 3690 τοῦ
1497 3634 1680 3709 ὁμοίου
1729 3636 1920 3690 θεωνυ-

274 3728 420 3801 μίαν,
477 3727 535 3782 Οἱ
565 3721 618 3779 δὲ
664 3721 906 3799 θεολόγοι
950 3724 1041 3779 τὸν
1094 3722 1224 3801 ὑπὲρ
1267 3722 1440 3779 πάντα
1490 3722 1640 3797 Θεὸν,
1675 3724 1915 3800 ᾒαῦτὸς,

272 3813 442 3873 οὐδενί
493 3835 649 3891 φασιν
681 3813 825 3868 εἶναι
871 3811 1083 3886 ὅμοιον,
1131 3812 1288 3869 αὐτὸν
1336 3809 1390 3867 δὲ
1435 3811 1729 3886 ὁμοιότητα
1776 3814 1918 3869 θείαν

272 3902 553 3982 δωρεῖσθαι
609 3914 729 3965 τοῖς
779 3899 865 3958 ἐπ’
921 3903 1077 3958 αὖτον
1121 3901 1604 3980 ἐπίστρεφομένοις,
1655 3907 1722 3979 τῇ
1782 3903 1918 3960 κατὰ

270 3991 489 4067 δύναμιν
547 3992 773 4067 μιμήσει
831 3991 922 4047 τὸν
979 3988 1042 4038 76
1095 3990 1224 4067 ὑπὲρ
1287 3988 1454 4047 πάντα
1507 3992 1594 4047 καὶ
1651 3989 1773 4069 ὅρον
1829 3992 1918 4048 καὶ

274 4082 453 4159 λόγον,
492 4082 587 4138 Καὶ
642 4078 780 4135 ἔστιν
810 4082 842 4148 ἡ
901 4081 998 4147 τῆς
1029 4081 1169 4143 θείας
1229 4080 1547 4156 ὁμοιότητος
1605 4080 1845 4165 δόναμις,
1883 4082 1915 4148 ἡ

273 4172 339 4227 τὰ
381 4168 726 4249 παραγόμενοι
776 4168 948 4224 πάντα
1005 4170 1136 4246 πρὸς
1167 4170 1227 4223 τὸ
1279 4168 1455 4225 αἴτιον
1503 4168 1910 4248 ἐπιστρέφουσα,

276 4265 446 4317 Ταῦτα
497 4263 625 4335 γοῦν
653 4255 838 4333 ῥητέον
888 4254 1048 4329 ὅμοια
1078 4260 1155 4329 τῷ
1211 4253 1272 4305 77
1306 4264 1445 4336 Θεῷ,
1478 4259 1566 4313 καὶ
1612 4259 1749 4315 κατὰ
1778 4260 1916 4315 θείαν

276 4348 451 4404 εἰκόνα
511 4347 598 4403 καί
669 4344 942 4419 ὁμοίωσιν
1018 4342 1132 4403 οὔδε
1210 4346 1310 4425 γὰρ
1366 4348 1549 4410 αὐτοῖς
1618 4350 1709 4403 τὸν
1789 4350 1917 4405 Θεὸν

278 4436 486 4510 ὅμοιον,
546 4434 626 4491 ὅτι
688 4432 824 4511 μηδὲ
885 4432 1156 4511 ἅνθρωπος
1213 4442 1281 4511 τῇ
1338 4434 1440 4509 ἰδίᾳ
1495 4436 1655 4492 εἰκόνι
1711 4436 1917 4513 ὅμοιος·

2004 3550 2068 3604 ut
2096 3551 2279 3605 totum
2316 3561 2420 3623 per
2442 3551 2627 3605 totum
2659 3543 2771 3606 sibi
2797 3544 2961 3606 unite
2991 3552 3049 3606 et
3073 3543 3552 3625 impartiabiliter
3571 3548 3650 3608 si~

2004 3631 2359 3712 milem,non
2379 3640 2471 3694 est
2489 3631 2953 3713 improbandum
2967 3650 3184 3694 nomen
3202 3632 3650 3697 divinumsimi-

2004 3720 2392 3799 lis.Theologi
2415 3731 2611 3784 tamen
2636 3723 2821 3786 Deum
2845 3721 2947 3805 qui
2964 3729 3057 3785 est
3076 3740 3255 3804 supra
3273 3723 3649 3806 omnia,qua-

2003 3820 2175 3874 tenus
2232 3811 2400 3892 ipse,
2444 3812 2669 3875 nullius
2720 3813 2978 3877 similem
3030 3833 3166 3877 esse
3195 3815 3380 3897 aiunt,
3412 3815 3519 3878 sed
3550 3816 3646 3897 ip-

2000 3920 2129 3963 sum
2161 3901 2423 3963 divinam
2468 3901 2922 3966 similitudinem
2969 3902 3114 3965 dare
3158 3904 3232 3966 iis
3259 3905 3362 3985 qui
3390 3904 3465 3967 ad
3507 3923 3645 3967 eum

2001 3999 2447 4072 convertuntur,
2479 3992 2618 4054 dum
2650 4010 2786 4054 eum
2820 4011 3001 4072 supra
3050 4012 3290 4056 omnem
3322 3994 3643 4057 terminum

2000 4098 2068 4141 ac
2086 4081 2375 4142 rationem
2412 4100 2515 4161 pro
2549 4081 2774 4145 viribus
2808 4085 3352 4163 imitantur.Atque
3384 4084 3511 4144 haac
3557 4091 3651 4147 est

1997 4168 2211 4231 divinae
2240 4170 2652 4232 similitudinis
2681 4173 2791 4247 vis,
2840 4180 2902 4231 ut
2949 4173 3152 4233 omnia
3192 4190 3324 4251 quae
3353 4171 3647 4251 producta

1999 4267 2154 4329 sunt,
2187 4259 2258 4319 ad
2291 4268 2591 4321 auctorem
2625 4279 2797 4321 suum
2844 4261 3295 4323 convertathta
3324 4259 3503 4339 igitur
3524 4263 3647 4324 Deo

2000 4348 2218 4410 similia
2242 4347 2493 4409 dicenda
2525 4357 2685 4423 sunt,
2714 4357 2775 4409 ut
2798 4349 2871 4411 ad
2890 4351 3019 4429 ejus
3042 4349 3359 4430 imaginem
3385 4368 3453 4411 ac
3476 4349 3648 4412 simi-

2005 4437 2317 4499 litudinem
2351 4438 2546 4499 efﬁcta
2578 4458 2594 4513 ;
2627 4456 2744 4499 non
2773 4447 2972 4500 autem
3026 4438 3183 4501 Deus
3213 4438 3285 4501 iis
3310 4439 3524 4501 similis
3553 4439 3647 4501 di-

276 4527 362 4583 ὲπὶ
419 4527 517 4604 γὰρ
564 4524 635 4574 78
687 4528 793 4580 τῶν
847 4521 1130 4601 ὁμοταγῶν
1186 4522 1401 4580 δυνατὸν
1444 4526 1532 4581 καὶ
1580 4524 1740 4599 ὅμοια
1794 4527 1915 4584 αὐτὰ

2004 4528 2229 4590 cendus
2255 4535 2367 4606 est,
2393 4525 2531 4606 quia
2561 4545 2635 4589 ne
2658 4528 2899 4605 quidem
2937 4527 3116 4591 homo
3150 4536 3236 4591 est
3266 4529 3508 4608 imagini
3527 4548 3651 4592 sua;

277 4613 536 4684 ἀλλήλοις
602 4614 769 4685 εἶναι,
828 4613 914 4668 καὶ
992 4612 1348 4694 ἆντιστρέςρειν
1412 4613 1492 4694 ἐφ’
1551 4614 1771 4694 ἑκάτερα
1825 4616 1915 4682 τὴν

2007 4615 2222 4676 similis
2255 4639 2270 4686 ς
2302 4616 2580 4696 quoniam
2608 4635 2741 4696 quae
2763 4616 3043 4694 aliqualia
3061 4626 3222 4691 sunt,
3250 4618 3647 4700 possuntqui-

279 4705 598 4781 ὁμοιότητα,
654 4705 737 4760 καὶ
813 4703 954 4758 εἶναι
1040 4700 1200 4781 ἄμφω
1254 4701 1513 4772 ἀλλήλοις
1568 4702 1728 4779 ὅμοια
1788 4705 1915 4761 κατὰ

2009 4705 2143 4766 dem
2179 4705 2290 4765 sibi
2326 4705 2575 4767 invicem
2611 4724 2743 4768 esse
2798 4707 3033 4783 similia,
3070 4707 3222 4769 etad
3260 4716 3506 4789 utraque
3537 4727 3646 4789 po-

277 4795 678 4873 προηγούμενον
750 4793 931 4868 ὁμοίου
993 4790 1158 4854 εἴδος·
1217 4792 1301 4849 ἐπὶ
1358 4790 1412 4848 δὲ
1462 4799 1551 4849 τοῦ
1605 4794 1771 4850 αἰτίου
1834 4795 1915 4849 κα]

2009 4801 2121 4854 test
2155 4794 2262 4855 ista
2293 4794 2620 4857 similitudo
2652 4777 3037 4876 reciprocari,
3066 4804 3131 4858 ut
3158 4777 3465 4859 sintambo
3488 4777 3639 4857 invi-

277 4886 383 4942 τῶν
442 4886 691 4940 αἰτιατῶν
754 4882 848 4939 οὒκ
878 4879 1233 4956 ἀποδεξόμεθα
1291 4881 1388 4948 τὴν
1419 4882 1789 4963 ἀντιστροφὴν,
1850 4887 1915 4941 0-3

2004 4901 2134 4945 cem
2161 4882 2377 4944 similia
2400 4884 2731 4947 secundum
2768 4885 3156 4967 principalem
3178 4883 3439 4965 speciem
3470 4885 3644 4948 simi-

232 4970 247 4987 ⁸
279 4975 379 5053 γὰρ
410 4995 591 5050 μονοις
621 4969 802 5029 τοῖσδε
832 4971 867 5039 ἢ
898 4969 1080 5028 τοῖσδε
1126 4972 1189 5027 τὸ
1220 4971 1415 5046 ὁμοίως
1446 4970 1509 5021 Ἱ9
1550 4972 1694 5028 εἶναι
1725 4970 1915 5050 δωρεῖ-

2012 4972 2276 5034 litudinis
2310 4994 2324 5053 ;
2361 4978 2420 5033 in
2457 4992 2632 5036 causa
2674 4993 2814 5037 vero
2862 4975 2934 5037 ad
2980 4976 3227 5038 effectus
3270 4993 3643 5058 nequaquam

280 5085 390 5144 ται,
444 5068 566 5119 πᾶσι
630 5060 684 5117 δὲ
735 5073 854 5124 τοϊς
911 5060 1228 5136 ὁμοιότητος
1300 5060 1589 5141 μετέχουσι
1643 5067 1736 5118 τοῦ
1779 5061 1921 5117 εἶναι

281 5152 483 5227 ὁμοίοις
515 5154 542 5208 ὁ
598 5152 725 5216 Θεὸς
758 5151 931 5211 αἴτιος
976 5149 1233 5227 γίγνεται,
1270 5152 1354 5207 καὶ
1386 5152 1496 5208 ἔστι
1528 5152 1613 5207 καὶ
1666 5152 1829 5219 αὐτῆς
1859 5148 1924 5200 30

280 5247 372 5318 τῇς
409 5239 858 5316 αὖτουμοιότητος
888 5239 1214 5314 ὑποστάτης,
1250 5239 1345 5296 ιιαῖ
1374 5241 1436 5297 τὸ
1464 5244 1517 5296 ἓν
1546 5245 1705 5297 πᾶσιν
1734 5237 1918 5315 ὅμοιον

2005 5061 2386 5124 admittemus
2433 5062 2770 5126 istiusmodi
2829 5064 3385 5145 reciprocationem.
3442 5063 3646 5147 Neque

2005 5152 2162 5211 enim
2232 5150 2375 5213 solis
2405 5152 2499 5213 his
2538 5164 2643 5215 aut
2671 5151 2791 5213 illis
2837 5153 2936 5215 dat
2964 5153 3120 5216 Deus
3163 5161 3226 5216 ut
3254 5153 3475 5217 similia
3501 5156 3643 5231 sint,

2003 5240 2106 5301 sed
2137 5257 2313 5301 causa
2335 5248 2423 5302 est
2444 5259 2549 5303 cur
2578 5241 2798 5305 similia
2841 5243 2961 5306 sint
3009 5244 3232 5321 omnia,
3285 5245 3641 5325 quibuscum

1575 5424 1833 5490 VARI/E
1875 5425 2317 5492 LECTIONES.

360 5590 424 5641 75
450 5587 650 5652 subdit
678 5588 747 5651 ι).
784 5587 1071 5666 εἰρήσεται,
1104 5587 1170 5651 Ρ.
1202 5588 1437 5666 εἴρηται,

286 5670 413 5735 Sar,
499 5669 563 5719 79
584 5669 809 5745 ὁμοίοις,¹
840 5669 902 5730 Ρ.
948 5669 1048 5731 Sc.
1084 5669 1210 5732 Sar.
1294 5665 1360 5716 80
1387 5668 1472 5723 καὶ
1516 5669 1673 5743 αὐτή,
1708 5668 1771 5730 S.
1807 5670 1905 5733 SC.

1525 5584 1588 5635 76
1614 5589 1742 5662 τῶν,
1777 5586 1843 5651 P.
1887 5590 1946 5652 S.
1983 5586 2082 5651 Sc.

2171 5588 2232 5638 ’Π
2272 5595 2349 5663 τῷ
2380 5606 2495 5655 non
2526 5598 2616 5655 est
2641 5589 2703 5653 in
2728 5590 2791 5654 S.
2821 5589 2891 5654 Ι).
2979 5590 3043 5643 73
3071 5592 3282 5671 ἐπὶομὲν
3317 5594 3437 5675 γάρ,
3470 5592 3537 5661 Ρ,
3567 5593 3636 5659 D.
