4134 6156
450 327 570 394 915

1587 326 1645 388 S.
1717 326 2059 392 DIONYSII
2116 325 2646 390 ABEOPAGlT/E.

3717 321 3842 390 916

446 457 777 524 similitudo
807 454 948 519 488
1011 462 1103 519 est
1157 454 1624 531 communicata,
1687 456 1969 537 idemque
2035 468 2114 521 est

2206 459 2264 539 ἴς(
2279 481 2353 515 νει
2387 459 2485 513 τινὶ
2540 456 2636 523 τῆς
2667 456 2805 519 θείας
2865 456 3182 532 ὁμοιότητος
3212 456 3394 533 ὅμοιόν
3424 456 3558 535 ἐστι,
3594 461 3683 517 καὶ
3739 459 3844 527 τὴν

450 551 625 614 etiam
665 548 853 629 ipsius
884 544 1306 609 similitudinis
1332 552 1538 607 auctor
1576 566 1593 621 ;
1626 554 1683 607 et
1712 546 2001 627 quidquid
2030 555 2121 610 est

2207 551 2390 607 ἓνωσιν
2422 547 2592 605 αὐτῶν
2636 546 2964 626 σομπληροϊ,

449 640 514 701 in
545 636 822 701 omnibus
854 637 1090 713 simile,
1128 634 1372 715 vestigio
1407 635 1662 716 quodam
1697 634 1911 698 divinae
1960 636 2369 700 similitudinis
2391 635 2588 699 simile
2638 635 2856 713 existit,
2891 643 2950 697 et
2975 635 3320 699 earumdem
3351 638 3844 719 conjunctionem

2043 808 2072 887 §
2109 804 2237 871 vn.

452 728 679 812 explet.

536 968 652 1035 Sed
678 985 961 1050 quorsum
1014 968 1139 1027 haec
1201 964 1484 1026 dicuntur
1520 968 1545 1028 ?
1584 967 1733 1029 Nam
1768 975 1826 1028 et
1854 974 2108 1048 ipsamet

2274 971 2368 1027 Καὶ
2395 969 2445 1026 τί
2488 967 2572 1025 δεῖ
2614 969 2732 1047 περὶ
2789 968 2976 1025 τούτου
3019 968 3194 1047 λέγειν
3230 985 3245 1043 ;
3297 968 3440 1039 Αὐτὴ
3497 972 3597 1049 γὰρ
3625 973 3661 1039 ἡ
3716 975 3845 1029 θεο-

457 1060 768 1141 Scriptura
813 1056 958 1119 dicit
988 1056 1174 1120 Deum
1211 1072 1345 1117 esse
1394 1054 1777 1138 dissimilem,
1840 1056 2107 1136 nullique

2203 1059 2340 1135 ικογία
2368 1056 2422 1107 81
2474 1060 2534 1113 τὸ
2566 1057 2819 1132 ἀνόμοιον
2860 1059 3017 1117 αὐτὸν
3046 1058 3190 1115 εἶναι
3248 1058 3543 1137 πρεσϐεύει,
3579 1063 3668 1118 καὶ
3722 1076 3849 1125 τοῖς

457 1147 978 1221 conferendum,ut
1000 1146 1073 1209 ab
1090 1144 1368 1209 omnibus
1386 1144 1781 1220 diversum,et
1803 1148 1958 1225 quod
1985 1164 2108 1209 ma-

454 1239 545 1319 gis
578 1237 907 1300 mirandum
934 1245 1043 1318 est,
1075 1235 1223 1298 nihil
1257 1234 1311 1296 ei
1363 1253 1497 1296 esse
1532 1235 1750 1299 simile.
1785 1238 2101 1297 Verumta-

458 1347 594 1391 men
627 1343 997 1406 nequaquam
1034 1326 1090 1388 id
1116 1334 1202 1388 est
1226 1326 1355 1405 ejus
1380 1324 1757 1388 similitudini
1789 1336 2103 1405 repugnat;

460 1437 596 1480 nam
628 1417 837 1479 eadem
861 1419 984 1479 Deo
1002 1416 1287 1478 etsimilia
1306 1423 1446 1476 sunt
1467 1423 1524 1475 et
1543 1414 2104 1491 dissimilia;similia

455 1508 720 1591 quidem,
744 1506 1070 1569 secundum
1106 1504 1449 1587 possibilem
1483 1506 1614 1582 ejus
1640 1505 1739 1584 qui
1761 1504 2102 1585 participari

456 1597 664 1678 nequit
691 1592 1548 1676 participationem;dissimilia
1580 1612 1740 1667 vero,
1778 1594 2106 1659 secundum

2190 1154 2349 1205 πᾶσιν
2405 1148 2754 1227 ἀσύντακτον,
2788 1150 2859 1211 ὡς
2917 1149 3003 1203 καί
3034 1149 3244 1204 πάντων
3303 1148 3367 1198 82
3395 1150 3594 1229 ἕτερον,
3641 1153 3731 1207 καὶ
3784 1153 3851 1208 τὸ

2190 1230 2253 1305 δὴ
2314 1236 2751 1316 παραδοξότερον,
2815 1237 2895 1294 ὅτι
2954 1235 3092 1312 μηδὲ
3165 1239 3306 1295 εῖναι
3362 1262 3412 1296 τι
3470 1242 3657 1313 ὃμοιον
3700 1245 3853 1317 αὐτῷ

2186 1349 2339 1407 φησι,
2398 1327 2576 1385 Καίτοι
2645 1326 2740 1382 οὐκ
2793 1326 3025 1391 ἐναντίος
3080 1330 3106 1383 ὁ
3167 1328 3321 1406 λόγος
3380 1335 3448 1406 τῇ
3503 1330 3633 1408 πρὸς
3689 1331 3853 1386 αὐτὸν

2188 1417 2492 1491 ὁμοιότητι⁶
2557 1417 2624 1472 τὰ
2656 1418 2753 1494 γὰρ
2812 1417 2942 1472 «ora
2975 1417 3060 1472 καὶ
3111 1414 3271 1493 ὅμοια
3302 1425 3416 1493 Θεῷ
3457 1420 3545 1475 καὶ
3591 1418 3850 1493 ἀνόμοιαο

2187 1508 2248 1563 τὸ
2283 1507 2383 1580 μὲν
2441 1507 2577 1563 κατὰ
2620 1506 2718 1574 τὴν
2777 1504 3136 1587 ἐνδεχομένην
3191 1507 3283 1563 τοῦ
3338 1508 3609 1583 ἆμιμήτου
3666 1509 3853 1584 μίμη-

2194 1618 2274 1651 σιν
2302 1593 2376 1636 83'
2439 1599 2498 1652 τὸ
2530 1594 2608 1671 δὲ,
2642 1596 2779 1652 κατὰ
2843 1619 2904 1652 το
2935 1595 3160 1653 ἀποδέον
3184 1603 3291 1653 τῶν
3341 1599 3587 1653 αἰτιατῶν
3616 1604 3708 1653 τοῦ
3762 1600 3854 1654 αἷ-

458 1688 780 1750 eﬂ‘ectuum
809 1703 843 1746 a
872 1685 1068 1746 causis
1123 1683 1517 1745 differentiam
1575 1683 1831 1746 infinitis
1869 1703 2111 1765 prorsus

2203 1686 2324 1766 ιίου,
2382 1688 2468 1741 καὶ
2526 1686 2741 1762 μέτροις
2803 1686 3043 1765 ἀπείροις
3102 1692 3190 1742 και
3233 1686 3560 1766 ἆσυγκρίτοις
3617 1686 3855 1764 ἀπολιμ-

459 1775 801 1858 parasangis
825 1773 1375 1857 incomparabiliter
1403 1772 1752 1836 distantem.

2193 1774 2492 1852 πανὸμενον
2522 1774 2605 1834 84.

2034 1935 2063 2013 §
2106 1932 2265 1998 VlII.

538 2098 690 2172 Quid
726 2105 921 2159 autem
945 2097 1020 2159 de
1051 2096 1251 2157 divino
1303 2101 1455 2157 statu
1488 2096 1581 2157 vel
1611 2094 1753 2157 sede
1784 2094 2055 2156 dicamus
2077 2098 2107 2157 ?

2271 2097 2330 2154 Τί
2386 2095 2439 2152 δέ
2484 2095 2730 2176 καὶπερὶ
2789 2101 2887 2164 τῆς
2917 2099 3058 2162 θείας
3097 2097 3359 2177 στάσεως,
3393 2097 3514 2165 ἤτοι
3571 2097 3856 2175 καθέδρας,

461 2188 643 2263 Quid,
662 2186 1123 2266 inquam,aliud,
1134 2194 1526 2266 praeterquam
1563 2203 1806 2246 manere
1831 2184 2018 2247 Deum
2048 2186 2110 2248 in

458 2278 678 2358 seipso,
710 2286 769 2337 et
796 2276 858 2336 in
885 2275 1095 2337 eodem
1128 2283 1283 2337 statu
1307 2274 1607 2335 immobili
1638 2275 1807 2336 ﬁrme
1840 2275 2115 2346 ﬁxum,et

459 2383 815 2447 supraquam
840 2365 1143 2426 fundatum
1167 2381 1299 2425 esse
1330 2364 1649 2437 stabiliter,
1708 2372 1766 2426 et
1786 2366 2111 2426 secundum

461 2457 667 2518 eadem
692 2462 751 2517 et
771 2454 928 2516 circa
947 2454 1106 2516 idem
1136 2453 1333 2534 ipsum
1362 2460 1419 2514 et
1449 2454 1741 2514 similiter
1770 2455 2024 2534 operari,
2059 2464 2117 2515 et

461 2544 705 2608 omnino
735 2561 870 2606 esse
898 2563 933 2605 a
961 2545 1157 2625 seipso
1188 2542 1652 2623 immutabilem,
1701 2549 1763 2606 et
1793 2563 1908 2603 non
1944 2562 2115 2622 posse

462 2632 944 2713 transmoveri,et
973 2651 1109 2694 esse
1140 2639 1351 2694 extoto
1375 2632 1771 2713 immobilem,
1794 2641 1969 2712 atque
1990 2634 2114 2693 haec

463 2722 705 2806 quidem
733 2740 917 2803 supra
953 2720 1389 2802 substantiam;
1422 2721 1553 2801 ipse
1588 2721 1746 2783 enim
1800 2731 1891 2782 est
1921 2722 2116 2784 omnis

464 2822 649 2876 status
686 2819 744 2873 et
772 2812 1054 2873 sessionis
1111 2818 1339 2890 auctor,
1398 2810 1504 2889 qui
1572 2829 1755 2890 supra
1792 2811 2116 2873 sessionem

462 2919 702 2965 omnem
733 2918 802 2962 ac
823 2908 1042 2962 statum
1088 2898 1307 2978 existit,
1343 2906 1401 2960 et
1430 2898 1492 2959 in
1524 2899 1654 2979 ipso
1680 2908 1894 2962 cuncta
1916 2901 2117 2961 consi-

467 2999 651 3066 stunt,
673 2990 815 3052 dum
846 2989 909 3050 in
932 2988 1227 3051 bonorum
1279 3005 1523 3050 suorum
1578 2997 1737 3050 statu
1769 2989 2118 3055 inconcussa

468 3086 920 3147 conservantur.

2196 2186 2417 2265 φαμέν;
2456 2187 2512 2243 Τί
2568 2184 2618 2241 δὲ
2681 2186 2812 2244 ἄλλο
2844 2210 2927 2268 γε,
2962 2189 3097 2266 γαρὰ
3155 2190 3215 2244 τὸ
3272 2187 3336 2238 85
3380 2187 3558 2262 μένειν
3592 2190 3746 2245 αὖνὸν
3803 2188 3862 2245 ἐν

2197 2278 2367 2349 ἑαυτῷ
2416 2278 2508 2331 τὸν
2567 2276 2720 2354 Θεὸν,
2765 2281 2851 2334 καὶ
2909 2277 2963 2333 ἐν
3021 2278 3258 2352 ἀκινήτῳ
3300 2278 3580 2345 ταύτότητι
3614 2280 3860 2353 μονίμως

2199 2365 2525 2443 πεπηγέναι,
2574 2368 2660 2421 καί
2717 2368 2992 2444 ἀραρότως
3050 2365 3436 2446 ὑπεριδρῦσοαι,
3472 2368 3560 2423 καὶ
3601 2369 3663 2423 τὸ
3718 2368 3862 2424 κατᾶ

2198 2458 2267 2522 τὴ
2327 2457 2457 2513 αὐτὰ
2508 2456 2592 2510 καί
2655 2457 2773 2532 περί
2829 2458 2892 2513 τὸ
2950 2457 3076 2513 αὐτὸ
3134 2458 3223 2513 καί
3287 2458 3537 2519 ὡσαύτως
3588 2456 3857 2536 ἐνεργεῖν,

2200 2548 2287 2602 καὶ
2342 2546 2477 2602 κατᾶ
2535 2547 2594 2601 τὸ
2648 2546 3014 2621 ἀμετάστατον
3076 2548 3231 2603 αὐτὸν
3290 2544 3340 2611 ἐξ
3396 2547 3582 2604 ἑαυτοῦ
3637 2548 3860 2613 πάντως

2198 2638 2485 2715 ὑπάρχειν,
2522 2636 2607 2691 καὶ
2666 2637 2805 2692 κατὰ
2847 2639 2906 2693 τὸ
2964 2637 3356 2712 ἀμετακίνητον
3400 2637 3552 2715 αὐτὸ,
3587 2637 3673 2691 καὶ
3730 2636 3856 2694 ὀλι-

2204 2732 2309 2786 ιιῶς
2367 2725 2639 2804 ὰγίνητον,
2697 2727 2784 2782 καὶ
2862 2733 3026 2783 ταῦτα
3112 2725 3458 2803 ὁπερουσίωςο
3543 2726 3698 2790 αὐτὸς
3754 2728 3861 2805 γὰρ

2202 2814 2343 2870 ἐστιν
2389 2818 2416 2869 ὁ
2458 2818 2557 2879 τῆς
2585 2814 2797 2871 πάντων
2840 2817 3076 2878 στάσεως
3105 2816 3192 2871 καὶ
3248 2812 3397 2893 ἕδρας
3431 2813 3629 2892 αἴτιος,
3665 2817 3693 2870 ὁ
3720 2816 3862 2894 ὑπὲρ

2201 2910 2375 2959 πᾶσαν
2434 2901 2583 2979 ἕδραν
2640 2905 2727 2958 καί
2779 2902 2985 2978 στάσιν,
3033 2905 3120 2961 καὶ
3176 2902 3230 2959 ἐν
3303 2903 3446 2976 αὐτῷ
3504 2902 3677 2959 πάντα
3735 2927 3859 2961 συν-

2202 2993 2450 3071 έστηκεν,
2484 2990 2543 3047 ὲκ
2596 2996 2693 3057 τῆς
2754 2999 2862 3048 τῶν
2920 2994 3124 3051 οἰκείων
3181 2992 3390 3070 ἀγαθῶν
3446 2992 3683 3057 στάσεως
3712 2992 3859 3051 ἀσά-

2200 3082 2359 3139 λευτα
2390 3079 2876 3159 διαφυλαττόμενα.

1978 3316 1991 3323 -
2075 3256 2231 3337 §IX.

547 3434 701 3509 Quid
733 3450 933 3515 porro,
968 3432 1212 3512 quando
1262 3430 1479 3494 iterum
1539 3431 1798 3512 theologi
1858 3433 2114 3520 tradunt,

2288 3438 2347 3494 Τί
2404 3434 2480 3510 δὲ,
2534 3436 2623 3491 καὶ
2654 3433 2781 3491 ὅταν
2845 3433 2991 3497 αὖθις
3038 3435 3083 3489 οἱ
3133 3432 3370 3510 θεοὶόγοι
3416 3436 3502 3491 καὶ
3550 3435 3636 3491 ἐπὶ
3692 3436 3878 3493 πάντα

468 3543 604 3587 eum
638 3523 739 3605 qui
760 3520 1084 3586 immobilis
1135 3530 1226 3584 est
1273 3520 1346 3584 ad
1379 3521 1656 3583 universa
1704 3523 2030 3603 procedere
2062 3544 2114 3588 at

2213 3526 2491 3603 προϊόντα,
2524 3525 2611 3581 καὶ
2670 3524 2974 3599 κινούμενόν
3034 3544 3160 3602 φασι
3193 3523 3284 3578 τὸν
3344 3523 3616 3598 ἀκίνητον,
3652 3527 3713 3580 οὗ
3742 3529 3875 3583 θεο-

471 3612 721 3693 moveri,
753 3629 954 3674 nonne
976 3611 1039 3672 id
1070 3612 1252 3673 etiam
1290 3609 1523 3672 ratione
1559 3610 1809 3691 quadam
1838 3613 1958 3674 Deo
1990 3634 2130 3677 cou-

467 3720 613 3782 grua
631 3699 1081 3778 intelligendum
1113 3718 1179 3762 es
1204 3697 1269 3760 t?
1319 3700 1421 3762 Pie
1452 3700 1745 3779 siquidem
1800 3704 2124 3779 putandum

467 3792 773 3872 estipsum
801 3789 1058 3862 moveri,
1092 3806 1211 3849 non
1242 3787 1575 3848 secundum
1613 3788 1996 3864 delationem,
2035 3793 2124 3855 vel

468 3878 967 3959 immutationem,
996 3876 1085 3938 vel
1101 3874 1632 3953 alterationem,vel
1655 3878 2120 3942 conversionem

468 3968 837 4047 autlocalem
869 3974 1115 4039 motum,
1164 3963 1255 4028 vel
1288 3973 1543 4039 rectum,
1576 3964 1668 4026 vel
1694 3965 2119 4045 orbicularem,

469 4059 561 4121 vel
584 4076 655 4120 ex
685 4058 953 4138 utrisque
979 4064 1376 4130 constantem,
1412 4055 1504 4116 vel
1549 4052 1998 4130 intellectilem,
2032 4061 2125 4121 vel

467 4148 811 4222 animalem,
860 4147 950 4209 vel
992 4145 1350 4226 naturalem,
1413 4144 1518 4206 sed
1574 4145 1906 4207 secundum
1963 4148 2124 4227 quod

2211 3622 2425 3692 πρεπῶς
2484 3617 2570 3670 καὶ
2631 3621 2781 3671 τοῦτο
2839 3611 3111 3692 νοητέον,
3210 3617 3481 3670 Κινεϊσθαι
3546 3615 3647 3691 γὰρ
3707 3615 3872 3674 αὐτόν

2211 3702 2440 3770 εὖσεϐὧς
2500 3704 2728 3775 οἰητέον,
2791 3704 2851 3759 οὗ
2931 3702 3069 3758 κατὰ
3126 3703 3316 3783 φορὰν,
3372 3702 3407 3769 ἢ
3458 3701 3768 3776 ἀλλοίωσιν,
3829 3703 3866 3772 ἢ

2210 3792 2529 3869 ἑτεροίωσιν,
2598 3791 2633 3858 ἢ
2706 3791 2931 3870 τροπὴν,
3088 3789 3316 3857 τοπικὴν
3387 3790 3618 3866 κίνησιν,
3673 3792 3733 3849 οὒ
3762 3794 3866 3861 τὴν

2207 3886 2440 3952 εὐθεῖαν,
2472 3885 2532 3939 οὗ
2581 3881 2677 3947 τὴν
2735 3879 3149 3959 κυκλοφορικὴν,
3183 3878 3241 3935 οὐ
3300 3879 3399 3947 τὴν
3429 3878 3481 3946 ἐξ
3539 3881 3767 3960 ἀμφοῖν,
3802 3882 3865 3938 οὒ

2208 3971 2305 4031 τὴν
2358 3970 2578 4043 νοητὴν,
2616 3972 2673 4025 οὐ
2703 3970 2802 4036 τὴν
2831 3970 3096 4048 ψυχικὴν,
3134 3968 3191 4024 οὒ
3222 3968 3319 4036 τὴν
3348 3970 3574 4048 φυσικὴν
3604 3969 3691 4044 86,
3724 3970 3865 4028 ἀλλᾶ

2207 4060 2268 4114 τὸ
2302 4061 2377 4122 εἰς
2421 4059 2599 4116 οὐσίαν
2631 4058 2777 4136 ἄγειν
2835 4060 2927 4114 τὸν
2960 4059 3090 4113 Θεὸν
3152 4059 3239 4113 καὶ
3268 4058 3510 4138 συνέχειν
3568 4081 3631 4115 τα
3661 4061 3863 4139 πάντα,

2213 4149 2301 4206 καὶ
2346 4149 2607 4213 παντοίως
2662 4149 2876 4207 πάντων
2936 4161 3211 4225 προνοεῖν,
3258 4146 3347 4204 καί
3402 4148 3460 4204 τὸ
3513 4162 3761 4226 παρεῖναι
3806 4149 3871 4199 37

468 4238 627 4302 Deus
654 4236 856 4300 omnia
875 4237 1147 4299 in'rerum
1174 4231 1502 4296 naturalem
1526 4234 1800 4314 producit
1824 4236 2114 4299 continet-

2216 4243 2344 4294 πᾶσι
2402 4243 2469 4314 τῇ
2514 4237 2730 4293 πάντων
2779 4236 2999 4315 ἀσχένῳ
3053 4236 3311 4315 περιοχῇ,
3344 4237 3433 4292 καὶ
3484 4249 3605 4301 ταῖς
3656 4236 3752 4293 ἐπὶ
3802 4239 3873 4295 τὰ

467 4347 607 4411 que,
639 4335 816 4408 atque
846 4323 1125 4387 omnibus
1159 4323 1352 4385 modis
1395 4322 1579 4384 rebus
1612 4324 1903 4385 omnibus
1936 4328 2114 4405 provi-

2218 4327 2342 4384 ὄντα
2398 4328 2572 4384 πάντα
2638 4338 3022 4404 προνοητικαῒς
3091 4323 3333 4400 προόδοις
3403 4326 3492 4380 καί
3557 4324 3866 4403 ἐνεργείαις.

467 4415 1052 4498 det,omnibusadest
1072 4413 1575 4494 incomprehense
1607 4413 1814 4474 omnia
1838 4433 1969 4475 com
1980 4415 2110 4495 plee

2219 4413 2390 4472 Ἀλλᾶ
2445 4418 2535 4472 καὶ
2590 4416 2824 4484 κινήσεις
2896 4420 3027 4470 Θεοῦ
3082 4420 3173 4471 τοῦ
3227 4412 3504 4493 ἀκινήτου,
3560 4416 3871 4493 θεοπρεπῶς

469 4507 673 4581 tendo,
704 4503 887 4586 idque
929 4501 1209 4565 omnibus
1254 4501 1656 4583 providentiae
1684 4503 1798 4563 viis
1831 4511 1888 4565 et
1922 4522 2114 4584 opera

2222 4512 2289 4581 τῇ
2345 4504 2491 4581 λόγῳ
2541 4503 2919 4583 συγχωρητέον
2948 4503 3200 4579 ὑμνῆσαι.
3234 4504 3330 4561 Καὶ
3383 4504 3443 4558 τὸ
3475 4501 3573 4576 μὲν
3629 4503 3746 4559 εὐθὺ
3806 4508 3871 4562 τὸ

469 4594 754 4660 tionibus.
800 4592 955 4667 Quin
1012 4600 1071 4654 et
1109 4589 1439 4653 immobilis
1495 4590 1606 4655 Dei
1678 4598 1886 4656 motus
1913 4593 2114 4654 rationt

2225 4592 2435 4656 ἀκλινὲς
2495 4595 2734 4666 νοητέον,
2769 4595 2857 4650 καὶ
2912 4593 3007 4660 τὴν
3064 4590 3455 4671 ἆπαρέγκλιτον
3485 4590 3706 4672 πρόοδον
3762 4601 3875 4650 τῶν

468 4684 722 4768 quadam
754 4681 877 4747 Deo
900 4680 1278 4745 convenienti
1310 4681 1499 4761 possit
1553 4680 1900 4762 praedicari.
1937 4687 2019 4746 Ac
2041 4701 2107 4745 re

2227 4683 2528 4763 ἐνεργειῶν,
2563 4684 2650 4740 καὶ
2698 4682 2799 4749 τὴν
2851 4680 2901 4747 ἐξ
2957 4680 3113 4738 αὐτοῦ
3173 4690 3277 4737 τῶν
3337 4680 3477 4737 ὅλων
3532 4681 3759 4759 γένεσιν·
3809 4685 3873 4740 τὸ

468 4784 601 4837 ctus
616 4769 1300 4855 quidemintelligendus
1324 4769 1400 4831 de
1426 4769 1866 4832 inﬂexibilitate
1888 4780 1946 4832 et
1970 4771 2111 4834 inde

2219 4771 2272 4829 δὲ
2305 4771 2589 4836 ἑλικοειδὲς
2646 4775 2745 4839 τὴν
2796 4772 3048 4850 σταθερὰν
3098 4769 3320 4848 πρόοδον
3376 4771 3464 4827 καὶ
3492 4771 3589 4838 τὴν
3647 4771 3873 4847 γόνιμον

468 4863 734 4927 clinabili
759 4878 1075 4944 progressu
1097 4859 1765 4940 operationum,eoque,
1788 4859 1889 4939 qui
1912 4876 1985 4924 ex
2004 4861 2114 4941 ipSt

2215 4864 2422 4918 στάσιν*
2451 4865 2515 4919 τὸ
2573 4862 2629 4919 δί
2661 4863 2795 4920 κατὰ
2826 4860 3017 4918 κύκλον
3065 4863 3125 4917 τὸ
3155 4862 3367 4940 ταύτὸν,
3398 4862 3485 4917 καὶ
3526 4861 3587 4916 τὸ
3619 4861 3684 4916 τὰ
3729 4861 3869 4934 μέσα

470 4962 791 5028 est,rerum
820 4952 1083 5015 omnium
1117 4957 1253 5012 ortu
1286 4971 1302 5027 ;
1339 4948 1619 5029 obliquus
1649 4958 1847 5010 autem
1883 4951 1960 5012 de
1994 4950 2114 5013 illa-

2217 4952 2301 5008 καὶ
2379 4950 2514 5030 ἄκρα
2596 4951 2920 5030 περιέχοντα
2997 4952 3086 5006 καὶ
3161 4948 3525 5028 περιεχόμενα
3586 4947 3865 5031 συνέχειν,

467 5061 603 5104 rum
626 5040 823 5103 stabili
853 5056 1170 5121 progressu
1205 5056 1273 5099 ac
1298 5037 1556 5100 fecundo
1585 5045 1739 5099 statu
1767 5056 1789 5110 ;
1815 5039 2114 5101 circulari:

2214 5042 2303 5097 καὶ
2361 5041 2458 5108 τὴν
2525 5044 2600 5104 εἷς
2660 5041 2814 5098 αὐτὸν
2881 5046 2986 5097 τῶν
3058 5037 3151 5097 ἀπ’
3210 5043 3366 5099 αὒτοῦ
3423 5038 3864 5118 προεληλυθότων

469 5129 730 5211 denique
761 5130 837 5190 de
879 5127 1186 5191 identitate
1231 5145 1299 5189 ac
1332 5126 1753 5207 complexione
1793 5128 2114 5190 mediorum

2213 5129 2556 5208 ἐφιστροφήν,

470 5227 650 5318 atque
683 5225 1093 5318 extremorum
1127 5234 1263 5298 quae
1291 5216 1605 5279 continent
1632 5225 1811 5299 atque
1837 5217 2242 5299 continentur,
2272 5227 2333 5282 et
2365 5219 2438 5281 de
2483 5218 2748 5293 illorum,
2782 5217 2923 5281 489
2946 5236 3077 5300 qua
3106 5216 3179 5280 ab
3209 5217 3339 5298 ipso
3391 5214 3757 5297 prodierant,
3788 5217 3863 5282 ad

466 5322 665 5392 ipsum
696 5322 1113 5372 conversione.

1787 5400 2046 5465 VARUE
2089 5400 2534 5466 LECTIONES.

545 5564 607 5645 3‘,
633 5567 721 5623 καὶ
750 5564 884 5632 simi
928 5564 1029 5645 γσξρ
1059 5565 1094 5632 ἡ
1126 5559 1395 5645 θεο)9γίαᾷ,
1430 5559 1493 5625 S.
1538 5560 1645 5645 _89
1675 5569 1869 5645 πᾶσιν,
1892 5565 1984 5645 Ρ.Δ
2016 5564 2113 5624 Sc.
2156 5564 2393 5645 utnon
2446 5559 2625 5645 estin
2656 5559 2728 5645 S.‘
2766 5564 2838 5645 DA.
2924 5562 2980 5606 ⁸³
3006 5560 3389 5645 praeponitiP-
3445 5560 3862 5645 gestuosus»

466 5644 695 5727 μέθεξιν,
727 5662 864 5725 quae
886 5640 1064 5727 verba
1092 5650 1230 5727 sunt
1257 5642 1411 5727 it_1_S.
1451 5651 1511 5705 et
1537 5640 1640 5718 D.,
1672 5642 1780 5705 sed
1798 5642 1919 5727 illa
1934 5641 2175 5708 absunt.
2258 5642 2317 5686 3‘
2343 5643 2662 5724 ἀσυγχύτους
2708 5640 3155 5722 ἀπολειπόμενον,
3189 5643 3253 5709 S.
3288 5644 3358 5707 D.
3445 5640 3509 5694 55
3531 5640 3565 5710 ἢ
3596 5643 3743 5720 παρὰ
3771 5644 3860 5727 τό,

467 5692 695 5792 εῖν-ἰιι
714 5692 1230 5807 ansam"?
1257 5692 2012 5806 ῖτ-ιῑῖιντξαῑέξνξιῖῖέῖξειξ
