4134 6156
326 369 442 440 925

806 374 906 440 DE
950 373 1250 442 DIVINIS
1289 369 1738 454 NOMINIBUS,
1785 378 1948 441 CAP.
1998 378 2107 442 IX.
2153 406 2231 420 -
2271 371 2659 436 PARAPHR.
2705 365 3219 436 PAGHYMEBE.

3583 360 3702 432 926

407 507 562 592 §IH.
599 510 798 591 Μικρὸν
855 509 911 568 δὲ
963 510 1122 569 πάλιν
1179 508 1414 590 λέγεται,
1465 513 1540 574 ὡς
1597 509 1776 570 οὐδένα
1821 515 1979 591 ὄγκον

2143 508 2296 593 §IIL
2339 480 2587 572 Parvum
2638 527 2845 570 rursus
2897 509 3134 584 dicitur,
3181 515 3245 571 ut
3285 505 3444 587 quod
3476 503 3698 567 nullam

325 603 360 672 ἢ
391 601 662 676 διάστημα
715 601 960 679 πεφυκὼς
991 598 1250 674 δέξάσθαι,
1311 598 1432 656 ἀλλ’
1496 600 1625 680 ὑπὲρ
1654 610 1816 661 ταῦτα
1849 604 1922 661 ὥν
1958 624 1972 640 ο

325 693 412 750 καὶ
464 689 664 768 ἄλλως,
725 689 853 748 διότι
914 690 995 747 διὰ
1052 710 1262 747 παντων
1322 689 1609 753 ἀκωλύτως
1668 707 1866 773 χωρεῖ,
1907 694 1976 752 Τὸ

324 783 423 860 γὰρ
477 781 698 857 σμικρὸν
756 777 1189 860 ἀρχοειδέστερόν
1249 780 1359 837 ἐστι
1425 779 1658 836 πάντων⁹
1721 786 1848 840 καθὸ
1917 784 1976 841 ἐκ

323 871 414 928 τοῦ
443 876 630 948 μικροῦ
661 870 790 948 πρὸς
821 871 882 925 τὸ
934 869 1124 944 μεῖζον
1182 869 1387 948 πρόεισι
1448 870 1618 926 πάντᾶ
1675 872 1740 927 τὰ
1798 873 1851 930 ἐν
1908 879 1976 950 τῇ

327 959 563 1039 ἀῦξήσει,
591 960 680 1015 καὶ
707 958 866 1015 πάλιν
909 959 968 1016 ἐκ
1028 964 1265 1034 μείζονος
1310 961 1440 1038 πρὸς
1498 962 1558 1015 τὸ
1607 964 1795 1039 μικρὸν
1839 985 1974 1019 κατ-

327 1055 456 1122 αντᾷ
509 1047 574 1104 τα
633 1048 687 1104 ἐν
736 1048 804 1124 τῇ
863 1049 1102 1123 μειώσει,
1167 1056 1454 1128 Στοιχεῖον
1510 1046 1561 1105 δὲ
1625 1049 1788 1130 ἐστιν,
1836 1051 1886 1117 ἐξ
1918 1054 1978 1109 οῦ

326 1142 411 1197 καὶ
467 1139 765 1195 συνίσταταί
795 1159 868 1211 τι,
929 1139 1014 1193 καὶ
1071 1140 1144 1200 εἷς
1203 1137 1564 1201 ὅέιναλύεται.
1619 1138 1708 1197 ’Ἢ
1741 1133 1864 1219 γοῦν
1893 1141 1975 1199 διὰ

327 1237 479 1286 τοῦτο
565 1228 969 1307 στοίχειωτικὸν
1020 1226 1132 1283 ἐστι
1203 1229 1264 1283 τὸ
1340 1230 1584 1308 σμικρὸν,
1667 1229 1701 1297 ἢ
1761 1229 1839 1286 ὅτι
1891 1229 1978 1287 καὶ

327 1318 380 1374 ἐν
412 1322 490 1390 τῷ
546 1321 746 1392 μείζονι
807 1319 870 1372 τὸ
925 1318 1114 1392 μικρὸν
1183 1321 1487 1395 θεωροῖται,
1542 1317 1596 1373 ἐν
1665 1318 1719 1373 δὲ
1775 1327 1850 1394 τῷ
1881 1342 1976 1395 pu-

326 1415 436 1486 κρῷ
503 1409 565 1464 τὸ
623 1414 808 1480 μεῖζον
866 1404 943 1463 οῧ.
1005 1403 1100 1471 Ὠς
1161 1415 1288 1484 γοῦν
1345 1407 1396 1462 ἐν
1482 1409 1558 1470 τῶ
1632 1409 1856 1482 συνθέτῳ
1913 1408 1978 1465 τὰ

325 1499 466 1554 ἀπλὶ
509 1498 872 1576 ἐμφαίνονται,
927 1495 981 1551 ὲν
1038 1493 1092 1550 δὲ
1139 1510 1258 1559 τοῖς
1317 1495 1512 1561 ἁπλοῖς
1545 1497 1719 1556 οὒκέτι
1757 1501 1816 1554 τὸ
1848 1499 1975 1555 σύν-

323 1592 495 1662 θετον;
527 1588 614 1642 καὶ
667 1585 720 1640 ἐν
781 1599 902 1648 ταῖς
965 1583 1246 1649 συλλαϐαίς
1304 1583 1550 1653 δηλονότι
1597 1589 1662 1649 τᾶ
1695 1588 1966 1666 στοιχεῖα,

325 1677 384 1733 οὒ
414 1679 520 1752 μὴν
570 1675 624 1732 ἐν
681 1688 797 1737 τοῖς
871 1676 1162 1754 στοιχείοις
1246 1678 1295 1732 αἱ
1380 1674 1638 1734 συὶλαϐαί
1690 1696 1705 1712 ⁸
1811 1676 1974 1740 οὕτως

324 1769 545 1823 ἒνταυθα
601 1766 660 1820 τὸ
717 1765 906 1843 μικρὸν
963 1766 1377 1843 στοιχειωτικὸν
1423 1764 1658 1844 λέγεται,
1710 1767 1789 1822 ὅτι
1850 1766 1975 1822 αὒτὸ

2059 601 2276 664 molem
2306 599 2394 661 vel
2421 599 2761 661 distantiam
2790 599 3096 680 suscipere
3143 597 3351 679 possit,
3386 596 3491 659 sed
3523 611 3703 676 supra

2058 692 2182 754 haec
2229 691 2469 770 existatj;
2503 697 2561 750 et
2606 687 2798 762 aliter,
2834 689 2977 764 quia
3005 689 3231 771 absque
3273 687 3700 768 impedimento

2057 787 2270 844 cuncta
2292 787 2582 861 penetrat.
2645 780 2896 841 Parvum
2957 778 3142 851 enim,
3195 777 3552 859 principium
3615 780 3704 836 est

2057 871 2324 934 omnium
2353 889 2369 946 ;
2403 869 2686 947 quoniam
2713 869 2911 930 omnia
2961 887 3092 948 quae
3141 869 3578 930 incrementum
3609 883 3703 926 su-

2058 969 2245 1036 munt,
2283 978 2351 1021 ex
2387 978 2560 1039 parvo
2594 961 2649 1020 in
2685 977 2960 1038 magnum
2992 959 3270 1031 evadunt,
3294 965 3351 1019 et
3372 974 3610 1018 rursum
3642 955 3703 1017 in

2059 1053 2465 1124 decrementa,
2496 1067 2564 1110 ex
2599 1050 2806 1128 majori
2831 1050 2905 1110 ad
2938 1049 2996 1110 id
3031 1049 3184 1130 quod
3213 1048 3409 1110 minus
3444 1055 3535 1109 est
3566 1044 3706 1106 red-

2059 1149 2219 1202 eunt.
2245 1139 2619 1201 Elementum
2651 1148 2842 1200 autem
2885 1148 2972 1200 est
2999 1139 3085 1212 id,
3110 1157 3188 1199 -ex
3218 1157 3331 1218 quo
3378 1136 3554 1198 etiam
3586 1135 3701 1196 ali-

2061 1230 2200 1311 quid
2224 1230 2621 1307 componitur,
2647 1237 2702 1289 et
2725 1227 2785 1289 id
2808 1228 2963 1308 quod
2997 1225 3455 1290 resolvitur.Vel
3481 1225 3704 1286 idcirco

2061 1319 2243 1397 igitur
2275 1317 2450 1380 etiam
2483 1337 2727 1398 parvum
2759 1326 2848 1379 est
2897 1319 3287 1391 elementare,
3343 1317 3432 1378 vel
3475 1315 3613 1396 quia
3644 1315 3707 1375 in

2064 1407 2277 1486 majori
2300 1426 2543 1488 parvum
2577 1408 3009 1482 consideratur,
3047 1428 3165 1469 non
3189 1417 3388 1468 autem
3426 1422 3704 1481 magnum

2059 1498 2119 1559 in
2145 1516 2321 1578 parvo
2372 1495 2535 1558 Sicut
2565 1516 2703 1574 ergo
2729 1499 2789 1558 in
2845 1498 3173 1577 composito
3202 1495 3495 1577 simplicia
3526 1511 3710 1573 appa-

2061 1600 2196 1650 rent
2255 1605 2371 1647 non
2402 1594 2596 1649 autem
2624 1586 2685 1647 in
2717 1587 3090 1667 simplicibus
3112 1587 3616 1667 compositumdet
3644 1582 3706 1644 in

2058 1676 2296 1758 syllabis
2329 1694 2382 1739 ν,
2417 1696 2474 1755 g.
2510 1676 2832 1756 elementa,
2861 1695 2981 1737 non
3030 1695 3165 1739 vero
3211 1675 3453 1757 syllaba:
3484 1675 3546 1736 in
3576 1672 3706 1736 ele-

2061 1767 2278 1828 mentis
2311 1766 2426 1840 ;ita
2459 1765 2580 1845 hic,
2610 1783 2850 1846 parvum
2887 1767 2945 1829 id
2999 1769 3154 1848 quod
3208 1767 3576 1829 elementare
3620 1769 3712 1826 est

327 1856 422 1930 μὲν
476 1858 533 1910 ἓν
577 1855 653 1928 τῷ
683 1855 879 1929 μείζονι
939 1855 1269 1934 ἐμφαίνεται,
1305 1857 1365 1911 οὗ
1414 1859 1522 1930 μὴν
1552 1853 1606 1912 δέ
1639 1857 1724 1912 καὶ
1753 1857 1812 1912 τὸ
1842 1857 1976 1913 ἀνά-

2064 1856 2299 1930 dicitur,
2333 1857 2609 1936 quoniam
2643 1855 2837 1936 ipsum
2860 1856 3103 1936 quidem
3125 1856 3182 1917 in
3203 1856 3414 1936 majori
3440 1861 3708 1935 apparet,

328 1944 508 2003 παλιν.
573 1941 721 2000 Οὕτω
774 1941 986 2020 λέγεται
1021 1945 1111 2000 καὶ
1167 1943 1258 2001 ἐπὶ
1288 1951 1418 2000 Θεοῦ
1451 1945 1510 2001 τὸ
1545 1945 1759 2025 μίκρὸν,
1794 1944 1861 2000 δι’
1907 1949 1981 2001 ὧν

325 2036 526 2101 τίθησιν
575 2031 944 2090 ἂποστολικῶν
991 2032 1269 2109 ῥημᾶτων,
1309 2032 1360 2098 ἐξ
1415 2035 1488 2090 ὧν
1535 2036 1595 2090 τὸ
1653 2032 1980 2113 ὑπεροξύπο-

329 2147 417 2203 ρον
456 2129 554 2190 τῆς
584 2130 676 2179 τοῦ
739 2130 867 2180 Θεοῦ
924 2124 1011 2180 καὶ
1066 2123 1150 2180 ἐπὶ
1202 2124 1268 2179 τὰ
1310 2124 1570 2200 ἀσώματα
1598 2126 1846 2204 χρήσεως
1877 2123 1980 2192 δη-

329 2215 541 2272 λοῦταί.
616 2215 687 2271 Τὸ
743 2213 841 2290 γὰρ
897 2210 1206 2269 διικνεῖσθαι
1269 2215 1360 2269 τὸν
1410 2222 1538 2271 Θεον
1571 2213 1696 2293 ἄχρι
1717 2217 1805 2271 καὶ
1836 2237 1982 2291 μερι-

327 2311 463 2380 σμοῦ
491 2307 674 2382 ψυχῆς
723 2304 810 2358 καὶ
865 2303 1165 2375 πνεύματος
1214 2303 1514 2382 ἀποφαίνει,
1571 2303 1654 2358 ὅτι
1711 2305 1799 2359 καί
1856 2303 1981 2360 αὐτὸ

326 2395 386 2450 τὸ
443 2391 727 2466 ἀσώματον
775 2394 870 2457 τῆς
927 2396 1108 2468 ψυχῆς
1166 2393 1253 2447 καὶ
1306 2390 1530 2456 ὲνοειδὲς
1585 2394 1685 2450 ῦπὸ
1732 2399 1823 2449 τοῦ
1853 2399 1982 2448 Θεοῦ

329 2482 640 2559 διαιρεῖσθαι
697 2477 929 2541 δύναται,
997 2482 1089 2536 Διὸ
1139 2481 1224 2536 καὶ
1268 2482 1358 2545 τὰς
1414 2480 1614 2544 ἐννοίας
1665 2484 1692 2537 ὁ
1726 2484 1854 2546 Θεὸς
1899 2494 1976 2537 οῖο

327 2570 433 2652 δεν,
469 2569 660 2647 μεταξὺ
691 2571 789 2648 γὰρ
820 2576 906 2626 νοῦ
934 2569 1027 2625 καί
1059 2571 1293 2640 νοήσεως
1330 2573 1353 2626 ὃ
1414 2571 1542 2634 Θεὸς
1593 2571 1794 2650 χωρεῖ,
1855 2573 1982 2627 καθὸ

328 2662 540 2738 εἴρηται
577 2680 590 2695 °
625 2661 698 2716 Σὺ
746 2657 910 2736 ἔγνως
963 2661 1082 2722 τοὺς
1137 2658 1514 2737 διαλογισμούς
1576 2683 1678 2734 μου
1736 2659 1840 2716 ἄπὸ
1874 2682 1979 2734 μα⁸

327 2753 530 2822 κρὸθεν,
583 2747 719 2805 ἀλλὰ
764 2751 846 2804 καὶ
893 2747 1086 2824 μεταξὺ
1132 2749 1315 2828 ψυχῆς
1360 2751 1446 2804 καὶ
1504 2751 1830 2825 πνεύματος,
1865 2753 1983 2823 tu;

327 2840 391 2907 δὴ
447 2840 705 2916 πτεύματι
762 2839 856 2900 τὰς
905 2839 1170 2908 αἰσθήσεις
1233 2837 1689 2916 ἐπεστηριγμένας
1750 2841 1977 2919 ἔχομεν,

328 2928 393 2986 δι’
451 2933 508 2985 οὗ
558 2930 645 2984 καὶ
695 2927 972 2994 αἰσθητοῖς
1022 2929 1054 2994 ἡ
1089 2927 1244 3006 ψυχὴ
1289 2925 1612 3007 προσϐάλλει
1656 2930 1745 2985 καὶ
1786 2931 1846 2984 τὸ
1877 2926 1985 2985 δια-

326 3019 571 3086 νοητικὸν
619 3023 724 3073 τῶν
779 3016 1017 3090 σκέψεων
1078 3014 1302 3095 ἔχομεν.
1365 3025 1530 3075 Τοῦτο
1561 3015 1616 3072 δὲ
1649 3018 1710 3073 τὸ
1746 3017 1980 3103 πνεῦμα,

330 3108 571 3186 δύναμιν,
634 3110 720 3163 καὶ
762 3107 918 3163 οἱονεὶ
973 3103 1214 3182 δεύτέραν
1279 3106 1466 3186 ψυχὴν
1525 3108 1864 3181 αἰσθητικὴν,
1939 3109 1986 3165 οἱ

2064 1964 2183 2007 non
2205 1952 2400 2006 autem
2435 1963 2467 2004 e
2494 1943 2824 2008 contra.Sic
2855 1945 3071 2007 dicitur
3102 1946 3279 2008 etiam
3312 1949 3386 2006 de
3413 1943 3534 2006 Deo
3569 1960 3709 2022 par-

2063 2052 2222 2115 vum,
2258 2040 2500 2114 propter
2523 2032 2678 2112 quod
2700 2033 3026 2112 apostolica
3055 2034 3233 2096 verba
3261 2034 3465 2115 refert,
3497 2031 3714 2114 quibus

2065 2123 2512 2186 demonstratur
2531 2122 2812 2184 velocitas
2838 2141 3182 2203 progressus
3232 2126 3337 2187 Dei
3369 2123 3440 2185 ad
3485 2140 3586 2184 res
3613 2122 3713 2183 in-

2065 2230 2406 2294 corporeas.
2441 2210 2606 2282 Quod
2641 2211 2800 2272 enim
2836 2215 3133 2292 pertingat
3158 2230 3346 2294 usque
3372 2211 3444 2274 ad
3476 2211 3716 2273 divisio-

2065 2321 2200 2364 nem
2223 2301 2433 2362 animae
2462 2309 2519 2361 et
2560 2301 2804 2380 spiritus
2838 2302 3100 2363 declarat
3131 2304 3319 2378 ipsam
3345 2320 3586 2384 quoque
3619 2301 3716 2361 in-

2065 2390 2516 2469 corporeitatem
2543 2401 2600 2450 et
2650 2390 3115 2452 uniformitatem
3148 2397 3362 2453 animae
3391 2410 3426 2452 a
3446 2390 3569 2453 Deo
3614 2389 3713 2450 di-

2065 2479 2185 2540 vidi
2210 2497 2407 2560 posse.
2434 2477 2606 2541 Unde
2637 2481 2789 2540 Deus
2816 2499 3052 2560 quoque
3084 2480 3470 2559 cogitationes
3497 2478 3720 2540 intellio

2065 2569 2168 2648 git,
2204 2568 2480 2648 quoniam
2519 2568 2672 2628 Deus
2705 2569 2878 2628 etiam
2907 2587 3095 2649 usque
3124 2569 3196 2630 ad
3232 2569 3602 2630 intellectum
3658 2573 3717 2629 et

2067 2657 2537 2720 intellectionem
2567 2657 2755 2737 ipsam
2783 2666 3076 2738 penetrat,
3111 2658 3265 2720 sicut
3312 2658 3533 2719 dictum
3572 2664 3662 2718 est
3695 2675 3711 2717 :

2073 2747 2156 2810 Tu
2181 2745 2544 2809 intellexisti
2566 2747 2966 2824 cogitationes
2997 2765 3164 2809 meas
3192 2747 3265 2810 de
3295 2747 3512 2828 longe,
3546 2745 3714 2826 ;quin

2067 2845 2124 2899 et
2147 2837 2304 2899 inter
2334 2837 2586 2897 animam
2614 2845 2670 2896 et
2700 2836 3002 2917 spiritum,
3041 2839 3098 2897 in
3125 2855 3242 2918 quo
3269 2837 3554 2897 nimirum
3589 2835 3718 2914 Spi-

2067 2927 2184 2988 ritu
2216 2944 2428 2989 sensus
2461 2925 2752 2987 habemus
2809 2925 3126 3007 stabilitos,
3175 2946 3279 3005 per
3312 2945 3487 3007 quem
3536 2925 3716 2986 etiam

2069 3017 2266 3078 anima
2295 3015 2620 3077 sensilibus
2653 3015 2930 3096 intendit,
2958 3024 3017 3078 et
3047 3015 3162 3076 vim
3187 3015 3476 3079 habemus
3504 3013 3720 3076 intelli-

2067 3106 2246 3186 gendi
2269 3105 2912 3186 speculationes.Hunc
2941 3114 3139 3169 autem
3173 3106 3444 3186 spiritum
3467 3104 3720 3185 gentiles

331 3197 454 3278 παρ’
488 3195 730 3263 ’Ἕλλησι
791 3194 1006 3251 καλοῦσί
1064 3195 1241 3274 σοφοί.
1298 3195 1364 3252 Ἦ
1395 3202 1483 3253 οῦν
1541 3198 1825 3266 αἰσθητικὴ
1855 3196 1980 3263 αῦτη

2072 3201 2372 3275 sapientes
2402 3202 2614 3256 vocant
2643 3193 3018 3272 facultatem,
3074 3203 3134 3256 ut
3165 3195 3343 3258 voluti
3395 3193 3719 3256 secundam

333 3287 487 3368 ψυχὴ
519 3286 667 3342 ἐστιν
719 3285 753 3352 ἡ
785 3284 948 3363 μέχρι
1009 3283 1216 3358 μύελῶν
1272 3285 1361 3341 καὶ
1415 3281 1622 3362 φλεϐῶν
1679 3287 1768 3342 καὶ
1817 3286 1980 3364 ἀρτη-

2072 3286 2332 3346 animam
2365 3283 2704 3345 sensitivam
2739 3285 2970 3347 animai.
3007 3289 3158 3364 Ergo
3202 3285 3401 3346 anima
3433 3283 3558 3344 haec
3588 3299 3723 3344 sen-

333 3377 603 3453 pIJJVgXG‘l
662 3374 886 3451 ὀστέων,
920 3375 1008 3430 καὶ
1067 3379 1157 3429 τοῦ
1214 3371 1342 3428 δ’λου
1401 3375 1647 3448 σῶματος
1699 3373 1980 3449 διιιινοῦσα¹

2073 3375 2248 3434 sitiva
2278 3381 2550 3453 penetrat
2582 3391 2772 3452 usque
2801 3372 2870 3433 ad
2899 3373 3210 3444 medullas,
3243 3378 3597 3443 etvcnas,et
3618 3388 3720 3431 ar-

332 3465 400 3522 δι¹
455 3465 530 3521 ὧν
558 3463 806 3520 ἆπᾶντων
868 3461 1144 3519 διικνεῖται
1176 3464 1203 3519 ὁ
1237 3463 1364 3527 Θεὸς
1398 3461 1708 3544 ἀκωλύτως,
1741 3474 1861 3528 τοῦς
1893 3465 1980 3540 μὲν

2073 3465 2271 3538 ierias,
2307 3471 2365 3525 et
2413 3481 2570 3543 ossa,
2607 3472 2667 3522 et
2726 3470 2907 3524 totum
2969 3481 3208 3543 corpus,
3279 3462 3354 3523 ad
3398 3461 3539 3523 495
3588 3479 3721 3540 quae

332 3554 500 3619 διδοὸς
526 3555 794 3626 σὺστασιν,
827 3565 944 3616 τοῖς
996 3550 1051 3606 δὲ
1082 3549 1406 3631 ἐμϐατεύων,
1463 3554 1535 3610 ὡς
1574 3551 1835 3628 μηδεμίαν
1868 3554 1986 3609 κτί-

333 3668 438 3716 σιν,
473 3643 644 3721 ἆφανῆ
677 3655 814 3698 εῖναι
855 3642 1078 3696 ἐνώπιον
1110 3639 1287 3698 αὒτοῦ.
1320 3643 1629 3714 Σημείωσαι
1665 3641 1720 3697 δὲ
1750 3643 1866 3721 περὶ
1898 3645 1987 3698 τοὺ

333 3735 652 3809 πνεύματος,
687 3732 766 3787 ὃτι
799 3728 929 3788 ἃλλο
982 3729 1090 3786 ἐστὶ
1119 3731 1179 3785 τὸ
1230 3729 1518 3808 λεγόμενον
1564 3731 1770 3807 πνεῦμα
1800 3732 1987 3789 ἐνταύ-

333 3827 420 3902 Θα,
455 3823 582 3900 ὅπερ
611 3820 784 3900 φαμὲν
813 3820 900 3875 καί
930 3819 1238 3887 αἰσθητικὴν
1297 3820 1507 3898 ψυχὴν,
1555 3823 1640 3876 καὶ
1671 3821 1802 3878 ἀλλο
1839 3821 1988 3878 έκεῖ-

333 3935 392 3968 νο
421 3914 481 3968 τὸ
513 3917 739 3984 πνεῦμα,
772 3911 890 3986 περὶ
919 3907 978 3964 οὗ
1026 3911 1054 3965 ὁ
1105 3909 1272 3985 μέγας
1306 3908 1508 3975 [lat-310';
1540 3933 1700 3988 φησιν
1735 3930 1748 3945 ’
1785 3910 1844 3969 Ὀ
1879 3916 1986 3986 ψυ-

337 4002 497 4080 χικὸς
583 3997 857 4076 ἄνθρωπος
934 3999 994 4054 οὒ
1069 3997 1286 4077 δέχεται
1364 4000 1429 4056 τὰ
1507 4007 1598 4057 τοῦ
1660 4000 1984 4075 πνεύματος.

336 4093 548 4166 Πνεῦμα
601 4090 700 4167 γὰρ
771 4088 946 4144 ἐκεῖσε
1024 4090 1084 4144 τὸ
1143 4090 1500 4162 πνευματικὸν
1552 4111 1683 4168 φησι
1717 4095 1983 4169 χάρισμα,

334 4183 465 4259 ὓπερ
523 4179 582 4235 ἐκ
637 4184 728 4233 τοῦ
783 4178 920 4233 θείου
977 4177 1341 4250 βαπτίσματος
1395 4175 1736 4252 λαμϐάνομεν
1766 4181 1812 4234 οἱ
1861 4202 1989 4236 πισ-

341 4270 436 4340 τοὶ,
497 4265 769 4346 καρτερίας
824 4272 1054 4339 πνεῦμα,
1118 4265 1418 4345 ὑπομονῆς,
1481 4267 1804 4343 πραότητος,
1881 4290 1990 4342 μα-

2073 3554 2274 3614 omnia
2305 3555 2460 3615 Deus
2491 3551 2714 3630 absque
2748 3551 3177 3630 impedimento
3209 3551 3490 3630 pertingit
3537 3568 3553 3624 ;
3587 3549 3722 3612 aliis

2073 3643 2311 3722 quidem
2342 3650 2559 3703 statum
2593 3641 3106 3721 impertiens,aliis
3129 3660 3269 3703 vero
3302 3659 3366 3702 se
3388 3639 3719 3714 insinuans,

2069 3731 2149 3796 ita
2176 3742 2241 3795 ut
2272 3731 2430 3793 nulla
2459 3739 2732 3794 creatura
2763 3731 2836 3792 sit
2858 3732 3090 3794 occulta
3121 3732 3179 3792 in
3213 3739 3533 3811 conspectu
3566 3731 3720 3809 ejus.

2069 3820 2217 3884 Nota
2247 3839 2384 3884 vero
2416 3821 2576 3883 circa
2634 3819 2928 3899 spiritum,
2968 3819 3149 3881 alinm
3216 3837 3348 3881 esse
3381 3818 3723 3898 praedictum

2069 3912 2368 3991 spiritum,
2398 3928 2577 3988 quem
2612 3909 2786 3970 etiam
2838 3909 3096 3970 animam
3145 3908 3482 3972 sensitivam
3516 3907 3723 3988 appel-

2070 4000 2286 4073 lamus,
2319 4009 2378 4062 et
2403 4001 2582 4061 alium
2617 4017 2748 4060 esse
2780 3998 2944 4060 illum
2977 3997 3278 4077 spiritum,
3311 3999 3385 4058 de
3430 4017 3547 4078 quo
3602 4015 3724 4057 ma-

2071 4109 2221 4167 gnus
2252 4089 2468 4150 Paulus
2495 4089 2574 4148 ait
2603 4109 2616 4147 :
2648 4089 2953 4147 Animalia
2983 4088 3159 4148 homo
3181 4105 3299 4147 non
3323 4090 3565 4165 capitea
3589 4103 3725 4164 quae

2072 4179 2479 4256 suntspiritus
2509 4221 2551 4249 ι.
2589 4175 2880 4256 Spiritum
2915 4175 3075 4236 enim
3123 4174 3204 4236 ibi
3263 4183 3430 4236 vocat
3475 4174 3724 4252 gratiam

2077 4266 2429 4347 spiritalem,
2463 4283 2642 4344 quam
2677 4263 2886 4325 ﬁdeles
2920 4264 2980 4324 in
3039 4263 3331 4343 baptismo
3376 4263 3727 4342 accipimus,
3773 4343 3776 4345 Α

337 4358 638 4437 κροθυμίας,
689 4355 964 4416 συντονίας
1023 4357 1096 4417 εἱς
1138 4353 1198 4409 τὰ
1243 4353 1459 4431 ἀγαθὸν,
1520 4357 1649 4411 καθὸ
1679 4369 1795 4418 τοῖς
1830 4362 1980 4436 ψυχι·

2077 4355 2348 4434 spiritum
2376 4352 2769 4426 fortitudinis,
2797 4353 3189 4431 sustinentiae,
3225 4350 3726 4425 mansuetudinis,

338 4461 458 4511 κοῖς
489 4449 536 4504 οἶ
564 4445 911 4522 πνευματικοί
953 4443 1301 4521 μωραίνοντες
1369 4445 1663 4522 φαίνονται,
1698 4442 1794 4500 κόίν
1835 4448 1980 4502 ἐκεῖ-

2076 4443 2571 4522 longanimitatis,
2612 4442 2963 4502 intentionis
2993 4441 3064 4501 ad
3099 4441 3343 4515 bonum,
3375 4441 3538 4518 juxta
3568 4438 3732 4521 quod

339 4561 420 4595 νοι
451 4559 542 4593 του
596 4536 820 4604 αληθοῦς
863 4532 1212 4612 ἐξέρχωνται,
1246 4530 1420 4595 κέθὼς
1477 4534 1565 4589 καὶ
1625 4534 1808 4608 πρὼην
1869 4533 1980 4590 ἑλέ.

2075 4534 2181 4593 viri
2213 4532 2510 4612 spiritales
2558 4528 2903 4592 hominibus
2953 4529 3314 4592 animalibus
3346 4530 3611 4590 insanire
3653 4528 3736 4589 vi-

341 4649 532 4708 γομεν.
2012 4619 2313 4703 "dentur,
2345 4621 2722 4702 quantumvis
2755 4620 2994 4700 ipsimet
3052 4637 3088 4680 a
3121 4619 3367 4682 veritate
3424 4619 3731 4698 aberrent,

2071 4711 2156 4772 uti
2185 4713 2462 4788 superius
2497 4709 2876 4771 dicebamus.

419 4804 570 4884 §IX.
619 4804 797 4860 Πάντα
839 4801 905 4858 τὰ
950 4807 1028 4874 τῷ
1071 4803 1184 4874 Θεῷ
1235 4811 1510 4878 προσεῖναι
1543 4797 1807 4875 λεγόμενα
1835 4801 1980 4880 ὓπερ.

2151 4800 2307 4880 §IV.
2361 4799 2499 4862 Haec
2561 4799 2762 4861 omnia
2815 4817 2948 4879 quae
2994 4797 3116 4859 Deo
3147 4797 3350 4860 inesse
3383 4796 3538 4857 dicta
3569 4803 3730 4871 sunt,

341 4900 528 4962 ουσίως
584 4893 829 4972 λέγονται
864 4911 879 4927 ·
938 4889 1053 4946 ὅθεν
1112 4891 1198 4946 καί
1260 4889 1448 4945 ταὺτὸν
1507 4887 1718 4967 λέγεται
1764 4891 1980 4968 ὑπερου-

2074 4887 3212 4970 suprasubstantialiterdicuntur;unde
3243 4886 3419 4947 etiam
3456 4884 3514 4944 id
3542 4884 3737 4963 ipsum

341 4989 465 5052 σίως
495 4985 575 5042 ὅτι
633 4983 713 5063 ἐφ’
791 4983 976 5038 ἑαυτοῦ
1033 4978 1200 5056 μένει,
1263 4979 1350 5035 καὶ
1393 4978 1529 5034 κατὰ
1583 4977 1648 5033 τὰ
1719 4980 1846 5037 αὐτά
1906 4983 1980 5035 καῖ

2073 4979 2721 5058 suprasubstantialiter
2765 4977 3004 5056 dicitur,
3055 4975 3210 5056 quod
3255 4976 3316 5036 in
3360 4979 3558 5054 seipso
3607 4991 3728 5063 ma-

342 5077 591 5136 ὡσαύτως
623 5061 738 5152 ἔχει
770 5067 1040 5144 ἱδρυμενο)
1071 5069 1124 5125 ἐν
1156 5081 1275 5132 τοῖς
1318 5065 1624 5129 καλλίστοις
1674 5067 1862 5144 πέρασι
1899 5073 1980 5135 τῆς

2075 5078 2235 5149 neat,
2271 5076 2329 5129 et
2353 5068 2685 5129 secundum
2713 5067 2919 5128 eadem
2947 5066 3280 5144 eodemque
3315 5063 3488 5124 modo
3513 5061 3738 5125 stabili-

342 5170 460 5244 περὶ
507 5165 604 5231 τὴν
663 5161 840 5218 οὐσίαν
895 5157 1223 5239 φαινομένης
1283 5156 1630 5222 ταύτότητος.
1673 5154 1766 5213 Ἐκ
1803 5155 1980 5213 821G»

2078 5165 2257 5219 tatem
2291 5156 2506 5218 habeat
2541 5157 2599 5216 in
2635 5154 3053 5244 pulcherrimis
3103 5153 3372 5215 terminis
3402 5153 3559 5244 circa
3581 5152 3731 5213 sub-

343 5241 584 5333 περάτων
641 5251 970 5328 ἐμφαίνεται,
1033 5247 1113 5303 δτι
1171 5245 1296 5325 οὒχί
1354 5247 1465 5300 ἐστι
1507 5255 1604 5319 μὲν
1651 5251 1738 5300 νῦν
1780 5245 1980 5325 ταύτὸνε

2078 5246 2358 5308 stantiam
2391 5243 2734 5326 apparentis
2760 5243 3108 5333 identitatis.
3141 5247 3225 5333 Er
3251 5241 3518 5333 terminis
3534 5248 3732 5333 autem

344 5329 542 5422 πέιρυκε
593 5341 649 5398 δὲ
681 5359 808 5398 ποτε
838 5337 1128 5417 ἐκχυθῆναι
1173 5338 1246 5399 εἰς
1306 5335 1595 5414 ἑτερότητα
1627 5349 1641 5364 ⁵
1677 5333 1855 5392 ἐκεῖνο
1897 5337 1980 5416 γὰε

2079 5345 2345 5417 apparet,
2404 5334 2560 5415 quod
2620 5333 2872 5422 nonisit
2905 5331 3079 5422 modo
3127 5329 3734 5422 quidem-idemnali-

349 5417 662 5510 ἑτεροιοῦται
718 5425 977 5489 πολλάκις
1035 5425 1094 5482 ἐκ
1143 5427 1243 5492 τῆς
1310 5423 1853 5510 116161n104,_3mp
1897 5429 1980 5506 οὐ)

2083 5424 2318 5506 quando
2349 5441 2487 5485 vero
2520 5421 2708 5504 possit
2727 5421 2783 5482 id
2804 5421 3163 5484 alteritatem
3196 5417 3732 5510 eﬂ‘undi;qu0niam

347 5503 550 5602 ἵδρυται
609 5522 664 5578 ἑν
718 5530 836 5583 τοῖς
887 5517 986 5583 τῆς
1018 5513 1342 5583 ταύτότητος
1407 5515 1648 5592 πέρασιν.
1688 5503 1745 5572 Ὀ
1775 5512 1829 5571 δὲ
1871 5503 1980 5573 Θεὸ‹

2084 5503 2145 5576 id
2188 5503 2536 5596 frequenter
2569 5530 2639 5576 ex
2700 5509 3011 5573 identitate
3060 5510 3122 5572 iu
3176 5509 3424 5573 alterum
3475 5514 3736 5570 mutatur

420 5733 448 5778 γ
487 5719 637 5784 Psal.
671 5731 946 5792 cxxxvm,
979 5713 1040 5780 3.
1126 5725 1147 5758 ι
1186 5713 1211 5778 I
1245 5714 1380 5790 Cor,
1413 5729 1482 5790 ιι,
1515 5711 1620 5776 14.
