4134 6156
428 290 543 362 927

1601 294 1662 360 S.
1706 293 2054 360 DIONYSlI
2122 292 2628 363 AREOPAGITIE

3679 298 3788 367 928

431 430 587 513 quod
618 427 679 492 in
712 428 983 494 terminis
1031 428 1354 494 identitatis
1386 449 1504 493 non
1551 428 1872 495 stabilitur.
1908 431 2066 492 Deus

2165 433 2214 488 τὰ
2266 435 2363 503 τῆς
2392 437 2715 504 ταύτότητος
2771 433 3150 515 περιλαμϐάνει
3208 435 3428 516 πέρατα,
3497 443 3612 501 πῶς
3669 446 3789 517 γοῦν

430 528 625 581 autem
668 519 991 582 identitatis
1035 521 1322 584 terminos
1380 518 1859 602 comprehendit,
1919 537 2069 599 quo-

434 608 609 671 modo
666 628 808 688 ergo
864 611 1023 673 aliud
1081 609 1402 689 aliquando
1459 609 1775 670 admittere
1825 606 2072 687 possit?

432 699 563 758 Non
592 699 737 761 dixit
765 709 961 762 autem
1010 719 1115 780 pro
1167 718 1334 761 more
1375 698 1652 779 loquendi
1686 716 1817 772 suo,
1878 697 1963 756 uti
2012 696 2073 756 in

433 787 563 849 aliis
622 807 729 869 per
785 809 1119 869 excessum,
1170 789 1427 868 utquod
1486 786 1731 849 excedat
1790 785 2075 846 terminos

430 875 781 959 identitatis;
815 879 1091 958 quoniam
1131 878 1412 940 deﬁceret
1447 876 1519 937 ab
1577 875 1906 954 identitate,
1933 874 2073 936 etin

432 965 591 1027 aliud
616 967 983 1041 incideret,si
1012 967 1375 1028 idemitatem
1412 966 1745 1027 excederet.
1785 967 1949 1027 Solet
1970 962 2077 1023 ita-

431 1074 546 1137 que
578 1056 672 1118 hic
703 1066 868 1137 pater
895 1058 954 1118 in
989 1057 1105 1118 illis
1137 1074 1446 1118 excessum
1496 1055 1825 1133 nominare,
1859 1053 1919 1114 in
1949 1052 2075 1132 qui-

430 1144 543 1207 bus
576 1164 850 1208 excessus
899 1147 1142 1207 minime
1173 1145 1528 1206 exterminat
1557 1143 1659 1205 illa
1714 1161 1849 1218 qua:
1882 1141 2070 1204 Deum

434 1232 691 1312 decent;
725 1235 783 1295 in
808 1235 1022 1316 quibus
1054 1253 1191 1295 vero
1224 1234 1335 1294 tale
1359 1235 1501 1314 quid
1535 1232 1785 1313 periculi
1814 1231 2073 1305 est,satis

434 1340 566 1384 esse
600 1333 757 1402 putat
779 1343 1068 1386 summam
1095 1325 1169 1385 de
1186 1323 1304 1385 Deo
1335 1322 1884 1401 testari.Estitaque
1915 1319 2071 1381 Deus

435 1412 903 1488 immutabilis,et
929 1416 1256 1477 secundum
1278 1434 1514 1476 omnem
1549 1422 1769 1473 motum
1796 1409 2073 1471 immobi-

433 1501 960 1567 lis.Dicensautem
989 1508 1499 1586 ingenitum,cum
1524 1503 1722 1563 multis
1747 1500 1941 1561 modis
1959 1500 2071 1561 hoc

432 1609 647 1655 nomen
664 1595 1377 1678 accipiatur,celebriores
1399 1595 1531 1673 ejus
1554 1589 2072 1671 interpretationes

435 1682 932 1765 explicat;dicitur
962 1687 1119 1747 enim
1146 1683 1598 1765 ingenitum,vel
1621 1680 1781 1758 quod
1816 1679 2070 1741 necdum

433 1778 722 1850 genitum,
754 1775 858 1836 sed
891 1774 1252 1855 gignendum
1288 1783 1402 1847 est,
1435 1782 1496 1833 ut
1526 1771 1669 1835 Sara
1700 1770 1882 1832 dixit:
1911 1768 2073 1831 Nou-
2101 1798 2137 1847 Β

432 1860 574 1923 dum
606 1863 848 1941 quidem
883 1865 1026 1927 mihi
1061 1873 1235 1927 natus
1265 1873 1417 1944 esti;
1449 1862 1536 1922 vel
1568 1861 1725 1941 quod
1751 1859 2077 1940 imperfec-

434 1959 560 2013 tum
591 1960 701 2034 est,
727 1955 878 2015 sicut
908 1955 1087 2016 turris
1107 1955 1168 2016 in
1198 1954 1459 2018 Chalene
1489 1977 1515 2018 b
1542 1971 1554 2013 ε
1584 1948 1673 2011 vel
1703 1955 1774 2009 ab
1809 1949 1922 2009 hoc
1957 1965 2077 2008 non

435 2041 683 2119 factum,
718 2054 783 2105 ut
809 2065 822 2108 :
850 2044 1081 2107 Paulus
1105 2048 1415 2124 apostolus
1436 2060 1553 2104 non
1576 2040 1650 2101 ab
1678 2037 2074 2108 hominibusc;

439 2131 533 2192 vel
575 2151 695 2193 nou
727 2133 840 2194 hoc
872 2133 1117 2214 factum,
1160 2134 1355 2193 sicut:
1404 2134 1606 2191 Justus
1661 2146 1775 2189 non
1822 2144 1975 2186 unus
2004 2145 2077 2186 ex

441 2220 759 2283 duodecim
791 2222 919 2295 ;vel
951 2222 1007 2282 id
1034 2223 1187 2303 quod
1224 2227 1455 2301 penitus
1481 2218 1639 2279 nullo
1670 2217 1842 2277 modo
1875 2224 1985 2296 est,
2019 2224 2080 2274 ut

442 2327 575 2389 quae
625 2310 850 2389 ﬁngunt
900 2313 1152 2391 gentiles
1184 2310 1432 2391 Scyllam
1493 2317 1549 2369 et
1598 2307 1975 2385 Chimzeram,
2024 2312 2084 2365 et

436 2399 999 2480 similia.Speciatim
1024 2402 1199 2480 igitur
1216 2411 1274 2462 et
1291 2399 1587 2474 absolute;
1616 2413 1795 2477 supra
1817 2396 1939 2457 haec
1956 2413 2081 2455 om-

432 2489 533 2551 nia
556 2489 882 2570 ingenitum
918 2492 976 2553 in
1008 2491 1129 2553 Deo
1154 2491 1522 2570 dicitur;qu
1554 2490 1711 2549 enim
1732 2494 1788 2547 et
1816 2483 1957 2546 496
1979 2502 2077 2545 eo-

433 2580 570 2642 dem
598 2580 769 2643 modo
793 2580 1236 2645 deﬁnitur.Uno
1269 2580 1467 2660 modo,
1504 2587 1745 2658 propter
1774 2574 2079 2637 omnimo-

435 2669 569 2731 dam
617 2670 1259 2751 incomparabilitatem
1312 2668 1529 2731 divinae
1576 2674 1826 2745 naturae,
1870 2664 2085 2726 eodem

436 2757 613 2821 πηοάο
669 2782 683 2829 ς
752 2761 1011 2841 propteri
1086 2758 1622 2821 mmutabilitatem.
1682 2754 2091 2836 Ἀφοριζὸμενον

434 2866 572 2910 vero
591 2851 1006 2911 estdeﬁnitum
1054 2868 1159 2911 seu
1179 2848 1718 2913 demonstratuma
1750 2844 1929 2904 verbo
1965 2844 2080 2909 ὁρί-

434 2938 669 3018 ζειν,νοΙ
703 2948 1040 3018 exemptum
1074 2948 1130 2999 et
1160 2936 1603 3017 separatum.Et
1624 2940 1904 3014 quoniam
1926 2931 2084 2992 Deus

437 3045 682 3108 semper
705 3028 863 3090 idem
886 3036 943 3091 et
967 3028 1176 3089 eodem
1192 3027 1365 3088 modo
1396 3044 1461 3087 se
1492 3021 2088 3103 habet,tribuitcrea-

436 3116 609 3191 turis,
674 3126 735 3179 ut
787 3118 847 3178 in
890 3117 1197 3178 identitate
1225 3121 1633 3196 permaneant.
1664 3112 1889 3173 Eodem
1918 3108 2091 3170 modo

439 3205 624 3284 igitur
641 3206 1049 3281 omnia,etiam
1078 3223 1210 3287 quas
1232 3223 1349 3267 non
1369 3210 1505 3266 sunt
1525 3204 1587 3263 in
1614 3199 1823 3263 eadem
1850 3208 2083 3278 natura,

438 3295 501 3356 in
530 3293 654 3357 Deo
691 3295 997 3371 videntur;
1030 3294 1322 3376 siquidem
1346 3293 1505 3355 Deus
1534 3300 1621 3353 est
1644 3291 1857 3353 eodem
1886 3287 2089 3367 modo,

438 3383 561 3446 sive
592 3384 1099 3460 similiter,rerum
1144 3383 1410 3445 omnium
1447 3399 1648 3456 causa,

518 3475 652 3556 §V.
713 3475 889 3537 Aliud
949 3485 1146 3537 autem
1179 3473 1513 3552 signiﬁcare
1568 3469 1889 3549 putandum
1950 3480 2079 3529 est:

438 3563 799 3628 constructio
824 3564 982 3625 enim
1015 3563 1139 3625 haec
1172 3582 1278 3644 per
1315 3562 1727 3641 trajecﬁonem
1760 3558 1831 3620 ad
1875 3569 2083 3637 putan-

441 3653 581 3714 dum
609 3652 959 3713 relationem
995 3653 1205 3733 habet;
1228 3652 1508 3733 quoniam
1541 3649 1697 3713 Deus
1726 3649 1783 3709 in
1810 3653 2005 3726 seipso
2033 3652 2089 3706 et

442 3747 680 3823 prapria
708 3740 1025 3804 identitate
1056 3759 1434 3821 permanens,
1471 3736 1850 3820 providentia
1881 3754 1987 3796 sua
2025 3734 2091 3795 ﬁt

442 3835 642 3892 omnia
667 3830 724 3890 in
749 3831 1028 3891 omnibus
1049 3839 1288 3910 propter
1304 3828 1569 3891 omnium
1587 3827 2090 3899 salutem,semet-

441 3920 639 4001 ipsum
672 3919 1068 3982 diversimode
1100 3918 1450 3999 impertiens
1473 3918 1541 3978 ad
1580 3934 1783 3976 eorum
1818 3914 1917 3994 qui
1940 3931 2089 3974 con-

443 4009 599 4070 versi
632 4017 770 4071 sunt
789 4008 1250 4071 deiﬁcationem.
1285 4006 1515 4069 Idcirco
1546 4005 1704 4067 enim
1744 4001 2092 4064 multimoda

444 4116 684 4178 quoque
698 4098 916 4159 dicitur
931 4098 1426 4179 Deisapieutia;et
1448 4096 1765 4175 ipsammet
1797 4093 2089 4153 variarum

446 4189 768 4267 ﬁgurarum
800 4187 1201 4249 diversitatem
1245 4186 1582 4263 signiﬁcare
1616 4181 1941 4263 putandum
1979 4189 2089 4252 est,

452 4276 606 4357 quod
631 4277 691 4337 in
721 4276 1032 4358 pr0phetis
1049 4279 1203 4339 Deus
1216 4275 1387 4337 aliter
1403 4283 1579 4354 atque
1597 4272 1773 4334 aliter
1787 4280 2091 4351 appareat;

454 4366 731 4447 quoniam
760 4366 917 4427 aliud
946 4366 1086 4442 quid
1129 4373 1219 4426 est
1247 4363 1319 4426 ab
1369 4383 1440 4426 eo
1472 4362 1628 4442 quod
1662 4368 1931 4440 apparet,
1956 4376 2090 4447 cum

453 4446 756 4535 aequaliter
785 4455 984 4515 omnia
1014 4455 1132 4515 sint
1172 4454 1245 4514 ab
1270 4453 1398 4535 ipso
1431 4448 1756 4512 diversa.Si
1791 4448 1949 4508 enim
1980 4446 2094 4507 ali-

452 4563 566 4628 qua
589 4564 657 4607 ex
688 4543 806 4605 illis
838 4553 963 4605 erat
996 4542 1228 4617 formis,
1259 4551 1321 4604 ut
1351 4539 1490 4624 quid
1516 4559 1633 4601 non
1661 4557 1767 4619 per
1798 4538 1958 4598 illam
1991 4553 2095 4615 ap-

2157 524 2319 602 σχοίη
2351 526 2479 582 ποτὶ
2523 527 2583 584 τὸ
2626 525 2844 604 ἕτερονξ
2898 528 3003 584 Οὔκ
3033 539 3156 583 εἶπε
3220 524 3275 583 δὲ
3305 528 3439 584 κατὰ
3490 529 3550 584 τὸ
3581 528 3792 595 σύνηθες

2156 615 2296 687 αὖτῷ
2326 614 2379 669 ἐν
2410 629 2526 677 τοῖς
2572 614 2749 681 ἄλλοις
2779 616 2877 683 τὴν
2933 618 3206 697 ὑπεροχσὴν
3235 616 3467 697 λέγοντι,
3499 617 3602 696 ὅτι,
3635 619 3795 694 ὓπερ-

2158 701 2301 781 ἑχων
2332 703 2397 759 τὰ
2448 704 2647 782 πέρατα
2687 710 2784 772 τῆς
2854 705 3173 773 ταῦτότητος
3201 722 3215 737 ⁸
3280 704 3516 763 ἐκκλινεῐ
3561 708 3663 784 γὰρ
3704 712 3796 774 τῆς

2156 790 2502 867 ταῦτότητος,
2561 796 2647 850 καὶ
2679 796 2751 858 εἰς
2808 793 2984 871 ἕτερον
3028 795 3342 870 μεταπέσοι,
3404 793 3559 875 εἴπερ
3620 797 3800 874 ὓπερέ-

2156 877 2228 945 ξει
2258 887 2356 957 τῇς
2388 883 2734 948 ταύτότητος.
2788 883 2957 940 Εἴωθε
3012 882 3137 961 γοῦν
3180 887 3208 941 ὁ
3240 885 3424 962 Πατὴρ
3479 884 3533 941 ἐν
3585 885 3803 946 ἐκείνοις

2156 968 2331 1048 λέγειν
2391 972 2489 1039 τὴν
2549 973 2847 1052 ὅπεροχὴν,
2907 973 2961 1029 ὲν
3006 987 3089 1039 οῖς
3132 976 3167 1041 ἡ
3217 975 3461 1054 ὑπεροχὴ
3491 979 3586 1033 οὒκ
3619 976 3805 1053 ἀφανί-

2156 1066 2231 1129 ζει
2290 1061 2355 1115 τὰ
2411 1067 2487 1134 τῷ
2540 1069 2655 1135 Θεῷ
2713 1062 2980 1140 πρέποντα
3018 1079 3032 1094 °
3085 1062 3139 1118 ὲν
3205 1064 3293 1127 οἷς
3353 1062 3409 1120 δὲ
3465 1064 3703 1121 τοιοῦτόν
3761 1085 3808 1119 τι

2152 1148 2526 1224 κινόδνεύεται,
2578 1150 2758 1207 ἱκανὸν
2791 1154 3004 1228 ἡγεῖται
3074 1156 3169 1218 τὴν
3227 1155 3495 1231 περιοχὴν
3549 1152 3643 1209 τοῦ
3671 1154 3809 1217 πρά-

2154 1261 2357 1316 γματος
2391 1246 2723 1318 μαρτυρῆσαι
2772 1241 2866 1298 ἐπὶ
2924 1250 3079 1303 Θεοῦ.
3129 1241 3327 1300 ’Ἔστιν
3384 1246 3474 1299 οὖν
3531 1245 3593 1299 τὸ
3653 1243 3810 1299 Θεῖον

2154 1327 2548 1403 ἀμετάϐλητον,
2585 1331 2675 1385 καί
2710 1331 2848 1387 κατᾶ
2881 1337 3052 1388 πᾶσαν
3114 1333 3323 1399 κίνησιν
3379 1333 3654 1399 ἀκίνητον.
3722 1334 3810 1389 El.—

2154 1418 2268 1472 πὼν
2328 1416 2381 1472 δὲ
2436 1418 2715 1496 ἀγένητον,
2771 1420 2954 1487 ἐπειδὴ
3013 1421 3307 1501 πολλαχῶς
3360 1419 3690 1497 λαμϐάνεται
3753 1422 3810 1476 τὸ

2154 1506 2436 1584 ἀγένητον,
2484 1510 2575 1574 τὰς
2634 1510 3019 1585 παλιμφήμούς
3095 1512 3375 1587 ἐρμηνεὶας
3455 1511 3547 1567 τοῦ
3612 1510 3811 1586 ὀνόμα-

2154 1619 2243 1659 τος
2276 1597 2613 1676 ἀποκαθαίρει
2653 1618 2666 1633 ⁸
2699 1600 2909 1679 λέγεται
2942 1603 3041 1678 γαρ
3070 1602 3104 1668 ἢ
3174 1603 3235 1656 τὸ
3292 1603 3459 1676 μήπω
3490 1601 3809 1678 γενόμενον,

2156 1688 2515 1764 γενησόμενον
2546 1687 2623 1767 δὲ,
2658 1692 2730 1753 ὡς
2763 1692 2797 1758 ἡ
2831 1691 2999 1767 Σαῤῥα
3030 1692 3156 1747 εἶπε
3185 1693 3271 1766 τὸ,
3322 1690 3481 1749 Οὗπω
3554 1690 3657 1765 μὲν
3731 1711 3818 1763 μοι

2160 1776 2399 1855 γέγονεν·
2454 1776 2488 1843 ἤ
2537 1779 2608 1842 ὡς
2668 1778 3002 1855 ἂτελείωτον,
3036 1782 3107 1844 ὡς
3141 1782 3168 1836 ὁ
3211 1783 3265 1836 ἒν
3302 1778 3521 1854 Χαλάνη
3565 1778 3769 1856 πύργος
3801 1790 3817 1807 ⁸

2160 1868 2281 1934 ἡτὸ
2328 1866 2401 1930 ὡς
2461 1869 2564 1947 οὔχ
2621 1870 2724 1924 ὑπὸ
2760 1866 2930 1943 τοῦδε,
2991 1873 3065 1933 ὡς
3123 1872 3208 1949 τὸ,
3268 1869 3473 1933 Παῦλος
3520 1866 3821 1929 ἀπόστολος

2162 1960 2255 2013 οὒκ
2295 1955 2346 2020 ἐξ
2405 1957 2692 2035 ἀνθρώπων
2728 1977 2740 1991 ·
2800 1959 2835 2026 ἢ
2894 1961 2967 2023 ὡς
3018 1960 3076 2017 οὐ
3134 1958 3275 2038 τόδε,
3322 1962 3395 2022 ὡς
3428 2004 3445 2029 ,
3513 1968 3553 2016 0
3589 1957 3822 2019 ἰοὒστος

2160 2046 2264 2124 οὔχ
2296 2046 2380 2109 εἷς
2411 2052 2517 2102 τῶν
2547 2042 2771 2104 arida/4'
2798 2051 2833 2119 ἥ
2866 2050 2936 2113 ὡς
2970 2047 3195 2122 μηδαμῆ
3220 2046 3484 2123 μηδαμῶς
3514 2050 3596 2119 ὃν,
3628 2049 3703 2111 ὡς
3730 2046 3823 2103 ὅσα

2160 2136 2524 2213 τερατεύονται
2584 2135 2889 2217 ”Ε¹ίληνες,
2937 2138 3205 2212 Σκύλλαν,
3238 2139 3326 2194 καὶ
3388 2138 3678 2213 Χίμαιραν,
3740 2129 3825 2193 καὶ

2160 2226 2225 2279 τὰ
2301 2223 2479 2299 ὅμοια.
2528 2224 2730 2291 Ἰδικὼς
2780 2236 2902 2306 γοῦν
2968 2230 3063 2284 καί
3122 2227 3407 2291 ἀπολότῶς
3469 2227 3603 2305 ὑπὲρ
3664 2233 3824 2282 ταῦτα

2164 2314 2337 2371 πάντα
2395 2316 2485 2370 ἐπί
2551 2323 2682 2372 Θεοῦ
2738 2318 2799 2373 τὸ
2855 2317 3113 2395 ἀγένητον
3151 2332 3166 2347 “
3220 2314 3510 2392 μονοειὸως
3566 2315 3671 2392 γὰρ
3731 2315 3822 2371 καί

2161 2403 2474 2468 nitendo);
2521 2406 2859 2484 ἀφορίζεται·
2913 2404 3199 2483 μονοειδῶς
3284 2405 3377 2462 διὰ
3436 2407 3497 2462 τὸ
3548 2402 3826 2461 παντελῶς

2163 2492 2538 2561 ἀπαράὸλητον
2594 2496 2690 2563 τῆς
2736 2497 2875 2560 θείας
2934 2497 3136 2573 φύσεως
3172 2510 3185 2524 ⁸
3239 2492 3555 2557 ταῦτοειδῶς
3617 2492 3706 2549 διὰ
3765 2495 3826 2548 τὸ

2166 2584 2541 2642 ἀναλλοίωτον.
2577 2586 2985 2664 Ἀφοριζόμενον
3015 2584 3069 2640 δὲ
3112 2587 3173 2641 τὸ
3219 2584 3577 2659 δεικνόμενον,
3613 2584 3690 2645 ὡς
3722 2581 3828 2639 ἀπὸ

2171 2674 2261 2729 τοῦ
2291 2674 2501 2751 ὂρίζειν,
2543 2674 2571 2742 ἥ
2604 2676 2663 2731 τὸ
2696 2674 3019 2752 ἐξήρημένον
3052 2678 3139 2731 καὶ
3170 2672 3598 2754 κεχωρισμένον.
3638 2671 3744 2730 Καΐ
3770 2671 3830 2726 τὸ

2175 2763 2255 2819 ἀεὶ
2284 2763 2472 2819 ταῦτὸν
2502 2766 2587 2819 καὶ
2645 2766 2895 2827 ὡσαύτως
2959 2766 3087 2843 ἕχον
3118 2767 3145 2821 ὂ
3178 2765 3332 2842 Θεὸς,
3393 2760 3648 2840 δωρεῖται
3711 2771 3829 2822 τοῖς

2164 2854 2413 2928 κτίσμασι
2446 2856 2505 2909 τὸ
2538 2854 2591 2908 ἐν
2620 2854 2904 2919 ταὺτότητι
2935 2851 3221 2925 διαμένειν.
3276 2851 3489 2914 Ταῦτῶς
3522 2858 3614 2907 οὖν
3645 2848 3826 2905 ἀπαν-

2165 2965 2254 3023 τα,
2287 2944 2373 2998 καὶ
2404 2943 2470 2997 τὰ
2498 2944 2575 3015 μὴ
2609 2942 2661 2999 ἐν
2687 2944 2968 3009 ταῦτότητι
2997 2948 3096 3009 τῆς
3118 2944 3346 3022 φύσεως,
3393 2940 3447 2995 ἐν
3468 2943 3544 3012 τῷ
3565 2941 3676 3012 0εῷ
3705 2942 3838 2994 0cm-

2173 3045 2345 3112 ρετται
2395 3052 2406 3065 °
2444 3034 2655 3088 πάντων
2688 3033 2786 3111 γὰρ
2809 3032 2915 3088 τῶν
2947 3031 3114 3089 ὄντων
3143 3030 3367 3107 ταῦτῶς,
3402 3028 3570 3108 ἤγουν
3605 3028 3830 3101 ὁμοίως,

2180 3121 2354 3189 αἴτιος
2383 3123 2409 3177 ὁ
2456 3124 2610 3187 Θειὶς.

2247 3479 2377 3559 §V,
2408 3482 2471 3537 Τὸ
2529 3478 2583 3537 δὲ
2636 3478 2808 3556 ἕτερον
2867 3479 3144 3550 σημαίνειν
3213 3473 3420 3541 οἰητέον
3457 3492 3472 3509 ·
3507 3472 3627 3529 καθ’
3660 3476 3829 3549 ὑπερ-

2169 3568 2329 3626 ϐατὸν
2382 3572 2480 3648 γὰρ
2521 3571 2557 3638 ἡ
2618 3566 2857 3633 σύνταξις
2919 3569 3049 3643 πρὸς
3107 3566 3167 3621 τὸ
3212 3562 3423 3631 οἰητέον
3479 3561 3691 3640 ἔχουσα
3733 3560 3830 3626 τὴν

2170 3658 2440 3717 ἀπόδοσιν
2478 3657 2559 3715 ότι
2619 3657 2791 3734 μένων
2846 3656 2929 3737 ἔφ’
2986 3657 3172 3712 ἑαυτοῦ
3200 3654 3287 3709 καὶ
3327 3650 3654 3719 τῆςηοίκέίας
3698 3650 3829 3707 ταῦ-

2171 3748 2421 3828 τότητος,
2456 3751 2522 3807 τὰ
2552 3752 2724 3805 πάντα
2756 3747 2812 3803 ἓν
2857 3752 2987 3803 πᾶσι
3048 3748 3414 3822 προνοητικῶς
3443 3739 3528 3797 διὰ
3555 3742 3663 3798 τὼν
3696 3739 3833 3797 πάν-

2172 3864 2278 3897 των
2334 3841 2596 3916 σωτηρίαν
2675 3839 2898 3917 γίνεται,
2983 3837 3171 3892 ἑαυτὸν
3232 3831 3489 3895 ποικίλως
3565 3829 3830 3888 ἐπιδιδοὺς

2172 3929 2303 4004 πρὸς
2376 3926 2623 3983 ἐκθέωσιν
2678 3926 2786 3982 τῶν
2843 3921 3315 4002 ἐπεστραμμένων.
3373 3919 3472 3978 Διὰ
3529 3917 3690 3977 τοῦτο
3734 3917 3830 3994 γὰρ

2172 4018 2260 4072 καὶ
2342 4015 2672 4091 πολύτροπος
2738 4017 2773 4083 ἡ
2830 4021 2922 4071 τοῦ
2996 4013 3153 4089 σοφία
3222 4009 3434 4088 λέγεται
3471 4023 3484 4036 ⁸
3560 4012 3661 4063 καὶ
3735 4006 3832 4061 αὖ·

2175 4110 2272 4173 τὴν
2308 4109 2406 4171 τὴν
2464 4127 2569 4163 των
2615 4103 2871 4162 ποικίλων
2902 4101 3203 4181 σχημάτων
3246 4098 3555 4175 ἑτερότητα,
3618 4097 3681 4151 τὸ
3734 4092 3833 4149 ἄλ-

2175 4196 2281 4260 λως
2324 4198 2409 4251 καὶ
2443 4194 2615 4258 ἄλλως
2647 4196 2736 4251 τὸν
2780 4194 2910 4249 Θεὸν
2940 4195 2993 4247 ἓν
3023 4211 3139 4253 τολς
3195 4187 3492 4267 προφήταις
3537 4182 3833 4264 φαίνεσθαι,

2174 4296 2329 4344 τοῦτο
2363 4284 2567 4351 οἰητέον
2600 4284 2898 4357 σημαίνειν,
2954 4279 3035 4337 ὅτι
3087 4277 3217 4334 ἄλλο
3253 4278 3301 4333 τί
3328 4280 3442 4333 ἔστι
3486 4272 3610 4350 παρ’
3644 4274 3674 4329 ὃ
3706 4292 3832 4349 φαι-

2175 4396 2342 4450 νεται,
2396 4374 2582 4440 ἐπίσης
2616 4373 2760 4453 ἔχων
2788 4373 2854 4428 τὰ
2884 4371 3056 4427 πάντα
3099 4366 3353 4441 ἀλλότρια
3398 4366 3606 4424 ἑαυτοῦ.
3646 4364 3704 4419 Εἰ
3734 4360 3832 4438 γὰρ

2176 4470 2243 4533 ἦν
2297 4448 2394 4530 τῆς
2437 4462 2488 4528 ἐξ
2530 4448 2742 4520 ἐκείνων
2797 4466 2899 4517 τῶν
2941 4464 3183 4537 μορυρῶν,
3245 4455 3336 4511 ἴνα
3388 4454 3437 4510 τί
3469 4453 3545 4527 μὴ
3574 4450 3642 4508 δι’
3686 4448 3830 4537 εκεί-

2177 4575 2274 4620 νης
2319 4553 2559 4632 ἐφαίνετο
2613 4552 2840 4607 πάντοτε
2899 4563 3022 4613 οϊας
3078 4567 3133 4602 τε
3195 4542 3355 4611 οὔσης
3415 4535 3832 4614 καταλαμϐάνε-

451 4625 721 4718 parebat,
767 4653 901 4695 cum
936 4633 1179 4695 omnino
1222 4641 1419 4712 posset
1460 4625 1911 4709 comprehendi,
1966 4625 2082 4687 licel

2165 4646 2320 4716 ισϐαι,
2354 4625 2490 4699 ἆλλά
2544 4638 2610 4696 δι’
2660 4638 2827 4707 ἄλλης
2883 4640 2970 4694 καὶ
3001 4634 3170 4701 ἄλλης
3213 4630 3351 4708 ;Ὠς
3410 4652 3509 4709 γαρ
3567 4630 3613 4718 εί
3645 4646 3833 4718 περιει-

453 4715 560 4806 per
580 4724 757 4785 aliam
780 4730 957 4804 atque
986 4718 1710 4794 aliamYQuemadmodum
1737 4716 1895 4779 enim
1928 4716 1977 4775 si
1996 4715 2082 4774 in-

2175 4730 2480 4804 πλάετομεν
2537 4735 2604 4806 τῇ
2659 4729 2850 4806 ἆμερεϊ
2907 4731 3060 4804 ψυχῇ
3130 4722 3308 4806 οἰκεῖα
3377 4732 3520 4806 ταῒς-
3582 4715 3833 4806 δονάμεσι

454 4794 762 4877 divisibilis
784 4794 999 4875 animas
1030 4810 1342 4874 virtutibus
1375 4808 1646 4889 proprias
1669 4811 1865 4886 partes
1893 4821 2082 4884 corpo‘

2179 4812 2315 4889 μέρη
2368 4794 2730 4885 σωματοειδξί,
2767 4794 2777 4806 ’
2816 4794 3097 4885 aestui“
3164 4802 3371 4866 οἰκείως
3458 4798 3526 4865 τῆ
3615 4794 3834 4889 ἀμερείᾳ

451 4920 587 4965 reas
608 4882 1392 4982 aﬁingeremus,secunduin
1412 4882 1942 4958 indivisibilitatem
1967 4882 2082 4973 ejus

2178 4915 2321 4958 νοεῖν
2364 4902 2429 4957 τα
2458 4882 2743 4978 λεγόμενα,
2803 4882 2939 4953 κατὰ
2995 4916 3114 4951 τινα
3171 4888 3457 4967 ἀναγωγὴν
3514 4887 3602 4942 καὶ
3656 4882 3833 4949 ἀλλη-

455 4991 585 5053 illas
618 4974 949 5069 intelligere
980 4974 1363 5068 (leberemus,
1398 5004 1502 5068 per
1524 4984 1841 5067 quamdam
1873 4999 2082 5060 anago-

2180 4992 2385 5070 γορίαν,
2440 4974 2545 5046 τὸν-
2590 4999 2705 5047 νοῦν
2765 4987 2861 5062 μὲν
2920 4985 3165 5062 λέγοντες
3223 4977 3486 5058 κεφαλὴν,
3542 4974 3623 5031 ὅτι
3656 4976 3830 5070 ὁ-νοῦς

453 5097 587 5158 gem
612 5088 669 5140 et
696 5061 1064 5157 allegoriam,
1104 5061 1364 5141 mentem
1397 5061 1645 5155 quidem
1680 5072 1946 5134 dicentes
1969 5090 2082 5133 essc

2178 5083 2241 5137 τὸ
2283 5093 2527 5157 κρεῖττον
2588 5080 2676 5135 καὶ
2731 5074 3204 5154 περιεκτικώτερον
3241 5071 3339 5136 τῆς
3395 5069 3605 5145 ψυχῆς,
3673 5064 3745 5125 ὡς
3798 5061 3832 5127 ἡ

455 5151 938 5250 Ξθβυίνίίυοηῖδῖη
965 5151 1133 5231 ηἶέηδ
1163 5176 1253 5230 εει
1275 5151 1489 5229 anilia
1534 5164 1895 5246 ρτεθείριιυω
1926 5170 2103 5242 atque
2184 5151 2395 5248 κεφαλὴ
2422 5176 2513 5225 τοῦ
2542 5151 2815 5243 σώμάτοςλ
2848 5165 2949 5232 τὴν
2979 5161 3036 5219 δὲ
3066 5160 3243 5235 δόξαν,
3277 5154 3503 5236 αὐχένα,
3536 5153 3620 5210 ὃτι
3662 5151 3838 5225 ὣσπερ

460 5243 1037 5339 praestantissimum,
1073 5258 1224 5319 sicut
1252 5265 1423 5337 caput
1447 5243 1738 5335 corporis;
1764 5251 2082 5332 opinionen

2187 5264 2215 5319 ὁ
2264 5243 2471 5341 Iud/fw,
2526 5259 2688 5335 μέσον
2745 5258 2839 5326 τῆς
2900 5253 3135 5335 κεφαλῆς
3164 5252 3255 5308 καὶ
3310 5251 3401 5305 τοῦ
3430 5243 3840 5341 ἑτέρω-’σώμα-

458 5332 597 5409 vero
627 5345 948 5426 cervicem,
982 5345 1120 5425 quia
1161 5332 1573 5407 sicut-cervix.
1590 5340 1787 5404 media
1814 5347 1905 5403 est
1953 5339 2082 5402 inte]

2186 5373 2299 5426 τος,
2346 5348 2509 5415 οὕτως
2558 5351 2591 5417 ἡ
2622 5347 2744 5413 δόξα
2775 5346 2936 5420 μέσον
2998 5350 3091 5400 τοῦ
3142 5349 3231 5400 νοῦ
3286 5337 3381 5396 καί
3439 5341 3534 5402 τῆς
3595 5332 3844 5410 ἀλογίας,

463 5446 640 5518 caput
671 5418 1087 5517 reliquumque
1118 5453 1359 5516 corpus,
1385 5436 1470 5496 sic
1490 5442 1549 5496 et
1585 5429 1785 5513 opinio
1801 5428 1998 5493 media
2019 5449 2082 5491 es

2187 5443 2253 5500 τὰ
2287 5418 2410 5522 ’γὰρ
2459 5445 2555 5509 τῆς
2604 5418 2832 5499 διανοίας
2877 5432 3297 5514 συμπεράσματα
3353 5426 3567 5504 ἀλόγως
3626 5418 3769 5480 οἶδεν
3824 5459 3840 5477 .

1597 5643 1619 5676 θ
1657 5632 1789 5696 Gal.
1824 5650 1867 5707 I,
1917 5633 1976 5696 1.

559 5648 582 5681 ι
610 5635 756 5699 Gen.
789 5652 950 5698 xviu.
1041 5636 1068 5678 δ
1098 5636 1247 5699 Gen.
1282 5651 1319 5698 ι
1345 5644 1404 5697 et
1429 5651 1511 5698 χι.
