4134 6156
328 394 448 464 9‘29

820 394 917 463 DE
962 396 1260 463 DIVINIS
1301 394 1750 478 NOMINIBUS,
1796 398 1959 461 CAP.
1993 380 2094 458 1X.
2142 428 2220 440 —
2265 396 2629 461 PARAPHR
2696 392 3207 463 PACHYMER/E.

3577 392 3697 466 930

329 537 421 592 τὸν
463 533 517 590 δὲ
573 537 734 611 θυμὸν
791 538 1005 606 στῆθος,
1039 532 1120 590 ὅτι
1170 534 1257 590 καὶ
1285 534 1344 589 τὸ
1388 534 1606 607 θυμικὸν
1639 533 1693 588 ἐν
1722 540 1798 609 τῷ
1828 533 1989 603 στήσ.

2077 539 2200 592 uter
2228 530 2520 593 rationem
2549 541 2605 594 et
2644 534 3243 615 irrationabilitatem,
3277 535 3684 616 intelligentia:

329 628 406 681 θει
464 625 617 702 φασὶν
648 637 811 681 εῖναι’
872 624 972 690 τὴν
1003 622 1055 678 δὲ
1109 624 1384 697 ἐπιθυμίαν
1437 621 1689 700 γαστέρα,
1722 622 1832 679 ἐπεὶ
1887 623 1973 678 καὶ

331 714 449 791 περὶ
475 714 576 780 τὴν
623 713 852 791 γαστέρα
883 719 973 770 τοῦ
1030 713 1275 785 σώματος
1334 715 1394 767 τὸ
1444 711 1826 786 ἐπιθυμητικὸν
1869 733 1973 767 πε-

333 819 662 881 ριγραφουσι“
723 803 819 869 τὴν
880 800 932 857 δὲ
987 802 1162 881 φύσιν,
1198 799 1365 866 σκέλη
1411 802 1497 857 καὶ
1526 798 1709 880 πόδας,
1745 799 1971 868 δηλοῦν-

333 914 417 954 τες
478 891 709 948 ἐντεῦθεν
767 892 827 946 τὸ
884 891 1111 967 βάσιμον
1167 890 1255 946 καὶ
1310 888 1518 965 εδραῖον
1579 891 1677 956 τῆς
1746 892 1969 969 φύσεωςο

340 981 518 1056 πολλῷ
549 1003 608 1058 γε
642 979 845 1055 μᾶλλον
878 980 963 1035 ἐπὶ
986 980 1119 1035 Θεοῦ
1148 986 1238 1036 τοῦ
1262 980 1473 1035 πάντων
1506 978 1748 1038 ἐπέκεινα
1768 984 1979 1059 θεοπρε-

334 1072 447 1134 πῶς
479 1070 759 1150 ὀφείλομεν
788 1069 1160 1142 ἀναπτύσσειν,
1193 1068 1280 1125 καί
1329 1069 1716 1148 ἀνακαθαίρειν,
1758 1072 1842 1126 καὶ
1875 1077 1981 1125 τῶν

339 1164 653 1235 σωματικῶν
711 1156 1066 1218 ἀπαλλάττειν
1098 1159 1159 1213 τὸ
1214 1160 1591 1234 θεωρούμενον,
1631 1161 1725 1216 Καὶ
1759 1159 1884 1215 αὗτὸ
1932 1158 1979 1214 δὲ

333 1252 394 1305 τὸ
426 1254 591 1327 τριχῆ
620 1246 921 1321 ὃιαστατὸν,
955 1246 1084 1324 ὅπερ
1115 1245 1201 1302 ἐπὶ
1230 1250 1334 1303 τῶν
1366 1248 1628 1323 σωμάτων
1657 1245 1796 1313 ἰδίως
1846 1249 1976 1323 ἐστὶ,

334 1338 395 1393 τὸ
429 1342 627 1416 μῆκος,
659 1345 720 1393 τό
765 1335 1008 1415 πλάτοις,
1041 1336 1129 1392 καὶ
1177 1337 1240 1392 τὸ
1285 1337 1463 1413 βάθος,
1497 1338 1541 1392 εἰ
1571 1336 1853 1413 βουληθείη
1902 1359 1981 1401 τις

336 1426 592 1504 περιάψαι
624 1432 700 1500 τῷ
731 1426 887 1505 Θείῷ,
924 1426 1261 1503 θεοπρεεπῶς
1297 1426 1492 1506 ὀφείλει
1549 1436 1701 1486 τοῦτο
1732 1433 1979 1494 ποιῆσαι·

2059 620 2219 683 enim
2238 622 2518 684 terminos
2542 622 2673 683 sine
2694 623 3149 686 ratiocinatione
3168 624 3349 702 novit;
3374 626 3521 687 iram
3543 644 3687 690 vero

2061 719 2287 789 pectus.
2316 711 2593 790 quoniam
2617 711 2735 771 vim
2768 712 3127 773 irascibilem
3159 714 3219 774 in
3253 722 3492 793 pectore
3520 716 3695 778 sitam

2060 818 2196 862 esse
2225 799 2435 875 aiunt;
2480 802 3023 893 concupiscentiam
3071 819 3208 864 vero
3237 812 3525 880 ventrem,
3563 824 3699 867 cum

2064 907 2172 969 per
2211 897 2475 950 ventrem
2508 886 2758 971 'quoque
2804 886 3074 970 corporis
3105 890 3189 952 vis
3221 894 3702 973 concupiscibilis

2063 979 2433 1057 designetur;
2461 991 2729 1042 naturam
2759 998 2896 1041 vero
2919 998 3091 1041 crura
3116 980 3560 1062 pedesque,per
3577 985 3705 1046 hmo

2064 1068 2347 1129 nimirum
2375 1077 2598 1130 natura:
2621 1070 3008 1130 constantiam
3036 1071 3494 1151 ﬁrmitatemque
3514 1072 3703 1151 signi-

2064 1157 2330 1219 ﬁcando:
2369 1158 2550 1220 multo
2584 1159 2769 1235 magis
2798 1160 3006 1238 utique
3031 1159 3091 1219 in
3122 1162 3270 1239 Deo,
3294 1158 3473 1221 rebus
3505 1160 3705 1223 omni-

2066 1244 2176 1307 bus
2204 1247 2704 1326 eminentiore,eo
2722 1267 2834 1327 quo
2851 1247 3035 1308 Deum
3061 1248 3233 1311 decet
3255 1250 3431 1311 modo
3460 1253 3707 1331 mystico

2068 1336 2195 1398 haec
2224 1336 2548 1417 eXplicare,
2582 1347 2643 1400 et
2668 1336 2726 1397 id
2761 1338 2917 1418 quod
2965 1338 3404 1413 consideratur,
3436 1339 3510 1400 ab
3544 1339 3709 1402 omni

2066 1443 2133 1487 re
2155 1445 2442 1507 corporea
2460 1427 2719 1489 liberare
2741 1440 2798 1488 et
2820 1429 3168 1489 abstrahere
3192 1427 3501 1491 debemus.
3526 1432 3709 1492 Porro

338 1518 427 1572 καὶ
489 1516 676 1582 νοῆσαι
736 1516 833 1590 μὲν
887 1514 1088 1578 πλάτος
1139 1514 1235 1583 τήν
1295 1516 1630 1594 ὑπερεύρειαν
1689 1517 1759 1578 εἷς
1816 1517 1987 1573 πάντα

2077 1515 2371 1596 triplicem
2386 1516 2724 1577 distantiam
2736 1536 2889 1597 ,qua:
2903 1518 2960 1577 in
2977 1517 3326 1596 corporibus
3340 1518 3581 1598 praprie
3594 1528 3706 1595 est,

338 1612 432 1663 τοῦ
490 1612 624 1663 Θεοῦ
666 1602 890 1684 πρόοδον
946 1606 1020 1667 εἰς
1051 1606 1111 1660 τὸ
1170 1618 1528 1685 παραγαγεῖν,
1576 1607 1645 1668 εἰς
1691 1608 1752 1661 τὸ
1796 1603 1985 1683 γυϐερ-

2077 1605 2380 1683 longitudo
2399 1605 2805 1680 etlatitudo,et
2826 1606 3223 1685 profunditas,
3240 1607 3440 1686 siquis
3462 1606 3583 1670 Deo
3603 1627 3710 1671 ac-

340 1702 453 1771 νᾷν,
489 1697 561 1760 εἰς
619 1697 681 1751 τὸ
729 1708 1001 1773 προνοεῖν·
1061 1697 1234 1770 μῆκος
1277 1693 1332 1750 δὲ
1380 1695 1478 1761 τὴν
1507 1695 1867 1775 ὑπερέχουσαν
1922 1694 1989 1751 τὰ

2077 1694 2451 1757 commodare
2462 1694 2820 1775 voluerit,ea
2834 1714 2946 1776 qua
2957 1694 3145 1757 Deum
3157 1696 3712 1761 decetlt97ratione

341 1786 512 1842 πάντα
565 1782 804 1859 δύναμιν·
863 1784 1016 1859 βᾶθος
1075 1782 1129 1839 δὲ
1189 1784 1288 1851 τὴν
1341 1784 1702 1862 ἀπερίληπτον
1770 1787 1986 1865 κρυφιό-

2077 1784 2128 1846 id
2155 1784 2494 1846 faciendum
2524 1794 2636 1862 est;
2668 1793 2725 1846 et
2755 1786 3139 1865 intelligenda
3161 1785 3401 1867 quidem
3433 1786 3705 1863 latitudo,

344 1897 500 1941 τητα.
561 1872 729 1931 Ἀλλὰ
758 1871 992 1952 δέδοικα,
1028 1873 1105 1948 μὴ
1168 1872 1412 1944 λάθωμεν
1444 1871 1655 1933 ἑαυτοὺς
1686 1874 1984 1953 συμφόρον-

2077 1891 2426 1953 supraquam
2441 1892 2507 1935 ex
2520 1884 2683 1937 tensa
2700 1875 2797 1937 illa
2812 1875 2917 1937 Dei
2931 1876 3003 1936 ad
3026 1893 3123 1936 res
3140 1894 3349 1937 omnes
3373 1877 3711 1958 progressio

344 1986 431 2029 τες
502 1964 568 2020 τὰ
638 1964 756 2041 περὶ
824 1970 956 2020 Θεοῦ
1015 1961 1312 2037 ἀσωμάτως
1370 1961 1687 2042 ὀφειὶοίμενα
1753 1968 1987 2019 νοεῖσθαι

2077 1978 2202 2020 cum
2226 1965 2282 2020 in
2306 1961 2823 2034 producendo,tum
2844 1966 2901 2021 in
2926 1964 3319 2034 gubernando,
3348 1975 3469 2023 tum
3494 1969 3554 2023 in
3578 1980 3711 2038 pro-

344 2067 467 2113 ταϊς
526 2050 611 2109 διὰ
667 2051 946 2129 συμϐόλων
1018 2053 1281 2119 αἰσθητῶν
1339 2051 1708 2117 ἆναπτύξεσιν.
1774 2050 1987 2131 ’¹Ηγουν

2077 2052 2665 2131 videndo;longitudo
2681 2060 3116 2135 vero,potentia
3136 2053 3233 2115 illa
3247 2073 3379 2135 quae
3392 2072 3487 2117 res
3503 2071 3715 2118 omnes

346 2143 746 2219 ἆναπτύσσομεν
795 2144 857 2198 τὸ
886 2140 1110 2216 πλάτος,
1149 2141 1177 2209 ἢ
1234 2142 1295 2198 τὸ
1326 2143 1525 2217 μῆκος,
1560 2141 1594 2209 ἢ
1624 2144 1683 2198 τὸ
1738 2142 1922 2220 βάθος,
1951 2142 1987 2209 ἢ

2077 2150 2340 2224 superat;
2394 2142 2763 2222 profunditas
2806 2161 2971 2215 vero,
3024 2161 3307 2205 arcanum
3359 2143 3506 2205 illud
3549 2143 3715 2223 quod

300 2298 321 2315 .
350 2231 557 2307 ἅλλοτι,
588 2231 898 2309 βουλόμενοι
956 2230 1145 2295 ἀναξαι
1178 2231 1308 2289 αὐτὰ
1350 2232 1454 2287 ἀπὸ
1488 2237 1590 2288 τῶν
1641 2237 1984 2307 σωματικῶν·

350 2324 434 2379 καὶ
486 2321 668 2395 πάλιν,
707 2321 783 2395 μὴ
816 2319 990 2385 ἄλλως
1048 2319 1267 2398 ἔχοντες
1298 2319 1492 2398 λέγειν,
1530 2323 1646 2398 περὶ
1677 2323 1740 2377 τά
1798 2342 1987 2395 σωμα-

348 2415 475 2472 τικὰ
534 2418 904 2490 καταντῶμεν,
967 2409 1190 2486 πρόοδον
1264 2409 1510 2487 λέγοντες
1569 2408 1806 2485 δύναμιν,
1862 2433 1993 2488 κρυ·-

351 2501 603 2581 φιότητα,
657 2502 742 2555 καὶ
789 2502 854 2556 τὰ
910 2510 1151 2557 τοιαῦτα.
1216 2500 1249 2554 ἃ
1304 2500 1367 2566 δὴ
1410 2501 1496 2555 καὶ
1540 2501 1673 2557 αὐτὰ
1717 2500 1995 2572 σωματικᾶ

356 2594 504 2665 εἰσιν,
540 2593 584 2645 εἱ
642 2591 730 2646 καὶ
760 2587 1064 2665 ὑψηλότερα
1120 2592 1225 2645 τῶν
1258 2589 1534 2667 προτέροι’
1575 2586 1654 2643 διὸ
1698 2590 1814 2651 περὶ
1870 2589 1993 2644 τού-

354 2702 457 2737 των
518 2679 571 2735 ἐν
602 2677 785 2739 ἄλλοις
845 2677 1082 2756 εἴρηται.
1143 2685 1245 2735 Νῦν
1296 2678 1349 2732 δὲ
1408 2678 1693 2753 ἑτερότήτα
1753 2676 1996 2756 λέγοντες

352 2772 437 2827 ἐπὶ
497 2777 648 2842 Θεοῦ,
679 2769 756 2844 μὶ,
799 2768 1233 2841 ὃποπτεύσωμεν,
1268 2765 1346 2822 ὅτι
1401 2768 1472 2830 εἰς
1506 2767 1680 2843 ἕτερον
1729 2770 1810 2822 καὶ
1875 2766 1995 2823 ἕτε-

2076 2231 2506 2310 comprehendi
2529 2233 2757 2309 nequit.
2785 2232 2901 2295 Sed
2919 2250 3125 2295 vereor
3142 2251 3218 2295 ne
3242 2251 3348 2293 nos
3372 2238 3535 2312 ipsos
3555 2232 3719 2314 igno-

2075 2339 2376 2400 remus,ea
2396 2340 2528 2400 quae
2549 2321 2624 2382 de
2650 2323 2768 2384 Deo
2793 2327 3146 2401 incorporeo
3181 2322 3355 2383 modo
3386 2323 3718 2403 intelligere

2078 2409 2366 2469 debemus
2413 2409 2720 2471 sensilium
2771 2411 3175 2490 symbolarum
3224 2410 3717 2491 explicationibus

2079 2498 2535 2560 commisceutes
2591 2498 2971 2579 Explicamus
3000 2500 3178 2578 igitur
3217 2499 3715 2581 latitudinem,vel

2082 2586 2532 2667 longitudinem.
2571 2590 2660 2650 vel
2696 2588 3175 2668 profunditatem,
3209 2589 3300 2651 vel
3342 2589 3499 2650 aliud
3532 2591 3715 2671 quid-

2084 2678 2261 2757 piam,
2291 2679 2430 2739 dum
2458 2697 2490 2737 a
2513 2677 2693 2740 rebus
2717 2679 3021 2757 corporeis
3050 2679 3151 2740 illa
3180 2680 3453 2741 volumus
3482 2678 3716 2741 abstra-

2082 2767 2263 2841 here;
2299 2776 2356 2827 et
2386 2786 2517 2827 cum
2545 2767 2715 2828 aliter
2738 2768 2949 2828 efferre
2976 2787 3092 2827 non
3126 2767 3443 2847 possimus,
3477 2786 3718 2831 rursum

351 2884 438 2939 po:
469 2861 775 2918 ἀλλοιοῦται
805 2861 865 2916 τὸ
899 2867 1078 2934 Θεϊον,
1114 2858 1252 2915 ἀλλὰ
1279 2860 1362 2939 τὸ,
1398 2859 1451 2913 ὲν
1511 2861 1574 2935 τῇ
1632 2859 1796 2931 οἰκείᾳ
1825 2856 1989 2915 ἁπλό-

2081 2855 2154 2916 ad
2177 2874 2462 2937 corporea
2484 2856 2774 2929 redimus,
2796 2855 2934 2917 dum
2962 2875 3304 2936 processum
3329 2856 3584 2919 dicimus
3604 2859 3719 2922 vir-

349 2974 471 3019 τητι
531 2949 754 3025 μένοντα
810 2951 900 3005 τὸν
968 2950 1117 3021 Θεὸν,
1176 2949 1241 3007 τά
1299 2947 1510 3005 ποικίλα
1554 2948 1640 3005 καὶ
1682 2946 1989 3004 παντοδαπὰ

2085 2955 2288 3025 tutem,
2315 2964 2620 3020 arcanum,
2647 2954 2704 3006 et
2724 2943 2961 3020 similia,
2994 2963 3129 3026 quae
3158 2946 3359 3025 utique
3382 2946 3556 3007 etiam
3590 2948 3719 3026 ipsa

350 3039 472 3108 εἴδη
532 3042 628 3105 τῆς
689 3039 908 3102 κτίσεως
960 3051 1317 3116 παραγαγεῖν,
1367 3038 1712 3117 ἐμφαίνομεν’
1773 3036 1989 3117 πρόοδον

2077 3053 2363 3116 corporea
2394 3043 2548 3105 sunt,
2584 3034 2720 3096 licet
2755 3033 3049 3115 prioribus
3079 3033 3448 3097 sublimiora.
3494 3038 3719 3099 Verum

350 3131 450 3208 γὰρ
481 3129 624 3209 λέγει
674 3129 773 3195 τὴν
804 3129 936 3206 πρὸς
993 3128 1053 3183 τὸ
1108 3128 1277 3185 κτίσαι
1308 3127 1374 3182 τὰ
1425 3129 1593 3184 πάντα
1624 3128 1777 3184 οἱονεὶ
1835 3130 1989 3194 κίνη-

2078 3126 2152 3188 de
2184 3125 2273 3185 bis
2296 3124 2433 3185 alibi
2457 3124 2703 3187 dictum.
2730 3123 2906 3186 Modo
2940 3143 3077 3186 vero
3107 3124 3455 3187 alteritatem
3491 3126 3564 3188 de
3596 3128 3717 3188 Deo

350 3242 433 3277 σιν
465 3222 554 3276 καὶ
585 3219 779 3298 ὁρμήν.

2081 3216 2369 3287 dicentes,
2398 3232 2472 3275 ne
2494 3215 2864 3294 suspicemur
2887 3212 3072 3275 Deum
3099 3212 3161 3275 in
3182 3213 3337 3275 aliud
3359 3220 3536 3295 atque
3556 3214 3720 3276 aliud

352 3306 700 3389 permutari,
730 3304 836 3367 sed
892 3304 955 3367 in
1016 3304 1255 3385 propria
1312 3304 1689 3379 simplicitate
1749 3316 2222 3385 permanentem,
2285 3304 2547 3365 diversas
2610 3311 2668 3363 et
2726 3303 3097 3364 omnimodas
3154 3303 3385 3381 species
3435 3313 3723 3365 creaturas

352 3398 682 3478 producere
707 3394 1107 3473 signiﬁcamus
1141 3415 1154 3457 :
1214 3411 1592 3475 progressum
1627 3400 1787 3456 enim
1840 3394 1980 3459 dicit
2011 3400 2197 3477 ipsam
2229 3393 2407 3455 veluti
2468 3393 2792 3454 motionem
2825 3400 2886 3454 et
2918 3391 3380 3471 propensionem
3409 3391 3483 3454 ad
3516 3410 3718 3455 rerum

354 3487 621 3549 omnium
654 3486 1041 3547 creationem.

433 3577 462 3657 ᾗ
491 3579 589 3639 VI.
648 3561 866 3646 t‘Optowv
899 3573 953 3629 δέ
988 3576 1075 3630 τὸν
1107 3575 1236 3631 Θεὸν
1295 3576 1339 3629 εἰ
1370 3575 1464 3649 μὲν
1497 3575 1569 3638 ὡς
1630 3575 1785 3632 αὖτὸν
1828 3576 1998 3649 ἐαυτῷ

350 3666 476 3724 ὅλον
519 3664 580 3722 δι’
632 3666 755 3722 ⁵ὅλοι)
813 3662 959 3721 εἴποι
1002 3684 1103 3735 τις,
1138 3663 1232 3719 οὒκ
1287 3662 1608 3738 ἀτιμαστέον
1652 3664 1748 3730 τὴν
1797 3667 1995 3720 θεωνυ-

350 3758 495 3834 μίαν,
553 3741 774 3830 (Ὀμοιον
824 3752 879 3810 δέ
932 3776 1036 3810 τινι
1090 3759 1195 3811 τῶν
1251 3752 1418 3810 ὅντων
1448 3758 1564 3828 μῶς
1595 3754 1657 3809 τὰ
1716 3761 1873 3810 Θεϊον
1904 3753 1997 3811 λε-

350 3849 608 3928 χθησεται
642 3865 659 3920 ;
703 3844 817 3902 ἐπεί
868 3844 949 3901 τοί
978 3865 1041 3923 γε
1084 3845 1118 3913 ἡ
1163 3843 1274 3901 θεία
1306 3844 1511 3924 Γραφή,
1545 3845 1617 3906 ὡς
1648 3842 1728 3900 ἀεὶ
1760 3845 1850 3900 τὸν
1894 3848 1996 3902 αὖ·

348 3940 440 3994 τὸν
482 3933 856 3997 ἂναλλοιώτως
910 3933 1059 4013 ὄντα,
1093 3933 1346 4010 ἀνόμοιον
1395 3932 1524 3989 πᾶσί
1565 3955 1754 4014 φησιν,
1787 3932 1841 3989 ἂν
1896 3940 1993 4009 τῷ,

350 4026 438 4089 Τίς
497 4024 682 4096 ὅμοιός
720 4045 802 4080 σοι
846 4022 901 4078 ἐν
952 4026 1118 4097 θεοῖς,
1155 4023 1310 4102 Κύριε
1345 4044 1361 4096 ;
1424 4024 1512 4080 καὶ
1566 4024 1749 4102 πάλιν,
1785 4023 1893 4080 Τίνι
1932 4043 1998 4098 με

347 4115 709 4194 ὣμοιώσατες
768 4112 913 4190 λέγει
971 4116 1178 4191 Κύριος·
1227 4114 1314 4168 καὶ
1362 4111 1542 4171 πάλιν.
1582 4112 1726 4190 Ἐγὼ
1786 4112 1996 4189 ὁράσεις

347 4204 637 4280 ἑπλήθυνα,
704 4203 789 4259 καὶ
842 4200 896 4257 ἐν
955 4202 1112 4279 χερσὶ
1167 4207 1272 4256 τῶν
1336 4207 1622 4280 προφητῶν
1682 4200 1991 4277 ὡμοιώθην·

348 4293 608 4352 τουτέσιν.
673 4280 729 4347 Ὀ
789 4291 946 4350 αὐτὸς
1003 4288 1111 4366 ἐγὼ
1153 4287 1390 4364 ἐμαυτῷ,
1437 4291 1510 4351 ὡς
1542 4290 1821 4366 Εἰρηναῖος
1853 4287 1997 4367 λέγει

347 4382 402 4439 ἐν
434 4397 551 4446 τοῖς
612 4379 759 4438 Κατὰ
788 4377 1059 4455 αἱρέσεως,
1093 4376 1245 4435 Οὕτω
1287 4374 1365 4451 δὲ,
1400 4378 1472 4440 ὡς
1515 4379 1611 4433 οὐκ
1640 4375 1782 4433 ἔστιν
1815 4376 1997 4453 ὅμοιος

2160 3574 2190 3653 §
2220 3572 2317 3636 VI.
2352 3571 2621 3635 Similem
2656 3587 2796 3631 vero
2839 3572 3027 3633 Deum
3061 3569 3116 3632 si
3158 3570 3290 3651 quis
3319 3571 3554 3647 dixerit,
3584 3578 3722 3634 tan-

2082 3681 2257 3743 quam
2288 3661 2400 3724 sibi
2442 3669 2623 3722 totum
2659 3678 2766 3739 per
2798 3666 2982 3722 totum
3027 3659 3419 3737 conformem,
3455 3661 3569 3724 tale
3612 3679 3724 3723 uo-

2084 3771 2218 3813 men
2252 3751 2356 3812 Dei
2382 3750 2625 3812 minime
2648 3749 3087 3830 aspernandum
3113 3759 3219 3812 est.
3248 3749 3559 3825 Quomodo
3582 3768 3722 3813 vero

2080 3845 2238 3905 Deus
2261 3840 2436 3903 alicui
2462 3839 2550 3902 rei
2582 3839 2796 3902 similis
2822 3838 2942 3902 dici
2957 3839 3144 3921 possit
3162 3847 3191 3904 ‘2
3224 3841 3505 3922 quoniam
3529 3841 3727 3903 divina

2081 3929 2407 4013 Scriptura,
2440 3938 2727 4011 tanquam
2776 3947 3017 4012 semper
3046 3930 3328 3993 eumdem
3360 3930 3490 3992 sine
3523 3938 3721 3992 muta-

2080 4021 2265 4102 tione,
2299 4020 2576 4083 omnibus
2606 4018 2954 4082 dissimilem
2987 4019 3165 4098 dicit,
3200 4029 3264 4080 ut
3294 4020 3355 4081 in
3385 4019 3486 4081 illo
3521 4037 3535 4082 :
3572 4020 3719 4094 Quis

2080 4111 2305 4172 similis
2337 4110 2446 4171 tibi
2467 4114 2534 4170 in
2556 4109 2698 4182 diis,
2725 4109 3019 4170 Domine?
3094 4127 3162 4170 ac
3198 4113 3412 4170 iterum
3440 4128 3454 4172 :
3493 4108 3719 4170 Cuime

2081 4196 2516 4261 assimilastis?
2558 4198 2765 4277 inquit
2792 4197 3082 4259 Dominus
3113 4205 3180 4275 °,°
3211 4209 3271 4259 et
3298 4215 3547 4259 rursus:
3582 4196 3719 4276 Ego

2083 4289 2340 4351 visiones
2362 4285 2786 4365 multiplicavi,
2802 4294 2859 4347 et
2888 4287 2953 4347 in
2980 4286 3261 4349 manibus
3278 4287 3718 4367 prophetarum

2082 4376 2458 4440 assimilatas
2474 4368 2605 4453 fui‘
2621 4399 2635 4452 ;
2668 4374 2728 4437 id
2753 4382 2862 4451 est,
2882 4374 3042 4437 idem
3067 4394 3173 4455 ego
3199 4375 3343 4436 mihi
3367 4375 3504 4457 ipsi,
3526 4376 3723 4439 utIre-

350 4469 536 4546 οὐδενὶ,
598 4468 846 4548 δωρεῖται
905 4468 1002 4533 τὴν
1053 4465 1346 4542 ὁμοιότητα
1382 4478 1497 4528 τοϊς
1548 4462 1633 4521 ἐπ’
1665 4464 1820 4521 αὐτὸν
1876 4465 1989 4522 ἐπι-

2084 4485 2246 4527 nzeus
2280 4465 2423 4526 dicit
2452 4465 2509 4524 in
2540 4462 2713 4525 libris
2759 4462 2985 4527 Contra
3014 4465 3296 4528 hereses.
3332 4466 3479 4534 Cum
3524 4471 3721 4527 autem

349 4560 741 4639 στρεφομένοις.
791 4564 963 4633 Πῶς;
1026 4557 1174 4615 Κατά
1230 4556 1458 4633 μίμησιν
1512 4555 1611 4623 τὴν
1656 4555 1792 4611 κατὰ
1843 4552 1989 4612 δύνα-

2078 4574 2194 4617 non
2224 4555 2300 4616 sit
2329 4553 2543 4615 similis
2573 4552 2701 4629 ulli,
2738 4552 3184 4616 similitudinem
3219 4556 3291 4617 ad
3321 4572 3386 4617 se
3420 4554 3723 4616 conversis

348 4672 440 4724 μιν
499 4649 606 4706 τῶν
661 4649 814 4705 θείων
862 4649 1078 4704 ὶκείνων
1135 4646 1223 4702 καί
1281 4646 1410 4724 ὑπὲρ
1465 4646 1641 4702 πάντα
1710 4643 1832 4723 ὅρον
1903 4645 1989 4701 καὶ

2077 4642 2386 4721 elargitur.
2435 4642 2785 4716 Quomodo?
2835 4640 3178 4705 Secundum
3224 4644 3617 4706 imitationem
3664 4650 3725 4703 et

349 4738 509 4817 λόγον
560 4737 934 4817 ὑπαρχόντων,
1002 4735 1137 4792 κατὰ
1199 4735 1283 4809 τὸ,
1343 4736 1551 4791 Γίνεσθε
1609 4732 1828 4791 τέλειοι.
1880 4734 1988 4792 καὶ.

2077 4733 2350 4795 virtutem
2374 4732 2623 4793 istarum
2648 4749 2850 4794 rerum
2883 4731 3223 4794 divinarum
3259 4750 3390 4811 quae
3421 4732 3715 4794 rationem

346 4830 552 4884 Γίνεσθε
607 4826 928 4905 οἰκτίρμονες
985 4827 1060 4889 ὡς
1118 4826 1145 4880 ὁ
1202 4824 1386 4903 Πατὴρ
1430 4826 1578 4898 ὑμῶν
1639 4822 1667 4878 ὁ
1732 4823 1989 4901 οὖράνιοςσ

349 4916 481 4997 ἂπερ
537 4917 623 4972 ἐπὶ
682 4923 811 4973 Θεοῦ
872 4915 970 4992 μὲν
1025 4914 1217 4993 κυρίως
1273 4915 1363 4970 καὶ
1419 4914 1549 4991 ὑπὲρ
1604 4911 1779 4969 πάντα
1836 4910 1996 4989 λόγον

351 5009 438 5064 καὶ
468 5007 611 5085 ὃρονο
658 5002 785 5067 ,οὑδὲ
841 5006 940 5083 γὰρ
993 5005 1151 5061 τόσον
1198 5003 1236 5072 ἢ
1288 5003 1444 5060 τόσον
1502 5002 1641 5058 ἐστὶν
1678 4999 1762 5058 ἐπ’
1816 5000 1999 5074 ἐκείνῳ

349 5097 412 5152 τὸ
441 5095 708 5175 οἷκτίρμον
738 5092 773 5161 ἢ
829 5095 891 5149 τὸ
920 5091 1145 5155 τέλειον.
1207 5091 1309 5149 ἀλλ
1375 5090 1766 5170 ἀπεριόριστον·
1801 5090 1884 5147 ἐπὶ
1943 5087 1999 5145 δὲ

348 5190 455 5242 τῶν
513 5183 820 5259 κτισμάτων
881 5183 1017 5238 κατὰ
1070 5182 1171 5250 τὴν
1229 5182 1452 5241 ἑκάστου
1507 5178 1741 5248 σπουδὴν
1768 5180 1855 5236 καὶ
1906 5176 1998 5235 δύ-

350 5294 529 5350 ναμιν.
592 5273 669 5331 Τὰ
726 5280 852 5350 γοῦν
885 5270 1229 5349 παραγόμενα
1282 5270 1472 5348 ῥητέον
1503 5269 1663 5345 ὅμοια
1713 5274 1850 5343 Θεῷ,
1898 5269 1998 5326 αὒ-

350 5375 467 5427 τοϊς
506 5360 560 5418 δὲ
591 5364 681 5420 τὸν
740 5362 873 5417 Θεὸν
901 5363 1089 5436 ὸμοιον
1118 5361 1178 5416 οὒ
1226 5359 1439 5437 ῥητέἅν,
1470 5357 1554 5415 ὅτι
1586 5356 1702 5415 οὑδὲ
1732 5361 1760 5416 ὁ
1791 5359 1998 5438 ἅνθρω-

352 5474 450 5516 πος
502 5450 686 5528 ὅμοιος
714 5450 783 5526 τῄ
835 5451 996 5505 εἶκονι
1042 5452 1225 5528 αὐτοῦ,
1257 5451 1292 5517 ἡ
1330 5448 1386 5504 δὲ
1418 5449 1572 5505 εἰκὼν
1609 5449 1768 5524 ὁμοία
1799 5455 1875 5523 τῷ
1903 5449 1996 5506 ἆν-

350 5541 563 5621 θρώπῳ.
624 5537 745 5598 Ἐπὶ
786 5540 887 5617 γὰρ
940 5543 1046 5595 τῶν
1097 5540 1378 5616 ὁμοταγῶν
1410 5538 1496 5595 καὶ
1542 5538 1826 5618 ὁμοφύλων
1887 5536 1997 5595 Πέ-

431 5724 463 5771 ει
494 5723 652 5790 Psal.
682 5739 905 5801 Lxxxv,
936 5724 998 5789 7.
1086 5743 1111 5775 ε
1142 5724 1280 5788 Isai.
1310 5739 1467 5802 XLVI,
1500 5727 1557 5787 ὅ.

1641 5726 1664 5771 ί
1689 5723 1830 5792 Ose.
1863 5741 1973 5801 xu,
2010 5723 2110 5790 10.

2075 4840 2316 4883 omnem
2350 4819 2795 4900 terminumque
2809 4822 3124 4895 excedunt,
3129 4823 3297 4902 juxta
3310 4821 3452 4890 illud
3472 4844 3485 4881 :
3517 4822 3724 4884 Estote

2077 4912 2334 4993 perfecti
2349 4916 2413 4986 l3;
2437 4918 2495 4972 et
2520 4930 2534 4973 :
2556 4910 2767 4973 Eslote
2787 4912 3219 4974 misericordes
3238 4913 3397 4975 sicut
3421 4911 3611 4974 Pater
3630 4928 3726 4974 re-

2079 5008 2204 5062 ster
2222 5002 2477 5064 ccclesiis
2501 4994 2548 5064 ¹¹.
2588 5001 2732 5072 Quae
2763 5001 2823 5061 in
2857 5002 2978 5063 Deo
3010 5001 3251 5081 quidem
3281 5005 3520 5082 proprie
3547 5009 3605 5063 et
3627 5018 3730 5063 suo

2081 5108 2187 5170 pra
2206 5106 2445 5152 omnem
2479 5089 2803 5153 terminum
2829 5097 2888 5151 et
2916 5090 3236 5164 rationem;
3260 5108 3378 5151 non
3402 5090 3559 5152 enim
3585 5098 3721 5153 tan-

2084 5187 2207 5240 tum
2229 5180 2316 5241 vel
2345 5186 2573 5241 tantum
2597 5178 2659 5239 in
2683 5178 2786 5240 illo
2812 5187 2904 5240 est
2923 5178 3340 5242 misericordia
3361 5180 3452 5242 vel
3485 5181 3741 5260 perfec-.

2082 5268 2185 5344 tio,
2219 5267 2326 5331 sed
2367 5266 2637 5342 inﬁnita;
2683 5267 2746 5329 in
2793 5268 3083 5331 creaturis
3111 5286 3249 5331 vero
3297 5286 3404 5349 pro
3436 5270 3727 5349 cujusque

2081 5356 2274 5420 studio
2300 5363 2361 5418 et
2382 5356 2681 5420 facultate.
2713 5355 2852 5428 Haec
2882 5356 3080 5438 itaque
3114 5375 3246 5438 quas
3272 5357 3527 5419 adducta
3563 5364 3723 5439 sunt,

2080 5445 2333 5508 dicenda
2372 5453 2508 5507 sunt
2553 5444 2675 5507 Deo
2730 5444 2973 5520 similia,
3021 5464 3140 5507 non
3173 5453 3371 5507 autem
3402 5445 3478 5506 iis
3508 5445 3724 5507 similis

2080 5534 2370 5599 dicendus
2398 5543 2487 5598 est
2515 5536 2714 5617 Deus;
2753 5533 3036 5616 quoniam
3068 5550 3261 5615 neque
3290 5533 3469 5597 homo
3500 5533 3717 5599 similis

2195 5740 2225 5788 ε
2250 5724 2452 5791 Matth.
2483 5740 2543 5803 ν,
2575 5723 2677 5792 48.
2764 5725 2792 5769 ιι
2818 5723 2967 5789 Luc.
2998 5730 3081 5802 v1,
3116 5720 3215 5791 36.
