4134 6156
465 325 573 401 93f
1621 335 1684 404 s.
1737 325 2079 402 DIONYSII
2120 337 2650 408 AREOPAGITE.
3729 346 3849 423 932

468 479 565 571 est
589 471 1002 571 imagini-suae,
1039 471 1140 571 sed
1175 473 1368 571 imago
1394 473 1610 571 similis
1631 483 1722 536 est
1745 472 2087 571 homini._§i

2199 498 2321 554 τρου
2377 481 2543 558 τυχὸν
2604 483 2699 537 καῖ
2763 483 2988 564 Παύλου,
3058 485 3274 544 δυνατὸν
3344 489 3705 571 ἆντιστρέφειν
3785 486 3846 548 τὸ

469 561 707 658 quidem
732 561 790 622 in
817 561 891 624 iis
914 561 1336 658 quat‘ejusdem
1361 563 1588 658 ordinis
1618 572 1675 626 et
1695 562 1952 658 aequalia
1975 563 2093 658 ιρι

2198 565 2405 648 ὅμοιον,
2431 571 2518 625 καὶ
2547 576 2900 649 προηγεῖσθαι
2930 561 3144 656 θάτερον
3172 577 3412 658 θατέρου.

464 663 623 734 sunt,
659 655 857 726 Petro,
894 654 1064 716 verhi
1095 654 1303 732 gratia,
1339 664 1398 716 et
1425 654 1629 735 Paulo,
1667 665 1862 736 potest
1897 655 2112 716 simili-

466 743 610 806 tudo
639 744 1026 825 reciprocari,
1057 744 1404 806 alterutrum
1431 745 1697 807 alterutri
1736 744 2028 824 praeferri.

544 832 574 912 §
607 831 732 898 VII.
767 831 835 894 In
868 850 1043 896 causa
1075 851 1212 894 vero
1246 832 1316 894 ad
1352 832 1592 896 effectus
1620 851 1990 915 nequaquam
2010 833 2093 896 ad

2277 833 2306 913 ᾗ
2355 833 2479 898 VII.
2535 837 2655 894 Ἐπὶ
2710 838 2764 896 δὲ
2800 840 2890 898 τοῦ
2949 843 3110 901 αἰτίου
3142 848 3236 902 καί
3289 848 3395 903 τῶν
3448 850 3699 906 αἰτιατῶν
3750 851 3849 908 οὑκ

465 921 1121 1013 mittemusistinsmodi
1142 922 1697 1013 reciprocationem,
1737 923 1841 984 sed
1884 923 2093 1013 eercti:

2194 923 2552 1001 ἀποδεξόμεθα
2610 929 2710 994 τὴν
2767 932 3134 1013 ὰιτιστροορὴν,
3181 933 3316 993 ἄλλα
3372 937 3437 992 τὰ
3475 936 3573 1011 μὲν
3634 941 3844 996 αἰτιατᾶ

465 1011 707 1095 quidem
739 1010 934 1072 causis
965 1028 1096 1071 esse
1141 1009 1393 1084 similes,
1429 1029 1666 1074 causam
1711 1030 1850 1073 vero
1883 1012 2093 1074 effecti:

2193 1012 2353 1087 ὅμοια
2411 1021 2485 1089 τῷ
2548 1018 2696 1090 αἰτίῷ
2739 1017 3010 1099 εἴποιμεν,
3043 1023 3104 1077 τὸ
3155 1020 3208 1077 δέ
3265 1021 3439 1080 αἴτιον
3495 1027 3599 1104 οὐχ
3655 1026 3844 1102 ὅμοιον

467 1091 724 1165 similem
752 1117 1120 1187 nequaquam
1141 1099 1418 1176 dicimus;
1440 1101 1573 1182 quia
1593 1120 1710 1162 non
1733 1111 1823 1162 est
1845 1100 2086 1182 aequalis

2193 1118 2312 1164 τοῖς
2345 1103 2640 1168 αἴτιατοϊς·
2685 1105 2798 1163 οὐδὲ
2861 1111 2960 1187 γὰρ
2991 1109 3238 1185 ἐξισάζει,
3301 1111 3422 1168 ἀλλ’
3477 1091 3769 1173 ἐπὶϋπλέον
3813 1121 3840 1175 6

463 1191 570 1254 sed
594 1189 789 1281 major
802 1197 892 1250 est
916 1186 1018 1266 qui
1042 1187 1140 1281 dat
1161 1206 1338 1281 quam
1366 1206 1496 1268 quae
1517 1189 1917 1281 participant:
1945 1189 2093 1251 Deus

2192 1190 2360 1256 διδοὺς
2420 1199 2524 1249 τῶν
2576 1186 2940 1277 μετεχόντων
2977 1198 3108 1260 ἐστί,
3183 1207 3322 1257 Πᾱσι
3377 1203 3476 1281 γὰρ
3536 1211 3627 1262 τοῦ
3694 1207 3836 1263 εἶναι

461 1298 607 1343 vero
633 1279 898 1340 omnium
923 1276 1119 1356 quoad
1141 1276 1446 1338 entitatem
1481 1279 1762 1340 similium
1787 1297 1968 1341 causa
1989 1287 2093 1350 est,

2189 1282 2391 1356 ὁμοίοις
2451 1282 2627 1349 αἴτιος
2659 1289 2686 1341 6
2717 1276 2870 1359 Θεὸς,
2907 1289 2993 1346 καὶ
3026 1289 3187 1358 αὐτῆς
3218 1292 3315 1359 τῆς
3381 1276 3836 1368 αὑτοομοιότητος

463 1379 523 1460 et
553 1368 739 1460 ipsius
769 1383 876 1460 per
903 1385 966 1428 se
998 1365 1406 1460 similitudinis
1443 1367 1706 1460 effector.
1749 1367 1913 1430 Solet
1943 1367 2093 1460 enim

2187 1369 2512 1440 ὑποστάτης.
2573 1373 2742 1440 ’Ἓθος
2773 1377 2872 1454 γὰρ
2927 1383 3004 1450 τῷ
3049 1382 3210 1459 Πατρὶ
3261 1383 3352 1437 τὸν
3384 1384 3514 1438 Θεὸν
3544 1365 3721 1460 λέγειν
3749 1387 3838 1440 καὶ

462 1458 561 1520 hic
582 1456 756 1519 Pater
785 1457 973 1519 Deum
1005 1455 1208 1547 dicere
1234 1455 1293 1516 id
1321 1456 1476 1537 quod
1503 1475 1609 1536 per
1637 1475 1702 1519 se
1735 1465 1850 1531 est,
1885 1462 1947 1520 et
1975 1459 2093 1538 ejus

2189 1461 2401 1536 αὑτοὸν,
2438 1463 2525 1518 καὶ
2566 1471 2658 1519 τοῦ
2717 1465 2982 1523 αὑτοεϊναι
3039 1469 3365 1544 ὑποστάτην,
3399 1473 3485 1528 καὶ
3544 1472 3837 1547 αὖτοζωὴν,

461 1547 620 1628 quod
656 1563 762 1627 per
790 1563 854 1606 se
887 1552 978 1607 est
1004 1544 1402 1621 conditorem,
1436 1553 1495 1607 et
1540 1564 1648 1626 per
1692 1564 1757 1608 se
1809 1547 2008 1624 vitam,
2049 1561 2093 1608 ei

2189 1553 2275 1607 καὶ
2332 1551 2428 1619 τῆς
2474 1555 2744 1624 αὖτοζωῆς
2798 1555 3124 1624 ὑποστάτην.
3157 1560 3300 1625 Φησὶ
3331 1557 3385 1614 δὲ
3416 1567 3599 1640 ταῦτα,
3633 1563 3736 1643 οὐχ
3767 1565 3840 1626 ὡς

466 1655 575 1718 per
605 1654 668 1697 se
697 1635 826 1697 vita;
846 1645 1202 1698 creatorem.
1231 1634 1369 1696 Haec
1393 1641 1590 1696 autem
1614 1635 1779 1711 dicit,
1807 1655 1922 1697 non
1949 1637 2093 1715 quod

2190 1639 2367 1718 ἑτέραν
2425 1642 2521 1717 μὲν
2565 1644 2780 1722 φάσκων
2813 1647 2955 1715 ζωὴν
3021 1647 3178 1704 αὑτὸν
3212 1649 3302 1704 τὸν
3360 1652 3513 1725 Θεὸν,
3553 1634 3736 1729 ἑτέραν
3787 1651 3842 1708 δὲ

461 1726 620 1788 dicat
643 1725 825 1786 Deum
848 1723 1138 1786 diversam
1160 1723 1401 1804 quidem
1426 1743 1557 1786 esse
1582 1723 1781 1804 vitam,
1813 1743 1881 1786 ac
1906 1726 2093 1788 diver-

2189 1733 2464 1808 παρῆχθαι
2517 1732 2660 1800 ζωὴν
2704 1732 2933 1800 οὖσιώδη
2988 1737 3078 1790 καὶ
3129 1737 3284 1792 οἱονεὶ
3337 1723 3693 1797 ἐνυπόστατὸν
3724 1743 3844 1818 περὶ

461 1835 587 1878 sam
621 1815 695 1877 ab
727 1834 797 1876 eo
831 1814 1004 1876 vitam
1039 1813 1418 1875 essentialem
1453 1814 1636 1876 fuisse
1670 1815 2017 1896 productam
2048 1824 2093 1877 el

2188 1821 2277 1876 τὸν
2329 1821 2480 1894 Θεὸν,
2513 1821 2580 1886 ἧς
2643 1823 2864 1900 μετέχει
2923 1823 2990 1880 τὰ
3033 1830 3175 1894 ζωῆς
3227 1825 3549 1907 μετέχοντι·
3596 1827 3718 1885 ἀλλ’
3769 1813 3841 1895 ὧς

463 1907 630 1988 quasi
657 1904 1077 1998 subsistentem
1113 1905 1171 1964 in
1216 1903 1365 1998 Deo,
1413 1922 1590 1998 quam
1647 1904 2093 1998 participentet

2192 1911 2346 1972 αὑτὸς
2400 1911 2585 1968 ἑαυτὸν
2642 1911 2916 1986 ὲρμηνεύει
2974 1914 3026 1969 ἐν
3095 1919 3172 1988 τῷ
3231 1914 3492 1990 ἑνδεκάνῷ
3542 1920 3837 1998 κεφαλαίῳ,

461 2014 594 2076 quae
632 1993 811 2055 vitam
847 1993 1229 2086 participant;
1266 1994 1392 2065 sed,
1430 1992 1584 2086 sicut
1606 1992 1874 2086 seipsum
1912 1994 2093 2075 expli-

2192 2000 2431 2070 αὑτοζωὴ
2491 2003 2576 2057 καὶ
2637 2000 2977 2078 αὑτοδύναμις
3033 2003 3129 2060 καί
3188 2006 3574 2080 αὑτοομοιότης
3623 2008 3838 2086 λέγεται

463 2093 557 2148 cat
577 2085 769 2163 capite
792 2081 1135 2171 undecimo,
1165 2081 1320 2143 Deus
1353 2081 1570 2171 dicitur
1603 2082 1729 2163 ipsa
1761 2083 1898 2164 vita,
1931 2091 2093 2165 atque

2191 2092 2218 2145 6
2253 2091 2403 2163 Θεὸς,
2440 2092 2512 2155 ὡς
2570 2091 2810 2169 ἅργικῶς
2837 2092 2992 2150 τοῦτο
3047 2093 3120 2151 ὢν
3151 2097 3236 2151 καὶ
3291 2099 3508 2171 θεΐκῶς,
3541 2098 3628 2152 καί
3658 2101 3837 2156 αἰτια-

462 2174 598 2255 ipsa
627 2171 832 2245 virtus,
884 2179 1062 2250 atque
1106 2170 1236 2251 ipsa
1264 2170 1646 2260 rsimilitudo,
1686 2183 1960 2253 tanquam
1996 2173 2093 2235 hoc

2191 2185 2320 2244 τῶς⁶
2382 2190 2543 2238 ταῦτα
2575 2181 2674 2260 γὰρ
2733 2183 2888 2246 αὑτὸς
2937 2189 3015 2256 τῷ
3042 2184 3152 2240 ὄντι
3184 2185 3315 2249 ἐστί,
3351 2191 3460 2254 Τῆς
3492 2170 3576 2244 νδὲ
3634 2191 3833 2246 αὖτοο-
3871 2245 3882 2252 ,

463 2263 726 2325 existens
765 2277 870 2340 per
913 2260 1152 2320 modum
1186 2259 1486 2339 principii,
1523 2268 1580 2322 et
1624 2269 1686 2322 ut
1735 2263 1910 2338 Deus,
1951 2271 2010 2326 et
2044 2272 2093 2324 ul

2192 2260 2478 2335 μοιότητός
2549 2259 2689 2318 ἐστιν
2751 2264 3078 2338 ὑποστάτης,
3124 2267 3212 2322 καὶ
3271 2273 3378 2323 τῶν
3433 2271 3707 2342 τοιούτων,
3756 2273 3834 2334 ὡς

460 2369 640 2414 causa
687 2371 701 2414 :
753 2351 880 2411 haec
931 2349 1086 2410 enim
1140 2348 1268 2430 ipse
1310 2349 1506 2430 reipsa
1537 2357 1650 2413 est.
1682 2351 1878 2432 Ipsius
1909 2361 2093 2414 autem

2191 2353 2478 2426 μεθεκτῶς,
2508 2353 2691 2415 αὐτοῖς
2751 2365 2870 2414 τοῖς
2900 2353 3124 2431 πρώτως
3157 2355 3211 2410 ἐν
3265 2369 3383 2420 τοῖς
3415 2359 3529 2416 οὖσι
3587 2365 3686 2426 τῆς
3715 2358 3831 2416 δω-

460 2439 866 2504 similitudinis
897 2445 956 2500 et
984 2437 1268 2500 similium
1307 2440 1579 2502 conditor
1612 2448 1725 2521 est,
1777 2450 1841 2504 ut
1869 2442 1972 2522 qui
2003 2460 2093 2504 re-

2188 2445 2308 2518 ρεᾶς
2339 2439 2532 2507 ταύτης
2587 2441 2875 2520 μετέχουσι
2935 2449 3214 2522 χορηγῶν·
3267 2447 3438 2504 πάντα
3480 2449 3579 2527 γὰρ
3623 2451 3833 2512 οἰκείως

461 2529 576 2594 bus
607 2531 828 2592 donum
875 2529 988 2590 hoc
1039 2529 1321 2608 primario
1370 2529 1881 2611 participantibus,
1937 2539 1997 2592 ut
2040 2531 2093 2592 id

2187 2531 2398 2593 ἑαυτοῖς
2457 2530 2676 2609 μετέχει
2735 2531 2841 2587 τῶν
2901 2533 3179 2606 τοιούτων,
3227 2537 3277 2591 αἱ
3314 2536 3412 2609 μὲν
3469 2539 3696 2616 πρῶται·
3745 2542 3837 2595 καὶ

461 2619 658 2701 ipsum
679 2617 1060 2698 participem,
1085 2618 1366 2707 elargitur
1391 2635 1404 2680 :
1433 2617 1726 2698 siquidem
1760 2624 1962 2680 omnia
1995 2637 2093 2699 pro

2186 2617 2494 2697 ὑπέρταται,
2531 2619 2800 2699 ἅρχικῶς,
2835 2621 2900 2676 τὰ
2929 2621 2983 2677 δὲ
3015 2620 3159 2696 ἐξῆς,
3193 2623 3546 2689 ὀποϐατικῶς.
3581 2628 3652 2685 Οὑ
3695 2641 3837 2707 χεῖ-

459 2719 634 2791 captu
665 2726 774 2770 suo
805 2707 942 2769 talia
974 2705 1344 2786 participant,
1388 2708 1579 2788 prima
1611 2707 1852 2788 quidem
1885 2727 2093 2788 supre-

2186 2730 2274 2778 ρον
2339 2706 2392 2763 δὲ
2449 2710 2641 2782 εἰπεῖν,
2707 2708 2786 2765 ὅτι
2851 2713 2938 2765 καὶ
2999 2710 3154 2770 αὑτοῦ
3210 2720 3301 2770 τοῦ
3349 2705 3840 2794 παραδειγματικοῦ

458 2816 578 2879 ma,
606 2816 711 2878 per
737 2799 977 2859 modum
1007 2795 1305 2876 principii,
1327 2805 1540 2858 caetera
1569 2815 1705 2859 vero
1729 2815 2093 2874 consequen-

2186 2803 2281 2864 τῆς
2339 2798 2654 2871 ὁμοιότητος
2686 2797 2846 2876 λόγου
2903 2801 3203 2868 ὑποστάτης
3259 2803 3397 2860 ἐστὶν
3429 2807 3455 2860 6
3488 2808 3640 2874 Θεὸς,
3675 2807 3750 2870 ὡς
3783 2807 3839 2862 ἐν

454 2895 546 2950 ter
578 2887 844 2949 inferiori
875 2884 1082 2964 gradu.
1117 2887 1247 2948 Non
1281 2903 1454 2946 secus
1477 2905 1612 2947 vero
1635 2886 1956 2947 dicendum
1987 2895 2093 2968 est,

2187 2887 2356 2961 ἑαυτῷ
2405 2886 2548 2966 ἔχων
2608 2889 2687 2944 ἀεὶ
2745 2889 2865 2952 τοὺς
2924 2889 3114 2968 λόγους
3166 2896 3373 2948 πύντων
3423 2895 3675 2973 ἆνάρχως
3732 2896 3834 2952 καί

453 2978 646 3040 Deum
674 2993 910 3055 quoque
933 2993 1066 3035 esse
1084 2973 1452 3034 conditorem
1475 2975 1724 3036 rationis
1747 2975 2093 3054 exemplaris

2186 2978 2390 3039 ἐνιαίως
2453 2979 2882 3056 προϋφεστῶτας,
2927 2981 3011 3044 οὒς
3055 2982 3142 3037 καὶ
3202 2986 3556 3061 προορισμοῦς
3617 2984 3832 3063 προλα-

455 3064 884 3138 similitudinis,
919 3071 982 3126 ut
1012 3063 1111 3143 qui
1144 3062 1204 3124 in
1235 3081 1300 3124 se
1347 3063 1477 3124 sine
1521 3063 1814 3144 principio
1847 3070 1904 3125 et
1936 3063 2093 3126 unite

2186 3064 2290 3123 ϐὼν
2335 3065 2544 3144 εἴρηκε.
2608 3070 2770 3124 Τοῦτο
2820 3075 2943 3146 γοῦν
2997 3071 3058 3124 τὸ
3103 3071 3157 3125 έν
3213 3078 3369 3129 πᾶσιν
3417 3072 3596 3146 ὅμοιον
3732 3081 3841 3130 τῶν

454 3172 696 3235 semper
725 3152 946 3215 habeat
973 3169 1173 3214 rerum
1207 3152 1474 3213 omnium
1508 3153 1764 3214 rationes
1808 3162 2093 3233 praeexis-

2186 3157 2320 3216 ὅλων
2372 3157 2580 3232 ἑνότης,
2617 3167 2708 3216 τοῦ
2767 3159 2898 3214 κατὰ
2927 3159 2992 3215 τὰ
3023 3161 3154 3218 αὑτὰ
3182 3163 3268 3218 καὶ
3323 3163 3575 3226 ὡσαύτως
3607 3163 3838 3244 ἔχοντος

457 3254 670 3319 tentes,
704 3261 852 3320 quas
885 3251 942 3304 et
975 3240 1475 3322 praedefiniliones
1506 3241 1785 3323 superius
1826 3243 2093 3324 appella-

2186 3247 2424 3326 μετέχει,
2475 3248 2611 3302 κατὰ
2662 3247 2940 3322 μετούσίαν
3011 3256 3103 3320 τοῦ
3161 3253 3371 3329 πρώτου
3431 3240 3836 3313 αἰτίουίντυῠτο

452 3336 562 3400 vit.
584 3333 690 3397 Illa
711 3333 886 3412 igitur
909 3333 1172 3394 omnium
1197 3329 1546 3412 similitudo,
1568 3351 1701 3409 quae
1722 3340 1810 3393 est
1827 3333 2091 3394 omnium

2186 3339 2278 3415 γάρ
2309 3336 2418 3392 ἐστι
2475 3337 2536 3390 τὸ
2569 3334 2714 3415 ἴχνει
2771 3337 2871 3392 τινὶ
2901 3338 3059 3394 οἱονεὶ
3117 3340 3389 3411 μετουσίᾳ.
3426 3348 3588 3398 Τοῦτο
3615 3349 3740 3418 γοῦν
3772 3344 3836 3398 τὰ

454 3431 672 3506 unitas,
705 3440 813 3504 per
841 3421 1356 3503 participationem
1390 3421 1594 3500 primae
1635 3439 1850 3497 causa},
1895 3421 1952 3483 id
2006 3429 2093 3485 est

2186 3427 2314 3482 κατὰ
2365 3425 2430 3480 τὰ
2460 3425 2590 3483 αὐτὰ
2641 3425 2728 3481 καὶ
2766 3425 3013 3488 ὡσαύτως
3060 3425 3188 3505 ἕχον
3240 3429 3410 3503 ἐαυτῷ
3435 3430 3642 3503 ὅμοιον,
3699 3432 3832 3488 ἀνὸ-

455 3513 627 3596 quasi
671 3512 916 3592 vestigio
967 3510 1221 3593 quodam
1257 3511 1749 3590 participationis,
1785 3513 2093 3592 participat

2186 3538 2352 3588 αοιον,
2387 3515 2621 3578 καὶτοῖς
2673 3520 2830 3571 πᾶσιν
2888 3516 3208 3574 ἀσύντακτον
3251 3517 3286 3584 ἡ
3333 3520 3443 3574 θεία
3499 3522 3678 3599 Γραφή
3725 3544 3835 3600 φη-

452 3604 601 3667 illud
619 3603 780 3680 quod
803 3601 1130 3663 secundum
1158 3602 1366 3662 eadem
1389 3610 1450 3662 et
1470 3601 1681 3663 eodem
1705 3601 1882 3663 modo
1905 3620 1968 3663 se
1993 3605 2093 3662 ha-

2186 3627 2282 3682 τιν,
2331 3604 2436 3661 Οὑκ
2497 3602 2637 3659 ἔστιν
2687 3605 2871 3679 ὅμοιός
2928 3627 3010 3662 σοι
3056 3607 3110 3662 ἐν
3159 3610 3326 3680 θεοῖς,
3364 3609 3517 3686 Κύριε
3573 3608 3827 3688 λέγουσα.

456 3693 579 3756 bet.
613 3693 739 3755 Hoc
767 3691 966 3770 itaque
997 3689 1217 3769 simile,
1248 3689 1410 3766 quod
1441 3690 1770 3752 secundum
1803 3690 2015 3753 eadem
2039 3699 2098 3752 et

456 3782 670 3847 eodem
719 3779 896 3842 modo
940 3795 1002 3840 se
1052 3777 1254 3858 habet,
1303 3778 1593 3840 dissimile
1631 3788 1744 3860 est,
1777 3797 2098 3860 rerumque

457 3872 730 3935 omnium
761 3867 1254 3949 compositionem
1287 3867 1534 3948 respuit,
1561 3868 1645 3931 uti
1671 3877 1916 3931 testatur
1944 3868 2101 3933 Scri-

457 3969 632 4044 ptura
652 3960 881 4023 dicens:
909 3958 1044 4022 Non
1067 3964 1153 4020 est
1176 3957 1398 4019 similis
1422 3958 1534 4020 tibi
1558 3953 2098 4034 indiis,Domine‘.

456 4051 587 4114 Non
611 4061 702 4114 est
730 4049 935 4129 utique
961 4047 1072 4109 hoc
1107 4047 1469 4108 contrarium
1495 4047 1566 4108 iis
1599 4066 1730 4129 quae
1759 4047 1918 4111 dicta
1938 4056 2096 4126 sunt,

453 4159 587 4204 cum
610 4137 1106 4212 diximus,omnia
1127 4135 1248 4198 Deo
1273 4155 1406 4199 esse
1427 4137 1663 4213 similia,
1687 4139 1873 4202 Deum
1898 4148 2095 4201 autem

2179 3693 2286 3752 Οὔκ
2331 3693 2441 3748 ἔστι
2475 3699 2600 3772 γοῦν
2652 3693 2885 3750 ἐναντίον
2945 3702 3097 3753 τοῦτο
3141 3711 3258 3761 τοῖς
3311 3698 3704 3776 προρρηθεῖσιν,
3738 3699 3828 3756 ὅτε

2181 3781 2434 3861 ἐλέγομεν
2494 3783 2558 3838 τὰ
2601 3782 2774 3840 πάντα
2804 3782 2962 3859 ὅμοια
3017 3791 3095 3859 τῷ
3139 3787 3274 3861 Θεῷ,
3312 3789 3372 3844 οὗ
3400 3790 3508 3863 μὴν
3539 3787 3592 3844 δὲ
3635 3791 3662 3845 6
3696 3791 3827 3852 Θεὸς

2183 3873 2388 3936 τούτοις
2423 3869 2629 3945 ὅμοιος·
2696 3872 2756 3931 τὰ
2815 3874 2912 3952 γὰρ
2957 3877 3088 3932 αὐτὰ
3144 3877 3232 3933 καὶ
3265 3874 3425 3951 ὅμοια
3469 3883 3544 3951 τῷ
3573 3886 3686 3952 Θεῳ
3730 3880 3826 3935 καί

2184 3959 2434 4036 ἀνόμοια·
2467 3963 2526 4017 τὸ
2583 3963 2702 4041 μὲν,
2736 3963 2872 4021 κατὰ
2926 3964 3024 4031 τὴν
3069 3963 3428 4044 ἐνδεχομένην
3486 3967 3736 4046 μίμησιν,
3771 3969 3832 4024 οὗ

2183 4051 2282 4130 γὰρ
2338 4049 2550 4116 τελείως
2611 4052 2644 4118 ἡ
2673 4052 2924 4126 μίμησις·
2987 4055 3046 4109 τὸ
3085 4052 3162 4134 δὲ,
3199 4056 3278 4111 ὃτι
3323 4055 3534 4133 μέτροις
3592 4057 3832 4134 ἀπείροις

2181 4140 2270 4194 καί
2302 4140 2631 4217 ἀσυγκρίτοις
2665 4143 2729 4196 τὰ
2761 4142 2973 4197 αὶτιατὰ
3001 4149 3092 4198 τοῦ
3121 4143 3287 4200 αἰτίου
3317 4144 3690 4201 ἀπολείπονται
3711 4193 3722 4205 .

452 4249 573 4292 non
603 4247 734 4292 esse
765 4227 870 4290 ulli
901 4227 1154 4288 similem
1186 4226 1518 4307 ;siquidem
1553 4227 1761 4288 eadem
1795 4237 1856 4290 et
1886 4229 2102 4290 similia
2137 4238 2196 4290 et
2226 4227 2545 4289 dissimilia
2575 4237 2712 4290 sunt
2737 4227 2907 4306 Deo;
2941 4229 3084 4291 illud
3117 4232 3357 4310 quidem
3381 4233 3713 4294 secundum
3746 4233 3837 4296 in-

450 4319 670 4382 dultam
703 4318 918 4400 cuique
946 4315 1356 4390 imitationem,
1391 4335 1507 4376 non
1540 4317 1702 4378 enim
1737 4317 1994 4398 perfecta
2022 4328 2111 4381 est
2144 4317 2388 4380 imitatio
2423 4339 2439 4392 ;
2476 4318 2585 4380 hoc
2615 4337 2776 4395 vero,
2810 4321 3086 4398 quoniam
3119 4321 3369 4382 effectus
3398 4339 3432 4383 a
3453 4322 3647 4386 causis
3680 4322 3831 4383 infi-

451 4414 594 4470 nitis
623 4417 682 4471 et
712 4405 1278 4487 incomparabilibus
1302 4405 1644 4486 parasangis
1669 4407 1976 4470 deficiunt.

531 4499 560 4579 §
592 4495 741 4561 VIII.
778 4499 1009 4560 Statum
1040 4513 1109 4558 ac
1141 4494 1341 4557 sedem
1370 4511 1474 4575 pro
1496 4495 1705 4558 eodem
1731 4497 1962 4578 accipit,
1984 4514 2087 4559 re-

2251 4494 2460 4576 §VIIL
2501 4498 2692 4555 Στάσιν
2722 4500 2808 4558 καὶ
2850 4499 3097 4579 καθέδραν
3154 4502 3215 4558 τὸ
3248 4501 3374 4558 αὑτὸ
3418 4500 3657 4582 δέχεται,
3695 4504 3830 4579 πρὸς

450 4588 715 4669 spiciens
735 4586 809 4649 ad
827 4585 1190 4647 immobilem
1212 4584 1586 4647 identitatem
1607 4585 1939 4666 utriusque.
1959 4587 2096 4648 Sta-

449 4687 581 4740 tum
617 4677 776 4740 enim
829 4693 947 4737 non
999 4674 1140 4736 499
1187 4673 1324 4738 dico
1367 4673 1557 4747 illum,
1595 4694 1710 4754 quo
1742 4676 1873 4755 quis
1902 4684 2099 4737 rectus

451 4768 517 4830 fit
547 4776 855 4849 postquam
889 4765 948 4826 in
967 4764 1111 4827 sede
1134 4763 1325 4826 fuerat
1354 4763 1714 4835 incurvatus,
1737 4763 1842 4826 sed
1867 4765 2100 4828 inflexi-

449 4856 746 4920 bilitatem
785 4863 845 4918 et
876 4853 1418 4916 immutabilitatem
1441 4853 1572 4930 Dei,
1607 4853 1848 4916 ﬁrmum
1880 4863 2095 4918 statum

452 4946 797 5026 appellavit;
814 4945 965 5007 sicut
983 4945 1158 5005 etiam
1183 4942 1394 5004 sedere
1414 4946 1768 5023 perpetuam
1794 4949 1852 5005 et
1873 4942 2097 5004 incom-

451 5033 918 5116 prehensibilem
951 5033 1210 5114 quietem
1241 5031 1465 5094 habere
1498 5033 1556 5094 in
1589 5031 1714 5094 basi
1751 5033 2098 5096 innomina-

450 5124 554 5204 bili
591 5145 604 5187 :
640 5123 836 5184 omnis
865 5124 1022 5184 enim
1055 5131 1244 5184 status
1273 5140 1342 5182 ac
1374 5121 1535 5184 sedis
1585 5139 1762 5184 causa
1792 5129 1883 5185 est
1907 5122 2003 5204 iis,
2038 5123 2098 5185 in

449 5203 566 5298 quo
599 5211 800 5275 omnia
830 5212 888 5274 in
920 5209 1094 5274 bonis
1127 5211 1383 5292 propriis
1412 5210 1707 5274 custodita
1738 5203 2093 5274 consistunt.

532 5391 560 5473 §
592 5393 695 5456 1X.
731 5390 978 5466 Quando
1007 5406 1152 5452 vero
1184 5395 1360 5452 etiam
1408 5398 1629 5454 motum
1669 5388 2004 5471 reperimus
2035 5389 2097 5450 in

453 5483 579 5548 Deo
591 5481 816 5544 dictum
828 5531 844 5561 ,
853 5479 1200 5562 juxtaillud:
1218 5478 1456 5542 Iuntina
1472 5479 1737 5556 caelos,et
1749 5473 2092 5556 descende“,

531 5684 542 5719 '
575 5685 728 5749 Psal.
762 5701 979 5760 Lxxxv,
1012 5688 1072 5748 7.
1161 5686 1189 5730 ιί
1221 5682 1374 5749 Psal.
1408 5701 1546 5759 xvn,
1590 5685 1682 5746 ιο.

2180 4589 2277 4655 τῆν
2335 4587 2585 4654 ἀκίνητον
2613 4587 2911 4655 ταύτο’τητα
2966 4591 3249 4669 ἐκάστερον
3279 4590 3594 4656 ἀναπτύξας.
3629 4593 3831 4647 Στάσιν

2181 4679 2280 4755 γὰρ
2320 4679 2378 4733 οὑ
2407 4680 2504 4745 τὴν
2537 4679 2608 4743 εἷς
2667 4679 2725 4735 τό
2756 4680 2905 4756 ὀρθὸν
2957 4679 3199 4756 γενέσθαι
3229 4680 3336 4736 ἀπὸ
3394 4687 3488 4736 τοὺ⁹
3513 4681 3830 4758 συγκεκοίμ-

2181 4770 2301 4845 φθαι
2330 4772 2398 4840 τῇ
2443 4764 2663 4846 καθέδρᾳ
2695 4769 2854 4848 φημὶ,
2904 4766 3041 4826 ἀλλὰ
3071 4777 3130 4824 τὸ
3161 4767 3456 4835 ἀλλόνητον
3499 4771 3584 4826 καὶ
3613 4769 3824 4844 ἀμετά-

2181 4878 2436 4935 στρεπτον
2491 4858 2583 4914 τοῦ
2613 4864 2765 4931 Θεοῦ,
2799 4854 3013 4934 βεϐαίαν
3073 4858 3255 4914 στάσιν
3287 4857 3559 4915 ἐκάλεσενο
3594 4859 3666 4921 ὡς
3730 4863 3826 4914 καί

2180 4938 2240 4993 τὸ
2298 4936 2552 5005 καθῆσθαι
2596 4938 2658 4992 τὸ
2690 4935 2743 4994 ἐν
2803 4937 3150 5015 ἀνονομσίσπῃ
3178 4939 3329 5015 βάσει
3386 4940 3474 4995 καὶ
3531 4938 3824 4995 ἀναπαύσει

2181 5024 2405 5106 διαρκῶς
2464 5027 2550 5082 καὶ
2586 5025 2981 5096 ἆκαταλήπτως
3041 5026 3212 5107 ἔχειν’
3277 5029 3430 5090 αὐτὸς
3462 5028 3562 5105 γάρ
3593 5026 3738 5083 ἐστιν
3797 5031 3826 5084 6

2181 5122 2276 5184 τῆς
2329 5117 2540 5173 πάντων
2602 5117 2834 5179 στάσεως
2891 5119 2978 5173 καὶ
3020 5115 3169 5196 ἕδρας
3228 5115 3426 5196 αἴτιος,
3473 5116 3526 5173 ἐν
3556 5125 3602 5191 ᾦ
3652 5119 3827 5173 πάντα

2181 5206 2499 5274 συνέστηκεν
2571 5205 2623 5262 ἐν
2694 5219 2813 5272 τοῖς
2884 5206 3094 5271 οἰκείοις
3175 5208 3395 5285 ἀγαθοῖς
3469 5205 3825 5286 διαφυλαττό-

2182 5317 2314 5372 μενα
2325 5342 2339 5357 .

2258 5383 2288 5463 §
2317 5381 2416 5447 IX.
2444 5383 2630 5442 ’Ὅταν
2663 5383 2716 5440 δὲ
2741 5386 2826 5442 καὶ
2849 5386 3054 5452 κὶνησιν
3073 5384 3303 5464 εὕρωμεν
3331 5384 3416 5440 ἐπὶ
3438 5391 3569 5442 Θεοῦ
3591 5383 3826 5463 λεγομέ-

2179 5497 2273 5542 νην
2323 5473 2458 5530 κατὰ
2514 5473 2596 5550 τὸ,
2635 5472 2828 5531 Κλτνον
2887 5474 3157 5552 οὐρανοὺς,
3222 5475 3308 5531 καὶ
3365 5470 3648 5554 κατάϐηθι,
3702 5477 3824 5530 θεο-
