4134 6156
312 382 436 461 933

823 386 924 459 ne
968 384 1262 462 DIVINIS
1305 380 1754 472 NOMINIBUS,
1788 391 1952 456 CAP.
2000 374 2105 454 IX.
2159 420 2240 439 -
2282 377 2667 452 PARAPHR.
2716 376 3204 451 PACHYMEM

3573 372 3689 450 934
3704 400 3705 403 η

308 534 523 606 πρεπῶς
555 527 652 595 τὴν
686 529 892 596 κίνησιν
924 529 1269 605 ἐκλήψόμεθα
1304 549 1317 563 ⁸
1351 542 1579 585 κινεῖται
1613 527 1712 606 γὰρ
1735 525 1793 582 οὗ
1822 525 1952 585 κατᾶ

2041 524 2165 588 Deo
2189 525 2365 605 digne
2399 530 2623 586 motum
2649 522 3048 599 accipiemus;
3076 540 3193 583 non
3222 520 3382 583 enim
3415 528 3683 584 movetur

307 638 426 672 τινα
482 622 588 672 τῶν
635 615 687 682 ἐξ
737 620 879 696 παρὰ
949 617 1253 701 φιλοσοφοὶς
1327 619 1606 691 κινήσεων,
1651 615 1767 673 οὔτε
1823 617 1959 673 κατὰ

308 705 539 786 γένεσιν,
588 706 706 762 οὔτε
760 708 896 764 κατὰ
925 709 1139 787 φθορὰν,
1203 711 1322 768 οὕτε
1378 707 1512 764 κατὰ
1567 704 1806 780 αὑξησιν,
1842 703 1958 761 οὔτε

309 796 444 851 κατὰ
476 796 718 869 μείωσιν,
784 798 900 853 οὔτε
958 800 1095 855 κατὰ
1142 800 1330 878 τόπον,
1378 798 1495 854 οὔτε
1547 799 1683 855 κατὰ
1728 796 1959 854 ἀλλοίω-

306 905 415 943 σιν.
459 885 555 942 Καὶ
585 883 767 961 πάλιν,
800 885 913 943 ἐπεὶ
942 888 977 955 ἡ
1007 888 1212 955 κίνησις
1266 888 1467 967 τριχῶς
1495 888 1714 964 γίνεται,
1822 908 1959 943 κατα

307 972 541 1052 ἒύθεῐαν,
574 972 610 1041 ἢ
669 975 803 1031 κατὰ
858 974 1071 1039 κύκλον.
1130 977 1165 1046 ἢ
1200 976 1251 1043 ἐξ
1281 976 1486 1056 ἀμφοῖν
1526 974 1845 1055 ἑλικοειδῶς,
1886 978 1959 1040 ὡς

303 1063 333 1118 ὁ
375 1058 517 1140 ὄφις,
575 1063 661 1118 καὶ
729 1064 764 1131 ἡ
826 1062 881 1119 ὲν
922 1078 1039 1129 τοῖς
1096 1064 1243 1123 ὕδασι
1289 1065 1438 1146 νάυς,
1469 1063 1583 1121 ούδὲ
1607 1064 1741 1121 κατὰ
1764 1065 1958 1131 ταύτας

303 1163 558 1209 κινεῖται.
612 1149 762 1209 Ἀλλ’
817 1152 934 1210 οὐδὲ
992 1156 1181 1225 νοήτὸν
1226 1156 1434 1222 κίνησιν
1478 1168 1729 1227 κινεῖται,
1776 1168 1900 1212 οταν
1930 1157 1958 1211 ὁ

304 1238 421 1304 νοῦς
479 1240 553 1303 εἰς
589 1241 777 1297 ἑαυτὸν
809 1241 1274 1322 συνελισσόμενος,
1321 1244 1414 1301 καὶ
1473 1244 1547 1308 εἷς
1579 1245 1788 1314 νοήσεις
1818 1243 1958 1302 πολ-

304 1326 823 1408 λαπλασιαζόμενος.
886 1333 959 1391 Ού
1014 1333 1277 1414 ψυχικὴν,
1340 1346 1461 1391 οταν
1524 1346 1758 1391 κινεῖται
1804 1336 1958 1413 ψυχὴ

304 1415 649 1496 διανοουμένη
708 1441 765 1476 τε
824 1422 915 1477 καὶ
952 1419 1260 1493 δοξάζουσα.
1322 1423 1394 1481 Οὔ
1452 1423 1702 1499 ψύσιιιὴν,
1758 1423 1879 1480 οἵαν
1922 1425 1955 1492 ἡ

303 1507 456 1586 φύσις
487 1510 626 1564 κίνεϊ
660 1525 674 1541 ·
712 1509 860 1590 ἀρχὴ
911 1510 1010 1589 γὰρ
1053 1512 1313 1582 κινήσεως
1359 1514 1446 1569 καὶ
1512 1515 1735 1581 ἠρεμίας
1791 1512 1950 1572 ἐστίν.

302 1594 477 1653 Ἀλλά
518 1597 723 1665 κίνησις
777 1606 869 1657 τοῦ
899 1599 1157 1669 ἆκινὴτου
1204 1603 1455 1666 ὡσαύτως
1487 1601 1710 1681 ἔχοντες
1742 1600 1955 1680 λεγεται

302 1687 337 1753 ἡ
384 1687 457 1751 εἷς
490 1689 553 1744 τὰ
581 1688 706 1745 ὄντα
761 1689 1012 1766 βούλησις
1057 1691 1215 1750 αὐτού
1249 1712 1261 1725 ·
1296 1693 1385 1749 καὶ
1415 1694 1465 1748 αἱ
1511 1690 1725 1772 πρόοδοι
1759 1697 1851 1768 τῇς
1882 1693 1954 1757 εἷς

2040 617 2365 677 secundum
2395 613 2656 692 aliquem
2679 630 2712 673 e
2738 629 2839 672 sex
2861 610 3219 682 motibus,de
3238 608 3452 690 quibus
3483 610 3680 691 philo-

2041 704 2215 782 snphi
2240 710 2440 784 agunt,
2478 719 2671 783 neque
2702 700 3032 763 secundum
3064 699 3541 779 generationem,
3577 718 3686 762 ne-

2042 811 2157 874 que
2176 792 2506 855 secundum
2530 789 2995 870 corruptionem,
3022 805 3216 869 neque
3233 789 3558 850 secundum
3582 809 3686 851 ac-

2043 883 2598 962 cretionem,neque
2620 878 2947 942 secundum
2973 878 3688 960 immunitionem,neque

2041 972 2368 1036 secundum
2392 966 3163 1051 locum,nequesecundum
3182 966 3682 1031 immutationem.

2039 1060 2112 1124 Et
2139 1080 2543 1133 rursum,cuni
2564 1063 2760 1122 motus
2782 1057 3094 1138 tripliciter
3117 1056 3337 1132 ﬁat,vel
3354 1058 3683 1120 secundum

2041 1149 2260 1213 lineam
2319 1159 2570 1223 rectam,
2634 1147 2725 1210 vel
2784 1145 3111 1209 secundum
3146 1145 3456 1223 circulam,
3494 1148 3581 1208 vel
3614 1164 3687 1209 ex

2042 1240 2312 1321 utrisque
2334 1239 2599 1317 oblique,
2633 1242 3070 1316 sicutserpens,
3104 1241 3162 1296 et
3194 1234 3255 1295 in
3287 1238 3460 1316 aquis
3491 1237 3682 1312 navis,

2040 1347 2237 1410 neque
2265 1330 2441 1391 etiam
2474 1326 2805 1390 secundum
2839 1326 2949 1387 hos
2980 1324 3189 1386 modos
3239 1334 3526 1388 movetur.
3567 1325 3684 1390 Sed

2041 1436 2237 1495 neque
2269 1427 2429 1480 metu
2480 1415 2811 1479 intellectili
2842 1415 3050 1489 cietur,
3097 1413 3253 1477 sicut
3291 1433 3461 1477 mens
3490 1416 3551 1478 in
3582 1435 3683 1479 se-

2038 1511 2226 1588 ipsam
2243 1509 2579 1584 revolvitur,
2592 1516 2650 1569 et
2663 1506 2723 1567 in
2736 1502 3247 1567 intellectionibus
3262 1504 3687 1586 multiplicatur

2037 1596 2166 1660 Non
2190 1599 2363 1660 etiam
2397 1604 2557 1659 motu
2583 1591 3015 1677 animali,qnali
3040 1602 3307 1656 movetur
3333 1594 3683 1657 animadum

2036 1687 2311 1767 intelligit
2342 1695 2401 1750 et
2433 1683 2867 1768 Opinatur.Non
2900 1681 3172 1763 naturali,
3201 1682 3439 1761 qualem
3478 1692 3688 1748 natura

300 1774 474 1833 πάντα
527 1780 771 1856 προνοίας
822 1781 998 1855 αὐτου,
1056 1781 1109 1837 ὲν
1158 1786 1234 1854 τῷ
1264 1794 1511 1860 παρεῖναι
1544 1787 1674 1838 πᾶσι
1715 1781 1783 1849 τῆ
1816 1781 1952 1839 πάν-

2039 1776 2179 1851 ciet,
2197 1776 2475 1857 quoniam
2497 1776 2621 1836 haec
2645 1782 2737 1836 est
2759 1772 3119 1853 principium
3152 1781 3345 1835 motus
3361 1780 3419 1835 et
3442 1773 3683 1856 quietis.

302 1886 409 1922 των
454 1865 670 1948 ἇσχέτῳ
689 1869 777 1925 καὶ
807 1868 1058 1943 ἀπολύτῳ
1087 1871 1172 1927 καὶ
1199 1870 1460 1949 ἂσυναφεϊ
1490 1875 1746 1949 περιοχῇ,
1780 1871 1952 1927 ’Λπα-

2040 1862 2156 1927 Sed
2182 1874 2375 1927 motus
2406 1863 2821 1943 immobilis,et
2850 1862 3059 1924 eodem
3093 1862 3268 1924 modo
3301 1881 3366 1924 se
3387 1863 3682 1946 habentis,

301 1956 555 2033 γορεὺσας
601 1954 775 2019 δὲτὰς
836 1959 1075 2020 τοιαύτας
1136 1961 1369 2030 κινήσεις
1401 1959 1492 2016 ἐπὶ
1551 1967 1701 2034 Θεοῦ,
1751 1957 1952 2034 μᾶλλον

2041 1954 2464 2035 dicituripsius
2500 1953 2767 2015 voluntas
2809 1954 2968 2014 circa
2998 1970 3066 2013 ea
3097 1970 3226 2032 quae
3255 1960 3417 2028 sunt,
3452 1961 3511 2015 et
3541 1972 3683 2035 pro-

301 2041 356 2100 δὲ
385 2046 477 2106 τὰς
510 2047 844 2122 σωματικὰς,
875 2049 974 2119 τήν
1006 2047 1207 2123 κύκλῳ,
1271 2050 1367 2116 τὴν
1399 2050 1521 2107 κατ’
1580 2049 1815 2127 εὐθεῖαν,
1866 2044 1952 2103 καὶ

2037 2061 2276 2122 gressus
2300 2042 2692 2118 providentiae
2717 2041 2904 2120 ipsius
2931 2041 3002 2102 ad
3023 2042 3320 2122 universa,
3350 2042 3490 2104 dum
3513 2044 3688 2104 adest

302 2135 402 2201 τὴν
449 2133 736 2213 ἑλικοειδῆ,
796 2136 941 2202 ὅπως
1021 2140 1131 2217 χρὴ
1188 2142 1493 2208 θεοπρεπῶς
1553 2139 1758 2204 κίνησιν
1808 2150 1950 2194 νοεῖν

2037 2132 2314 2195 omnibus
2348 2151 2456 2212 per
2486 2131 2751 2193 omnium
2782 2129 3454 2210 incomprehensibilem
3486 2139 3544 2193 et
3572 2131 3682 2193 ab-

301 2221 393 2278 ἐπὶ
429 2230 559 2281 Θεοῦ
614 2234 909 2304 σαφηνίζει,
970 2228 1062 2293 τὰς
1106 2229 1358 2294 αἰσθητὰς
1418 2229 1472 2283 ἐν
1501 2234 1577 2284 τῶ
1608 2229 1761 2283 παντὶ
1794 2227 1945 2293 κινή-

2037 2222 2288 2285 solutam
2314 2232 2370 2284 et
2400 2221 2723 2283 intactilem
2757 2220 3551 2300 comprehensionem.Cum
3581 2239 3684 2284 ne-

298 2333 410 2375 σεις
431 2312 780 2391 ἆναγωγικῶς
826 2318 1149 2393 ἑρμηνεύων.
1212 2317 1321 2383 Τὴν
1383 2324 1504 2394 γοῦν
1560 2316 1677 2373 κατ’
1741 2318 1948 2371 εὖθεῖαδ

2037 2320 2224 2391 gasset
2280 2310 2611 2373 istiusmodi
2647 2313 2704 2371 in
2737 2312 2860 2373 Deo
2914 2315 3230 2384 motiones,
3266 2309 3520 2372 maxime
3544 2328 3682 2372 vero

296 2401 502 2467 κίνησιν
530 2409 750 2477 νοοῦμεν
797 2404 879 2461 ἐπὶ
936 2412 1090 2479 Θεοῦ,
1138 2405 1221 2461 διὰ
1282 2409 1342 2462 τὸ
1388 2408 1502 2465 εὐθὺ
1565 2408 1647 2462 καὶ
1704 2404 1945 2484 ὰιλινὲς,

2037 2410 2441 2481 εοτροινιιεε,ιιι
2470 2399 2850 2480 circularem,
2883 2408 3131 2473 rectam,
3160 2405 3220 2460 et
3248 2398 3681 2481 obliquam,de-

299 2492 385 2546 καὶ
418 2490 515 2558 τήν
547 2489 598 2556 ἐξ
630 2494 787 2549 αύτοῦ
809 2501 914 2550 τῶν
948 2494 1088 2551 ὅλων
1144 2495 1377 2573 γένεσιν,
1441 2496 1653 2551 αύτόθεν
1718 2496 1816 2572 γὰρ
1863 2498 1949 2550 καὶ

2037 2492 2215 2560 clarat
2240 2490 2537 2570 quomodo
2568 2489 2992 2551 convenienter
3022 2491 3160 2557 Deo,
3201 2487 3590 2566 intelligenda
3611 2489 3690 2550 sit
3750 2540 3765 2558 ,

294 2578 485 2644 εὐθέως
515 2582 548 2648 ἡ
593 2580 797 2659 γένεσις
832 2582 881 2649 ἐξ
914 2587 1070 2641 αὖτοῦ
1111 2588 1249 2663 ἔστι,
1310 2586 1396 2641 καὶ
1451 2589 1509 2643 ού
1565 2583 1648 2639 ’διὲ
1690 2586 1843 2640 τινῶν
1875 2585 1950 2644 εἰς

2037 2583 2091 2641 in
2126 2581 2247 2642 Deo
2280 2579 2807 2641 motiosensitivas
2837 2580 2896 2639 in
2919 2578 3196 2639 universo
3216 2578 3507 2640 motiones
3526 2596 3674 2639 ana-

289 2676 448 2726 τοῦτο
502 2671 887 2729 συντελούντων
938 2675 1124 2754 τυχόν,
1188 2677 1358 2734 Τοῦτο
1403 2672 1457 2730 δὲ
1488 2674 1800 2745 κρειττόνως
1843 2695 1946 2728 σα-

2037 2670 2236 2748 gogice
2259 2670 2601 2750 explanatis.
2624 2671 2713 2731 Ac
2731 2676 2960 2729 rectum
2984 2667 3225 2748 quidem
3261 2675 3480 2728 motum
3505 2667 3680 2729 intel-

290 2761 586 2839 φηνίζεται,
644 2760 818 2824 εἴτις
875 2762 980 2818 ἀπὸ
1040 2785 1140 2818 των
1192 2764 1440 2821 alcmth
1484 2762 1772 2840 ἀρξάμενος
1824 2785 1945 2816 σκο-

2037 2760 2263 2838 Iigimus
2290 2760 2345 2820 in
2379 2758 2523 2837 Deo,
2562 2772 2806 2839 propter
2839 2755 3257 2819 rectitudinem
3306 2763 3364 2817 et
3393 2755 3684 2817 inﬂexibi-

292 2848 447 2916 ποίη.
512 2848 580 2906 Εἴ
638 2872 688 2906 τι
741 2852 839 2929 γὰρ
901 2857 1005 2908 τῶν
1043 2851 1208 2909 ὄντων
1266 2852 1350 2910 ἐπὶ
1426 2860 1543 2909 νοῦν
1601 2849 1807 2932 λάϐοις,
1860 2851 1942 2909 ἐπὶ

2037 2848 2278 2929 litatem,
2315 2858 2376 2911 et
2408 2848 2819 2909 universorum
2870 2866 2939 2908 ex
2976 2846 3105 2928 ipso
3158 2845 3678 2926 procreationem;

291 2938 386 2993 τὸν
437 2941 666 3006 ποιητὴν
717 2941 874 2999 αὐτοῦ
926 2941 1238 3022 ἀνατρέχεις
1270 2941 1479 3016 εὐθέως,
1526 2941 1661 2998 ὥστε
1705 2942 1811 2999 ἀπὸ
1856 2950 1945 2999 τοό

2037 2956 2136 3018 per
2163 2957 2227 2999 se
2259 2938 2418 2999 enim
2452 2956 2509 3000 et
2540 2956 2610 2999 ex
2636 2948 2905 3019 tempore
2945 2935 3167 2998 creatio
3190 2952 3261 2996 ex
3294 2935 3422 3015 ipso
3455 2935 3677 3014 existit,

296 3027 462 3087 αἰτίου
508 3027 697 3090 εὐθέως
756 3030 827 3094 εἰς
884 3031 943 3085 τὸ
988 3032 1220 3087 αἱτιατὸν
1249 3033 1283 3099 ἡ
1315 3036 1412 3099 τῆς
1457 3032 1713 3111 γενέσεως
1774 3032 1945 3089 ἐννοια

2037 3036 2223 3089 etnon
2251 3046 2356 3107 per
2382 3027 2739 3108 aliqua,quae
2770 3026 2839 3088 ad
2865 3044 3051 3106 Ipsam
3089 3024 3678 3104 dispunant,accidit.

294 3116 554 3192 πρόεισιν.
583 3115 668 3173 ’Ἢ
697 3118 789 3173 καί
826 3115 1026 3195 ἄλλως,
1075 3118 1154 3176 ὅτι
1205 3119 1303 3188 τὴν
1361 3121 1496 3177 κατὰ
1556 3121 1758 3198 γένεσιν
1790 3122 1942 3190 κίνη-

2037 3115 2156 3179 Hoc
2185 3126 2383 3179 autem
2428 3116 2640 3178 melius
2692 3116 3049 3191 declaratur,
3084 3115 3134 3177 si
3175 3114 3307 3194 quis
3337 3113 3409 3175 ab
3443 3114 3679 3177 etfectis

293 3226 379 3261 σιν
435 3205 644 3287 εὐθεῖάν
696 3229 877 3288 φασιν,
937 3211 1009 3274 ὡς
1059 3209 1246 3273 εὗοέως
1315 3210 1597 3291 ἐφιεμένης
1654 3217 1753 3279 τῆς
1812 3212 1942 3281 ὕλης

2037 3205 2374 3301 incipiendo
2422 3206 2785 3301 speculetur.
2840 3203 2985 3267 Nam
3037 3203 3259 3301 siquid
3307 3222 3514 3301 eorum
3547 3222 3683 3282 qua;

293 3300 388 3352 τοῦ
416 3293 590 3359 εἴδους
622 3297 709 3353 καὶ
761 3295 878 3353 καθ’
933 3299 1079 3354 αὐτὸ·
1115 3297 1195 3354 διὸ
1251 3301 1339 3356 καὶ
1370 3301 1432 3356 τί)
1485 3298 1651 3371 εἶδος,
1703 3304 1762 3357 οὗ
1790 3323 1943 3358 ενεκα

2037 3303 2168 3357 sunt
2197 3298 2258 3356 in
2297 3304 2557 3356 mentem
2589 3296 2773 3375 capis,
2796 3304 2964 3356 recta
2982 3294 3051 3356 ad
3074 3302 3380 3356 auctorem
3413 3294 3544 3372 ejus
3573 3311 3679 3354 ac-

293 3383 530 3461 λέγεται,
575 3385 737 3443 οἱονεῖ
789 3389 849 3443 τὸ
880 3386 1029 3453 τέλος
1087 3390 1217 3467 πρὸς
1276 3387 1404 3467 ὅπερ
1448 3392 1480 3457 ἡ
1547 3391 1698 3470 φύσις
1755 3392 1942 3456 εὒθέως

2037 3384 2239 3458 curris,
2272 3386 2351 3446 ita
2378 3393 2438 3446 ut
2484 3404 2518 3446 a
2549 3403 2726 3446 causa
2767 3384 2965 3446 statim
3005 3383 3077 3444 ad
3122 3382 3398 3470 effectum
3432 3398 3682 3460 genera-

292 3473 500 3554 τρέχει,
532 3476 609 3548 μὴ
640 3477 713 3540 εἷς
756 3474 890 3533 ἄλλα
944 3478 1033 3534 καὶ
1091 3475 1227 3534 ἄλλα
1285 3469 1626 3554 ἑλισσομὲνη,
1691 3478 1814 3537 ἀλλ’
1870 3482 1942 3543 εἰς

2037 3473 2207 3536 tionis
2237 3474 2558 3536 intellectio
2583 3474 2899 3554 pertingat.
2931 3472 3035 3534 Vel
3096 3473 3268 3534 etiam
3323 3469 3518 3551 aliter,
3545 3471 3683 3550 quia

294 3566 424 3622 αὐτὸ
454 3563 702 3644 ἆφορῶσα
771 3566 832 3620 τὸ
863 3566 1291 3641 σκοπιμώτατον,
1330 3567 1482 3625 Ἐπεὶ
1538 3574 1657 3645 γοῦν
1716 3571 1751 3637 ἡ
1809 3570 1943 3627 κατὰ

291 3651 495 3729 γένεσιν
569 3654 773 3721 κίνησις
819 3654 1003 3722 εὐθέως
1052 3657 1275 3733 γίνεται,
1308 3658 1399 3713 τὸν
1429 3657 1525 3725 τῆς
1559 3656 1815 3735 γενέσεως
1848 3658 1945 3714 αἴ-

290 3762 404 3799 τιον
434 3745 738 3821 Θεοπρεπῶς
799 3744 914 3801 κατ’
959 3748 1165 3804 εὐθεῖαν
1214 3749 1470 3804 κινεῖσθαι
1523 3769 1718 3827 φαμεν,
1752 3749 1861 3817 Τὴν
1891 3748 1946 3805 δὲ

293 3832 548 3911 σταθερὰν
606 3831 830 3913 πρόοδον
887 3833 983 3893 καῖ
1039 3836 1138 3904 τὴν
1192 3837 1409 3915 γόνιμον
1469 3839 1652 3896 στάσιν
1682 3837 1947 3908 ἑλικοειδὴ

296 3940 493 4009 (ραμενσ
524 3921 561 3990 ἢ
590 3924 810 3991 τοιαύτη
855 3926 954 4005 γὰρ
1000 3926 1229 4007 κίνησις,
1265 3928 1350 3984 καὶ
1409 3929 1471 3985 τὸ
1503 3930 1750 4007 σταθερὸν
1793 3928 1942 4009 ἔχει,

295 4008 398 4087 ὅτι,
457 4013 501 4067 εἰ
554 4017 651 4069 καὶ
713 4012 969 4071 ἐκκλίνειν
996 4030 1165 4092 ποιεῖ,
1198 4016 1358 4075 πάλιν
1384 4018 1455 4077 εἰς
1498 4020 1559 4074 τὸ
1602 4019 1727 4076 αὒτὸ
1758 4008 1845 4077 καὶ
1886 4022 1947 4077 τὸ

294 4098 465 4164 ἓξισου
506 4106 624 4166 τοῖς
680 4103 951 4182 προτέροις
980 4106 1114 4161 κατὰ
1139 4108 1203 4163 τὰ
1254 4108 1406 4179 αὐτὰ,
1438 4109 1524 4164 καὶ
1555 4123 1802 4165 κοινωνεῖ
1846 4132 1945 4166 κα-

292 4189 360 4246 τὰ
390 4197 546 4248 τοῦτο
576 4198 644 4268 τῇ
675 4191 926 4267 κυκλικῇ,
960 4194 1047 4249 καὶ
1077 4195 1171 4262 τὴν
1230 4194 1451 4274 πρόοδον
1500 4195 1641 4276 ἔχει,
1715 4197 1829 4254 καθ’
1883 4199 1948 4266 ἣν

2028 3572 2249 3625 motum
2270 3563 2598 3625 secundum
2619 3560 3065 3643 generationem
3081 3570 3311 3625 rectum
3328 3578 3460 3623 esse
3491 3559 3678 3634 aiunt,

2029 3653 2171 3716 dum
2194 3659 2438 3716 materia
2460 3671 2674 3733 nempe
2700 3660 2858 3714 recta
2894 3660 2954 3714 et
2985 3669 3093 3731 per
3125 3670 3189 3715 se
3213 3651 3463 3741 formam
3491 3668 3671 3741 appet

2033 3745 2101 3808 tit
2128 3765 2143 3826 ;
2177 3761 2365 3825 quare
2390 3744 2567 3806 etiam
2598 3742 2809 3817 forma,
2845 3742 3012 3823 cujus
3040 3742 3231 3822 gratia
3269 3759 3403 3804 esse
3435 3739 3680 3821 dicitur,

2029 3835 2195 3917 quasi
2213 3833 2346 3895 linis
2359 3835 2434 3895 sit
2467 3832 2605 3895 500
2625 3832 2697 3894 ad
2722 3850 2899 3913 quem
2926 3842 3132 3895 natura
3152 3839 3312 3895 recta
3341 3839 3681 3904 currat,ne-

2031 3942 2321 4006 quaquam
2355 3923 2485 3987 aliis
2513 3928 2694 4001 atque
2723 3921 2854 3984 aliis
2883 3940 2947 3983 se
2978 3922 3353 4003 implectens,
3390 3920 3494 3982 sed
3516 3919 3589 3982 ad
3618 3918 3681 3981 id

2030 4015 2187 4098 quod
2213 4014 2472 4076 maxime
2505 4013 2871 4094 propositum
2907 4021 2993 4074 est
3016 4010 3279 4074 intuens.
3312 4009 3455 4072 Cum
3483 4011 3681 4088 itaque

2033 4112 2225 4166 motus
2255 4103 2329 4178 is,
2364 4104 2466 4183 qui
2516 4102 2850 4164 secundum
2881 4101 3330 4179 generationem
3377 4106 3486 4171 est,
3517 4107 3682 4159 recta

2032 4194 2153 4269 ﬁat,
2188 4201 2491 4254 auctorem
2520 4190 2946 4270 generationis,
2981 4208 3053 4251 eo
3097 4208 3215 4268 quo
3247 4188 3367 4250 Deo
3403 4189 3683 4249 convenit

293 4291 542 4336 κοινωνεῖ
570 4280 638 4348 τῆ
667 4279 785 4336 κατ’
832 4282 1039 4337 εὐθεῖαν
1093 4283 1323 4352 κινήσει,
1385 4276 1529 4342 ιΕπεὶ
1564 4294 1688 4364 γοῦν
1744 4289 1778 4351 ἡ
1830 4285 1949 4343 κατ’

2037 4282 2231 4358 modo,
2267 4290 2430 4343 recta
2462 4280 2686 4343 moveri
2715 4277 3290 4342 dicimus.Stabilem
3321 4285 3520 4338 autem
3549 4294 3689 4357 pro-

294 4366 501 4425 εὐθεῖαν
552 4369 760 4438 κίνησις
818 4370 902 4426 ἐπὶ
951 4372 1083 4426 Θεοῦ
1133 4371 1215 4427 διὰ
1271 4373 1369 4439 τὴν
1428 4378 1508 4435 εἰς
1543 4375 1747 4453 γένεσιν
1783 4378 1951 4434 αἰτίαν

2037 4389 2298 4451 gressum
2333 4381 2392 4433 et
2420 4369 2988 4445 fecundumlstatum
3036 4367 3290 4429 dicimus
3320 4365 3628 4448 obliquum
3664 4382 3681 4442 ;

294 4458 384 4513 καὶ
405 4457 627 4536 πρόοδον
683 4457 1089 4541 ἐξελαμϐάνετο,
1149 4459 1487 4537 λαμϐάνομεν
1537 4466 1623 4520 καὶ
1674 4466 1773 4532 τὴν
1832 4465 1949 4523 ἑλι-

2037 4462 2168 4524 talis
2207 4461 2366 4523 enim
2427 4470 2621 4521 motus
2664 4468 2722 4520 et
2753 4456 3132 4519 stabilitatem
3167 4456 3369 4529 habet,
3402 4454 3684 4537 quoniam

294 4544 476 4613 κοειδῆ
530 4549 759 4622 κίνησιν,
819 4554 897 4616 πῆ
957 4549 1077 4625 μὲν,
1138 4552 1207 4618 ἡς
1250 4551 1322 4616 εἰς
1394 4551 1517 4609 αύτὸ
1577 4560 1941 4630 καταντῶσαν,

2037 4550 2170 4617 licet
2201 4550 2493 4613 inclinare
2523 4548 2720 4623 iaciat,
2756 4564 2992 4609 rursum
3026 4546 3087 4608 in
3119 4545 3356 4626 eodem,
3399 4545 3575 4607 etiam
3613 4561 3686 4606 ex

296 4634 380 4690 διὰ
410 4637 472 4692 τὸ
497 4638 762 4715 σταθερὸν,
797 4640 893 4714 ξπῆ
949 4639 1004 4695 δὲ
1057 4641 1128 4703 ὡς
1187 4640 1592 4721 προερχομένὴν
1648 4642 1699 4708 ἐξ
1759 4643 1951 4712 ἑαυτῆς

2037 4658 2227 4721 aequo,
2264 4638 2559 4720 prioribus
2589 4638 2918 4700 secundum
2963 4635 3172 4699 eadem
3195 4642 3256 4697 et
3284 4634 3685 4695 communicat

295 4721 381 4781 διὰ
433 4727 496 4781 τὸ
565 4727 638 4791 εἷς
668 4728 733 4783 τὰ
762 4729 1041 4804 ποιήματα
1070 4720 1513 4813 γόνιμονςΙΙάλιν
1556 4732 1655 4797 τὴν
1685 4733 1820 4790 κατὰ
1849 4735 1949 4791 κύ-

2037 4720 2228 4811 quoad
2265 4731 2376 4791 hoc
2419 4747 2554 4791 cum
2610 4727 2910 4803 circulari,
2945 4734 3004 4788 et
3048 4741 3430 4807 progressum
3478 4720 3682 4813 habet,

296 4811 423 4870 κλον
478 4812 705 4891 λέγομεν
762 4816 992 4897 κίνησιν,
1037 4816 1121 4874 διὰ
1152 4820 1211 4876 τὸ
1255 4811 1469 4894 ταύτὸν,
1499 4822 1585 4876 καὶ
1626 4820 1706 4879 ὅτι
1736 4822 1948 4903 συνέχει

2037 4821 2361 4883 secundum
2383 4836 2560 4896 quem
2583 4817 3136 4879 communicatcum
3158 4821 3322 4876 motu
3339 4811 3684 4903 recto:Cum

295 4902 469 4959 πάντα
503 4943 522 4962 .
554 4905 863 4978 Σημείωσαι
911 4907 1032 4990 γὰρ,
1067 4906 1148 4964 ὅτι
1202 4905 1268 4964 τοὶ
1322 4906 1722 4988 ὑπερϐεϐηκότα
1764 4898 1946 4990 περ-ιε·-

2037 4908 2232 4988 itaque
2254 4916 2452 4970 motus
2472 4914 2672 4968 rectus
2703 4906 2765 4967 in
2795 4905 2918 4968 Deo
2950 4923 3126 4969 causa
3164 4898 3564 4981 generationis
3595 4907 3685 4961 at-

299 5011 390 5071 χει
419 4992 486 5048 τὰ
514 4990 909 5061 ὑποϐεϐηκότα,
973 4988 1153 5075 ’Ἀκρα
1199 5004 1322 5075 γοῦν
1352 4997 1514 5055 κάλεῖ
1549 5001 1635 5063 τὰς
1694 4988 1952 5057 ἀνωτάτω

2037 5016 2155 5079 que
2187 4994 2586 5077 processionis
2614 5005 2891 5073 acceptus
2919 4996 3016 5075 sit,
3063 4993 3392 5073 accipimus
3448 5006 3688 5079 quoque

298 5078 544 5156 δύναμεις
602 5082 689 5139 καὶ
743 5082 1138 5156 πλησιαζούσας
1183 5092 1320 5161 Θεῷ,
1368 5087 1532 5162 μέσας
1590 5085 1644 5144 δε
1690 5088 1785 5152 τὰς
1834 5080 1951 5165 μετ’

2042 5078 2261 5148 motum
2316 5085 2646 5166 obliquum,
2702 5084 2912 5165 partim
2976 5082 3244 5164 quidem,
3286 5088 3564 5161 tanquam
3626 5078 3689 5139 in

298 5168 502 5233 ὲκείνας
534 5171 653 5247 μὲν,
709 5172 815 5228 τῶν
846 5171 901 5229 δὲ
950 5176 1211 5241 αἰσθητῶν
1265 5176 1512 5233 ἁπάντων
1545 5177 1950 5257 ὑπερκειμένας,

2040 5175 2199 5239 idem
2257 5182 2655 5247 remeantem,
2708 5182 2948 5256 propter
2995 5170 3438 5244 constantiam;
3474 5168 3687 5249 partim

301 5261 366 5317 Αἱ
395 5258 492 5335 μὲν
535 5258 622 5315 οὖν
651 5258 914 5319 ἆνώταται
975 5263 1282 5345 περιέχουσι
1307 5269 1403 5330 τὰς
1450 5266 1642 5348 μέσας,
1675 5269 1727 5324 αἱ
1757 5266 1811 5323 δὲ
1856 5269 1954 5345 μὲ-

303 5349 487 5438 σαιΑτὰ
524 5349 770 5417 αἰσθητά,
835 5350 898 5410 Ὀ
948 5352 1127 5428 μέντοι
1187 5356 1316 5419 Θεὸς
1352 5354 1577 5414 Διῖιπαντα
1606 5356 1844 5438 πέοιὲχει
1882 5360 1957 5422 ὡς

300 5435 493 5527 κύκλος
532 5439 613 5527 ,τὰ
683 5439 828 5506 ἔντος
857 5445 1014 5501 αὐτοῦ
1043 5443 1236 5521 πάντα,
1269 5447 1356 5501 καί
1400 5447 1473 5509 εἷς
1505 5447 1691 5503 ἑαυτὸν
1720 5435 1796 5511 ὡς
1826 5449 1957 5527 πρὸς

303 5526 484 5609 αἴτιον
525 5526 847 5609 ἐπιστρέφει.

2040 5284 2180 5329 vero
2211 5271 2488 5345 tanquam
2514 5280 2587 5324 ex
2609 5262 2738 5344 ipso
2771 5262 3190 5344 prodeuntem,
3242 5266 3489 5341 prOpter
3515 5272 3689 5320 crea-

2043 5365 2307 5418 turarum
2338 5352 3052 5416 fecunditatem.Rursum
3072 5347 3430 5414 circularem
3463 5352 3687 5408 motum

2041 5444 2296 5509 dicimus
2321 5450 2563 5525 propter
2579 5440 3037 5524 identitatem,et
3063 5439 3221 5521 quod
3249 5436 3451 5501 omnia
3494 5431 3691 5525 conti-

2043 5544 2200 5597 neat.
2235 5523 2389 5596 No'ta
2409 5530 2594 5612 enim,
2626 5530 2940 5611 superiora
2969 5528 3280 5593 continere
3309 5525 3411 5589 illa
3438 5542 3573 5606 quae
3601 5523 3690 5584 in-

303 5605 529 5678 feriora
557 5605 718 5678 sunt.
744 5605 1023 5684 Extrema
1053 5620 1236 5701 igitur
1262 5631 1431 5687 vocat
1475 5642 1785 5707 supremas
1815 5624 1949 5689 illas
2005 5624 2253 5687 virtutes
2286 5621 2530 5704 Deoque
2559 5605 2945 5703 propinquas,
2981 5618 3211 5682 medias
3248 5632 3550 5707 vero‘quae
3588 5612 3687 5694 ip-

305 5724 403 5773 sas
435 5713 748 5790 sequntur,
783 5707 1099 5773 inferiores
1128 5710 1411 5796 denique,
1442 5703 1681 5779 naturas
1706 5715 1975 5778 omnium
2003 5712 2338 5778 sensilium.
2372 5703 2683 5796 Suprema;
2716 5712 2915 5793 itaque
2943 5709 3250 5774 continent
3280 5703 3533 5785 medias,
3567 5719 3692 5767 me-
