4134 6156
267 394 394 462 945
759 397 858 459 DE
900 396 1200 462 DIVINIS
1235 354 1692 471 .NOMINIBUS,
1741 397 1907 460 CAP.
1953 397 2031 459 X.
2066 428 2143 442 --
2186 396 2620 463 PARPAHPR.
2666 398 3184 467 PACHYMERIE.
3559 404 3678 471 946

269 534 431 591 αότὸν
475 536 620 590 θεῖον
655 529 929 588 ὠδίνουσιν
989 530 1181 609 ἔρωτα.
1249 524 1310 588 Ἠ
1369 530 1425 588 δὲ
1477 530 1641 611 λέξις,
1673 530 1778 589 ἆπὰ
1826 538 1922 590 τῶι

2020 538 2208 593 torem
2233 540 2556 621 agnoscant
2578 532 2842 596 divinum
2870 554 3009 614 erga
3030 544 3225 618 ipsum
3248 555 3513 603 amorem
3539 559 3648 621 par

270 623 645 699 κ.)“ἰσκομένων
676 619 966 702 ληφθεῖσα,
1001 619 1164 689 δηλοῖ
1190 623 1288 690 τὴν
1348 626 1467 679 οἷον
1499 622 1553 678 ἐν
1593 621 1723 698 ἦμτν
1783 646 1922 704 φυσι-

2023 624 2274 686 turiunt.
2323 619 2686 685 Vocabulum
2727 632 2922 686 autem
2957 626 3069 688 hoc
3118 647 3153 689 a
3201 619 3678 709 parturientibus

265 715 369 782 κὴν
426 712 677 792 διάθεσιν,
712 711 807 768 καὶ
855 711 946 792 ἀφ’
982 713 1129 794 ἡμῶν
1161 712 1388 793 φυσικὴν
1442 712 1616 791 ὄρμὴν
1675 714 1809 793 πρὸς
1847 715 1922 770 τὸπ

2023 718 2358 792 acceptum,
2381 712 2645 775 declarat.
2669 713 3109 794 quodammodo
3136 717 3198 780 in
3220 721 3393 782 nobis
3414 722 3677 784 atl‘ectio-

265 802 588 882 δημιουργὸν
638 800 735 859 καὶ
780 800 1012 867 κίνησιν,
1047 792 1136 867 Ὠς
1176 792 1283 881 ίγὰρ
1321 803 1350 869 ἦ
1412 808 1501 881 (ﬁ,
1537 792 1922 880 θερμαινομὲντ

2025 820 2162 862 nem
2195 802 2546 893 naturalem,
2580 812 2639 863 et
2657 792 2924 866 ainatura
2957 805 3126 867 nobis
3152 806 3392 870 insitam
3420 830 3680 893 propeno

263 900 343 967 τῷ
392 893 551 971 ἡλίῳ,
597 892 730 970 πρὸς
768 888 962 954 ὠδῖνας
1012 889 1344 970 διεγείρεται,
1378 890 1517 949 οὕτω
1578 894 1666 949 καὶ
1698 895 1731 961 ἡ
1791 916 1922 967 καρι-

2027 892 2256 954 sionem
2291 910 2359 954 ac
2389 892 2714 954 motionem
2759 893 2831 955 ad
2888 894 3258 960 Creatorem.
3311 888 3477 961 Sicut
3508 888 3668 964 enim

265 982 371 1058 δία,
431 985 491 1040 16
549 982 765 1062 ἑραστὸν
819 982 875 1037 ἓν
930 985 1093 1059 ἒαυτῇ
1160 983 1535 1064 περιφέρουσα,
1595 980 1767 1039 ὠδίνει
1836 984 1922 1040 τὸη

2020 988 2179 1073 terra
2212 981 2340 1043 sole
2386 982 2669 1073 calefacta
2722 982 2815 1073 ad,
2856 984 3230 1065 paritudines
3283 998 3663 1073 provocatur;

270 1072 445 1153 ἔρωτα
458 1118 471 1132 .

346 1256 374 1328 §
429 1249 499 1315 Π.
547 1250 777 1319 Παλαιὸς
838 1250 892 1308 δὲ
920 1253 1134 1331 ἡμερῶν
1185 1255 1431 1329 δμνεϊται
1491 1255 1519 1309 6
1551 1255 1681 1319 Θεὸς
1741 1252 1825 1311 διὰ
1859 1254 1919 1309 16

266 1347 408 1399 εἶναι
458 1342 549 1398 τὸν
582 1343 737 1398 αὐτὸν
767 1343 933 1399 αἰῶνα
957 1349 1062 1398 τῶν
1108 1343 1335 1399 αἰωνίων
1394 1342 1659 1420 ἀγγέλων·
1707 1343 1926 1407 τούτους

267 1434 368 1511 γὰρ
422 1435 545 1489 εἷπε
594 1432 849 1510 πρότερον
891 1432 1158 1509 αἰωνίους,
1190 1434 1262 1499 ὡς
1314 1434 1525 1511 αἰῶνος,
1562 1432 1918 1513 μετέχοντας,

267 1524 329 1578 οὗ
376 1522 482 1598 μὴν
513 1519 567 1577 δὲ
604 1523 677 1578 ὡς
731 1522 1022 1602 ἀνάρχους,
1074 1521 1273 1601 Χρόνον
1301 1519 1355 1577 δὲ
1407 1526 1513 1577 τῶν
1545 1523 1645 1579 ὑπὸ
1699 1521 1923 1601 χρόνον,

268 1613 517 1669 ἁπαντων
566 1609 813 1678 δηλονότι
844 1618 950 1667 τῶν
994 1614 1295 1690 γεγονότων
1347 1613 1482 1688 μετὰ
1513 1612 1613 1679 τὴν
1669 1633 1929 1690 παραγω-

266 1703 372 1780 γὴν
420 1707 512 1757 τοῦ
542 1701 784 1779 οὖρανοό,
820 1705 877 1758 οὗ
936 1707 1004 1778 τῇ
1043 1702 1251 1772 κινήσει
1313 1704 1340 1757 6
1388 1701 1580 1781 χρόνος
1639 1702 1927 1780 εἰσάγεται.

267 1792 491 1871 Λέγεται
550 1788 731 1846 δὲκαὶ
785 1792 979 1871 χρόνος
1014 1791 1107 1848 καί
1160 1792 1286 1847 αἰὼν
1343 1793 1429 1847 καὶ
1488 1790 1659 1868 ἡμέρα
1691 1794 1718 1847 6
1778 1792 1927 1870 Θεὸς,

2015 1070 2104 1132 sic
2136 1078 2195 1132 et
2222 1090 2347 1147 cor,
2382 1071 2443 1133 id
2473 1072 2632 1149 quod
2665 1072 2936 1136 amabile
2970 1083 3057 1135 est
3088 1074 3151 1137 in
3184 1076 3382 1159 seipso
3415 1070 3674 1143 circum—

2014 1160 2237 1233 ferens,
2269 1180 2534 1223 amorem
2566 1162 2842 1243 parturit.

2095 1249 2232 1311 507
2263 1250 2291 1329 §
2321 1249 2680 1331 Il.Antiquis
2699 1269 2837 1316 vero
2862 1252 3095 1316 dierum
3123 1255 3464 1320 celebratur
3491 1259 3669 1338 Deus,

2015 1341 2154 1421 quia
2185 1342 2314 1421 ipse
2346 1349 2434 1402 est
2464 1360 2649 1403 aevum
2677 1342 3021 1421 angelorum
3055 1345 3519 1419 aeviternorum;
3562 1351 3672 1413 hos

2015 1430 2176 1493 enim
2200 1438 2374 1491 antea
2393 1440 2649 1493 mternos
2669 1432 2926 1513 dixerat,
2947 1435 3102 1514 quod
3122 1436 3479 1517 participem
3497 1447 3677 1501 mter-

2015 1520 2286 1600 nitatem,
2340 1539 2461 1580 non
2512 1539 2648 1581 vero
2679 1522 2844 1599 quod
2895 1523 3174 1604 principii
3215 1535 3493 1605 expertes
3523 1530 3666 1593 sint.

2014 1608 2277 1689 Tempus
2304 1619 2508 1672 autem
2540 1628 2745 1672 eorum
2780 1630 2912 1692 quae
2935 1622 3072 1676 sunt
3092 1614 3362 1695 subjecta
3390 1620 3669 1698 tempori,

2014 1698 2076 1760 id
2109 1708 2198 1761 est
2230 1718 2434 1760 eorum
2467 1700 2735 1761 omnium
2769 1720 2897 1781 quas
2919 1702 3067 1764 facta
3091 1713 3228 1765 sunt
3260 1716 3392 1785 post
3421 1707 3664 1780 caelum,

2016 1808 2085 1851 ex
2118 1791 2289 1867 cujus
2324 1796 2484 1850 motu
2507 1789 2709 1851 existit
2743 1800 3002 1870 tempus.
3036 1792 3480 1856 Diciturautem
3511 1798 3671 1862 Deus

262 1882 594 1957 θεοπρεπῶς,
625 1882 698 1943 ὡς
747 1878 1143 1961 ἆμετάϐλητος,
1177 1880 1260 1936 ὅτι
1296 1881 1360 1937 τὰ
1404 1880 1575 1937 πάντα
1626 1881 1678 1938 ἐν
1731 1882 1922 1940 τούτοις

2017 1887 2074 1939 et
2104 1886 2364 1957 tempus,
2401 1886 2458 1939 et
2488 1896 2700 1952 aevum,
2758 1889 2818 1941 et
2858 1881 2991 1943 dies
3024 1901 3093 1944 eo
3126 1884 3301 1945 modo
3334 1904 3451 1966 quo
3482 1885 3667 1949 Deum

262 1968 714 2046 μεταϐάλλονται·
787 1971 919 2028 αὖτὰ
977 1969 1031 2027 δέ
1106 1967 1453 2046 ἀμετάϐλητα
1526 1968 1739 2042 μένουσι
1797 1970 1933 2026 κατὰ

259 2063 323 2117 16
382 2064 523 2117 εἶναι
554 2058 782 2140 χρόνους
840 2060 932 2116 καὶ
982 2059 1213 2139 ἡμέρας.
1273 2062 1331 2118 Εἰ
1380 2060 1481 2138 γὰρ
1538 2057 1931 2135 μετεϐάλλοντο

258 2148 380 2207 κατ’
437 2148 635 2224 οὒσίάν,
676 2156 821 2207 πᾶσα
867 2148 919 2205 δὲ
953 2148 1227 2226 μεταϐολὴ
1260 2150 1313 2208 ἐν
1357 2150 1561 2229 χρόνῳ,
1595 2146 1784 2223 ἔμελλε
1845 2153 1930 2207 καὶ

265 2242 300 2308 ἡ
336 2238 607 2317 μεταϐολὴ
638 2247 730 2297 τοῦ
783 2262 979 2320 χρονου
1010 2241 1066 2296 ἐν
1124 2239 1308 2319 χρόνῳ
1361 2242 1617 2318 γίνεσθαι,
1650 2239 1739 2295 καὶ
1793 2238 1929 2310 ποίῳ

269 2331 445 2404 τούτῳ
474 2334 568 2389 οὒκ
593 2327 740 2387 οἶδα·
795 2330 931 2389 κατὰ
961 2330 1021 2386 τὸ
1053 2329 1197 2385 εἶναι
1227 2327 1281 2384 δὲ
1342 2329 1538 2408 χρόνον
1569 2330 1661 2383 καὶ
1720 2327 1926 2405 ἡμέρας

2016 1969 2209 2047 decet,
2240 1974 2535 2052 quatenus
2570 1968 2959 2031 immutabilis
2990 1980 3079 2033 est
3112 1993 3127 2047 ;
3160 1974 3436 2054 quoniam
3471 1977 3671 2040 omnia

2015 2077 2146 2138 quae
2177 2066 2315 2118 sunt
2364 2059 2426 2119 in
2477 2057 2569 2118 bis
2616 2059 2999 2121 mutationem
3036 2062 3299 2140 capiunt,
3332 2063 3464 2143 ipsa
3495 2085 3664 2148 vero,

2014 2157 2315 2228 quatenus
2348 2156 2619 2227 tempora
2650 2155 2709 2210 et
2739 2148 2870 2210 dies
2900 2158 3059 2225 sunt,
3093 2152 3400 2215 immutata
3436 2173 3671 2233 perma-

2015 2247 2183 2301 nent.
2203 2239 2353 2300 Nam
2369 2238 2419 2298 si
2442 2237 2769 2299 secundum
2787 2240 3105 2301 essentiam
3133 2251 3666 2317 mutarentur,cum

2012 2328 2204 2389 omnis
2227 2328 2471 2388 mutatio
2496 2327 2558 2387 in
2587 2334 2859 2407 tempore
2879 2330 3000 2406 ﬁat,
3030 2329 3283 2395 deberet
3306 2332 3486 2395 etiam
3525 2354 3669 2397 mu-

266 2420 395 2477 εἶπε
451 2422 511 2476 τὸ
570 2420 741 2479 αὐτῶν
817 2417 1211 2495 ἀμετάϐλητον,
1283 2416 1444 2475 Ἐπεὶ
1505 2419 1849 2496 παρακατιὼν
1901 2420 1922 2473 6

2014 2418 2154 2479 tatio
2183 2417 2471 2496 temporis
2501 2417 2560 2478 in
2595 2427 2861 2498 tempore
2903 2418 3051 2493 ﬁeri,
3102 2421 3262 2500 quali
3311 2431 3508 2484 autem
3542 2425 3666 2501 illo,

260 2509 416 2587 ἅγιος
470 2510 525 2567 ἐν
566 2508 853 2566 ἀλλοιώσει
904 2507 1047 2566 εἴποι
1091 2511 1185 2566 τὸν
1235 2510 1454 2589 χρόνον·
1512 2509 1540 2564 ὃ
1572 2509 1669 2565 καῖ
1723 2506 1922 2565 δοτέον·

2013 2526 2131 2568 non
2165 2507 2317 2581 scio;
2345 2514 2637 2587 quatenus
2662 2514 2863 2569 autem
2897 2506 3025 2568 dies
3056 2516 3293 2589 tempus
3324 2519 3486 2591 sunt,
3518 2512 3670 2575 dixit

259 2598 411 2676 θέρος
468 2600 569 2678 γὰρ
619 2599 715 2656 καὶ
774 2597 867 2678 ἔαρ
925 2598 1252 2677 φθινόπωρον
1315 2601 1402 2655 καὶ
1450 2598 1685 2679 χειμὼν,
1732 2601 1783 2655 αἱ
1839 2607 1922 2658 τοῦ

2015 2597 2090 2658 iis
2106 2614 2347 2677 quoque
2360 2597 2793 2677 competereim
2807 2596 3281 2661 mutabilitatem.
3298 2598 3516 2664 Cumin
3536 2622 3671 2682 pro-

264 2690 465 2769 χρόνου
518 2687 858 2753 ἀλλοιώσεις.
893 2687 1045 2746 Οὕτω
1096 2695 1223 2766 γοῦν
1252 2688 1560 2767 θεοπρεπῶς
1611 2689 1701 2744 καὶ
1732 2690 1760 2744 6
1800 2689 1922 2752 Θεὸς

2016 2706 2223 2766 gressu
2265 2685 2361 2746 hic
2402 2692 2646 2748 sanctus
2693 2685 2931 2761 dixerit,
2981 2696 3220 2769 tempus
3253 2690 3310 2751 in
3346 2693 3668 2755 mutatione

263 2779 347 2835 ἀεὶ
410 2779 717 2853 κινούμενος
795 2776 879 2857 ἐφ’
939 2779 1125 2834 ἑαυτοῦ
1186 2778 1357 2853 μένει,
1422 2781 1517 2835 Καὶ
1586 2783 1785 2856 τρίτον,
1849 2776 1922 2833 ὅτι

2016 2777 2371 2857 consistere;
2397 2777 2512 2837 hoc
2537 2775 2711 2836 etiam
2734 2776 3184 2840 concedendum
3205 2787 3294 2840 est
3321 2799 3337 2840 :
3366 2780 3664 2857 siquidem

263 2869 349 2925 xui
414 2870 487 2933 ὡς
547 2867 724 2931 αἴτιος
784 2869 977 2926 αὐτῶνθ
1040 2866 1294 2945 ἐλέγομεν
1350 2867 1450 2944 γὰρ
1507 2867 1594 2923 καὶ
1648 2866 1922 2946 πρότερον1

2018 2874 2190 2928 aestas
2241 2874 2301 2927 et
2346 2883 2470 2940 ver,
2521 2874 2840 2926 autumnus
2894 2875 2953 2927 et
2986 2866 3181 2929 hiems
3212 2878 3349 2931 sunt
3382 2870 3667 2951 temporis

263 2958 345 3016 ὅτι
408 2959 471 3014 τὰ
504 2957 676 3014 πάντα
735 2955 946 3035 λέγεται
979 2959 1005 3013 6
1062 2958 1192 3021 Θεὸς
1244 2959 1316 3020 ὡς
1376 2954 1550 3021 αἴτιος
1602 2956 1660 3012 ἐκ
1693 2961 1799 3012 τῶν
1843 2958 1922 3012 αἰ-

2018 2955 2398 3019 mutationes.
2426 2956 2741 3036 Sicitaque
2760 2956 2936 3017 etiam
2963 2958 3146 3038 Deus,
3172 2958 3349 3019 modo
3380 2960 3504 3023 Deo
3528 2979 3664 3022 con-

259 3054 484 3126 τιατῶν,
513 3049 557 3103 εἰ
601 3048 683 3103 οιαὶ
716 3046 845 3124 ὑπὲρ
906 3048 1079 3103 πάντα
1132 3046 1265 3107 ἐστί.
1330 3047 1424 3102 Διὸ
1458 3048 1542 3103 καὶ
1585 3044 1775 3106 πολιὸς
1833 3046 1922 3122 μὲι

2016 3046 2305 3125 venienti,
2328 3063 2573 3126 semper
2605 3055 2800 3106 motus
2830 3046 2893 3107 iu
2922 3046 3121 3127 seipso
3148 3056 3481 3126 permanet.
3512 3048 3665 3111 Ter-

259 3139 413 3219 ὤςρθη
468 3144 543 3212 τῷ
609 3137 829 3212 Δανιὴλ,
874 3134 1069 3204 λευκὴν
1103 3136 1260 3214 ἔγων
1307 3134 1542 3217 κεφαλὴν
1587 3138 1714 3193 ὡσεὶ
1767 3134 1922 3212 ἔριον1

2016 3136 2095 3197 tio
2127 3136 2303 3196 etiam
2339 3144 2619 3215 tauquam
2641 3142 2851 3197 auctor
2875 3153 3110 3214 eorum;
3134 3136 3481 3200 dicebamus
3503 3140 3663 3201 enim

261 3228 535 3291 νεανίσκος
590 3225 643 3281 δὲ
673 3225 834 3281 πάλιν
885 3231 962 3299 τῷ
1009 3225 1280 3302 Ἀϐραάμ·
1336 3228 1397 3282 τὸ
1431 3225 1552 3302 μὲν,
1586 3227 1660 3290 ὡς
1717 3225 1922 3283 πάντων

2015 3233 2210 3305 antea,
2235 3228 2422 3286 Deum
2458 3226 2661 3287 omnia
2685 3226 2800 3288 dici
2833 3236 3110 3307 tanquam
3146 3246 3379 3290 causam
3410 3248 3478 3291 ex
3511 3231 3663 3292 effe-

262 3318 322 3372 ὲκ
385 3324 518 3373 Θεοῦ
545 3337 603 3372 τε
655 3317 822 3372 ’ὄντων
855 3318 943 3373 καὶ
1002 3314 1122 3392 μετ’
1178 3318 1359 3396 αὐτὸν,
1392 3317 1478 3372 καὶ
1510 3316 1778 3394 νεωτέρων
1831 3319 1922 3374 αὒ-

2016 3315 2152 3396 ctis,
2186 3314 2428 3377 tametsi
2457 3334 2637 3395 supra
2667 3316 2866 3377 omnia
2897 3318 2993 3378 sit.
3032 3318 3228 3389 Quare
3257 3317 3490 3379 Danieli
3524 3321 3661 3399 qui-

259 3414 377 3465 10'3‘
437 3408 499 3463 τὸ
544 3405 622 3479 δὲ,
656 3406 735 3463 ὅτι
789 3406 844 3462 ἐν
893 3406 1096 3478 ἆκμαίᾳ
1144 3406 1232 3462 καὶ
1288 3405 1534 3462 εὖσταθεϊ
1575 3405 1922 3484 μακαριότητι

2015 3404 2150 3467 dem
2180 3423 2364 3466 canus
2389 3406 2686 3485 apparuit,
2710 3404 3028 3466 candidum
3058 3406 3287 3467 habens
3309 3417 3485 3485 caput
3506 3409 3664 3470 velut

262 3495 600 3560 ἆπαλαίωτόζ
645 3495 809 3552 ἐστιν’
865 3496 901 3562 ἣ
956 3494 1024 3552 δι’
1076 3495 1413 3576 ἀμφοτέρων,
1444 3501 1539 3552 τοῦ
1586 3516 1641 3550 τε
1699 3492 1922 3574 πρεσϐύ-

2015 3495 2238 3575 lanam,
2263 3512 2503 3557 rursum
2527 3512 2666 3555 vero
2684 3494 2924 3573 juvenis
2948 3495 3283 3558 Abraliamo
3311 3515 3324 3559 :
3362 3496 3506 3557 illud
3535 3499 3665 3577 qui-

261 3609 355 3644 του
406 3588 493 3643 καὶ
552 3584 644 3641 τοῦ
674 3584 811 3663 νέου,
848 3583 1101 3653 δηλοῦται
1160 3587 1220 3640 τὸ
1252 3583 1304 3649 ἐξ
1361 3584 1539 3666 ἀρχῇς
1593 3583 1722 3664 ἄχρι
1750 3583 1922 3648 τέλους

2017 3585 2177 3659 dem,
2194 3585 2352 3665 quod
2366 3585 2568 3647 omnia
2592 3602 2663 3647 ex
2683 3584 2805 3648 Deo
2830 3585 2972 3665 sint,
2991 3594 3049 3647 et
3074 3594 3205 3665 post
3225 3587 3442 3668 ipsum,
3471 3606 3662 3669 eoque

262 3675 349 3731 διᾶ
409 3676 622 3733 πάντων
651 3678 757 3730 τῶν
811 3675 1119 3750 κτισμάτων
1176 3675 1419 3753 προϊέναι
1476 3675 1656 3730 αὐτόν·
1715 3674 1751 3742 ἣ
1812 3674 1922 3752 τρί-

2012 3676 2245 3755 iuniora
2270 3694 2285 3752 ;
2315 3676 2429 3738 hoc
2455 3694 2622 3756 vero,
2655 3676 2814 3753 quod
2848 3682 2905 3735 in
2940 3677 3209 3755 vigorosa
3243 3679 3662 3760 constantique

262 3788 379 3841 τον,
430 3766 606 3827 καθὼς
663 3766 752 3820 καὶ
808 3766 835 3820 6
893 3763 1258 3841 ἱεροτελεστὴς
1313 3764 1402 3821 καὶ
1465 3762 1777 3829 διδασκαλος
1832 3770 1922 3819 τοῦ

2012 3765 2326 3827 beatudine
2374 3765 2449 3826 sit
2498 3765 2652 3826 senii
2706 3783 2954 3846 expers;
3014 3767 3100 3827 vel
3155 3784 3263 3846 per
3313 3776 3655 3849 utrumque,

266 3856 472 3933 Πατρὸς
532 3845 778 3933 Ἰερόθεός
830 3877 1016 3933 φησιν,
1079 3854 1161 3911 ὃτι
1224 3853 1292 3910 δι’
1351 3853 1666 3935 ἀμφοτέρῶν
1721 3855 1757 3922 ἡ
1813 3855 1922 3909 θεία

2012 3870 2143 3917 cum
2190 3873 2396 3916 senem
2433 3863 2554 3915 tum
2583 3845 2894 3936 juvenem,
2938 3845 3329 3936 signiﬁcatur,
3376 3845 3569 3938 ipsum
3623 3845 3654 3919 ξι

262 3944 562 4024 ἀρχαιότης
623 3941 900 4018 δηλοῦται,
969 3941 1054 3999 διὰ
1113 3944 1210 4018 μὲν
1281 3953 1375 4003 τοῦ
1418 3942 1793 4023 πρεσϐυτέρου,
1841 3942 1921 3999 ὅτι

260 4035 324 4091 τό
376 4035 610 4114 ἀρχαῖον
662 4034 750 4089 καὶ
807 4039 1021 4111 πρῶτον
1081 4032 1240 4100 δηλοῖ
1296 4036 1359 4090 16
1416 4032 1787 4112 πρεσϐύτερον
1840 4032 1923 4088 διὰ

264 4122 321 4179 δὲ
380 4126 472 4179 τοῦ
515 4122 794 4201 νεωτέρου,
826 4122 1040 4200 ἐπείπερ
1092 4124 1165 4188 ὡς
1197 4124 1250 4181 ἒν
1308 4124 1553 4202 ἀριθμοῖς
1597 4123 1921 4202 ἆρχηγικώ-

251 4235 401 4291 τερον
460 4213 559 4288 μὲν
608 4213 642 4278 ἡ
703 4212 892 4289 μονὰς,
955 4212 1040 4266 καὶ
1106 4213 1226 4267 κατ’
1279 4212 1496 4291 ἀριθμὸν
1554 4214 1831 4288 νεώτερον,
1896 4214 1921 4266 6

248 4302 306 4358 δὲ
353 4302 569 4382 ἄριθμός
626 4301 736 4356 ἐστι
790 4300 867 4374 τῷ
900 4298 1091 4368 πλήθει
1143 4302 1482 4381 φαινόμενος,
1517 4300 1641 4356 ὅσον
1698 4298 1920 4365 αὐξάνε-

245 4416 361 4472 ται,
409 4392 638 4473 ἔμφασιν
698 4390 1107 4469 ὑστεροχρονίας
1166 4389 1306 4469 ἔχει,
1371 4392 1468 4447 Διὰ
1528 4390 1682 4447 τοῦτο
1740 4393 1768 4447 6
1820 4388 1918 4464 μὲν

244 4485 403 4556 Θεὸς,
439 4484 510 4545 ὡς
570 4481 743 4543 αἴτιος
799 4482 903 4535 τῶν
947 4479 1278 4556 κτισμάτων,
1312 4479 1497 4561 ἀρχῆς
1544 4480 1630 4537 καὶ
1688 4477 1915 4553 μονάδος

241 4571 405 4649 λόγον
462 4571 701 4651 ἐπέχωνο
755 4569 820 4627 τὰ
879 4567 933 4623 δὲ
989 4569 1274 4648 κτίσματα,
1323 4559 1421 4633 ὡς-
1462 4569 1553 4626 ἀπ’
1614 4571 1770 4625 αὒτοῦ
1827 4559 1915 4624 καὶ

237 4662 451 4717 αἰτιατᾶ
482 4660 742 4737 πλήθους,
799 4658 1017 4722 εἰκότως
1051 4660 1077 4714 6
1130 4657 1227 4732 μὲν
1294 4660 1354 4715 16
1389 4659 1625 4740 ἀρχαῖον
1683 4658 1809 4733 ἕξει,
1844 4658 1909 4717 τὰ
1932 4645 1975 4695 D

241 4750 297 4807 δὲ
372 4750 637 4827 κτίσματα
722 4751 783 4806 16
883 4749 1019 4825 μετὰ
1106 4754 1273 4804 ταῦτα
1371 4750 1469 4818 τῆς
1571 4749 1749 4829 ἀρχῆς
1820 4748 1909 4804 καὶ

245 4841 491 4921 ὕστερον.

2008 3944 2301 4024 principio
2325 3963 2513 4024 usque
2540 3947 2611 4005 ad
2639 3945 2821 4006 ﬁnem
2842 3963 2949 4025 per
2971 3955 3277 4008 creaturas
3296 3966 3506 4009 omnes
3529 3967 3660 4028 per-

2007 4034 2251 4111 venire;
2277 4035 2367 4096 vel
2402 4034 2595 4107 tertio,
2625 4043 2693 4097 ut
2719 4035 2953 4096 divinus
2971 4036 3148 4115 bujus
3180 4038 3372 4097 Patris
3398 4037 3659 4098 initiator

2004 4142 2074 4184 ac
2106 4133 2440 4204 praeceptor
2461 4124 2826 4185 Hierotbeus
2855 4124 2956 4204 ait,
2991 4124 3149 4204 quod
3181 4136 3433 4204 utroque
3461 4126 3657 4189 divina

2007 4213 2136 4292 ejus
2151 4212 2809 4293 antiquitasiudicetur,
2845 4217 2922 4274 ita
2945 4221 3008 4274 ut
3035 4231 3142 4293 per
3175 4231 3380 4274 senem
3410 4215 3652 4290 quidem

2004 4300 2063 4362 id
2098 4302 2251 4382 quod
2284 4302 2590 4382 antiquum
2624 4311 2684 4363 et
2731 4303 2986 4383 primum
3023 4310 3115 4364 est
3142 4302 3515 4385 declaretur;
3551 4323 3656 4384 per

1994 4390 2279 4469 juvenem
2307 4409 2476 4471 vero,
2504 4391 2785 4470 quoniam
2808 4390 2963 4452 sicut
2985 4397 3042 4451 in
3069 4391 3337 4453 numeris
3362 4393 3656 4474 principa-

2000 4480 2114 4543 lior
2144 4479 2387 4560 quidem
2422 4488 2511 4542 est
2538 4481 2756 4556 unitas,
2788 4499 2922 4542 cum
2947 4482 3022 4541 sit
3047 4486 3103 4540 in
3136 4482 3403 4543 numeris
3437 4500 3653 4545 receno

2004 4569 2136 4649 tior,
2192 4587 2479 4630 numerus
2531 4578 2738 4630 autem
2786 4569 2845 4629 iu
2901 4570 3286 4631 multitudine
3332 4589 3654 4651 apparens,

1995 4666 2170 4738 prout
2221 4665 2495 4738 augetur,
2555 4659 3060 4739 posterioritatem
3094 4660 3379 4740 temporis
3404 4660 3653 4724 obtinet.

1994 4746 2231 4815 Idcirco
2257 4750 2420 4810 Deus
2441 4748 2706 4828 quidem,
2733 4757 3008 4827 tanquam
3035 4767 3206 4811 causa
3230 4759 3656 4824 creaturarum,

1997 4836 2284 4917 principii
2305 4845 2484 4916 atque
2506 4838 2753 4899 unitatis
2781 4837 3071 4899 rationem
3094 4837 3346 4911 habens;
3368 4849 3657 4901 creatura)

247 4948 418 5007 vero,
450 4937 730 5009 tanquam
760 4927 833 4988 ab
866 4926 993 5007 ipso
1028 4934 1086 4990 et
1136 4945 1313 4989 causa
1348 4925 1749 4988 multitudinis
1786 4942 1802 4999 ;
1837 4926 1971 5007 ipse
2029 4926 2269 5005 quidem
2305 4925 2552 4990 habebit
2580 4927 2640 4988 id
2674 4929 2830 5007 quod
2864 4927 3166 5009 antiquius
3195 4935 3308 4999 est,
3343 4937 3652 5009 creatura},

249 5038 395 5083 vero
427 5019 480 5081 id
525 5016 683 5099 quod
718 5020 852 5096 post
881 5016 1240 5098 principium
1274 5025 1333 5079 et
1364 5016 1658 5099 posterius
1687 5015 1910 5077 existit.

342 5111 372 5192 ᾗ
427 5107 530 5173 ΙΙΙ,
572 5105 846 5165 Εἰσϐάλλει
905 5108 1024 5185 περὶ
1086 5107 1245 5166 αὐτοῦ
1291 5119 1385 5168 τοῦ
1441 5109 1637 5188 χρόνου
1691 5108 1779 5163 καὶ
1828 5113 1919 5164 τοῦ

257 5203 449 5264 αἰῶνος
559 5196 756 5270 εἰπεῖν,
838 5196 1114 5276 σοφώτατα
1212 5198 1737 5278 κατασφαλιζόμενος
1826 5200 1919 5251 16v

255 5288 521 5369 ἀκροατὴν
598 5288 671 5351 εἰς
755 5280 1043 5361 εὒσέϐειαν,
1105 5288 1191 5343 καὶ
1264 5289 1502 5368 φάσκων,
1565 5288 1643 5363 μὴ
1718 5290 1941 5366 χρῆναι,

254 5383 509 5437 ὑπονοεῖν
572 5378 638 5433 τὰ
685 5373 949 5454 λεγόμενα
1003 5375 1187 5431 αἰώνια
1244 5379 1379 5436 κατὰ
1437 5380 1588 5435 τοῦτο
1642 5379 1731 5433 καὶ
1792 5397 1916 5431 συνε-

256 5468 411 5527 aid-.0:
481 5468 621 5525 εἶναι
671 5468 786 5537 Θεῷ
857 5464 933 5539 τῷ
990 5466 1091 5542 πρὸ
1136 5466 1367 5526 αἰώνων.
1423 5468 1498 5526 Τὰ
1555 5473 1682 5545 γοῦν
1744 5465 1919 5532 πάντη

259 5561 350 5617 καὶ
392 5556 669 5620 ἂπολύτως
705 5554 938 5632 ἀγένητα
971 5555 1060 5610 καὶ
1089 5553 1237 5613 ἀίδια
1304 5558 1369 5614 τὰ
1426 5556 1510 5614 ἐπὶ
1544 5564 1675 5614 Θεοῦ
1732 5557 1920 5633 κυρίως

261 5649 472 5707 αἰώνια
541 5648 587 5704 οὶ
663 5643 717 5701 δὲ
780 5640 1027 5722 ἄφθαρτοι
1093 5643 1315 5724 ἂγγελοι
1401 5647 1601 5707 αἱώνιοι
1677 5643 1920 5723 λέγονται

2083 5106 2111 5185 §
2146 5103 2247 5168 [ΙΙ.
2272 5106 2485 5187 Incipit
2508 5105 2726 5186 deipso
2746 5113 3016 5186 tempore
3040 5117 3098 5169 et
3118 5108 3451 5171 mternitate
3472 5112 3656 5173 verba

2002 5197 2219 5276 facere,
2238 5196 2676 5275 sapientissime
2705 5213 2990 5256 securum
3025 5197 3287 5261 reddens
3314 5198 3649 5263 auditorem

2002 5287 2064 5349 in
2085 5285 2397 5364 religione,
2422 5284 2563 5346 508
2591 5304 2657 5346 ac
2690 5285 2899 5345 dicens
2933 5303 3052 5348 non
3078 5287 3299 5350 debere
3327 5288 3659 5352 existimari

2004 5395 2072 5438 ea
2090 5394 2225 5455 quae
2237 5375 2779 5454 :eternadicuntur,
2796 5373 2931 5436 ideo
2948 5393 3077 5438 esse
3091 5379 3216 5440 Deo
3230 5386 3522 5439 coaeterna
3545 5379 3658 5459 qui

2004 5473 2092 5529 est
2115 5472 2250 5527 ante
2270 5466 2508 5531 saecula.
2525 5465 2609 5527 Ea
2630 5465 2857 5545 itaque,
2879 5482 3011 5544 quae
3030 5467 3274 5528 omnino
3300 5475 3359 5528 et
3382 5466 3659 5529 absolute

2004 5554 2268 5635 ingenita
2288 5563 2348 5617 et
2373 5555 2735 5638 sempiterna
2758 5562 2893 5614 sunt
2914 5555 2973 5615 in
2998 5555 3144 5637 Deo,
3177 5555 3415 5636 proprie
3434 5564 3659 5619 aeterna

2008 5654 2178 5722 sunt;
2202 5646 2401 5725 angeli
2424 5665 2563 5709 vero
2587 5642 3098 5726 incorruptibiles,
3125 5645 3333 5707 aeterni
3355 5645 3654 5729 dicuntur,
