4134 6156
189 3638 203 3675 Ι

260 387 377 460 949
1287 397 1386 460 DE
1428 397 1726 464 DIVINIS
1767 397 2218 478 NOMINIBUS,
2264 398 2431 462 CAP.
2480 396 2586 462 XI.
3527 393 3648 466 950

253 530 421 596 πανὸς
483 527 713 606 πόλεμον
771 529 986 598 ἐνούσης
1044 531 1117 594 εἷς
1172 529 1393 606 ὁμοειδῆ
1467 533 1752 593 συνοικίαν.
1815 538 1894 606 Τῇ

1989 530 2139 609 digat
2164 530 2480 606 unitatem,
2509 539 2688 612 atque
2725 531 3078 596 intestinum
3112 531 3342 597 bellum
3373 529 3644 598 universi

257 627 472 700 μετοχῇ
531 626 624 696 τῇς
684 621 822 683 θείας
883 621 1096 699 εἰρήνης
1140 623 1193 676 αἱ
1247 629 1370 699 γοῦν
1419 620 1760 702 πρεσϐύτεραι
1820 622 1906 672 1οί]

1991 622 2061 682 ad
2095 621 2455 684 concordem
2503 621 2746 684 inducat
2792 624 3347 707 commorationem,
3381 624 3538 699 Quin
3580 633 3640 689 et

254 717 362 766 τῶν
406 713 727 787 συναγωγών
770 709 1041 784 δυναμεων
1070 711 1222 769 αὗταί
1264 733 1320 767 τε
1350 711 1371 754 1
1417 713 1548 791 πρὸς
1590 714 1776 776 ἑαυτὰς
1819 716 1906 772 καὶ

1991 711 2206 773 divinae
2255 712 2416 792 pacis
2465 711 2930 794 participatione
2963 713 3174 794 prima;
3203 714 3454 778 virtutes
3483 733 3636 778 con-

253 802 388 880 πρὸς
435 799 672 870 ἀλλήλας
726 801 984 872 ἐνοῦνται,
1017 803 1102 856 καὶ
1153 804 1280 878 πρὸς
1315 802 1412 869 τὴν
1457 802 1580 878 μίαν
1611 804 1716 859 τῶν
1767 803 1906 860 ὃλων

1991 801 2326 876 ciliatrices,
2363 811 2422 863 et
2454 821 2658 864 secum
2692 803 2836 882 ipsa
2864 811 2926 866 et
2947 801 3108 864 inter
3137 821 3224 882 se,
3258 813 3316 866 et
3344 823 3480 867 cum
3516 823 3637 868 una

254 891 621 969 ε’ρηναρχίκν,
655 891 743 945 καὶ
793 892 858 946 τὰ
887 890 972 970 ὑφ’
1020 892 1206 956 ἑαυτὰς
1251 893 1452 948 ἑνοῦσιν
1501 893 1632 949 αὒτά
1660 914 1718 950 τε
1772 895 1903 972 πρὸς

1993 892 2194 954 mundi
2255 910 2400 972 pace
2459 891 2650 972 prima
2691 893 3172 974 conjunguntur;
3227 894 3636 975 inferioraque

255 981 436 1054 ἑαυτὰ,
472 983 560 1037 καὶ
589 983 718 1059 πρὸς
774 980 1005 1056 ἄλληλα,
1038 984 1124 1039 καὶ
1162 985 1291 1062 πρὸς
1337 985 1434 1050 τὴν
1467 985 1589 1057 μίαν
1621 986 1708 1042 καὶ
1761 1008 1900 1042 παν-

1990 988 2113 1044 tum
2160 981 2289 1061 ipsa
2331 1001 2535 1044 secum
2587 991 2710 1044 tum
2761 983 2922 1044 inter
2965 1000 3032 1045 se
3062 982 3461 1063 conjungunt,
3507 993 3631 1046 tum

253 1071 388 1138 τελῆ
419 1072 516 1137 τῆς
543 1073 755 1126 πάντων
786 1073 998 1148 ειρήνης
1027 1071 1202 1152 ἀρχήν
1246 1075 1332 1130 καὶ
1363 1075 1554 1154 αἰτίαν,
1586 1074 1726 1148 ἥτις,
1760 1074 1899 1142 ἆμε-

1989 1090 2119 1133 cum
2151 1091 2289 1148 uno,
2318 1091 2510 1153 eoque
2540 1072 2806 1154 perfecto
2837 1073 3104 1134 omnium
3137 1072 3298 1152 pacis
3330 1072 3625 1154 principio

298 1167 360 1198 ..ρ
419 1164 429 1182 ν
510 1160 602 1200 ρ-ί)
677 1185 685 1200 ι
986 1161 1010 1180 ρο
1107 1187 1129 1200 μ
1197 1164 1222 1185 υ
1522 1183 1532 1190 _
1687 1166 1698 1184 ρ

254 1183 361 1240 ρω..
419 1175 770 1228 επιωοηκδϊα
819 1175 934 1226 τοῖς
984 1161 1154 1242 ολοις,
1188 1187 1367 1243 ωσπερ
1428 1187 1534 1221 τισι
1585 1165 1840 1244 κλειθροις
1871 1164 1902 1214 2

250 1258 361 1306 τῶν
431 1250 766 1328 διῃρημένων
841 1267 1287 1328 court-commota,
1333 1255 1398 1310 τὰ
1471 1276 1643 1313 παντα
1713 1257 1894 1332 ὁρίζει,

249 1342 341 1396 καὶ
410 1343 661 1420 περατοῖ,
723 1343 811 1398 καὶ
867 1342 1230 1424 ἀσφαλίζεται,
1293 1345 1380 1401 καὶ
1431 1346 1525 1400 οὐκ
1583 1344 1642 1417 ἐᾷ
1701 1344 1900 1424 διαιρε-

251 1430 410 1487 θέντα
463 1432 689 1510 χυοῆναι
721 1435 852 1510 πρὸς
886 1434 946 1488 τὸ
1005 1431 1217 1510 ἄπειρον
1247 1435 1333 1488 καὶ
1383 1433 1648 1514 ἀόριστον,
1679 1433 1900 1508 ἄτακτα,

251 1522 345 1577 καὶ
405 1521 668 1601 ἀνίορυτα,
723 1524 810 1578 καὶ
865 1521 1038 1598 ἔρημα
1099 1530 1230 1580 Θεοῦ
1296 1524 1624 1606 γιγνόμεναι
1671 1527 1756 1582 καὶ
1805 1531 1904 1593 τῆς

253 1611 456 1668 ἑαυτῶν
516 1613 753 1677 ἑνώσεως
801 1611 1026 1693 ἐξιόντα,
1063 1615 1148 1668 καὶ
1192 1613 1246 1668 ἐν
1304 1613 1560 1684 ἀλλήλοις
1613 1617 1906 1693 παμμιγῶς

251 1703 654 1781 συμφυρόμενα,
724 1697 846 1778 Περὶ
904 1701 999 1777 μὲν
1061 1711 1149 1758 οὖν
1200 1706 1390 1783 αὐτῆς,
1445 1702 1472 1758 ὅ
1524 1725 1570 1760 τι
1615 1705 1745 1761 ποτε
1797 1708 1907 1760 ἔστι

250 1795 356 1857 τῆς
399 1792 536 1856 Θείας
579 1793 793 1868 εἰρήνης
847 1793 936 1848 καὶ
988 1794 1245 1867 ἡσυγίας,
1289 1793 1354 1861 ἢν
1415 1796 1442 1849 ὁ
1486 1795 1623 1872 ἱερὸς
1677 1793 1906 1858 Ἰοῦστος

255 1881 534 1960 ἁψθεγξίαν
616 1880 800 1960 καλεῖ,
893 1882 979 1938 καὶ
1064 1883 1152 1939 ἐπὶ
1232 1889 1401 1939 πᾶσαν
1468 1886 1906 1962 γιγνωσκομένην

253 1969 481 2049 πρόοδον
540 1971 842 2045 ἀκινησίαν,
903 1971 1050 2035 ὅπως
1109 1994 1168 2028 τε
1240 1973 1458 2051 ἠρεμεῖ,
1535 1977 1622 2031 καὶ
1677 1977 1904 2056 ἡσυχίαν

255 2063 401 2141 ἄγει,
479 2063 562 2118 καὶ
613 2061 756 2127 ὅπως
811 2061 865 2116 ἐν
919 2063 1082 2138 ἑαυτῇ
1147 2064 1234 2120 καὶ
1294 2062 1430 2120 εἵσω
1502 2065 1697 2132 ἑαυτῆς
1769 2066 1906 2147 ἐστι,

259 2154 348 2210 καὶ
407 2153 535 2226 πρὸς
603 2152 766 2218 αὐτὴν
839 2149 970 2219 ὅλην
1047 2151 1148 2219 ὅλη
1206 2155 1564 2230 ὺπερήνωται,
1627 2155 1721 2211 καῖ
1793 2155 1910 2212 οὔτε

259 2243 338 2304 εἷς
413 2242 604 2308 ἑαυτὴν
689 2243 940 2322 εἶσιοῦσα,
1013 2243 1100 2299 καὶ
1166 2243 1707 2315 πολλαπλασιάζουσα
1783 2246 1908 2302 ἑαυ-

256 2331 360 2398 τὴν
391 2329 668 2387 ἀπολείπει
724 2332 819 2400 τήν
855 2332 1040 2399 ἑαυτῆς
1089 2331 1296 2406 ἕνωσιν,
1343 2333 1480 2388 ἀλλὰ
1537 2337 1630 2391 καὶ
1679 2337 1910 2413 πρόεισιν

259 2419 348 2477 ἐπὶ
405 2422 576 2477 πάντα
606 2419 748 2478 ἔνδον
781 2421 882 2489 ὅλη
937 2421 1172 2498 μένουσα
1203 2420 1270 2478 δι’
1300 2421 1597 2501 ὑπερϐολὴν
1630 2431 1726 2491 τῆς
1770 2426 1912 2486 πάν-

253 2529 324 2568 τα
365 2511 734 2590 ὑπερεχούσης
782 2511 1048 2590 ἓνώσεως,
1079 2511 1197 2568 οὔτε
1241 2513 1442 2592 εἰπεῖν,
1489 2511 1605 2570 οὔτε
1665 2513 1913 2582 ἐννοῆσαί

250 2624 358 2658 τινι
389 2607 494 2657 τῶν
547 2601 734 2678 ὄντων,
773 2600 888 2658 οὕνε
933 2602 1144 2675 θεμιτὸι
1203 2601 1318 2659 οὔτε
1350 2601 1586 2682 ἐφικτόν.
1647 2601 1795 2660 Ἀλλ’
1839 2607 1910 2666 ὡς

252 2690 549 2770 ἄφθεγκτον
607 2693 692 2748 καὶ
747 2699 930 2765 τοῦτο,
977 2693 1063 2748 καὶ
1121 2691 1394 2768 ἄγνωστον
1446 2691 1532 2748 ἐπ’
1579 2693 1742 2761 αὐτὴν
1774 2695 1908 2752 ἀνα-

248 2782 455 2856 Θέντες,
488 2781 561 2845 ὡς
609 2781 820 2837 πάντων
883 2788 1042 2838 οὖσαν
1101 2780 1371 2861 ἐπέκεινα,
1415 2783 1509 2848 τᾶς
1555 2785 1750 2850 νοητὰς
1810 2787 1910 2842 αὖ-

250 2871 350 2938 τῆς
421 2873 506 2928 καὶ
564 2871 728 2947 ῥητὰς
806 2872 1106 2944 μετουσίας,
1167 2875 1256 2928 καὶ
1313 2879 1471 2930 τοῦτο
1547 2875 1622 2936 ὡς
1694 2872 1908 2932 δυνατὸν

252 2959 492 3040 ἀνδράσι,
555 2963 640 3018 καὶ
710 2963 850 3035 ἡμῖν
905 2961 1122 3019 πολλῶν
1181 2963 1384 3044 ἀνδρῶν
1429 2965 1636 3044 ἀγαθῶν
1681 2965 1905 3024 ἀπολει-

251 3054 532 3128 πομένοις,
567 3052 1020 3130 ἐπισκοπησωμεν
1059 3052 1114 3114 5.

1985 1170 2042 1224 et
2071 1169 2347 1234 auctore,
2385 1162 2490 1244 qui
2539 1162 2610 1224 ad
2663 1164 2865 1224 omnia
2914 1161 3221 1224 individue
3269 1181 3402 1226 cum
3451 1163 3636 1240 venit,

1986 1251 2154 1332 quasi
2203 1252 2480 1314 claustris
2535 1270 2604 1314 ac
2655 1253 2842 1332 septis
2889 1251 3242 1334 quibusdam
3284 1271 3412 1334 quas
3449 1253 3640 1316 divisa

1985 1352 2123 1402 sunt
2145 1342 2407 1421 cepulat,
2437 1342 2638 1404 omnia
2661 1342 2902 1416 deﬁnit,
2930 1339 3318 1419 determinat,
3341 1351 3400 1405 et
3416 1350 3634 1424 munit;

1986 1449 2185 1507 neque
2233 1432 2515 1509 permittit
2559 1431 2750 1493 divisa
2778 1432 2838 1492 in
2871 1429 3170 1493 inﬁnitum
3213 1431 3348 1494 sine
3379 1434 3635 1496 termino

1987 1521 2263 1595 diffundi,
2301 1539 2498 1604 neque
2519 1521 2876 1598 inordinata,
2907 1527 2967 1582 et
2993 1520 3138 1584 sede
3160 1523 3442 1597 carentia,
3469 1524 3634 1587 Deo-

1991 1631 2108 1690 que
2127 1613 2430 1687 destituta,
2455 1631 2624 1674 suam
2643 1612 2932 1675 unitatem
2955 1629 3217 1690 egressa,
3241 1611 3354 1674 sibi
3380 1612 3632 1676 invicem

1991 1703 2238 1764 confuse
2290 1702 2550 1765 misceri.
2601 1701 2688 1763 De
2740 1703 2872 1782 ipsa
2927 1700 3108 1780 igitur
3148 1701 3346 1764 divina
3393 1721 3536 1783 pace
3567 1721 3638 1766 ac

1989 1791 2248 1872 silentio,
2283 1811 2458 1873 quam
2491 1801 2728 1854 sanctus
2768 1794 2970 1854 Justus
3020 1799 3184 1854 vocat
3236 1791 3636 1855 insonantiam

1991 1891 2050 1944 et
2079 1881 2556 1944 immobilitatem
2610 1881 2683 1944 ad
2734 1899 2974 1943 omnem
3021 1882 3456 1944 emanationem
3507 1899 3640 1963 quae

1931 1949 1970 2000 Β
1991 1970 2388 2050 cognoscitur,
2406 1972 2688 2052 quidnam
2715 1971 2951 2033 tandem
2966 1970 3064 2052 sit,
3083 1979 3144 2032 et
3159 1971 3458 2052 quomodo
3481 1949 3638 2035 Deus

1993 2063 2260 2142 quiescat
2289 2075 2346 2123 et
2369 2062 2564 2135 sileat,
2599 2069 2658 2123 et
2683 2060 2982 2139 quomodo
3008 2061 3068 2122 in
3097 2079 3164 2122 se
3193 2069 3250 2122 et
3270 2060 3426 2123 intra
3447 2080 3511 2124 se
3536 2061 3635 2142 sit,

1997 2163 2058 2214 et
2089 2161 2249 2214 totus
2278 2170 2480 2214 secum
2511 2151 2586 2212 sit
2609 2169 2788 2232 supra
2811 2169 2989 2232 quam
3015 2151 3236 2224 unitus,
3263 2159 3322 2213 et
3349 2169 3460 2214 nec
3485 2151 3548 2213 in
3570 2169 3638 2214 se

1997 2242 2360 2320 ingrediens,
2396 2250 2453 2304 et
2486 2261 2550 2303 se
2581 2241 2707 2322 ipse
2742 2239 3154 2320 multiplicans
3192 2239 3430 2302 deserat
3458 2239 3638 2303 unio-

1997 2350 2165 2412 nem;
2199 2324 2346 2412 quin
2379 2332 2574 2410 potius
2601 2331 2674 2392 ad
2705 2331 2908 2392 omnia
2953 2327 3259 2410 egreditur
3292 2336 3447 2391 totus
3477 2329 3638 2392 intus

1997 2441 2265 2496 manens,
2301 2430 2544 2502 propter
2590 2419 3001 2483 excellentiam
3035 2418 3275 2480 unionis
3301 2418 3503 2482 omnia
3530 2438 3636 2482 su-

2001 2512 2284 2592 perantis,
2311 2529 2507 2592 neque
2535 2511 2736 2572 dicere
2767 2527 2964 2590 neque
3003 2509 3260 2587 cogitare
3291 2508 3397 2570 ulli
3430 2527 3640 2573 eorum

1997 2603 2096 2682 qui
2146 2610 2284 2663 sunt
2331 2602 2417 2663 fas
2465 2609 2577 2682 est,
2625 2618 2822 2680 neque
2865 2597 3171 2680 possibile.
3207 2596 3326 2663 Sed
3357 2617 3494 2660 cum
3523 2599 3637 2662 hoc

1994 2693 2259 2772 alioquin
2332 2692 2530 2770 eloqui
2611 2709 2730 2752 non
2799 2689 3135 2770 possimus,
3221 2705 3332 2750 nec
3400 2689 3640 2771 assequi

1992 2783 2134 2842 διο
2183 2781 2596 2862 intelligendo,
2651 2779 2725 2841 ad
2777 2782 2966 2858 ipsam
3017 2785 3214 2840 tamen
3244 2777 3500 2840 divinam
3533 2796 3640 2860 pa-

1993 2889 2158 2943 cem,
2211 2879 2276 2932 ut
2319 2871 2471 2931 ultra
2518 2870 2721 2931 omnia
2775 2869 3068 2949 positam,
3123 2885 3364 2929 sursum
3423 2869 3634 2946 evecti,

1993 2961 2472 3044 participatioues
2505 2961 2656 3040 ejus,
2718 2977 2854 3038 quia
2901 2957 3314 3035 intelliguntur
3344 2967 3406 3020 et
3435 2959 3639 3022 nomi-

1991 3061 2226 3133 nantur,
2261 3050 2466 3132 idque,
2499 3058 2789 3127 quantum
2821 3048 3095 3110 homines
3125 3047 3214 3127 (et
3243 3064 3352 3109 nos
3377 3064 3636 3128 praeser-

1991 3145 2095 3205 tim
2117 3147 2220 3223 qui
2252 3141 2454 3204 multis
2488 3140 2659 3202 bonis
2689 3138 2831 3200 viris
2863 3141 3122 3220 impares
3151 3136 3382 3217 sumus)
3413 3155 3633 3202 conse-

1987 3233 2088 3314 qui
2113 3248 2456 3315 possumus,
2487 3228 2888 3294 attendamus.

1869 3363 1899 3442 θ
1942 3363 2018 3426 11.

225 3548 250 3588 ί
338 3491 434 3551 Καὶ
491 3491 699 3570 πρῶτόν
729 3512 790 3570 γε
846 3499 1000 3550 τοῦτο
1029 3493 1240 3570 ῥητέον,
1273 3493 1356 3548 ὅτι
1399 3491 1496 3560 τῆς
1547 3491 1896 3570 αὒτοειρήνης

2064 3489 2153 3551 Ac
2187 3485 2443 3586 primum
2475 3486 2716 3588 quidem
2751 3487 2866 3549 hoc
2888 3486 3224 3588 dicendum
3253 3493 3370 3588 est,
3401 3494 3465 3588 ut
3496 3503 3634 3549 cum

204 3575 340 3639 ιθκαὶ
400 3587 500 3648 τῆς
545 3579 677 3648 ὅλης
736 3583 823 3638 καὶ
865 3587 963 3650 τῆς
1021 3580 1139 3639 καθ’
1171 3581 1396 3640 ἕκαστόν
1450 3580 1592 3640 ἐστιν
1625 3582 1906 3644 ὑποστάτις

1994 3595 2102 3660 per
2131 3596 2195 3639 se
2227 3577 2413 3656 pacis,
2451 3584 2574 3637 tum
2609 3575 2962 3640 universalis
3005 3595 3073 3640 ac
3123 3575 3496 3658 particularis
3535 3593 3644 3656 pa-

175 3665 195 3735 ,"
251 3673 342 3728 καὶ
389 3671 470 3726 ὅτι
522 3669 693 3727 πάντα
753 3673 883 3749 πρὸς
944 3671 1154 3738 ἄλληλα
1205 3673 1575 3752 συγκεράννυσι
1631 3673 1766 3730 κατὰ
1807 3673 1906 3740 τὴν

1992 3669 2101 3741 cis,
2157 3666 2408 3728 effector
2463 3665 2514 3727 si
2567 3665 2698 3746 ipse
2745 3665 2928 3742 Deus,
2964 3675 3025 3729 et
3067 3675 3132 3730 ut
3163 3666 3364 3729 omnia
3395 3666 3552 3730 inter
3577 3683 3647 3729 se

251 3762 559 3842 ἆσύγχυτον
617 3761 786 3818 αὗτιῦν
851 3761 1062 3837 ἕνωσιν,
1107 3761 1224 3819 καθ’
1285 3765 1352 3832 ἢν
1407 3762 1712 3842 ἆδιαιρὲτθος
1758 3764 1906 3832 ἥνω-

1996 3767 2218 3830 mutuo,
2254 3755 2502 3817 minime
2532 3755 2781 3818 confusa
2809 3755 3076 3835 ipsorum
3112 3759 3272 3820 inter
3322 3775 3388 3820 se
3441 3764 3645 3819 mutuo

252 3850 414 3929 μένα,
445 3854 532 3906 καὶ
563 3848 888 3915 ἀδιαστάτως
941 3850 1088 3926 ὅμως
1119 3852 1381 3932 ἀκραιφνῇ
1429 3854 1565 3910 κατὰ
1594 3855 1656 3910 τὸ
1705 3855 1904 3910 οἰκεῖον

1993 3846 2437 3926 conjunctione,
2463 3845 2877 3920 commisceat;
2899 3847 3447 3928 quaconjunctioue
3459 3845 3646 3908 coha-

250 3941 447 3996 ἐιιαστα
520 3937 663 4004 εἶδος
721 3939 969 4015 ἕστηκεν,
1034 3945 1130 3999 οὒκ
1203 3940 1586 4018 ἐπιθολούμενα
1665 3941 1748 3999 διὰ
1807 3948 1904 4010 τῆς

1991 3939 2184 3999 rentia
2224 3935 2356 3998 sine
2401 3935 2694 3996 divisione
2745 3943 2802 3996 et
2832 3935 3135 4010 distantia,
3170 3937 3406 4016 singula
3446 3945 3647 3998 tamen

251 4033 383 4108 πρὸς
441 4031 508 4086 τὰ
579 4029 914 4104 ἀντικείμενα
991 4033 1252 4108 κράσεως,
1315 4031 1434 4088 ουδὲ
1492 4031 1906 4107 ἀπαμϐλύνοντά

1991 4026 2320 4088 secundum
2347 4025 2647 4106 propriam
2682 4025 2946 4105 speciem
2981 4044 3127 4106 pura
3155 4025 3510 4104 consistunt,
3541 4041 3649 4104 per

251 4143 297 4177 τι
356 4124 454 4188 τῆς
513 4119 772 4186 ἐνωτικῆς
831 4119 1095 4197 ἀκριϐείας
1167 4123 1250 4178 καὶ
1310 4123 1694 4200 καθαρότητος,
1775 4123 1906 4178 Μίαν

1993 4115 2437 4178 concretionem
2490 4115 2924 4176 contrariorum
2973 4115 3220 4176 minime
3268 4112 3643 4195 perturbata,

249 4211 341 4268 οὖν
397 4232 516 4266 τινα
573 4211 660 4265 καὶ
711 4207 887 4274 ἁπλῆν
945 4214 1044 4275 τῆς
1095 4211 1365 4286 εἰρηνικῆς
1414 4211 1656 4274 ἑνώσεως
1701 4213 1906 4288 Θεωρή-

1997 4207 2282 4286 quoniam
2314 4210 2576 4264 exactam
2629 4202 2799 4264 istam
2856 4203 3138 4265 unionem
3189 4221 3258 4265 ac
3315 4202 3640 4282 puritatem

247 4321 430 4374 σωμεν
511 4300 686 4377 φύσιν,
747 4296 964 4355 ἔνοῦσαν
1038 4299 1248 4354 ἃπαντα
1314 4300 1478 4376 ἑαυτῇ
1537 4300 1624 4356 καὶ
1699 4301 1906 4366 ἑαυτοῖς

1998 4295 2144 4355 nihil
2179 4295 2578 4371 interrumpit.
2612 4289 2800 4354 Unam
2825 4291 3000 4371 igitur
3031 4310 3288 4372 eamque
3308 4291 3647 4372 simplicem

248 4390 340 4446 καὶ
397 4387 675 4468 ἀλλήλοις,
735 4387 823 4444 καὶ
881 4385 1239 4458 διασώζουσαν
1293 4390 1468 4445 πάντα
1525 4388 1578 4445 ἐν
1625 4388 1906 4469 ἀσυγχύτῳ

1999 4393 2272 4444 naturam
2306 4379 2567 4461 paciﬁca;
2590 4379 2827 4442 unionis
2855 4380 3360 4463 contemplemur,
3383 4380 3500 4443 sibi
3529 4380 3648 4462 ipsi

247 4479 464 4535 πάντων
563 4483 770 4556 συνοχῇ
858 4477 944 4532 καὶ
1037 4479 1208 4554 ἅμιγῆ
1292 4479 1381 4535 καὶ
1475 4479 1906 4556 συγκεκραμένα,

1996 4483 2054 4536 et
2086 4473 2200 4534 illis
2225 4472 2374 4550 ipsis
2396 4481 2572 4553 atque
2597 4471 2846 4534 invicem
2879 4471 3082 4534 omnia
3106 4471 3510 4551 copulantem,
3533 4489 3646 4536 nec

253 4565 336 4624 Δι’
380 4567 445 4636 ἣν
498 4571 542 4624 οἱ
571 4570 705 4624 θεῖοι
756 4567 870 4630 νόες
929 4567 1198 4640 ἐνούμενοι
1249 4567 1375 4633 ταῖς
1427 4567 1664 4634 δοήσεσιν
1706 4569 1906 4623 ἑαυτῶν

1995 4582 2112 4625 non
2129 4563 2404 4624 universa
2427 4562 2748 4641 complexu
2767 4561 3024 4642 quodam
3043 4562 3310 4624 omnium
3329 4561 3644 4624 inconfuso

251 4659 495 4715 ἑνοῦνται
575 4659 663 4728 καὶ
715 4669 833 4719 τοῖς
893 4657 1220 4734 νοουμένοις·
1283 4659 1370 4714 καὶ
1434 4661 1579 4722 αὖθις
1669 4657 1754 4714 ἐπὶ
1812 4658 1906 4724 τὴν

1994 4659 2444 4732 contemperata
2488 4652 2717 4730 pariter
2757 4662 2938 4732 atque
2983 4651 3361 4734 impermista
3393 4669 3645 4714 conser-

251 4746 527 4825 ἐίγνωστον
585 4745 916 4802 ἀναϐαίνουσι
971 4753 1075 4802 τῶν
1109 4746 1236 4824 ὑπὲρ
1279 4757 1397 4806 νοῦν
1451 4746 1744 4824 ἱδρυμένων
1780 4768 1906 4802 συν-

1993 4753 2256 4804 vantem.
2293 4741 2408 4802 Per
2458 4741 2612 4802 hanc
2645 4741 2858 4802 divinas
2905 4750 3135 4804 mentes
3177 4741 3484 4820 copulatae,
3517 4740 3648 4805 suis

252 4839 418 4915 αφήν.
457 4835 538 4891 Δι’
582 4836 648 4904 ἢν
679 4837 729 4892 αἱ
761 4837 955 4915 ψυχαὶ,
992 4836 1114 4901 τοὺς
1147 4836 1510 4900 παντοδαποὺς
1547 4839 1718 4895 αὐτῶν
1749 4836 1780 4884 4
1807 4835 1906 4894 λό-

1995 4832 2142 4913 ipsa:
2153 4850 2284 4892 cum
2303 4829 2712 4910 intelligentiis
2731 4839 2852 4892 tum
2873 4819 3387 4894 rebusintellectis
3399 4831 3645 4908 conjun-

250 4948 378 5006 γους
447 4927 677 5000 ἐνοῦσαι,
753 4928 840 4982 καὶ
910 4927 1044 5003 πρὸς
1115 4927 1240 5002 μίαν
1323 4927 1507 5004 νοερὰν
1587 4926 1906 5002 συνάγουσαι

1995 4931 2236 5002 guntur,
2263 4927 2442 5000 atque
2471 4919 2670 4982 denuo
2699 4919 2992 4982 scandunt
3023 4920 3100 4982 ad
3131 4919 3494 4999 incognitum
3529 4937 3641 4982 eo-

253 5018 616 5094 ιιαθαρὸτητα,
694 5013 1058 5092 προϐαίνουσιν
1147 5017 1352 5079 οἰκείως
1437 5017 1683 5094 ἑαυταῖς,
1775 5013 1906 5091 ὃδῴ,

1994 5031 2124 5074 rum
2143 5029 2275 5092 quae
2303 5009 2485 5070 menti
2505 5009 2961 5090 supereminent
2980 5017 3340 5074 contactum.
3357 5011 3470 5073 Per
3485 5009 3642 5074 hanc

255 5109 344 5163 καὶ
394 5105 537 5170 τάξει
596 5102 681 5160 διὰ
741 5109 839 5171 τῆς
894 5103 1055 5162 asto»
1109 5107 1198 5162 καὶ
1255 5107 1479 5185 ἀμεροῦς
1538 5106 1771 5174 νοήσεως
1825 5105 1906 5160 ἐπὶ

1994 5105 2231 5180 animae,
2262 5099 2616 5178 multigenas
2647 5118 2783 5162 suas
2813 5100 3079 5162 rationes
3109 5099 3543 5183 connecteudo,
3567 5101 3645 5164 ad

254 5197 356 5264 τὴν
412 5197 542 5268 ὒπὲρ
585 5194 767 5262 νόησιν
817 5193 1025 5253 ἕνωσιν.
1076 5194 1156 5252 Δι’
1213 5195 1279 5262 ἣν
1329 5199 1362 5266 ἡ
1413 5195 1506 5270 μία
1548 5197 1636 5252 καὶ
1685 5193 1906 5252 ἀδιάλυ-

1995 5191 2313 5274 quamdam
2349 5188 2676 5269 spiritalem
2731 5190 3044 5270 puritatem
3093 5189 3372 5266 redactae,
3426 5208 3642 5271 proce—

255 5308 349 5348 τος
403 5285 617 5340 πάντων
662 5281 946 5358 συμπλοκή
1001 5286 1137 5340 κατὰ
1171 5285 1268 5351 ’τὴν
1325 5285 1466 5340 θείαν
1517 5283 1680 5351 αὑτῆς
1734 5284 1906 5362 ἁρμο-

1996 5279 2284 5362 dunt,sibi
2315 5279 2552 5360 propria
2581 5279 2671 5339 via
2713 5289 2770 5340 et
2799 5279 3152 5360 ordine,per
3187 5279 3639 5343 immaterialem

163 5423 180 5467 γ
258 5378 371 5432 νίαν
427 5375 726 5453 ὑφίσταται,
799 5372 896 5429 καί
953 5371 1296 5451 ἐναρμόζεται
1355 5375 1632 5455 συμφωνίᾳ
1702 5396 1904 5432 παντε-

1993 5381 2174 5467 atque
2196 5369 2509 5467 indivisam
2531 5368 3012 5466 intelligentiam,
3039 5367 3112 5467 ad
3137 5371 3420 5433 unionem
3438 5386 3641 5467 quam-

260 5465 352 5523 λεῖ
389 5463 484 5522 καί
541 5463 760 5538 ὁμονοίᾳ
815 5463 902 5518 καὶ
958 5465 1219 5544 συμφυΐα,
1254 5463 1588 5542 συναγομένη
1616 5485 1674 5520 τε
1732 5465 1901 5544 ἀσυγ-

1991 5463 2126 5524 dam
2141 5456 3229 5538 intelligentiasuperiorem.Perhanc
3241 5475 3356 5520 una
3368 5455 3636 5520 omnium

1591 5623 1850 5690 VARIAE
1910 5619 2343 5690 LECTIONES.

345 5786 422 5832 ¹⁰⁰
451 5788 666 5868 εἶξήνης
716 5783 1264 5868 qi_1tpeq€6ttpat,s.
1315 5786 1386 5853 D.
1423 5784 1490 5851 Ρ.
1525 5786 1626 5855 Sc.
1657 5786 1790 5851 Sar.
1880 5789 1900 5835 1
1934 5788 2083 5848 αὗταί
2129 5808 2210 5864 τε,
2245 5782 2311 5850 S.
2365 5779 2434 5864 Ρ,
2464 5779 2541 5851 D.
2619 5783 2647 5827 9
2693 5783 2936 5868 κλήροις,
2969 5779 3032 5846 S.
3114 5781 3148 5835 δ
3177 5779 3634 5862 ὲπισκοπήσομεν,

261 5868 330 5938 So
361 5871 460 5938 Sc.
490 5863 623 5934 Sar.
709 5867 742 5918 4
781 5866 1002 5949 ἕαυτῶν,
1036 5863 1105 5932 Ρ.
1139 5865 1273 5935 Sar.
