4134 6156
344 408 460 479 961

820 410 917 477 DE
962 406 1261 476 DIVINIS
1319 395 1773 483 NOMINIBUS,
1819 399 1983 465 CAP.
2031 384 2139 464 XI.
2187 433 2262 446 —
2311 400 2694 471 PARAPHR.
2744 384 3247 466 PACHYMEM

3620 388 3739 462 962

332 546 608 627 ἀφθεγξίαν
669 545 847 619 καλεῖ,
911 546 983 608 ὡς
1041 541 1397 617 σιωπωμένην
1456 542 1543 597 καὶ
1596 535 1837 618 κρύφίαν·
1886 535 2008 595 καίλ

2092 534 2124 596 d
2155 536 2321 627 quod
2360 538 2544 627 a_l)eo
2566 536 2927 627 destitutum
2945 535 3321 627 est,int'orme
3352 534 3416 597 ﬁt
3447 542 3506 597 et
3527 553 3740 627 expers

333 626 611 702 ἀκινησίαν
668 635 787 709 μὲν,
835 633 952 689 ἀλλ’
1011 633 1095 689 ἐπὶ
1153 638 1327 688 πᾶσαν
1379 631 1585 697 κίνησιν
1645 626 1985 706 γιθωσδιομέο

334 745 455 792 νην·
507 724 639 791 αὕτη
689 725 789 801 γὰρ
842 724 984 780 ἐστιν
1057 726 1091 793 ἡ
1125 723 1188 777 τὰ
1247 720 1418 777 πάντα
1491 719 1870 787 εἰδοποιήσασα
1900 717 1987 771 καὶ

337 816 628 893 κινήσασα,
691 813 795 881 ὅλη
824 814 925 890 γὰρ
955 812 1056 889 ὅλῇ
1116 813 1276 887 ἑαυτῇ
1337 811 1700 887 ὅπερήνωται,
1740 808 1826 862 καὶ
1857 805 1984 864 ἑαυ-

344 905 438 970 τὴν
495 902 1033 972 πολλαπλασιάζουσα
1092 912 1214 965 ταῖς
1272 898 1389 954 καθ’
1434 898 1655 954 ἕκαστον
1699 895 1986 973 εἶρηναίαις

335 992 604 1071 προόδοις,
665 990 778 1048 οὑδὲ
837 1012 967 1047 ποτε
1030 991 1125 1058 τὴν
1182 990 1378 1055 ἑαυτῆς
1440 989 1633 1043 ἑνιαίαν
1710 984 1988 1041 ἀπολείπει

336 1082 636 1149 ἁπλότητα,
704 1079 827 1155 Περί
873 1080 1069 1145 ταύτης
1126 1078 1298 1134 τοίνυν
1343 1078 1459 1134 οὔτε
1507 1079 1679 1133 εἰπεῖν
1728 1071 1836 1130 οὔτ’
1896 1074 1987 1128 ὲν-

342 1176 529 1240 νοῆσαι
564 1171 599 1237 ἢ
651 1169 867 1226 δυνατὸν
908 1169 943 1237 ἢ
974 1170 1212 1246 Θεμιτὸν,
1273 1166 1410 1223 ἀλλᾶ
1471 1172 1667 1232 ταύτην
1696 1168 1769 1227 ὡς
1812 1164 1988 1242 ἄγνω-

340 1283 462 1317 στον
522 1257 608 1316 ἐπ’
671 1259 834 1326 αὖτὴν
890 1258 1189 1325 ἀναθέντες,
1222 1258 1316 1319 τὰς
1347 1257 1403 1311 ἐν
1431 1268 1552 1319 ταῖς
1598 1255 1836 1334 Γραφαῖς
1886 1266 1989 1331 ρη-

340 1352 514 1413 θείσας
566 1350 750 1413 νοντάς
811 1349 1090 1423 μετουσίας
1151 1351 1340 1426 αὐτῆς,
1408 1348 1481 1406 ὡς
1535 1343 1754 1401 δυνατὸν
1808 1344 1997 1426 ἀνθρῴ·

342 1461 488 1515 ποις,
527 1438 557 1507 ἢ
613 1437 819 1513 μᾶλλον
873 1450 992 1500 τοῖς
1036 1438 1294 1493 κάκείνων
1336 1433 1781 1510 ἂπολείπομένοις
1831 1434 1998 1512 ἡμῖν,

343 1529 712 1602 σκοπὴσωμεν
725 1573 735 1586 .

2072 624 2560 703 pulchritudinis.
2618 624 2699 686 De
2754 626 2866 687 hac
2916 626 3099 705 igitur
3149 626 3349 687 divina
3397 643 3543 705 pace
3592 624 3740 705 quid

2072 715 2313 775 tandem
2341 715 2443 795 sit,
2477 714 2680 776 dicere
2713 714 2955 794 refugit;
2986 715 3272 791 quoniam
3306 715 3460 775 hanc
3476 714 3650 775 etiam
3676 714 3739 775 in

2072 803 2236 865 Actis
2266 803 2535 882 fJustus,
2572 823 2756 881 quem
2786 817 2847 866 et
2874 803 3057 867 Josen
3090 801 3482 865 nominabant
3543 806 3745 884 ἄφθεγ-

2070 893 2177 958 ξίαιι
2211 903 2399 967 vocat,
2428 895 2657 975 quippe
2679 894 2955 955 silentem
2991 903 3051 955 et
3082 892 3403 969 occultam;
3437 903 3498 954 et
3531 893 3742 954 immo-

2073 982 2366 1045 bilitatem
2383 983 2768 1063 quidem,sed
2784 983 2856 1044 ab
2873 983 3037 1043 omni
3056 996 3221 1043 motu
3240 982 3737 1061 cognoscibilem;

2072 1073 2197 1133 haac
2231 1073 2391 1134 enim
2419 1082 2509 1134 est
2543 1091 2675 1150 quas
2704 1072 2985 1135 informat
3030 1081 3088 1134 et
3136 1079 3329 1133 movet
3360 1072 3584 1146 omnia,
3620 1081 3741 1135 tota

2073 1163 2231 1222 enim
2256 1162 2369 1223 sibi
2403 1163 2506 1223 toti
2530 1163 3010 1242 superunitur;et
3046 1180 3183 1225 cum
3211 1162 3591 1242 semetipsam
3617 1163 3740 1225 sin-

2078 1250 2241 1330 gulis
2266 1252 2529 1332 pacificis
2548 1251 3026 1330 processionibus
3053 1250 3736 1334 multiplicat,nunquam

2080 1340 2216 1400 5”
2245 1350 2442 1403 tamen
2476 1340 2714 1403 unicam
2747 1341 2910 1402 illam
2943 1358 3109 1402 suam
3155 1340 3741 1423 simplicitatemﬁo-

2084 1430 2252 1492 serit.
2291 1434 2374 1494 De
2399 1433 2508 1492 hac
2542 1434 2743 1511 itaque
2768 1450 2964 1512 neque
2994 1430 3221 1505 dicere,
3255 1449 3450 1512 neque
3480 1433 3744 1511 cogitare

2085 1519 2408 1601 quidquam
2423 1520 2511 1581 fas
2532 1528 2627 1581 est
2642 1520 2730 1582 vel
2761 1519 3178 1600 possibile;sed
3213 1520 3659 1602 hanctanquam
3680 1521 3744 1582 in

345 1632 410 1679 se
454 1618 713 1696 ignotam
747 1624 1121 1696 enarrantes,
1157 1612 1539 1676 intellectiles
1589 1613 1719 1692 ejus
1780 1609 2264 1693 participationes
2328 1609 2391 1671 in
2420 1608 2747 1691 Scripturis
2800 1610 3148 1689 recensitas,
3180 1609 3338 1690 quod
3398 1610 3742 1674 hominibus

343 1706 436 1768 vel
468 1705 663 1787 potius
697 1705 868 1767 nobis
897 1705 1028 1766 aliis
1058 1703 1468 1778 inferioribus,
1507 1701 1789 1782 possibile
1822 1708 1935 1774 est,
1969 1698 2454 1762 consideremus.

427 1794 557 1875 δη.
605 1801 820 1872 Πρῶτον
877 1795 1047 1851 τοίνυν
1101 1793 1352 1872 λέγομεν,
1405 1793 1486 1849 ὅτι
1556 1794 1590 1860 ἠ
1647 1794 1756 1848 Θεία
1818 1789 2065 1887 ὲκεῖνηδ,

349 1889 532 1963 εἰρήνη
573 1888 607 1953 ἡ
640 1886 932 1963 ἀφθεγκτος
1005 1890 1099 1947 τᾶς
1162 1884 1511 1967 αὐτοειρήνης
1564 1884 1707 1939 ἐστὶν
1768 1881 2002 1938 ὅποστέ-

349 1998 452 2051 τις,
513 1976 648 2036 κατὰ
705 1976 824 2038 τοὺς
857 1975 1047 2052 λόγους
1091 1971 1208 2029 καθ’
1266 1972 1353 2034 οὓς
1414 1972 1666 2047 ἐλέγομεν
1712 1970 2005 2047 ἔμπροσθεν

350 2068 467 2145 περὶ
503 2070 601 2133 τῆς
673 2064 971 2136 αὐτοζωῆς,
1041 2053 1219 2129 ’Ὅλην
1253 2062 1306 2118 δὲ
1350 2063 1465 2119 καθ’
1521 2060 1746 2118 ἕκαστον
1790 2061 2004 2139 εἰρήνην

352 2154 497 2232 λέγει
558 2154 715 2227 ὅλην,
781 2153 897 2211 καθ’
962 2152 1027 2221 ἦν
1071 2154 1137 2208 τὰ
1206 2153 1379 2208 πάντα
1438 2149 1741 2229 συνάγεται,
1793 2153 1881 2206 καὶ
1931 2151 2004 2211 εἰς

356 2247 483 2320 μίαν
550 2242 730 2323 ἓφεσιν
787 2244 1112 2299 ἀνατείνεται
1180 2241 1539 2319 μεμερισμένοι
1611 2252 1734 2305 ταῖς
1792 2242 2004 2321 φύσεσιν

356 2334 509 2389 ὂντα·
570 2331 690 2389 γαθ¹
754 2331 976 2388 ἕκαστον
1035 2331 1112 2404 δὲ,
1160 2331 1276 2388 καθ’
1314 2330 1374 2396 τίν
1415 2331 1660 2409 ἕκαστον,
1692 2332 1791 2397 τὴν
1823 2331 2007 2386 ἑαυτοῦ

362 2422 587 2489 ἑνότητα
666 2420 952 2500 φυλάττον,
1025 2420 1084 2477 οὔ
1140 2418 1415 2499 διαχὲεται
1478 2423 1607 2498 πρὸς
1680 2421 1871 2500 φθοράν
1920 2420 2007 2474 καὶ

362 2510 700 2591 ἀνυπαρξίαν,
767 2510 798 2566 ἄ
857 2508 922 2576 δὴ
979 2509 1225 2587 ἀνωτέρω
1284 2510 1438 2565 εἶπεν
1469 2510 1680 2588 ἄπειρον
1725 2512 1810 2565 καὶ
1853 2509 2006 2586 ἀόρι-

360 2623 509 2662 στον.
570 2600 878 2676 Σημείωσαι
933 2597 1011 2672 δὲ,
1075 2600 1154 2655 ὃτι
1214 2600 1280 2655 τὰ
1333 2599 1428 2675 μὲν
1460 2601 1558 2656 ὃλκ
1601 2598 1785 2655 ἕνωσιν
1816 2598 2006 2676 λέγον-

358 2713 445 2748 ται
502 2690 651 2770 ἔχειν
705 2693 836 2768 πρὸς
888 2688 1120 2769 ἃλλῆλα,
1175 2690 1237 2745 τὸ
1280 2687 1335 2744 δέ
1399 2689 1453 2745 ’ἐν
1508 2691 1637 2765 πρὸς
1697 2689 1851 2748 ἑαυτὸ
1883 2688 2005 2743 ενό-

356 2797 517 2848 τητα⁶
550 2783 637 2836 καὶ
696 2782 757 2836 τὸ
807 2780 902 2855 μὲν
952 2778 1029 2852 ἔν,
1065 2780 1550 2857 συγκρατούμενον,
1624 2782 1683 2836 οὗ
1731 2777 2005 2857 διαχέεται

358 2873 489 2949 πρὸς
545 2873 607 2927 τὸ
665 2872 905 2946 ἄπειρον,
958 2872 1024 2925 τὰ
1065 2868 1121 2924 δὲ
1169 2866 1292 2945 ὅλα,
1325 2871 1805 2948 συγκεραννύμενα,
1851 2868 2009 2942 ἀσύγ-

358 2983 499 3040 χυτα
556 2960 823 3037 μένουσιν,
890 2962 947 3017 Ei
991 2961 1091 3038 γὰρ
1149 2963 1236 3017 καὶ
1303 2962 1368 3016 τά
1412 2974 1693 3041 στοιχεῖα,
1726 2959 1877 3039 φησὶ,
1911 2959 2008 3026 τὴν

358 3054 489 3129 πρὸς
549 3049 759 3118 ἂλληλα
817 3048 1130 3126 συμπλοκὴν
1190 3052 1277 3106 καὶ
1334 3051 1473 3126 μίξιν
1517 3049 1806 3128 ἀδιαίρετον
1840 3048 2006 3128 ἔχου-

361 3163 465 3215 σιν,
525 3139 646 3196 ἀλλ’
715 3140 859 3215 ὅμως
919 3142 972 3196 αἱ
1012 3140 1213 3197 τούτων
1273 3142 1557 3207 ποιότητες
1601 3147 1701 3208 την
1740 3141 2009 3217 ἀκρότητα

361 3232 562 3287 ἑαυτῶν
618 3233 678 3287 οὒ
731 3228 1214 3308 παραπολλύουσιν,
1258 3243 1376 3287 οῖον
1424 3231 1483 3287 τὸ
1540 3233 1754 3307 θερμὸν,
1802 3231 1863 3285 τὸ
1905 3226 2010 3294 ξη-

361 3323 473 3398 ρὸν,
506 3322 593 3377 καὶ
648 3321 714 3377 τὰ
744 3319 926 3398 λοιπὰ,
988 3320 1042 3374 ἐν
1085 3321 1184 3386 τὴν
1245 3322 1350 3375 τών
1393 3319 1696 3399 ἐτεροέιδῶν
1726 3342 1911 3398 κρασει
1943 3326 2012 3398 τῇ

363 3409 418 3465 ἐν
442 3416 518 3483 τῷ
547 3412 700 3467 παντὶ
758 3408 1116 3487 θεωρουμένῃ.
1184 3414 1376 3487 Κρᾶσιν
1430 3411 1531 3486 γὰρ
1589 3409 1807 3468 ἐνταῦθα
1876 3434 2011 3479 νοη-

363 3498 482 3555 τέον
527 3499 585 3556 οὗ
642 3500 741 3566 τὴν
798 3500 871 3559 ὡς
917 3497 1002 3553 ἐπὶ
1044 3503 1149 3553 τῶν
1180 3498 1352 3576 ὑγρῶδ
1384 3499 1591 3577 φύρσιν,
1623 3499 1719 3565 τὴν
1751 3501 1840 3556 καὶ
1870 3500 2012 3580 ἀφα-

362 3591 601 3660 νίζουσαν
656 3590 723 3644 τὰ
790 3588 1133 3663 ὑποκείμενα,
1222 3586 1360 3643 ἀλλά
1428 3589 1516 3655 τὴν
1571 3589 1869 3664 σύμπνοιαν
1927 3588 2014 3647 καὶ

364 3677 728 3758 ἀλληλουχίαν
793 3678 885 3746 τὴν
940 3677 995 3732 ἐν
1043 3677 1268 3754 άρμονία
1344 3675 1707 3754 φυλάττουσαν
1755 3680 1821 3735 τὰ
1880 3680 2007 3760 ὑφε-

365 3768 564 3826 στῶτα.
618 3767 895 3840 Νοήσομεν
950 3772 1067 3844 γοῦν
1128 3764 1251 3841 μίαν
1310 3766 1428 3823 τινὰ
1492 3766 1672 3833 ἀπλήν
1716 3768 1870 3824 οἱονεὶ
1911 3769 2012 3848 φύ-

364 3881 446 3914 σιν
480 3857 692 3934 εἰρήνης
737 3855 1156 3933 ἐνθεωρουμένην
1183 3855 1306 3918 τοῖς
1360 3860 1538 3930 πᾶσιν,
1573 3855 1794 3913 ἐνοῦσαν
1836 3857 2013 3915 ἄπαν-

363 3968 459 4011 τας
516 3947 699 4023 ἑαυτῇ,
761 3947 849 4003 καὶ
921 3948 987 4003 τὰ
1029 3947 1203 4003 πάντα
1263 3943 1539 4025 ἀλλόλοις,
1604 3950 1689 4003 καὶ
1732 3949 1798 4004 τά
1841 3949 2016 4007 πάντα

365 4036 603 4115 ἑαυτοῖς,
663 4037 751 4093 καὶ
829 4035 1211 4117 φυλάττουσαν,
1271 4038 1358 4092 καὶ
1429 4035 1602 4114 ἀμιγῆ
1662 4039 1752 4094 καὶ
1816 4060 2014 4117 συγκε-

361 4126 619 4205 κραμένα·
653 4126 847 4204 ἀμιγῆ,
903 4128 969 4195 τῆ
1024 4126 1123 4198 ἰδίᾳ
1180 4126 1401 4183 ἑκάστου
1460 4127 1707 4193 ποιότητι
1747 4145 1760 4159 ⁶
1817 4150 2011 4206 συγκε-

2167 1787 2300 1867 §Il.
2336 1787 2598 1850 Primum
2674 1789 2877 1869 itaque
2951 1787 3209 1850 dicimus
3251 1786 3508 1852 divinam
3575 1790 3739 1854 illam

2089 1895 2294 1957 pacem
2329 1877 2692 1939 ineﬂ‘abilem
2712 1876 2906 1958 ipsius
2930 1894 3037 1956 per
3056 1895 3122 1939 se
3146 1876 3307 1958 pacis
3326 1895 3460 1940 esse
3488 1878 3746 1941 effectri-

2087 1985 2243 2040 cem,
2272 1967 2439 2045 juxta
2467 1968 2731 2028 rationes
2770 1968 3052 2047 superius
3092 1966 3304 2029 allatas
3345 1968 3420 2029 de
3452 1968 3580 2048 ipsa
3601 1970 3741 2033 vita.

2087 2054 2295 2117 Totam
2322 2065 2519 2117 autem
2557 2057 2846 2135 cujusque
2900 2073 3105 2137 pacem
3156 2067 3327 2119 vocat
3377 2059 3742 2141 universam,

2090 2152 2386 2225 quatenus
2433 2146 2654 2210 omnia.
2715 2164 2851 2223 quas
2891 2146 3121 2207 naturis
3152 2145 3341 2207 divisa
3386 2155 3546 2229 sunt,
3590 2166 3742 2211 con-

2088 2235 2387 2315 ciliantur,
2448 2243 2508 2296 et
2535 2237 2610 2298 ad
2674 2250 2859 2296 unum
2937 2233 3305 2296 desiderium
3386 2242 3743 2317 excitantur;

2088 2324 2568 2405 uniuscujusque
2623 2342 2787 2399 vero,
2846 2333 3142 2404 quatenus
3174 2331 3429 2407 quisque
3452 2327 3744 2391 unitatem

2089 2432 2255 2476 suam
2279 2432 2546 2488 servans,
2577 2413 2826 2475 minime
2870 2414 3089 2476 dililuit
3112 2415 3185 2475 ad
3208 2417 3652 2496 corruptionem
3691 2427 3750 2481 et

2091 2504 2425 2583 interitum,
2445 2522 2576 2583 quae
2599 2501 2877 2583 superius
2898 2506 3126 2565 vocavit
3150 2504 3445 2567 inﬁnitum
3471 2516 3532 2567 et
3552 2507 3745 2570 inter-

2093 2594 2398 2655 minatem.
2448 2595 2599 2655 Nota
2626 2611 2786 2673 vero,
2824 2593 3193 2674 totaquidem
3239 2594 3358 2656 dici
3386 2595 3460 2656 ad
3492 2596 3747 2660 invicem

2094 2683 2315 2744 habere
2364 2683 2885 2763 conjunctionem.
2930 2700 3108 2744 unam
3164 2700 3324 2759 vero,
3377 2684 3452 2745 ad
3480 2684 3747 2768 seipsum

2092 2773 2800 2850 unitatum;atqueunum
2825 2772 3065 2852 quidem
3088 2780 3604 2851 coutemperatum
3625 2795 3746 2840 non

2091 2862 2343 2923 diffundi
2364 2862 2423 2922 in
2446 2863 2895 2943 inlinitum,tota
2911 2880 3050 2923 vero
3068 2880 3198 2924 com
3209 2863 3382 2925 mista
3396 2882 3640 2928 manere
3658 2866 3750 2928 in-

2092 2950 2433 3014 confusa.Si
2456 2951 3060 3032 enim,inquit,etiam
3082 2951 3468 3014 elementaad
3488 2953 3746 3018 invicem

2090 3042 2520 3103 connexionem
2541 3053 2600 3102 et
2621 3040 2958 3102 mistionetu
2974 3041 3330 3103 indivulsam
3350 3043 3749 3127 habent,atta—

2096 3149 2234 3191 men
2266 3132 2369 3191 hor
2382 3149 2482 3191 um
2507 3132 2823 3211 qualitates
2840 3150 2977 3193 suas
2998 3132 3424 3210 extremitates,
3454 3136 3709 3215 v.g.calo
3728 3171 3748 3184 -

2093 3238 2247 3294 rem,
2283 3221 2642 3301 siccitatem,
2678 3228 2736 3281 et
2764 3229 2998 3291 cratera,
3034 3220 3282 3284 minime
3324 3222 3661 3304 deperdunt
3685 3227 3749 3289 in

2094 3308 2464 3371 diversarum
2479 3310 2815 3389 specierum
2833 3320 2949 3373 tem
2957 3310 3424 3392 peratione,quze
3437 3312 3500 3373 in
3511 3314 3750 3378 univer-

2096 3419 2165 3461 so
2187 3397 3115 3479 compiciturﬂ‘emperationem
3146 3409 3340 3462 autem
3366 3402 3481 3463 hoc
3505 3402 3637 3465 loco
3660 3406 3751 3467 in-

2097 3488 2367 3567 telligere
2383 3496 2772 3568 oportet,non
2804 3504 2934 3549 eam
2952 3506 3087 3569 qua:
3100 3488 3160 3550 in
3191 3487 3457 3552 humidis
3481 3491 3750 3569 ﬁt,com-

2101 3577 2605 3669 mistionem,quaa
2633 3585 2692 3669 et
2721 3577 2992 3669 subjecta
3019 3578 3485 3660 corrumpit;sed
3515 3584 3754 3669 conspi-

2097 3667 2424 3731 rationem:
2456 3676 2516 3729 et
2547 3667 2722 3729 unius
2750 3665 2824 3729 ab
2853 3667 3039 3730 altero
3072 3669 3306 3750 depend
3322 3671 3568 3754 entiam,
3614 3665 3754 3753 quas

2099 3758 2158 3819 in
2189 3775 2476 3838 compage
2497 3757 2754 3820 custodit
2782 3777 2852 3821 ea
2880 3777 3012 3840 qua;
3030 3758 3303 3822 subsunt.
3332 3762 3750 3844 Intelligemus

2097 3847 2298 3929 itaque
2328 3867 2505 3910 unam
2540 3848 2857 3930 quamdam
2890 3849 3229 3931 simplicem
3273 3853 3443 3933 quasi
3474 3863 3746 3920 naturam

2099 3939 2261 4019 pacis
2290 3939 2353 4000 in
2384 3940 2663 4002 omnibus
2722 3941 3183 4017 consideratam,
3217 3942 3421 4004 omnia
3449 3943 3572 4007 sibi
3603 3945 3751 4029 ipsi,

2099 4039 2157 4090 et
2187 4030 2389 4091 omnia
2419 4029 2577 4091 inter
2602 4047 2693 4104 se,
2724 4039 2902 4110 atque
2940 4029 3141 4092 omnia
3182 4046 3388 4093 secum
3420 4032 3567 4112 ipsis
3599 4055 3753 4102 cou-

2088 4119 2475 4199 jungentem,
2531 4137 2642 4181 nec
2693 4138 2810 4180 non
2866 4120 3127 4183 immista
3175 4128 3233 4180 et
3293 4128 3752 4204 contemperata

365 4215 626 4296 κραμένα,
659 4221 728 4292 τῇ
774 4218 903 4293 πρὸς
960 4214 1172 4281 ἄλληλα
1203 4213 1361 4290 μίξει.
1426 4215 1523 4271 Διὰ
1551 4218 1748 4282 ταῦτην
1779 4219 1825 4274 oi
1876 4222 2008 4275 θεῖοι

2095 4219 2550 4271 conservantem
2564 4209 2862 4286 ;immista,
2874 4209 3115 4291 propria
3131 4210 3423 4289 cujusque
3438 4214 3750 4298 qualitate;

366 4307 483 4369 νόες
541 4306 777 4362 ἑνοῦνται
836 4306 929 4361 καὶ
1008 4305 1100 4367 τὰς
1185 4305 1428 4373 νοήσεσιν
1487 4304 1688 4360 ἑαυτῶν
1745 4308 1832 4362 καὶ
1887 4307 2008 4371 τοῖς

2095 4306 2562 4379 contemperata,
2592 4299 2667 4360 ad
2698 4297 2953 4361 invicem
2981 4299 3284 4362 mistione.
3316 4297 3433 4362 Per
3472 4303 3627 4367 lianc
3660 4297 3757 4371 di;

368 4394 892 4471 νοουμένοις⁶νοοῦσι
943 4394 1041 4472 γὰρ
1099 4394 1186 4449 καὶ
1243 4393 1482 4466 ἑαυτοὺς,
1550 4396 1635 4450 καὶ
1691 4398 1813 4460 τοὺς
1874 4398 2008 4454 ὲπα-

2099 4388 2248 4451 vinae
2279 4398 2506 4451 mentes
2552 4389 2834 4451 uniuntur
2860 4408 2993 4450 cum
3042 4390 3168 4451 suis
3214 4390 3751 4478 intellectiouibus,

365 4484 746 4565 ναϐεϐηκότας,
802 4483 897 4540 καὶ
942 4482 1017 4539 ἔτι
1074 4484 1139 4539 τὰ
1186 4480 1557 4560 ὑποδεέστερα.
1619 4481 1797 4541 ’Ὅταν
1830 4488 1918 4542 οὖν
1949 4492 2008 4546 τὰ

2100 4486 2223 4539 tum
2256 4480 2441 4540 rebus
2461 4478 2777 4541 intellectis
2808 4500 2823 4542 :
2852 4479 3191 4559 intelligunt
3219 4481 3380 4543 enim
3408 4493 3466 4545 et
3496 4486 3751 4568 seipsas,

370 4578 567 4633 ὲαῦτῶν
612 4576 892 4653 ἐνεργῶσι,
968 4575 1057 4630 καὶ
1115 4575 1332 4637 ἑαυτοὺς
1392 4575 1581 4646 νοῶσι,
1642 4587 1765 4640 ταῖς
1795 4577 2008 4645 οἰκείαις

2099 4576 2159 4629 et
2188 4568 2554 4649 superiores,
2578 4578 2759 4650 atque
2777 4570 3025 4651 insuper
3053 4569 3363 4637 inferiora.
3391 4572 3643 4646 Quando
3677 4580 3759 4643 ita

369 4667 603 4723 ἐνοῦνται
662 4667 930 4734 νοήσεσιδσ
989 4664 1114 4720 ὅταν
1170 4661 1224 4719 δέ
1282 4665 1348 4719 τὰ
1405 4660 1802 4742 ὑπερϐεϐηκότα
1868 4666 1904 4735 ἢ
1950 4669 2008 4725 τά

2097 4677 2213 4739 que
2261 4678 2399 4740 quae
2457 4670 2617 4735 sunt,
2672 4669 2901 4736 curant,
2972 4670 3030 4723 et
3087 4662 3445 4743 semetipsas
3526 4668 3754 4731 intelli-

368 4753 736 4824 ὑποϐεϐηκότα
792 4760 976 4829 νοῶσι,
1033 4754 1153 4810 τότε
1211 4754 1449 4809 ἑνοῦνταί
1511 4752 1633 4815 τοῦς
1682 4755 2008 4832 νοουμένοις,

2095 4757 2262 4827 gunt,
2301 4748 2556 4830 propriis
2599 4750 3108 4814 intellectionibus
3140 4754 3429 4815 uniuntur
3466 4775 3483 4833 ;
3515 4759 3754 4836 quando

372 4849 442 4903 Τὸ
486 4846 586 4925 γὰρ
615 4851 765 4902 νοοῦν
794 4844 864 4912 τῆ
894 4847 1089 4923 γνώσει
1133 4844 1338 4899 ἑνοῦται
1371 4848 1445 4917 τῷ
1487 4842 1796 4919 γνωσθέντι,
1831 4847 1904 4908 ὡς
1934 4849 2022 4903 καὶ

371 4940 399 4993 ὁ
454 4936 658 5013 ἀγνοῶν
702 4932 1063 5007 σκεδάννυται,
1124 4936 1184 4991 οὔ
1247 4930 1562 4989 καταλαϐων
1594 4933 1624 4987 ὃ
1674 4933 1751 5008 μὴ
1808 4934 2019 5002 ἐνόησε.

374 5028 519 5083 Μετά
549 5023 604 5080 δὲ
659 5024 852 5086 ταύτας
901 5024 995 5087 τάς
1048 5022 1259 5087 ἐνώσεις
1295 5019 1480 5103 (αἴπερ
1512 5023 1607 5078 οὒκ
1647 5020 1710 5077 ἅν
1754 5021 2021 5104 ἐγένοντο,

374 5118 417 5172 εἰ
448 5116 525 5192 μὴ
556 5115 791 5193 είρήνευε
819 5113 992 5175 καθὼς
1022 5110 1136 5169 καθ’
1172 5112 1356 5168 ἑαυτὸν
1388 5114 1416 5168 ὁ
1444 5118 1602 5187 νοῶν,
1638 5112 1675 5181 ἢ
1698 5113 1806 5187 μὴν
1837 5114 1864 5169 ὃ
1888 5117 2022 5171 νοῶν

374 5208 501 5284 πρὸς
546 5206 613 5262 τά
665 5203 975 5280 νοούμενα),
1038 5205 1126 5259 tm
1182 5203 1282 5269 τὴν
1338 5202 1611 5282 ἄγνωστον
1670 5201 1876 5271 ἐκείνην
1934 5211 2022 5266 καὶ

371 5296 513 5352 Θείαν
570 5294 823 5371 ἀνὰγεται
895 5292 1157 5371 συναφὴν.
1219 5291 1382 5350 Πάλιν
1441 5291 1529 5348 ἐπὶ
1581 5298 1689 5348 τῶν
1752 5291 2023 5371 ἢμετέρων

377 5391 568 5465 ψυχῶν
609 5382 884 5463 ἒνδὲχεται
921 5380 1192 5460 εὒρεθῆναι
1254 5381 1428 5457 ἆμερῆ
1472 5381 1561 5438 καὶ
1621 5380 1784 5438 ἄυλον
1814 5381 2021 5457 νόησιν,

376 5474 503 5532 ’ὁταν
532 5474 654 5535 τοὺς
696 5469 1068 5533 παντοδαποὺς
1111 5468 1401 5548 λογισμοὺς
1459 5472 1590 5550 πρὸς
1648 5472 1771 5547 μίαν
1843 5471 2026 5546 νοερὰν

379 5563 715 5642 καθαρότητα
789 5559 1126 5641 συναγάγωσι
1228 5561 1350 5619 τότε
1405 5562 1506 5642 γὰρ
1574 5563 1663 5619 καὶ
1732 5562 1830 5632 τὴν
1897 5562 2027 5640 ὑπὲρ

460 5742 482 5791 τ
508 5739 645 5806 Act.
674 5754 718 5820 ι,
748 5734 850 5801 23.

2105 4857 2243 4900 vero
2273 4842 2587 4920 superiora
2608 4840 2699 4901 vel
2733 4841 3016 4903 inferiora
3041 4842 3553 4924 lntelltgnnt,tunc
3576 4846 3758 4910 rebus

2104 4928 2427 4996 intellectis
2456 4929 2920 5009 conjunguntur.
2956 4930 3126 5003 Quod
3160 4932 3318 4992 enim
3346 4932 3761 5018 intelligit,per

2106 5021 2502 5096 cognitionem
2532 5019 2622 5080 rei
2652 5020 2901 5099 cognite
2931 5020 3313 5100 conjungitur
3346 5043 3362 5097 ;
3396 5023 3549 5088 sicut
3579 5027 3757 5090 etiam

2105 5106 2386 5199 ignorans
2441 5109 2725 5172 dividitur
2783 5128 2903 5171 non
2934 5112 3458 5191 comprehendens
3489 5114 3548 5178 id
3598 5117 3759 5199 quod

2104 5197 2610 5277 ignoravit.Porro
2639 5209 2771 5280 post
2792 5200 2971 5263 hasce
2995 5203 3245 5264 uniones
3257 5202 3417 5284 (qua:
3441 5224 3560 5269 non
3585 5197 3762 5270 exsti-

2104 5288 3184 5371 tissent,nisiintelligenssecumipse
3196 5295 3760 5374 quodammodo,vel

2106 5386 2273 5468 certe
2284 5377 2574 5468 518cum
2590 5379 2769 5442 rebus
2781 5377 3102 5443 intellectis
3121 5400 3328 5464 pacem
3358 5383 3761 5468 invisisset)ad

2106 5467 2377 5548 ignotum
2405 5466 2573 5529 illum
2595 5468 2983 5552 divinumque
3004 5480 3384 5536 contractum
3416 5466 3757 5540 adducitur.

2110 5559 2370 5623 Rursum
2385 5558 2447 5621 in
2463 5557 2678 5621 animis
2695 5559 2917 5623 nostris
2932 5560 3202 5643 reperire
3230 5561 3370 5626 licet
3390 5562 3761 5631 individuam
