4134 6156
446 341 564 410 963

1618 340 1678 404 S.
1744 335 2081 403 DIONYSII
2138 328 2648 404 AREOPAGITE

3710 342 3833 410 964

443 488 504 544 et
530 480 975 542 immaterialem
1018 478 1439 559 cognitionem,
1463 476 1700 558 quando
1721 475 2061 556 omnigenas

2153 476 2336 543 νόησιν
2397 475 2605 550 ἕνωσιν,
2667 477 2868 542 οἰκείως
2918 476 3165 552 ἑαυταῖς,
3231 479 3335 554 ὁδῷ
3389 504 3487 539 τινι
3533 485 3632 540 καὶ
3677 485 3827 549 τάξει

440 569 925 633 ratiocinationes
941 569 1014 631 ad
1030 587 1204 630 unam
1222 567 1546 648 spiritalem
1575 567 1887 646 puritatem
1912 565 2080 628 colli-

439 668 580 742 gunt
620 681 637 741 ;
671 668 811 721 tunc
840 660 1001 721 enim
1058 660 1131 721 ad
1163 659 1444 720 unionem
1478 675 1714 738 quoque
1773 657 2080 718 intellectu

440 750 837 833 superiorem,
874 768 980 830 pro
1018 757 1192 829 captu
1217 767 1345 829 suo,
1376 749 1470 808 via
1499 746 1754 827 quadam
1783 758 1841 808 et
1870 746 2081 808 ordine

438 842 801 923 pertingunt,
837 857 943 920 per
972 840 1332 919 bancipsam
1363 837 1642 899 videlicet
1672 845 1940 897 naturam
1973 854 2080 916 pa-

438 930 528 994 cis
572 948 692 992 una
719 929 988 1010 quaedam
1039 938 1099 990 et
1153 927 1585 989 indissolubilis
1642 926 2078 989 elementorum

436 1020 703 1082 omnium
734 1018 1024 1080 connexio
1048 1016 1265 1095 existit,
1314 1017 1564 1078 collecta
1596 1016 1835 1097 quidem
1865 1017 2079 1077 incon»

433 1108 589 1185 fuse,
620 1110 758 1191 quia
788 1107 927 1170 licet
949 1108 1060 1169 sibi
1084 1116 1287 1169 mutuo
1331 1106 1861 1186 commisceantur,
1897 1105 2077 1167 simul

434 1205 635 1261 tamen
665 1197 1011 1259 eorumdem
1043 1196 1362 1277 qualitates
1386 1197 1787 1258 extremitates
1817 1213 1955 1258 suas
1979 1200 2085 1256 mis

432 1291 596 1352 nime
619 1287 919 1369 perdunt;
948 1286 1260 1351 commista
1291 1304 1428 1349 vero
1475 1286 1793 1362 indivulse,
1847 1286 1984 1367 quia
2013 1303 2083 1348 ex

431 1378 544 1441 hac
578 1378 1011 1441 elementorum
1046 1376 1324 1440 mistione
1382 1395 1497 1441 una
1546 1377 1814 1458 quaedam
1875 1382 2084 1438 natura

429 1467 758 1549 perﬁcitur.
795 1466 932 1529 Haec
964 1465 1124 1529 enim
1157 1475 1245 1529 est
1274 1484 1407 1547 pax,
1443 1485 1574 1548 quae
1602 1475 1867 1528 extrema
1888 1474 2079 1527 extre-

2162 563 2523 643 προϐαίνουσι,
2573 564 2657 623 διὰ
2715 568 2911 635 ταύτην
2968 576 3066 635 τὴν
3137 573 3235 636 τῆς
3305 572 3520 649 εἰρήνης
3610 572 3825 641 δηλαδὴ

2162 657 2337 736 φύσιν,
2368 658 2403 724 ἡ
2459 657 2554 732 μία
2612 657 2898 732 σῦμπλοκή
2945 658 3051 714 τῶν
3104 658 3353 716 ἁπάντων
3404 663 3689 741 στοιχείων
3715 668 3821 719 καὶ

2161 743 2439 811 ἆόιάλυτος
2503 746 2802 826 ὑφίσταται,
2903 748 3240 825 συναγομὲνη
3303 749 3402 825 μὲν
3468 750 3818 832 ἇσυγχύτως,

2164 833 2263 908 ὅτι,
2314 837 2358 891 εἰ
2416 836 2502 891 καὶ
2558 834 2910 905 συναλλήλοις
2967 840 3301 916 ιιιγνύονται,
3382 838 3499 895 ἀλλ’
3561 841 3707 915 ὅμως
3765 845 3820 898 αἱ

2162 925 2360 982 τούτων
2411 925 2695 991 ποιότητες
2759 927 2857 992 τὴν
2905 927 3179 1004 ἀκρότητα
3229 928 3429 983 ἑαυτῶν
3474 931 3533 985 οὗ
3587 952 3817 1006 παραπ-

2163 1014 2429 1072 ολλύουσι’
2489 1014 2828 1095 συγχεομένη
2889 1014 2944 1071 δὲ
3014 1014 3348 1098 ἀδιαιρέτως,
3428 1017 3516 1074 ὅτι
3576 1020 3638 1078 ἐκ
3718 1028 3822 1089 τῆς

2160 1110 2267 1161 τῶν
2324 1105 2607 1185 στοιχείων
2670 1104 2858 1180 μίξεως
2925 1106 3019 1180 μία
3096 1129 3176 1170 τις
3244 1106 3587 1167 ἀποτελεῖται
3636 1111 3822 1191 φύσιςσ

2167 1194 2309 1262 Αὕτη
2340 1196 2440 1273 γὰρ
2470 1195 2610 1250 ἐστιν
2640 1195 2675 1263 ἡ
2706 1196 2890 1272 είρηνη
2931 1197 2965 1263 ἡ
3025 1196 3090 1251 τὰ
3122 1198 3255 1275 ἂκρα
3323 1210 3437 1262 τοῖς
3494 1194 3675 1278 ἅκροις
3735 1200 3827 1257 διὰ

2166 1290 2271 1341 τῶν
2318 1284 2495 1360 μέσων
2549 1282 2851 1347 συνδέουσα,
2910 1283 3104 1363 ,Ἀκρα
3136 1283 3191 1341 δὲ
3240 1284 3386 1364 λέγει
3414 1287 3481 1344 τὰ
3527 1291 3634 1344 τῶν
3664 1312 3823 1346 στοι-

2164 1375 2329 1455 χείων
2384 1374 2614 1450 ἕμμεσα,
2673 1375 2770 1443 τὴν
2840 1380 2967 1455 γῆν,
3016 1378 3105 1432 τὸν
3137 1376 3291 1456 ἀέρα,
3322 1379 3383 1434 τὸ
3410 1375 3572 1455 ὕδωρ,
3604 1381 3691 1436 καὶ
3727 1384 3823 1437 τὸν

2164 1464 2366 1541 αἰθέρα,
2454 1463 2586 1543 ἅπερ
2645 1465 2743 1521 εἰσὶ
2784 1466 2870 1521 καὶ
2926 1467 3064 1522 κατὰ
3119 1467 3293 1523 πάντα
3368 1466 3599 1527 ἐναντία.
3668 1471 3825 1528 Μέσα

428 1557 546 1619 mis
566 1577 672 1639 per
701 1556 897 1620 media
924 1557 1247 1620 connectit.
1273 1559 1555 1618 Extrema
1601 1573 1740 1617 vero
1774 1555 1940 1629 dicit,
1974 1554 2061 1616 in-

2158 1553 2236 1628 δὲ,
2270 1560 2372 1634 γῆς
2444 1553 2542 1626 μὲν
2597 1555 2685 1611 καὶ
2741 1552 2891 1630 ἀέρος
2939 1556 3001 1612 τὸ
3049 1554 3210 1635 ὕδωρ,
3267 1558 3338 1634 γῆ
3403 1560 3502 1634 μὲν
3527 1568 3824 1617 κοινωνοῦν

426 1647 725 1709 termedia
787 1648 1104 1727 elementa,
1157 1655 1403 1727 terram,
1439 1664 1665 1721 aeram,
1717 1662 1956 1727 aquam,
2017 1655 2061 1706 e1

2157 1647 2235 1720 τῷ
2283 1648 2498 1725 ψυχρῷ,
2531 1642 2642 1721 ἀέρι
2696 1642 2750 1700 δὲ
2779 1646 2857 1718 τῷ
2902 1644 3068 1723 ῧγρῷ⁶
3128 1650 3217 1703 καὶ
3276 1646 3437 1705 πάλιν
3503 1651 3591 1705 τοῦ
3618 1648 3818 1715 ὕδατος

426 1736 671 1812 ωηιξη-ε,
706 1755 837 1818 quae
856 1751 995 1799 sunt
1023 1737 1201 1797 etiam
1235 1736 1565 1798 secundum
1612 1736 1814 1798 omnia
1831 1743 2061 1798 contra-

2157 1736 2245 1791 καὶ
2296 1739 2386 1790 τού
2429 1732 2627 1813 αἰθέρος
2685 1731 2811 1809 ἀὴρ,
2856 1731 3002 1790 ὕδατι
3033 1735 3129 1808 μὲν
3193 1742 3465 1793 κοινωνῶν
3518 1744 3596 1811 τῷ

424 1829 536 1888 ria.
556 1826 750 1889 Media
777 1835 1003 1906 autem,
1038 1825 1194 1887 inter
1221 1834 1438 1887 terram
1474 1826 1707 1888 scilicet
1736 1833 1795 1887 et
1844 1842 2061 1900 aerem,

2158 1824 2318 1902 αἰθέρι
2367 1821 2423 1879 δὲ
2473 1830 2549 1896 τῷ
2598 1823 2795 1902 θερμῷ.
2838 1821 3000 1899 ⁸Αὕτη
3065 1823 3162 1881 καί
3219 1839 3342 1891 ταῖς
3404 1826 3663 1907 ἐσχάταις
3725 1838 3824 1886 τοῦ

422 1933 602 1995 aqua,
629 1935 761 1999 qua;
786 1935 921 1978 cum
955 1923 1109 1978 terra
1146 1915 1388 1995 quidem
1421 1915 1821 1978 communicat
1848 1914 2061 1996 rigore,

2161 1915 2354 1976 παντὸς
2419 1912 2910 1991 ἀποπερατώσεσιν,
2997 1911 3200 1977 αἵτινές
3258 1916 3388 1970 εἰσιν
3475 1918 3527 1971 αἱ
3600 1915 3819 1997 δίψυχοι

421 2023 559 2069 cum
578 2024 715 2068 aere
742 2024 881 2067 vero
915 2004 1270 2066 humiditate
1295 2026 1308 2067 :
1338 2010 1400 2067 et
1420 2023 1656 2066 rursum
1686 2006 1841 2067 inter
1859 2022 2061 2087 aquam

2155 2003 2348 2073 οὐσίαι,
2393 2001 2447 2056 ἐν
2495 2001 2587 2064 αἷς
2615 1998 2829 2074 οὒδεμία
2877 2000 3083 2067 κίνησις
3129 2004 3387 2073 θρεπτικὴ
3444 2004 3479 2072 ἢ
3512 2004 3820 2081 αὐξητικὴ,

425 2103 488 2158 et
532 2094 755 2159 ethera
811 2094 1044 2156 medius
1074 2102 1163 2155 est
1192 2112 1315 2169 aer,
1351 2095 1450 2175 qui
1482 2112 1617 2155 cum
1650 2113 1804 2171 aqua
1833 2095 2061 2176 quidem

2155 2093 2191 2160 ἢ
2252 2094 2354 2150 τῶν
2407 2089 2582 2147 ἄλλων
2628 2112 2710 2154 τις
2766 2094 3068 2169 θεωρεῖται,
3130 2093 3225 2160 τὴν
3284 2091 3464 2172 φιλίαν
3528 2093 3820 2173 δωρεῖται,

421 2184 821 2248 communicat
851 2182 1228 2263 humiditate,
1260 2202 1391 2244 cum
1424 2185 1654 2245 aethere
1680 2202 1821 2245 vero
1847 2183 2061 2247 calore.

2155 2183 2248 2240 καί
2296 2181 2467 2240 πάντα
2520 2178 2719 2260 ἀδελφὰ
2748 2194 2897 2238 ποιεῖ
2966 2183 3053 2237 καί
3106 2185 3360 2262 συγγενῆ,
3408 2185 3591 2242 καθότι
3624 2184 3683 2241 ἐκ
3721 2189 3826 2243 τοῦ

418 2272 561 2337 Haec
581 2274 760 2336 etiam
794 2279 1074 2335 extremis
1097 2273 1359 2335 universi
1393 2273 1636 2349 ﬁnibus,
1671 2273 1775 2355 qui
1805 2282 1943 2336 sunt
1972 2276 2061 2338 in-

2157 2271 2288 2330 Θεοῦ
2371 2272 2563 2346 πάντα,
2624 2273 2712 2327 καὶ
2790 2273 2923 2349 πρὸς
2995 2273 3125 2327 Θεὸν
3181 2274 3612 2351 ἐπιστρέφουσιν
3676 2279 3824 2333 οὕτω

417 2364 652 2427 animes
671 2362 1042 2440 substantiae,
1078 2362 1139 2424 in
1168 2362 1388 2441 quibus
1421 2363 1619 2425 nullus
1647 2371 1842 2425 motus
1861 2383 2061 2427 accre-

2155 2364 2255 2443 γὲιρ
2308 2361 2579 2442 ἐχρήσατο
2640 2366 2716 2433 τῷ
2769 2358 2983 2434 παλαιῷ
3027 2358 3224 2438 ῥήματι
3271 2364 3358 2418 καὶ
3389 2365 3418 2419 ὁ
3449 2361 3817 2433 Ἀπόστολος’

420 2453 602 2518 tionis
658 2460 759 2516 aut
797 2452 1145 2516 nutritionis
1185 2461 1286 2514 aut
1319 2453 1572 2515 alierum
1633 2453 2061 2529 consideratur,

2156 2461 2259 2512 Τοῦ
2291 2453 2390 2532 γὰρ
2420 2453 2508 2508 καὶ
2538 2450 2686 2528 γένος
2743 2450 2903 2526 ἐσμὲν
2941 2498 2955 2512 .
3013 2451 3169 2528 Λέγει
3225 2449 3279 2508 δὲ
3334 2453 3432 2520 τὴν
3479 2455 3644 2511 αἰτίαν
3692 2457 3820 2514 καθ’

414 2543 735 2607 amicitiam
765 2543 1051 2623 impertit,
1103 2542 1422 2624 omniaque
1473 2543 1981 2622 germanajreddit
2005 2554 2063 2609 et

416 2643 684 2715 cognata,
716 2633 777 2696 in
818 2640 1104 2714 quantum
1139 2651 1209 2695 ex
1245 2636 1365 2697 Deo
1404 2632 1606 2696 omnia
1638 2643 1701 2695 et
1755 2633 1828 2694 ad
1875 2633 2059 2696 Deum

414 2730 841 2787 convertuntur
871 2740 885 2786 :
942 2722 1029 2785 sic
1058 2722 1217 2784 enim
1243 2723 1421 2785 etiam
1466 2722 1788 2804 Apostolus
1817 2724 2062 2801 antiquo

414 2813 571 2877 dicto
603 2833 743 2876 usus
775 2820 883 2889 est,
914 2812 1115 2893 Ipsius
1146 2815 1308 2876 enim
1327 2822 1589 2893 elymus
1614 2831 1825 2876 sumus
1850 2812 2064 2874 ωισῆ

2143 2551 2210 2619 ἤν
2265 2546 2486 2622 δμὸγνια
2540 2542 2607 2597 τα
2657 2541 2851 2598 πάντα·
2912 2541 3000 2597 καὶ
3056 2541 3188 2606 τέως
3220 2542 3285 2598 τὰ
3330 2544 3495 2609 νοητὰ
3527 2558 3648 2610 ταῖς
3684 2546 3818 2602 ἐνό-

2143 2661 2294 2712 τησι,
2357 2632 2475 2689 κατ’
2533 2631 2659 2688 abs?)
2716 2628 2781 2697 δὴ
2831 2631 2892 2687 τὸ
2936 2629 3139 2687 ἐνιατον
3192 2633 3282 2688 καὶ
3340 2631 3544 2691 ἁπλοῦν
3606 2639 3813 2712 ααότῶν,

2148 2734 2243 2789 καὶ
2302 2724 2441 2783 κατᾶ
2499 2721 2557 2778 τὸ
2588 2719 2747 2776 ταῦτὸ
2779 2724 2874 2789 της
2909 2719 3192 2786 ἀθανασίας
3227 2736 3242 2751 ·
3291 2722 3357 2778 τὰ
3402 2724 3651 2805 αἶσθητὰ,
3685 2739 3822 2790 ταῖς

2143 2820 2204 2877 ἐκ
2280 2821 2387 2872 τῶν
2447 2809 2710 2890 διαφόρων
2765 2810 3049 2890 στοιχείων
3114 2810 3385 2887 ἑνώσεσιν,
3434 2811 3557 2881 ἢτοι
3588 2818 3820 2892 συγκρί-

411 2908 612 2967 autem
670 2920 906 2966 causam
960 2902 1290 2965 secundum
1346 2921 1520 2983 quam
1556 2905 1758 2966 omnia
1787 2912 1927 2965 sunt
1954 2921 2061 2963 co-

2148 2930 2301 2983 μασι,
2357 2905 2444 2961 καὶ
2521 2914 2638 2962 ταῖς
2698 2913 3040 2977 συναγωγαῖς
3072 2908 3176 2957 τῶν
3208 2902 3464 2959 τοιούτων
3494 2907 3816 2981 μιγμάτων,

411 3001 608 3074 gnata,
640 2991 1013 3055 intellectilia
1038 2992 1318 3055 videlicet
1350 2993 1699 3072 unitatibus,
1746 2993 1805 3054 id
1840 3001 1929 3053 est
1958 3012 2060 3054 se-

2148 2997 2207 3054 Ἢ
2239 2998 2349 3054 θεία
2381 2994 2478 3071 γὰρ
2538 2991 2747 3069 εἰρήνη,
2810 2989 2865 3045 ἐν
2908 2991 2984 3045 ἑνὶ
3041 2992 3234 3065 καὶτῷ
3295 2995 3440 3066 αὖτῷ
3490 2994 3664 3051 πάντα
3694 2996 3819 3054 δει-

412 3082 741 3145 cundumid
761 3081 995 3162 quodin
1018 3080 1163 3161 ipsis
1191 3082 1332 3161 quid
1363 3101 1550 3144 unum
1576 3092 1635 3143 et
1661 3082 1914 3163 simplex
1945 3090 2055 3157 est,

2148 3086 2394 3164 κνύουσα,
2454 3083 2658 3159 προεισι
2712 3080 2808 3151 μὲν
2866 3078 2952 3135 ἐπὶ
3023 3082 3197 3137 πάντα
3233 3127 3251 3161 ,
3308 3084 3397 3138 καὶ
3456 3082 3817 3158 μεταδίδωσιν

413 3179 476 3237 et
518 3171 851 3263 secundum
906 3171 1782 3263 immortalitatisridentitatisﬁ;
1817 3171 2061 3263 sensilia

2148 3175 2336 3243 ἒάυτῆς
2381 3171 2581 3235 οἰκείως
2624 3169 2713 3226 καὶ
2756 3168 2877 3225 κατ’
2935 3166 3080 3233 ἀξίαν
3112 3184 3230 3235 τοῖς
3278 3172 3555 3251 πράγμασι
3593 3193 3605 3206 ·
3655 3175 3816 3251 μένει

413 3278 489 3324 ex
515 3262 771 3325 diversis
800 3262 1666 3337 elementis,unitionibus,seu
1698 3262 2061 3325 commistio-

2148 3262 2221 3345 δὲ,
2283 3261 2352 3320 δι’
2411 3260 2688 3339 ὑπεροχὴν
2736 3257 2975 3323 ἐνώσεως
3033 3260 3120 3316 καὶ
3196 3262 3438 3341 εἰρήνης.
3484 3261 3588 3330 ’ὁλη
3673 3267 3815 3343 πρὸς

410 3350 613 3429 nibus,
636 3370 706 3414 ac
738 3352 940 3414 talium
961 3350 1305 3413 mistionum
1338 3351 1818 3418 collectionibus.
1854 3351 2061 3415 Divina

2148 3353 2278 3423 ὅλην
2336 3351 2552 3424 ἑαυτὴν,
2636 3348 2752 3406 καθ’
2801 3349 2934 3415 ὃλην
2991 3346 3405 3428 δπερηνωμένη.
3467 3351 3618 3411 Ἐπεὶ
3702 3356 3813 3435 γὰρ

409 3440 704 3523 siquidem
727 3460 837 3524 pax
869 3441 931 3504 in
953 3460 1072 3504 uno
1103 3449 1163 3505 et
1192 3441 1403 3504 eodem
1438 3442 1639 3505 omnia
1668 3439 2058 3524 demonstrat;

2148 3440 2532 3524 ὅπερηνωμένη
2605 3437 2768 3514 ἐστὶν,
2869 3440 3003 3509 αὑτὴ
3102 3440 3266 3518 ἑαυτῇ
3341 3440 3567 3501 καθόλου
3634 3444 3813 3510 ταῦτῆ

407 3532 691 3612 pertingit
714 3532 872 3594 enim
898 3532 972 3594 ad
990 3531 1414 3610 omnia,seque
1434 3551 1540 3614 pro
1572 3532 2065 3613 cujusquecaptu
2147 3533 2322 3597 ἐστιν,

403 3638 477 3684 ac
503 3621 791 3700 dignitate
820 3621 1003 3684 rebus
1032 3622 1315 3684 omnibus
1344 3623 1789 3700 communicat;
1824 3630 2023 3684 manet
2064 3640 2228 3699 vero,
2265 3640 2374 3704 per
2417 3621 2826 3685 excellentiam
2860 3618 3101 3682 unionis
3131 3627 3189 3682 et
3221 3620 3406 3701 pacis,
3442 3628 3560 3684 tota
3591 3640 3808 3686 secum

405 3719 549 3785 tota,
598 3710 928 3773 secundum
991 3719 1172 3773 totam
1233 3729 1592 3795 supraquam
1653 3716 1840 3777 unita.
1901 3712 2207 3794 Siquidem
2271 3713 2429 3795 quod
2487 3729 2854 3793 supraquam
2909 3710 3097 3790 unita,
3130 3710 3206 3774 sit
3232 3711 3364 3794 ipsa
3419 3712 3535 3775 sibi
3579 3732 3811 3777 secun-

408 3801 551 3863 dum
583 3819 649 3862 se
681 3809 860 3861 totam
896 3800 1108 3862 eadem
1145 3802 1371 3865 existit.

487 3890 516 3970 §
546 3888 761 3954 [ILHic
783 3891 1179 3972 quorumdam
1204 3891 1640 3972 quodammodo
1661 3892 2049 3974 quaestionem

408 3978 622 4043 inserit
643 3980 969 4043 dicentium
1005 4001 1017 4037 :
1054 3978 1363 4053 Quomodo
1396 3988 1594 4044 omnia
1626 4001 1831 4063 pacem
1860 4001 2049 4063 appe-

411 4077 558 4149 tant,
594 4089 727 4133 cum
773 4070 974 4152 aliqua
1001 4071 1123 4134 sint
1150 4089 1287 4149 quae
1329 4071 1620 4135 divisione
1649 4084 1707 4134 et
1737 4072 2052 4135 inimicitia

408 4164 761 4244 gaudeant?
787 4162 857 4225 Et
879 4183 1037 4227 nunc
1068 4165 1312 4246 quidem
1366 4165 1524 4228 clare
1554 4165 1725 4241 dicit,
1778 4184 1910 4245 qua;
1933 4163 2053 4227 sint

406 4272 538 4335 quas
595 4255 933 4317 diversitate
989 4254 1385 4330 delectentur,
1414 4257 1475 4317 in
1499 4256 1882 4318 distinctione
1913 4275 2049 4318 vero

405 4344 548 4407 519
605 4346 730 4409 haec
781 4345 966 4407 fusius
1020 4345 1286 4409 dirimet.
1326 4346 1645 4426 Triplicem
1702 4348 1898 4426 itaque
1950 4365 2043 4407 ra-

2213 3891 2371 3969 §I[[.
2441 3891 2708 3951 Ἐντεῦθεν
2766 3894 2837 3956 ὡς
2899 3892 3004 3949 ἀπὸ
3072 3915 3228 3950 τινων
3283 3892 3505 3971 ἀπορίαν
3549 3898 3807 3973 παρενείο

2133 4004 2235 4064 ρει,
2300 3990 2442 4059 Πῶς,
2510 3983 2800 4063 λεγόντων,
2852 3982 3054 4063 ἐφίεται
3101 3984 3277 4040 πᾶντα
3314 3985 3553 4062 εἰρήνης,
3614 3985 3805 4054 ἐπειδὴ

2132 4074 2250 4132 τινα
2307 4075 2405 4130 εἰσι
2465 4079 2532 4150 τῇ
2586 4072 2842 4148 διακρίσει
2894 4075 2984 4130 καὶ
3040 4078 3108 4150 τῇ
3152 4072 3319 4154 ἔχθρᾳ
3349 4074 3658 4154 χαίροντα;
3705 4078 3807 4134 Καὶ

2134 4172 2220 4221 νῦν
2272 4164 2368 4240 μὲν
2426 4170 2605 4244 σαφῶς
2680 4162 2869 4243 λέγει,
2950 4163 3066 4219 τίνα
3122 4165 3219 4221 εἰσὶ
3277 4165 3341 4219 τὰ
3400 4165 3466 4239 τῇ
3524 4162 3802 4243 ἑτερότητι

2133 4255 2414 4333 χαίροντα,
2466 4257 2522 4309 ὲν
2553 4252 2608 4309 δὲ
2665 4253 2732 4321 τῇ
2788 4252 2935 4311 λύσει
2989 4251 3322 4333 δευκρινήσει
3367 4276 3530 4310 ταυτα
3592 4253 3800 4311 πλατύ-

2130 4365 2304 4421 τερον,
2374 4353 2585 4424 Τριχως
2646 4352 2771 4421 γοῦν
2823 4355 3064 4401 ποιεῖται
3127 4344 3225 4411 τὴν
3266 4351 3364 4400 τοῦ
3396 4342 3557 4420 λόγου
3586 4342 3797 4425 ἔφ’)δον,

402 4436 626 4498 tionem
658 4436 852 4517 aifert,
905 4454 975 4497 ac
1032 4436 1282 4515 primam
1334 4436 1577 4517 quidem
1629 4435 1910 4510 admittit,
1943 4454 2044 4498 se—

2148 4435 2212 4488 ιαὶ
2242 4436 2330 4488 τὸν
2361 4435 2458 4507 μὲν
2493 4436 2746 4511 πρότερον
2792 4431 2951 4511 λόγον
3011 4434 3250 4513 δεχεται,
3283 4434 3375 4489 τὸν
3441 4432 3496 4489 δὲ
3526 4431 3794 4514 δεύτερον,

402 4527 657 4588 cundam
718 4544 854 4587 vero
890 4536 1168 4608 tanquam
1206 4527 1635 4606 impossibilem
1667 4526 1883 4607 rejicit,
1910 4536 2042 4587 ter-

2148 4524 2199 4585 b:
2230 4523 2307 4595 μὴ
2338 4520 2621 4596 δυνάμενον
2671 4523 2840 4598 εἶναι,
2904 4520 3292 4598 ἀποϐάλλεται,
3355 4524 3444 4579 τὸν
3489 4521 3543 4579 δὲ
3589 4545 3650 4603 γε
3682 4526 3794 4601 τρί-

404 4621 541 4678 tiam
573 4616 829 4696 denique
860 4616 1224 4697 moderatur.
1255 4615 1317 4679 Si
1362 4617 1561 4697 igitur,
1598 4616 1812 4696 inquit,
1852 4616 2048 4696 cujus-

2148 4635 2217 4668 τον
2275 4612 2574 4691 θεραπεύει.
2640 4614 2698 4669 Ei
2748 4620 2873 4690 γοῦν
2924 4614 3024 4680 τὴν
3080 4611 3306 4669 ἑκάστου
3335 4610 3597 4693 ἰδιότητα,
3632 4618 3795 4692 φησὶν

401 4715 515 4778 que
546 4700 630 4758 rei
667 4696 1092 4778 proprietatem
1125 4703 1255 4778 quis
1286 4696 1465 4778 dicat,
1505 4700 1833 4775 secundum
1867 4716 2043 4774 quam

402 4788 515 4849 hoc
562 4789 807 4863 quidem
853 4788 1024 4868 ignis,
1076 4787 1220 4849 illud
1252 4804 1390 4849 vero
1415 4795 1659 4865 aqua,et
1693 4786 1853 4849 aliud
1884 4788 2041 4849 aliud

400 4877 541 4955 quid
575 4879 790 4956 existit,
818 4888 884 4942 ut
914 4876 1090 4940 aliam
1117 4885 1386 4939 naturam
1422 4877 1670 4952 habens,
1706 4876 2042 4939 istiusmodi

398 4967 797 5029 diversitatem
833 4988 944 5047 ego
978 4986 1211 5050 quoque
1237 4967 1509 5049 admitto,
1540 4984 1715 5049 quam
1744 4985 1862 5029 non
1908 4966 2041 5030 dico

400 5056 982 5133 distinctionem,sed
1008 5063 1202 5140 potius
1216 5058 1497 5120 unionem
1522 5059 2039 5120 etconsistentiam

400 5146 689 5227 cujusque
721 5151 777 5209 in
809 5157 960 5210 statu
990 5148 1279 5211 suoznibil
1301 5146 1464 5211 enim
1497 5165 1703 5211 eorum
1746 5165 1881 5229 quae
1908 5155 2048 5209 sunt

398 5241 560 5317 cupit
591 5237 845 5317 perdere
869 5236 925 5299 id
947 5237 1111 5318 quod
1141 5238 1467 5315 est;volunt
1496 5238 1656 5301 enim
1691 5236 1892 5300 omnia
1912 5254 2046 5299 cum

398 5326 742 5407 semetipsis
773 5346 980 5409 pacem
1007 5327 1254 5402 habere,
1280 5337 1460 5411 atque
1493 5328 1827 5411 proprietas
1855 5327 2052 5408 cujus-

399 5436 515 5500 que
546 5416 743 5500 potius
764 5426 969 5482 custos
995 5426 1083 5481 est
1115 5426 1364 5481 naturae.

477 5702 506 5747 ε
537 5693 665 5755 Act.
702 5708 840 5770 χιιι,
874 5691 976 5756 98.

2129 4706 2156 4760 ὁ
2214 4702 2410 4781 λέγων,
2468 4702 2586 4760 καθ’
2645 4704 2712 4773 ἤν
2743 4709 2896 4760 τοῦτο
2929 4703 3026 4776 μὲν
3060 4710 3186 4782 πῦρ,
3226 4710 3383 4760 τοῦτο
3414 4702 3467 4758 δὲ
3512 4701 3670 4783 ὕδωρ,
3703 4706 3795 4760 καὶ

2127 4800 2279 4851 τοῦτο
2311 4792 2488 4870 ἕτερόν
2518 4815 2591 4866 τι,
2631 4790 2807 4857 ἄλλως
2839 4796 2937 4859 τῆς
2971 4791 3178 4871 φύσεως
3209 4791 3365 4871 ἕχον,
3412 4794 3509 4862 τὴν
3537 4794 3793 4860 τοιαύτην

2127 4883 2415 4963 ἑτερότητα
2454 4883 2603 4961 κάγὼ
2632 4881 2863 4963 δεχομαι
2883 4930 2897 4957 ,
2955 4885 3021 4953 ἥν
3082 4885 3141 4940 οὗ
3172 4880 3314 4961 λέγω
3345 4880 3628 4963 διάκρισιν,
3653 4882 3792 4940 ἀλλὰ

2126 4972 2331 5048 μᾶλλον
2388 4972 2575 5030 ἓνωσιν
2633 4974 2763 5049 πρὸς
2820 4971 2976 5031 ἑαυτὸ
3028 4971 3255 5029 ἐκᾶστου
3327 4973 3415 5029 καὶ
3468 4973 3719 5031 σύστασιν
3767 4992 3786 5012 ο

2127 5061 2273 5119 οὒδὲν
2330 5061 2430 5142 γὰρ
2488 5066 2593 5118 τῶν
2651 5062 2820 5118 ὄντων
2871 5059 3036 5118 ἐθέλει
3092 5059 3378 5118 ἀπολλύειν
3436 5060 3565 5139 ὅπερ
3621 5061 3735 5120 ἐστί
3768 5078 3783 5095 ⁸

2126 5153 2300 5209 πάντα
2329 5154 2428 5231 γὰρ
2459 5152 2625 5210 ἐθέλει
2655 5151 2938 5230 εἰρηνεύειν
3004 5152 3137 5229 πρὸς
3188 5152 3373 5227 ἑαυτὰ,
3422 5154 3514 5210 καὶ
3561 5152 3592 5219 ἦ
3647 5151 3788 5212 13:6-

2132 5263 2231 5311 της
2261 5238 2475 5321 φυλακὴ
2509 5239 2715 5317 μᾶλλον
2743 5240 2839 5309 τῆς
2883 5242 3086 5320 φύσεως
3116 5242 3339 5318 γίνεται.
