4134 6156
343 371 465 449 965

427 520 455 593 ἓ
505 515 602 579 iV.
641 519 737 576 Καὶ
780 518 828 574 τί
857 517 915 574 λέ
931 541 998 596 (ω
1029 526 1190 574 ταῦτα
1240 519 1324 575 ἐπὶ
1356 533 1468 582 τοῖς
1504 519 1580 591 μὴ
1637 517 1990 599 κινουμένοις,
2017 552 2054 598 Α

347 605 465 663 ἀλλ’
516 607 888 670 ἆκτασιάστοις
947 609 1032 664 καὶ
1078 609 1455 688 ἡσυχάζουσιν,
1491 607 1625 666 ὅπου
1673 631 1732 686 γε
1763 611 1856 666 καὶ
1911 609 1996 666 ἐπὶ

347 697 532 762 αὐτοῖς
574 711 690 762 τοῖς
723 696 1050 771 κινὸ·›μένοις
1083 697 1198 753 καθ’
1229 698 1509 755 ὁποιανοῦν
1556 699 1782 770 κίνησιν,
1817 701 1996 778 ὥσπερ

348 787 433 842 imi
481 786 632 853 ἡλίου
665 785 768 842 ἴδοι
809 809 888 849 τις
937 786 1020 865 ἂν,
1054 786 1088 854 ἢ
1120 785 1213 843 ἐπὶ
1273 795 1377 844 τῶν
1409 793 1583 866 μερῶν
1631 799 1722 846 τοῦ
1753 791 1992 867 οθλρκκοῦ.

349 874 382 943 ἢ
443 873 530 932 ἐπ’
593 875 768 931 ἄλλων
821 873 1212 955 εύμεταϐὁλων,
1264 877 1350 933 καὶ
1407 879 1481 940 εἰς
1548 876 1680 934 ἄλλο
1736 881 1822 934 καὶ
1867 877 1998 934 ἄλλο

346 966 612 1030 ῥεπόντων
649 989 664 1041 ;
698 968 768 1030 ὡς
817 967 904 1023 καὶ
932 967 992 1022 τὸ
1021 971 1119 1033 τῆς
1165 966 1444 1045 ἀστραπῆς
1475 965 1617 1046 ἔχει,
1652 967 1841 1032 εὖθὲως
1901 969 1999 1035 τὴν

346 1056 496 1111 κάτω
542 1055 746 1121 κίνησιν
795 1055 1132 1130 κινουμένης,
1180 1057 1268 1111 καὶ
1321 1055 1481 1111 πάλιν
1523 1056 1623 1122 τὴν
1674 1056 1803 1112 ἅνω¹
1851 1057 1887 1124 ἢ
1937 1059 1996 1114 τὸ

347 1144 448 1211 τῆς
503 1143 798 1216 θαλάσσης,
854 1151 942 1199 νῦν
1016 1165 1112 1219 μεν
1169 1145 1556 1224 κυμαινούσης,
1612 1151 1698 1200 νῦν
1763 1145 1818 1201 δὲ
1862 1148 1996 1214 ἡσυ-

347 1236 646 1315 χαζούσης,
691 1233 825 1290 ὅπου
869 1256 928 1313 γε
960 1233 1146 1291 λοιπὸν
1181 1236 1266 1290 καὶ
1317 1235 1451 1302 αύτὴ
1496 1235 1531 1302 ἡ
1584 1234 1993 1303 ἀλλεπάλληλος

349 1325 555 1391 κίνησις
619 1326 678 1380 ού
732 1326 1007 1392 καθίστησι
1069 1325 1169 1391 τὴν
1225 1322 1476 1404 διαφορὰν
1527 1327 1612 1380 καὶ
1666 1326 1766 1392 τὴν
1811 1325 1992 1404 ἑτερό-

348 1437 508 1489 τητα,
542 1413 679 1469 ἀλλὰ
735 1415 796 1470 τὸ
851 1415 1041 1470 ταύτὸν
1094 1419 1195 1480 τῆς
1245 1415 1447 1492 φύσεως
1503 1413 1888 1489 ἀποδείκνυσιν,
1923 1417 1995 1478 ὡς

347 1506 596 1571 τοιαύτην
655 1512 747 1561 τοῦ
805 1505 1116 1582 πράγματος
1177 1503 1397 1584 ἔχοντος
1456 1506 1607 1584 φύσιν
1679 1506 1996 1579 κινουμένην

349 1596 436 1650 καὶ
494 1593 925 1669 μεταπίπτουσαν
967 1595 1062 1660 τῆς
1110 1595 1349 1669 εἰρήνης,
1397 1597 1484 1651 καὶ
1547 1598 1667 1651 τότε
1730 1595 1860 1671 αὸτῇ
1902 1595 2002 1661 τὴν

349 1684 599 1750 κινητικὴ
669 1683 813 1753 ζωὴν
867 1682 1116 1749 ἀκίνητον
1193 1681 1590 1760 φυλλαττούσης
1647 1684 1820 1746 καθὼς
1879 1681 1997 1764 ἔχει

349 1773 572 1854 φύσεως.

427 1860 457 1940 §
503 1863 576 1921 V.
634 1863 691 1919 Εἰ
747 1861 800 1918 δὲ
849 1864 940 1918 τὸν
992 1860 1228 1941 δεύτερον
1283 1862 1442 1940 λόγον
1500 1861 1670 1940 λέγει,
1706 1861 1989 1939 ἑνερότητα

347 1953 748 2034 ἰσχυριζόμενος
802 1950 940 2008 εἴναι
1015 1951 1150 2008 κατὰ
1217 1951 1424 2009 τελείαν
1481 1951 1575 2020 τῆς
1623 1954 1837 2030 εἰρήνης
1897 1951 1990 2008 ἕκ-

352 2064 580 2122 πτωσιν,
612 2043 782 2104 καθὼς
815 2044 861 2098 οἱ
911 2048 961 2098 Μ
967 2057 1208 2123 ανιχαῖοι
1255 2041 1438 2120 ἔλεγον
1497 2043 1596 2109 την
1626 2041 1760 2109 ὕλην
1791 2041 1991 2100 αὸθύπ-

349 2154 542 2208 αρκτον
622 2133 876 2188 ἀστασίαν
930 2133 1017 2188 καὶ
1085 2133 1371 2213 περιφορὰν
1429 2133 1515 2188 καί
1582 2131 1846 2209 ἀπειρίαν,
1907 2131 1995 2188 καί

349 2222 618 2298 ἀοριστίαν
670 2224 928 2302 ἔχουσαν,
962 2220 1098 2277 ἵστω
1148 2227 1218 2288 ὡς
1271 2221 1387 2278 οὗτε
1422 2223 1479 2278 ὃν
1524 2221 1634 2277 ἐστι
1682 2233 1858 2291 τοῦτο,
1891 2221 1992 2288 ὕλη

353 2310 584 2386 μένουσα
642 2315 729 2368 καὶ
785 2311 901 2366 καθ’
961 2312 1123 2378 αὸτὴν
1184 2311 1541 2390 ὕψισταμένη·
1618 2309 1735 2367 οὕτε
1790 2311 1884 2383 μὲν
1941 2315 1997 2367 ἒν

354 2404 475 2462 τοῖς
534 2403 675 2456 οὖσιν
729 2399 1040 2478 εύρῖσκεται,
1075 2401 1148 2463 ὡς
1205 2402 1346 2457 εἶναι
1402 2403 1488 2456 καὶ
1521 2401 1682 2467 aut-iw
1711 2401 1833 2475 μίαν
1893 2403 1996 2458 τῶν

351 2487 834 2564 εἶδοπεποιημὲνων
907 2491 1234 2564 κτισμάτων.
1311 2491 1368 2547 Εἰ
1426 2499 1550 2568 γοῦν
1611 2491 1727 2548 οὔτε
1786 2489 1997 2549 sidona-

349 2580 646 2654 ποιημένον
707 2579 844 2635 ἐστίν
889 2582 959 2645 ῶς
1003 2581 1067 2635 τὰ
1111 2579 1258 2660 ὄντα,
1307 2579 1422 2636 οὔτε
1468 2583 1576 2654 μὴν
1620 2581 1848 2637 ἀνείδεον
1891 2582 1994 2656 μέ-

348 2695 439 2729 νον
493 2671 551 2728 ἄν
613 2672 748 2750 ἐστι,
803 2675 892 2730 καὶ
945 2673 1063 2730 καθ’
1119 2677 1274 2730 αὺτὸν
1318 2676 1693 2754 ὑφιστάμενον,
1747 2681 1861 2738 πῶς
1907 2673 1995 2730 εἷ’-

349 2785 566 2837 ποιμεν,
605 2761 685 2818 ὅτι
731 2764 791 2818 τὸ
857 2770 1090 2820 τοιοῦτον
1141 2765 1354 2836 εἰρήνην
1401 2764 1496 2819 οὒκ
1541 2764 1702 2844 ἔχεις
1741 2766 1794 2822 Εἰ
1839 2763 1893 2820 δὲ
1939 2767 1996 2820 τὸ

347 2853 522 2929 τρίτον
571 2854 752 2932 φησὶν,
787 2850 867 2910 ὅτι
913 2853 1052 2918 τινές
1083 2856 1213 2910 εἰσιν
1271 2854 1698 2934 ἀπεχθανόμενοι
1733 2861 1808 2928 τῷ
1853 2853 1992 2933 ἀγα-

347 2945 443 3016 θῷ,
478 2946 568 2998 καὶ
608 2955 728 3006 ταῖς
780 2941 910 3020 ἔρισι
960 2945 1046 2999 καὶ
1096 2958 1212 3005 τοῖς
1255 2947 1444 3017 Ουμοῒς
1501 2945 1805 3022 χαίροντες,
1859 2947 1995 3022 φημὶ

349 3032 430 3090 ὅτι
479 3035 565 3090 καὶ
610 3037 750 3091 οὗτοι
801 3035 1063 3114 ἀμαυροῖς
1113 3035 1347 3099 εἰδώλοις
1409 3040 1503 3102 τῆς
1557 3035 1774 3112 ἀγάπης
1833 3037 1995 3092 κατέ-

351 3138 564 3202 χονται⁶
628 3124 728 3178 ὑπὸ
773 3125 872 3201 γὰρ
935 3129 1113 3181 παθῶν
1157 3125 1566 3205 ἐνοχλούμενοι,
1599 3127 1686 3182 καὶ
1729 3128 1793 3182 τὰ
1853 3127 1994 3193 πάθη

814 377 914 444 DE
957 377 1252 446 DIVINIS
1294 373 1743 460 NOMINIBUS,
1789 375 1956 442 CAP.

2084 421 2111 438 η.
2156 410 2232 423 -
2289 379 2676 449 PARAPHR.
2725 377 3236 450 PACHYMERE.

3604 377 3724 456 966

2161 522 2310 601 ἕιν,
2333 521 2410 584 Et
2431 516 2571 600 quid
2597 515 2732 577 dico
2765 515 2891 577 haec
2921 515 2997 578 de
3029 515 3147 578 illis
3167 537 3297 599 quae
3327 538 3443 582 non
3469 540 3717 584 moven-

2082 619 2196 686 tur,
2227 611 2337 674 sed
2369 610 2501 670 sine
2529 605 2836 669 deditione
2867 613 3044 682 atque
3073 605 3136 667 in
3166 614 3366 688 quiete
3393 619 3554 686 sunt,
3577 630 3712 674 cum

2082 701 2139 763 id
2165 703 2341 763 etiam
2367 701 2562 761 locum
2587 693 2801 756 habeat
2823 700 2881 754 in
2903 694 2976 756 iis
2997 714 3127 776 quae
3155 717 3536 778 quocumque
3559 712 3714 764 motu

2082 791 2338 869 cientur,
2365 797 2430 852 ut
2462 795 2520 849 in
2554 786 2678 847 sole
2710 783 2915 846 videre
2937 787 3070 864 quis
3095 788 3296 865 possit,
3333 791 3422 852 vel
3445 791 3505 852 in
3530 791 3717 872 parti-

2085 881 2194 943 bus
2217 881 2378 953 caeli,
2405 879 2496 940 vel
2523 877 2582 938 in
2605 875 2736 937 aliis
2754 893 2884 955 qum
2914 874 3089 937 facile
3115 887 3438 952 mutantur,
3465 882 3716 962 atquein

2081 973 2196 1033 alia
2224 980 2400 1051 atque
2425 968 2539 1030 alia
2567 973 2818 1044 vergunt
2846 986 2862 1040 ;
2909 964 3062 1026 sicut
3092 967 3266 1026 etiam
3301 965 3363 1029 in
3396 968 3626 1047 fulgure
3657 989 3720 1032 se

2080 1079 2177 1124 res
2208 1060 2410 1139 habet,
2445 1054 2607 1135 quod
2640 1063 2985 1135 extempore
3017 1054 3298 1117 deorsum
3335 1067 3625 1133 movetur,
3663 1069 3723 1123 et

2078 1151 2295 1214 iterum
2320 1165 2592 1226 sursum;
2629 1146 2717 1206 vel
2741 1142 2801 1204 in
2827 1141 2996 1218 mari,
3026 1143 3201 1205 modo
3226 1146 3464 1226 quidem
3491 1151 3722 1228 procel-

2077 1241 2229 1315 loso,
2277 1239 2453 1300 modo
2482 1253 2622 1299 vero
2653 1233 2994 1315 tranquillo,
3028 1232 3110 1294 ita
3154 1243 3219 1294 ut
3259 1235 3437 1297 etiam
3467 1237 3722 1318 ipsamet

2078 1329 2308 1392 alterna
2339 1327 2521 1388 motio
2577 1344 2695 1386 non
2745 1323 3064 1386 constituat
3110 1323 3505 1388 differentiam
3539 1337 3597 1390 et
3625 1329 3724 1391 di»

2077 1421 2444 1491 versiiatem,
2476 1415 2582 1478 sed
2621 1421 2845 1477 natura:
2892 1413 3262 1476 identitatem
3314 1415 3720 1494 demonstret,

2083 1507 2307 1586 quippe
2329 1511 2538 1565 natura
2556 1503 2646 1564 rei
2669 1501 3005 1564 istiusmodi
3022 1508 3249 1562 motum
3275 1510 3335 1564 et
3355 1503 3720 1567 vicissitudi-

2086 1613 2222 1657 nem
2259 1613 2363 1674 pro
2390 1611 2534 1674 pace
2555 1611 2660 1654 sua
2684 1591 2976 1672 exigente,
3000 1599 3058 1652 et
3091 1601 3209 1652 tum
3236 1592 3414 1654 etiam
3439 1593 3720 1657 mobilem

2082 1703 2250 1746 suam
2283 1685 2455 1746 vitam
2488 1683 2795 1744 immotam
2820 1689 3234 1757 conservante,
3263 1689 3437 1762 prout
3457 1683 3588 1764 ejus
3611 1702 3722 1747 na-

2077 1781 2208 1838 tura
2236 1773 2369 1838 fert.

2155 1869 2183 1942 §
2215 1863 2285 1927 V.
2333 1865 2394 1926 Si
2427 1882 2565 1926 vero
2613 1861 2859 1925 alteram
2905 1860 3200 1924 rationem
3231 1860 3461 1937 aﬂerat,
3496 1863 3720 1926 conﬁr-

2079 1973 2268 2028 mans,
2287 1954 2689 2016 diversitatem
2711 1953 2966 2013 existere
2993 1968 3100 2031 per
3111 1951 3723 2034 omnimodamapace

2079 2043 2545 2124 prolapsionem,
2571 2042 2729 2102 sicut
2749 2039 3052 2103 Manichaai
3078 2039 3382 2122 dicebant,
3412 2043 3721 2106 materiam

2079 2132 2300 2195 habere
2334 2151 2440 2214 per
2468 2149 2533 2193 se
2565 2129 2990 2192 subsistentem
3034 2127 3476 2192 instabilitatem
3509 2139 3570 2193 et
3597 2133 3722 2194 cir-

2079 2222 2558 2300 cumferentiam,
2583 2227 2642 2281 et
2671 2217 3023 2280 inﬁnitatem
3057 2225 3118 2278 et
3144 2217 3721 2296 interminationem,

2081 2312 2229 2374 sciat
2259 2313 2488 2374 nullum
2524 2329 2629 2372 ens
2660 2326 2814 2382 esse,
2859 2307 3019 2387 quod
3065 2305 3153 2369 sic
3184 2309 3433 2371 materia
3464 2319 3720 2384 maneat,

2082 2413 2138 2464 et
2169 2421 2276 2483 per
2304 2421 2369 2463 se
2399 2399 2724 2475 subsistat;
2751 2415 2946 2479 neque
2969 2396 3027 2457 id
3052 2396 3231 2458 etiam
3259 2398 3321 2458 in
3345 2399 3528 2460 rebus
3549 2418 3724 2481 repe-

2079 2492 2210 2572 riri,
2243 2511 2376 2553 cum
2409 2491 2533 2570 ipsa
2562 2489 2740 2550 etiam
2773 2504 2890 2548 una
2919 2486 2996 2546 sit
3025 2503 3094 2546 ex
3124 2487 3414 2548 creaturis
3445 2488 3560 2551 illis
3590 2508 3723 2567 qua

2081 2582 2500 2644 informantur.
2529 2579 2588 2642 Si
2613 2579 2812 2658 itaque
2833 2594 2954 2638 non
2977 2575 3053 2637 sit
3075 2576 3415 2652 informata,
3442 2576 3596 2639 sicut
3621 2595 3724 2642 res

2080 2683 2333 2752 caeteris,
2365 2688 2560 2750 neque
2589 2669 2767 2730 etiam
2799 2676 2986 2741 certe,
3020 2664 3160 2726 dum
3191 2665 3465 2728 informis
3498 2677 3722 2750 manet,

2079 2779 2177 2822 res
2205 2761 2303 2842 sit,
2342 2779 2416 2822 ne
2448 2776 2552 2840 per
2583 2776 2648 2819 se
2678 2756 2990 2834 subsistat;
3031 2754 3332 2834 quomodo
3361 2755 3632 2820 dicemus
3662 2758 3723 2819 id

2080 2851 2237 2932 quod
2268 2851 2380 2914 tale
2408 2859 2500 2910 est
2531 2866 2648 2910 non
2678 2846 2898 2908 habere
2929 2862 3132 2925 pacem
3156 2850 3185 2907 ?
3209 2843 3378 2918 Quod
3408 2853 3458 2908 si
3484 2848 3720 2909 tertium

2079 2941 2262 3023 dicat,
2295 2941 2527 3022 aliquos
2561 2956 2690 3000 esse
2719 2937 2820 3017 qui
2851 2936 3006 2998 bono
3027 2935 3447 3014 adversantur,
3483 2944 3542 2998 et
3569 2956 3720 3000 con-

2080 3032 2444 3093 tentionibus
2473 3040 2530 3091 et
2572 3029 2674 3090 iris
2718 3026 3036 3106 gaudeant,
3069 3025 3203 3087 dico
3235 3025 3412 3087 etiam
3443 3026 3580 3089 illos
3608 3026 3724 3088 ob-

2079 3122 2268 3182 scuris
2298 3119 2653 3202 quibusdam
2679 3117 3020 3178 dilectionis
3043 3115 3378 3177 simulacris
3397 3120 3721 3194 contineri;

349 3213 487 3268 κατὰ
518 3209 734 3291 ἄγνοιαν
777 3215 849 3270 ὡς
881 3214 1020 3270 καλὰ
1075 3213 1312 3280 Θέλοντες
1363 3217 1534 3294 ἱσιᾷν,
1565 3214 1804 3271 δοκοῦσιν
1844 3217 1995 3294 εἰρή-

2084 3229 2117 3272 a
2137 3210 2511 3291 passionibus
2532 3227 2689 3270 enim
2713 3205 2938 3283 agitati,
2958 3223 3182 3286 easque
3205 3223 3312 3286 per
3329 3207 3721 3286 ignorantiam

350 3326 449 3368 νης
481 3304 776 3380 ὁρεγεσῢαι,
811 3303 1078 3384 ἐφιέμενοι
1111 3304 1276 3366 ἀδεῶς
1307 3304 1596 3361 ἀπολαύειν
1655 3312 1760 3361 τῶν
1793 3310 1994 3380 παθῶν,

2084 3283 2248 3380 quasi
2275 3307 2456 3360 bonas
2476 3297 2688 3358 sedare
2703 3283 3506 3374 volentes,pacem_appetere
3517 3296 3725 3360 viden-

350 3395 435 3450 καὶ
480 3394 706 3468 οἰόμενοι
741 3395 1022 3470 εἰρηνεύειν
1053 3396 1268 3458 ἑαυτοὺς
1300 3395 1390 3451 ἐὰν
1413 3393 1844 3472 ἆποπληρωθῶσι
1893 3401 1995 3450 τῶν

2084 3397 2202 3461 tur,
2237 3388 2378 3448 dum
2415 3384 2792 3467 passionibus
2821 3385 3068 3461 impune
3113 3383 3230 3444 frui
3263 3383 3630 3466 desiderant,
3663 3394 3725 3447 et

350 3482 432 3539 ἀεὶ
481 3482 848 3561 ἀπσρῤεόντων
897 3488 1099 3555 παθῶν,
1137 3485 1215 3540 ἀεὶ
1257 3486 1360 3540 ὑπὸ
1415 3485 1614 3540 τούτων
1672 3484 1995 3561 ἐκταραττό-

2084 3478 2439 3538 arbitrantur
2467 3494 2533 3536 se
2565 3493 2770 3556 pacem
2803 3473 3050 3550 habere,
3082 3473 3132 3534 si
3163 3474 3446 3536 continua
3476 3473 3724 3536 ﬂuenti-

351 3594 526 3648 μενοι,
580 3575 639 3631 Τί
673 3573 734 3628 ἄν
785 3596 865 3636 τις
899 3574 1046 3630 εἴποι
1105 3576 1221 3645 περὶ
1251 3574 1346 3641 τῆς
1396 3575 1531 3630 κατὰ
1591 3575 1811 3651 Χριστὸν
1846 3575 1994 3651 εἰρή-

349 3685 472 3737 νης,
507 3663 622 3718 καθ’
672 3663 736 3731 ἢν
768 3663 904 3726 ἅπας
951 3663 1106 3730 ἐλύοη
1141 3663 1398 3744 πόλεμος,
1431 3664 1518 3720 καὶ
1559 3665 1636 3739 μὴ
1670 3663 1832 3737 μύνον
1877 3662 1994 3719 οὔτε

351 3753 584 3826 ἑαυτοῖς,
618 3752 735 3808 οὔτε
791 3751 1068 3826 ἀλλήλοις,
1104 3755 1222 3810 ούτε
1281 3753 1538 3831 ἀγγέλοις
1603 3755 1992 3834 μαχησόμεθα,

349 3839 489 3898 ἀλλὰ
517 3845 604 3898 καὶ
629 3843 812 3907 αὺτοῖς
845 3857 957 3908 τοῖς
983 3842 1229 3922 ἀγγέλοις
1263 3845 1676 3924 συνεργήσομεν,
1703 3845 1800 3912 τὴν
1831 3843 1996 3910 ex")th

350 3930 535 3996 αὖτοτς
567 3935 683 4009 περὶ
727 3935 788 3989 τὸ
821 3941 976 3990 Θεϊον
1009 3932 1165 3996 σέϐας
1212 3933 1452 4012 λατρείαν
1493 3937 1581 3990 καὶ
1637 3934 1996 4012 προσκύνησιν

349 4019 647 4102 τελοῦντες,
708 4020 776 4078 δι’
833 4024 896 4088 ἧς
955 4023 1166 4101 εἰρήνης
1211 4023 1540 4093 κατήλλαξεν
1599 4025 1740 4096 ἡμᾶς
1799 4025 1990 4098 ἐαυτῷ,

347 4115 427 4182 τῷ
482 4113 639 4190 πατρί
679 4133 738 4168 τε
789 4115 879 4168 καὶ
931 4119 1006 4185 τῷ
1065 4115 1350 4193 Πνεύμχτι,
1388 4114 1504 4191 περὶ
1563 4116 1636 4168 ὧν
1686 4113 1774 4168 καὶ
1823 4112 1994 4170 ἅλλα-

350 4201 486 4280 χόσε
523 4204 716 4262 ἱκανῶς
751 4198 988 4280 εὕρηται,

430 4377 461 4459 §
491 4377 590 4442 VI.
626 4377 892 4438 Ἐντεῦθεν
917 4377 1179 4436 εἰσϐάλλει
1204 4382 1290 4437 καὶ
1315 4380 1614 4459 ἑρμηνεύει,
1645 4388 1754 4444 πῶς
1779 4395 1891 4439 νοεῖ
1908 4383 1996 4438 τὸν

351 4472 482 4527 Θεὸν
531 4470 803 4540 αὒτοζωὴν
852 4470 1017 4540 εἶναι,
1053 4471 1139 4526 καὶ
1198 4476 1294 4536 τῆς
1347 4471 1617 4541 αύεοζωῆς
1663 4471 1993 4550 ὑποστάτην,

347 4561 444 4617 καὶ
489 4561 554 4617 τὰ
611 4559 794 4641 ὅμοια,
829 4557 1012 4626 ἐπειδὴ
1046 4560 1131 4616 καὶ
1177 4559 1232 4614 ἐν
1274 4559 1587 4624 ἐπιστολαῖς
1647 4568 1800 4617 τοῦτο
1865 4584 1992 4618 συν-

350 4653 518 4730 εθετο,
576 4652 662 4706 καὶ
721 4651 749 4705 ὸ
799 4648 946 4728 ἅγιος
1000 4652 1254 4724 Τιμόθεος
1313 4651 1554 4728 ἠπορησε
1605 4650 1722 4726 περὶ
1783 4651 1991 4714 τούτου.

347 4743 491 4805 Φησὶ
535 4739 726 4805 τοίνυν,
760 4739 838 4794 ὅτι
881 4739 975 4795 οὒκ
1035 4737 1175 4795 ἔστιν
1221 4741 1455 4795 ἒναντίον
1511 4740 1681 4794 εἰπεῖν
1730 4742 1820 4796 τὸν
1865 4743 1995 4796 Θεὸν

710 4787 726 4818 ἳ

349 4833 436 4887 καὶ
522 4832 817 4910 αύτοζωὴν,
882 4834 969 4888 καὶ
1038 4834 1312 4902 αὒτοζωῆς
1383 4831 1708 4898 ὑποστατην·
1783 4831 1994 4910 λέγεται

350 4922 450 5000 γὰρ
483 4923 511 4978 ὁ
558 4925 687 4985 Θεὸς
739 4923 824 4977 καὶ
877 4921 937 4978 ἐκ
985 4928 1093 4977 τῶν
1154 4920 1342 4994 ὄντων,
1377 4922 1449 4985 ὡς
1495 4923 1742 4978 αἰτιατῶε.
1799 4921 1995 5002 αἴτιος,

349 5014 436 5068 καὶ
483 5011 715 5087 μάλιστα
745 5014 808 5068 ἔκ
853 5017 958 5068 τῶν
991 5013 1212 5090 πρώτως
1267 5010 1454 5072 ὄντων.
1509 5011 1737 5090 Πρώτως
1769 5009 1823 5066 δὲ
1871 5010 1995 5068 ὄντα

349 5104 506 5176 οἶμαι
557 5103 711 5158 αὐτὸν
772 5102 1035 5180 εἰρηκέναι
1096 5103 1186 5167 τὰς
1241 5103 1626 5181 ὑπερκοσμέους
1683 5103 1889 5182 φύσεις,
1921 5103 1994 5166 ὡς

348 5192 574 5270 πρώτως
611 5193 701 5248 καὶ
754 5191 1055 5270 ἀκραιφνῶς
1116 5199 1222 5248 τῶν
1271 5193 1422 5250 θείων
1466 5189 1674 5272 δωρεῶν
1728 5193 1996 5272 μετεχού-

2081 3567 2194 3630 bus
2245 3565 2619 3647 passionibus
2669 3564 3037 3644 repleantur,
3091 3579 3166 3624 an
3219 3563 3432 3625 iisdem
3481 3582 3722 3646 semper

2078 3657 2221 3718 520
2270 3655 2572 3736 exagitari.
2627 3653 2780 3727 Quid
2811 3669 2990 3735 porro
3041 3651 3200 3714 dicat
3254 3653 3389 3734 quis
3445 3653 3521 3715 de
3575 3673 3720 3734 pace

2080 3747 2343 3824 ChriSii,
2394 3765 2510 3828 qua
2555 3745 2773 3806 bellum
2824 3761 3002 3804 omne
3055 3742 3413 3805 dissolutum
3470 3753 3604 3821 est,
3661 3753 3724 3807 ut

2080 3857 2198 3899 non
2231 3839 2421 3900 solum
2458 3853 2650 3916 neque
2682 3835 3015 3910 nobiscum,
3052 3851 3248 3915 neque
3273 3850 3408 3897 cum
3439 3836 3719 3915 invicem,

2082 3947 2274 4010 neque
2298 3947 2432 3989 cum
2457 3927 2683 4006 angelis
2701 3925 2922 3986 bellum
2949 3923 3300 4006 habeamus,
3319 3943 3520 3986 verum
3544 3925 3722 3987 etiam

2079 4020 2224 4101 ipsis
2254 4019 2480 4097 angelis
2510 4032 2929 4096 cooperemur,
2956 4015 3233 4075 eumdem
3264 4033 3399 4076 cum
3432 4015 3578 4094 ipsis
3603 4015 3724 4077 Deo

2081 4111 2304 4171 cultum
2351 4118 2410 4170 et
2459 4106 2876 4168 adorationem
2933 4103 3308 4184 exhibentes,
3347 4123 3466 4181 qua
3515 4105 3722 4185 utique

2081 4200 2418 4262 conciliavit
2447 4216 2555 4258 nos
2585 4195 2722 4264 sibi,
2760 4204 2818 4256 et
2855 4193 3038 4268 l’atri,
3090 4199 3149 4254 et
3193 4192 3440 4273 Spiritui
3490 4200 3722 4270 sancto,

2079 4289 2155 4354 de
2186 4288 2400 4368 quibus
2433 4288 2608 4348 etiam
2642 4284 2783 4346 alibi
2815 4283 2957 4345 satis
2988 4281 3213 4344 dictum
3250 4293 3362 4344 est.

2160 4379 2188 4459 §
2222 4378 2316 4439 V'I.
2338 4376 2447 4439 Hic
2470 4379 2645 4438 etiam
2675 4373 3014 4452 introducit,
3041 4381 3098 4434 et
3123 4373 3397 4452 explicat,
3422 4373 3720 4454 quomodo

2078 4469 2362 4548 intelligat
2395 4468 2576 4530 Deum
2618 4484 2754 4527 esse
2787 4482 2889 4545 per
2919 4482 2984 4524 se
3017 4465 3219 4544 vitam,
3251 4474 3308 4524 et
3352 4483 3457 4545 per
3497 4483 3562 4528 se
3595 4465 3724 4529 vitte

2079 4561 2477 4635 conditorem,
2510 4569 2567 4620 et
2598 4555 2838 4631 similia,
2865 4554 3352 4635 quandoquidem
3373 4555 3434 4616 id
3462 4556 3638 4618 etiam
3661 4558 3724 4618 in

2078 4651 2358 4733 Epistolis
2406 4649 2691 4730 posuerit,
2727 4661 2787 4706 et
2831 4655 3069 4706 sanctus
3115 4643 3462 4706 Timotheus
3491 4647 3567 4707 de
3613 4646 3722 4721 hoc

2077 4741 2378 4804 dubitarit.
2415 4741 2517 4802 Ait
2557 4741 2752 4818 itaque
2789 4754 2907 4796 non
2961 4753 3226 4814 pugnare
3257 4753 3487 4816 secum,
3521 4735 3723 4798 dicere

2078 4830 2265 4893 Deum
2297 4848 2429 4892 esse
2459 4847 2570 4910 per
2603 4847 2668 4889 se
2700 4826 2897 4907 vitam,
2933 4833 2994 4886 et
3025 4844 3132 4904 per
3168 4843 3235 4887 se
3279 4832 3414 4886 vitae
3442 4826 3720 4888 condito-

2077 4938 2244 5002 rem;
2282 4919 2498 4980 dicitur
2533 4918 2692 4980 enim
2722 4919 2902 4994 Deus,
2933 4915 3106 4976 etiam
3138 4933 3208 4975 ex
3239 4915 3419 4976 rebus
3443 4925 3720 4994 tanquam

2079 5011 2396 5072 effectuum
2425 5027 2626 5082 causa,
2651 5017 2710 5069 et
2735 5005 2988 5066 maxime
3009 5021 3080 5064 ex
3113 5003 3190 5066 iis
3211 5022 3342 5082 quae
3365 5003 3560 5086 primo
3591 5007 3722 5068 loco

2078 5105 2244 5161 sunt.
2263 5097 2556 5160 Existimo
2571 5105 2770 5158 autem
2795 5095 2990 5176 ipsum
3008 5111 3208 5174 perea
3221 5112 3354 5174 quae
3380 5095 3573 5174 primo
3590 5097 3720 5158 loco

2079 5196 2238 5267 sunt,
2268 5186 2634 5250 intellexisse
2665 5194 2906 5247 naturas
2935 5185 3472 5264 supramundiales,
3502 5185 3723 5266 quippe

349 5302 469 5357 σας,
535 5280 701 5357 ζώτίς,
749 5280 1056 5362 ἀθανασίας,
1119 5283 1207 5338 καὶ
1262 5289 1369 5340 τῶν
1439 5280 1664 5341 λοιπῶν.
1743 5280 1838 5340 Ἐκ
1893 5290 1995 5339 τῶν

2084 5277 2273 5358 primo
2288 5276 2419 5338 loco
2437 5275 2783 5356 liquidoque
2798 5272 3259 5336 divinamunera
3273 5276 3718 5356 participantes,

349 5369 517 5427 ὄντων
560 5372 733 5429 τοίνυν
791 5370 1082 5449 λεγόμενος
1126 5374 1153 5427 ὁ
1213 5372 1363 5442 Θεός,
1416 5373 1491 5435 ὼς
1544 5371 1720 5436 αἴτιος
1777 5373 1840 5428 kx
1889 5372 1995 5429 τῶν

2084 5376 2142 5428 ut
2171 5368 2374 5448 vitam,
2401 5365 2938 5440 immortalitatem,
2957 5371 3016 5425 et
3031 5364 3282 5446 reliqua.
3312 5363 3514 5445 Itaque
3538 5367 3718 5444 Deus,

349 5461 600 5518 αἰτιατῶν
656 5460 868 5539 λέγοιτο
932 5459 994 5517 ἂν
1048 5461 1185 5518 κατᾶ
1239 5461 1416 5542 τοῦτο,
1463 5463 1552 5518 καὶ
1596 5463 1624 5518 ὃ
1681 5460 1776 5531 τῆς
1831 5463 1992 5520 αύτο-

2084 5457 2182 5540 qui
2202 5475 2268 5520 ex
2285 5455 2772 5536 rebus,tanquam
2799 5471 2982 5518 causa
2999 5471 3074 5516 ex
3093 5454 3340 5528 effectis,
3361 5454 3719 5536 appellatur,

347 5555 490 5621 ζωης
550 5553 852 5618 ὓποστάτης
897 5553 982 5610 καὶ
1040 5551 1239 5625 αἴτιος,
1273 5554 1511 5624 αὐτοζωή
1570 5550 1632 5609 ἐκ
1670 5559 1761 5610 τοῦ
1817 5556 1995 5610 αἰτια-

2084 5546 2412 5610 secunduin
2447 5546 2558 5607 hoc
2591 5545 2769 5606 etiam
2793 5543 2909 5606 dici
2937 5543 3122 5624 possit
3143 5545 3330 5624 ipsius
3361 5561 3469 5625 per
3497 5562 3563 5606 se
3593 5547 3722 5608 vitae

347 5645 460 5704 τοῦ,
510 5639 570 5698 Τί
615 5638 669 5696 δέ
698 5640 839 5697 ἐστιν
869 5641 903 5709 ἡ
935 5641 1174 5713 αὗτοζωὴ
1235 5639 1392 5714 αὕτη,
1431 5642 1770 5721 παρακατιὼν
1821 5640 1992 5706 εἴποι,

2084 5637 2356 5702 conditor
2395 5643 2455 5700 et
2492 5641 2722 5713 auctor,
2759 5652 2829 5697 ex
2861 5635 3077 5698 eﬂ'ectu
3127 5652 3234 5716 per
3272 5652 3338 5697 se
3381 5635 3537 5700 vitae.
3568 5633 3721 5708 Quid

349 5723 534 5789 ’Ὅταν
585 5726 638 5785 δὲ
672 5729 825 5794 αὐτὸς
860 5727 1072 5809 λέγεται
1102 5731 1128 5786 ὁ
1184 5731 1313 5794 Θεὸς
1346 5730 1611 5812 αὖτοζωή,
1644 5730 1776 5813 ὑπὲρ
1819 5737 1995 5790 πᾶσαν

2084 5745 2217 5792 vero
2272 5724 2352 5792 sit
2404 5727 2530 5790 haec
2581 5743 2690 5811 per
2735 5743 2802 5789 se
2850 5730 2988 5805 vita,
3040 5723 3128 5790 ita
3175 5744 3543 5815 prosequens
3586 5729 3715 5802 ait;
