4134 6156
475 341 592 419 967

1646 343 1707 415 S.
1767 345 2107 416 DIONYSII
2145 343 2672 419 AREOPAGITE.

3745 361 3860 430 968

481 492 725 566 Quando
768 499 965 552 autem
1014 488 1238 551 dicitur
1288 483 1446 550 Deus
1499 505 1606 568 per
1650 505 1714 549 se
1764 487 1905 563 vita,
1943 507 2123 568 supra

2215 492 2356 569 pinv
2412 491 2648 572 λέγεται,
2705 492 2868 570 ἢγουν
2915 490 3008 550 καὶ
3060 491 3192 570 ὑπὲρ
3237 493 3494 572 ἀγγέλους
3552 500 3637 555 καὶ
3680 506 3858 555 πᾶσαν

481 601 719 644 omnem
747 590 1014 642 naturam
1033 578 1272 652 dicitur,
1295 577 1349 638 id
1377 587 1462 639 est
1487 577 1664 638 etiarn
1683 596 1859 660 supra
1885 579 2127 657 angelos

477 690 838 752 omnemque
869 668 1254 730 substantiam
1289 667 1633 745 spiritalem.
1670 665 1754 729 Ex
1784 686 1903 728 uno
1927 677 2121 729 autem

481 763 752 842 exemplo
780 761 930 834 vitae,
959 777 1066 820 nos
1092 763 1267 819 etiam
1291 757 1366 818 de
1393 758 1692 819 similibus
1717 757 1996 819 similiter
2020 778 2122 820 co-

481 853 672 932 gitare
699 858 952 932 oportet.
989 847 1504 921 Quemadmodum
1525 847 1702 927 igitur
1723 848 1778 908 in
1808 846 1944 909 aliis
1971 849 2120 911 eﬂ'e-

483 942 594 1004 ctis
624 939 982 1022 reperimus,
1019 941 1207 1002 Deum
1241 945 1419 999 etiam
1441 955 1511 999 ex
1529 938 1620 999 his
1639 938 1887 1019 dictum,
1915 949 1973 1000 et
1994 957 2120 1000 rur-

483 1052 612 1094 sum
655 1048 832 1112 supra
865 1030 990 1091 haac
1023 1028 1309 1103 existere,
1347 1028 1542 1108 ignem
1591 1035 1647 1089 et
1686 1047 1865 1107 supra
1897 1029 2119 1106 ignem,

487 1130 746 1184 mentem
769 1128 828 1181 et
851 1136 1027 1200 supra
1053 1125 1339 1198 mentem,
1360 1118 1634 1198 spiritum
1667 1129 1724 1179 et
1755 1136 1934 1197 supra
1957 1117 2128 1198 spiri-

488 1223 638 1293 tum,
689 1211 776 1272 sic
824 1209 997 1271 etiam
1056 1226 1158 1287 per
1206 1225 1271 1268 se
1317 1208 1431 1270 vita
1483 1206 1700 1269 dicitur
1751 1215 2026 1287 tanquam
2061 1226 2127 1269 ex

489 1304 727 1382 eil'ectu,
762 1309 820 1361 et
851 1315 1028 1377 supra
1077 1303 1288 1376 ipsam.
1344 1296 1498 1370 Quid
1552 1315 1714 1377 vero,
1750 1297 2006 1375 inquies,
2040 1306 2130 1360 est

486 1393 613 1454 haec
647 1408 749 1471 per
771 1407 834 1450 se
856 1389 993 1467 vita,
1015 1388 1183 1466 cujus
1221 1388 1472 1448 eti‘ector
1504 1393 1561 1447 et
1594 1405 1772 1448 causa
1803 1386 1959 1448 Deus
1991 1387 2128 1448 est?

486 1501 623 1544 num
651 1487 738 1542 est
757 1497 856 1541 res
887 1495 990 1558 per
1019 1494 1086 1538 se
1115 1475 1466 1550 subsistens,
1495 1477 1676 1538 etiam
1705 1477 2036 1539 secundum
2061 1496 2127 1539 se

471 1565 1019 1633 considerata?Non
1041 1565 1154 1626 hoc
1175 1565 1456 1640 dicimus;
1488 1584 1606 1626 non
1630 1565 1789 1627 enim
1813 1575 1902 1628 est
1925 1567 2128 1644 aliqua

477 1659 828 1733 substantia,
875 1657 995 1718 sive
1026 1655 1230 1717 divina
1254 1655 1378 1718 sive
1407 1656 1696 1734 angelica,
1729 1656 1872 1719 illud
1922 1675 2028 1739 per
2062 1675 2127 1718 se

478 1769 612 1812 esse
643 1766 815 1810 causa
847 1747 1125 1808 essentia;
1155 1747 1448 1828 omnium,
1481 1747 1571 1808 vel
1605 1764 1711 1828 per
1745 1766 1808 1810 se
1837 1747 1976 1820 vita,
2013 1764 2129 1828 qua

476 1843 736 1904 viventia
769 1839 967 1899 vivunt
996 1837 1213 1915 (solum
1240 1838 1399 1899 enim
1435 1840 1504 1915 is,
1537 1837 1636 1918 qui
1670 1847 1760 1899 est
1791 1837 2130 1900 substantia

2211 583 2394 656 νοερὰν
2436 583 2632 645 οὖσίαν.
2675 581 2763 648 Ἐξ
2807 585 2925 647 ἑνὸς
2977 581 3032 640 δὲ
3089 585 3183 652 τῆς
3231 586 3396 660 ζωῆς,
3441 587 3527 642 καὶ
3578 589 3695 666 περὶ
3755 589 3860 645 τῶν

2209 670 2407 743 ὁμοίων
2465 672 2664 744 ὁμοίως
2715 674 2856 748 ἡμᾶς
2901 672 2987 730 δεῖ
3039 687 3202 733 νοεῖν.
3263 665 3353 735 Ὠς
3399 674 3521 752 γοῧν
3553 675 3638 732 ἐπ’
3681 675 3860 734 ἄλλων

2208 761 2458 816 αἰτιατῶν
2511 763 2819 840 εὑρίσκομεν
2849 764 2940 818 τὸν
2995 765 3124 819 Θεὸν
3173 765 3262 820 καὶ
3302 763 3407 820 ἀπὸ
3451 763 3651 822 τούτων
3695 765 3862 845 λεγό-

2209 870 2390 929 μενον,
2427 851 2511 906 καὶ
2563 850 2726 909 πάλιν
2772 852 2901 930 ὅπερ
2949 855 3113 909 ταῦτα
3167 851 3291 910 ὄντα

3300 903 3315 934 ,
3349 865 3447 932 πῦρ
3498 857 3582 912 οιαὶ
3625 857 3759 934 ὑπὲρ
3805 859 3862 912 τὸ

2205 946 2329 1017 μῦρ,
2365 942 2484 996 νοῦν
2533 941 2620 997 καὶ
2677 942 2809 1018 ὑπὲρ
2866 944 2956 998 τὸν
3014 945 3156 1018 νοῦν,
3215 951 3422 1018 πνεῦμα
3483 947 3567 1001 11‘:
3622 948 3756 1024 ὑπὲρ
3807 948 3863 1002 τὸ

2208 1035 2436 1104 πνεῦμα·
2499 1029 2666 1094 οὖτως
2726 1033 2813 1087 καὶ
2901 1033 3141 1103 αὖτοζωή
3201 1035 3274 1096 ὡς
3344 1033 3398 1100 ἒξ
3456 1036 3715 1110 αἰτιατοῦ,
3783 1039 3866 1092 καὶ

2211 1118 2342 1194 ὑπὲρ
2397 1121 2583 1189 αὒττςν,
2632 1121 2691 1177 Τί
2743 1119 2822 1200 δὲ,
2855 1121 3056 1196 εἴποις,
3114 1121 3255 1178 ἔστιν
3314 1121 3446 1191 αὕτη
3507 1126 3537 1191 ἧ
3594 1125 3860 1196 αὖτοζωῆ,

2217 1208 2278 1276 ἧς
2328 1211 2354 1264 0
2383 1212 2508 1275 Θεὸς
2537 1211 2840 1278 ὑποστάτης
2872 1213 2958 1267 11‘:
3005 1213 3181 1276 αἴτιος
3219 1232 3235 1285 ;
3267 1213 3363 1289 ἆρα
3398 1215 3762 1293 αὖθυπακικτόν
3811 1237 3866 1270 τι

2216 1305 2435 1376 πρᾶγμα
2472 1300 2558 1355 11‘:
2597 1300 2710 1355 καθ’
2745 1299 2870 1356 αὐτὸ
2917 1303 3274 1379 θεωρούμενον
3313 1319 3334 1374 ;
3391 1302 3461 1361 0'3
3493 1313 3646 1363 τοῦτο
3699 1302 3865 1381 λέγο-

2214 1404 2334 1461 μεν·
2381 1387 2497 1446 οὐδὲ
2556 1390 2652 1466 γὰρ
2709 1388 2820 1445 ἐστί
2861 1413 2943 1454 τις
3001 1391 3167 1466 οὒσὲα,
3223 1392 3258 1461 ἢ
3316 1393 3427 1449 θεία
3486 1392 3522 1461 ἢ
3571 1392 3863 1472 ἆγγελικη,

2212 1479 2299 1533 τὸ
2328 1481 2595 1536 αὐτοεῖναι
2627 1479 2764 1536 αἰτία
2791 1482 2883 1535 τοῦ
2926 1483 3066 1537 εἶναι
3100 1482 3164 1537 τὰ
3215 1480 3410 1561 πάντα,
3447 1480 3484 1549 ἢ
3529 1485 3563 1550 ἦ
3624 1483 3867 1552 αὖτοζωὴ

2210 1569 2302 1624 105
2356 1574 2453 1643 ζῇν
2495 1568 2562 1625 τὰ
2605 1573 2778 1638 ζῶντα
2837 1567 3026 1649 (μόνον
3070 1571 3170 1649 γὰρ
3215 1578 3309 1628 τοῦ
3367 1570 3513 1627 εἶναι
3544 1571 3610 1627 τὰ
3667 1573 3865 1644 πάντα,

2210 1657 2296 1713 καὶ
2327 1664 2420 1714 τοῦ
2473 1657 2642 1737 εἶναι,
2675 1659 2767 1713 καί
2815 1660 2941 1714 αὐτὸ
2971 1661 3030 1715 τὸ
3069 1659 3122 1715 ἐν
3168 1673 3284 1725 τοῖς
3313 1660 3456 1718 οὖσιν
3510 1661 3681 1742 εἶναι,
3719 1661 3866 1740 ἀρχῆ

2211 1748 2298 1802 καὶ
2341 1748 2480 1803 αἰτία
2529 1750 2670 1804 εστὶν
2725 1749 2759 1816 ἦ
2811 1749 3119 1826 ὑπερούσιὸς
3169 1749 3366 1829 οὖσία).
3410 1752 3517 1808 Οὔκ
3569 1749 3683 1807 ἔστι
3745 1758 3868 1828 γοῦν

2213 1838 2382 1892 εἰπεῖν
2441 1837 2672 1916 ἀρχικὰς
2703 1844 2809 1893 τῶν
2863 1836 3030 1894 ὄντων
3087 1840 3173 1895 καὶ
3223 1837 3606 1920 δημιουργικὰς
3661 1842 3864 1908 οὖσίας,

475 1912 1083 2011 suprasubstantialis,
1120 1912 1573 2009 principium'et-
1598 1947 1780 1990 causa
1803 1936 1890 1990 est
1919 1937 1980 1989 ut
2009 1928 2128 1990 sint

2215 1912 2571 2006 καθώσπερνοὶ
2635 1917 2931 1994 ΗΕλληνες,
2970 1927 3200 1992 πολλοὺς
3255 1912 3430 1994 θεοὺς·
3457 1912 3866 2010 σχεδιάσαντες,

479 2022 681 2083 omnia
701 2038 832 2097 quae
857 2027 1017 2098 sunt,
1040 2027 1096 2079 et
1126 2017 1318 2098 ipsum
1341 2021 1519 2090 esse).
1546 2019 1678 2080 Non
1706 2019 1903 2099 itaque
1927 2017 2128 2080 dicere

478 2111 642 2190 licet,
677 2107 1037 2189 principales
1067 2106 1352 2186 quasdam
1395 2125 1531 2168 esse
1581 2125 1780 2168 rerum
1831 2125 2038 2168 causas
2070 2115 2130 2168 et

482 2199 775 2261 essentias
790 2194 1685 2273 conditrices,quemadmodum
1702 2197 1955 2274 gentiles
1980 2197 2131 2258 mul-

484 2297 576 2350 tos
601 2289 745 2350 deos
775 2285 1172 2358 eﬂ'utiverunt,
1217 2303 1364 2364 quos
1396 2303 1506 2346 nec
1541 2285 1652 2365 ipsi
1703 2304 1900 2366 neque
1933 2294 2128 2365 patres

486 2396 694 2439 eorum
728 2375 1052 2438 sciverunt.
1103 2374 1392 2437 Caeterum
1447 2374 1574 2436 haec
1614 2373 1870 2435 dicimus
1901 2377 2129 2456 princi-

487 2465 976 2550 pialiterquidem
1010 2475 1070 2526 et
1089 2463 1407 2526 causaliter
1431 2464 1624 2544 ipsum
1658 2462 1840 2525 Deum
1867 2483 2001 2527 esse
2027 2484 2133 2545 per

483 2576 550 2618 se
598 2575 728 2632 ens,
782 2573 886 2635 per
915 2573 979 2616 se
1010 2555 1209 2627 vitam,
1247 2571 1354 2633 per
1403 2571 1468 2614 se
1517 2553 1846 2626 deitatem;
1893 2573 2127 2617 rursum

484 2647 615 2708 ὕει
676 2663 815 2707 vero
848 2643 1194 2725 participate
1236 2641 1515 2722 largiens,
1568 2644 1834 2724 inquam,
1889 2645 2131 2706 virtutes

485 2734 973 2820 providentiales.
1011 2736 1154 2795 Cum
1183 2736 1340 2796 enim
1368 2732 1524 2795 Deus
1543 2734 2057 2815 imparticipabilis
2075 2745 2134 2798 et

484 2824 902 2900 participabilis
924 2825 1013 2888 sit,
1034 2823 1525 2894 imparticipabilis
1548 2823 1778 2895 quidem
1810 2825 2130 2881 chundum

483 2918 787 2979 essentiam
809 2912 977 2985 (nihil
1001 2915 1155 2969 enim
1169 2927 1368 2969 eorum
1385 2927 1508 2984 qua:
1521 2922 1653 2969 sunt
1674 2914 2132 2985 esscntiejpstus

2211 2019 2296 2080 οὓς
2360 2015 2477 2073 οὔτε
2551 2019 2696 2074 αὖτοὶ
2766 2017 3011 2095 ᾔδεισαν,
3078 2018 3194 2076 οὔτε
3254 2021 3300 2076 οἱ
3371 2020 3594 2100 πατέρες
3673 2024 3868 2085 αὒτῶν,

2211 2104 2379 2163 ’Λλλὰ
2419 2107 2583 2164 ταῦτᾶ
2641 2129 2836 2186 φαμεν,
2891 2109 3131 2189 ἀρχικῶς
3167 2110 3264 2185 μὲν
3322 2113 3409 2167 καὶ
3454 2113 3709 2176 αἰτιατῶς
3775 2113 3867 2168 αὖ·

2210 2199 2302 2255 τὸν
2357 2199 2449 2254 τὸν
2496 2198 2650 2277 Θεὸν,
2683 2199 2895 2277 αὖτοὸν,
2958 2200 3256 2279 αὐτοζωὴν,
3303 2199 3686 2268 αὖτοθεότητα·
3740 2205 3869 2275 μεθ-

2214 2293 2381 2352 εκτῶς
2438 2285 2493 2342 δὲ
2545 2287 2711 2346 πάλιν
2769 2294 2956 2368 ταῦτα,
2989 2291 3126 2368 φημὶ
3185 2291 3278 2352 τὰς
3330 2288 3673 2366 ἐκδιδομένας
3734 2315 3871 2369 προ-

2215 2377 2467 2444 νοητικὰς
2523 2377 2792 2452 δυνάμεις.
2857 2375 3077 2446 Ἐπειδὴ
3135 2379 3234 2458 γὰρ
3292 2382 3318 2436 ὁ
3365 2381 3495 2443 Θεὸς,¹
3554 2383 3643 2437 καὶ
3703 2381 3871 2457 ἀμέθ-

2213 2469 2365 2528 εκτὸς
2425 2467 2536 2523 ἑστι
2597 2469 2683 2522 καὶ
2744 2469 3020 2542 μεθεκτὸς,
3077 2468 3367 2543 ἆμέθεκτος
3422 2470 3520 2544 μὲν
3579 2471 3720 2526 κατὰ
3778 2471 3874 2538 τήν

2214 2557 2394 2612 οὐσίαν
2448 2557 2572 2634 (τῆς
2607 2556 2702 2634 γὰρ
2734 2557 2910 2622 οζσίας
2965 2558 3123 2615 αὖτοῦ
3152 2556 3297 2615 οὐδὲν
3341 2559 3448 2616 τῶν
3505 2557 3676 2616 ὄντων
3709 2558 3874 2635 μετὲ-

2213 2668 2329 2727 χει,
2388 2646 2518 2724 ὑπὲρ
2561 2647 2625 2703 τὰ
2675 2646 2801 2703 ὄντα
2854 2648 2952 2726 γάρ
3000 2651 3110 2705 ἔστι
3159 2649 3296 2706 κατᾶ
3337 2650 3434 2716 τὴν
3485 2648 3616 2706 ἷδιαν
3675 2651 3877 2728 φύσιψ)

2214 2737 2464 2812 μεθεκτὸς
2517 2734 2571 2792 δὲ
2629 2737 2762 2793 κατὰ
2821 2738 2915 2801 τὰς
2966 2736 3286 2818 φιλοδώροῦς
3344 2739 3502 2796 αὖτοῦ
3551 2738 3874 2814 μεταδόσεις

2213 2827 2300 2883 καί
2357 2824 2577 2905 δωρεὰς,
2637 2831 2765 2884 καθὸ
2825 2829 2996 2883 πάντα
3069 2830 3132 2884 τά
3189 2827 3316 2884 ὄντα
3372 2829 3530 2887 αὗτοῦ
3611 2829 3871 2911 μετέχει,

2220 2913 2313 2970 καί
2359 2908 2426 2970 δι’
2458 2915 2616 2974 αὖτοῦ
2673 2915 2987 2982 συνέστηκε,
3053 2919 3124 2975 Τὸ
3183 2917 3281 2994 γὰρ
3329 2918 3408 2991 μὴ
3438 2917 3673 2998 μετέχον
3717 2923 3880 2976 αὐτοῦ

485 3011 786 3092 particeps
817 3005 1038 3085 existit,
1088 3002 1382 3084 siquidem
1438 3003 1767 3064 secundum
1825 3002 2131 3084 propriam

2218 3003 2334 3061 οὕτε
2391 3005 2555 3080 ἐστὶν,
2622 3007 2738 3061 οὗτε
2797 3004 2970 3079 ἔσται,
3016 3008 3133 3062 οὔτε
3184 3009 3276 3073 ἦν’
3341 3005 3422 3064 διὰ
3490 3015 3646 3065 τοῦτο
3704 3010 3770 3063 τὸ
3821 3007 3879 3062 ’ὃν

486 3109 756 3164 naturam
789 3096 984 3159 existit
1015 3111 1194 3174 supra
1225 3111 1294 3154 ea
1325 3111 1458 3170 qua;
1495 3095 1659 3171 sunt)
1702 3093 2131 3175 participabilis

2217 3095 2444 3174 μετέχει
2507 3101 2598 3150 τοῦ
2659 3095 2962 3164 αὗτοοντος,
3024 3097 3118 3152 οὐκ
3179 3097 3336 3153 αὒτοῦ
3406 3104 3498 3154 τοῦ
3556 3096 3724 3153 αἰτίου
3787 3105 3881 3155 τοῦ

486 3209 626 3253 vero
648 3186 980 3252 secundum
1011 3184 1232 3246 amicas
1253 3183 1383 3263 ejus
1411 3182 1896 3265 participationes
1917 3202 1986 3245 ac
2017 3182 2131 3244 dis-

2215 3184 2370 3245 ὃντος
2417 3186 2570 3258 Θεοῦ,
2607 3187 2772 3252 αὒτῆς
2825 3183 3029 3252 δηλαδὴ
3077 3190 3173 3252 τῆς
3218 3189 3420 3266 οὐσίας,
3451 3185 3586 3242 ἀλλὰ
3629 3188 3729 3243 τοῦ
3781 3189 3879 3244 αὖ·

490 3279 871 3358 tributiones,
889 3284 1183 3354 quatenus
1195 3291 1291 3336 res
1307 3291 1518 3335 omnes
1534 3272 1727 3354 ipsum
1754 3273 2128 3354 participant,

2217 3276 2432 3339 τοόντος
2486 3280 2581 3351 τῇς
2615 3272 2813 3354 δωρεᾶς
2874 3274 3057 3356 αὐτοῦ,
3091 3273 3210 3332 καθ’
3254 3276 3320 3346 ἢν
3369 3278 3457 3334 καὶ
3495 3277 3636 3333 ’ἐστιν
3669 3279 3698 3333 ὸ
3747 3277 3879 3338 Θεὸς

488 3381 548 3434 et
577 3387 684 3452 per
708 3369 903 3450 ipsum
936 3363 1291 3430 consistunt.
1328 3365 1474 3426 Nam
1507 3363 1563 3424 id
1598 3364 1752 3442 quod
1787 3381 1905 3424 non
1938 3363 2131 3426 existit

2218 3365 2493 3440 μεθεκτός.
2550 3365 2782 3445 Μετέχει
2827 3365 2988 3422 πάλιν
3033 3367 3093 3422 τὸ
3135 3371 3240 3437 ζῶν
3289 3369 3390 3434 τῆς
3447 3370 3750 3447 αὖτοζωῆς,
3785 3370 3880 3425 οὒκ

489 3462 621 3542 ejus
652 3457 972 3540 particeps,
997 3471 1194 3531 neque
1214 3460 1325 3528 est,
1361 3470 1554 3533 neque
1588 3453 1723 3528 erit,
1759 3472 1953 3534 neque
1975 3463 2127 3534 erat;

2217 3457 2383 3523 αὐτῆς
2426 3457 2525 3522 τῆς
2556 3456 2696 3519 θείας
2726 3457 2929 3532 οὖσίας,
2963 3456 3100 3513 ἀλλὰ
3153 3457 3249 3526 τῆς
3281 3456 3335 3513 ἐν
3368 3462 3511 3534 αὒτῷ
3562 3459 3874 3537 αὖτοζωῆς,

488 3549 767 3632 quocirca
794 3564 902 3608 ens
955 3544 1266 3626 participat
1318 3561 1424 3623 per
1473 3562 1539 3606 se
1588 3561 1716 3619 ens,
1772 3562 1890 3606 non
1943 3545 2131 3624 ipsam

2217 3545 2316 3613 τῆς
2346 3548 2486 3610 θείας
2517 3547 2653 3626 φημὶ
2683 3545 2907 3627 δωρεᾶς,
2938 3547 3058 3604 καθ’
3100 3547 3168 3616 ἢν
3198 3549 3284 3605 καὶ
3317 3570 3610 3629 μετεχεται
3643 3551 3672 3604 0
3697 3549 3871 3628 050:.

487 3626 725 3704 causam
758 3636 1014 3698 entitatis
1048 3637 1232 3698 Deum
1279 3639 1464 3714 ipsam
1505 3633 1734 3696 scilicet
1780 3633 2131 3703 essentiam,

2219 3636 2393 3695 Ταῦτα
2425 3634 2604 3715 ἔλεγεν
2626 3635 2918 3715 ἔμπροσθεν
2949 3638 3036 3693 καὶ
3059 3635 3177 3705 εἴδη
3208 3639 3298 3695 καί
3326 3639 3756 3718 παραδείγματα,
3789 3641 3879 3695 καὶ

486 3730 592 3793 sed
622 3726 1102 3789 distributionem
1133 3724 1321 3805 ipsius
1369 3741 1475 3804 per
1505 3741 1570 3785 se
1597 3728 1772 3798 entis,
1801 3722 2131 3784 secundum

2217 3733 2595 3806 προορισμοὺς,
2650 3728 2708 3784 οὐ
2776 3726 3164 3805 παριστάμενος
3236 3729 3313 3805 τῷ
3387 3730 3716 3803 Πλατωνικῷ
3777 3726 3875 3785 δό-

490 3836 664 3900 quam
699 3815 875 3877 etiam
907 3815 1063 3876 Deus
1093 3812 1518 3894 participabilis
1549 3813 1767 3876 existit.
1818 3811 2136 3893 Participat

493 3912 632 3972 it’em
664 3906 722 3969 id
757 3905 917 3987 quod
956 3903 1116 3979 vivit,
1147 3921 1252 3983 per
1281 3921 1346 3963 se
1379 3905 1575 3983 vitam,
1610 3920 1728 3963 non
1761 3901 1948 3982 ipsam
1979 3902 2133 3964 divi-

491 4018 626 4062 nam
661 3994 1006 4067 essentiam,
1042 3993 1144 4055 sed
1181 3995 1364 4073 ipsam
1398 4011 1529 4073 qua:
1559 3993 1616 4053 in
1652 3992 1780 4072 ipso
1805 3999 1896 4054 est
1940 4010 2043 4074 per
2070 4011 2134 4054 se

491 4089 695 4170 vitam,
713 4086 1002 4166 divinam,
1021 4081 1801 4163 inquam,distributionem,
1829 4102 1934 4161 per
1959 4101 2132 4164 quam

493 4179 670 4242 etiam
700 4177 1092 4259 participatur
1121 4177 1299 4237 Deus.
1335 4171 1472 4234 Haec
1515 4172 1679 4254 prius
1712 4176 1890 4235 etiam
1920 4173 2137 4236 formas

493 4279 554 4333 et
581 4267 945 4348 exemplaria
993 4273 1051 4326 et
1095 4264 1596 4346 praedetinitiones
1626 4263 1982 4344 appellabat,
2018 4283 2137 4326 non

492 4360 859 4424 confirmans
872 4355 1234 4419 Platonicam
1253 4354 1800 4430 doctrinam,absit;
1825 4353 1930 4415 sed
1957 4373 2137 4417 sensu

494 4454 589 4534 pio
609 4447 912 4529 accipiens
930 4445 1030 4508 illa
1052 4462 1182 4525 quae
1205 4443 1277 4534 ab
1302 4443 1428 4524 ipso
1445 4443 1644 4534 viliter
1663 4452 1716 4504 et
1744 4445 1984 4534 indigne
2013 4449 2134 4506 Deo

491 4531 648 4603 dicta
675 4546 869 4600 erant.
905 4535 1124 4597 Horum
1168 4533 1418 4594 eﬂ‘ector
1444 4531 1602 4594 Deus
1633 4551 1767 4595 esse
1800 4533 2035 4609 dicitur,
2074 4541 2136 4595 ut

2217 3839 2406 3896 γματι,
2466 3816 2543 3891 μή
2627 3817 2860 3894 γένοιτο’
2926 3815 3047 3874 ἀλλ’
3106 3817 3334 3882 εὖσεϐὠς
3394 3817 3750 3895 ἐκλαμϐάνων
3814 3819 3878 3874 τὰ

2218 3905 2346 3978 παρ’
2405 3905 2604 3964 ἐκείνου
2657 3913 2921 3972 ταπεινῶς
2982 3908 3068 3964 καὶ
3114 3907 3338 3973 ἀναξίως
3401 3911 3533 3966 Θεοῦ
3582 3907 3872 3986 λεγόμενά.

2219 3996 2428 4053 Τούτων
2477 3996 2781 4068 ὑποστάτης
2813 3995 3022 4074 λέγεται
3053 4000 3081 4054 0
3125 4001 3256 4062 Θεὸς
3291 4003 3453 4075 εἶναι,
3488 4001 3558 4064 ὡς
3616 3997 3672 4054 ἐν
3735 4000 3876 4070 αὒτῷ

2219 4084 2367 4167 ἔχων
2397 4095 2582 4146 ταῦτα.
2621 4087 2758 4144 Εἶτα
2789 4089 2875 4144 11‘:
2905 4087 3001 4145 ὅλα
3031 4090 3160 4148 αὐτὰ
3201 4090 3599 4158 ὑποστήσασθαι
3631 4087 3871 4166 λέγεται,

2221 4175 2305 4232 διὰ
2335 4183 2440 4233 τῶν
2474 4177 2606 4234 κατᾶ
2637 4175 2861 4254 πρόοδον
2908 4180 3216 4236 ὅποστασῶν
3246 4181 3438 4235 οὐσιῶν
3467 4178 3557 4234 ὑπ’
3590 4180 3752 4236 αὐτοῦ
3782 4180 3874 4235 οὔ·

2223 4265 2449 4330 σιωδώς·
2487 4267 2583 4323 ὃλα
2614 4265 2786 4345 λέγων
2817 4268 2881 4325 τὰ
2911 4267 3174 4333 ὁλοτελώς
3225 4269 3351 4344 μετέ
3359 4290 3525 4348 ιοντα
3558 4269 3646 4324 καὶ
3690 4269 3870 4329 οὐσίας

2222 4359 2309 4413 καί
2341 4356 2600 4428 ζωώσεως
2625 4359 2712 4413 καὶ
2743 4359 3032 4439 ἁγιασμοῦ,
3066 4360 3152 4415 καὶ
3184 4359 3421 4438 πάντων,
3454 4359 3527 4422 ὡς
3572 4359 3623 4413 αἱ
3654 4357 3874 4436 ἀγγελι-

2219 4448 2307 4504 καὶ
2365 4444 2636 4520 δυνάμεις.
2715 4449 2911 4525 Τρίτως
2961 4449 3026 4505 τὰ
3078 4448 3291 4527 μερικά·
3354 4449 3468 4504 τινα
3520 4447 3618 4526 γὰρ
3650 4448 3873 4525 μετέχει

2219 4539 2390 4612 μόνης
2449 4537 2750 4618 ὀντώσεως,
2811 4539 2928 4594 τινὰ
2979 4541 3064 4596 καὶ
3118 4541 3391 4604 ὁντωσεως
3447 4539 3534 4596 καὶ
3578 4538 3869 4612 ζωώστως,

491 4631 596 4707 qui
627 4631 755 4692 ιιωο
779 4634 838 4687 in
872 4644 936 4687 se
965 4623 1203 4714 habeat.
1241 4622 1464 4684 Deinde
1490 4623 1667 4714 etiam
1703 4623 1979 4686 universa
2010 4625 2131 4714 haec

2219 4628 2337 4683 τινὰ
2381 4629 2466 4684 καὶ
2498 4627 2772 4694 ὸντώσεως
2822 4631 2908 4686 καὶ
2965 4635 3220 4700 ζωὸσεως
3271 4631 3359 4686 καὶ
3407 4629 3616 4708 σοφίας.
3663 4631 3714 4684 αἱ
3774 4626 3874 4707 γάρ

492 4719 832 4781 condidisse
851 4713 1197 4796 perhibetur
1213 4729 1319 4792 per
1330 4711 1786 4792 essentias,quae
1808 4713 2131 4775 secundum

2221 4717 2486 4774 ἀνώταται
2544 4716 2789 4794 δῦνάμεις
2847 4725 2954 4774 τῶν
3010 4719 3261 4775 ἁπάντων
3305 4718 3612 4798 μετέχουσι.
3684 4723 3782 4777 Καὶ
3827 4718 3876 4774 τί

495 4807 938 4890 processionem
971 4804 1045 4866 ab
1097 4807 1224 4884 ipso
1257 4802 1731 4866 substantialiter
1761 4803 2134 4880 subsistunt;

496 4907 613 4959 tota
645 4916 751 4960 seu
787 4899 1064 4959 universa
1113 4895 1345 4969 dicens,
1398 4912 1534 4971 quae
1583 4894 1828 4956 omnino
1880 4896 2138 4975 perfecte

495 4989 850 5068 participant
873 4996 930 5049 et
964 4985 1306 5065 essentiam,
1336 4991 1396 5044 et
1418 4985 1622 5061 vitam,
1645 4991 1703 5046 et
1723 4984 2140 5047 sanctiﬁcatio-

496 5096 656 5154 nem,
686 5087 745 5140 et
769 5079 988 5159 omnia,
1026 5087 1090 5140 ut
1119 5075 1404 5156 angelica)
1426 5077 1698 5138 virtutes.
1733 5074 1937 5138 Tertio
1963 5078 2137 5136 etiam

495 5186 567 5231 ea
594 5184 728 5250 quae
741 5186 809 5230 ex
827 5177 991 5249 parte
1011 5182 1174 5240 sunt;
1194 5166 1463 5248 quaedam
1485 5165 1644 5227 enim
1674 5165 2024 5247 participant
2047 5184 2140 5226 so-

495 5259 607 5316 tam
631 5259 944 5327 entitatem,
975 5255 1232 5328 quaedam
1265 5268 1317 5314 οι
1356 5272 1427 5314 en
1456 5255 1648 5314 itatem
1682 5266 1734 5313 et
1759 5256 1951 5326 vitam,
1983 5271 2140 5326 quae-

496 5350 632 5412 dam
648 5347 824 5410 etiam
837 5347 1144 5408 entitatem
1169 5357 1226 5408 et
1246 5347 1420 5408 vitam
1444 5355 1502 5408 et
1526 5346 1902 5426 sapientiam;
1924 5364 2135 5426 supre-

497 5459 611 5502 mae
631 5440 787 5502 enim
802 5438 1054 5500 virtutes
1066 5437 1328 5497 omnium
1344 5443 1484 5497 sunt
1501 5435 1842 5516 participes.
1865 5435 1983 5498 Sed
1996 5434 2138 5517 quid

496 5533 706 5594 attinet
737 5530 812 5592 de
838 5529 926 5590 his
949 5527 1172 5606 dicere,
1205 5543 1343 5588 cum
1376 5533 1708 5606 praeceptor
1736 5536 1938 5588 noster
1967 5526 2138 5588 divus

495 5617 858 5683 Hierotheus
877 5619 1036 5682 dicat
1062 5616 1250 5680 Deum
1282 5614 1630 5678 effectorem
1663 5613 1921 5698 deitatis,
1957 5633 2134 5697 quem

497 5709 674 5775 etiam
699 5728 883 5790 perse
905 5706 1412 5793 pulchritudinem
1436 5711 1496 5768 et
1521 5705 1858 5770 universam
1877 5706 2136 5789 pulchri-

2220 4803 2304 4888 δεῖ
2359 4806 2554 4888 λέγειν,
2614 4808 2746 4865 ὅπου
2802 4808 2892 4864 καί
2969 4809 2998 4864 0
3054 4806 3364 4873 διδασκαλος
3424 4812 3580 4885 ἡμῶν
3644 4810 3673 4865 0
3727 4809 3870 4886 ἱερὸς

2223 4886 2468 4973 ’ἱερόθεος
2519 4886 2823 4965 ὗποστάτην
2855 4901 2977 4954 εἷπε
3027 4900 3116 4955 τὸν
3162 4899 3290 4955 Θεὸν
3342 4903 3438 4966 τῆς
3487 4898 3762 4973 θεότητος,
3811 4898 3868 4952 ὃν

2221 4988 2309 5043 καὶ
2361 4985 2713 5066 αὖτόκαλλος,
2744 4987 2832 5044 καὶ
2877 4987 3003 5045 ὅλον
3053 4987 3250 5053 ια’λλος
3310 4990 3472 5071 φήμῖ,
3517 4991 3606 5046 καὶ
3653 4990 3871 5067 μερικὸν

2223 5075 2418 5138 κάλλος
2454 5093 2471 5152 ;
2519 5076 2622 5155 οὐχ
2665 5074 2836 5134 ὅτιτὸ
2880 5077 3005 5134 αὐτό
3035 5079 3148 5134 εστι
3193 5080 3278 5135 καὶ
3309 5077 3434 5134 ὅλον
3471 5083 3564 5134 11‘:
3624 5097 3863 5156 μερικρν,

2221 5166 2343 5222 ἀλλ’
2398 5166 2501 5222 ἀπὸ
2552 5174 2658 5222 τῶν
2690 5166 3029 5247 μετεχόντών
3082 5167 3273 5232 ἅνίσως
3329 5173 3436 5224 τῶν
3492 5167 3700 5247 δωρεῶν
3739 5167 3865 5222 ὀνο-

2222 5258 2442 5333 μάζεται
2487 5259 2515 5314 0
2574 5261 2681 5313 τῶν
2730 5255 2941 5334 δωρεῶν
2985 5257 3184 5321 αἴτιος·
3219 5259 3303 5314 ναὶ
3351 5260 3378 5313 0
3422 5258 3558 5314 κατὰ
3607 5257 3705 5324 τὴν
3743 5256 3866 5312 θεόν

2220 5369 2358 5414 τητα
2414 5345 2702 5422 ἆμέθεκτος
2734 5348 2870 5403 κατὰ
2922 5349 3015 5411 τὰς
3059 5348 3310 5412 ἀφθόνους
3361 5348 3546 5427 χύσεις
3602 5347 3706 5402 τῶν
3759 5345 3866 5400 δω-

2222 5444 2354 5515 ρεῶν
2425 5435 2734 5516 μετέχεται,
2804 5437 2882 5494 ἵν’
2953 5433 3182 5515 ἀκριϐῶς
3258 5437 3482 5517 ὑπερὲζῃ
3560 5433 3593 5492 δ’
3658 5433 3865 5492 πάντων

2222 5525 2396 5592 αἴτιος
2427 5525 2674 5583 ἁπάντων
2716 5527 2823 5584 τῶν
2853 5525 2970 5584 καθ’
3027 5530 3307 5585 ὁποιανοῦν
3365 5528 3541 5584 οὸσίαν
3570 5526 3659 5583 καὶ
3713 5524 3866 5604 φύσιν

2220 5615 2616 5694 συνισταμένων
2666 5615 2721 5673 ἐν
2753 5617 2831 5693 τῷ
2889 5617 3026 5675 κατὰ
3077 5618 3172 5684 τὰς
3216 5616 3414 5698 δωρεὰς
3473 5616 3867 5698 μετεχόμενον,

2219 5709 2354 5766 κατά
2396 5708 2497 5777 τὴν
2528 5707 2705 5766 οὐσίαν
2737 5706 2988 5787 μηδὸλως
3019 5708 3363 5792 μετέχεσθαι.
