4134 6156
567 291 678 357 971

1727 293 1784 356 S.
1856 296 2193 358 DIONYSII
2251 295 2781 363 AREOPAGITA'J.

3840 291 3929 366 97-2

567 441 691 507 nat,
726 441 784 494 et
837 430 908 492 ad
944 431 1096 492 bene
1156 429 1490 492 ordinatam
1525 430 1896 492 identitatem
1951 449 2020 491 ac
2050 430 2215 492 recti-

2316 455 2452 500 τητα
2515 436 2598 491 καὶ
2660 437 2917 510 ὀρθότητα
2967 435 3294 514 γαννυμένη,
3327 434 3412 492 καὶ
3443 437 3767 514 περιάγουσα
3805 441 3934 497 ὖότὰ

569 524 770 584 dinem
825 521 1124 595 informat,
1159 538 1227 582 ac
1284 520 1548 582 continet
1580 520 1680 582 illa
1733 538 1866 601 qum
1893 520 2018 598 jam
2057 520 2215 598 dign:

2319 523 2574 603 μετέχειν
2633 524 2792 592 αὐτῆς
2850 522 3140 599 ἠξιωμέναο
3221 531 3365 581 πᾶσα
3419 527 3453 593 ἡ
3540 526 3805 596 παντελὴς
3869 532 3934 586 καὶ

564 613 804 675 fuerunt
866 611 997 691 ejus
1054 609 1551 690 participatione;
1613 611 1753 671 525
1823 609 1967 690 quin
2052 610 2215 671 etian

2316 615 2532 669 πάντων
2580 616 2686 671 tth
2757 612 2935 670 καλῶν
2993 615 3324 692 παγκτησία,
3377 621 3522 672 πᾶσα
3579 615 3753 694 ἀγαθὴ
3821 620 3935 698 npti-

570 710 663 765 est
706 702 994 782 perfecta,
1032 708 1090 761 et
1120 698 1314 789 omnis
1345 700 1609 789 omnium
1661 718 1791 781 quae
1822 698 2071 778 pulchra
2101 718 2209 759 sun

2320 725 2436 758 vetat
2476 704 2561 776 54,
2606 705 2801 780 θεωρὸς
2872 704 2961 760 καὶ
3019 708 3281 782 συνοχικὴ
3380 709 3488 760 τῶν
3535 707 3934 789 ’προνοουμένων³

565 794 894 883 possessio,
930 799 988 852 et
1017 789 1214 852 omnis
1245 788 1443 849 divina
1475 790 1870 870 providentia,
1901 807 2028 883 quae
2086 807 2215 850 con-

2323 794 2514 860 ἑαυτὴν
2587 795 2970 872 άγαθοπρεπῶς
3044 791 3344 851 ἐπιδιδοῦσα
3399 795 3527 871 πρὸς
3582 794 3827 853 ἐκθέῶσιν
3852 788 3938 855 τῶν

571 878 901 964 templatur
933 888 990 942 et
1036 886 1350 940 conservat
1381 897 1449 940 ea
1481 879 1696 959 quibus
1742 878 2021 950 consulit,
2057 896 2215 958 sequi

2321 883 2773 962 ὑπεστραμμὲνων
2804 883 2887 943 55,

568 971 828 1053 benigne
861 971 1053 1051 eﬂ‘ert,
1087 968 1162 1030 ad
1193 968 1562 1030 formandam
1594 966 1656 1030 in
1689 970 1775 1031 eis
1804 968 1905 1048 qui
1932 967 2005 1030 ad
2049 967 2239 1048 ipsum

567 1069 993 1127 convertuntur
1022 1058 1418 1122 divinitatem.

2163 1219 2192 1299 §
2235 1219 2336 1285 IV.

645 1355 940 1431 Quoniam
961 1365 1156 1419 autem
1193 1356 1604 1419 universorum
1627 1363 1830 1418 auctor
1859 1373 2065 1418 rerum
2100 1373 2223 1416 om-

565 1451 730 1510 nium
763 1447 1148 1530 plenissimus
1177 1455 1285 1521 est,
1320 1446 1653 1508 secundum
1699 1465 1901 1520 unam,
1937 1464 2068 1527 quae
2098 1463 2221 1506 om-

563 1537 740 1600 nibus
770 1537 1089 1612 antecellit,
1124 1535 1535 1598 excellentiam
1587 1534 1840 1598 Sanctus
1873 1544 2220 1597 sanctorum

564 1628 926 1708 nominatur,
963 1627 1050 1689 uti
1082 1635 1140 1688 et
1182 1635 1395 1689 caetera
1433 1625 1762 1688 secundum
1797 1644 1975 1705 supra
2038 1643 2215 1706 quam

565 1717 990 1780 exuberantem
1023 1734 1284 1788 causam,
1324 1725 1385 1778 et
1413 1713 1688 1776 eximiam
1724 1714 2185 1794 praecellentiam

563 1807 702 1869 utsi
729 1805 862 1888 quis
879 1805 1094 1868 dixerit
1119 1826 1133 1868 :
1163 1803 1394 1876 Quanto
1430 1812 1708 1884 praestant
1737 1811 1968 1884 sancta,
1995 1803 2088 1863 vel
2116 1803 2175 1864 di
2191 1837 2214 1847 -

563 1897 724 1973 vina,
753 1897 842 1959 vel
872 1895 1262 1975 dominantia,
1291 1893 1384 1956 vel
1436 1898 1596 1972 regia
1638 1894 1708 1954 iis
1740 1909 1871 1973 quae
1907 1911 2024 1954 non
2081 1898 2220 1953 Sunt

561 1987 724 2063 talia,
761 1995 820 2050 et
839 2003 1047 2048 rursus
1070 1985 1214 2065 ipsae
1237 2001 1344 2064 per
1368 2002 1432 2044 se
1460 1982 1944 2064 participationes
1977 1981 2220 2063 partici-

569 2076 874 2159 pantibus;
900 2083 1059 2137 tanto
1091 2081 1182 2136 est
1211 2073 1490 2134 omnibus
1512 2072 1850 2148 sublimior,
1878 2073 1979 2154 qui
2011 2080 2100 2134 est
2125 2089 2223 2133 su-

565 2185 673 2249 pra
696 2165 912 2238 omnia,
943 2171 1003 2225 et
1031 2163 1296 2225 omnium
1329 2162 1802 2242 participantium
1824 2170 1882 2223 et
1907 2162 2218 2242 participa-

567 2257 796 2320 tionum
845 2264 1049 2316 auctor
1077 2251 1612 2333 imparticipabilts.
1645 2256 1893 2314 Sanctos
1952 2271 2122 2325 vero,
2159 2261 2216 2312 et

563 2364 760 2427 reges,
793 2344 1213 2421 dominosque,
1246 2360 1315 2404 ac
1339 2340 1483 2404 deos
1543 2341 1869 2422 Scriptum
1899 2341 2210 2423 appellant

565 2433 1024 2517 priucipaliores
1076 2431 1138 2492 in
1201 2448 1557 2512 unoquoque
1624 2431 1892 2513 ordines,
1960 2450 2209 2512 quorum

565 2541 748 2604 opera
775 2523 915 2586 dum
936 2519 1254 2583 inferiores
1283 2519 1392 2583 Dei
1415 2538 1664 2582 numera
1689 2522 2062 2600 participant,
2101 2540 2208 2583 eo-

564 2612 841 2676 rumdem
864 2609 1345 2673 distributionum
1369 2609 1806 2690 simplicitatem
1839 2611 1901 2672 in
1932 2611 2057 2672 suis
2086 2610 2212 2673 dis-

564 2700 955 2765 tinctionibus
986 2699 1378 2780 multiplicant
1409 2721 1426 2777 ;
1473 2700 1686 2762 horum
1716 2709 1921 2765 autem
1957 2701 2214 2764 varieta-

569 2800 694 2855 tem
725 2790 902 2873 primi
955 2789 1199 2851 ordines
1229 2788 1474 2870 provide
1500 2806 1571 2852 ac
1598 2789 1798 2854 divine
1826 2790 1900 2853 ad
1932 2791 2214 2853 unitatem

2195 1762 2210 1787 ’
2241 1765 2279 1815 Β

2386 1353 2604 1424 Ἐπειδὴ
2661 1355 2716 1412 δὲ
2772 1355 3117 1436 ὑπερπλήρης
3188 1357 3402 1414 πάντων
3460 1357 3601 1415 ἐστὶν
3655 1359 3684 1414 ὅ
3742 1358 3938 1414 πάντων

2305 1442 2480 1510 αἴτιος
2516 1443 2607 1519 36,
2653 1447 2788 1502 κατὰ
2821 1446 2943 1522 μίαν
2999 1447 3096 1515 τὴν
3143 1448 3356 1508 πάντων
3385 1447 3748 1526 ὑπερέχουσαν
3792 1448 3938 1525 ὕπερ-

2413 1534 2433 1556 ι⁸
2529 1533 2563 1558 ’ῗ
2796 1536 2809 1554 ν
2865 1537 2874 1553 ί
3018 1537 3030 1559 Ι
3395 1539 3409 1557 ‘
3480 1538 3492 1552 ‘
3754 1538 3769 1555 λ
3926 1535 3939 1559 1

2305 1533 2493 1614 ϐολην,
2570 1547 2726 1614 Λγιος
2786 1558 2950 1612 αγιων
3006 1549 3277 1616 υμνεϊται,
3323 1559 3413 1593 ut
3444 1559 3507 1592 τα
3539 1533 3593 1578 ³⁷
3617 1537 3806 1617 Roma,
3839 1540 3924 1594 καθ

2302 1622 2716 1700 ὑπερδλύζουσαν
2778 1627 2966 1704 αἰτίαιν⁷
3059 1629 3145 1682 καὶ
3234 1625 3574 1704 ἐξῃρημένην
3654 1629 3941 1706 ὑπεροχὴν,

2300 1714 2373 1777 ὡς
2401 1714 2462 1769 ἂν
2510 1738 2588 1780 τις
2621 1717 2774 1794 quin.
2825 1709 2951 1774 Καθ’
3008 1715 3127 1771 ὅσον
3172 1715 3495 1796 ὕπερέχουπι
3563 1719 3670 1773 τῶν
3730 1719 3829 1774 οὒκ
3857 1715 3941 1771 ὅν-

2301 1826 2406 1859 των
2450 1806 2514 1860 τὰ
2570 1806 2718 1883 ὅνιτπι³
2773 1806 2920 1885 ἄγα,
2973 1805 3009 1873 ἥ
3051 1806 3197 1880 θεῖα,
3255 1805 3290 1874 ἧ
3346 1806 3523 1883 κύρια,
3587 1807 3624 1874 ἢ
3676 1805 3937 1883 βασιλικὰ,

2301 1895 2389 1949 καὶ
2445 1897 2614 1953 αὖτεῦν
2672 1897 3012 1975 μετεχόντων
3064 1898 3114 1952 αἱ
3186 1897 3570 1976 αὒτομετοχαιί’
3629 1897 3771 1954 κατά
3826 1918 3939 1953 τοσ-

2303 1991 2452 2040 οῦτον
2529 1982 2856 2063 ὑπερίδρυται
2916 1985 3125 2042 πάντων
3178 1988 3284 2042 τοῦν
3339 1987 3506 2042 ὅντων
3539 1989 3566 2043 ὁ
3627 1987 3760 2064 ὑπὲρ
3793 1986 3943 2044 πάντα

2303 2074 2369 2129 τὰ
2397 2073 2545 2148 ὄντα,
2619 2075 2707 2130 καὶ
2738 2075 2950 2131 πάντων
2999 2080 3105 2131 τῶν
3153 2075 3494 2155 μετεχόντων
3553 2078 3641 2132 καὶ
3685 2077 3797 2132 τῶν
3826 2098 3939 2152 μετο

2305 2169 2455 2243 οχῶν
2511 2165 2538 2220 ὃ
2599 2165 2886 2238 ἆμὲθεκτος
2941 2165 3139 2227 αἴτιος,
3222 2166 3408 2242 Αγίους
3453 2163 3533 2244 δὲ,
3565 2167 3654 2222 καὶ
3683 2165 3938 2242 βασιλεῖς,

2299 2256 2394 2309 καὶ
2444 2255 2673 2332 κυρίους.
2749 2254 2844 2310 καὶ
2890 2255 3039 2320 θεοὺς
3069 2254 3230 2311 καλεῖ
3260 2255 3323 2310 τὰ
3375 2253 3530 2333 λόγια
3585 2256 3677 2318 τὰς
3711 2255 3770 2310 ὲν
3823 2256 3939 2311 ἑκά-

2298 2364 2442 2408 στοις
2472 2344 2840 2425 ἂρχικωτέρις
2897 2342 3306 2424 διακοτμήτεις,
3343 2342 3412 2399 δι’
3472 2345 3547 2400 ὧν
3593 2347 3643 2402 αὶ
3687 2345 3940 2424 δειᾶτὲραι,

2296 2437 2402 2487 τῶν
2461 2436 2522 2490 ὲκ
2581 2443 2712 2494 Θεοῦ
2768 2431 2976 2513 δωρεὼν
3036 2456 3174 2510 μετα
3223 2433 3613 2508 λαμϐάνονσχι,
3695 2437 3798 2503 τὴν
3855 2440 3943 2503 τῆς

2296 2521 2506 2578 ἐκείνων
2559 2522 2842 2589 διαδόσεως
2898 2526 3180 2591 ἁπλότητα
3251 2526 3377 2600 περὶ
3425 2523 3518 2588 τὰς
3578 2523 3787 2579 ἑαυτῶν
3833 2523 3946 2580 δια-

2297 2612 2460 2690 φορὰς
2487 2612 2826 2680 πληθύουσιν·
2861 2617 2933 2670 ὧν
2983 2616 3032 2671 αἱ
3055 2614 3349 2691 πρώτιστςιι
3380 2611 3480 2678 τὴν
3512 2613 3788 2670 ποικιλίαν
3818 2635 3947 2692 προ-

2299 2709 2560 2768 νοητικῶς
2604 2706 2690 2760 ,αἱ
2743 2702 2984 2769 θεοειδὼς
3044 2705 3174 2782 πρὸς
3219 2703 3318 2770 τὴν
3348 2701 3575 2770 ἑνότητα
3614 2703 3714 2773 τήν
3755 2704 3949 2760 ἑαυτῶν

2302 2790 2612 2870 συνάγουσι,

571 2899 738 2944 suam
770 2879 1148 2945 contrahunt.

1749 3157 2332 3228 ADNOTATIONES
2392 3154 2769 3226 CORDERII.

646 3322 673 3395 §
704 3323 744 3379 ι.
783 3321 1051 3390 Quoniam
1085 3335 1210 3395 uero
1235 3336 1297 3375 ea
1325 3335 1440 3392 qua:
1462 3320 1532 3395 Vde
1561 3319 1644 3379 his
1674 3321 1901 3380 dicenda
1933 3330 2101 3390 erant,
2135 3334 2242 3382 etc.
2277 3325 2333 3384 S.
2375 3323 2626 3382 Thomas
2661 3317 2734 3395 ad
2771 3317 2926 3395 hunc
2955 3316 3190 3395 locum_:
3223 3315 3553 3395 Postquam,
3577 3319 3792 3395 inquit,
3825 3319 3960 3378 Dio-

574 3388 775 3467 nysius
802 3388 1067 3465 exposuit
1095 3393 1288 3467 divina
1318 3388 1549 3467 nomine
1582 3407 1682 3464 per
1713 3408 1841 3465 quae
1873 3388 2230 3466 signiﬁcatur
2287 3396 2572 3453 emanatio
2609 3389 3016 3467 perfectionum
3049 3403 3078 3444 a
3131 3389 3249 3467 D_e.o
3286 3388 3345 3444 in
3378 3388 3696 3460 creaturas,
3732 3392 3833 3448 hic
3866 3405 3964 3448 ex-

573 3459 738 3538 ponit
769 3459 998 3538 nomina
1032 3465 1131 3523 Dei
1164 3479 1285 3538 quae
1316 3459 1616 3538 designant
1645 3459 1832 3521 rerum
1865 3459 2361 3536 gubernationem.
2397 3468 2459 3523 ln
2491 3459 2853 3537 qua'quidem
2888 3459 3304 3538 gubernatione
3331 3471 3462 3538 sunt
3491 3459 3744 3533 quatuOr
3776 3471 3960 3538 atten-

575 3532 808 3599 denda;
866 3537 1052 3594 Primo
1089 3532 1320 3606 qut—dem
1375 3532 1575 3592 diiinte
1628 3532 1974 3607 cognitionis
2027 3540 2403 3608 providentia,
2445 3532 2527 3594 ad'
2573 3532 2743 3608 quam
2786 3536 3027 3601 pertinet
3087 3545 3296 3608 nomen
3351 3532 3618 3608 deitatts;
3680 3535 3959 3608 secundo,

574 3616 824 3682 potestas
862 3602 1207 3682 ertsequendi
1241 3607 1539 3682 sapientiae
1590 3602 1790 3664 divinae
1821 3602 2263 3674 ordinationem,
2288 3611 2358 3667 ad
2392 3602 2570 3682 quam
2591 3602 2847 3682 pertinet
2871 3618 3080 3682 nomen
3113 3602 3564 3682 dominationts;
3614 3609 3811 3670 tertio,
3843 3607 3962 3682 ipsa

575 3673 869 3752 assecutio
908 3673 1362 3752 gubernationis,
1392 3679 1666 3752 adquam
1702 3682 1945 3749 pertinet
1977 3696 2186 3738 nomen
2213 3673 3115 3752 regis;'quarto,_gubernati9nis
3147 3673 3526 3752 eﬂectus,qui
3567 3673 3958 3752 estAmuuditia

575 3750 648 3808 ab
678 3753 834 3807 omni
870 3746 1310 3814 inordinattone,
1336 3759 1386 3804 et
1418 3750 1486 3805 ad
1513 3746 1628 3806 ltoc
1658 3746 1898 3820 pertinet
1929 3765 2136 3809 nomen
2189 3746 2523 3809 sanctitatis.
2561 3751 2636 3820 De,
2665 3747 2750 3820 his
2781 3756 2945 3820 acute
2974 3746 3384 3820 Cyparissiotus
3405 3750 3514 3820 (748)
3540 3763 3554 3803 :
3597 3768 3618 3798 ι
3649 3747 3958 3812 Sanezitas,

575 3823 784 3894 inquit,
810 3830 864 3879 et
892 3820 1236 3894 dominatus,
1260 3829 1314 3877 ot
1343 3833 1608 3894 regnum,
1645 3818 1699 3878 et
1725 3821 2017 3892 divinitas,
2048 3823 2307 3881 absolute
2364 3822 2592 3894 quidem
2625 3819 2832 3894 in‘Deo
2860 3819 3036 3881 dictae,
3063 3818 3351 3874 silentium
3384 3819 3508 3894 ejus
3540 3828 3670 3875 sunt
3702 3820 3954 3894 beatum,

574 3901 630 3950 et
658 3890 840 3963 supra
873 3893 1268 3964 substantiam,
1299 3899 1458 3964 extra
1494 3892 1670 3948 Deum
1714 3906 1852 3964 vero
1884 3890 2261 3964 proprietates
2316 3890 2608 3963 accipiunt
2636 3890 2706 3964 ad
2755 3899 3075 3964 creaturam
3107 3899 3447 3964 spectantes.
3481 3891 3663 3960 Atque
3696 3890 3798 3948 illa
3832 3893 3954 3964 qui-

578 3965 706 4022 dem
744 3961 827 4032 (id
861 3971 947 4021 est
981 3963 1272 4034 sanctitas)
1302 3961 1562 4020 liberatio
1598 3971 1681 4019 est
1715 3963 1786 4018 ab
1818 3961 2221 4022 omni'scelere
2251 3974 2304 4024 et
2366 3961 2587 4022 macula
2622 3983 2634 4030 ;
2670 3961 2990 4018 dominatus
3020 3961 3345 4034 ﬁrmitath
3384 3973 3569 4034 veram
3600 3969 3652 4018 et
3697 3978 3742 4034 a7
3765 3961 3956 4034 prola-

576 4031 778 4107 psione
810 4034 1056 4108 liberam,
1079 4033 1346 4108 exhibet;
1383 4047 1636 4108 regnum
1651 4039 1735 4091 est
1761 4035 2081 4095 diStributio
2107 4039 2295 4095 omnis
2330 4035 2556 4108 regulae,
2590 4044 2645 4094 et
2674 4034 3017 4100 ornamenti,
3043 4041 3094 4090 et
3119 4031 3290 4102 juris,
3314 4040 3369 4088 et
3390 4032 3606 4090 ordinis
3634 4048 3653 4103 ;
3687 4031 3956 4091 divinitas

579 4105 713 4164 vero
746 4106 1096 4174 providentia
1130 4106 1320 4162 omnia
1354 4105 1767 4175 contemplans.
1806 4127 1826 4155 ι

647 4180 675 4248 §
726 4172 791 4236 ll.
825 4177 1096 4235 Sanctitas
1129 4177 1324 4249 igitur,
1356 4187 1460 4234 etc.
1513 4172 1665 4233 Deus
1696 4181 1780 4247 (ut
1811 4177 1972 4236 docte
2011 4189 2167 4238 notat
2200 4181 2420 4237 Lessius
2482 4179 2582 4236 lib.
2617 4189 2713 4249 vm
2763 4177 2842 4234 De
2866 4174 3291 4249 perfectionibus
3319 4172 3540 4249 divinis)
3591 4186 3842 4249 sanctus
3879 4176 3960 4232 di-

579 4247 954 4323 citurmultis
997 4247 1204 4323 modis,
1239 4250 1595 4323 potissimum
1627 4253 1901 4321 quinque.
1936 4250 2123 4309 Primo
2155 4251 2497 4317 radicaliter,
2531 4248 2663 4323 quia
2725 4247 2972 4307 essentia
3005 4247 3196 4304 divina
3225 4255 3311 4304 est
3343 4247 3523 4316 prima
3555 4247 3728 4306 radix
3760 4257 3818 4307 et
3852 4249 3966 4306 ori-

579 4321 788 4393 ginalis
819 4321 946 4377 fons
978 4322 1156 4393 omnis
1188 4321 1497 4393 sanctitatis
1533 4329 1585 4376 et
1609 4323 1887 4393 puritatis.

649 4393 914 4449 Secundo
957 4391 1252 4463 objective,
1285 4392 1416 4462 quia
1448 4400 1532 4448 est
1573 4389 1853 4462 objectum
1892 4393 2078 4450 omnis
2143 4393 2454 4451 sanctitatis
2491 4414 2503 4460 ;
2556 4391 2743 4450 omnis
2777 4391 2932 4446 enim
2982 4389 3415 4463 sanctitas_sita_
3443 4397 3526 4446 est
3565 4390 3621 4445 in
3656 4405 3866 4448 amore
3921 4397 3972 4446 et

578 4464 982 4535 coniunctione
1028 4461 1158 4520 cum
1189 4461 1324 4520 Deo.
1374 4463 1562 4535 Quare
1590 4461 1760 4519 etiam
1813 4473 1896 4520 est
1927 4479 2190 4522 mensura
2249 4467 2421 4522 totius
2477 4475 2532 4522 et
2573 4464 2752 4534 ipsius
2803 4463 3136 4535 sanctitatis,
3171 4461 3322 4535 unde
3358 4461 3635 4518 nimirum
3696 4463 3974 4519 sanctitas

579 4531 744 4608 suam
775 4536 1022 4604 speciem
1053 4543 1102 4589 et
1131 4535 1362 4608 modum
1402 4534 1640 4600 accidit;
1674 4536 1944 4608 sanctitas
1982 4541 2132 4592 enim
2163 4545 2243 4592 est
2271 4538 2510 4608 puritas.
2571 4531 2727 4591 Sicut
2757 4544 2945 4590 autem
2978 4531 3279 4608 i_mpurita_s
3309 4535 3564 4608 nascitur
3591 4547 3662 4608 ex
3702 4543 3976 4608 contactu

579 4603 940 4669 interiorum,
971 4614 1032 4662 ut
1062 4621 1188 4678 cum
1221 4607 1392 4678 iacies
1423 4616 1519 4662 aut
1547 4608 1717 4662 vestis
1762 4605 1884 4662 luto
1914 4610 2255 4678 aspergitur,
2275 4603 2370 4664 'vel
2424 4623 2553 4664 cum
2585 4609 2775 4663 anima
2809 4619 2910 4673 per
2937 4603 3202 4678 affectum
3239 4605 3608 4678 inferioribus
3641 4606 3976 4663 inordinate

580 4679 859 4744 inhaeret;
893 4679 965 4734 ita
999 4677 1214 4748 puritas
1257 4675 1440 4734 oritur
1468 4691 1537 4734 ex
1581 4685 1845 4734 contactu
1877 4674 2259 4748 superiorum,
2293 4695 2423 4737 cum
2459 4679 2693 4736 affectus
2749 4679 2819 4732 ad
2851 4677 3184 4732 sublimiora
3219 4685 3270 4732 et
3299 4674 3580 4732 nobiliora
3612 4691 3831 4748 assurg
3855 4686 3891 4741 t,
3927 4685 3979 4732 et

581 4751 652 4806 iis
686 4748 934 4807 inhaeret.
970 4749 1312 4821 supremum
1353 4757 1540 4805 autem
1573 4750 1834 4821 omnium
1866 4759 1916 4804 et
1949 4750 2435 4820 simplicissimum
2459 4759 2511 4807 et
2552 4749 3042 4821 purissimumest
3075 4748 3228 4804 Deus
3257 4765 3270 4812 ;
3299 4748 3449 4821 unde
3480 4762 3706 4821 summa
3752 4753 3976 4819 puritas

583 4821 843 4878 consistit
874 4823 934 4878 in
963 4820 1287 4894 adhaesione
1318 4833 1440 4877 cum
1464 4821 1599 4877 Deo.
1626 4819 1818 4891 itaque
1846 4835 1978 4878 cum
2008 4818 2226 4880 summa
2261 4824 2480 4894 puritas
2513 4818 2583 4878 sit
2615 4819 2904 4885 sanctitas,
2933 4819 3075 4876 Deus
3107 4828 3192 4876 est
3225 4821 3370 4876 ratio
3401 4818 3678 4890 obj~:ctiva
3715 4818 3771 4878 et
3807 4834 3939 4877 men
3961 4849 3979 4863 -

585 4907 715 4950 sura
745 4893 1079 4950 sanctitatis.

656 4967 819 5035 524
848 4965 1038 5022 Tertio
1069 4963 1274 5020 dicitur
1301 4971 1534 5020 sanctus
1574 4963 1996 5035 exemplariter,
2032 4965 2121 5022 vel
2152 4965 2209 5022 in
2271 4966 2501 5023 modum
2539 4965 2777 5035 reguiae,
2811 4961 2938 5035 quia
2977 4975 3080 5035 per
3124 4962 3303 5034 legem
3333 4969 3604 5020 aeternam
3646 4970 3737 5020 est
3770 4961 3969 5035 regula

585 5034 774 5108 omnis
804 5035 1116 5108 sanctitatis
1143 5052 1160 5096 .'
1205 5035 1578 5092 conformatio
1603 5034 1758 5108 enim
1783 5034 2018 5108 aﬁectus
2047 5052 2179 5095 cum
2210 5040 2327 5108 lege
2359 5050 2569 5094 aeterna
2604 5034 2690 5093 est
2719 5034 2844 5092 vera
2884 5034 3176 5091 sanctitas.

658 5105 870 5173 Quarto
907 5105 1260 5180 iormqaliter;
1293 5107 1558 5180 sanctitas
1592 5107 1743 5164 enim
1775 5107 2087 5166 formaliter
2116 5120 2201 5166 est
2233 5102 2447 5180 p'uritas
2475 5108 2710 5180 affectus
2741 5125 2755 5174 ;
2788 5108 3000 5177 puritas
3023 5117 3211 5180 autem
3263 5102 3502 5180 affectus
3535 5113 3619 5180 est
3651 5119 3828 5180 amor
3871 5105 3967 5180 Dei

583 5181 715 5248 quia
747 5188 830 5234 est
848 5178 1101 5250 ,adhazsio
1133 5192 1263 5235 cum
1289 5192 1357 5233 eo
1389 5179 1540 5250 quod
1571 5189 1654 5235 est
1683 5179 2056 5250 purissimum
2112 5191 2166 5236 et
2195 5176 2638 5238 nobilissimum.
2672 5176 2857 5245 Quare
2887 5176 3202 5250 cumDeus
3240 5178 3310 5233 sit
3343 5177 3814 5250 amorsui,_ipse
3870 5177 3968 5232 hac

585 5251 808 5308 ratione
835 5249 1144 5307 formaliter
1175 5260 1259 5307 est
1287 5263 1389 5307 sua
1408 5248 1732 5320 sanctitas;
1763 5259 1818 5308 et
1870 5255 2004 5322 quia
2034 5267 2094 5309 se
2122 5259 2275 5310 amat
2313 5251 2557 5317 inﬁnite,
2599 5259 2877 5322 quantum
2909 5249 3186 5306 nimirum
3219 5255 3302 5304 est
3332 5248 3620 5313 amabilis,
3652 5248 3794 5308 ideo
3822 5262 3967 5320 quo-

662 5401 796 5485 (48)
830 5401 1053 5468 Decad.
1087 5417 1149 5484 ν,
1185 5418 1315 5482 cap.
1351 5401 1412 5466 9.

1281 5495 1292 5508 ‘
1909 5483 2164 5550 VARUE
2216 5483 2532 5552 LECTION
2539 5489 2650 5551 ES.

667 5635 720 5680 ⁸⁸
759 5638 1102 5720 περιέχουσαι,
1138 5639 1202 5701 Ρ.
1290 5633 1346 5678 ³⁸
1367 5637 1523 5705 Οεῒκὴ
1555 5639 1794 5720 πρόνοια,
1840 5643 1901 5700 Ρ.
1993 5639 2046 5684 35
2075 5639 2548 5722 ἐπεστραμμένων,
2583 5644 2648 5703 Ρ.
2693 5640 2824 5704 Sar.
2910 5634 3022 5697 θθδ
3065 5636 3369 5712 παναίτιος,
3403 5629 3464 5697 S.
3553 5629 3810 5701 ³Ἳκειῖεά.
