4134 6156
261 420 374 492 981

1276 430 1371 492 DE
1412 429 1711 493 DIVlNlS
1753 426 2205 495 NOMINIBUS.
2253 433 2420 495 CAP.
2465 420 2634 496 XIII.

3518 426 3638 498 982

259 558 397 615 ἀλλὰ
466 558 559 616 ’ἵνα
611 561 698 618 καὶ
757 562 817 617 τὸ
847 560 1249 640 ὑπερηνωμένον
1290 566 1455 629 αὒτῆς
1492 563 1669 620 καὶτὸ
1711 567 1900 644 θεογό-

1992 564 2146 646 quod
2178 573 2270 627 est
2303 582 2512 644 unum,
2544 571 2605 626 et
2644 580 2887 626 omnem
2922 580 3241 627 numerum
3277 561 3512 645 deﬁnit,
3544 563 3646 646 ip-

260 671 348 706 νον
401 647 612 716 ἁληθῦς
636 651 957 724 ὑμνήσωμεν
1012 651 1097 724 53,
1158 652 1226 719 τῖι
1283 650 1526 729 τριαὸικῇ
1596 655 1682 711 καὶ
1738 656 1906 729 ἐνιαίᾳ

258 739 541 817 θεωνυμίᾳ,
602 740 700 806 τὴν
784 740 1129 817 ὕπερώνυμον
1206 742 1559 822 ὀνομάζομεν,
1619 744 1737 811 τοῖς
1794 752 1908 804 οὖσι

260 828 361 896 τὴν
417 830 746 907 ὑπερούσιον,
807 827 1034 904 Οὔδεμία
1088 830 1143 886 δὲ
1202 832 1392 907 μονὰς,
1427 831 1462 900 ἤ
1515 834 1686 910 τριὰς,
1721 834 1836 891 οὒδὲ
1858 833 1912 877 ⁵9

261 915 504 995 ἀριθμὸς,
553 915 665 974 οὔτε
698 919 904 985 ἑνότης,
954 919 989 987 ἢ
1022 921 1338 998 γονιμότης,
1396 920 1512 979 οὐδὲ
1562 922 1691 980 ἄλλο
1723 948 1772 981 τι
1804 924 1910 981 τῶν

259 1007 491 1075 ὅντωνῆ
548 1030 650 1063 τινι
709 1009 815 1064 τῶν
874 1009 1042 1065 ὀντων
1100 1012 1547 1088 συνεγνωσμένων
1589 1012 1675 1087 60,
1731 1012 1908 1092 ἐξάγει

257 1098 355 1165 τὴν
410 1098 536 1175 ὑπὲρ
586 1099 759 1156 πάντα
805 1100 892 1154 καὶ
972 1098 1129 1175 λόγον
1211 1102 1300 1157 καὶ
1386 1109 1504 1157 νοῦν
1577 1102 1908 1183 κροφιότητα

257 1192 358 1254 τῆς
407 1187 535 1264 ὑπὲρ
591 1187 762 1244 πάντα
804 1189 1125 1264 ὑπερουσίως
1201 1192 1491 1269 ὅπερούσης
1576 1192 1906 1271 ὑπερθεότη-

261 1299 351 1340 τος
380 1274 463 1325 61·
517 1274 631 1332 οὒδὲ
662 1274 831 1353 ὄνομα
865 1282 1026 1345 αὒτῆς
1088 1279 1254 1352 ἐστιν,
1330 1281 1445 1338 οὔδε
1476 1282 1656 1361 λόγος,
1690 1274 1810 1339 ἀλλ’
1854 1282 1908 1339 ἕν

260 1365 476 1428 ἀϐάτοις
507 1366 779 1443 ἐξῄρηται.
833 1370 928 1426 Καὶ
959 1367 1075 1427 οὐδὲ
1128 1373 1254 1428 αὖτό
1312 1373 1372 1428 τὸ
1424 1373 1518 1439 τῆς
1549 1372 1900 1449 ἀγαθότητος,

262 1459 335 1520 ὡς
396 1456 778 1536 ἐφαρμόζοντες
814 1458 969 1535 αὒτῇ,
1026 1460 1415 1541 προσφέρομεν,
1474 1461 1611 1518 ἀλλὰ
1641 1464 1786 1535 πόθιρ
1814 1463 1907 1519 τοῦ

261 1546 464 1603 ἐννοεῖν
498 1544 563 1595 ϐξ
616 1569 666 1603 τι
716 1549 802 1605 καὶ
858 1547 1032 1627 λεγειν
1092 1551 1210 1625 περὶ
1267 1555 1363 1616 τῆς
1426 1550 1651 1629 ἀῤῥήτου
1695 1552 1903 1633 φύσεως

260 1635 486 1711 ἐκέίνης,
543 1638 604 1693 τὸ
632 1643 739 1694 τῶν
786 1638 1062 1713 ὀνομάτων
1117 1638 1181 1689 65
1212 1642 1537 1697 σεπτότατον
1581 1641 1714 1718 αὖτῇ
1747 1643 1900 1721 πρώ-

260 1747 364 1790 τως
422 1726 759 1806 ἀφιεροῦμεν’
797 1728 882 1784 καὶ
935 1731 1385 1808 συμφωνήσωμεν
1430 1730 1492 1785 ἄν
1520 1727 1577 1772 θδ
1605 1730 1701 1787 κάν
1733 1732 1905 1804 τοῦτῳ

259 1828 378 1878 τοῖς
408 1815 703 1894 θεολόγοις,
736 1822 834 1884 τῆς
866 1816 919 1874 δὲ
976 1839 1084 1874 των
1113 1819 1442 1897 πράγμάτων
1475 1819 1728 1885 ἀληθείας
1761 1821 1901 1877 ἀποο

1994 674 2126 716 sum
2170 665 2264 716 est
2295 662 2355 716 et
2383 652 2583 734 unius,
2617 661 2676 714 et
2711 652 2971 735 numeri,
3021 661 3081 717 et
3112 654 3306 716 omnis
3337 654 3425 716 rei
3475 654 3646 736 prin-

1992 743 2219 825 cipium
2272 752 2332 806 et
2378 761 2580 824 causa,
2641 751 2702 805 et
2765 760 3055 805 numeros
3103 750 3164 803 et
3217 744 3387 805 ordo.
3422 742 3647 816 Quam-

1994 834 2200 895 obrem
2233 843 2291 895 et
2314 833 2512 896 unitas
2530 850 2664 914 quas
2684 831 2982 903 laudatur,
3018 841 3074 893 et
3101 831 3361 895 Trinitas
3391 852 3523 914 quae
3552 843 3644 897 est

1994 923 2269 987 divinitas
2299 942 2479 1003 supra
2507 922 2733 1000 omnia,
2760 941 2878 983 non
2910 931 3000 985 est
3034 923 3254 994 unitas,
3287 941 3482 1005 neque
3508 922 3639 986 Tri-

1994 1015 2145 1076 nitas
2165 1033 2199 1075 a
2232 1012 2408 1075 nobis
2434 1020 2534 1073 aut
2556 1012 2677 1073 alio
2697 1011 2976 1092 quopiam
3001 1031 3207 1074 eorum
3234 1032 3367 1094 qua:
3383 1024 3524 1074 sunt
3542 1032 3650 1076 co-

1989 1103 2180 1183 gnita;
2203 1102 2306 1165 sed
2324 1102 2550 1182 utquod
2567 1101 2629 1163 in
2645 1100 2773 1181 ipsa
2786 1109 2874 1163 est
2893 1119 2961 1162 su
2974 1120 3252 1184 praquam
3272 1103 3331 1163 in
3349 1120 3531 1163 unum
3548 1121 3650 1164 co-

1992 1194 2257 1271 pulatum
2274 1191 2764 1254 etfecunditatem
2788 1191 2891 1253 Dei
2910 1209 3052 1254 vere
3066 1192 3398 1267 laudemus,
3417 1190 3641 1254 trinum

1992 1290 2049 1343 et
2072 1300 2251 1343 unum
2280 1280 2466 1343 Deum
2493 1282 2871 1343 nominamus
2896 1280 3086 1351 illum,
3124 1281 3223 1362 qui
3256 1300 3436 1359 supra
3462 1299 3644 1344 omne

1992 1393 2210 1436 nomen
2223 1372 2515 1437 est.Nulla
2525 1384 2725 1436 autem
2744 1373 2937 1436 unitas
2950 1374 3042 1436 vel
3063 1373 3319 1449 trinitas,
3331 1392 3522 1455 neque
3539 1393 3647 1437 nu-

1991 1479 2206 1529 merus,
2234 1477 2341 1521 nec
2361 1464 2553 1521 unitas
2571 1463 2655 1519 vel
2679 1462 3016 1528 fecunditas,
3041 1478 3145 1521 nec
3169 1462 3325 1521 aliud
3349 1462 3648 1535 quidpiam

1989 1568 2188 1611 eorum
2218 1568 2341 1625 quae
2370 1561 2525 1613 sunt.
2552 1562 2648 1610 aut
2681 1568 2879 1610 eorum
2916 1568 3039 1626 quas
3073 1553 3245 1611 alicui
3275 1554 3644 1612 existentium

1987 1652 2121 1701 sunt
2140 1644 2388 1714 cognita,
2405 1640 2652 1713 explicat
2670 1656 2948 1701 arcanum
2961 1643 3104 1702 illud
3121 1657 3349 1702 omnem
3365 1642 3646 1701 rationem

1990 1748 2043 1791 et
2069 1744 2317 1791 mentem
2345 1747 2627 1802 superans
2643 1734 3061 1803 superdeitatis.
3086 1733 3647 1807 superessentialiter

1991 1841 2172 1902 supra
2206 1822 2407 1884 omnia
2428 1822 2961 1903 superexistentis;
2992 1825 3167 1902 hujus
3199 1841 3395 1904 neque
3419 1841 3644 1886 nomen

259 1908 672 1984 λειφθησόμεθα,
712 1909 803 1963 Διὸ
832 1912 928 1965 καὶ
963 1908 1108 1965 αὒτοὶ
1166 1916 1263 1977 τὴν
1319 1907 1399 1964 δῖὰ
1430 1917 1531 1965 τῶν
1586 1910 1906 1990 ἀποφάσεων

1992 1931 2184 1992 neque
2204 1911 2497 1973 rationem
2517 1919 2601 1973 est
2623 1917 2951 1991 assignare,
2980 1913 3083 1974 sed
3111 1913 3489 1975 inaccessum
3516 1930 3647 1974 om-

258 1995 440 2055 ἅνοδον
469 1998 945 2074 προτετιμήκασιν,
1006 2000 1080 2063 ὡς
1111 1998 1398 2064 ἔξιστῶσαν
1429 2000 1528 2066 τὴν
1587 2000 1771 2080 ψυχὴν
1802 2007 1907 2056 τῶν

255 2091 419 2164 ἑαυτῇ
461 2086 766 2166 συμφύλων,
833 2089 919 2144 καὶ
957 2086 1043 2145 διὰ
1095 2094 1281 2145 πασῶν
1326 2093 1434 2144 τῶν
1462 2090 1625 2145 θείων
1670 2091 1905 2160 νοήσεων

258 2176 561 2256 ὁδεύουσαν,
591 2177 666 2233 ῶν
696 2175 945 2252 ἑξήρηται
988 2180 1049 2233 τὸ
1079 2178 1209 2255 ὑπὲρ
1271 2183 1376 2234 πᾶν
1406 2176 1597 2252 ὄνομα,
1630 2183 1721 2235 καὶ
1762 2183 1905 2235 πάν-

259 2290 326 2324 τα
355 2266 536 2346 λόγον,
569 2269 659 2323 καὶ
697 2272 915 2345 γνῶσιν,
964 2265 1049 2323 ἐπ’
1082 2267 1329 2347 ἐσχάτων
1379 2265 1432 2323 δὲ
1463 2274 1567 2327 τῶν
1595 2267 1731 2324 ὅλων
1764 2272 1907 2345 αὒτῷ

1993 2001 2169 2062 nibus
2192 2001 2440 2064 eminet.
2473 1999 2629 2073 Quin
2662 2018 2773 2063 nec
2803 2000 2998 2082 ipsum
3022 2000 3267 2082 quidem
3296 2017 3517 2062 nomen
3540 1999 3644 2062 bo-

1993 2090 2188 2151 nitatis
2218 2090 2275 2152 ei
2308 2099 2588 2169 tanquam
2606 2094 2814 2169 aptum
2836 2089 3382 2163 accommodamus,
3409 2088 3514 2151 sed
3537 2089 3642 2152 de-

1990 2179 2212 2241 siderio
2230 2179 2449 2261 aliquid
2472 2178 2849 2256 intelligendi
2871 2188 2930 2242 et
2954 2178 3195 2241 dicendi
3214 2178 3291 2240 de
3314 2187 3524 2240 natura
3540 2178 3643 2241 illa

1989 2287 2207 2332 arcana
2258 2277 2317 2332 et
2361 2267 2674 2341 ineffabili,
2711 2268 2870 2350 quod
2901 2276 2992 2332 est
3024 2273 3288 2331 omnium
3334 2267 3643 2329 nominum

261 2354 646 2429 συνάπτουσαν,
692 2352 810 2411 καθ’
848 2355 974 2413 ’ὀσον
1013 2357 1101 2413 καὶ
1136 2355 1274 2432 ἡμῖν
1314 2355 1498 2434 ἐκείνῳ
1524 2354 1589 2407 68
1638 2358 1903 2415 συνάπτε-

1994 2358 2247 2421 maxime
2278 2357 2616 2422 venerabile
2639 2357 2756 2439 ipsi
2785 2360 3042 2438 primum
3078 2375 3508 2421 consecramus
3536 2375 3550 2421 :
3579 2356 3643 2420 in

263 2450 382 2504 σθαι
422 2443 661 2525 δυνατόν,

1992 2448 2145 2531 quod
2189 2447 2435 2531 quidem
2467 2465 2602 2511 cum
2635 2447 2926 2527 theologis
2959 2448 3373 2529 convenimus,
3409 2446 3515 2509 sed
3567 2445 3645 2509 ab

1986 2538 2118 2618 ipsa
2154 2555 2357 2600 rerum
2406 2536 2649 2599 veritate
2711 2536 2960 2599 multum
3018 2536 3358 2599 deﬁcimus.
3413 2534 3647 2608 Quam-

260 2622 466 2685 obrem
497 2621 616 2700 ipsi
641 2642 879 2706 quoque
912 2639 1230 2686 ascensum
1259 2622 1426 2686 illum
1457 2642 1569 2704 per
1596 2625 1944 2703 negationes
1977 2627 2385 2709 praetulerunt,
2420 2634 2485 2688 ut
2508 2625 2612 2705 qui
2645 2631 2904 2688 animam
2935 2644 2969 2688 a
3000 2627 3266 2706 cognatis
3296 2625 3479 2689 rebus
3500 2644 3647 2687 avo-

257 2731 421 2783 cans,
450 2711 525 2774 ad
578 2731 789 2775 omnes
816 2712 1050 2777 divinas
1102 2713 1524 2793 intelligentias
1579 2714 1732 2777 viam
1783 2723 2034 2793 sternet,
2070 2715 2288 2798 quibus
2339 2715 2633 2797 excipitur
2662 2715 2721 2776 id
2754 2715 2911 2797 quod
2962 2716 3127 2777 omni
3158 2715 3400 2777 nomine
3442 2716 3645 2777 omni-

261 2821 379 2884 que
433 2808 662 2865 ratione
689 2821 759 2865 ac
790 2802 1129 2883 cognitione
1158 2802 1475 2866 sublimius
1540 2805 1762 2882 existit,
1799 2825 2029 2891 nosque
2075 2806 2198 2870 Deo
2230 2806 2473 2869 tandem
2500 2805 2833 2888 conjungit,
2868 2813 3152 2887 quantum
3201 2805 3476 2868 nimirum
3508 2823 3643 2870 cum

263 2911 333 2956 ex
358 2900 584 2975 nostra,
620 2900 742 2956 tum
777 2910 849 2956 ex
881 2892 1067 2975 ipsius
1103 2901 1266 2975 parte
1298 2892 1428 2956 ﬁeri
1460 2903 1680 2976 potest.
1857 2977 1886 3058 ἕ
1947 2976 1996 3042 v

341 3138 542 3205 Ταύτας
571 3138 736 3213 ἡμεῖς
779 3137 875 3199 τὰς
921 3138 1117 3205 νοητὰς
1158 3136 1452 3213 θεωνυμίας
1520 3138 1902 3216 συνῃρηκότες,

2071 3139 2207 3203 Haec
2230 3158 2340 3203 nos
2362 3140 2562 3203 divina
2579 3140 2842 3220 nomine,
2870 3156 2999 3221 quas
3027 3139 3260 3202 ratione
3290 3138 3637 3218 intelligun-

260 3230 333 3294 ὡς
371 3230 583 3308 εφικεὸν
639 3226 1022 3303 ἀνέπτυξαμεν,
1072 3229 1133 3284 οὖ
1182 3227 1345 3299 μόνον
1405 3226 1579 3284 οὔτῶν
1621 3232 1721 3294 τῆς
1753 3228 1907 3305 ἀκρι-

261 3315 405 3382 ϐείας
452 3316 889 3391 ἀπολειπόμενοι,
948 3316 1126 3396 (τοῦτο
1176 3317 1276 3393 γὰρ
1309 3315 1524 3381 ἀληθῶς
1570 3318 1658 3372 καὶ
1690 3314 1910 3394 ἄγγελοι

260 3407 472 3485 φαῖεν)
514 3405 629 3464 οὒδὲ
684 3406 781 3474 τῆς
838 3406 974 3462 κατὰ
1045 3404 1302 3482 ἀγγέλους
1359 3403 1531 3460 αὒτῶν
1593 3403 1855 3479 ὑμνῳδίας
1890 3420 1903 3435 ⁸

262 3497 350 3553 καὶ
406 3496 510 3553 τῶν
541 3495 787 3576 ἐσχάτων
843 3494 944 3572 γὰρ
989 3492 1302 3550 ἀποδέουσιν
1361 3495 1408 3549 οἱ
1477 3494 1746 3571 κράτιστοι
1805 3499 1911 3550 τῶν

261 3583 388 3661 παρ’
442 3587 577 3656 ἡμῖν
605 3582 871 3662 θεολόγων
904 3598 918 3612 ⁸
956 3582 1073 3640 οὔτε
1133 3582 1240 3657 μὴν
1269 3582 1441 3638 αὒτῶν
1471 3588 1577 3638 τῶν
1619 3582 1906 3660 θεολογῶν,

261 3673 379 3731 οὐδὲ
436 3673 542 3731 τῶν
593 3678 764 3732 αὐτῶν
834 3670 1109 3748 ἀσκητῶν,
1175 3669 1205 3738 Κ
1250 3668 1579 3745 σδνοπαδῶν,
1626 3669 1761 3728 ἀλλὰ
1817 3671 1912 3728 καί

260 3769 367 3821 τῶν
397 3766 531 3839 ἡμῖν
568 3765 871 3839 ὁμοταγῶν,
928 3762 1174 3842 ἐσχάτως
1222 3762 1311 3817 καὶ
1353 3760 1671 3839 ὑφειμένως.
1710 3758 1911 3841 ’,Ωιτ-ξε,

263 3853 435 3929 εἰμὲν
506 3854 670 3932 ὀρθῶς
702 3851 823 3932 ἔχοι
871 3852 938 3912 τὰ
985 3851 1261 3930 εἰρημένα,
1335 3849 1429 3907 καί
1488 3852 1561 3914 ὡς
1620 3849 1735 3908 καθ’
1768 3853 1912 3926 ἡμᾶς

264 3942 428 4005 ὀντως
486 3942 804 4023 ἐφηψάμεθα
861 3946 928 4017 τῇ
978 3939 1178 4012 διανοιᾳ
1232 3938 1331 4008 τῆς
1396 3943 1731 4014 θεωνυμικῆς
1776 3941 1912 3998 ἀνα-

264 4030 520 4105 πτόξεως,
576 4031 662 4088 ἐπὶ
718 4033 808 4088 τὸν
864 4032 1075 4089 πάντων
1120 4034 1331 4107 ἁίαθῶν
1376 4030 1551 4088 αἴτιον
1584 4033 1645 4087 τὸ
1694 4037 1910 4109 πρᾶγμα

263 4119 560 4179 ἀναθετέον·
607 4122 698 4177 τὸν
751 4118 1078 4198 δωρούμενον
1128 4119 1336 4197 πρῶτον
1407 4121 1532 4176 αὐτὸ
1588 4121 1650 4177 τὸ
1708 4121 1909 4195 εὶπεῖν,

264 4210 447 4269 ἔπειτα
497 4212 555 4269 τὸ
584 4217 642 4266 εὖ
684 4210 877 4266 εἰπεῖν.
941 4210 1039 4267 Καὶ
1069 4207 1121 4264 εὀἷ
1176 4230 1230 4264 τι
1268 4215 1374 4265 τῶν
1402 4207 1749 4283 ὀμοδυνάμῶν
1797 4232 1909 4267 πα-

262 4300 626 4378 ραλέλειπται,
672 4300 893 4357 κάκεῖνο
961 4300 1104 4372 ἡμᾶς
1137 4298 1272 4354 κατὰ
1314 4299 1411 4361 τὰς
1444 4298 1606 4360 αὐτὰς
1657 4298 1909 4375 μεθόδους

259 4388 326 4440 66
386 4391 798 4469 προσδπακούειν
852 4386 1052 4458 δεήσει.
1089 4388 1147 4445 Εἰ
1177 4385 1232 4443 δὲ
1292 4390 1457 4443 ταῦτα
1503 4387 1539 4454 ἢ
1593 4386 1687 4444 οὒκ
1745 4390 1907 4466 ὀρθῶς

1995 3239 2113 3307 tur,
2140 3238 2422 3309 congesta
2447 3248 2552 3310 pro
2584 3230 2815 3293 viribus
2846 3228 3268 3309 explicuimus,
3303 3246 3424 3291 non
3446 3227 3640 3291 solum

1996 3333 2110 3377 non
2130 3321 2271 3376 satis
2294 3333 2397 3390 pro
2418 3332 2614 3376 eorum
2640 3320 2843 3376 merito
2863 3331 3121 3389 congrue
3141 3319 3274 3388 (hoc
3293 3318 3446 3374 enim
3471 3318 3641 3375 etiam

1993 3408 2187 3487 angeli
2216 3426 2357 3470 vere
2382 3407 2688 3486 dixerint),
2719 3407 2830 3469 sed
2855 3426 3050 3488 neque
3077 3407 3318 3484 paribus
3337 3405 3639 3482 laudibus,

1995 3498 2211 3579 quibus
2224 3498 2296 3559 ab
2312 3497 2541 3575 angelis
2552 3497 2957 3572 celebrantur;
2973 3496 3264 3577 siquidem
3284 3496 3643 3576 praestantis-

1996 3586 2131 3649 simi
2153 3587 2660 3669 quoquetheologi
2677 3587 2966 3649 nostrive!
2993 3585 3331 3660 novissimis
3349 3586 3526 3649 etiam
3549 3604 3647 3650 an-

1994 3678 2141 3757 gelis
2159 3678 2406 3757 cedunt;
2426 3695 2633 3738 verum
2659 3678 2835 3739 etiam
2863 3676 3154 3754 theologis
3184 3694 3512 3757 eorumque
3543 3695 3645 3738 as-

1998 3768 2178 3830 seclis
2200 3785 2573 3848 nequaquam
2595 3784 2947 3848 suppares,a
2964 3772 3182 3828 nostris
3195 3784 3430 3847 quoque
3450 3784 3643 3848 {equa-

1996 3857 2154 3919 libus
2181 3857 2241 3918 in
2275 3858 2389 3919 hoc
2433 3857 2671 3919 laudum
2721 3876 2941 3936 genere
2987 3874 3364 3937 superamur.
3411 3858 3639 3937 Itaque,

1995 3946 2293 4027 siquidem
2321 3956 2483 4009 recte
2508 3947 2621 4008 ista
2636 3946 2792 4009 dicta
2815 3949 2956 4019 sint,
2991 3954 3051 4008 et
3080 3948 3139 4007 in
3168 3946 3506 4008 divinorum
3533 3965 3644 4008 no-

1997 4037 2222 4099 minum
2249 4038 2665 4117 explanatione
2689 4055 2793 4117 pro
2811 4036 3051 4097 modulo
3068 4043 3269 4097 nostro
3289 4053 3490 4095 verum
3506 4053 3647 4097 sen-

1995 4146 2124 4187 sum
2141 4126 2609 4206 attigerimus,in
2626 4126 2916 4187 bonorum
2931 4144 3026 4186 om
3037 4126 3197 4186 nium
3213 4142 3447 4186 causam
3474 4125 3531 4187 id
3557 4131 3644 4186 to-

1993 4224 2116 4277 tum
2146 4215 2530 4276 referendum
2560 4223 2674 4295 est,
2697 4222 2761 4276 ut
2790 4233 2923 4295 quae
2945 4214 3198 4293 primum
3222 4214 3363 4274 εσυ
3394 4224 3510 4275 tam
3541 4214 3641 4277 di-

1991 4303 2169 4366 cendi
2191 4322 2368 4381 quam
2396 4302 2552 4366 bene
2575 4303 2816 4365 dicendi
2842 4302 3179 4364 facultatem
3204 4302 3459 4365 dederit.
3482 4305 3573 4365 Ac
3593 4302 3645 4365 si

1990 4393 2134 4471 quid
2158 4412 2368 4456 eorum
2389 4412 2523 4470 qum
2542 4393 2638 4455 bis
2655 4392 3032 4474 asquivalent,
3056 4393 3131 4454 sit
3152 4392 3639 4472 prastermissum,

261 4483 298 4550 ἡ
325 4481 527 4545 ἀτελῶς
557 4479 701 4561 ἔχει,
732 4479 821 4535 καὶ
850 4480 946 4545 τῆς
977 4475 1228 4565 ἀληθείας
1286 4477 1322 4543 η
1356 4474 1549 4565 eius;
1580 4479 1616 4547 ἥ
1675 4481 1906 4555 μερικῶς

1992 4483 2051 4545 id
2073 4483 2288 4546 iisdem
2312 4501 2549 4565 quoque
2589 4482 2922 4546 rationibus
2949 4501 2984 4544 a
3014 4482 3185 4545 nobis
3215 4483 3288 4545 ad
3320 4484 3480 4544 hunc
3509 4501 3643 4544 mo-

263 4569 781 4648 ἀποπεπλανὴμεθα,
812 4573 910 4634 τῆς
942 4572 1042 4634 σῆς
1067 4564 1128 4621 ἂν
1173 4563 1265 4632 εἴη
1297 4564 1687 4645 φιλανθρωπίας
1739 4567 1907 4625 ἑπαν-

263 4660 592 4740 ορθώσασθαι
646 4660 734 4715 τὸν
784 4659 1045 4720 ἀκουσίως
1102 4655 1415 4733 ἀγνοοῦντα,
1491 4656 1579 4712 καὶ
1645 4656 1905 4731 μεταδοῦ-

263 4772 347 4808 ναι
406 4751 565 4828 λογον
618 4750 695 4824 τῷ
725 4752 915 4824 μαθεῖν
971 4744 1228 4821 δεομένῳ,
1290 4745 1381 4800 καὶ
1431 4744 1693 4819 ἑπαμῦναι
1724 4751 1800 4819 τῷ
1828 4748 1906 4821 μὴ

264 4840 500 4917 αὐτάρκη
549 4837 767 4913 δὺναμιν
834 4837 1040 4917 ἔχοντι,
1104 4836 1187 4891 καὶ
1242 4834 1485 4890 ἰάσασθαι
1543 4836 1635 4891 τὸν
1704 4835 1796 4892 οὐκ
1844 4835 1907 4887 67

264 4930 512 4988 ἐθέλοντα
541 4928 855 5007 ἀρῤωστεῖν·
918 4927 1004 4984 xiii
1036 4926 1100 4982 τὰ
1154 4924 1250 5000 μὲν
1309 4924 1433 5001 παρ’
1487 4924 1696 4997 ἑαυτοῦ,
1757 4928 1823 4984 τὰ
1851 4926 1905 4985 δὲ

263 5018 387 5097 παρ’
444 5019 635 5098 ἐτέρων
671 5017 734 5067 68
793 5016 1177 5095 ἐξευρίσκοντα,
1220 5013 1393 5070 πάντα
1453 5012 1507 5069 δὲ
1564 5013 1624 5071 ὲκ
1679 5016 1905 5095 τάγαθοῦ

265 5106 630 5185 λαμϐάνοντα,
686 5109 771 5164 καὶ
828 5109 900 5173 εἷς
956 5108 1098 5181 ἡμᾶς
1141 5101 1465 5167 διαϐιϐάσαι.
1512 5102 1659 5171 Μηδὲ
1691 5106 1903 5164 ἀποκά-

1993 4573 2131 4634 dum
2150 4573 2551 4653 supplendum
2580 4572 2715 4634 erit.
2738 4571 2840 4633 Sin
2853 4590 2991 4633 vero
3015 4572 3149 4634 haec
3162 4573 3254 4634 vel
3275 4572 3645 4635 minusrecta

1991 4662 2083 4724 vel
2106 4662 2461 4743 imperfecta
2482 4670 2646 4743 sunt,
2669 4669 2730 4724 et
2751 4680 2785 4723 a
2807 4662 3050 4723 veritate
3074 4662 3165 4723 vel
3190 4661 3435 4723 omnino
3458 4659 3548 4723 vel
3571 4679 3643 4723 ex

1992 4766 2159 4831 parte
2188 4752 2619 4822 aberravimus,
2649 4752 2762 4814 erit
2784 4752 3164 4814 humanitatis
3198 4761 3312 4814 tum
3340 4752 3643 4829 corrigere

1989 4840 2106 4902 non
2137 4854 2351 4922 sponte
2382 4841 3166 4921 ignorantem,rationesque
3184 4858 3508 4920 suggerere
3534 4839 3635 4901 di-

1989 4949 2160 4993 scere
2175 4932 2528 5013 cupienti,et
2547 4950 2617 4995 ex
2638 4951 2704 4994 se
2730 4931 3114 4994 insul‘licienti
3134 4948 3307 5010 opem
3333 4930 3515 5005 ferre,
3537 4948 3642 4991 cu-

1989 5039 2241 5102 rareque
2260 5021 2584 5084 molentem
2606 5030 3101 5101 mgrotare,atque
3121 5021 3235 5081 alia
3260 5020 3498 5101 quidem
3520 5037 3557 5081 a
3582 5026 3641 5080 te

1989 5113 2334 5190 excogitata,
2370 5111 2482 5176 alia
2505 5130 2647 5175 vero
2678 5111 2751 5174 ab
2790 5110 2923 5173 aliis
2967 5117 3252 5188 mutuata,
3279 5115 3641 5193 caeteroquin

1569 5262 1829 5331 VARIAE
1882 5270 2212 5339 LECTION
2219 5270 2329 5336 ES.

343 5430 408 5481 53
435 5431 846 5517 ἆνλμνήσξυμεν,
1009 5426 1072 5477 ⁵9
1100 5428 1240 5517 οἷξτε,
1366 5423 1438 5517 _D.
1472 5423 1677 5517 Variat
1709 5430 1833 5495 hac
1864 5435 2230 5517 conjunctio,
2267 5433 2581 5517 namAalias
2610 5433 2752 5509 οὔτε,
2778 5433 2933 5517 alias
2958 5433 3074 5517 οὔδε
3103 5433 3406 5517 scribitur,
3430 5433 3641 5517 eodem

267 5528 472 5595 sensu,
507 5510 690 5595 semel
726 5505 1024 5595 monuisse
1052 5506 1194 5595 satis
1225 5506 1515 5595 v_ide_tur.-
1639 5505 2112 5593 συνεγνωςμζνωνς
2147 5505 2229 5579 Β]
2252 5517 2349 5579 Sc.
2402 5512 2535 5595 Sar,
2566 5505 2767 5595 itaque
2798 5514 3180 5595 scribendum
3216 5514 3342 5576 fuit.
3391 5505 3404 5517 '
3426 5514 3479 5563 6i
3513 5514 3644 5590 ὑπὲρ

265 5586 577 5670 πάντα-καῖ
609 5589 766 5669 λόγον
810 5591 897 5670 καὶ
946 5586 1197 5670 νοῦνηΡ(
1239 5588 1306 5651 D.
1346 5588 1460 5670 Sc._
1492 5586 1876 5670 θξό’τητος,Ἰ).

265 5667 319 5713 θί
350 5663 789 5750 συμφωνήσωμεν
827 5669 909 5745 ἄν,
943 5670 1006 5750 S,
1091 5667 1155 5719 35
1185 5668 1387 5750 ἐαεϊνο,
1641 5674 1741 5735 Sc.

1962 5596 2025 5646 62
2056 5607 2143 5656 τοῦ
2201 5610 2365 5669 νοεῖν,
2404 5597 2472 5659 Ρ.
2617 5594 2687 5659 Βζ
2723 5599 2817 5659 Sc.
2849 5597 2977 5658 Sar.

1829 5675 1890 5724 66
1922 5679 2057 5733 κατα
2088 5681 2208 5743 τοὺς
2258 5680 2441 5739 αὐτοὺς
2473 5677 2663 5756 λόγους
2696 5678 2782 5734 καὶ
2816 5679 2911 5741 τὲις
2962 5675 3124 5740 αὖτὰς
3159 5674 3430 5756 μεθόδους,
3465 5673 3531 5739 Ρ.
3571 5673 3639 5739 D.

3062 5593 3119 5638 ⁸³
3146 5602 3253 5652 τῶν
3303 5595 3493 5664 ὄντων,
3530 5594 3640 5657 Ch.

272 5744 732 5831 Sar.'p'osterius
760 5769 880 5814 non
899 5744 1109 5813 habet.
1195 5748 1257 5798 6⁷
1290 5750 1391 5824 μή.
1477 5744 1543 5797 68
1587 5752 1653 5811 δι’
1700 5758 1875 5834 αὑτοῦ,
1912 5757 1980 5814 δι’
2031 5760 2240 5841 ἑτέρω),
2277 5760 2339 5820 S.
2374 5757 2503 5823 Sar.
