4134 6156
376 374 494 448 985

443 520 494 595 5,
518 520 584 595 Π.
623 521 768 582 Unus
795 528 989 590 autem,
1022 523 1154 595 quia
1179 529 1232 583 et
1265 522 1449 582 omnia
1491 524 1671 591 unice,
1702 530 1807 582 etc.
1846 522 1988 582 Hinc
2034 524 2467 595 Cyparissiolus.

443 541 472 592 θ
519 541 584 579 u.
623 541 768 582 unus
795 541 989 590 autem,
1058 541 1154 581 tua
1179 541 1232 583 et
1265 541 1449 582 omnm
1491 541 1671 591 unice,
1702 541 1807 582 etc.
1846 541 1988 582 hinc
2034 541 2071 580 υ
2115 541 2467 595 partsstoms.
2498 541 2709 584 oecaue
2734 541 2792 591 x,
2824 541 3150 597 't'neomgiaa
3178 541 3485 583 materiatae
3543 541 3739 581 uecem

373 594 653 674 capitibus
679 596 988 654 concludit.
1022 541 1243 674 i’rimo;
1270 597 1393 654 Non
1424 606 1685 674 oportere
1717 610 1975 668 quaerere
1996 541 2517 674 in_i‘rinit_ate._qu:e
2539 611 2708 674 supra
2741 598 3117 674 substantiam
3145 595 3509 674 est,__habitus
3539 603 3593 653 et
3622 597 3744 674 dis-

369 668 680 741 positiones
714 685 730 733 ;
799 682 987 741 neque
1016 683 1142 726 esse
1171 668 1359 741 aliqua
1410 669 1560 725 circa
1592 668 1772 741 ipsam
1805 683 1929 740 quae
1982 670 2321 741 substantia
2343 668 2467 741 ejus
2499 668 2840 738 compleant.
2875 668 3139 741 secundo
3172 684 3185 725 :
3241 668 3361 741 Non
3396 682 3520 741 esse
3575 668 3738 741 etiam

366 737 973 811 accidentiaquaapiam
998 754 1121 811 quas
1152 743 1208 797 in
1241 737 1553 797 substantia
1588 737 1715 810 eius
1744 737 2019 798 exsistant
2045 758 2059 808 ;
2091 755 2196 798 nec
2222 737 2575 799 diﬂarentias
2602 737 3004 811 substantiales
3035 743 3093 796 in
3133 745 3248 810 ipsa
3278 737 3542 807 intelligi,
3566 738 3744 810 siqui-

366 804 495 884 dem
520 816 573 864 et
595 810 651 865 in
679 804 1037 883 incorporeis
1068 827 1191 884 quae
1233 812 1304 867 ab
1338 813 1455 884 ipsa
1489 804 1762 882 producta
1822 821 1977 880 sunt,
2010 804 2124 869 non
2155 823 2375 881 oportet
2403 827 2658 884 quaerere
2700 810 3074 884 diﬂ'erentiam
3117 804 3746 884 shbstantiafetetier-

367 879 489 966 giae,
526 894 732 966 neque,
762 879 1033 966 tanquam
1065 879 1220 966 aliud
1251 879 1611 966 abélioéista
1644 879 2014 966 uteXsistant
2044 879 2318 966 accidere.
2352 879 2743 966 'lie'rtiorquod
2762 885 2819 966 in
2853 885 3091 966 unitate,
3117 897 3258 966 quae
3276 897 3445 952 supra
3468 881 3742 966 .substanf

360 952 498 1025 tiam
530 960 636 1020 est,
658 966 775 1010 non
806 952 1210 1024 sit’quterenda
1242 954 1454 1025 ubique
1472 952 1789 1011 differentia
1808 970 2016 1022 causas,
2040 961 2095 1013 et
2121 968 2350 1013 causam
2384 952 2664 1018 habentis.
2691 957 2785 1011 ubi
2812 969 2881 1011 ex
2911 955 3096 1024 seipsa
3130 952 3336 1010 dicitur
3360 952 3652 1025 exsistere;
3689 961 3744 1010 et

368 1022 467 1078 ubi
498 1037 568 1079 ex
600 1025 781 1098 seipse
818 1022 1007 1094 prodit
1035 1041 1135 1083 sua
1166 1022 1395 1098 energia
1425 1027 1547 1081 sive
1573 1027 1849 1094 operatio;
1879 1037 1933 1083 et
1962 1027 2056 1083 ubi
2080 1041 2151 1083 ex
2182 1026 2385 1098 seipsa.
2411 1038 2464 1085 et
2490 1043 2593 1098 per
2620 1029 2888 1098 seipsam,
2920 1022 3270 1098 ad'seipsam
3302 1034 3533 1080 remeat.
3560 1024 3743 1098 Quar-

367 1100 442 1178 to,
477 1095 628 1164 quod
677 1095 736 1153 in
768 1098 983 1178 unitate
1030 1095 1330 1178 Trinitatis
1357 1111 1481 1178 no_n_
1507 1106 1765 1178 Oporteat
1794 1112 2051 1178 quaerere
2072 1097 2237 1178 uliud
2269 1095 2685 1178 substantiam,
2709 1095 2774 1178 ὀι
2801 1097 2960 1155 aliud
2988 1095 3281 1178 euergiam
3314 1098 3431 1178 sive
3462 1096 3747 1178 operatio-

370 1177 500 1242 nem
526 1181 543 1234 ;
574 1172 894 1242 nequetegi
929 1170 1295 1242 homonymia
1328 1169 1484 1225 verbi
1517 1168 1778 1242 energie,
1803 1184 1909 1225 nec
1929 1170 2258 1227 existimare
2278 1185 2392 1227 non
2421 1172 2570 1227 idem
2603 1186 2729 1228 esse
2760 1171 2815 1227 in
2852 1186 2916 1227 ea
2948 1169 3326 1225 substantiam
3354 1168 3740 1242 etenergiam.

368 1234 599 1314 Quinti,
623 1234 776 1309 quod
813 1234 870 1296 in
903 1234 1294 1310 unitate,'quae
1316 1253 1484 1310 supra
1520 1234 2041 1314 subslintiamest,
2063 1253 2180 1314 non
2214 1250 2471 1314 oporteat
2500 1256 2756 1313 querere
2786 1243 3075 1314 energiam
3109 1254 3211 1311 per
3240 1254 3302 1314 se
3321 1237 3444 1314 sine
3475 1234 3746 1314 substan-

366 1309 461 1369 tia.
500 1315 556 1367 et
586 1308 700 1367 non
736 1324 834 1380 per
857 1327 917 1368 se
936 1308 1307 1384 exsisten‘tem
1336 1328 1351 1380 ;
1382 1308 1572 1382 neque
1593 1313 1844 1384 cogitare
1874 1312 2044 1384 simul
2079 1308 2398 1384 aliud'quid
2432 1308 2562 1371 cum
2593 1316 2710 1383 ipsa
2731 1308 2969 1375 unitate,
2995 1308 3179 1383 neque
3201 1313 3272 1368 ab
3290 1325 3355 1367 ea
3374 1308 3743 1384 distinguere

370 1326 461 1369 ua.
500 1326 556 1367 et
586 1326 700 1367 non
736 1326 834 1380 per
857 1327 917 1368 se
937 1326 1307 1370 exsistantem
1336 1328 1351 1380 ;
1382 1326 1572 1382 neque
1593 1326 1659 1368 co
1705 1326 1844 1369 itare
1874 1326 2044 1368 simul
2079 1326 2238 1369 attua
2261 1326 2398 1384 quia
2432 1329 2562 1371 cum
2593 1329 2710 1383 ipsa
2731 1326 2969 1375 unitate,
2995 1326 3179 1383 neque
3201 1326 3272 1368 an
3290 1326 3355 1367 ea
3385 1326 3743 1381 utsnnguere

370 1393 536 1437 suam
566 1385 880 1456 energiam.
915 1383 1107 1453 Sexto,
1132 1385 1291 1456 quod
1314 1385 1373 1456 in
1405 1386 1619 1456 unitate
1648 1326 1941 1456 ’lgrinitatis
1971 1398 2085 1456 non
2107 1393 2366 1456 oporteat
2395 1399 2650 1456 quaerere
2675 1385 2830 1442 aliud
2852 1386 3231 1441 substantiam
3263 1380 3493 1456 etaliud
3515 1382 3745 1456 bonita-

369 1458 507 1517 tem,
527 1466 648 1527 nec
678 1453 841 1527 aliud,
865 1456 1105 1527 formam
1139 1453 1193 1512 et
1222 1453 1378 1512 aliud
1407 1453 1807 1520 substantiam,
1839 1469 1945 1527 nec
1973 1455 2130 1512 aliud
2150 1453 2319 1513 vitam
2352 1453 2437 1512 vel
2471 1457 2807 1527 sapientiam
2837 1457 2922 1512 vel
2953 1456 3240 1518 virtutem,
3260 1453 3416 1511 aliud
3448 1468 3577 1527 vero
3606 1454 3748 1527 sub:

367 1525 634 1600 stantiam
686 1525 966 1600 ejusdem.
1000 1526 1272 1600 Septimo,
1306 1540 1421 1585 non
1467 1527 1604 1600 item
1639 1526 2008 1600 quaerendum
2026 1527 2195 1600 aliud
2235 1542 2362 1586 esse
2391 1524 2779 1600 cognitionem
2824 1528 2968 1599 cjus.
3000 1528 3089 1583 vel
3120 1527 3450 1600 charitatem
3482 1524 3628 1600 ejus,
3664 1524 3745 1580 vel

368 1593 858 1671 pulchritudinem
899 1597 1044 1669 ejus,
1075 1593 1162 1655 νει
1186 1593 1681 1671 immortalitatem
1711 1598 1932 1671 eju3,_et_
1961 1598 2070 1654 alia
2105 1599 2407 1670 ejusmodi.
2432 1593 2588 1658 aliud
2612 1615 2746 1657 vero
2768 1593 3113 1671 singularem
3139 1597 3261 1669 ejus
3282 1593 3659 1654 substantiam
3693 1605 3746 1671 et

367 1667 1139 1743 exsistantiamsupraquam
1171 1669 1445 1743 divinam.
1479 1667 1711 1734 Octavo,
1733 1667 1887 1743 quo-1
1917 1669 1976 1726 in
2008 1667 2228 1743 unitate
2256 1686 2427 1743 supra
2468 1674 2844 1729 substantiam
2866 1667 2989 1728 non
3013 1667 3269 1743 opot‘t’eat
3298 1681 3582 1743 quaerere,
3608 1668 3740 1738 quia

367 1737 484 1812 haec
515 1747 599 1795 est
630 1737 1096 1804 omniafidci‘rco
1127 1740 1305 1799 multa
1338 1740 1462 1812 ejus
1492 1754 1618 1812 esse
1650 1760 1663 1806 ;
1700 1737 1767 1812 et'
1793 1740 2013 1798 diversa
2073 1742 2263 1799 omnia
2290 1758 2306 1812 ;
2331 1737 2426 1801 'est
2454 1745 2607 1800 enim
2642 1760 2704 1800 ea
2746 1743 2935 1799 omnia
2971 1737 3095 1812 ipso
3121 1737 3403 1797 ditina'et
3436 1741 3591 1812 beata
3621 1737 3747 1811 ejus

366 1810 706 1876 substantia,
737 1826 868 1882 quas
897 1813 1067 1870 habet
1095 1813 1310 1875 omnia.
1334 1810 1447 1869 non
1481 1819 1542 1869 ut
1570 1811 1681 1868 alia
1713 1811 1772 1868 in
1803 1812 1933 1876 alio,
1966 1812 2068 1869 sed
2101 1814 2228 1870 sine
2257 1810 2592 1872 habitudine
2620 1825 2673 1871 et
2701 1815 2961 1883 collecte,
2994 1810 3139 1869 nihil
3170 1812 3388 1869 habens
3420 1810 3659 1883 duplex.
3679 1818 3745 1883 et

367 1895 541 1953 supra
571 1879 974 1958 omne'unum.
1006 1883 1189 1950 Nono,
1222 1883 1372 1958 quod
1405 1884 1461 1940 in
1495 1883 1736 1946 unitate.
1761 1897 1897 1958 quas
1926 1898 2096 1958 supra
2125 1886 2506 1958 substantiam
2536 1894 2637 1951 est,
2665 1900 2853 1958 neque
2871 1879 3219 1957 principium
3245 1885 3370 1958 ejus
3397 1879 3650 1958 reperire
3674 1879 3745 1935 li-

367 1962 508 2016 ceat,
543 1967 730 2024 neque
761 1954 1034 2030 medium,
1061 1953 1478 2030 nequa’iinem:
1511 1968 1702 2025 neque
1728 1953 1799 2010 sit
1827 1955 2048 2026 aliquid
2103 1963 2306 2030 totum,
2330 1959 2463 2028 quia
2491 1956 2550 2014 in
2585 1953 2932 2030 unoquoque
2961 1953 3161 2030 eorum
3190 1953 3311 2026 quae
3340 1953 3746 2030 intelliguntur

366 2034 450 2081 eet
480 2033 594 2100 tota
625 2035 680 2100 et
716 2025 875 2100 s_ola;
904 2041 1091 2097 neque
1123 2025 1193 2100 sit
1223 2026 1450 2100 aliquid
1477 2040 1675 2100 eorum
1729 2040 1853 2098 quae
1882 2025 2034 2093 sunt,
2059 2027 2193 2098 quia
2233 2025 2364 2097 ipsa
2388 2039 2472 2085 est
2500 2030 2689 2087 omnia
2718 2025 2738 2097 ξ
2769 2025 2956 2100 neque
2987 2028 3153 2084 liceat
3207 2025 3323 2083 uno
3352 2028 3585 2082 nomine
3616 2038 3743 2080 eam

366 2097 690 2167 complecti.
732 2096 1159 2168 Decimo,quod
1194 2096 1378 2154 unitas
1407 2096 1699 2169 Trinitatis
1728 2096 1899 2168 supra
1933 2096 2163 2154 omnem
2198 2096 2354 2155 532
2383 2096 2756 2157 substantiam
2788 2096 2884 2164 sit,
2917 2107 2973 2156 et
3002 2113 3173 2169 supra
3205 2111 3432 2153 omnem
3465 2100 3744 2169 unitatem

367 2175 422 2243 et
441 2169 759 2243 trinitatem
782 2169 950 2226 nobis
1001 2167 1289 2243 cognitam
1314 2211 1327 2233 ,
1360 2178 1413 2225 et
1444 2167 1598 2243 quod
1615 2183 1801 2243 neque
1817 2170 2256 2243 substantiawsit,
2282 2186 2388 2226 nec
2416 2175 2627 2235 unitas,
2654 2186 2836 2243 nequa
2871 2167 3098 2228 trinitas
3122 2169 3192 2243 ab
3223 2169 3343 2243 ullo
3363 2168 3613 2243 cognita,
3636 2180 3745 2222 nec

367 2239 622 2314 inﬁnita;
645 2249 761 2314 aut
794 2255 852 2296 in
912 2238 1112 2314 multis
1164 2238 1479 2314 numerata:
1535 2238 1676 2314 Vide
1706 2238 1852 2314 haec
1912 2242 2064 2314 apud
2112 2241 2565 2314 Cyptrissiotum
2620 2238 2957 2313 por'derem
3008 2240 3191 2308 capita
3211 2239 3413 2314 ⁸ὶίιειὶιιις
3443 2238 3736 2314 ξάθᾳυρι-ι,

369 2314 553 2437 ac:
588 2309 854 2368 Patribus
901 2326 968 2368 ac
997 2311 1306 2385 Scripturis
1346 2311 1734 2382 comprobata.
1768 2309 2012 2371 Consule
2050 2309 2218 2371 etiam
2274 2314 2341 2371 D.
2374 2309 2672 2380 Thomam,
2707 2323 2867 2386 parte
2902 2327 2944 2384 ι,
2976 2323 3172 2386 quaest.
3206 2309 3256 2377 3,
3292 2310 3365 2366 De
3404 2310 3746 2384 simplicitate

458 2398 495 2437 ι.

428 2395 495 2437 ει.

438 2451 622 2527 §_III._
657 2450 816 2527 Nulla
846 2459 1026 2510 autem
1055 2454 1238 2512 unitas
1265 2453 1351 2527 uel
1379 2453 1620 2521 trinitas,
1654 2462 1787 2527 etc.,
1825 2455 2054 2527 explicat
2108 2471 2364 2513 arcanum
2392 2456 2548 2514 illud.
2584 2458 2721 2514 Nota
2763 2472 2895 2514 cum
2928 2453 3180 2512 Manuale
3208 2453 3446 2527 Calecha
3477 2452 3536 2527 in
3594 2451 3746 2527 libro

369 2521 457 2601 De
476 2523 748 2590 Triuitate,
779 2526 1082 2601 imagines,
1109 2541 1253 2601 quas
1286 2525 1477 2601 Patres
1507 2521 1904 2601 excogitaruni
1932 2527 2001 2584 ad
2062 2528 2497 2601 assimilandum
2529 2543 2626 2585 eas
2653 2536 2945 2601 utcunque
2974 2527 3259 2601 Trinitati.
3293 2524 3605 2595 Gregorius
3635 2523 3746 2601 Na-

363 2595 672 2652 zianzenus
703 2611 834 2669 eum
862 2595 1029 2655 oculo
1052 2595 1241 2662 fontis,
1266 2608 1320 2655 et
1351 2598 1523 2663 fonte,
1550 2603 1606 2654 et
1625 2595 1799 2655 ﬂuvio
1827 2606 2160 2669 comparat;
2192 2600 2326 2658 item
2376 2614 2506 2656 cum
2536 2601 2674 2665 sole,
2698 2595 2878 2663 radio’,
2914 2599 3129 2656 lumina
3158 2615 3171 2660 ;
3199 2597 3335 2669 item
3358 2610 3502 2669 cum
3532 2600 3743 2659 mente,

365 2669 667 2742 ἓνθυμήσει,
700 2667 757 2724 id
787 2676 874 2726 est
901 2669 1380 2733 consideratione,
1407 2669 1698 2737 animo,in
1732 2669 1946 2742 quibus
1966 2666 2091 2727 ’non
2129 2679 2213 2728 est
2243 2670 2446 2728 divisio
2477 2670 2563 2728 vel
2592 2672 2807 2738 sectio;
2846 2674 2977 2729 item
3001 2685 3132 2727 cuin
3166 2668 3369 2740 triplici
3392 2666 3512 2724 sole
3548 2673 3602 2724 et
3632 2679 3745 2723 una

363 2745 600 2804 luminis
627 2749 1044 2807 commistione.
1076 2748 1388 2821 Gregorius
1418 2747 1713 2820 Nyssenus
1742 2753 1801 2806 in
1838 2749 1940 2807 lib.
1974 2749 2045 2806 De
2080 2751 2352 2809 Trinacia
2377 2752 2499 2809 haec
2532 2752 2639 2810 tria
2672 2751 2813 2809 dicit
2841 2767 2967 2810 esse
2990 2751 3050 2808 in
3081 2750 3270 2818 nobis,
3292 2763 3416 2820 quae
3435 2754 3570 2804 sunt
3598 2753 3744 2821 νοῦς,

363 2828 552 2908 λόγος,
598 2838 830 2905 πνεῦμα.
877 2848 902 2883 ι
931 2829 1106 2897 Mens,
1131 2830 1342 2902 inquit,
1363 2829 1512 2901 parit
1538 2827 1839 2896 rationem,
1869 2831 2011 2889 ratio
2044 2842 2229 2889 movet
2258 2841 2529 2899 mentem,
2554 2841 2610 2891 et
2640 2848 2826 2904 neque
2851 2847 3014 2889 mens
3042 2832 3168 2887 sine
3190 2831 3410 2888 ratione
3433 2837 3533 2893 est,
3558 2840 3749 2898 neque

361 2908 687 2983 ratio__sine
758 2916 986 2983 mente;
1053 2911 1320 2983 similiter
1374 2911 1499 2967 sine
1536 2909 1767 2982 spiritu,
1813 2912 1912 2983 qui
1963 2920 2048 2968 est
2090 2913 2151 2969 in
2207 2914 2398 2979 nobis,
2450 2927 2565 2970 non
2628 2915 2736 2971 erit
2792 2925 2862 2970 ex
2906 2921 3113 2974 mente.
3170 2909 3749 2983 Hinc,_lnquit,_sunt

364 2978 629 3056 aequalia,
654 2989 707 3056 et
739 2982 992 3055 separari
1017 2997 1044 3056 a
1068 2997 1129 3039 se
1159 2981 1406 3056 invicem
1434 2995 1555 3056 non
1569 2978 1851 3056 possunt:
1871 2983 1984 3056 Sic,
2004 2984 2212 3055 inquit,
2231 2978 2674 3056 intelligendum
2705 2994 2790 3044 est
2811 2988 2866 3042 in
2889 2984 3190 3056 Trinitata.
3218 3002 3240 3033 ι
3279 2981 3387 3039 Alii
3407 2978 3547 3056 cum
3570 2979 3746 3047 fonte,

363 3049 625 3136 ﬂu'vio'et
656 3049 822 3136 laeui
853 3066 1007 3136 cum_
1019 3054 1177 3136 igne,
1197 3053 1424 3110 ﬂumina
1457 3062 1512 3136 et
1544 3049 2216 3136 lumine._Cyrillus_cum
2267 3049 2476 3136 radice.
2513 3065 2754 3136 ramo_et
2784 3059 3013 3122 fructu;
3047 3055 3210 3136 idem
3227 3068 3361 3112 cum
3391 3052 3596 3136 digito,
3627 3064 3749 3106 ma-

362 3136 444 3179 nu
475 3131 528 3203 et
558 3122 836 3192 brachio;
874 3132 929 3181 et
958 3122 1100 3183 alias
1127 3140 1446 3203 σθω-τοδε,
1477 3124 1632 3203 ﬂore_
1653 3129 1711 3182 et
1740 3122 1934 3183 odore.
1971 3126 2033 3183 In
2073 3127 2164 3184 his
2190 3130 2463 3187 omnibus
2509 3130 2876 3203 reperiuntur
2901 3127 3163 3203 quaedam
3195 3122 3597 3203 inseparabilia
3626 3136 3749 3203 ause

368 3201 593 3272 mutuo,
627 3209 755 3266 quae
788 3191 1289 3272 assumunturrad
1313 3191 1737 3272 declarandum
1768 3206 2060 3270 utcunque
2093 3214 2217 3257 esse
2246 3208 2360 3272 tres
2394 3191 2669 3271 personas
2699 3191 3130 3272 insepafabiles,
3163 3191 3603 3266 proprietatibus
3632 3191 3755 3272 dis-

363 3264 594 3354 tinctas,
610 3264 681 3354 et
728 3266 900 3354 unius
931 3268 1280 3354 substantiae,
1303 3269 1386 3354 ita
1437 3278 1500 3354 ut
1531 3269 1602 3354 ab
1632 3268 1747 3326 alio
1777 3264 2035 3327 sumatur
2094 3273 2153 3330 τὸ
2195 3264 2521 3354 ἀχώριᾱτον,
2556 3271 2613 3328 id
2661 3281 2744 3330 est
2774 3264 3210 3345 in'seporubilitds
3250 3264 3647 3339 personarum,
3678 3264 3749 3322 ab

365 3343 476 3403 alio
511 3349 573 3405 τὸ
604 3349 907 3428 ὁμοούσιον,
939 3348 997 3405 id
1025 3357 1109 3407 est
1137 3346 1683 3407 comubstontialitas.

836 386 935 453 DE
978 385 1277 454 DIVINIS
1317 385 1767 466 NOMINIBUS,
1821 385 1983 449 CAP.
2033 385 2199 450 XIII.
2257 420 2333 435 --
2373 388 2760 453 PARAPHR.
2808 378 3300 452 PACHYMERE
3624 372 3742 448 986

2498 525 2709 584 decade
2734 538 2792 591 x,
2824 525 3150 597 Theologias
3178 522 3485 597 materiatae
3543 520 3739 581 decem

1456 3548 1989 3619 PARAPHRASIS
2030 3552 2509 3619 PACHVMERIE
2554 3555 2684 3638 (50)

452 3665 481 3747 §
514 3663 561 3728 Ι.
595 3664 716 3725 Ἐπ’
760 3668 888 3726 αὐτὸ
937 3679 1097 3747 χορεῐ
1125 3670 1187 3725 τὸ
1227 3666 1577 3746 ἰσχυρότατον
1618 3668 1930 3747 κεφάλαιον,
1962 3673 2021 3730 τὸ

2190 3674 2218 3751 ἕ
2251 3674 2298 3736 Ι.
2325 3670 2559 3736 Transit
2579 3674 2650 3736 ad
2684 3678 2855 3752 caput
2877 3670 3047 3751 illud,
3071 3669 3233 3750 quod
3264 3667 3636 3750 potissimum
3661 3673 3752 3727 est

370 3758 489 3833 περὶ
533 3755 736 3813 τελείου
792 3758 880 3814 καὶ
923 3758 1064 3819 ἑνός.
1130 3762 1249 3821 Πῶς
1281 3756 1348 3814 δὲ
1390 3758 1780 3839 ἰσχυρότατον;
1822 3760 1902 3818 ὅτι
1962 3767 2014 3821 αἱ

2105 3762 2173 3826 tle
2203 3763 2465 3845 perfecto
2507 3773 2566 3826 et
2617 3781 2760 3826 uno.
2789 3762 3100 3836 Quomodo
3144 3778 3283 3823 vero
3320 3756 3690 3839 potissimum
3720 3760 3749 3818 ?

372 3846 472 3921 μὲν
528 3844 686 3904 ἄλλαι
734 3849 1015 3924 θεωνυμίαι
1048 3848 1144 3921 ι.›.ίιι
1186 3849 1274 3905 καὶ
1325 3846 1440 3906 καθ’
1472 3848 1636 3917 αὑτὴν
1685 3848 1920 3929 ἐλέγετο,
1953 3853 2013 3912 τὸ

2105 3844 2372 3936 quoniam
2397 3854 2527 3916 alia:
2542 3853 2781 3936 quidem
2797 3851 3428 3915 Deidenominationes
3448 3847 3522 3908 de
3543 3864 3659 3908 una
3679 3864 3744 3907 re

370 3933 427 3993 δὲ
457 3934 665 3993 τελειον
696 3937 999 4016 συνάγεται.
1045 3936 1127 3995 ὅτι
1157 3938 1331 3995 πάντά
1361 3936 1574 4018 λεγεται
1609 3940 1636 3996 ὁ
1682 3937 1883 4016 αἴτιος,
1917 3948 2009 4003 οὒ-

2105 3933 2372 4025 rjuapiam
2400 3933 2670 4007 seorsum
2704 3943 3076 4017 dicebantur,
3106 3939 3387 4023 perfectio
3412 3955 3547 3999 vero
3562 3954 3749 4014 copu-

368 4023 515 4090 δεινὸς
550 4025 976 4115 ἀπολειπομένου
1006 4031 1110 4085 τῶν
1156 4029 1402 4086 αἰτιατῶν
1452 4029 1525 4093 είς
1555 4029 1616 4085 τὸ
1646 4030 1725 4105 μὴ
1772 4030 2013 4111 λέγεσθαι

2105 4023 2261 4115 latur
2301 4052 2317 4110 ;
2351 4036 2631 4115 quoniam
2664 4053 2840 4097 causa
2872 4033 3140 4095 omnium
3176 4029 3552 4112 praedicatur,
3587 4025 3751 4115 nullo

368 4116 430 4174 ἐκ
485 4116 696 4176 τοὸτου.
732 4107 918 4176 ιὈπου
966 4116 1022 4174 δὲ
1072 4116 1219 4178 οὐδὲν
1268 4117 1523 4193 ἐλλείπει,
1556 4118 1759 4178 τέλειον
1806 4107 2017 4190 πᾶνεως

365 4206 497 4267 lati.
547 4209 644 4265 Καὶ
675 4206 835 4267 πάλιν
893 4206 1007 4282 ἅμα
1050 4206 1225 4265 πάντα
1267 4207 1506 4287 λέγεται,
1541 4210 1628 4267 καὶ
1684 4210 1743 4268 οὗ
1798 4216 1860 4270 τὸ
1920 4213 2018 4288 μέν

366 4296 645 4376 πρότερον,
678 4297 740 4353 τὸ
798 4294 854 4354 δὲ
892 4295 1129 4375 seraper
1178 4296 1215 4365 ἢ
1246 4298 1306 4354 τὸ
1366 4296 1461 4372 μὲν
1493 4297 1578 4354 ἐπὶ
1628 4299 1812 4381 πλέον,
1845 4302 1907 4359 τὸ
1962 4300 2019 4358 δὲ

367 4385 452 4444 ἐπ’
503 4384 748 4442 ἔλαττον·
782 4384 819 4455 ἢ
851 4387 913 4442 τὸ
945 4386 1044 4460 μὲν
1074 4386 1448 4466 χρονιωτέρως
1481 4388 1568 4443 καὶ
1617 4390 2017 4470 μονιμωτέρως,

367 4477 431 4534 τὸ
473 4473 528 4531 δὲ
557 4473 624 4531 δι’
667 4474 847 4555 ὸλίγου
906 4477 994 4532 καὶ
1037 4474 1391 4541 ἐπιπολαίως·
1452 4476 1626 4534 πάντα
1685 4479 1786 4558 γὰρ
1835 4481 2022 4549 ἐπίσης

369 4563 776 4645 ἀμολείπονται,
839 4563 935 4622 κᾶν
1017 4562 1247 4644 ἄγγελον
1331 4564 1531 4641 εἴποις,
1589 4568 1688 4625 κᾶν
1745 4569 2022 4648 μύρμηκα,

373 4655 554 4733 ὥσπερ
602 4653 669 4723 δὴ
716 4654 908 4723 ἐπίσης
959 4654 1343 4713 ἀπολείπονται
1386 4658 1517 4734 πρὸς
1569 4659 1632 4714 τὸ
1664 4657 1881 4738 ἔπειρον
1938 4662 2026 4719 καὶ

374 4746 441 4804 τὰ
488 4742 641 4824 χίλια
673 4744 759 4802 καὶ
799 4746 866 4801 τὰ
910 4743 1037 4802 δέκα
1067 4742 1287 4823 ’¹Ηγουν
1331 4746 1426 4802 οὐκ
1467 4745 1534 4814 ἦν
1562 4746 1668 4804 ἀπό
1724 4770 1868 4814 τινος
1914 4756 2022 4808 τῶν

376 4835 624 4892 αἴτια-τῶν
677 4836 705 4889 ὁ
738 4831 913 4900 αἴτιος
944 4832 1213 4913 λέγεσθαι·
1264 4837 1300 4904 ἡ
1333 4835 1376 4891 εἰ
1431 4832 1536 4890 ὰπό
1580 4858 1743 4917 τινος,
1784 4839 1872 4896 καὶ
1918 4840 2023 4897 ἀπὸ

380 4925 615 4987 πάντων,
650 4921 843 5004 ”Οθεν,
878 4926 923 4982 εἰ
982 4922 1091 4999 ἅμα
1121 4923 1294 4981 πάντα
1321 4923 1565 5002 λέγονται
1618 4926 1705 4984 ἐπὶ
1736 4935 1886 5010 Θεοῦ,
1919 4928 2022 4999 ἤδη

2103 4114 2313 4186 effectu
2346 4114 2800 4205 deﬁciente,qui
2826 4141 2942 4184 non
2961 4121 3036 4183 ab
3063 4123 3170 4182 hac
3190 4114 3751 4205 denominaturzubi

2100 4220 2297 4275 autem
2320 4214 2468 4277 nihil
2496 4203 3015 4295 deficit,perfectio
3037 4212 3165 4292 jam
3179 4208 3421 4271 omnino
3444 4203 3750 4269 existiLEt

2100 4319 2336 4365 rursum
2385 4304 2564 4366 simul
2608 4304 2811 4367 omnia
2857 4301 3169 4382 dicitur,et
3212 4317 3330 4360 non
3362 4297 3475 4359 hoc
3503 4295 3750 4374 quidem

2106 4394 2295 4475 prius,
2344 4393 2596 4455 alterum
2645 4411 2782 4455 vero
2841 4391 3137 4474 posterius
3170 4388 3304 4472 ;vel
3338 4391 3450 4450 hoc
3504 4383 3747 4466 quidem

2109 4482 2317 4563 magis,
2352 4482 2605 4545 alterum
2639 4501 2777 4545 vero
2810 4483 3031 4555 minus;
3062 4481 3152 4543 vel
3184 4480 3297 4541 hoc
3324 4475 3566 4558 quidem
3592 4482 3750 4536 tem-

2111 4590 2253 4653 pore
2281 4573 2618 4653 longiori,et
2655 4567 3311 4654 perseverantius,lllud
3337 4584 3473 4629 vero
3495 4563 3751 4626 breviori

2110 4663 2604 4738 etob_iter,omnia
2631 4664 2789 4725 enim
2805 4661 3112 4745 mqualiter
3132 4660 3206 4721 ab
3231 4657 3464 4720 inlinito
3494 4655 3741 4745 distant,

2109 4753 2234 4813 sive
2254 4752 2526 4832 angelum
2551 4742 2923 4824 dixeris,sive
2935 4748 3429 4823 formicam,sicut
3444 4742 3751 4825 aequaliter

2108 4842 2182 4903 ab
2199 4843 2427 4904 infinito
2446 4842 2837 4905 distantmille
2859 4849 2916 4903 et
2934 4841 3377 4917 decem.ltaque
3409 4853 3526 4896 non
3552 4838 3752 4914 potest

2109 4930 2183 4991 ab
2204 4931 2398 5013 aliquo
2423 4933 2637 4994 eﬂ‘ectu
2667 4951 2844 4995 causa
2875 4929 3014 5006 dici,
3050 4929 3136 4992 vel
3171 4928 3224 4991 si
3245 4926 3318 4987 ab
3342 4925 3540 5004 aliquo
3571 4927 3748 4983 etiam

382 5012 712 5091 ἐμφαίνεται,
746 5015 835 5070 καὶ
883 5016 945 5071 τὸ
975 5013 1054 5070 ἕν’
1100 5015 1144 5070 εί
1194 5014 1293 5092 γὰρ
1324 5015 1403 5089 μὴ
1431 5014 1497 5082 ἦν
1538 5015 1869 5096 ὑπερέχουσα
1898 5020 2021 5077 ἑνό-

2109 5020 2182 5081 ab
2206 5012 2685 5084 omnibus.Unde
2711 5022 2763 5085 si
2786 5020 2963 5083 simul
2986 5019 3186 5082 omnia
3203 5017 3479 5079 dicantur
3506 5013 3580 5076 de
3602 5013 3747 5092 Deo,

381 5125 480 5170 της
531 5102 586 5158 ἐν
615 5103 807 5183 τούτῳ,
842 5103 938 5160 οὔκ
982 5103 1044 5160 ἄν
1086 5103 1386 5183 iamnon»
1415 5103 1662 5161 ἁπάντων
1719 5106 1886 5164 ὄντων
1936 5113 2021 5166 καὶ

379 5190 515 5265 ἅμα.
552 5190 698 5247 Ἐπεὶ
729 5190 855 5269 γοῦν
886 5191 1026 5248 οὕτω
1055 5198 1221 5247 ταῦτα
1251 5190 1455 5247 τέλειον
1484 5190 1693 5270 λέγεται
1741 5197 1802 5251 τὸ
1835 5197 2020 5278 Θείαν,

382 5280 441 5338 οὒ
486 5279 644 5354 μόνον
700 5282 774 5345 ὡς
832 5279 1121 5357 μοροειδῶς
1167 5279 1520 5360 διοριζόμενον
1575 5280 1658 5362 ἐφ’
1701 5285 1887 5346 ἑαυτοῦ
1936 5292 2025 5345 καὶ

380 5368 498 5427 καθ’
541 5371 719 5447 ἑαυτὸ,
769 5369 945 5450 (τοῦτο
1001 5373 1102 5449 γάρ
1160 5372 1303 5427 ἐστιν
1360 5371 1482 5448 ὅρος
1544 5371 1766 5431 τεῖείουο
1826 5378 1888 5434 τὸ
1930 5376 2021 5457 ἀφ’

384 5460 571 5517 ἑαυτοῦ
615 5464 714 5517 καὶ
758 5464 852 5520 οὒκ
904 5459 1113 5541 ἔξωθεν,
1144 5463 1233 5519 καὶ
1287 5458 1403 5518 καθ’
1455 5461 1604 5541 αὐτὸ,
1639 5466 1726 5523 καὶ
1781 5465 1840 5522 οὗ
1887 5469 2023 5525 κατὰ

386 5546 746 5624 συμϐεϐηκὺς,
778 5549 1085 5624 μονοειδῶς,
1120 5548 1283 5626 ἤγουν
1325 5549 1438 5605 καθ’
1470 5549 1527 5604 ὃν
1571 5549 1633 5606 ἄν
1662 5573 1742 5617 τις
1797 5551 2023 5610 tmesi—

385 5635 470 5695 λοι
501 5637 723 5716 τρόπον,
752 5641 970 5715 ὁμοίως,
1002 5640 1088 5696 καὶ
1119 5638 1322 5701 ταῦτῶς
1367 5637 1739 5718 ἄφορίζετθαι),
1770 5641 1905 5700 ἀλλὰ
1936 5644 2024 5702 καὶ

2100 5110 2223 5191 jam
2245 5120 2485 5191 apparet
2520 5113 2697 5174 etiam
2730 5111 2876 5174 illud
2910 5128 3091 5171 unum
3130 5130 3144 5168 :
3198 5106 3311 5169 nisi
3342 5105 3500 5168 enim
3532 5121 3648 5185 quo
3677 5101 3750 5163 ad

2106 5201 2220 5263 hoc
2243 5201 2438 5263 unitas
2461 5201 2562 5264 illa
2590 5202 2908 5275 emineret,
2946 5200 3153 5279 utique
3168 5196 3346 5261 simul
3378 5195 3553 5257 etiam
3570 5191 3752 5255 rebus

2106 5291 2386 5353 omnibus
2402 5311 2517 5353 non
2533 5291 3048 5355 conveniret.Cum
3065 5291 3259 5371 itaque
3276 5289 3433 5351 Deus
3449 5283 3747 5365 perfectus

2105 5380 2484 5459 dicatur,non
2501 5381 2694 5442 solum
2711 5391 2989 5462 tanquam
3021 5377 3447 5441 uniformitera
3472 5391 3538 5435 se
3556 5379 3615 5462 et
3646 5388 3752 5462 per

2104 5487 2167 5531 se
2199 5468 2477 5531 deﬁnitus
2497 5470 2648 5547 (hinc
2675 5459 2847 5533 enim
2868 5478 2957 5532 est
2992 5467 3235 5551 perfecti
3264 5464 3559 5527 definitio:
3581 5459 3751 5534 Quod

2103 5577 2140 5620 a
2166 5577 2232 5621 se
2263 5559 2415 5640 ipso,
2442 5565 2502 5622 et
2532 5578 2651 5622 non
2681 5567 3074 5632 extrinsecus,
3105 5564 3162 5618 et
3180 5573 3285 5637 per
3304 5573 3394 5625 se,
3419 5564 3480 5615 et
3506 5569 3622 5640 non
3645 5566 3752 5629 per

2104 5638 2822 5731 accidens,uniformiter,
2858 5650 2999 5726 sive,
3028 5655 3092 5709 ut
3136 5647 3248 5712 hoc
3276 5641 3452 5706 modo
3496 5638 3629 5725 quis
3647 5656 3751 5703 ac-

473 5794 598 5880 (50)
636 5795 785 5864 Vide
814 5796 1053 5864 Scholia
1075 5798 1138 5868 S.
1169 5797 1414 5864 Maximi
1447 5805 1589 5864 tom.
1622 5800 1698 5879 ΙΙ,
1722 5818 1854 5886 cap.
1891 5804 1987 5882 l3,
2025 5810 2111 5878 De
2136 5810 2367 5878 divinis
2394 5811 2629 5882 nomn.
