4134 6156
459 382 573 454 987

1644 383 1705 454 S.
1752 393 1937 459 ΒΙοΝ
1945 399 2098 463 YSII
2141 387 2651 465 AREOPAGITxE

3708 387 3822 464 988

461 523 942 608 cipiat,similiter
971 533 1027 587 et
1057 524 1318 590 identice
1349 524 2098 612 deﬁnitur,quinimo,tan-

2189 535 2257 599 ὡς
2317 531 2619 611 ὑπερτελές,
2655 529 2788 587 κατὰ
2833 529 2926 588 τὸν
2981 526 3303 588 ἀποδοθέντα
3348 530 3459 610 περὶ
3511 537 3618 589 τῶν
3672 535 3823 593 θείων

457 636 630 696 quam
692 617 822 698 plus
917 636 1089 696 quam
1158 617 1508 696 perfectum,
1571 619 1899 680 secundum
1960 621 2102 682 555

459 707 770 770 rationem.
809 707 868 768 in
899 706 1111 768 divinis
1156 705 1497 766 nominibus
1527 712 1909 784 assignatam,
1947 730 2102 790 quo—

457 799 616 859 niam
631 816 698 859 ex
716 798 940 858 effectis
959 805 1162 858 auctor
1185 797 1904 876 denominatur,quamvis
1920 801 2101 861 etiam

456 906 636 968 supra
699 888 832 949 illos
888 887 986 965 sit,
1024 895 1078 947 et
1123 904 1227 965 per
1257 903 1561 947 excessum
1591 887 1933 950 nominetur
1969 890 2104 969 plus

456 997 630 1058 quam
664 977 1016 1056 lionus,plus
1047 995 1220 1054 quam
1254 977 1536 1037 essentia.
1586 975 1878 1038 Caeterum
1912 978 1984 1040 ab
2017 979 2108 1040 ef-

461 1069 716 1130 fectuum
738 1086 1059 1144 rerumque
1081 1065 1450 1145 perfectione
1471 1065 1626 1126 Deus
1651 1086 2110 1148 quoquesupra-

457 1178 631 1237 quam
669 1158 962 1237 perfectus
987 1156 1360 1233 prmdicatur:
1394 1157 1516 1234 ipse
1537 1157 1695 1216 enim
1722 1158 1812 1217 sui
1839 1163 2026 1237 ipsius
2055 1167 2112 1220 et

462 1249 598 1310 ﬁnis
622 1259 676 1308 et
703 1249 931 1308 locutus
945 1245 1522 1326 est,nihilquesupra
1547 1248 1733 1308 Deum
1761 1249 2113 1323 extenditur,

459 1338 598 1418 quin
635 1343 806 1399 ctiam
843 1337 1094 1417 ipsemet
1128 1336 1358 1396 inﬁnita
1416 1335 1646 1398 deﬁnit.
1685 1339 1829 1397 Nam
1891 1339 2110 1400 saecula

457 1447 587 1508 quae
615 1436 752 1490 sunt
780 1427 1008 1488 inﬁnita
1035 1429 1250 1507 (neque
1276 1426 1434 1487 enim
1462 1427 1640 1486 ﬁnem
1666 1425 1910 1507 habent)
1947 1428 2102 1509 ipse-

459 1527 578 1578 met
610 1518 834 1578 inﬁnita
866 1516 1272 1595 magnitudine
1305 1515 1602 1577 excedens
1638 1517 1950 1597 multiplici
1997 1537 2104 1580 sua

455 1608 753 1669 inﬁnitate
776 1607 1532 1670 complectiturzetonmem
1559 1607 1733 1666 vitam
1755 1607 2097 1670 terminiex-

461 1708 782 1778 pertern,ut
808 1699 868 1758 in
902 1697 1494 1772 intellectilihusmon
1527 1696 1688 1756 enim
1725 1696 1815 1756 his
1848 1696 1962 1758 vita
1989 1708 2103 1758 ter-

2188 623 2462 696 ὀνομάτων
2506 621 2724 698 τρόπον,
2758 618 2839 675 ὅτι
2895 618 2954 675 ἐκ
3000 621 3105 675 τῶν
3153 622 3400 677 αἰτιατῶν
3437 623 3549 697 ’μὲν
3581 624 3609 679 ὁ
3658 623 3825 690 αἴτιος

2189 711 2524 784 ὀνομάζεται,
2555 709 2697 776 πλὴν
2747 710 2833 766 καί
2861 710 2990 784 ὑπερ
3021 709 3182 765 ταῦτά
3230 711 3344 766 ἐστι
3377 711 3464 766 καὶ
3493 714 3826 792 ὕπεροχικῶς

2189 799 2398 876 λέγεται
2441 801 2790 878 ὁπερᾶγαιθος,
2839 799 3168 877 ὑπερούσιος.
3214 801 3411 856 Λοιπὸν
3455 801 3560 858 ἆπὸ
3602 811 3694 858 τοῦ
3739 805 3830 861 1'3-

2191 889 2332 945 λείου
2391 896 2495 945 τῶν
2554 890 2800 945 αἷτιατῶν
2849 895 3178 966 πριγματων
3234 891 3512 967 ὅπερτελές
3571 893 3630 948 τὸ
3687 896 3832 949 θεῖον

2194 979 2426 1054 λέγεται·
2477 980 2602 1035 αὖτὸ
2647 981 2745 1057 γὰρ
2797 977 2982 1034 ἑαυτοῦ
3025 981 3112 1036 xxi
3173 979 3293 1058 ὅρος
3351 981 3438 1037 καὶ
3480 981 3642 1044 τόπος
3697 981 3828 1062 ἐστὶ,

2194 1071 2280 1125 xxi
2347 1067 2491 1128 οὒδέν
2551 1070 2970 1146 ὑπερεκτεὲνετχι
3042 1076 3133 1126 τοῦ
3201 1076 3356 1142 Θεοῦ,
3417 1068 3550 1126 ἀλλά
3620 1073 3708 1127 xxi
3769 1073 3835 1128 τὰ

2197 1158 2385 1237 ἄπειρα
2431 1158 2584 1221 αὗτὸς
2616 1173 2864 1238 περατον
2917 1158 3035 1222 τοῦς
3086 1161 3185 1239 γὰρ
3218 1161 3412 1224 αἰῶνας
3470 1160 3712 1239 ἀπείρους
3744 1160 3834 1217 ὅν-

2196 1271 2290 1310 τας
2346 1249 2428 1320 (οὗ
2477 1249 2575 1327 γὰρ
2633 1249 2817 1328 έχουπι
2867 1246 3052 1327 πέρας)
3102 1250 3254 1312 αὒτὸς
3300 1257 3376 1324 τῷ
3432 1250 3629 1329 ἀπείρῳ
3667 1251 3834 1328 μεγέ-

2196 1341 2272 1395 θει
2332 1340 2608 1416 ὑπερέχων
2641 1345 2714 1412 τῷ
2770 1341 2950 1395 ἑαυτοῦ
3003 1338 3400 1416 ἀπειροπλασίῳ
3456 1341 3698 1421 περιέχει
3747 1342 3834 1398 xxi

2185 1435 2359 1484 πᾶσιν
2416 1428 2654 1506 ἆριστίαν
2710 1433 2878 1499 ζωῆς,
2913 1430 2984 1493 ὡς
3037 1431 3124 1484 imi
3168 1435 3274 1484 τῶν
3333 1436 3562 1498 νοητῶνο
3623 1431 3683 1488 οὔ
3736 1432 3837 1508 γάρ

2185 1518 2401 1596 ὥρισται
2459 1519 2666 1581 τούτοις
2722 1520 2748 1573 ὁ
2800 1519 2912 1594 βίος
2961 1520 3034 1580 ὡς
3088 1518 3168 1574 ἐπὶ
3205 1517 3308 1576 τῶν
3375 1519 3684 1600 ἀνθρώπων,
3720 1517 3839 1578 ἀλλ’

2186 1608 2432 1664 ἆθένατοι
2493 1608 2826 1673 ἐκτίσθησαν
2891 1611 2917 1664 ὁ
2975 1610 3104 1670 Θεὸς
3166 1609 3242 1683 τῷ
3302 1610 3632 1688 ὑπερπιωνίῳ
3690 1610 3841 1675 ἐντὸς

2222 1703 2244 1712 ε-
2315 1695 2379 1718 v‘r
2486 1697 2498 1718 9
2527 1696 2568 1719 .N
2609 1697 2619 1718 1
2889 1699 2899 1715 ο

2185 1721 2284 1764 της
2317 1717 2442 1760 tom;
2477 1717 2787 1764 αιοιοτητος
2822 1701 3070 1776 ὁριζετιν

462 1787 712 1845 minatur
739 1796 794 1842 ut
821 1788 876 1843 in
894 1785 1354 1850 bon.inibus,s«d
1383 1785 1732 1841 immortales
1757 1789 1928 1844 creati
1949 1795 2081 1844 sunt
2097 1786 2263 1843 Deus
2279 1801 2411 1842 vero
2434 1786 2491 1842 in
2517 1797 2895 1857 supereteroa
2910 1787 3135 1858 propria
3157 1787 3850 1846 aaternitateterminatur.

539 1868 644 1946 θη
681 1869 893 1933 .Aliter
949 1869 1130 1930 etiam
1194 1867 1491 1947 perfectus
1534 1867 1776 1942 dicitur,
1826 1877 2102 1949 tanquam

2268 1872 2294 1942 §
2347 1869 2415 1930 ll.
2475 1879 2570 1926 Kx:
2626 1867 2804 1932 ἄλλως
2853 1869 3058 1926 τέλειον
3105 1869 3318 1948 λέγεται
3380 1872 3467 1927 xxi
3508 1873 3582 1933 ὡς
3633 1870 3854 1937 ἆνπξές

461 1979 657 2038 neque
689 1968 894 2022 auctus
925 1978 1119 2039 neque
1148 1958 1496 2018 imminutus
1528 1979 1542 2032 ;
1580 1975 1773 2036 neque
1803 1961 1960 2020 enim
1995 1978 2106 2020 au-

459 2058 765 2130 gmentum
802 2069 911 2111 nec
945 2047 1406 2110 diminutionem
1454 2046 1890 2123 admittitquod
1924 2049 2102 2108 etiam

462 2141 846 2224 perfectionis
860 2139 1020 2201 estin
1042 2137 1282 2218 eoquod
1302 2137 1728 2216 perfectionem
1754 2138 1928 2200 habet
1960 2141 2102 2199 ltem

463 2230 600 2311 quia
625 2229 824 2290 omnia
872 2247 1002 2308 quze
1035 2227 1293 2308 perfecta
1322 2233 1458 2286 sunt
1510 2226 1736 2304 perﬁcit
1771 2228 2100 2287 secundum

463 2338 640 2382 unam
674 2320 1071 2380 incessantem
1106 2325 1163 2378 et
1194 2315 1461 2376 eamdem
1490 2315 2102 2395 elargitionem.Quod

463 2411 666 2490 itaque
699 2408 876 2471 unice
894 2416 951 2470 et
975 2427 1091 2470 non
1111 2407 1298 2468 divise
1325 2405 1623 2487 perﬁcitei
1649 2424 1764 2467 non
1791 2407 2100 2487 minuitur,

464 2501 706 2581 plenum
741 2500 855 2561 erit
885 2507 1313 2578 etsupraquam
1339 2496 1600 2576 plenum.
1637 2495 1830 2558 Unum
1866 2516 2000 2558 vero
2019 2497 2101 2557 di-

465 2592 927 2669 citur,quoniam
957 2587 1286 2650 secundum
1319 2604 1500 2647 unum
1534 2585 1676 2666 quid
1710 2586 1909 2648 omnia
1939 2586 2105 2648 unita

458 2678 1020 2754 suntcausaa,etbzec
1036 2695 1270 2738 rursum
1286 2674 1901 2737 omnibussmundum
1919 2694 2101 2736 unum

458 2768 858 2842 eminet;nihil
891 2768 1050 2829 enim
1072 2766 1232 2828 estin
1264 2763 1445 2826 rebus
1467 2765 1624 2844 quod
1653 2765 1828 2826 unius
1877 2784 1993 2826 non
2029 2766 2104 2827 sit

459 2860 760 2941 particeps
785 2858 885 2919 sed
907 2857 1057 2919 sicut
1089 2857 1287 2916 omnis
1322 2872 1604 2915 numerus
1638 2855 2102 2935 participatuni-

458 2958 660 3022 tatem,
696 2956 756 3010 et
785 2966 937 3010 unus
966 2946 1230 3007 binarius
1251 2943 1654 3020 denariusque
1686 2944 1927 3019 dicitur;
1962 2953 2020 3004 et
2051 2947 2102 3007 si

457 3041 641 3112 partis
670 3041 1038 3113 memineris,
1083 3038 1248 3099 dices
1281 3055 1455 3097 unam
1489 3035 1889 3111 dimidiam,et
1923 3055 2099 3098 unam

459 3129 718 3203 tertiam,
777 3141 834 3190 et
866 3147 1042 3189 unam
1090 3127 1406 3197 decimam,
1453 3133 1510 3187 et
1555 3125 1640 3186 sic
1681 3127 1987 3206 deinceps,
2023 3129 2104 3188 ita

2192 1961 2278 2015 xxi
2336 1960 2621 2034 ἀμείωτον·
2661 1958 2777 2014 οὔτε
2841 1961 2938 2038 γὰρ
2973 1960 3249 2038 πρόσθεσιν
3309 1959 3424 2017 (ὅτε
3453 1962 3668 2035 μείωσιν
3726 1961 3851 2018 ἔπι-

2191 2049 2428 2129 δέχεται,
2467 2049 2596 2126 ὅπερ
2655 2051 2741 2105 καὶ
2773 2051 2832 2106 τὸ
2885 2048 3086 2106 τέλειον
3119 2049 3228 2107 ἔστ’
3262 2050 3323 2105 ἂν
3380 2055 3416 2128 ᾗ
3447 2050 3650 2108 τέλειον
3698 2051 3848 2130 ἔχει’

2213 2151 2227 2164 ν
2274 2141 2287 2160 κ
2355 2138 2379 2156 ν
2753 2163 2764 2172 ,
2933 2141 2945 2156 ι
3065 2141 3073 2154 '
3305 2142 3317 2162 ι

2195 2151 2290 2198 [xxi
2349 2139 2550 2220 αλλως,
2611 2138 2693 2196 ὅτι
2755 2141 2840 2196 xxi
2895 2162 2959 2196 τα
3017 2139 3202 2197 τελειει
3247 2163 3420 2198 παντα
3478 2141 3849 2221 τελεσιουργεῖ

2187 2230 2323 2285 κατὰ
2369 2230 2491 2303 μίκν
2552 2230 2650 2297 τὴν
2712 2228 2982 2286 ἄπαυστον
3039 2231 3124 2286 xxi
3168 2232 3364 2298 τιῦτήν
3417 2233 3701 2312 χορηγίαν,
3777 2239 3847 2292 Τὸ

2189 2321 2312 2396 γοῦν
2375 2319 2582 2381 ὲνιαίως
2611 2319 2700 2375 xxi
2749 2319 2807 2374 οὒ
2839 2319 3236 2397 μεμερισμένως
3291 2319 3684 2398 τελεσιουργοῦν
3748 2325 3840 2380 xxi

2189 2407 2264 2482 μὴ
2307 2406 2688 2481 ἐλαττούμενον
2737 2406 2938 2465 τέλειον
2971 2408 3034 2464 ἂν
3087 2409 3178 2476 εἴη
3213 2410 3306 2466 xxi
3337 2397 3694 2489 ὑπερτέλειοι,
3744 2397 3840 2471 Ἕν

2187 2495 2242 2552 δὲ
2294 2496 2528 2574 λέγεται,
2565 2495 2646 2552 ὅτι
2675 2495 2792 2554 καθ’
2837 2499 2892 2554 ἓν
2921 2499 3096 2556 πάντα
3149 2500 3354 2564 ὲνιαίως
3381 2501 3505 2557 εστὶ
3535 2507 3611 2575 τῷ
3657 2501 3838 2576 αἰτίῳ,

2186 2588 2271 2642 xxi
2326 2587 2484 2642 πάλιν
2513 2587 2760 2642 ἁπάντων
2805 2586 2919 2643 καθ’
2950 2586 3005 2643 ἓν
3058 2589 3332 2669 ὑπερέχει·
3386 2589 3534 2646 οὖδὲν
3566 2593 3666 2670 γάρ
3721 2590 3838 2648 ἔστι

2185 2685 2290 2733 τῶν
2339 2678 2503 2734 ὄντων
2535 2677 2803 2758 ἀμέτοχον
2836 2677 2926 2734 τοῦ
2987 2679 3128 2752 ἐνὸς,
3164 2679 3281 2736 ἄλλ’
3314 2680 3489 2759 ὥσπερ
3521 2688 3624 2746 πᾶς
3679 2683 3841 2761 ἀριθ-

2187 2771 2286 2844 μὸς
2333 2765 2560 2844 μονάδος
2609 2767 2853 2848 μετέχει,
2889 2771 2973 2825 xxi
3032 2771 3127 2844 μία
3158 2767 3280 2835 δυὰς
3344 2773 3426 2827 xxi
3456 2769 3609 2835 δεκὰς
3668 2771 3840 2850 λεγε-

2187 2877 2292 2914 tzt.
2347 2859 2435 2915 κκὶ
2485 2860 2527 2915 εἰ
2574 2859 2759 2936 μορίου
2819 2858 3174 2933 ἐπιμνησθῆς,
3223 2862 3388 2934 ἣμισυ
3431 2861 3487 2916 ἓν
3543 2861 3708 2940 ἐρεῖς,
3750 2865 3842 2920 καὶ

2185 2949 2356 3026 τρίτον
2386 2949 2463 3028 ἓν,
2499 2950 2584 3005 xxi
2613 2947 2831 3006 δέγατον
2863 2951 2943 3022 ἓν,
2975 2951 3064 3007 xxi
3097 2949 3303 3029 ἑφεξῆς
3343 2951 3480 3008 οὕτω
3509 2953 3596 3008 xxi
3628 2950 3842 3028 πάντα,

2186 3039 2282 3095 xxi
2327 3044 2429 3094 πᾶν
2461 3039 2644 3117 μόριον
2679 3038 2908 3110 πάντων,
2942 3046 3035 3096 τοῦ
3080 3039 3194 3102 ἒνὸς
3242 3040 3485 3122 μετέχει⁸
3523 3044 3608 3098 xxi
3659 3041 3712 3099 ἐν
3763 3049 3845 3118 τῷ

2187 3130 2330 3185 εἶναι
2387 3136 2542 3185 τοῦτο
2597 3131 2658 3184 τὸ
2702 3131 2759 3184 ἒν
2808 3129 2978 3186 πάντα
3011 3129 3185 3210 ἐπὶν,
3215 3132 3394 3208 ὣσπερ
3452 3131 3506 3188 ἐν
3555 3139 3631 3206 τῷ
3690 3133 3844 3191 εἶναι

460 3219 637 3282 etiam
675 3221 892 3289 omnia,
928 3226 985 3279 et
1034 3219 1227 3278 omnis
1259 3235 1392 3296 pars
1450 3215 2103 3296 omnium,participant

2189 3221 2285 3286 τὴν
2331 3216 2536 3292 μονάδα
2593 3220 2785 3284 πάντες
2837 3219 2892 3274 οἷ’
2936 3219 3166 3297 ἀριθμοὶ,
3203 3222 3289 3276 xxi
3344 3225 3438 3279 οὐκ
3493 3222 3602 3278 ἔστι
3659 3223 3724 3279 τὸ
3788 3223 3847 3280 ἓν

461 3319 732 3384 unum;et
762 3309 874 3370 hoc
905 3310 1034 3389 ipso
1064 3327 1180 3387 quo
1201 3315 1288 3368 est
1311 3326 1490 3367 unum
1515 3305 1679 3370 illud.
1707 3307 1906 3367 omnia
1938 3316 2100 3387 sunt;

459 3406 610 3463 sicut
640 3401 749 3462 hoc
783 3401 908 3478 ipso
940 3417 1055 3478 quo
1088 3407 1175 3458 est
1208 3397 1639 3470 unitas,omnes
1669 3397 1902 3457 numeri
1941 3397 2102 3457 exsi-

456 3497 638 3563 stunt,
674 3497 730 3550 et
760 3489 872 3549 hoc
899 3505 1083 3549 unum
1110 3505 1226 3547 non
1261 3494 1350 3547 est
1380 3505 1560 3546 unum
1589 3485 2104 3549 multorum.Deus

456 3579 619 3641 enim
653 3597 808 3639 unus
833 3587 942 3649 est,
967 3577 1141 3639 sicuti
1183 3586 1236 3638 et
1293 3575 1567 3655 simplex,
1612 3587 1670 3636 et
1702 3576 2012 3656 indivisus,
2047 3585 2105 3637 et

455 3686 666 3745 expers
687 3667 1042 3729 differentiae
1065 3665 1355 3746 speciﬁcze
1369 3673 1426 3726 et
1450 3665 1523 3726 ab
1545 3665 1825 3726 omnibus
1845 3667 2105 3727 alfectio-

455 3757 628 3820 nibus
657 3763 715 3817 et
744 3755 1149 3817 accidentibus
1205 3754 1460 3816 alienus.
1520 3753 1644 3814 Hoc
1678 3754 1872 3828 ipsum
1924 3773 2102 3834 porro

455 3865 642 3909 unum
699 3846 856 3908 aliud
889 3853 1010 3906 sive
1043 3843 1232 3923 majus
1262 3844 1390 3905 sive
1431 3842 1628 3904 minus
1674 3843 1898 3921 eti‘ugit,
1956 3845 2102 3905 illud

455 3935 616 3998 enim
669 3953 849 4014 supra
881 3935 1005 3996 haec
1036 3932 1252 4006 existit,
1285 3941 1465 4008 atque
1500 3932 1756 4011 insuper
1779 3941 1840 3992 ut
1873 3934 2105 4012 print-i-

458 4028 764 4107 pium,tam
781 4025 965 4105 ipsam
991 4023 1275 4085 unitatem
1295 4039 1472 4102 quam
1493 4021 1939 4083 multitudinem
1963 4023 2101 4084 deﬁ-

456 4117 544 4180 nit
575 4135 588 4180 :
625 4118 684 4178 in
735 4117 854 4179 Deo
887 4117 1044 4179 enim
1079 4125 1218 4178 sunt
1261 4134 1470 4176 omnes
1502 4133 1653 4176 unus
1693 4123 1807 4176 tam
1834 4121 1932 4194 qui
1969 4126 2106 4178 ante

458 4208 890 4289 fueruntquam
924 4207 1024 4287 qui
1053 4206 1234 4267 futuri
1272 4215 1451 4276 sunt;
1487 4224 1602 4266 non
1641 4211 1798 4266 enim
1831 4205 1914 4266 ibi
1945 4207 2107 4268 aliud

2187 3311 2340 3364 τοῦτο
2375 3315 2477 3364 τῶν
2536 3307 2750 3365 πολλῶν
2795 3307 2870 3371 ἓν,
2909 3301 2966 3369 Ὀ
2998 3311 3095 3384 μὲν
3138 3311 3238 3388 γὰρ
3272 3311 3399 3374 Θεὸς
3430 3310 3484 3366 ἓν
3528 3310 3669 3390 ἐστι,
3704 3314 3845 3370 καθὸ

2187 3397 2384 3462 ἁπλοῦς
2435 3419 2514 3471 τε,
2549 3400 2636 3455 xxi
2693 3399 2915 3474 ἀμερὴς,
2950 3402 3037 3456 xxi
3083 3404 3178 3468 τῆς
3232 3398 3350 3456 κατ’
3390 3399 3534 3462 εἶδος
3579 3399 3841 3480 διαφορᾶς

2188 3487 2431 3565 ἄμοιρος,
2485 3490 2573 3544 xxi
2629 3489 2842 3546 πάντων
2888 3490 3216 3562 παθημάτων
3270 3493 3356 3546 xxi
3414 3488 3842 3565 συμϐεϐηκότων

2187 3577 2487 3649 ἀλλότριος.
2543 3581 2614 3637 Τὸ
2647 3577 2699 3634 δὲ
2729 3579 2919 3635 ταῦτὸν
2948 3579 3003 3634 ἓν
3033 3577 3209 3655 ἕτερον
3244 3580 3279 3648 ἢ
3317 3587 3501 3656 μεῖζον
3545 3580 3580 3648 ἢ
3613 3579 3843 3639 ἔλαττον

2187 3669 2588 3749 περιπέφευγεν·
2642 3668 2770 3746 ὑπὲρ
2801 3670 2899 3748 γὰρ
2944 3675 3107 3725 ταῠτα
3141 3669 3341 3742 ἐκεῖνο,
3376 3671 3462 3726 xxi
3493 3669 3568 3726 ἔτι
3599 3671 3672 3734 ὡς
3735 3671 3842 3750 ἀρ-

2186 3759 2268 3838 χὴ
2322 3760 2409 3814 xxi
2440 3759 2597 3814 αὐτοῦ
2639 3764 2733 3816 τοῦ
2763 3759 2878 3821 ἑνὶς
2912 3759 2998 3814 καὶ
3057 3757 3289 3828 πλήθους
3336 3759 3619 3836 ’Ἐρωτικόν
3655 3761 3709 3815 ἐν
3764 3767 3845 3836 τῷ

2191 3854 2304 3921 Θεῷ
2363 3848 2460 3926 γὰρ
2504 3849 2550 3903 οἶ
2583 3848 2776 3910 πάντες
2837 3851 2943 3925 εἷς,
2977 3849 3063 3904 xxi
3089 3851 3134 3904 oi
3196 3850 3449 3927 προόντες
3491 3851 3579 3904 καὶ
3629 3852 3676 3905 oi
3708 3849 3844 3908 €36-

2191 3953 2366 4011 μενοι⁶
2427 3937 2486 3993 οὒ
2517 3937 2616 4014 γάρ
2675 3937 2818 3993 ἐστιν
2849 3938 2964 3994 ἐκεῖ
3021 3939 3082 3994 τὸ
3113 3938 3212 4012 μὲν
3255 3937 3639 4015 παρεληλυθὸς,
3673 3941 3737 3997 τὺ
3792 3939 3848 3996 δὲ

2190 4024 2412 4106 μέλλον,
2447 4028 2506 4082 οὗ
2559 4031 2626 4103 τῇ
2671 4032 2884 4107 μετοχῇ
2927 4030 3012 4083 xxi
3045 4029 3105 4082 τὸ
3137 4027 3192 4082 ἓν
3224 4035 3376 4084 τοῦτο
3437 4028 3502 4084 τά
3537 4027 3714 4085 πολλὰ
3751 4051 3848 4085 πει

2190 4115 2426 4194 ριορίζει,
2481 4114 2624 4182 πλὴν
2668 4114 2951 4196 διλφὸρως,
3019 4117 3107 4172 xxi
3165 4117 3262 4173 οὒκ
3317 4116 3427 4172 ἔστι
3485 4115 3601 4173 καθ’
3661 4115 3850 4175 ὅντινα

2190 4208 2382 4281 τρόπον
2414 4210 2473 4266 οὗ
2503 4204 3014 4286 περιληφθήσοντπιι,
3051 4207 3116 4263 τὰ
3177 4206 3352 4264 πολλὰ
3383 4213 3459 4281 τῷ
3489 4205 3584 4262 ἔνι’
3619 4208 3690 4264 Τὸ
3742 4208 3849 4284 γὰρ

456 4297 696 4379 quidem
737 4295 1286 4378 praeteritum,aliud
1310 4313 1447 4357 vero
1471 4295 1937 4375 futurum,cujus
1962 4315 2102 4376 par-

2189 4295 2360 4352 πολλὰ
2403 4309 2522 4361 τοῖς
2570 4296 2804 4374 μέρεσιν,
2853 4297 3094 4375 ὑπάρχον
3161 4295 3431 4365 δηλονότι,
3467 4296 3522 4351 ἓν
3578 4300 3655 4368 τῷ
3702 4294 3844 4371 ὅλῳ,

456 4387 799 4465 ticipatione
829 4395 943 4447 tam
979 4403 1158 4446 unum
1193 4385 1304 4446 hoc
1357 4384 1537 4445 multa
1569 4385 1980 4459 deﬁniat,|icet
2013 4385 2103 4445 di-

2189 4390 2305 4442 οἷον
2337 4387 2396 4442 τὸ
2442 4386 2617 4460 σῶμτ
2655 4387 2741 4442 καὶ
2777 4386 2835 4440 τὸ
2866 4384 3039 4441 πολλὰ
3073 4398 3190 4450 τοῖς
3227 4383 3617 4460 συμϐεϐηκόσιν
3662 4385 3716 4440 ἓν
3768 4393 3848 4459 τῷ

457 4475 883 4554 versimode,et
908 4494 1018 4536 nec
1035 4483 1124 4536 est
1145 4474 1299 4536 ullus
1332 4472 1899 4551 modus,secundum
1923 4493 2101 4553 quem

2189 4475 2541 4550 ὑποκειμένῳ,
2618 4479 2736 4531 οἷον
2799 4477 2826 4531 ὁ
2890 4472 3182 4551 ἄνθρωπος’
3242 4478 3330 4533 xxi
3401 4477 3463 4532 τὸ
3533 4474 3706 4532 πολλὰ
3764 4484 3846 4552 τῷ

458 4564 640 4626 multa
657 4582 773 4624 non
789 4570 845 4624 in
868 4583 984 4624 uno
999 4561 1755 4642 compreliendaaturﬂuw
1775 4561 1933 4622 enim
1958 4563 2102 4624 mul-

2189 4565 2415 4644 ἆριθμῳ,
2464 4569 2580 4620 οἷον
2637 4565 2826 4642 Πέτρος
2862 4565 2957 4620 xxi
3020 4563 3250 4639 Ηιῦλος,
3307 4568 3360 4624 ἓν
3409 4573 3484 4640 τῷ
3538 4563 3694 4644 εἴδει,
3738 4565 3844 4622 ἔν-

458 4667 516 4716 ta
546 4655 683 4716 534
714 4660 852 4716 sunt
883 4653 1316 4734 partibus,sunt
1347 4671 1528 4712 unum
1562 4659 1705 4732 toto,
1738 4661 1800 4712 ut
1831 4670 2047 4732 corpus
2083 4671 2098 4728 ;

2189 4657 2392 4730 θρωπος
2447 4653 2546 4731 γὰρ
2577 4654 2663 4708 xxi
2695 4653 3007 4733 ἀμφότεροι,
3065 4652 3234 4711 Ἀλλὰ
3265 4656 3352 4711 καὶ
3382 4656 3441 4711 τὸ
3485 4653 3656 4711 πολλὰ
3709 4656 3842 4722 ταῖς

459 4764 592 4824 quae
623 4745 806 4806 multa
831 4741 1396 4807 suntaccidentibus
1412 4755 1552 4803 sunt
1582 4759 1762 4802 unum
1807 4741 2098 4822 subjecto,

2189 4741 2483 4822 δυνάμεων,
2518 4746 2636 4800 οἷον
2686 4741 2896 4821 ἄνθραξ,
2941 4748 3077 4816 φῶς,
3129 4743 3282 4820 φλὸξ,
3316 4745 3371 4800 ἓν
3418 4751 3495 4818 τῷ
3543 4742 3699 4813 εἴδει,
3733 4752 3840 4824 πῦρ

460 4843 523 4896 ut
555 4836 732 4897 homo
767 4853 782 4912 ;
816 4844 872 4897 et
905 4833 1230 4916 quaemulta
1250 4841 1385 4892 sunt
1408 4850 1680 4911 numero,
1715 4831 1869 4894 sicut
1896 4835 2103 4894 Petrus

2189 4833 2283 4910 γὰρ
2325 4833 2520 4889 πάντα·
2573 4834 2660 4890 xxi
2691 4835 2752 4889 τὸ
2795 4831 2968 4890 πολλοὶ
2998 4846 3120 4896 ταῖς
3148 4831 3390 4912 προόδοις
3425 4837 3509 4891 xxi
3553 4847 3669 4896 τοῖς
3700 4835 3840 4910 βου-

460 4935 516 4986 et
536 4924 913 5005 Paulus,sunt
945 4943 1122 4986 unum
1157 4921 1378 5004 specie,
1427 4931 1686 5002 uterque
1719 4920 1877 4981 enim
1926 4923 2102 4983 homo

2189 4923 2441 4998 λεύμασιν
2495 4923 2530 4991 ἢ
2574 4936 2691 4988 τοῖς
2740 4922 2913 5002 ἔργοις
2975 4923 3030 4978 ἓν
3075 4929 3150 4996 τῷ
3197 4925 3369 4998 αἰτίῳ·
3413 4927 3493 4989 εἷς
3536 4924 3635 5002 γὰρ
3679 4923 3730 4990 ἐξ
3777 4926 3844 4980 οὗ

458 5023 570 5076 est.
596 5013 736 5086 Quae
757 5033 929 5095 porro
963 5014 1140 5076 etiam
1179 5012 1358 5074 multa
1390 5027 1525 5074 sum
1559 5009 1898 5090 virtutibus,
1939 5011 2103 5072 verbi

2189 5011 2536 5090 exposui"
2610 5011 2784 5048 ο
2935 5011 3195 5067 nec"
3363 5020 3387 5030 ο
3470 5012 3497 5068 δ
3671 5014 3822 5034 “·

2505 5037 2540 5081 η
2571 5036 2636 5071 τα
2682 5034 2952 5095 εργιηκαι
2984 5037 3042 5071 ο)
3077 5035 3129 5068 ..ν
3178 5035 3289 5068 εστι
3322 5036 3426 5071 των
3501 5035 3636 5069 ντων
3669 5037 3696 5070 o
3755 5037 3840 5087 μη

457 5103 868 5184 gratia,carbo,
901 5103 1024 5176 lux,
1064 5105 1322 5182 ﬂamma,
1355 5111 1492 5163 sunt
1523 5119 1702 5162 unum
1737 5099 2108 5178 forma;ignis

457 5194 617 5254 enim
651 5192 887 5253 omnia:
925 5199 982 5252 et
1023 5211 1154 5272 quae
1209 5194 1390 5253 multa
1419 5202 1555 5253 sunt
1589 5189 2100 5270 processionibus,

459 5294 516 5344 et
547 5281 814 5344 consiliis
844 5281 932 5342 vel
967 5281 1274 5360 operibus,
1308 5289 1446 5342 sunt
1481 5299 1663 5341 unum
1711 5297 1917 5359 causa,
1952 5298 2106 5341 unus

459 5380 620 5435 enim
649 5390 715 5434 ex
746 5391 860 5452 quo
887 5369 1137 5433 consilia
1160 5369 1250 5430 vel
1281 5388 1483 5450 opera,
1520 5379 1578 5430 et
1610 5369 1759 5429 nihil
1791 5381 1884 5430 est
1914 5369 1974 5429 in
2006 5388 2108 5430 re-

2189 5104 2409 5182 μετέχει
2443 5125 2519 5168 πη
2541 5109 2635 5159 τοῦ
2668 5102 2805 5163 ἑνός’
2835 5086 2928 5158 Ἓν
2951 5100 3094 5179 λέγω
3125 5104 3186 5158 τὸ
3215 5100 3422 5159 ἐνιαῖον
3447 5103 3597 5176 αὖτὸ,
3631 5101 3842 5167 οὗτινος

2190 5191 2360 5248 πάντα
2409 5191 2722 5271 μετέχουσι,
2755 5192 2816 5246 τὸ
2874 5190 2928 5245 ἐν
2960 5197 3036 5264 τῷ
3065 5192 3200 5246 κατὰ
3251 5191 3423 5247 πάντα
3451 5191 3538 5247 xxi
3570 5189 3843 5257 ὁλοπλῶς

2193 5280 2350 5353 ἐνικῷ
2375 5279 2792 5359 προαυνειληφὸς
2826 5280 2997 5336 πάνυ
3031 5281 3116 5336 xxi
3160 5278 3283 5359 ὅλα,
3313 5280 3485 5337 πάντα
3527 5280 3614 5336 xxi
3646 5281 3711 5336 τὰ
3740 5282 3844 5337 ἀν-

2191 5370 2484 5445 τικείμενα.
2523 5371 2641 5430 HJ);
2667 5377 2790 5447 γοῦν
2823 5368 3206 5448 προσυνεὲληφε
3229 5370 3294 5424 τὰ
3317 5370 3486 5428 πάντα
3506 5370 3567 5425 τὸ
3600 5373 3678 5445 ἓν,
3706 5371 3846 5436 μετᾶ

460 5462 570 5522 bus
618 5448 779 5542 quod
823 5480 938 5522 non
985 5460 1182 5540 aliquo
1235 5448 1409 5520 modo
1442 5458 1734 5539 particeps
1787 5458 1861 5518 sit
1906 5459 2103 5519 unius.

2190 5467 2348 5516 tobtx
2408 5458 2754 5539 λεχθήσεται,
2794 5458 2881 5514 ὅτε
2933 5448 3414 5537 προεπινοούμενον
3473 5457 3729 5525 ἀποδείξει
3780 5463 3846 5516 τὸ

459 5551 648 5615 Unum
668 5552 800 5613 dico
833 5549 1166 5631 illud,quod
1197 5556 1395 5609 omnia
1429 5547 1972 5628 participant,quod
2005 5565 2103 5608 se-

2191 5549 2268 5610 ἕν.
2333 5548 2496 5604 Ἀλλὰ
2530 5549 2700 5604 πέντε
2732 5546 3002 5625 λέγονται,
3039 5547 3163 5603 δτιν
3209 5550 3280 5611 ὡς
3315 5547 3437 5614 εἴδη
3467 5549 3555 5604 xxi
3585 5548 3723 5626 μέρη
3751 5549 3846 5604 xxi

460 5643 717 5703 cundum
750 5643 948 5703 omnia
973 5642 1312 5718 etintregre
1328 5640 1550 5698 unitate
1571 5656 1676 5696 sua
1707 5637 1904 5696 omnia
1929 5637 2101 5696 etiam

2189 5637 2426 5717 διαφοραὶ
2459 5645 2550 5694 τοῦ
2593 5639 2707 5700 ἐνὸς
2739 5634 3137 5711 λαμϐάνωνται*
3175 5636 3297 5693 ὅλον
3329 5636 3404 5710 δὲ,
3445 5639 3571 5693 ὅταν
3605 5640 3666 5693 τὰ
3698 5639 3840 5714 μέρη

458 5731 812 5808 tota,omnia
834 5737 953 5794 etia
979 5749 1014 5790 ri
1039 5724 2103 5808 contrariacomple-:tilur.Quoznodo

2189 5728 2554 5806 συλλεγιτμενε
2599 5726 2654 5782 ’ἓν
2685 5725 2978 5806 ὁλόκληρον
3012 5726 3367 5813 ἀποτελῶσιν,
3400 5728 3518 5784 οἷον
3566 5729 3654 5788 xxi
3684 5729 3743 5790 τὸ
3774 5727 3844 5786 ἂν
