4134 6156
484 324 593 405 991

1668 326 1728 405 S.
1776 338 2126 406 DIONYSII
2169 337 2675 409 AREOPAGITIE

3736 338 3851 414 992

483 477 595 542 etsi
615 481 789 544 Pater
804 474 1145 562 singillatim
1179 478 1426 545 etsimul
1457 477 1635 544 verba
1666 478 2105 544 collocarit.Ne‘

2201 474 2313 535 ἔστι
2371 486 2526 540 τοῦτο
2581 479 2709 560 ὅπερ
2752 479 2915 561 ἐστῖν,
2975 477 3143 562 (οὕτω
3200 479 3299 563 γὰρ
3358 480 3672 546 συντακτὲον
3736 475 3851 544 καθ’

481 589 597 650 que
625 571 1245 653 quidquamreperies.
1272 572 1428 654 quod
1462 591 1579 633 non
1613 572 1673 633 in
1706 590 1823 633 uno
1853 574 2027 633 etiam
2047 572 2094 632 si

2202 567 2546 645 61rep6itov')
2613 572 2699 627 καὶ
2758 569 3074 651 τελειοῦται,
3127 576 3215 631 καὶ
3272 574 3612 654 διασώζεται,
3676 576 3793 633 καθ’
3825 567 3853 624 δ

479 658 542 720 id
573 661 729 741 quod
760 672 849 723 est
877 664 985 733 (sic
1015 662 1173 725 enim
1208 680 1315 745 per
1335 661 1698 744 hyperbaton
1721 662 1986 724 construi
2006 661 2118 724 de-

480 746 611 828 bet)
641 759 700 814 et
755 752 1116 833 perﬁciatur,
1153 760 1213 814 et
1267 758 1672 832 conservetur,
1736 751 1795 812 in
1828 759 2116 831 quantum

477 858 659 903 unum
690 851 753 904 et
781 842 1052 904 divinitas
1067 841 1825 922 superessentialiter,‘sicut
1855 839 2116 902 etiamin

475 930 610 993 aliis
642 932 1000 994 nominatur.
1030 932 1155 994 Non
1188 931 1459 993 absolute
1489 950 1628 993 vero
1654 931 1818 992 omni
1850 950 1989 1011 uno,
2011 948 2113 992 se-

476 1022 735 1083 cundum
768 1022 923 1103 quod
956 1025 1110 1084 Deus
1132 1040 1282 1084 linus
1310 1029 1367 1083 et
1389 1041 1569 1082 unum
1601 1020 2115 1099 nuncupaturglioc

476 1109 641 1171 enim
674 1130 792 1173 uno
820 1112 947 1174 solo
977 1131 1074 1174 res
1102 1113 1413 1187 exsistunt,
1452 1119 1511 1174 et
1537 1119 1769 1192 opertet
1798 1113 1973 1171 etiam
2006 1129 2114 1171 nos

477 1199 703 1263 idcirco
737 1219 771 1262 a
809 1202 1029 1275 multis,
1090 1202 1264 1263 etiam
1298 1201 1501 1263 divisis
1552 1198 2015 1281 cognitionibus,
2039 1198 2111 1261 ad

474 1306 685 1370 unum,
716 1290 876 1367 quod
928 1292 1194 1352 omnium
1245 1309 1421 1352 causa
1479 1299 1589 1371 est,
1653 1290 1918 1352 converti
1955 1289 2113 1368 quod

472 1379 648 1442 etiam
692 1388 829 1442 ante
869 1399 1047 1443 omne
1078 1399 1259 1442 unum
1313 1389 1420 1455 est,
1446 1381 1677 1444 scilicet
1704 1387 1840 1441 ante
1871 1397 2109 1441 omnem

472 1481 768 1550 naturam,
798 1479 856 1532 et
882 1479 1019 1531 ante
1068 1490 1307 1533 omnem
1367 1470 1835 1543 multitudinem,
1884 1470 2116 1530 scilicet

472 1577 709 1621 omnem
729 1559 1223 1637 singillatim;hoc
1247 1560 1407 1621 enim
1434 1579 1616 1621 unum
1636 1577 1828 1636 neque
1846 1578 2110 1639 parvum,

2202 657 2257 712 ἕν
2285 661 2372 716 καὶ
2416 661 2448 727 ἡ
2506 659 2693 727 θεότης
2750 662 3098 737 ὑπερουσιως,
3145 666 3215 727 ὡς
3267 667 3352 723 καὶ
3383 669 3441 722 ἒν
3489 680 3608 728 τοῖς
3663 665 3848 730 ἄλλοις

2201 749 2538 822 ὀνομάζεται,
2602 754 2709 809 Οὔκ
2737 750 3014 819 ἀπολύτως
3060 752 3115 810 δὲ
3171 757 3324 814 παντὶ
3356 758 3453 830 ἐνὶ,
3491 746 3634 814 καίν’
3660 758 3691 812 ὃ
3724 758 3851 822 Θεὸς

2201 839 2286 903 εἷς
2316 838 2404 896 καί
2433 838 2488 896 ἓν
2525 841 2837 915 ονομάζεται
2874 861 2889 876 ⁶
2946 847 3121 920 τούτῳ
3169 847 3269 925 γὰρ
3327 849 3475 922 μὸνίρ
3534 854 3610 920 τῷ
3666 847 3755 903 ἐνί
3789 847 3852 903 τὰ

2198 928 2323 986 ὂντα
2356 929 2487 1004 ἐστὶ,
2516 935 2614 1011 χαι
2656 933 2766 1011 χρὴ
2811 934 2899 989 ναὶ
2932 937 3072 1009 ἡμᾶς
3105 936 3188 993 διὰ
3222 937 3381 1007 τοῦτο,
3407 938 3513 994 ἆπξ)
3569 936 3674 994 τῶν
3709 935 3848 996 πολ-

2197 1018 2304 1074 λῶν
2365 1021 2449 1075 οιαὶ
2483 1018 2877 1095 ἐσκεδασμένων
2907 1028 3155 1100 γνώσεων
3199 1027 3282 1083 ἐπῖ
3326 1029 3387 1084 τὸ
3427 1028 3501 1084 πά
3516 1050 3639 1084 ιτων
3672 1039 3850 1083 αἴτιον

2197 1107 2251 1164 ἓν
2284 1108 2676 1188 ἐπιστρέφεται,
2736 1111 2865 1188 ὅπερ
2941 1114 3054 1171 ἐστὶ
3126 1118 3212 1173 καὶ
3257 1118 3359 1195 πρὸ
3435 1118 3632 1183 παντὸς
3705 1120 3847 1189 ἑνὸς,

2197 1196 2444 1264 δηλονότι
2492 1210 2588 1274 πρὸ
2620 1200 2796 1267 πάσης
2826 1204 3054 1282 φύσεως,
3095 1208 3180 1262 οιαὶ
3227 1208 3328 1284 πρὸ
3359 1208 3557 1270 παντὸς
3584 1206 3847 1278 πλήθους,

2196 1284 2439 1354 δηλονοτι
2488 1291 2686 1355 παντὸς
2744 1299 2834 1349 τοῦ
2890 1296 3008 1350 καθ’
3070 1294 3293 1352 ἕκαστον
3329 1314 3345 1329 ·
3378 1305 3532 1354 τοῦτο
3572 1296 3673 1375 γὰρ
3704 1297 3769 1353 τὸ
3798 1295 3848 1351 ’ἐν

2197 1375 2315 1433 οὕτε
2347 1379 2532 1457 μικρὸν
2593 1378 2709 1436 οὕτε
2759 1380 2971 1461 μέτριον
3002 1383 3272 1448 καλεῖται,
3310 1387 3367 1443 Εἰ
3396 1384 3449 1441 δὲ
3493 1384 3576 1442 δεῖ
3604 1387 3695 1442 καὶ
3724 1383 3852 1443 το)-

2198 1468 2391 1545 μῆσαι,
2434 1468 2550 1524 οὔτε
2582 1470 2744 1527 καλὸν
2775 1472 2892 1529 οὔτε
2939 1473 3130 1551 ἀγαθον
3169 1494 3184 1512 ⁸
3216 1483 3381 1532 ταῦτα
3412 1476 3512 1554 γὰρ
3540 1476 3686 1543 πάθη
3735 1496 3851 1537 πως

2198 1556 2319 1613 οἷον
2352 1559 2452 1614 εἰσι
2485 1561 2571 1616 καὶ
2601 1562 2841 1641 σχέσεις,
2901 1565 2986 1619 καὶ
3018 1562 3416 1638 συμϐεϐηκὸτα,
3444 1566 3570 1621 αὒτὸ
3604 1564 3658 1622 δὲ
3689 1567 3754 1621 τὸ
3798 1565 3851 1621 ’έν

469 1666 666 1729 neque
697 1649 1002 1712 mediocre
1029 1648 1460 1723 vocatur.Quin
1485 1649 1743 1730 etiam,si
1769 1649 2105 1711 audendum

2196 1647 2283 1703 καὶ
2326 1647 2455 1721 ὑπὲρ
2488 1655 2646 1706 ταῦτα
2694 1664 2918 1707 νοεῖται·
2962 1654 3026 1709 τὰ
3074 1652 3128 1709 δὲ
3187 1656 3356 1728 πάθη,
3415 1657 3488 1719 ὡς
3533 1659 3594 1712 τὸ
3658 1657 3851 1732 μικρὸν

466 1737 768 1820 sit,neque
799 1739 1334 1819 pulchrum,neque
1356 1739 1604 1802 bonum:
1636 1740 1760 1800 haec
1792 1738 1951 1800 enim
1972 1758 2105 1820 quo.

2196 1736 2291 1792 καὶ
2353 1739 2415 1794 τὸ
2474 1737 2707 1816 μέτριον,
2764 1743 2851 1797 καὶ
2910 1742 3001 1798 σύν
3060 1742 3238 1804 ἄλλοις
3298 1751 3563 1804 νοοῦνται.
3628 1746 3702 1803 Τὸ
3765 1750 3854 1801 οῦν

463 1827 783 1891 dammodo
804 1831 1149 1893 aﬁ‘ectiones
1179 1838 1337 1909 sunt,
1373 1838 1432 1891 ct
1458 1828 1925 1897 babitudines,et
1950 1828 2105 1891 acci-

2198 1824 2395 1884 ἁπλοῦν
2425 1828 2512 1883 καὶ
2541 1829 2738 1893 ἀπαθὲς
2784 1829 2835 1885 ἔν
2894 1833 3010 1888 οὒτε
3064 1835 3136 1897 ὡς
3195 1833 3343 1912 γένος
3393 1833 3571 1890 θετέον
3612 1839 3725 1889 τῶν
3756 1833 3851 1890 ὅν-

466 1917 887 2001 dentia,ipsum
913 1939 1051 1983 vero
1082 1921 1194 1982 hoc
1239 1940 1425 1982 unum
1452 1920 1630 1983 etiam
1653 1938 1833 1999 supra
1867 1921 1994 1982 haec
2016 1920 2105 1980 in-

2197 1917 2325 1992 τῶν,
2360 1917 2447 1989 (τὰ
2478 1918 2575 1995 γὰρ
2636 1919 2763 1996 γένη
2796 1917 3113 1992 διαιροῦνται
3156 1924 3228 1986 εἰς
3261 1925 3325 1980 τὰ
3348 1922 3522 1998 εἶδτμ)
3551 1922 3674 1980 οὔτε
3707 1946 3856 2002 στιγ-

463 2009 774 2088 telligitur;
807 2011 1150 2075 aﬁectiones
1179 2029 1344 2083 vero,
1367 2018 1428 2072 ut
1457 2028 1696 2090 parvum
1729 2010 1871 2070 556
1901 2016 1958 2070 et
1983 2027 2105 2070 me-

2198 2006 2327 2084 μὴν,
2390 2005 2507 2062 οὔτε
2563 2007 2763 2080 μονάδα
2816 2012 3028 2085 κυρίως,
3088 2013 3278 2091 σχέσιν
3330 2015 3429 2092 γὰρ
3510 2013 3630 2094 ἔχει
3687 2014 3854 2071 ταῦτα

462 2099 689 2175 diocre,
726 2102 901 2163 etiam
923 2119 1058 2163 cum
1091 2100 1243 2176 aliis,
1266 2119 1369 2161 seu
1404 2100 1817 2179 dependenter
1850 2098 1922 2160 ab
1953 2099 2105 2169 aliis,

2196 2098 2324 2172 πρὸς
2355 2095 2421 2151 τά
2477 2095 2686 2177 ἐφεξῆς’
2723 2101 2783 2155 τὸ
2848 2100 2901 2155 δὲ
2935 2100 3075 2157 ἐστιν
3118 2101 3499 2162 ἅπλούστατον.
3539 2096 3697 2161 Ἀλλε
3732 2103 3851 2161 οῧτε

460 2188 945 2267 intelliguuntur.
968 2191 1122 2268 Ergo
1154 2209 1337 2252 unum
1370 2190 1517 2251 illud
1541 2189 1789 2270 simplex
1821 2197 1877 2251 et
1903 2207 2105 2267 expers

2198 2183 2254 2241 ὅν
2287 2185 2461 2245 θετέον
2492 2190 2618 2246 αὐτὸ
2648 2191 2707 2246 τὸ
2739 2188 2814 2264 ἔν,
2858 2189 2978 2247 ἀλλ’
3013 2192 3189 2272 ἀρχὴν
3222 2191 3410 2248 ὄντων·
3446 2196 3535 2249 καὶ
3563 2196 3626 2249 τὸ
3658 2194 3719 2249 ὅν
3753 2197 3853 2272 γὰρ

460 2280 1057 2362 aﬁ'ectionum,neque
1070 2287 1341 2361 tanquam
1356 2298 1541 2359 genus
1554 2298 1755 2341 rerum
1774 2279 2105 2360 ponendum

2201 2274 2350 2332 οὖσία
2374 2276 2533 2355 ἐστὶν,
2588 2280 2693 2337 ἀπὸ
2744 2287 2838 2337 τοῦ
2868 2293 3031 2338 εῖναι·
3062 2285 3089 2338 6
3116 2282 3171 2338 δὲ
3207 2283 3335 2345 Θεὸς
3393 2283 3733 2360 ὑπερούσιος,
3767 2285 3855 2340 καὶ

468 2370 717 2453 (genera
747 2371 907 2434 enim
939 2370 1183 2434 omnino
1205 2369 1548 2432 dividuntur
1566 2370 1627 2432 in
1648 2370 1902 2450 species)
1922 2386 2105 2451 neque

2199 2366 2327 2444 ὑπὲρ
2356 2369 2417 2425 τὸ
2464 2367 2544 2448 ὅν,
2579 2368 2661 2426 διὰ
2698 2377 2853 2428 τοῦτο
2896 2372 2981 2427 καὶ
3028 2371 3157 2449 ὑπὲρ
3188 2373 3263 2429 πά
3277 2393 3361 2427 ιτα
3396 2371 3537 2450 ὅρον.
3597 2374 3689 2430 καὶ
3721 2373 3853 2447 ὑπὲρ

463 2469 770 2542 punctum,
824 2480 1016 2542 neque
1077 2461 1316 2541 proprie
1345 2478 1575 2533 monas,
1624 2460 1724 2521 illa
1765 2460 1926 2521 enim
1963 2479 2105 2521 cou-

2200 2459 2388 2514 πᾶσαν¹
2422 2459 2688 2537 ἀοριστίαν
2746 2459 2877 2533 ἐστὶ,
2915 2463 3003 2517 καὶ
3033 2463 3160 2519 «ora
3213 2463 3274 2518 τὸ
3324 2465 3469 2518 εἶναι
3529 2463 3717 2538 ὁρίζει,
3766 2462 3856 2519 καὶ

457 2549 774 2612 nexionem
807 2550 1026 2612 habent
1054 2568 1189 2612 cum
1219 2549 1630 2630 sequentibus;
1654 2549 1764 2611 boc
1795 2559 1992 2612 autem
2018 2557 2105 2611 est

2198 2547 2376 2604 αἴτιόν
2406 2547 2546 2604 ἐστιν
2594 2548 2778 2613 ἑνικῶς
2843 2548 3090 2617 δηλονοτι
3146 2550 3422 2630 ἐξαιρέτως
3488 2553 3577 2608 καὶ
3633 2552 3854 2626 ἀμιμή-

460 2638 1117 2719 simplicissimum.Sed
1149 2657 1346 2720 neque
1368 2638 1513 2701 illud
1541 2658 1720 2700 unum
1746 2639 2104 2719 ensaliqund

2190 2659 2319 2714 τως,
2351 2640 2438 2694 καὶ
2469 2639 2681 2694 πάντων
2709 2645 2815 2695 τῶν
2845 2638 3035 2712 ὅντων,
3068 2642 3156 2697 καὶ
3187 2639 3326 2697 ὅλων
3356 2640 3594 2719 πᾶντων,
3646 2640 3852 2708 δηλον-

458 2728 832 2791 statuendum
862 2740 978 2802 est,
1002 2728 1109 2791 sed
1133 2729 1359 2790 entium
1386 2728 1774 2808 principium,
1822 2728 2103 2808 quoniam

457 2816 521 2881 id
550 2818 706 2899 quod
729 2821 1104 2898 est,essentia
1135 2826 1245 2892 est,
1279 2837 1313 2879 a
1342 2817 1520 2879 verbo
1543 2835 1698 2891 esse,
1718 2817 1875 2879 Deus
1906 2826 2105 2880 autem

458 2908 983 2986 supraessentialis
1008 2916 1186 2988 est,et
1217 2925 1398 2987 supra
1418 2907 1474 2967 id
1507 2907 1662 2988 quod
1692 2914 1780 2968 est
1802 2908 2106 2989 ;quocirca

460 2996 640 3060 etiam
670 3015 850 3078 supra
891 3015 1131 3062 omnem
1163 2997 1509 3071 terminum,
1567 3005 1630 3059 et
1657 3014 1836 3077 supra
1866 3015 2105 3058 omnem

457 3086 809 3150 inﬁnitatem
842 3087 1092 3167 exsistit,
1129 3095 1186 3148 et
1209 3087 1353 3149 illud
1389 3086 1585 3166 ipsum
1619 3104 1750 3147 esse
1774 3085 1999 3161 deﬁnit,
2051 3094 2108 3147 et

2191 2727 2270 2783 ὁτι
2303 2725 2613 2805 ὁλοκλήρων
2647 2749 2657 2759 ·
2714 2729 2803 2784 καὶ
2835 2727 2945 2805 ἃμα
3001 2740 3089 2785 καὶ
3118 2732 3221 2807 πρὸ
3266 2731 3502 2809 πὰντων,
3535 2732 3624 2787 καὶ
3683 2732 3852 2809 ὑπὲρ·

2191 2816 2365 2874 πάντα
2392 2818 2464 2879 ὡς
2499 2812 2697 2889 αἴτιον.
2733 2819 2820 2885 Μὴ
2878 2826 3002 2896 γοῦν
3033 2817 3155 2895 δόξῃ
3183 2820 3315 2875 τισὶν
3353 2819 3584 2876 ἐναντίον
3638 2821 3705 2876 τὸ
3738 2819 3855 2895 ἅμα

2194 2906 2317 2981 πρὸς
2362 2921 2428 2961 τα
2473 2908 2615 2982 παρὰ
2660 2929 2758 2973 της
2788 2908 2929 2974 θείας
2976 2911 3189 2990 Γραφῆς
3219 2907 3494 2984 εἰρημένα,
3528 2909 3610 2966 ὅτι
3666 2909 3723 2965 ὲν
3756 2917 3856 2985 μιᾷ

2188 2997 2387 3073 ἑκάστῃ
2445 2995 2622 3074 ἡμέρᾳ
2680 2998 2796 3054 τὸδε
2856 3021 2906 3055 τι
2965 2997 3353 3075 ἐδημιούργησε
3398 3001 3484 3055 καὶ
3515 3001 3849 3066 ὕπὲστησεν.

2188 3084 2328 3160 Ἀμα
2358 3085 2504 3156 εἶπε,
2544 3088 2680 3143 κατὰ
2734 3087 2834 3155 τὴν
2891 3097 2983 3147 τοῦ
3042 3090 3274 3155 ποιητοῦ
3301 3086 3514 3161 δύναμιν
3545 3108 3560 3124 ο
3592 3088 3691 3157 ἡδύ
3709 3110 3855 3145 νατο

456 3174 637 3239 unice
666 3196 846 3240 causa
877 3176 1053 3257 est;id
1088 3186 1178 3239 est
1207 3175 1544 3237 eminenter
1565 3186 1623 3236 et
1647 3175 2098 3250 inimitabiliter,

2190 3177 2288 3253 γὰρ
2316 3176 2404 3232 καὶ
2434 3178 2488 3230 ὲν
2539 3176 2785 3255 ἆκαριαίᾳ
2815 3184 2998 3251 καιροῦ
3047 3179 3185 3255 ῥοπῇι
3256 3179 3323 3234 τὰ
3358 3178 3533 3234 πάντα
3566 3180 3855 3248 συστήσα-

458 3272 575 3327 tam
608 3266 874 3327 omnium
908 3284 1110 3328 rerum
1141 3284 1319 3343 quam
1355 3272 1611 3327 totorum
1646 3266 2097 3335 omnium,scili-

457 3364 552 3418 cet
572 3357 930 3435 integrorum
970 3375 986 3431 ;
1021 3366 1079 3418 et
1099 3355 1274 3417 simul
1309 3355 1483 3416 etiam
1508 3363 1648 3416 ante
1671 3355 1872 3416 omnia
1894 3362 1954 3418 et
1990 3374 2097 3417 su-

458 3462 566 3526 pra
593 3446 792 3507 omnia
820 3453 1096 3526 tanquam
1144 3462 1340 3507 causa.
1381 3442 1467 3505 Ne
1496 3448 1696 3524 itaque
1726 3443 1872 3504 illud
1918 3443 2102 3507 simul

456 3534 813 3611 quibusdam
847 3534 1208 3597 contrarium
1250 3533 1520 3595 videatur
1558 3533 1632 3594 iis
1664 3552 1798 3610 quas
1829 3552 1863 3595 a
1898 3533 2103 3595 divina

456 3623 763 3704 Scriptura
784 3625 942 3688 dicta
971 3623 1291 3704 sunt,quod
1318 3624 1581 3705 qualibet
1608 3624 1703 3685 die
1725 3623 1838 3685 hoc
1867 3628 1928 3686 et
1954 3622 2101 3684 illud

456 3721 746 3778 creaverit
766 3722 825 3777 et
846 3713 1425 3794 produxeritSimul
1452 3712 1966 3788 dixit,secundum
1991 3713 2097 3773 vir-

457 3811 643 3867 tutem
678 3804 984 3885 creatoris;
1035 3812 1264 3884 poterat
1311 3804 1493 3865 etiam
1526 3803 1586 3864 in
1615 3811 1916 3864 momento
1947 3810 2102 3863 tem-

454 3892 617 3975 poris
629 3893 829 3956 omnia
845 3892 1710 3975 producerequemadmodum
1726 3910 1968 3971 quoque
1985 3909 2108 3953 ma-

455 3981 1156 4065 gnusChrysostomusde
1172 3984 1279 4044 hac
1310 4000 1376 4044 re
1405 3982 1689 4043 sentit.Et
1718 3981 2107 4062 supraipsum

457 4091 640 4135 unum
673 4074 828 4136 Deus
872 4082 985 4152 est,
1031 4082 1095 4135 ut
1123 4073 1230 4153 qui
1280 4091 1461 4154 supra
1514 4072 1729 4135 omnia
1773 4072 2020 4145 eminet,
2055 4079 2113 4133 et

454 4181 632 4226 omne
675 4182 783 4226 ens
840 4164 985 4245 quid
1034 4181 1218 4225 unum
1239 4162 1498 4237 deﬁnit;
1537 4181 1673 4223 nam
1730 4161 1793 4224 id
1818 4161 1974 4242 quod
2024 4168 2113 4222 est

2189 3269 2328 3339 σθαι,
2380 3267 2556 3330 καθὼς
2592 3267 2682 3322 καὶ
2742 3268 2769 3322 6
2827 3266 2994 3343 μέγας
3080 3264 3427 3340 διαλαμϐάνει
3484 3271 3601 3339 περὶ
3663 3271 3857 3325 τούτου

2185 3357 2592 3433 Χρυσόστομος.
2639 3354 2742 3417 Καὶ
2778 3356 2907 3435 ὑπὲρ
2952 3356 3075 3412 avi-td
3137 3357 3191 3412 ἓν
3250 3357 3277 3412 6
3368 3359 3522 3436 Θεὸς,
3604 3360 3683 3421 ὡς
3764 3363 3857 3416 καὶ

2184 3445 2356 3502 πάντα
2397 3446 2699 3525 ὒπερέχων,
2752 3447 2861 3517 καὶ,
2894 3452 2998 3502 πᾶν
3049 3448 3109 3503 τὸ
3141 3445 3200 3501 ὅν
3233 3444 3286 3500 ’έν
3327 3448 3506 3524 ὁρίζει·
3563 3448 3626 3503 τὸ
3658 3448 3763 3526 γὰρ
3793 3447 3855 3504 ’ὃν

2188 3533 2239 3591 ἕν
2284 3535 2504 3615 ἀριθμοῦ
2534 3533 2767 3603 δήλωσιν
2811 3535 2929 3616 ἔχει
2980 3535 3065 3593 ἐπὶ
3096 3556 3241 3597 τινας
3273 3533 3441 3600 ὅντως
3493 3538 3848 3613 ταττόμενον,

2188 3617 2441 3682 Ἐπὶτὼν
2494 3625 2661 3682 ὅντων
2704 3626 2900 3702 τοίνῦν,
2958 3625 3196 3682 τουτέστι
3250 3630 3357 3683 τῶν
3415 3629 3762 3702 “torrium;
3792 3630 3855 3683 τὸ

2188 3714 2240 3770 ἔν
2295 3715 2587 3790 τιθέμενον,
2648 3717 2786 3772 xxvii
2838 3715 3058 3793 ἀριθμοῦ
3120 3714 3326 3775 ἔννοιαν
3359 3718 3577 3772 τίθετκιο
3613 3718 3708 3773 καὶ
3768 3715 3855 3773 διὰ

2187 3814 2341 3863 τοῦτο
2399 3807 2460 3861 τὸ
2518 3804 2573 3863 ὄν
2660 3805 2937 3884 ἐνάριθμον
2996 3805 3161 3885 λέγει,
3228 3805 3475 3874 δηλονότι
3520 3806 3582 3862 τὸ
3647 3808 3701 3862 ἐν
3763 3809 3854 3864 καὶ

2190 3897 2492 3952 ὑποπϊπτον
2569 3904 2647 3971 τῷ
2704 3897 2907 3975 ἀριθμῷ
2978 3895 3031 3952 ἕν
3090 3897 3229 3953 ἐστιν
3285 3894 3854 3971 ἀντιδιαστελλόμενον

2192 3986 2322 4063 πρὸς
2362 3986 2425 4041 τὸ.
2454 3984 2543 4043 δύο
2592 3986 2628 4053 ἦ
2670 3987 2736 4041 τὰ
2777 3987 2914 4063 τρία.
2949 3985 3008 4043 Ὀ
3065 3984 3120 4041 δὲ
3149 3995 3389 4049 τοιοῦτος
3433 3985 3657 4063 ἀριθμὸς
3705 3988 3852 4042 παν-

2192 4096 2297 4140 τως
2340 4075 2515 4139 οὐσίας
2549 4075 2769 4155 μετέχει
2826 4075 2991 4140 τινός·
3055 4084 3114 4131 τὸ
3168 4074 3221 4131 δὲ
3265 4076 3578 4153 ὕπερούσιον
3617 4073 3673 4131 ἒν
3724 4073 3848 4132 καθ’

2193 4166 2320 4221 αδτὸ
2363 4166 2449 4221 καὶ
2477 4163 2841 4222 ἁπλούστατον
2895 4163 3030 4227 ἐστι,
3092 4166 3406 4241 Θαυμασίως
3461 4171 3550 4220 οῦν
3596 4165 3665 4223 τὰ
3720 4163 3851 4244 περὲ

2885 3675 2900 3707 3

453 4272 665 4335 unum,
711 4255 946 4316 numeri
978 4253 1516 4317 manifestationem
1551 4252 1895 4327 babet,cum
1927 4250 2105 4315 alicui

2211 4266 2313 4311 )ι.-›
2348 4281 2372 4311 ν
2436 4254 2881 4333 φυσιολογήσας,
2950 4254 3163 4333 ἐπάγει,
3219 4254 3326 4327 ὅτι,
3388 4254 3485 4311 κᾶν
3530 4256 3620 4311 καὶ
3679 4256 3851 4330 μονὰς

452 4343 539 4406 rei
561 4344 899 4425 apponitur.
948 4342 1106 4425 Ergo
1135 4361 1317 4405 unum
1351 4342 1411 4403 in
1430 4341 1634 4423 rebus,
1660 4341 1721 4402 id
1754 4351 1843 4403 est
1861 4351 2100 4403 creatu-

2190 4345 2280 4402 κᾶν
2338 4345 2485 4423 τριὰς
2546 4347 2769 4419 ὑμνοϊτο
2799 4346 2835 4412 ἡ
2861 4344 2989 4423 ὑπὲρ
3032 4344 3203 4401 πάντα
3242 4344 3463 4417 θεότης,
3527 4344 3643 4402 οὔτε
3677 4346 3849 4420 μονὰς

448 4433 555 4514 ris,
591 4434 874 4514 positum,
894 4433 1225 4496 secundum
1259 4432 1492 4494 numeri
1523 4431 1817 4493 rationem
1836 4433 2096 4511 ponitur;

2190 4434 2274 4492 ἴτε
2307 4435 2490 4510 μονὰς,
2530 4436 2649 4491 οὒτε
2680 4435 2826 4512 τριὰς
2885 4431 2975 4490 ἅτε
3034 4435 3182 4515 τριάς
3212 4433 3378 4514 ἐστιν,
3413 4432 3451 4501 ἥ
3495 4432 3621 4511 παρ’
3685 4436 3851 4508 ἡμῶν

451 4529 511 4586 et
538 4521 764 4585 idcirco
797 4524 952 4605 quod
987 4540 1169 4585 unum
1225 4530 1337 4597 est,
1370 4521 1444 4582 ad
1478 4537 1795 4583 numerum
1831 4529 2100 4601 spectare

2190 4522 2249 4580 δι’
2312 4523 2545 4601 ἀριθμῶν
2599 4521 2966 4600 γνωριζομένη
3010 4522 3045 4591 ἢ
3115 4521 3238 4602 παρ’
3301 4521 3505 4603 ἑτέρου,
3553 4520 3677 4578 ἀλλ’
3710 4522 3854 4599 ὑπὲρ

450 4611 744 4695 dicit,sive
769 4613 825 4674 id
839 4612 996 4693 quod
1019 4611 1131 4674 sub
1154 4629 1468 4710 numerum
1494 4610 1866 4710 (indinuuum
1890 4619 1978 4671 est
1994 4629 2102 4692 per

2190 4613 2357 4674 πάντα
2386 4619 2505 4670 νοῦν
2534 4614 2622 4669 καὶ
2666 4612 2777 4667 ἔστι
2809 4613 2895 4668 καὶ
2952 4612 3269 4689 ὀνομάζεται
3301 4615 3329 4668 6
3390 4614 3547 4674 Θεὸς·
3604 4610 3691 4667 διὰ
3744 4614 3849 4690 γὰρ

450 4703 885 4785 appositionem
901 4703 1153 4763 duorum
1180 4700 1269 4762 vel
1290 4698 1661 4763 trium.Talis
1679 4709 1874 4761 autem
1896 4719 2099 4761 nume-

2190 4709 2274 4759 τοῦ
2304 4704 2475 4758 εἰπεῖν
2521 4702 2651 4779 ὅπερ
2698 4702 2793 4757 οὑκ
2849 4700 2980 4781 ἔστι,
3029 4708 3248 4775 νοοῦμεν
3305 4701 3333 4757 ὅ
3366 4724 3415 4757 τι
3459 4701 3610 4757 ἐστιν
3651 4702 3681 4757 6
3711 4701 3848 4764 Θεὸς

449 4810 553 4854 rus
583 4793 828 4854 omnino
859 4792 1115 4871 aliquam
1147 4789 1539 4852 substantiam
1577 4789 2102 4869 participat;unum

450 4888 645 4943 autem
669 4878 1241 4962 supersubstantiale
1260 4879 1589 4942 secundum
1615 4898 1679 4939 se
1711 4897 1948 4958 quoque
1961 4879 2101 4939 sim-

452 4970 841 5050 plicissimum
874 4970 1693 5048 exsistit.Mirabiliteritaque
1716 4985 2101 5029 numerorum

452 5066 721 5122 naturam
752 5063 1118 5141 investigans
1150 5060 1372 5141 subdit,
1406 5059 1943 5138 divinitatem,qna3
1965 5076 2098 5119 om-

452 5149 553 5211 nia
610 5159 867 5229 superat,
929 5150 1063 5212 sive
1120 5170 1332 5213 monas
1388 5151 1514 5213 sive
1545 5148 1688 5210 trias
1720 5146 2097 5228 praedicetur,

451 5256 649 5315 neque
701 5239 1012 5300 mouadem
1067 5259 1181 5320 qua
1245 5241 1584 5319 monadem,
1621 5256 1817 5319 neque
1846 5238 2098 5303 triadem

452 5346 568 5410 qua
616 5327 891 5401 triadem,
977 5346 1172 5409 neque
1244 5348 1278 5391 a
1323 5330 1518 5408 nobis,
1569 5347 1768 5409 neque
1846 5327 1920 5390 ab
1967 5330 2101 5391 aliis

452 5436 560 5498 per
587 5435 868 5479 numeros
901 5420 1318 5495 cognoscised
1342 5437 1528 5499 supra
1559 5436 1798 5479 omnem
1831 5428 2100 5480 mentem

451 5514 511 5568 et
531 5524 664 5568 esse
690 5514 747 5567 et
771 5507 1066 5568 nominari
1097 5509 1305 5569 Deum:
1338 5506 1599 5568 dicendo
1622 5508 1779 5567 enim
1805 5508 1957 5588 qund
1985 5526 2101 5568 non

452 5603 565 5668 est,
600 5595 990 5674 intelligimus
1022 5596 1164 5676 quid
1198 5597 1275 5658 sit
1302 5595 1577 5661 Deus.Ne
1607 5597 1782 5673 igitur
1812 5597 2101 5676 simplici-

459 5700 551 5758 ter
576 5684 781 5746 audias
810 5686 981 5773 illud,
1016 5704 1211 5769 neque
1243 5706 1451 5749 monas
1496 5704 1689 5770 neque
1722 5684 1997 5771 trias,sed
2031 5686 2103 5749 il-

2186 4792 2274 4858 Μὴ
2303 4792 2474 4849 τοίνυν
2505 4790 2686 4855 ἁπλῶς
2717 4792 2800 4871 τὸ,
2865 4792 2973 4847 Οὔκ
3020 4791 3129 4847 ἔστι
3175 4790 3341 4866 μονὰς
3401 4789 3435 4857 ἥ
3493 4790 3662 4868 τριὰς,
3724 4788 3850 4854 ἑξα-

2183 4881 2405 4961 κοῦσης,
2456 4880 2593 4938 ἀλλὰ
2628 4881 2759 4958 πρὸς
2811 4886 2878 4951 τῇ
2939 4878 3302 4956 διεγνωσμέντ,
3354 4878 3601 4944 σύνταξον
3646 4880 3710 4935 τὸ
3746 4880 3844 4936 οῦκ

2184 4970 2349 5027 ἔστιν’
2412 4972 2471 5030 οὔ
2525 4972 2625 5048 γὰρ
2682 4968 2891 5027 ἀθελεῐν
2949 4971 3013 5026 τὰ
3068 4970 3166 5035 τῆς
3223 4970 3476 5036 τοιαύτης
3519 4967 3841 5046 ὁμολογίας,

2182 5061 2318 5117 ἀλλὰ
2360 5063 2420 5118 τὸ
2454 5060 2852 5140 ἀνεξιχνίαστον
2884 5062 2911 5115 6
2961 5060 3122 5134 λόγος
3177 5057 3426 5136 βούλεται
3483 5055 3711 5123 διδάξαι.
3772 5060 3845 5116 Τὸ

2184 5154 2309 5228 γοῦν
2364 5150 2774 5229 ὑπερηνωμὲνον
2834 5151 2964 5228 φησὶ
3023 5147 3304 5215 δηλοῦσθαι
3362 5150 3424 5204 ὲκ
3486 5152 3587 5214 τῆς
3631 5148 3847 5222 ὀνομα-

2184 5243 2295 5303 σίας
2352 5240 2449 5308 τῆς
2501 5237 2753 5316 μονάδος,
2812 5240 2873 5295 τὸ
2929 5235 2985 5295 δὲ
3034 5239 3279 5317 θεόγονον
3310 5236 3370 5295 ἐκ
3413 5236 3509 5304 τῆς
3545 5237 3842 5311 ὀνομασίας

2182 5331 2281 5399 τῆς
2312 5329 2539 5407 τριάδος·
2574 5329 2664 5385 ἵνα
2714 5330 2815 5407 γὰρ
2846 5333 3094 5403 παραστῇ
3136 5334 3244 5383 τῶν
3287 5324 3669 5395 ἆνεκλαλήτων
3701 5327 3842 5383 ὓπο-

2183 5421 2419 5478 στάσεων
2447 5424 2483 5490 ἡ
2516 5421 2851 5495 προσκυνητή
2884 5417 3161 5497 ἔκφανσῖς,
3198 5419 3226 5473 6
3270 5416 3487 5495 ἀριθμὸς
3535 5416 3835 5495 ἐπενοήθη,

2185 5510 2317 5566 καθά
2372 5511 2458 5565 καὶ
2516 5508 2786 5574 Βισίλειος
2834 5510 2921 5564 καὶ
2980 5509 3272 5585 Γρηγὸριος
3334 5508 3381 5562 οἰ
3423 5509 3561 5563 θεῖοι
3595 5504 3845 5584 λέγουσι.

2188 5597 2412 5673 Γόνιμον
2467 5596 2521 5654 δέ
2591 5601 2681 5656 τὸν
2716 5598 2920 5676 Πατέρα
2975 5596 3275 5677 ὠνόμασεν,
3330 5594 3421 5652 ἅτε
3474 5601 3846 5673 προσκυνητοῦ

2198 5689 2316 5748 Γὶοὗ
2361 5689 2593 5773 Πατέρα,
2654 5691 2741 5747 καὶ
2797 5695 2888 5751 τοῦ
2943 5693 3413 5769 συμπροσκυνητοῦ
3473 5684 3613 5764 αὒτῷ
3673 5684 3841 5744 1]νεῦ-
