4134 6156
278 388 395 467 993

722 406 819 468 DE
863 396 1159 472 DIVINIS
1199 404 1653 480 NOMINIBUS,
1700 394 1861 467 CAP.
1912 395 2079 466 XIII.
2125 435 2203 446 —
2247 400 2630 465 PARAPHR.
2681 394 3198 466 PACHYMERE.

3531 392 3649 468 994

276 562 442 615 ματος
474 542 658 618 πηγήν
714 544 802 597 καί
851 542 1029 622 ἀρχὴν
1078 545 1166 599 καὶ
1210 544 1400 605 αἰτίαν,
1451 541 1749 617 Γονιμότης
1784 536 1839 595 δὲ
1881 539 1915 605 ἦ

2009 534 2101 596 lud
2131 554 2144 596 :
2179 533 2316 596 Non
2347 536 2436 593 est
2464 537 2745 591 construe
2795 548 2928 591 cum
2973 530 3338 611 διεγκωσμέιῃ
3372 550 3478 596 seu
3510 551 3652 595 voce

279 631 490 700 ἐνόνης,
579 629 757 704 ἕτερόν
780 653 828 686 τι
856 633 1024 706 ὸνομα
1051 635 1155 688 τῶι
1187 631 1632 710 συνεγνωσμὶνων
1652 632 1687 698 ἢ
1718 626 1923 707 ἀνθρώ-

276 742 422 798 ποις,
457 720 493 787 ἢ
522 721 607 776 καὶ
639 722 827 783 αὐταῖς
852 735 975 784 ταῖς
1006 735 1230 788 νοηταῖς
1262 719 1569 796 δυνάμεσιν,
1605 723 1698 778 οὐχ
1727 716 1788 773 ἂν
1820 739 1926 773 πα-

277 807 559 887 ραστάσειε
594 810 799 885 τρανῶς
831 811 898 866 τὰ
950 810 1021 873 ὥς
1053 812 1183 866 εἰσιν
1227 811 1287 866 ἐκ
1318 811 1530 868 πάντων
1586 809 1928 886 ὀποκεκρυμ-

276 898 411 972 μένα
458 905 552 955 τοῦ
584 906 735 956 Θεοῦ,
798 906 919 963 Πῶς
970 901 1068 978 γὰρ
1100 897 1315 958 δυνατὸν
1345 898 1601 974 ὀνομάσαι
1633 898 1737 955 ἀπό
1786 919 1928 959 τινος

272 994 382 1043 τῶν
428 987 595 1044 ὄντων
653 989 745 1044 τὸν
804 991 959 1069 Θεὸν,
995 987 1161 1063 μηδὲν
1214 996 1319 1045 τῶν
1362 990 1573 1045 πάντων
1633 987 1781 1065 ὄντα,
1844 988 1928 1043 καὶ

274 1076 404 1149 ὅπερ
459 1077 525 1132 τὰ
555 1077 728 1132 πάντα
788 1076 914 1134 ὄντα
947 1098 962 1159 ς
1000 1076 1106 1139 Καὶ
1153 1080 1201 1134 τὶ
1249 1078 1391 1157 λέγω
1434 1079 1554 1157 περὶ
1584 1084 1691 1135 τῶν
1750 1076 1928 1133 ἄλλων

274 1163 575 1239 ὀνομάτων,
639 1166 771 1226 ὃπου
845 1167 941 1223 καί
1019 1169 1147 1225 αὐτὸ
1228 1168 1290 1224 τὰ
1366 1168 1685 1224 σεπτότατον
1757 1165 1926 1240 ὄνομα

269 1256 307 1321 ἡ
369 1254 636 1331 ἀγαθοτης
695 1256 787 1312 οὐκ
845 1258 1045 1315 οἰκεῖον
1106 1258 1297 1337 κυρίως
1330 1264 1500 1333 Θεῷ;
1553 1259 1600 1313 οἱ
1654 1256 1754 1333 γὰρ
1801 1259 1926 1310 θεο-

272 1341 426 1419 λόγοι
486 1343 569 1401 διὰ
621 1348 681 1402 τὸ
731 1344 869 1409 ὅλως
930 1360 1075 1403 νοεῖν
1120 1370 1169 1403 τι
1227 1346 1315 1402 καί
1369 1346 1544 1423 λέγειν
1601 1348 1719 1423 περὶ
1770 1346 1921 1424 Θεοῦ,

272 1437 354 1505 τῷ
398 1435 517 1511 περί
546 1437 703 1490 αὐτὸν
734 1438 880 1509 πόθῳ
936 1437 1317 1515 κατεχόμενοι,
1346 1438 1406 1491 τὸ
1438 1440 1535 1502 τῆς
1598 1435 1927 1511 ἀγαθότητος

275 1522 445 1596 ὄνομα
478 1522 737 1581 ἐπέϐαλον
771 1527 844 1600 τῷ
875 1534 1012 1599 Θεῷ,
1046 1526 1184 1582 ἀλλὰ
1243 1526 1431 1604 κυρίως
1466 1527 1555 1582 καὶ
1602 1524 1924 1602 ὑπεράγαθός

275 1614 389 1669 ἐστι
446 1615 534 1668 καί
589 1615 897 1689 ὑπερούσιος
957 1619 984 1671 ὁ
1045 1618 1198 1679 Θεός,
1257 1618 1320 1672 Αἱ
1379 1615 1433 1671 δὲ
1462 1616 1777 1694 ἀποφάσεις,
1810 1612 1929 1681 ἤτοι

277 1703 525 1781 ἀρνήσεις
554 1707 645 1760 καὶ
690 1707 989 1785 στερήσεις,
1022 1706 1109 1762 ἐπί
1149 1706 1277 1762 Θεοῦ
1327 1706 1421 1763 οὐκ
1452 1705 1635 1769 ἁπλῶς
1687 1704 1930 1781 εἴρηνται

278 1805 397 1853 τοῖς
448 1792 746 1870 θεολόγοις·
808 1798 868 1854 οὔ
927 1796 1026 1873 γὰρ
1081 1799 1155 1859 ὡς
1212 1794 1457 1873 λέγονται
1501 1796 1761 1867 νοοῦνται,
1811 1791 1931 1848 ἀλλ’

277 1881 823 1960 ὕπεραναϐεϐηκότως
883 1887 1217 1962 θεωροῦνται,
1280 1888 1352 1943 Τὸ
1381 1886 1481 1963 γὰρ
1527 1885 1811 1957 ἀθάνατος,
1844 1884 1929 1939 καὶ

178 2021 189 2032 ,
278 1970 527 2050 ἀόρατος,
580 1975 667 2027 καὶ
716 1972 989 2053 ἀνενδεὴς,
1039 1975 1124 2030 καί
1168 1975 1231 2029 τὰ
1288 1981 1527 2045 τοιαῦτα,
1560 1973 1656 2027 οὖιι
1704 1969 1787 2044 ἄν,
1823 1993 1929 2043 τις,

283 2062 471 2140 σοφίας
529 2061 803 2141 μετέχων,
858 2061 1258 2139 δημωδέστερον
1301 2060 1588 2140 ἀπολάϐοι,
1642 2059 1778 2116 ἀλλὰ
1826 2065 1931 2115 τῶν

272 2148 614 2225 δηλουμένων
673 2152 1032 2227 ἐξιστάμενος,
1098 2153 1189 2209 ἐπὶ
1258 2153 1351 2216 τὰς
1413 2150 1776 2230 σεσιγημένας
1844 2152 1929 2206 καί

274 2241 540 2317 θειοτέρας
599 2243 798 2305 ἑννοίας
824 2241 1151 2298 ἀνανεύσειε’
1201 2241 1281 2298 διὸ
1342 2242 1428 2298 καὶ
1471 2243 1667 2307 νοητὰς
1726 2244 1926 2296 θεωνυ-

276 2331 404 2403 μίας
458 2328 645 2408 sepsit}:
676 2330 855 2393 καλῶς
915 2333 1079 2395 αὐτὰς
1111 2332 1511 2409 προσαγορεύει.
1577 2328 1926 2403 Ἐξισταμένη

276 2419 380 2496 γὰρ
435 2419 469 2486 ἡ
501 2421 656 2496 ψυχὴ
711 2425 817 2474 τῶν
847 2426 1169 2494 σωματικῶν
1221 2420 1443 2476 ἀπασῶν
1503 2420 1795 2488 αἰσθήσεων
1841 2418 1928 2472 καὶ

277 2508 577 2587 κοσμικῶν,
614 2508 828 2586 (ταύτας
887 2510 989 2586 γὰρ
1019 2510 1316 2588 συμφύλους
1375 2506 1584 2588 φησίν⁶)
1620 2506 1756 2564 οὕτω
1806 2528 1928 2562 σον-

279 2597 512 2652 ἀπτεται
565 2603 641 2671 τῷ
688 2597 969 2675 ἀκραιφνεῖ
1025 2604 1123 2665 τῆς
1180 2598 1428 2676 γνώσεως
1478 2605 1571 2654 τοὺ
1615 2599 1767 2670 Θεοῦ,
1813 2594 1933 2653 καθ’

279 2688 406 2743 ὅσον
452 2683 667 2743 δυνατόν
698 2691 839 2743 εστιν
868 2688 1166 2764 ἀνθρωπίνῃ
1223 2689 1399 2767 φύσει,
1431 2689 1505 2752 ὡς
1558 2687 1644 2743 καὶ
1675 2686 1723 2742 δ’
1790 2687 1934 2741 Λπό-

281 2774 475 2838 στολος
549 2777 854 2853 αἰνίττεται,
915 2776 1109 2855 λέγων·
1182 2778 1288 2838 Καὶ
1345 2776 1482 2835 οὕτω
1555 2777 1781 2834 πάντοτε
1841 2775 1930 2831 σὺν

279 2864 457 2943 Κυρίῳ
524 2863 772 2939 ἐσόμεθα·
835 2866 923 2921 καὶ
998 2864 1151 2923 πέλιν
1210 2875 1313 2925 Νῦν
1380 2867 1455 2929 ὡς
1521 2864 1577 2921 ἐν
1660 2865 1930 2943 αἰνίγματι

279 2956 369 3011 καὶ
430 2954 486 3009 ὲν
541 2953 783 3032 ἐσόπτρῳ
852 2956 1082 3033 ὁρῶμεν,
1136 2955 1258 3012 τότε
1315 2952 1370 3010 δὲ
1428 2956 1713 3034 πρόσωπον
1798 2955 1929 3031 πρὸς

281 3043 573 3122 πρόσωπον
605 3043 865 3117 ὀψόμεθα.

2007 625 2272 703 cognita,
2300 638 2500 682 sermo
2525 619 2682 681 enim
2707 638 2824 681 non
2851 620 2971 681 vult
2996 623 3399 684 condemnare
3421 641 3555 704 qua:
3577 624 3654 686 ita

2014 732 2121 791 pro
2139 712 2413 775 confesso
2431 708 2749 780 habentur,
2773 710 2873 770 sed
2905 712 3089 772 Deum
3116 730 3247 773 esse
3271 712 3653 791 ininvestiga—

2011 802 2195 866 bilem
2223 802 2419 864 docet.
2455 799 2606 862 Illud
2630 798 2863 878 itaque:
2895 799 3091 879 Supra
3112 817 3294 881 quam
3312 803 3549 864 unitum
3573 804 3655 864 ait

2012 890 2334 972 signiﬁcari
2365 908 2437 951 ex
2469 888 2712 950 nomine
2742 888 2880 949 557
2916 888 3182 970 unitatis,
3218 890 3477 952 divinam
3511 909 3651 955 vero

2012 980 2436 1042 fecunditatem
2487 996 2556 1039 ex
2603 977 2845 1039 nomine
2875 978 3194 1054 trinitatis;
3228 987 3292 1041 ut
3341 981 3502 1042 enim
3543 982 3653 1045 ad-

2010 1071 2238 1133 oranda
2267 1067 2656 1130 ineﬂ‘abilium
2690 1085 3085 1149 personarum
3120 1067 3516 1132 manifestatio
3546 1090 3650 1133 re-

2011 1167 2492 1240 praesentaretur,
2528 1176 2814 1220 numerus
2838 1158 3197 1236 excogitatas
3217 1167 3328 1235 est,
3355 1159 3511 1222 sicut
3533 1161 3656 1224 divi

2008 1248 2263 1312 Basilius
2285 1256 2345 1311 et
2370 1246 2693 1327 Gregorius
2723 1247 2909 1309 aiunt.
2946 1246 3181 1310 Patrem
3205 1262 3404 1310 autem
3438 1250 3651 1313 fecun-

2010 1339 2149 1400 dum
2174 1338 2507 1419 appellavit,
2529 1348 2804 1418 tanquam
2827 1337 3118 1399 adorandi
3135 1338 3266 1399 Filii
3294 1342 3650 1417 genitorem,

2009 1438 2071 1490 et
2102 1428 2275 1490 simul
2300 1447 2434 1489 cum
2457 1432 2583 1508 ipso
2600 1426 2888 1489 adorandi
2919 1425 3172 1507 Spiritus
3188 1428 3378 1490 sancti
3402 1430 3652 1512 fontem,

2011 1537 2080 1580 ac
2114 1518 2470 1598 principium
2512 1524 2572 1578 et
2598 1534 2861 1579 causam.
2899 1516 3252 1578 Fecunditas
3283 1527 3481 1580 autem
3517 1520 3658 1581 uni-

2015 1617 2193 1680 tasve,
2249 1614 2355 1670 aut
2403 1607 2561 1669 aliud
2610 1605 2855 1685 aliquod
2908 1624 3147 1681 nomen,
3182 1607 3527 1671 hominibus
3556 1618 3658 1672 aut

2015 1700 2191 1760 etiam
2256 1697 2524 1778 ipsismet
2568 1694 3018 1757 intellectilibus
3068 1695 3384 1758 virtutibus
3418 1702 3652 1772 notum,

2016 1805 2137 1847 non
2188 1793 2387 1867 posset
2433 1785 2593 1847 clare
2634 1784 2919 1846 exhibere
2966 1784 3070 1846 Dei
3100 1784 3450 1847 abscondita
3483 1795 3658 1865 prout

1958 1917 1993 1966 Β
2015 1882 2177 1939 sunt.
2208 1874 2518 1949 Quomodo
2570 1874 2728 1935 enim
2781 1876 2957 1955 Deus,
2993 1873 3097 1954 qui
3130 1874 3276 1936 nihil
3307 1893 3509 1937 rerum
3541 1884 3654 1958 est,

2015 1965 2119 2027 sed
2156 1983 2337 2044 supra
2357 1982 2451 2026 res
2481 1983 2714 2043 omnes,
2731 1982 2803 2025 ex
2824 1982 2888 2025 re
2910 1964 3109 2044 aliqua
3134 1983 3351 2026 nomen
3374 1965 3657 2047 accipere

2016 2054 2231 2134 possit?
2250 2054 2315 2114 Et
2338 2052 2477 2133 quid
2502 2052 2637 2113 dico
2661 2052 2735 2113 de
2758 2053 2887 2114 aliis
2912 2052 3279 2134 nominibus,
3309 2073 3444 2115 cum
3475 2054 3653 2117 etiam

2014 2146 2333 2225 ipsummet
2364 2142 2845 2221 augustissimum
2872 2161 3088 2204 nomen
3122 2142 3402 2205 bonitatis
3431 2164 3547 2207 non
3577 2144 3656 2207 sit

2016 2233 2254 2314 proprie
2274 2231 2395 2294 Deo
2431 2232 2733 2312 pr0prium
2757 2238 2785 2295 ?
2814 2231 3096 2311 Theologi
3124 2233 3309 2314 enim,
3338 2241 3401 2295 ut
3426 2233 3653 2312 aliquid

2010 2322 2256 2384 omnino
2278 2322 2678 2400 intelligerent
2695 2330 2756 2383 et
2778 2320 2853 2383 de
2875 2321 2999 2383 Deo
3022 2323 3314 2403 dicerent,
3344 2322 3534 2403 ipsius
3555 2324 3657 2386 deo

2011 2411 2233 2474 siderio
2255 2411 2768 2491 correpti,nomen
2785 2411 3064 2474 bonitatis
3083 2414 3202 2474 Deo
3217 2414 3292 2473 im
3305 2422 3654 2495 posuerunt,

2012 2502 2282 2582 quamvis
2315 2500 2554 2581 proprie
2583 2499 2740 2563 Deus
2766 2500 2844 2562 sit
2872 2518 3054 2580 supra
3078 2501 3423 2574 bonitatem,
3458 2515 3520 2565 et
3550 2520 3658 2564 su-

2016 2608 2121 2671 pra
2168 2590 2513 2652 essentiam.
2560 2590 2886 2669 Ἀποφάσεις
2935 2607 3097 2657 vero.
3152 2590 3275 2653 sive
3308 2590 3660 2669 negationes

2015 2690 2077 2742 et
2109 2679 2490 2761 privationes,
2522 2678 2584 2741 in
2615 2678 2738 2741 Deo
2769 2697 2886 2740 non
2914 2679 3270 2760 simpliciter
3298 2698 3329 2742 a
3364 2680 3659 2761 theologis

2013 2769 2335 2848 dicuntur;
2369 2787 2489 2831 non
2522 2768 2680 2831 enim
2712 2769 2864 2831 sicut
2891 2768 3173 2830 dicuntur
3202 2770 3283 2831 ita
3307 2769 3655 2850 intelligun-

2015 2867 2130 2937 tur,
2146 2859 2251 2921 sed
2278 2858 2453 2921 modo
2477 2857 2980 2921 transcendentali
3002 2858 3481 2922 considerantur.
3503 2861 3655 2926 Nam

2018 2950 2096 3010 im
2108 2947 2463 3024 mortalis,et
2487 2946 2829 3015 invisibilis.
2856 2954 2913 3009 et
2935 2947 3159 3010 nullius
3186 2949 3449 3030 indigus,
3479 2957 3538 3012 et
3561 2950 3651 3013 si-

2013 3038 2195 3119 milia,
2218 3057 2414 3119 nemo,
2446 3037 2545 3119 qui
2577 3056 2822 3118 compos
2854 3039 2929 3099 sit
2958 3038 3287 3119 sapientiae,
3322 3040 3497 3102 modo
3532 3040 3659 3102 vul-

278 3131 404 3209 gari
458 3131 735 3211 accipiet,
763 3132 867 3193 sed
919 3150 953 3192 a
981 3132 1162 3194 rebus
1194 3151 1328 3209 quae
1386 3132 1794 3212 significantur
1843 3128 2159 3202 recedens,
2189 3128 2260 3189 ad
2295 3130 2501 3191 tacitas
2550 3128 2963 3191 etdiviniores
3015 3128 3426 3207 cogitationes,
3460 3131 3653 3193 susci-

277 3222 399 3302 piet
432 3239 447 3296 ;
489 3233 727 3301 propter
759 3222 914 3303 quod
947 3223 1121 3283 etiam
1156 3222 1520 3284 intellectilis
1568 3221 1674 3283 Dei
1707 3220 2226 3283 denominationes
2255 3218 2537 3297 deinceps
2568 3232 2731 3279 recte
2763 3224 2918 3298 ipsas
2947 3219 3228 3299 appellat.
3263 3220 3412 3282 Nam
3456 3220 3656 3282 anima

275 3311 375 3372 ubi
408 3313 717 3391 carporeis
749 3311 1025 3372 omnibus
1058 3313 1330 3374 sensibus
1364 3321 1424 3373 et
1457 3311 1637 3373 rebus
1689 3310 2005 3371 mundanis
2035 3327 2101 3369 se
2147 3308 2435 3369 abdicarit
2470 3309 2601 3374 (has
2628 3308 2786 3368 enim
2816 3308 3143 3369 familiares
3175 3309 3389 3389 vocat),
3426 3317 3653 3371 tantum

276 3402 617 3480 purissima)
647 3401 751 3462 Dei
791 3402 1135 3481 cognitioni,
1172 3411 1453 3481 quantum
1489 3410 1713 3461 natura:
1739 3401 2014 3461 humanae
2070 3398 2239 3469 licet,
2275 3398 2678 3477 ronjungitur,
2712 3397 2864 3459 sicut
2892 3396 3210 3478 Apostolus
3251 3398 3532 3474 insinuat,
3567 3398 3659 3459 di.

272 3508 452 3553 cens:
494 3490 575 3552 Et
614 3497 702 3553 sic
730 3509 965 3571 semper
992 3509 1125 3552 cum
1164 3491 1418 3552 Domino
1448 3492 1682 3552 erimus
1710 3504 1737 3534 ιι
1768 3511 1782 3561 ;
1818 3498 1876 3550 et
1903 3488 2117 3551 iterum
2153 3505 2166 3549 :
2249 3485 2531 3549 Videmus
2564 3504 2725 3548 nunc
2776 3504 2884 3566 per
2910 3485 3220 3568 speculum
3254 3496 3309 3549 et
3341 3487 3409 3549 in
3457 3490 3655 3570 anig-

270 3588 449 3661 mate,
495 3590 637 3641 tunc
660 3589 857 3643 autem
887 3582 1047 3659 facie
1091 3580 1172 3642 ad
1199 3581 1433 3659 ﬂiciem
1482 3580 1819 3641 videbimus
1847 3592 1893 3641 ο.

344 3669 372 3749 §
426 3667 536 3733 Ν.
599 3673 801 3735 Ταύτας
861 3673 1022 3744 ἡμεῖς
1083 3672 1177 3734 τὰς
1231 3673 1425 3738 νοητὰς
1488 3672 1800 3745 θεωνυμίας.
1846 3671 1917 3731 ὡς

2084 3668 2113 3747 §
2145 3665 2236 3728 IV.
2272 3666 2408 3728 Haec
2441 3685 2547 3727 nos
2579 3665 2778 3727 divina
2800 3670 3060 3747 nomina,
3095 3665 3287 3747 quoad
3316 3666 3505 3740 licuit,
3544 3686 3654 3731 ex-

266 3760 512 3840 ὲφικτὸν,
546 3761 932 3835 ἀνεπτὺξαμεν,
964 3759 1209 3827 δηλονότι
1258 3763 1361 3840 οὐχ
1390 3759 1757 3839 ὑψηλοτέρως,
1791 3758 1924 3815 ἀλλὰ

2013 3757 2348 3838 plicuimus,
2372 3755 2651 3817 videlicet
2684 3775 2802 3817 non
2829 3756 3165 3833 sublimius,
3197 3756 3301 3818 sed
3326 3758 3653 3821 secundum

267 3851 407 3906 γατὰ
482 3852 549 3906 τὸ
622 3851 841 3929 γράμμα
898 3848 1309 3926 ἀποδεδώκαμεν
1376 3849 1787 3929 ταπεινοτέρως,
1849 3850 1926 3925 μὴ

274 3940 432 4015 μόνον
491 3945 599 3996 τῶν
628 3940 895 4019 ἀγγέλων,
931 3942 958 3997 ὁ
1006 3941 1107 4019 γὰρ
1154 3942 1355 3998 τούτων
1383 3940 1688 4006 κατώτατος
1736 3940 1926 4015 μείζων

275 4031 482 4087 πάντων
549 4032 654 4086 τνῦν
687 4031 739 4085 ἐν
769 4037 836 4106 τῇ
894 4030 1190 4103 Ἐιικλησίᾳ
1218 4032 1482 4109 θεολόγων
1527 4032 1657 4087 ἐστί’
1720 4031 1797 4105 μὴ
1828 4029 1898 4105 μό

278 4143 362 4176 νον
421 4122 528 4178 τῶν
584 4119 874 4197 θεολόγων.
930 4123 1003 4176 ὧν
1061 4142 1117 4176 τε
1176 4120 1482 4178 συνοπαδῶν
1541 4120 1709 4198 λέγει,
1770 4121 1924 4176 οἱονεί

279 4214 555 4285 μαθητῶν,
589 4211 677 4265 καὶ
728 4212 801 4263 ὧν
848 4209 1119 4284 ἀσκητῶν,
1156 4208 1401 4275 δηλονότι
1435 4210 1539 4266 τῶν
1590 4213 1683 4275 τὰς
1724 4208 1917 4283 ὲλλάμυ

281 4304 396 4374 ψεις
454 4302 551 4365 τὰς
583 4300 721 4360 θείας
781 4299 1129 4373 κτησαμένων
1160 4296 1225 4353 δι’
1278 4299 1583 4369 ἀσκήσεως,
1616 4299 1705 4355 καί
1736 4300 1795 4355 0")
1852 4295 1918 4354 δι’

280 4390 532 4465 ὁράσεως,
568 4390 704 4445 κατὰ
730 4389 846 4454 τοὺς
877 4388 1226 4453 ἀποστόλους·
1262 4389 1339 4462 μὴ
1386 4389 1548 4463 μόνον
1580 4394 1707 4465 γοῦν
1743 4387 1920 4468 ἐσχά-

275 4500 375 4545 τως
431 4480 523 4537 καὶ
555 4478 940 4555 ταπεινοτέρως
996 4478 1198 4535 τούτων
1255 4476 1503 4556 εἴπομεν,
1538 4476 1672 4533 ἀλλὰ
1706 4480 1793 4533 καί
1823 4481 1922 4535 αὖ·

275 4574 375 4623 τῶι
424 4577 530 4626 τῶν
562 4572 845 4647 ὁμοταγῶν
884 4570 1043 4643 ἡμῖν.
1080 4573 1253 4625 Ταῦτα
1308 4566 1362 4622 δὲ
1395 4569 1483 4624 καὶ
1543 4567 1608 4623 τὰ
1665 4566 1787 4632 ἑξῆς
1819 4588 1924 4641 με-

274 4659 494 4735 τριάζων
553 4661 896 4739 ἀφιοπρεπῶς
934 4661 962 4714 ὁ
1018 4659 1197 4734 πατήρ
1241 4681 1426 4737 φησιν,
1482 4655 1694 4731 "acts,
1726 4658 1769 4713 εἰ
1829 4655 1925 4731 μέν

274 4767 413 4812 τινος
471 4749 1015 4827 κατεστοχασάμεθα,
1051 4747 1211 4826 χάρις
1242 4753 1318 4820 τῷ
1376 4746 1525 4818 αἰτίῳ
1555 4752 1658 4802 τῶν
1715 4766 1926 4802 παντων

276 4835 478 4912 ἀγαθῶν
538 4845 677 4913 Θεῷ,
723 4845 799 4911 τῷ
862 4837 1178 4915 δωρουμένῳ
1224 4838 1311 4892 καὶ
1353 4838 1415 4893 τὸ
1475 4836 1650 4914 λέγειν
1707 4834 1805 4892 καῖ
1864 4837 1926 4891 τὸ

280 4926 333 4978 εὖ
360 4924 553 5004 λέγειν,
594 4930 650 4986 Εἰ
681 4928 805 5006 γοῦν
863 4928 1286 5006 κατωρθώσαμεν
1317 4948 1391 5001 τι,
1423 4928 1516 4982 χαί
1550 4924 1622 4981 ἔτι
1678 4922 1924 4981 διδάσκο-

2012 3846 2267 3908 litteram
2302 3846 2585 3908 humilius
2630 3847 2979 3907 tradidimus
3023 3865 3141 3908 non
3173 3846 3363 3908 solum
3397 3848 3648 3931 angelis,

2012 3956 2148 3998 nam
2181 3937 2422 3997 inﬁmus
2448 3936 2625 3998 etiam
2662 3937 2875 3998 horum
2909 3938 3096 4016 major
3125 3945 3215 3998 est
3246 3937 3523 3999 omnibus
3547 3938 3655 4000 Ec-

2010 4027 2210 4089 clesiae
2235 4026 2527 4105 theologis
2548 4049 2561 4096 ;
2586 4045 2705 4087 non
2720 4027 2908 4086 solum
2937 4027 3252 4107 theologis,
3277 4026 3491 4106 inquit,
3513 4047 3655 4089 con-

2006 4116 2307 4178 sodalibus
2332 4125 2388 4176 et
2409 4117 2576 4195 quasi
2594 4115 2922 4193 discipulis,
2951 4122 3009 4174 et
3029 4116 3266 4194 ascetis,
3290 4115 3394 4191 qui
3419 4115 3652 4179 scilicet

2004 4205 2233 4267 divinas
2249 4205 2671 4266 illustrationes
2693 4203 3069 4277 exercitio,et
3091 4221 3209 4263 non
3238 4225 3265 4280 ιε
3279 4222 3345 4265 er
3364 4204 3644 4282 visiones,

2002 4302 2385 4375 acceperunt,
2414 4302 2476 4354 ut
2496 4293 2769 4374 apostoli.
2800 4293 2927 4354 Non
2952 4293 3145 4353 solum
3174 4293 3371 4375 itaque
3390 4294 3483 4357 his
3502 4296 3648 4356 sim-

2006 4386 2216 4466 plicius
2246 4394 2302 4445 et
2330 4384 2613 4444 humilius
2635 4384 2914 4464 diximus,
2947 4400 3153 4444 verum
3178 4384 3355 4445 etiam
3378 4384 3649 4465 ipsismet

2002 4472 2328 4555 (equalibus
2350 4473 2587 4534 nostris.
2618 4471 2755 4533 Haec
2779 4491 2939 4547 vero,
2967 4481 3177 4553 etquae
3199 4481 3555 4553 sequuntur,
3585 4483 3649 4536 ut

2006 4572 2272 4626 sanctum
2299 4563 2491 4638 decet,
2515 4561 2609 4623 hic
2624 4561 2797 4624 Pater
2811 4562 3165 4624 dixitstudio
3182 4563 3510 4625 modestiae.
3538 4568 3645 4628 Ita-

2009 4672 2149 4734 que,
2176 4652 2316 4713 538
2337 4653 2386 4713 si
2409 4652 2655 4733 quidem
2691 4661 2854 4714 recte
2876 4652 3017 4733 quid
3043 4652 3435 4734 conjecimus,
3462 4656 3648 4733 gratia

2008 4744 2084 4804 sit
2105 4744 2226 4805 Deo
2254 4744 2545 4803 bonorum
2571 4743 2833 4802 omnium
2866 4741 3117 4806 auctori.
3146 4743 3247 4823 qui
3275 4742 3439 4803 dedit
3465 4752 3525 4803 ut
3551 4744 3648 4803 di-

2008 4851 2306 4913 ceremus,
2334 4841 2392 4893 et
2424 4832 2576 4892 bene
2598 4832 2961 4894 diceremus.
2997 4835 3055 4894 Si
3090 4832 3229 4912 quid
3261 4833 3457 4913 itaque
3490 4844 3649 4896 recte

2009 4923 2290 4998 diximus,
2308 4923 2393 4983 vel
2420 4921 2612 4983 adhuc
2638 4921 3013 4995 docemus,et
3035 4920 3085 4981 si
3113 4920 3250 4999 quid
3282 4939 3650 5003 eorum,quze

282 5035 399 5093 μεν,
431 5015 535 5090 ὅτι,
570 5020 664 5073 κᾶν
694 5016 862 5096 ἕτεραι
896 5015 1220 5093 ὃμοδύναμοι
1250 5017 1535 5090 θεωνυμίαι
1561 5014 1614 5070 ἐν
1643 5021 1709 5091 τῇ
1742 5020 1924 5094 Γραφῇ

2011 5012 2102 5073 his
2130 5011 2511 5092 mquivalent,
2540 5011 2847 5072 nominum
2874 5011 3210 5071 divinorum
3235 5011 3294 5071 in
3328 5010 3649 5092 Scripturis

285 5103 545 5181 εὗρεθῶσι,
586 5108 698 5187 χρὴ
746 5109 835 5164 καὶ
887 5108 1081 5173 ταύτας
1138 5108 1274 5163 κατὰ
1317 5107 1409 5172 τὰς
1458 5106 1615 5168 αὐτὲις
1663 5104 1923 5184 ἐριφαντο-

2009 5104 2364 5183 reperiatur,
2393 5109 2630 5182 oportet
2666 5101 2849 5164 etiam
2886 5100 3008 5162 haec
3040 5100 3369 5162 secundum
3405 5103 3645 5164 easdem

286 5194 426 5267 ρικὰς
471 5197 719 5269 μεθόδους
750 5197 1193 5276 προσυφακούειν.
1257 5198 1312 5253 Εἰ
1345 5195 1396 5251 δὲ
1428 5195 1524 5252 οὒκ
1554 5196 1719 5273 ὀρθῶς
1779 5193 1919 5274 ἔχει,

2010 5192 2342 5273 explicandi
2374 5191 2636 5253 rationes
2684 5190 3156 5269 subintelligere.
3190 5191 3295 5252 Sin
3330 5209 3468 5252 vero
3518 5192 3646 5254 haec

286 5282 370 5336 καὶ
421 5280 504 5339 διά
554 5292 710 5344 τοῦτο
741 5291 840 5354 τῆς
898 5285 1145 5352 ἀληθείας
1190 5284 1385 5349 ὁλικῶς
1445 5283 1919 5364 ἀπεπλανήθημεν,

2009 5288 2205 5344 minus
2236 5290 2399 5342 recte
2430 5298 2495 5342 se
2526 5281 2804 5360 habeant,
2829 5288 3005 5361 atque
3031 5279 3180 5341 adeo
3210 5299 3245 5342 a
3276 5283 3523 5343 veritate
3555 5283 3647 5343 vel

288 5368 322 5435 ἢ
364 5370 585 5451 ἀτελῶς,
617 5377 703 5433 rati
732 5374 815 5432 διὰ
872 5383 1027 5433 τοῦτο
1064 5381 1293 5452 μερικῶς
1342 5375 1676 5453 ἡμάρτομεν,
1721 5372 1813 5441 εἴη
1859 5375 1920 5431 ἃν

2009 5372 2247 5435 omnino
2263 5372 2350 5434 vel
2374 5377 2633 5451 exparte
2657 5371 3087 5447 aberravimus,
3116 5371 3230 5431 erit
3264 5370 3648 5432 humanitatis

287 5457 379 5525 τῆς
430 5466 526 5528 σῆς
593 5464 1003 5544 φιλανθρωπίας,
1063 5465 1178 5521 θεῖε
1240 5467 1483 5541 Τιμόθεε,
1544 5463 1917 5533 ἐπανορθώσα-

2009 5472 2139 5537 tuae,
2176 5459 2372 5523 divine
2403 5459 3054 5541 Timothee,corrigere
3086 5478 3204 5520 non
3240 5468 3452 5539 sponte
3475 5459 3650 5537 igno-

284 5549 395 5605 σθαι
443 5553 531 5608 τὸν
562 5553 816 5621 ἀκουσίως
861 5557 1148 5637 ἀγνοοῦντα
1177 5555 1264 5612 καὶ
1294 5557 1484 5631 μαθεῖν
1516 5551 1795 5632 δεόμενον,
1830 5555 1916 5612 καὶ

2009 5552 2562 5636 rantem,etdiscere
2578 5548 3433 5635 cupientem,etinﬂrmitatem
3454 5567 3647 5616 meam

361 5720 387 5755 ιι
415 5709 437 5773 I
467 5711 674 5782 Thess.
706 5731 787 5802 ιν,
822 5716 922 5781 16.
1009 5723 1033 5756 ο
1062 5713 1088 5778 I
1118 5715 1255 5782 Cor.
1289 5731 1416 5796 xm,
1461 5716 1556 5781 12.
