4134 6156
396 323 514 398 999
1458 354 1465 361 ι
1570 318 1627 392 S.
1676 318 2023 394 DIONYSII
2062 322 2594 396 AREOPAGITAE.
3618 328 3780 401 1000

398 467 537 529 tiam
573 474 685 546 est,
720 460 1000 545 quantum
1033 462 1121 523 ias
1151 470 1261 543 est,
1295 463 1908 527 indemunstrabiliter
1934 485 2028 529 as-

2117 474 2214 529 καὶ
2263 471 2513 546 ἀπολύτῳ
2561 474 2802 548 καθαρῶς
2862 468 3107 526 ἐκστάσει
3139 472 3268 548 πρὸς
3326 470 3423 537 τὴν
3451 471 3772 549 ὑπεροόσιον

397 575 628 636 surgas;
653 553 949 631 siquidem
977 571 1093 632 per
1114 551 1363 614 liberam
1397 562 1455 614 et
1474 554 1834 636 absolutam,
1860 566 1919 619 et
1943 576 2028 638 pu-

2126 571 2219 619 τοῦ
2247 565 2383 620 θείου
2413 562 2630 626 σκότους
2662 559 2879 639 ἀκτῖνα,
2929 559 3101 616 πάντα
3130 559 3338 641 ἀφελὼν
3391 563 3489 616 καὶ
3521 559 3581 617 ἐκ
3626 561 3771 619 πάν-

395 665 522 710 ram
570 646 653 707 tui
692 644 882 725 ipsius
913 663 946 704 a
976 643 1157 704 rebus
1186 642 1466 705 erunibus
1495 646 1896 708 avocationem
1916 695 1931 721 ,
1966 647 2038 709 ad

396 735 908 817 supernaturalem
930 732 1096 794 illum
1126 732 1396 811 caliginis
1421 733 1637 796 divinae
1659 735 1918 811 radium,
1940 738 2042 799 de-

397 827 601 890 tractis
632 822 912 889 omnibus
943 834 1003 886 et
1032 839 1066 883 a
1096 823 1326 884 cunctis
1374 824 1708 904 expeditus,
1742 826 2036 890 eveheris.

2123 674 2229 708 των
2259 652 2482 731 ἀγολυθε
2494 652 2538 714 ῖς
2548 697 2564 724 ,
2611 651 2894 729 ἁναχθήσῃ
2904 696 2917 710 ,

1997 989 2028 1069 §
2066 988 2141 1054 ΙΙ.

473 1152 608 1214 Hec
638 1154 832 1211 autem
859 1145 1014 1223 vide,
1043 1165 1116 1208 ne
1140 1145 1271 1226 quis
1296 1145 1496 1207 audiat
1518 1144 1851 1227 radiorum;
1885 1150 2031 1211 istos

393 1241 552 1317 dico,
578 1238 678 1321 qui
695 1237 875 1300 rebus
900 1235 1319 1317 (naturalibus)
1350 1234 1784 1310 adhaerescunt,
1803 1248 1862 1299 et
1882 1238 2031 1301 nihil

390 1330 541 1393 ultra
565 1327 852 1390 naturalia
881 1324 1410 1406 supernaturaliter
1445 1343 1579 1388 esse
1609 1327 2028 1407 imaginantur,

391 1420 658 1503 quinimo
681 1416 1050 1479 arbitrantur
1070 1434 1178 1477 sua
1206 1414 1546 1495 cognitione
1562 1434 1738 1479 nosse
1759 1422 2033 1500 eum,qui

386 1512 591 1593 posuit
611 1509 889 1571 tenebras
915 1504 1240 1568 latibulum
1276 1523 1453 1569 suum
1491 1518 1535 1571 Ρ,
1573 1505 1738 1578 Quod
1771 1509 1820 1571 si
1853 1527 2033 1590 supra

391 1607 625 1679 captum
658 1597 871 1658 horum
904 1596 1024 1658 sint
1052 1595 1387 1658 divinorum
1414 1596 1828 1677 mysteriorum
1854 1599 2030 1660 insti-

391 1690 682 1760 tutiones;
711 1685 854 1763 quid
882 1686 1095 1748 dixerit
1121 1686 1253 1766 quis
1275 1685 1350 1747 de
1373 1685 1490 1746 illis
1517 1685 1619 1767 qui
1646 1687 1828 1766 magis
1848 1689 2031 1751 rudes

389 1787 549 1854 sunt,
582 1777 683 1859 qui
714 1794 1007 1839 summam
1035 1794 1270 1838 causam
1294 1782 1584 1852 omnium,
1609 1794 1678 1838 ex
1710 1777 1783 1839 iis
1812 1797 1944 1858 quae
1967 1779 2029 1842 in

389 1878 597 1933 natura
642 1884 843 1928 rerum
896 1873 1157 1927 extrema
1187 1873 1324 1927 sunt
1374 1863 1707 1944 designant,
1758 1868 2028 1949 nihilque

2206 1154 2406 1211 Τοῦτων
2464 1151 2518 1209 δὲ
2577 1150 2673 1229 ὅρα
2728 1149 2875 1214 ὃπως
2920 1147 3103 1225 μηδεὶς
3164 1149 3268 1206 τῶν
3316 1148 3569 1225 ἀμυήτων
3624 1149 3771 1207 ἐπα-

2115 1243 2281 1321 κούσῃ
2316 1263 2325 1274 ’
2363 1243 2574 1308 τούτους
2605 1240 2658 1297 δέ
2692 1263 2830 1319 φημι
2875 1240 2995 1302 τοὺς
3026 1242 3080 1295 ὲν
3111 1238 3233 1304 τοῖς
3290 1238 3432 1295 οὖσιν
3462 1239 3771 1320 ἐνισχημέ-

2114 1356 2255 1409 νους,
2281 1334 2368 1389 καὶ
2421 1330 2567 1389 ὠδὶν
2595 1331 2724 1408 ὑπὲρ
2777 1330 2839 1385 τὰ
2890 1327 3013 1385 ὅντα
3066 1329 3387 1408 ὕπεροδσίως
3432 1342 3573 1386 εἶναι
3624 1351 3769 1407 φαν-

2114 1423 2453 1497 ταζομένου;,
2485 1420 2603 1478 ἀλλ’
2672 1418 2942 1494 οἰομένους
2992 1417 3179 1475 εἰδέναι
3211 1424 3279 1494 τῇ
3337 1411 3454 1476 καθ’
3487 1420 3672 1485 αὖτοὺς
3703 1418 3773 1468 74

2114 1513 2306 1592 γνώσει
2338 1514 2429 1568 τὸν
2482 1510 2702 1585 θέμενον
2746 1508 2933 1573 σκότος
2989 1508 3300 1588 ἀποκρυφήν
3364 1510 3540 1569 αὐτοῦ.
3595 1511 3653 1566 Εἰ
3710 1508 3769 1565 δὲ

2112 1604 2240 1682 ὑπὲρ
2299 1602 2512 1664 τούτους
2572 1602 2698 1657 εἰσὶν
2759 1600 2811 1655 αἱ
2868 1602 3008 1655 θεῖαι
3067 1597 3454 1676 μυσταγωγίαι,
3501 1600 3551 1655 τί
3589 1597 3653 1654 ἂν
3687 1621 3768 1664 τις

2112 1692 2240 1771 φαίη
2299 1692 2416 1769 περὶ
2468 1696 2572 1747 τῶν
2624 1686 2831 1763 μᾶλλον
2891 1687 3164 1767 ἀμύστων,
3223 1687 3339 1743 ’ὁσοι
3403 1688 3498 1755 τὴν
3547 1689 3768 1746 πάντων

2110 1779 2496 1855 ὑπερκειμένην
2539 1778 2707 1835 αἰτίαν
2757 1782 2843 1834 καί
2902 1776 2961 1832 ἐκ
3003 1781 3107 1832 τῶν
3169 1776 3221 1832 ἐν
3253 1789 3369 1839 τοῖς
3411 1784 3553 1834 οὐσιν
3584 1777 3769 1857 ἐσχά-

2109 1891 2215 1926 των
2243 1869 2748 1950 χαρακτηρίζουσιν,
2783 1867 2871 1923 καὶ
2915 1864 3060 1923 οὐδὲν
3093 1866 3253 1933 αὖτῆν
3303 1866 3584 1946 ὑπερέχειν
3638 1868 3769 1947 φασὶ

387 1960 552 2023 aiunt
578 1975 706 2020 eam
741 1954 1325 2036 antecellereimpiis
1352 1955 1665 2017 multarum
1701 1955 2021 2020 formarum

2112 1968 2214 2018 τῶν
2260 1958 2639 2034 πλαττομένων
2674 1959 2856 2020 αὐτοῖς
2904 1955 3069 2013 ἀθέων
3097 1957 3184 2013 καὶ
3213 1954 3503 2014 πολυειδῶν
3549 1979 3769 2036 μορφω-

388 2044 1061 2127 imaginibus,quasipsi
1085 2044 1486 2123 tingunt,cum
1507 2053 1812 2123 oporteret
1843 2047 1898 2107 in
1932 2065 2022 2123 ea,

387 2147 454 2201 ut
472 2137 736 2198 omnium
755 2151 951 2207 causa,
978 2152 1190 2196 omnes
1212 2132 1444 2196 entium
1474 2134 1902 2198 afﬁrmatioues
1916 2145 2031 2199 sta-

390 2238 564 2290 tuere
584 2244 652 2287 ac
673 2225 748 2286 de
770 2242 840 2285 ea
860 2224 1192 2299 afﬁrmare;
1225 2223 1368 2304 quin
1395 2222 1524 2285 illas
1544 2225 1703 2304 ipsas
1723 2243 1933 2288 omnes
1956 2226 2032 2289 de

392 2336 462 2380 ea
493 2315 678 2394 magis
709 2313 949 2395 proprie
994 2331 1234 2393 negare,
1271 2324 1548 2395 tanquam
1601 2332 1781 2393 supra
1821 2316 2022 2378 omnia

391 2408 920 2485 superexsistente,
952 2420 1062 2464 nec
1097 2403 1443 2465 existimare
1474 2402 1822 2483 negationes
1852 2406 2023 2467 afﬁr-

385 2492 747 2558 mationibus
796 2509 933 2554 esse
988 2492 1361 2569 contrarias,
1418 2490 1525 2554 sed
1586 2491 1777 2573 ipsam
1837 2494 2025 2558 multo

387 2583 648 2665 priorem
690 2589 750 2644 et
790 2581 1161 2662 superiorem
1217 2580 1646 2662 privationihus
1680 2601 1812 2646 esse
1848 2602 2028 2667 supra

387 2690 626 2737 omnem
654 2678 714 2734 et
736 2668 1123 2748 ablationem,
1151 2678 1210 2733 et
1237 2671 1619 2751 positionem.

2111 2051 2315 2128 μάτων,
2349 2047 2463 2104 δέον
2511 2046 2596 2104 ἐπ’
2646 2049 2779 2124 αὐτῇ
2814 2048 2898 2103 xzi
2932 2047 3103 2112 πάσας
3162 2046 3255 2110 τὰς
3285 2048 3390 2103 τῶν
3422 2044 3588 2104 ὅντων
3615 2048 3767 2105 τιθέ-

2113 2160 2196 2194 ναι
2223 2135 2278 2180 75
2316 2139 2400 2193 καὶ
2445 2136 2803 2216 καταφάσκειν
2843 2137 3034 2209 θέσεις,
3068 2137 3140 2199 ὡς
3200 2135 3412 2194 πάντων
3468 2135 3627 2209 αἰτίᾳ,
3673 2137 3768 2192 καὶ

2115 2227 2289 2291 πάσας
2321 2227 2479 2291 αὒτᾶς
2511 2225 2825 2304 κυριώτερον
2881 2223 3234 2302 ἀποφάσιειν,
3271 2226 3342 2291 ὡς
3401 2226 3532 2303 ὑπὲρ
3588 2225 3765 2282 πάντα

2106 2315 2394 2395 ὑπὲρούσῃ,
2446 2317 2534 2372 καὶ
2579 2314 2657 2387 μὴ
2691 2313 2897 2370 οἷέσται
2958 2314 3051 2376 τὰς
3089 2313 3383 2393 αποφᾶσξις
3443 2313 3765 2390 ἀντικειμέ-

2107 2427 2198 2472 νας
2254 2405 2399 2462 εἶναι
2453 2417 2575 2465 ταῖς
2625 2403 3007 2483 καταφάσεσιν,
3047 2401 3183 2459 ἀλλὰ
3214 2402 3350 2459 πολύ
3379 2403 3637 2482 πρότερον
3671 2405 3766 2459 αὒ-

2106 2495 2204 2562 τὴν
2232 2494 2360 2572 ὑπέρ
2389 2494 2484 2557 τὰς
2517 2493 2793 2572 στερήσεις
2825 2495 2966 2551 εἶναι
2996 2492 3095 2560 τὴν
3126 2491 3255 2571 ὑπὲρ
3287 2497 3459 2549 πᾶσαν
3481 2497 3569 2549 καὶ
3598 2492 3767 2575 ἀφαίο

2107 2606 2250 2664 ρεσιν
2284 2586 2370 2643 atati
2391 2582 2534 2642 θέσιν
2563 2602 2579 2656 ;

1978 2806 2009 2887 §
2053 2801 2159 2871 ιιι.

467 2967 589 3028 Hac
614 2967 819 3049 utique
849 2965 1083 3029 ratione
1128 2960 1297 3030 divus
1340 2967 1807 3031 Bartholomaeus
1853 2966 1938 3030 ait
1967 2973 2027 3029 et

2112 2974 2131 3018 έῖμ
2190 2968 2341 3027 Οὕτω
2365 2967 2489 3047 γοῦν
2520 2972 2547 3027 ὂ
2574 2973 2721 3037 θεῖος
2754 2972 3156 3051 Βαρθολομαῖός
3187 2972 3252 3023 76
3279 2996 3435 3053 φησι,
3486 2970 3582 3029 καί
3622 2969 3762 3029 πολ-

383 3057 685 3137 copiosam
734 3074 869 3117 esse
914 3055 1307 3136 theologiam,
1355 3065 1415 3120 et
1460 3057 1791 3130 minimam,
1848 3064 2026 3136 atque

2112 3056 2209 3126 λὴν
2237 3059 2337 3127 τὴν
2366 3058 2641 3138 θεολογίαν
2669 3062 2812 3119 εἶναι
2841 3064 2927 3119 καὶ
2981 3062 3278 3142 ἐλαχίστην
3313 3079 3329 3095 ⁹
3363 3065 3458 3119 καί
3493 3065 3547 3119 τὸ
3580 3064 3766 3140 Εὐαγ-

382 3144 773 3222 Evangelium
797 3144 1054 3224 amplum
1090 3153 1149 3207 et
1178 3154 1551 3228 magnum,et
1581 3164 1791 3208 rursus
1814 3146 2024 3211 conci-

2112 3147 2284 3225 γέλιον
2341 3147 2516 3206 πλατὺ
2566 3153 2662 3208 καί
2737 3151 2901 3231 μέγα,
2949 3154 3037 3209 καὶ
3108 3157 3247 3219 αὖθις
3303 3150 3765 3227 συντετμημένον,

386 3249 536 3293 sum.
558 3234 720 3301 Illud,
749 3245 807 3292 ut
838 3234 975 3290 mihi
998 3233 1238 3306 videtur,
1264 3238 1475 3294 eximie
1498 3235 1847 3306 intelligens,
1871 3235 2023 3307 quod

2112 3235 2268 3311 Ἐμοὶ
2295 3235 2443 3294 δοκεῖ
2472 3239 2532 3288 77
2561 3238 2738 3297 ἐκεῖνο
2767 3242 3041 3319 ὕπερφυῶς
3072 3242 3355 3319 ἐννοήσας,
3390 3240 3471 3297 ὅτι
3523 3242 3612 3297 καὶ
3649 3263 3761 3296 πο-

386 3325 644 3406 benigna
664 3291 930 3387 omnium
953 3344 1130 3387 causa
1151 3291 1238 3388 siti
1257 3337 1316 3389 et
1347 3291 1723 3408 multiloqua”,
1754 3333 1812 3387 et
1831 3291 2021 3387 brevi-

2112 3291 2530 3405 λΕἏᾼ-έοξὲσζτιν
2564 3291 2643 3399 ἰζ
2661 3291 3121 3408 sane;
3141 3291 3470 3390 ’ζὲἐᾷἴκᾎιῖ
3486 3291 3765 3410 eam-

384 3416 562 3495 loqua
591 3414 767 3476 simul
799 3425 976 3495 atque
1009 3416 1232 3476 nullius
1262 3417 1583 3491 sermonis,
1618 3421 1828 3496 utpote
1859 3416 2029 3493 cujus

384 3523 578 3585 neque
601 3504 781 3566 dictio
829 3523 1025 3584 neque
1070 3503 1463 3584 intelligentia
1494 3506 1595 3586 sit,
1627 3505 1768 3586 quia
1801 3505 2029 3567 cunctis

382 3595 587 3651 creatis
609 3593 1644 3666 superessentialitersupereminenet
1666 3596 1883 3667 absque
1899 3608 2029 3665 ope-

382 3689 652 3745 rimentis
666 3702 733 3743 ac
744 3700 883 3744 vere
903 3683 1243 3745 ostenditur
1255 3684 1520 3765 solisjis,
1542 3685 1642 3765 qui
1659 3691 1878 3746 cuncta
1897 3702 2028 3765 quae

378 3772 636 3852 impura,
666 3790 915 3851 quaeque
938 3790 1083 3851 pura
1109 3781 1267 3847 sunt,
1295 3782 1733 3852 pertranseunt,
1759 3790 2024 3836 omnem—

383 3878 503 3942 que
563 3861 827 3921 omnium
884 3869 1227 3922 sanctorum
1288 3860 1649 3941 fastigiorum
1712 3879 2024 3924 ascensum

377 3950 835 4025 transcendunt,
858 3959 915 4011 et
939 3950 1139 4011 omnia
1164 3949 1360 4012 divina
1384 3951 1629 4031 lumina,
1656 3961 1714 4012 et
1737 3968 1940 4027 sonos,
1969 3960 2029 4014 et

381 4058 693 4103 sermones
717 4040 998 4103 caelestes
1026 4039 1393 4122 relinquunt,
1420 4049 1480 4103 et
1501 4042 1559 4102 in
1591 4040 1905 4120 caliginem
1929 4040 2029 4102 ab-

381 4130 724 4213 sorbentur,
783 4130 887 4195 ubi
917 4150 1062 4194 vere
1095 4141 1209 4215 est,
1242 4132 1397 4196 sicut
1444 4132 1528 4195 ait
1560 4133 1887 4211 Scriptura,
1927 4132 2031 4215 qui

381 4232 474 4284 est
507 4222 657 4284 ultra
687 4222 907 4285 omnia.
931 4220 1060 4284 Non
1085 4223 1243 4283 enim
1277 4230 1507 4285 temere
1538 4221 1774 4284 divinus
1804 4224 2032 4303 Moyses

380 4312 601 4393 expiari
628 4312 883 4393 primum
909 4311 1038 4392 ipse
1061 4310 1332 4392 jubetur,
1361 4331 1430 4375 ac
1458 4312 1678 4374 deinde
1707 4331 1742 4373 a
1773 4330 1889 4373 non
1923 4330 2026 4373 ex-

379 4403 553 4485 piatis
583 4402 908 4481 scgregari,
934 4414 995 4463 et
1028 4408 1159 4481 post
1190 4400 1858 4482 omnemlexpiationem
1891 4400 2021 4464 5M

380 4493 545 4555 audit
578 4491 930 4554 multisonas
980 4490 1181 4565 tubas,
1221 4491 1535 4573 cernitque
1566 4491 1750 4553 multa
1781 4491 2025 4567 lumina,

2113 4491 2342 4570 πίγγων,
2403 4491 2467 4543 80
2522 4494 2617 4564 διρᾷ
2656 4498 2806 4574 φῶτα
2891 4492 3083 4568 πολλὰ,

379 4599 562 4662 puros
586 4600 653 4645 ac
681 4582 995 4662 mulplices
1022 4581 1220 4643 radios
1238 4581 1506 4661 jacentia
1534 4601 1551 4642 :
1585 4581 1963 4662 postmodum
1995 4599 2029 4643 a

381 4672 766 4733 multitudine
793 4679 1124 4752 separatur,
1148 4679 1209 4733 et
1229 4689 1361 4733 cum
1388 4670 1599 4733 electis
1616 4670 2027 4733 sacerdotibus

378 4762 450 4822 ad
484 4780 778 4823 summum
814 4761 1113 4841 fastigium
1143 4760 1477 4823 divinorum
1502 4778 1856 4822 ascensuum
1894 4778 2024 4840 per-

381 4851 549 4928 tingit
570 4878 616 4918 q.
654 4850 771 4913 Sed
806 4851 1094 4913 hactenus
1125 4850 1391 4912 nondum
1424 4857 1695 4913 versatur
1723 4869 1856 4911 cum
1890 4850 2024 4929 ipso

378 4938 525 5019 Deo,
561 4958 670 5001 nec
702 4956 836 5002 eum
870 4940 1032 5002 videt
1065 4939 1540 5021 (inaspectabilis
1566 4940 1724 5001 enim
1752 4942 1891 5020 est),
1918 4941 2024 5003 sed

380 5030 577 5090 locum
606 5028 703 5090 ubi
728 5034 950 5093 stetit'.
978 5028 1102 5092 Hoc
1133 5039 1330 5091 autem
1363 5028 1639 5091 existimo
1663 5029 2022 5111 signiﬁcare,

380 5118 744 5180 divinissima
766 5126 824 5181 et
846 5138 1080 5181 summa
1105 5138 1311 5181 eorum
1336 5138 1467 5199 quae
1494 5128 1822 5182 cernuntur
1849 5133 1911 5182 et
1940 5121 2028 5181 in-

383 5209 747 5289 telliguntur,
778 5209 1046 5271 rationes
1068 5208 1352 5288 quasdam
1376 5228 1508 5271 esse
1538 5228 1673 5292 quae
1704 5210 2024 5289 subjiciant

458 5331 485 5374 P
518 5316 679 5382 Hsal.
708 5333 855 5394 xvu,
903 5317 1031 5401 19η
1081 5326 1109 5370 ιι
1139 5316 1325 5381 Exod.
1356 5335 1479 5382 χιιι.
1562 5335 1587 5365 τ
1615 5318 1804 5385 Exod.
1841 5338 2045 5388 χχχιιι.

2109 3437 2233 3479 κτος
2292 3414 2403 3493 ἃμα
2451 3419 2539 3475 καὶ
2598 3418 2816 3496 ἄλογος,
2897 3422 2967 3486 ὡς
3025 3420 3141 3478 οὔτε
3194 3421 3355 3499 λόγον
3410 3419 3525 3476 οὔτε
3574 3421 3767 3487 νόησιν

2110 3503 2334 3585 ἔχουσα,
2369 3504 2453 3562 διά
2482 3509 2543 3563 τὸ
2601 3509 2812 3564 πάντων
2873 3509 3037 3576 αὒτὴν
3084 3510 3401 3590 ὕπερουσίως
3432 3509 3766 3585 ὑπερκειμέ-

2109 3616 2207 3661 νην
2236 3595 2406 3675 εἶναι,
2436 3600 2523 3654 καὶ
2557 3600 2737 3672 μόνοις
2793 3597 3253 3676 ἀπερικαλύπτως,
3286 3601 3374 3656 καὶ
3407 3598 3617 3665 ἀληθῶς
3663 3597 3769 3655 ἐκ-

2109 3684 2434 3761 φαινὸμὲνην
2490 3700 2609 3751 τοῖς
2654 3689 2743 3744 καὶ
2774 3689 2838 3744 τὰ
2880 3689 3045 3766 ἐναγῆ
3106 3690 3275 3745 πάντα
3326 3688 3415 3743 καί
3466 3690 3532 3743 τὰ
3560 3689 3765 3763 καθαρὰ

2108 3771 2447 3849 διαϐαίνουσι,
2486 3777 2573 3832 καί
2617 3782 2789 3834 πᾶσαν
2839 3785 3024 3836 πασῶν
3073 3778 3235 3856 ἁγίων
3279 3775 3584 3856 ἂκροτήτων
3636 3779 3765 3834 ἀνεί-

2108 3860 2261 3920 ϐασιν
2318 3863 2706 3941 ὑπερϐαίνουσι,
2766 3868 2854 3924 καί
2908 3869 3078 3925 πάντα
3131 3871 3250 3924 θεῖα
3316 3867 3378 3916 78
3438 3888 3612 3946 cptum,
3672 3869 3767 3924 καί

2108 3953 2302 4032 ἤχους,
2356 3955 2445 4010 καί
2494 3952 2684 4032 λόγους
2740 3959 3007 4035 οὒρανίους
3064 3955 3517 4030 ἀπολιμπάνουσι,
3563 3956 3655 4013 καί
3684 3958 3761 4020 εἷς

2110 4045 2201 4098 τὸν
2232 4042 2425 4122 γνόφον
2454 4043 2828 4121 εἷσδυομένοις,
2878 4045 2938 4102 οὗ
2966 4044 3129 4110 ὅντως
3180 4047 3345 4125 ἐστίν,
3377 4048 3450 4109 ὡς
3481 4046 3549 4101 τὰ
3600 4044 3764 4123 λόγιά

2112 4153 2272 4211 φησιν
2329 4136 2356 4188 ὁ
2402 4133 2612 4190 πάντων
2670 4133 2939 4198 ἐπέκεινα,
2996 4137 3095 4194 Καί
3159 4138 3259 4215 γὰρ
3309 4134 3414 4215 οὔχ
3483 4132 3670 4197 ἀτελῶς
3732 4138 3764 4192 ὁ

2113 4224 2256 4284 θεῖος
2290 4227 2521 4292 Μωυσῆς
2589 4223 3020 4302 ἂποκαθαρθῆναι
3070 4232 3278 4303 πρῶτον
3338 4225 3493 4290 αὐτὸς
3545 4222 3769 4280 κελεύε-

2112 4334 2200 4368 ται
2247 4309 2333 4391 79,
2367 4313 2458 4369 καί
2513 4313 2656 4378 αὖθις
2687 4319 2792 4371 τῶν
2855 4317 2931 4390 μὴ
2990 4314 3243 4371 τοιούτων
3272 4314 3645 4395 ἀφορισθῆναι,
3677 4306 3772 4371 καί

2114 4402 2262 4477 μετὰ⁴
2294 4408 2468 4459 πᾶσαν
2525 4403 2883 4482 ἀποκάθαρσιν
2933 4404 3112 4462 ἀκούει
3140 4410 3247 4461 τῶν
3278 4403 3604 4484 πολυφώνων
3637 4403 3772 4461 σαλ-

3173 4494 3403 4571 καθαρὰς
3480 4492 3624 4549 ἀπασ
3632 4494 3767 4571 τρά-

2109 4603 2307 4638 πτοντα
2332 4581 2387 4631 81
2417 4583 2504 4639 καί
2559 4581 2892 4663 πολυχότους
2923 4583 3144 4646 ἀκτῖνας
3173 4599 3189 4616 ’
3225 4595 3346 4639 εἶτα
3378 4582 3485 4640 τῶν
3545 4581 3768 4642 πολλων

2110 4670 2427 4751 ἀφώρισται,
2485 4672 2575 4729 καί
2630 4673 2764 4730 κατά
2818 4670 2880 4722 8³
2940 4693 3048 4729 των
3104 4668 3436 4748 ἐκκρίτων83
3464 4671 3645 4751 ἱερέων
3677 4671 3770 4730 ἐπί

2108 4762 2206 4828 τὴν
2234 4760 2503 4840 ἀκρότητα
2532 4767 2638 4819 τῶν
2689 4764 2842 4818 θείων
2873 4758 3181 4818 ἆναϐάσεων
3225 4762 3432 4840 φθάνει.
3497 4761 3604 4819 Κάν
3632 4762 3770 4818 τού-

2107 4873 2218 4915 τοις
2250 4854 2392 4925 αὐτῷ
2423 4851 2520 4925 μὲν
2549 4850 2608 4908 οὗ
2659 4851 2958 4930 συγγίνεται
2991 4856 3069 4925 τῷ
3113 4852 3251 4931 Θεῷ,
3306 4854 3500 4929 θεωρεῖ
3554 4848 3609 4905 δὲ
3666 4850 3770 4908 οὐκ

2108 4943 2266 4999 αὐτὸν
2326 4940 2563 5020 (ἀθέατος
2619 4941 2770 5018 γὰρ’)
2826 4939 2963 4996 ἀλλὰ
3019 4943 3110 4998 τὸν
3171 4941 3337 4998 τόπον
3394 4946 3454 4997 οὗ
3509 4939 3625 4998 ἐστι
3670 4940 3761 5003 84.

2109 5036 2273 5092 Τοῦτο
2303 5029 2356 5087 δὲ
2400 5034 2555 5106 οἶμαι
2587 5031 2864 5106 σημαίνειν
2893 5026 2948 5072 8⁵
2977 5032 3038 5087 τὸ
3089 5031 3154 5087 τὰ
3196 5032 3442 5087 θειὸτατα
3476 5032 3564 5087 καί
3597 5031 3766 5111 ἀχρό-

2106 5143 2240 5179 τατα
2281 5127 2389 5178 τῶν
2419 5119 2701 5198 ὁρωμένων
2752 5121 2840 5176 καί
2870 5121 3166 5197 νοουμένων
3216 5120 3559 5186 ὑποθετικοὺς
3615 5141 3770 5188 τινας

2107 5224 2247 5269 εϊιαι
2291 5210 2482 5289 λόγους
2531 5231 2636 5267 των
2697 5207 3144 5286 δποϐεὸλημένων
3202 5217 3279 5286 τῷ
3336 5211 3508 5268 πάντα
3563 5211 3766 5293 ὑπερί-

1679 5425 1942 5493 VARUE
2004 5426 2445 5493 LECTIONES.

453 5532 508 5577 ’Π
535 5533 807 5608 οἰομένους
831 5537 997 5607 εἶναι,
1031 5531 1296 5614 Chanat’
1317 5533 1532 5614 αὐτούς,
1563 5532 1636 5597 Ι).
1667 5536 1782 5593 καθ’
1819 5539 2059 5614 ἑαυτούς,
2094 5539 2160 5600 S.

381 5617 450 5679 ι),
538 5615 601 5665 78
634 5618 817 5702 ,πάντα
848 5617 939 5702 τάκ
962 5619 1104 5690 θεῖα,
1140 5612 1203 5678 S.
1252 5614 1319 5677 Ρ.
1498 5615 1933 5702 παρακελεύεται,
1967 5616 2031 5684 S-

381 5696 442 5758 S.
476 5696 546 5762 P.
633 5693 688 5739 ⁸⁸
718 5695 868 5773 ἔστη,
903 5693 960 5760 S.
998 5697 1065 5759 Ρ.
1101 5698 1174 5759 D.
1209 5696 1305 5757 SC.
1392 5693 1457 5748 83
1484 5693 1752 5774 σημαίνει,

2244 5536 2309 5588 75
2336 5535 2600 5616 τεθεῖναῐ,
2770 5534 2833 5586 70
2862 5534 3286 5616 Βαρτολοματος,
3320 5534 3524 5616 Dx"
3551 5531 3761 5611 δοκεῖν,

2119 5617 2182 5672 80
2222 5619 2330 5680 καί.
2414 5613 2463 5658 ⁸1
2494 5614 2885 5696 ἀστράπτοντα,
2919 5612 2983 5681 S.
3067 5612 3122 5657 ⁸³
3151 5617 3310 5683 μετα,
3396 5612 3451 5660 ⁸³
3478 5616 3765 5701 ἔγιιρίτων,
