4134 6156
542 410 695 480 1015

1706 415 1770 481 S.
1820 415 2164 483 DIONYSII
2210 410 2749 483 AREOPAGITxE.

3762 404 3906 476 l016

530 548 846 610 intellecttli
863 551 1114 611 motione
1125 550 1499 610 cessationem
1517 549 2069 625 appellavit,ideirco
2083 565 2177 608 an-

2275 553 2323 618 ιιν
2376 549 2435 609 δὲ
2478 552 2534 609 ἐν
2584 551 2796 628 ἑτέροις
2840 549 2965 608 εἶπε
3025 550 3113 609 καὶ
3168 549 3544 630 ἆνινερτησίαν
3596 550 3698 619 τῆς
3738 541 3904 627 νοερὰς

538 648 772 724 tequam
782 641 2183 724 verbat‘aciat,adhibetprecationem,atquesan-

537 739 691 793 ctam
735 731 969 794 invocat
986 732 1579 808 Trinitatem,dicens
1601 728 1976 803 :Trinitas,et
2006 746 2186 811 supra

538 819 733 899 ipsum
745 828 967 896 esse,et
989 838 1167 902 supra
1188 838 1365 901 quam
1392 820 1578 883 Deum
1604 827 1830 897 esse,et
1847 819 1981 899 plus
2004 837 2180 897 quam

538 909 667 970 55!
708 909 933 972 bonum
964 928 1096 972 esse
1129 912 1354 971 habens
1387 931 1403 982 ;
1438 907 1739 990 siquidem
1772 909 1829 970 id
1857 914 1970 968 vim
2008 907 2185 969 habet

541 999 1202 1079 productionis,scilicet
1223 1016 1377 1080 esse;
1412 998 1557 1061 illud
1580 1017 1723 1060 vero
1748 998 2181 1078 efﬁcacim,sci-

540 1088 681 1151 licet
709 1088 886 1165 Deus,
912 1088 1073 1151 aliud
1121 1106 1259 1150 vero
1306 1087 1934 1167 babitudinis,sci|icet
1963 1087 2181 1164 bonus;

540 1197 660 1255 quo
685 1178 895 1259 utique
942 1187 1216 1240 naturam
1268 1178 1374 1241 Dei
1432 1177 1594 1239 nullo
1641 1178 1821 1240 modo
1851 1177 2176 1239 declarant.

542 1268 697 1332 Hinc
734 1286 873 1330 vero
921 1267 1157 1330 discere
1185 1266 1385 1348 liceat,
1423 1268 1581 1348 quod
1635 1268 1779 1331 dum
1831 1267 1908 1328 de
1941 1267 2185 1348 mystica

536 1357 832 1434 theologia
862 1358 1042 1420 verba
1071 1357 1267 1420 facere
1295 1358 1647 1440 instituerit,
1693 1366 1752 1419 et
1795 1366 2039 1439 propter
2071 1357 2184 1419 hoc

540 1446 1292 1528 petieritilluminari,banc
1308 1447 1495 1528 ipsam
1515 1448 1922 1528 precationem
1942 1447 2186 1527 mystice

542 1545 875 1617 componat.
910 1536 1039 1599 Non
1086 1537 1246 1599 enim
1284 1536 1602 1619 dixit,quid
1645 1537 1723 1600 sit
1751 1535 2055 1610 Trias,sed
2088 1535 2188 1597 illa

542 1627 756 1708 quibus
772 1634 866 1689 est
892 1624 1335 1709 superior.Haec
1364 1630 1525 1690 enim
1557 1634 1649 1689 est
1678 1627 1933 1708 mystica
1950 1626 2181 1689 theolo-

541 1718 659 1796 gia,
689 1735 822 1797 qua:
852 1735 1048 1799 neque
1076 1717 1340 1780 sensatio
1387 1724 1501 1799 ast,
1547 1735 1747 1795 neque
1771 1717 1944 1791 ratio,
1991 1734 2186 1797 neque

544 1806 764 1870 mentis
787 1813 1194 1888 motio,neque
1235 1808 1528 1888 operatio,
1557 1824 1753 1886 neque
1783 1805 2040 1880 habitus,
2077 1823 2188 1868 ne-

2266 643 2529 712 κινήσεως
2568 662 2581 675 ·
2617 639 2708 699 διὰ
2741 650 2900 700 τοῦτο
2946 642 3050 718 πρὸ
3079 641 3187 697 τῶν
3215 639 3390 717 λόγων
3418 639 3486 717 τῇ
3519 638 3660 719 εἰ)χῇ
3700 639 3905 720 χρῆται,

2267 733 2511 810 καὶπρὸς
2541 732 2640 801 τὴν
2694 731 2849 810 ἆγίαν
2906 736 3182 788 ποτνιᾶται
3235 727 3452 807 Τριάδα,
3486 728 3656 806 λέγων
3692 745 3707 759 ·
3767 728 3905 805 Τριᾶς

2266 822 2354 878 καὶ
2407 822 2540 900 ὑπὲρ
2596 824 2659 878 τὸ
2720 821 2888 895 εἶναι,
2948 821 3036 878 καὶ
3105 819 3237 898 ὑπὲρ
3293 822 3354 875 τὸ
3425 821 3554 882 Θεὸς
3613 818 3779 898 εἴναι,
3832 818 3907 872 καὶ

2265 911 2328 966 τὸ
2406 911 2537 987 ὑπὲρ
2590 912 2648 965 τὸ
2707 912 2902 987 ἀγαθὸς
2962 910 3106 964 εἶναι
3177 907 3399 987 Eleas?
3463 910 3524 965 τὸ
3586 908 3684 982 μὲν
3741 906 3903 983 ’ἐμφα-

2266 1021 2349 1055 σιν
2380 998 2498 1079 ἔχει
2528 1003 2883 1077 παραγωγῆς,
2947 996 3194 1064 δηλονότι
3249 999 3308 1053 τὸ
3345 1002 3511 1069 εἶναι,
3545 999 3607 1053 τὸ
3664 996 3719 1053 δὲ
3774 995 3906 1069 ἐνερ-

2266 1091 2410 1167 γείας
2442 1092 2503 1146 τὸ
2559 1092 2688 1153 Θεὸς
2720 1106 2734 1121 ·
2771 1091 2831 1145 τὸ
2862 1086 2916 1144 δὲ
2960 1087 3141 1162 ἕξεως,
3194 1089 3257 1143 τὸ
3297 1088 3515 1166 ἀγαθὸς,
3550 1087 3582 1143 ἅ
3612 1086 3679 1154 δὴ
3734 1093 3907 1164 ταῦτα,

2266 1181 2325 1235 οὔ
2354 1180 2504 1259 φύσιν
2534 1186 2720 1242 ποσῶς
2777 1176 3143 1255 παραδηλοῦσι
3189 1184 3345 1239 Θεοῦ,
3409 1174 3576 1234 ’Ἐστι
3633 1174 3687 1232 δὲ
3745 1175 3911 1231 Eii-.55-

2264 1273 2350 1325 θεν
2381 1272 2595 1349 μαθεῖν,
2654 1266 2735 1325 ὅτι
2768 1268 2892 1345 περῖ
2948 1267 3211 1342 μυστικῆς
3269 1266 3545 1344 θεολογίάς
3606 1266 3911 1344 προθέμενος

2266 1357 2468 1435 λέγειν,
2504 1360 2590 1415 καὶ
2628 1360 2701 1423 εἰς
2731 1365 2887 1415 τοῦτο
2939 1360 3267 1436 φωτισθῆναι
3323 1357 3643 1437 εὐχόμενος,
3696 1357 3783 1411 καὶ
3827 1356 3913 1409 αὖ·

2265 1449 2368 1518 τήν
2395 1449 2496 1515 τὴν
2526 1448 2698 1529 εὒχὴν
2734 1450 3003 1523 μυστικῶς
3050 1445 3359 1512 συντίθησιν
3392 1464 3407 1479 ⁸
3443 1444 3561 1502 οῦδὲ
3594 1446 3694 1524 γὰρ
3725 1445 3845 1501 εἷπε
3872 1452 3917 1507 τί

2268 1537 2413 1595 ἐστιν
2442 1538 2479 1606 ἢ
2536 1538 2721 1615 Τριὰς,
2778 1535 2917 1593 ἁλλὰ
2965 1535 3129 1592 ταῦτα
3183 1535 3314 1613 ὑπὲρ
3343 1535 3377 1591 ἄ
3433 1536 3571 1597 ἐστι.
3633 1540 3800 1594 Τοῦτο
3825 1534 3915 1611 γὰρ

2269 1627 2408 1684 ἔστιν
2468 1628 2505 1696 ἡ
2568 1626 2803 1703 μυστικῆ
2852 1624 3121 1705 θεολογία,
3177 1626 3272 1682 οὒκ
3328 1624 3603 1699 αἴσθησις,
3650 1625 3712 1681 οὗ
3742 1622 3913 1702 λόγος,

2271 1719 2332 1775 0-3
2356 1717 2476 1779 νοὸς
2506 1716 2737 1797 κίνησις,
2805 1715 2900 1773 οὒκ
2930 1715 3188 1794 ἐνέργεια,
3260 1716 3363 1797 οὐχ
3420 1714 3549 1788 ἕξις,
3580 1716 3672 1772 οῦκ
3720 1712 3847 1770 ἄλλο
3871 1733 3916 1768 τι

2270 1812 2379 1863 τῶν
2434 1805 2707 1884 ἡμετέρων
2765 1805 3097 1883 παραστήσει
3155 1805 3374 1872 ταῦτην·
3423 1802 3545 1862 ἀλλ’
3608 1803 3663 1860 ἐν
3720 1802 3917 1882 ἀκριϐεῖ

543 1913 658 1977 que
686 1896 842 1994 quod
872 1896 1214 1994 quidquam.
1246 1914 1446 1959 rerum
1480 1895 2191 1994 nostratium_eaplicare

2275 1895 2524 1963 ἆκινησίά
2552 1897 2671 1961 νοὸς
2723 1895 2794 1953 τὰ
2839 1899 2957 1974 περὶ
3015 1896 3209 1994 αὐτῆς..
3234 1893 3650 1972 ἆλλαμφθὶντες,
3711 1891 3915 1994 γνωσό-

544 1986 771 2067 possit;
823 1988 927 2048 sed
970 1987 1032 2048 in
1076 1985 1337 2067 perfecta
1396 1987 1613 2048 mentis
1666 1987 2001 2049 cessatione
2031 1987 2193 2048 circa

543 2075 732 2153 ipsam
756 2074 1533 2156 illuminati,cognoscemus
1557 2093 1687 2136 eam
1720 2093 1856 2137 esse
1878 2092 2056 2156 supra
2076 2095 2193 2138 om-

544 2170 644 2226 nia
664 2184 795 2245 quas
825 2184 993 2227 mens
1024 2166 1327 2245 intelligit;
1354 2177 1414 2226 et
1454 2182 1586 2227 cum
1622 2164 1928 2245 mysticum
1956 2166 2102 2243 quid
2135 2174 2195 2228 et

544 2253 847 2316 ineii'abile
868 2255 1190 2329 contineat;
1223 2254 1555 2318 secundum
1590 2255 1703 2317 hoc
1733 2255 1928 2316 solum
1954 2274 2189 2318 sermo-

546 2361 654 2404 nes
686 2344 762 2406 de
786 2344 886 2406 illa
908 2354 1109 2426 erunt,
1141 2354 1199 2407 et
1231 2346 1523 2425 theologia
1544 2344 1873 2417 vocabitur,
1908 2347 2188 2427 quoniam

544 2433 659 2495 hoc
684 2435 760 2497 de
790 2432 911 2498 Deo
938 2435 1157 2497 dicitur
1184 2435 1341 2513 quod
1376 2435 1452 2496 sit
1480 2453 1661 2515 supra
1701 2435 1925 2497 omnia.
1958 2437 2042 2495 Tu
2076 2436 2187 2497 ita-

546 2542 685 2605 que,
712 2543 747 2584 o
782 2532 982 2586 sancta
1004 2524 1283 2603 Trinitas,
1309 2525 1522 2585 divina;
1572 2524 1881 2603 sapientiae
1907 2526 1966 2586 in
1989 2524 2190 2588 Chris-

547 2612 724 2675 tianis
749 2631 990 2694 praeses,
1022 2632 1161 2694 quae
1209 2622 1470 2674 mentem
1521 2613 1685 2692 regis
1717 2622 1783 2673 ut
1810 2631 2073 2693 congrue
2116 2615 2191 2676 de

547 2702 763 2764 divinis
785 2703 1024 2778 sentiat,
1058 2712 1116 2765 et
1148 2721 1264 2764 non
1297 2702 1484 2782 sapiat
1509 2720 1980 2781 supervacanea,
2002 2701 2192 2783 dirige

547 2810 656 2853 nos
677 2792 750 2853 ad
781 2809 1124 2872 supremum
1156 2791 1590 2869 verticem,quo
1623 2792 1705 2853 nil
1735 2789 2055 2853 sublimius
2085 2812 2191 2855 ex-

548 2882 791 2960 cogitari
816 2890 1028 2962 pnest,
1064 2882 1168 2963 qui
1212 2899 1567 2962 supraquam
1601 2881 1861 2960 ignotus,
1896 2889 1955 2943 et
1980 2901 2192 2963 supra—

550 2989 726 3050 quam
777 2970 1005 3033 luctdus
1051 2980 1108 3032 et
1135 2989 1315 3048 supra
1343 2989 1582 3032 omnem
1614 2971 1970 3049 cognitionis
2007 2992 2193 3051 nega-

551 3060 866 3132 tionem,et
894 3059 1597 3122 luminisafﬁrmationem
1618 3061 2191 3144 exsistitQuoniam,

552 3149 692 3211 licet
720 3149 925 3230 ignota
952 3149 1050 3231 sit,
1070 3149 1405 3211 istiusmodi
1448 3150 1807 3226 sublimitas,
1842 3169 1960 3214 non
1991 3158 2194 3217 tamen

2274 2006 2410 2061 μετα
2458 1984 2538 2041 ὅτι
2588 1984 2720 2062 ὑπὲρ
2774 1984 2971 2063 πάντα,
3019 1980 3121 2039 ὅσα
3176 1981 3238 2039 ἄν
3307 1986 3337 2039 ὁ
3369 1990 3490 2047 νοῦς
3522 1984 3735 2053 varium,
3770 1981 3874 2038 icti
3902 1997 3916 2012 '

2272 2076 2361 2132 καὶ
2387 2076 2451 2131 τ’)
2517 2075 2772 2151 μυστικὸν
2830 2075 2920 2130 καὶ
2967 2070 3332 2140 ἁνεκλάλητον
3386 2071 3612 2153 ἔχουσα,
3669 2073 3748 2135 εἰς
3779 2078 3920 2128 τοῦτο

2273 2165 2437 2240 μόνον
2479 2171 2585 2221 τῶν
2657 2164 2831 2242 λόγων
2892 2164 3063 2239 ἔσται,
3126 2164 3219 2220 καὶ
3276 2160 3522 2243 θεολογία
3578 2164 3917 2243 λεχθήσεται,

2274 2253 2406 2311 διότι
2462 2254 2619 2313 τοῦτο
2677 2255 2795 2332 περὶ
2855 2260 2990 2312 Θεοῦ
3048 2252 3288 2332 λέγεται,
3348 2251 3430 2309 ὅτι
3489 2254 3620 2330 ὁπὶρ
3664 2252 3736 2309 τά
3763 2254 3922 2309 πάντα

2274 2343 2402 2402 ἐστί.
2440 2344 2511 2399 Σῖι
2569 2343 2718 2422 γοῦν,
2781 2343 3015 2421 μακαρία
3053 2342 3233 2420 Τριᾶς,
3267 2345 3302 2410 ἡ
3353 2347 3452 2409 τῆς
3515 2343 3572 2399 ὲν
3628 2357 3752 2406 τοῖς
3814 2349 3925 2419 Χρι-

2273 2446 2510 2492 στιανοῖς
2574 2440 2824 2511 περισσοῦ
2910 2434 3096 2512 σοφίας
3173 2431 3387 2512 ἓφορος,
3476 2430 3787 2509 κυϐερνῶσα
3845 2434 3925 2488 τον

2271 2524 2411 2596 νοῦν,
2449 2526 2521 2586 ὡς
2584 2525 2646 2579 ἂν
2690 2525 3070 2600 προσηκόντως
3128 2535 3246 2587 τοῖς
3315 2524 3469 2586 θείοις
3536 2529 3655 2599 νοῇ,
3710 2525 3801 2578 καὶ
3855 2524 3927 2596 μὶ,

2274 2615 2495 2691 περισσὰ
2558 2614 2858 2691 σοφῖζηται,
2896 2611 3073 2668 ἴθῦνον
3112 2612 3259 2685 ἡμᾶς
3319 2612 3404 2667 ἐπὶ
3470 2612 3569 2678 τὴν
3626 2612 3924 2689 ἆλροτᾶτην

2273 2704 2536 2783 κορυφὴν,
2608 2704 2698 2758 καὶ
2745 2704 2869 2778 ὀπὲρ
2918 2702 2983 2769 ἣν
3039 2701 3132 2756 οὒκ
3193 2701 3306 2757 ἔστι
3374 2723 3424 2756 τι
3475 2700 3816 2776 ὁψηλότερον
3846 2701 3929 2757 ἐν·

2273 2802 2461 2864 νοῆσαι
2519 2792 2615 2861 τὴν
2690 2792 3091 2869 ὅπεράγνωιτον
3149 2791 3238 2846 καὶ
3317 2792 3586 2871 ὑπερφαῆ,
3645 2792 3751 2858 τὴν
3807 2791 3932 2863 ὒπὲρ

2274 2889 2446 2938 πᾶσαν
2504 2883 2593 2938 καὶ
2661 2881 2928 2961 ἀπόφασιν
2973 2880 3245 2958 γνώσέως,
3305 2883 3394 2939 καὶ
3468 2883 3775 2961 κατάφασιν
3828 2882 3929 2960 (ρᾶ-

2280 2993 2390 3032 ους.
2426 2971 2559 3028 "Ott
2604 2973 2761 3027 εἶκαὶ
2814 2971 3083 3047 ἄγνωστος
3155 2970 3296 3026 ἐστιν
3351 2974 3387 3040 ἡ
3419 2972 3641 3037 τοιαύτη
3672 2972 3928 3049 ἀκρότης,

2280 3060 2399 3117 ἀλλ’
2432 3062 2553 3141 οὐχὶ
2610 3063 2682 3125 ὡς
2750 3059 2977 3136 μηδαμῆ
3022 3056 3283 3134 μηδαμῶς
3316 3068 3470 3115 οὖσα·
3507 3059 3631 3116 ἀλλ’
3697 3063 3776 3123 ὡς
3810 3063 3933 3116 οὖσα

2280 3152 2401 3230 μέν,
2437 3152 2636 3207 νικῶσα
2679 3148 2735 3205 δὲ,
2791 3148 2958 3215 ἐξίσυυ
3015 3150 3103 3205 καὶ
3149 3155 3250 3205 πᾶν
3306 3149 3461 3228 φάος,
3520 3147 3775 3216 δηλονότι
3831 3156 3934 3206 7:5-

552 3239 726 3317 quasi
749 3239 910 3303 nullo
940 3238 1115 3300 modo
1144 3240 1243 3320 sit,
1264 3239 1365 3302 sed
1389 3247 1666 3319 tanquam
1691 3241 1904 3304 existat
1922 3241 2191 3319 quidem,

2281 3264 2378 3298 σαι
2423 3247 2641 3319 γνῶσιν,
2707 3241 2795 3298 καὶ
2866 3246 3040 3296 πᾶσαν
3094 3238 3380 3317 ἀγνωσίαν·
3443 3245 3599 3295 τοῦτο
3658 3240 3769 3317 γὰρ
3826 3240 3933 3295 ἐστι

552 3315 655 3391 sed
688 3346 756 3390 ex
787 3347 961 3410 aequo
989 3328 1169 3391 etiam
1197 3315 1375 3391 omne
1396 3315 1597 3392 lumen
1630 3330 1841 3411 viucat,
1869 3315 2039 3393 idest
2060 3315 2191 3393 omé

2278 3333 2340 3386 τὸ
2370 3329 2654 3409 ὑπερφαὲς,
2706 3334 2803 3385 καὶ
2864 3333 3015 3392 αῦθϊς
3078 3329 3139 3386 τὸ
3186 3328 3617 3407 ὑπεράγνωστονο
3679 3329 3739 3384 ἐν
3787 3329 3825 3397 ἦ
3874 3326 3935 3395 δὴ

550 3436 691 3481 nem
735 3419 1133 3497 cognitionem
1161 3425 1220 3481 et
1264 3436 1503 3481 omnem
1567 3420 1996 3499 ignorationem
2033 3437 2050 3496 ;
2085 3422 2197 3484 hoc

550 3508 711 3569 enim
732 3515 822 3569 est
849 3524 1207 3588 supraquam
1241 3506 1651 3589 lucens,atque
1672 3510 1813 3571 item
1838 3528 2193 3591 supraquam

550 3595 909 3677 ignotumJn
938 3616 1056 3678 quo
1076 3597 1287 3679 utique
1316 3597 1558 3674 vertice,
1592 3598 1912 3679 simplicia,
1945 3607 2006 3661 et
2055 3599 2192 3661 uni-

553 3687 764 3749 formis
783 3694 842 3748 et
870 3686 1437 3761 absoluta,videlicet
1457 3705 1526 3750 ea
1555 3706 1688 3769 quae
1716 3689 1848 3751 sine
1876 3687 2193 3769 symbolis,

552 3784 611 3839 et
638 3784 703 3839 ut
730 3784 889 3851 sunt,
922 3776 1200 3859 existunt,
1222 3795 1344 3839 non
1380 3784 1580 3839 tamen
1612 3777 1947 3857 parabolice
1975 3786 2194 3858 myste-

550 3865 640 3927 ria
659 3865 990 3928 secundum
1014 3883 1371 3947 supraquam
1403 3865 1660 3928 lucidam
1712 3866 1926 3928 occulti
1988 3867 2194 3947 mysti-

552 3954 726 4037 cique
746 3954 967 4019 silentii
987 3954 1302 4035 caliginem
1328 3954 1691 4035 velantur,in
1720 3954 1833 4017 hac
1854 3955 2056 4036 utique
2087 3973 2192 4017 ca-

547 4044 732 4125 ligine
763 4044 1324 4120 tenebricosissima,
1351 4052 1593 4127 propter
1634 4050 1973 4126 mysterium
2003 4054 2062 4107 et
2088 4063 2192 4107 ar-

549 4153 760 4197 canum
784 4154 1142 4217 supraquam
1190 4135 1389 4197 lucent
1414 4153 1484 4196 ea
1512 4152 1644 4216 quas
1691 4152 2045 4216 supraquam
2092 4135 2189 4197 lu-

548 4224 853 4287 cidissima
901 4233 1061 4305 sunt,
1111 4231 1356 4306 propter
1400 4223 1752 4286 infinitatem
1806 4224 2098 4286 donorum
2123 4243 2192 4287 ac

550 4315 1055 4396 providentiarum
1096 4321 1156 4376 et
1198 4314 1628 4377 beneﬁciorum
1679 4312 1812 4393 Dei,
1862 4332 1933 4377 ex
1974 4314 2192 4396 quibus

548 4421 905 4487 supraquam
951 4403 1108 4467 lucet
1138 4402 1283 4465 illud
1329 4403 1437 4467 Dei
1491 4402 1986 4481 secretissimum,
2019 4413 2079 4468 et
2101 4416 2192 4467 ta—

549 4501 739 4573 ctum,
771 4492 1085 4574 visumque
1125 4492 1490 4571 fugientibus
1532 4511 1895 4574 supraquam
1930 4493 2196 4574 pulchris

548 4581 875 4661 fulgoribus
903 4592 963 4645 et
990 4581 1413 4664 splendoribus
1444 4588 1677 4645 mentes
1706 4583 1896 4645 oculis
1925 4592 2197 4648 carentes

2279 3425 2479 3499 κορυφῇ
2528 3421 2593 3475 τὰ
2652 3417 2796 3475 ἀπλᾶ
2847 3418 2936 3475 καὶ
2992 3415 3193 3485 ἑνοειδῆ
3252 3421 3340 3473 καὶ
3381 3415 3641 3493 ἀπόλυτα,
3696 3419 3768 3473 τὰ
3812 3416 3936 3497 δίχα

2279 3506 2370 3576 δη)
2384 3507 2482 3577 αδὴ
2512 3506 2815 3589 σῦμϐόλων,
2848 3509 2936 3564 καὶ
2980 3508 3050 3569 ὡς
3085 3508 3302 3587 ’ἔχουσιν
3346 3505 3471 3563 ὄντα
3495 3520 3511 3537 ³
3565 3510 3625 3565 οὔ
3677 3508 3795 3581 μὴν
3828 3529 3937 3564 πα-

2279 3594 2577 3665 ραϐολικῶς
2636 3598 2899 3675 μυστήρια
2981 3596 3118 3654 κατὰ
3195 3597 3285 3653 τὸν
3355 3596 3663 3676 ὑπέρτωτον
3739 3596 3935 3675 γνόφον

2276 3692 2376 3750 τῆς
2433 3688 2650 3767 κρυφίοις
2708 3688 2793 3744 καί
2840 3691 3103 3761 μυστικῆς
3152 3690 3308 3763 σιγῆς
3374 3684 3730 3759 κεκᾶιλυπταί,
3797 3686 3854 3743 ἐν
3894 3688 3936 3759 ᾧ

2277 3774 2343 3843 δὴ
2385 3778 2566 3857 γνόφῳ
2635 3775 3019 3850 σκοτεινοτάτῳ
3049 3773 3134 3832 διὰ
3187 3775 3251 3831 τὸ
3281 3775 3537 3843 μοστικὸν
3583 3775 3672 3830 καὶ
3704 3774 3934 3853 ἂρρῆτον

2277 3866 2676 3945 ὓπερλαμπουσι
2760 3866 2827 3921 τὰ
2907 3862 3357 3945 ὑπερφονέστατα,
3438 3862 3524 3919 διὰ
3579 3865 3643 3919 τὸ
3714 3863 3936 3944 ἄπειρον

2276 3958 2382 4014 τὼν
2429 3963 2522 4013 τοῦ
2584 3962 2715 4013 Θεοῦ
2776 3952 2983 4033 δωρεῶν
3053 3955 3143 4010 καὶ
3200 3975 3461 4034 προνοιων
3545 3953 3634 4010 καὶ
3714 3957 3933 4035 εὗεργε-

2274 4046 2428 4123 σιῶν,
2480 4044 2533 4112 ἐξ
2579 4048 2653 4101 ὧν
2722 4042 3055 4122 ὑπερλάμπει
3118 4043 3174 4100 τὸ
3217 4051 3308 4099 τοῦ
3358 4048 3487 4100 Θεοῦ
3537 4044 3934 4123 κρυφιώτατον,

2275 4138 2362 4193 καὶ
2416 4135 2472 4191 ἒν
2524 4138 2602 4207 τῷ
2658 4133 2853 4212 ἆναφεΐ
2935 4134 3023 4189 καὶ
3099 4133 3331 4211 αοράτῷ,
3413 4155 3518 4189 των
3613 4132 3933 4212 ὑπερκάλων

2273 4224 2514 4305 ἀγλαϊῶν
2572 4224 2659 4280 καὶ
2705 4222 3091 4299 λαμπροτάτων
3147 4221 3540 4301 ὑπερπληροῦσι
3584 4223 3710 4288 τοὺς
3756 4225 3933 4299 ἀνομ-

2275 4322 2471 4391 μάτους
2500 4314 2649 4391 νόας,
2679 4313 2798 4378 τοὺς
2841 4334 2964 4388 κατ,
3025 4310 3185 4369 ἄλλον
3228 4313 3424 4389 τρόπον
3488 4310 3936 4387 πολοομμᾶτους,

2275 4404 2371 4468 τὰς
2424 4402 2712 4482 ἀγγελικας
2783 4424 2923 4481 φημι
3012 4402 3099 4457 καὶ
3155 4403 3297 4465 θείας
3382 4398 3655 4482 δυναμειςο
3715 4405 3780 4459 0-5
3839 4404 3941 4480 γὰρ

2278 4480 2563 4575 ὀφθαλμῶν
2619 4480 2882 4559 αἰσθητων
2953 4493 3057 4547 εἶσι
3116 4493 3322 4566 μεστοὶ,
3383 4480 3504 4546 ιίτλλ⁸
3561 4492 3706 4548 ἓστιν
3766 4493 3943 4547 αὖτῶν

2277 4585 2313 4653 ἡ
2353 4583 2500 4640 obsim
2542 4581 2633 4639 ἃτε
2691 4581 2795 4654 ζῶν
2876 4588 3019 4653 νοῦς,
3054 4581 3084 4637 ὅ
3130 4581 3270 4637 ἐστιν
3328 4579 3598 4658 ὀφθαλμὸς
3655 4578 3943 4659 ὺξυδερκὲ-

548 4668 758 4749 implet
805 4689 954 4753 quas
988 4671 1104 4733 alio
1137 4670 1312 4733 modo
1359 4672 1682 4734 multorum
1715 4673 2027 4734 oculorum
2063 4692 2191 4736 esse

2283 4694 2493 4751 στατος,
2547 4674 2604 4728 αἳ
2650 4673 2740 4729 καὶ
2797 4670 3095 4745 ἆνιίμματοι
3154 4668 3475 4749 λογίζονται,
3524 4666 3613 4724 διὰ
3678 4671 3771 4725 τὸν
3822 4668 3917 4726 ἄδυ

551 4756 723 4840 dicit,
755 4761 1052 4841 angelicas
1098 4760 1332 4823 scilicet
1358 4759 1711 4842 divinasque
1754 4761 2042 4824 virtutes:
2079 4781 2198 4825 non

549 4847 709 4910 enim
733 4850 1059 4913 sensilibus
1088 4849 1277 4914 oculis
1310 4849 1501 4932 plenae
1540 4859 1703 4933 sunt,
1740 4850 1845 4913 sed
1871 4868 2078 4913 earum
2112 4871 2201 4916 es-

550 4939 743 5009 sentia
770 4940 1181 5023 vivaquaadam
1212 4957 1381 5002 mens
1401 4948 1511 5018 est,
1539 4940 1597 5003 id
1623 4947 1716 5003 est
1735 4941 1944 5003 oculus
1967 4942 2198 5022 perspi-

550 5031 924 5112 cacissimus,
967 5049 1100 5113 qua;
1132 5038 1192 5093 et
1219 5030 1411 5094 oculis
1441 5048 1650 5093 carere
1707 5030 1849 5093 532
1893 5039 2197 5115 censetur,

554 5129 797 5205 propter
829 5122 1192 5183 inaccessam
1216 5118 1379 5181 illam
1404 5119 1718 5202 caliginem
1747 5120 1966 5184 silentii
1989 5120 2195 5183 divini.

550 5211 618 5276 In
647 5219 931 5292 quantum
964 5209 1159 5290 itaque
1187 5206 1344 5271 Deus
1376 5209 1700 5273 invisibilis
1731 5217 1850 5293 est,
1876 5210 1939 5273 in
1968 5218 2199 5273 tantum

553 5300 731 5366 etiam
763 5304 998 5361 mentes
1026 5297 1153 5360 haec
1196 5297 1383 5360 oculis
1426 5307 1649 5361 carent.
1686 5297 2199 5373 Quemadmodum

552 5391 714 5454 enim
745 5388 877 5469 ipse
899 5384 1212 5450 invisibilis
1240 5387 1561 5464 exsistens,
1607 5388 1789 5451 simul
1820 5406 2058 5452 omnem
2084 5388 2207 5467 pul-

553 5479 958 5543 chritudiuem
979 5483 1043 5538 et
1071 5474 1430 5539 desiderium
1455 5476 1714 5553 excedit,
1747 5486 1808 5541 et
1840 5496 1960 5540 non
1981 5475 2204 5539 idcirco

553 5569 713 5652 quod
735 5587 854 5631 non
886 5566 1179 5647 videatur,
1210 5564 1676 5646 despicitur,sed
1704 5572 1764 5628 tn
1786 5574 2073 5651 quantum
2104 5566 2205 5631 de-

553 5658 881 5732 sideratur,
930 5653 1478 5738 pulchritudinibus
1520 5654 1832 5739 adimplet.
1894 5654 1994 5720 Sic
2025 5656 2201 5719 etiam

556 5754 794 5817 mentea
819 5744 1007 5811 oculis
1035 5751 1307 5811 carentes
1335 5752 1614 5833 respectu
1629 5745 1972 5834 splendoris
1992 5763 2197 5813 earum

2282 4783 2371 4819 τον
2416 4762 2611 4842 γνόφον
2668 4765 2766 4829 τῆς
2822 4762 2960 4825 θείας
3004 4761 3185 4837 σιγῆς.
3264 4761 3400 4817 Καθὲι
3461 4765 3586 4835 γοῦν
3642 4761 3705 4815 τὸ
3776 4761 3945 4817 Θεῖον

2282 4851 2525 4928 ἀόρατον,
2592 4851 2725 4908 κατὰ
2779 4856 2935 4908 τοῦτο
2966 4850 3052 4906 καὶ
3122 4849 3169 4906 οἱ
3198 4850 3314 4911 νόες
3344 4847 3671 4923 ἂνόμματοι.
3707 4848 3809 4912 Ὠς
3844 4850 3944 4927 γὰρ

2282 4943 2460 5000 ἐκεῖνο
2518 4941 2743 5020 ἀόρατον
2796 4939 2876 5019 ὅν,
2938 4937 3087 5013 ὅμως
3143 4936 3271 5016 ὑπὲρ
3320 4943 3492 4993 πᾶσαν
3545 4936 3824 5005 καὶλονὴν
3859 4940 3944 4993 καὶ

2283 5032 2457 5111 ἔφεσὶδ
2527 5030 2662 5088 ἐστι*
2721 5029 2807 5085 καὶ
2864 5030 2923 5085 οὗ
2975 5026 3107 5084 διότι
3163 5028 3269 5107 οὐχ
3300 5029 3505 5103 ὁρᾶται,
3566 5039 3942 5107 καταφρονεῖ-

2281 5122 2390 5195 τάι,
2426 5119 2563 5177 ἀλλὰ
2593 5118 2724 5175 διότι
2755 5120 3025 5197 ποθεϊται,
3086 5122 3191 5174 τῶν
3262 5115 3539 5173 καλλονῶν
3592 5115 3940 5194 ἀποπληροῖ,

2284 5211 2433 5271 Οὕτω
2487 5212 2570 5266 καὶ
2631 5209 2678 5266 οἱ
2736 5207 2847 5273 νόες
2905 5206 3204 5282 ἀνόμματοι
3272 5206 3420 5271 ὅντες
3479 5206 3612 5284 πρὸς
3684 5207 3750 5261 τὸ
3812 5206 3942 5284 ὖπὲρ

2284 5298 2478 5357 ϐάλλον
2532 5304 2629 5367 τῆς
2681 5296 3062 5374 λαμπρότητος
3109 5298 3157 5353 οἱ
3216 5294 3593 5370 πολοόμματοι
3638 5297 3784 5352 κατὰ
3845 5295 3943 5352 ἆλ-

2287 5388 2379 5446 λον
2435 5388 2654 5469 τρόπον,
2699 5389 2774 5451 ὡς
2832 5386 3194 5465 πολύγνωστοι
3254 5390 3361 5439 τῶν
3413 5386 3551 5441 κατᾶ
3606 5385 3709 5452 τὴν
3739 5386 3944 5442 οἰκείαν

2287 5478 2501 5555 δύναμιν
2527 5478 2798 5556 γνώσιων,
2830 5475 2976 5551 ὅμως
3023 5475 3120 5542 τῆς
3175 5474 3316 5536 θείας
3375 5470 3723 5548 λαμπηδόνος
3757 5475 3944 5554 ἐφίεν-

2285 5580 2396 5624 ται⁶
2456 5568 2542 5624 καὶ
2639 5569 2698 5625 οὗ
2754 5562 2887 5621 διότι
2962 5563 3057 5621 οὒκ
3135 5563 3467 5644 ἐφικνοῦνται
3536 5559 3716 5622 διόλου
3762 5585 3943 5619 κατα-

2285 5664 2587 5737 φρονοόσιν,
2640 5652 2778 5711 ἀλλὰ
2834 5652 2968 5710 διότι
3038 5655 3284 5723 ποθοῦσι,
3334 5656 3441 5708 τῶν
3472 5648 3755 5708 καλλονῶν
3820 5650 3947 5708 Ena-

2283 5745 2638 5826 πίμπὶανται,
2693 5744 2763 5804 Τὸ
2820 5741 2874 5802 δὲ
2927 5742 3122 5826 ἀναφὲς
3150 5741 3251 5820 ‘pii
3318 5741 3455 5802 κατὰ
3508 5742 3610 5812 τὴν
3668 5738 3946 5813 αἴσθητὴν
