4134 6156
347 429 498 498 1017

809 428 908 496 DE
952 429 1288 497 MYSTIGA
1367 426 1830 504 THEOLOGIA,
1874 426 1990 492 CA1

2099 425 2150 490 Ι.
2198 457 2274 473 --
2306 424 2705 504 ,PARAPHR.
2753 412 3247 490 PACHYMERE

3565 409 3718 482 1018

336 564 569 646 ἆκλά5ῃς
599 564 765 646 ἁφὴν,
797 563 933 622 ἀλλὰ
991 564 1126 623 κατὰ
1165 567 1267 634 τὴν
1326 563 1549 636 νοητὴν,
1606 563 1718 633 ἣτις
1778 565 1918 622 ἐστὶν
1948 564 1982 630 ἡ

2074 568 2300 643 captum
2333 561 2824 632 excedentis.alio
2856 563 3032 626 modo
3056 559 3258 625 multis
3282 556 3470 624 oculis
3500 555 3719 619 instruv

336 665 557 738 γνῶσις.
588 657 679 715 Ἐν
710 662 834 736 γοῦν
861 655 939 731 τῷ
967 655 1183 737 ἀναιρεῖ,
1234 655 1398 734 ἢγουν
1452 655 1529 718 τῷ
1578 653 1837 732 ἀγνώστῳ
1892 653 1980 710 ααὶ

334 748 566 821 ἀοράτῳ.
627 750 686 806 οὗ
741 747 899 802 παύει
972 747 1060 802 τὸν
1132 747 1292 802 πόθον
1369 745 1476 801 τῶν
1535 743 1976 822 ἀνατεινομένων,

336 836 473 894 ἀλλά
531 834 734 910 μᾶλλον
794 835 1153 914 ἀναζωπυρεῖ,
1241 833 1321 890 διὸ
1403 835 1490 890 καὶ
1550 840 1656 890 τῶν
1707 832 1982 890 καλλονῶν

337 924 646 1004 ὶρπίπλησι,
706 925 779 980 Σὺ
834 923 912 997 δὲ,
953 927 998 980 ὧ
1092 923 1225 980 καλὲ
1285 923 1506 998 Τιμόθεε
1543 923 1835 1004 ,σύντονος
1893 923 1983 979 ἔσο

336 1017 466 1092 πρὸς
525 1037 591 1072 τα
641 1015 868 1090 μυστικά
928 1014 1189 1092 θεάματα,
1256 1016 1327 1080 ὡς
1393 1012 1456 1068 ἂν
1514 1011 1610 1068 κᾶίν
1671 1014 1808 1068 οὕτω
1865 1024 1982 1075 τοῖς

334 1105 492 1165 θείοις
559 1107 631 1168 ὡς
691 1104 906 1183 ἐφικτὸν
976 1104 1312 1180 ἒντρανίσῃς,
1370 1103 1466 1166 Ὠς
1533 1103 1632 1180 γὰρ
1689 1101 1774 1158 ἐπὶ
1843 1124 1986 1166 τινος

337 1193 526 1269 ὁλκῆς,
587 1193 706 1274 φέρε
786 1195 958 1249 εἰπεῖν
1014 1190 1098 1251 διὰ
1153 1194 1371 1272 σχοίνου
1399 1192 1586 1270 βάρους
1617 1193 1759 1254 τινος
1791 1191 1989 1268 ὀφείλει

338 1285 581 1350 σύντονος
611 1297 750 1340 εἶναι
781 1286 809 1341 ὁ
840 1282 1034 1362 ἕλκων,
1068 1283 1156 1339 καὶ
1186 1281 1352 1358 μηδὲν
1381 1282 1574 1357 μεταξὺ
1604 1284 1700 1348 τῆς
1735 1281 1980 1338 ἑλκυστι-

337 1375 440 1440 κῆς
497 1371 768 1447 δυνάμεως
838 1372 1146 1451 γαθυερεῖναι
1204 1371 1316 1452 (ξαν
1381 1373 1480 1451 γὰρ
1534 1375 1761 1451 καθυφῇ,
1821 1371 1980 1428 πάλιν

336 1462 573 1544 ἀρχῆθεν
624 1464 780 1543 χρεία
833 1466 1148 1540 συναγωγῆς
1207 1461 1302 1530 τῆς
1360 1460 1654 1540 δυνάμεως,
1696 1461 1782 1518 καὶ
1823 1457 1980 1518 πάλιν

335 1552 539 1618 τάσεως
619 1552 865 1610 συντόνου
898 1568 913 1582 ’
973 1550 1072 1608 καὶ
1117 1551 1206 1610 ἐὰν
1281 1551 1442 1610 πᾶλιν
1498 1555 1703 1631 καθυφῇ
1777 1551 1863 1609 ἐπι
1919 1552 1982 1608 τὸ

332 1639 563 1722 ἰξαρχῆς
618 1641 756 1714 ἡξει,
803 1641 898 1699 καί
942 1639 1087 1700 ούδέν
1136 1640 1384 1700 εὖοδώσει
1428 1657 1444 1673 '
1494 1643 1529 1710 ἡ
1589 1651 1690 1722 γὰρ
1750 1641 1835 1698 ἐπὶ
1885 1664 1979 1717 μισ

2065 661 2194 722 ctae,
2221 661 2500 735 tanquam
2525 652 2837 718 multiscize
2855 654 3048 736 quoad
3079 651 3449 733 cognitiones
3474 662 3721 736 earum-

2065 742 2199 803 dem
2233 746 2425 822 captui
2457 735 2956 820 accommodatas,
2993 743 3225 806 divinas
3253 745 3540 822 expetunt
3573 735 3714 797 illu-

2066 832 2424 907 straliones;
2483 852 2595 895 nec
2651 834 2878 896 idcirco
2939 834 3098 914 quod
3157 851 3256 896 eas
3315 833 3712 909 assequentur

2066 923 2247 982 etiam
2280 932 2690 1002 contemnunt,
2726 925 2830 986 sed
2857 924 3015 1005 quod
3047 942 3145 984 eas
3178 922 3544 991 desiderent,
3574 914 3719 996 pul-

2069 1012 2512 1074 chritudinubis
2567 1015 2898 1095 replentur.
2938 1013 3086 1078 [llud
3136 1026 3334 1075 autem
3379 1009 3573 1090 ἀναφὲς
3645 1020 3722 1066 [ιθ

2069 1102 2398 1164 secundum
2421 1113 2637 1164 tactum
2688 1103 2971 1166 sensilem
3020 1103 3306 1182 accipias,
3365 1097 3472 1161 sed
3497 1113 3718 1157 secun-

2072 1190 2214 1252 dum
2275 1192 2712 1269 intellectilem,
2747 1212 2878 1276 quas
2937 1201 3027 1256 est
3081 1198 3240 1254 notio
3299 1189 3588 1276 [taquein
3623 1185 3718 1276 in-

2063 1279 2248 1346 tactili
2274 1300 2380 1344 seu
2404 1284 2601 1362 ignoto
2636 1295 2692 1346 et
2735 1273 3172 1360 inaspectabili,
3209 1300 3329 1343 non
3363 1278 3518 1342 sistit
3548 1273 3718 1337 desi-

2063 1368 2296 1432 derium
2317 1389 2519 1434 rerum
2580 1371 2960 1454 optabilium,
2992 1372 3097 1436 sed
3131 1371 3328 1451 potius
3366 1365 3718 1443 exsuscitat,

2066 1458 2224 1521 unde
2255 1461 2432 1523 etiam
2457 1462 3005 1542 pulchritudinibus
3047 1461 3360 1541 adimplet.
3393 1457 3484 1520 Tu
3517 1472 3722 1529 vero,o

2067 1546 2223 1611 bone
2254 1549 2589 1634 Timothee,
2621 1553 2879 1634 mysticis
2941 1551 3302 1634 spectaculis
3332 1545 3603 1617 intende,
3660 1548 3729 1634 ut

2064 1639 2154 1702 vel
2184 1642 2271 1701 sic
2302 1640 2530 1704 divinas
2559 1633 2656 1704 res
2686 1633 2796 1704 ’uti
2830 1641 3026 1719 decet,
3063 1649 3366 1722 penetres.
3415 1633 3724 1711 Quemad-

331 1733 456 1809 κρὸν
513 1731 692 1814 ὕιρεσις
749 1733 811 1790 τὸ
884 1737 990 1788 πᾶν
1071 1730 1415 1806 ἀπόλλυσιν)
1477 1730 1614 1788 οὕτω
1694 1729 1823 1788 λάϐε
1894 1733 1982 1788 καὶ

331 1819 418 1878 ἐπὶ
472 1821 569 1890 τῆς
621 1822 761 1886 θείας
820 1821 1258 1901 ἑπεντρανίσεως,
1324 1821 1387 1891 ἦν
1420 1825 1508 1880 καὶ
1557 1818 1826 1901 διατριϐὴν
1885 1819 1980 1877 λέ·

2065 1728 2309 1792 modum
2367 1732 2525 1793 enim
2557 1736 2607 1794 si
2655 1733 2750 1795 cui
2797 1732 2961 1814 fune,
3020 1738 3086 1794 ut
3118 1731 3204 1794 sic
3266 1731 3482 1802 dicam,
3543 1741 3726 1808 grave

2065 1819 2297 1898 pondus
2323 1820 2565 1904 aliquod
2620 1821 3064 1896 attrahendum,
3112 1821 3378 1883 intentus
3419 1833 3578 1897 esse,
3610 1829 3726 1876 nec

332 1932 441 1991 γει.
493 1910 637 1975 Τέως
693 1911 748 1968 δὲ
801 1914 890 1969 καὶ
942 1912 1038 1975 τὰς
1095 1911 1362 1983 αἰσθήσεις
1406 1911 1664 1985 ἀπόΑιπε,
1736 1911 1816 1968 ὅτι
1851 1910 1980 1990 ὑπὲρ

2074 1908 2386 1991 quidquam
2418 1911 2742 1974 attractivae
2776 1912 3070 1976 facultatis
3131 1909 3378 1974 interim
3421 1906 3727 1970 remittere

331 1999 607 2081 αἴσθησιν,
665 2001 752 2058 καὶ
807 2003 904 2066 τάς
959 2001 1194 2076 νοήσεις,
1256 1999 1337 2059 ὅτι
1388 2001 1518 2080 ὑπὲρ
1574 2001 1760 2068 νόησιν
1807 2016 1823 2032 ⁸
1885 2001 1982 2058 καὶ

2074 1997 2247 2060 debet
2281 1998 2441 2080 (nam
2474 2001 2523 2063 si
2555 2001 2702 2083 quid
2758 2003 3082 2078 remiserit,
3115 2018 3324 2064 rursus
3370 1999 3444 2061 ab
3475 1997 3642 2059 initio
3665 1999 3730 2054 ut

333 2090 506 2148 πάντα
549 2091 768 2159 αἰσθητά
816 2091 904 2148 καὶ
948 2091 1114 2159 νοητά
1156 2087 1420 2164 σύμϐολα,
1479 2091 1568 2147 καί
1619 2091 1698 2164 μὴ
1726 2089 1854 2147 ὅντα
1898 2083 1988 2146 καὶ

2074 2086 2225 2150 vires
2255 2089 2497 2168 colligat
2533 2099 2593 2154 et
2641 2090 2914 2155 intendat
2967 2109 3216 2153 necesse
3262 2097 3377 2172 est,
3423 2095 3480 2150 et
3530 2086 3579 2146 si
3610 2085 3727 2145 ite-

336 2181 486 2255 ὂντα,
546 2179 608 2236 ἐκ
661 2179 1010 2258 παραλλήλου
1049 2181 1104 2236 τὰ
1160 2181 1315 2239 asta.
1365 2181 1440 2239 Τὰ
1483 2180 1583 2259 γὰρ
1613 2179 1838 2246 αἰσθητά
1866 2178 1988 2236 ἐκεί·

2074 2195 2202 2239 rum
2253 2180 2539 2258 remittat,
2595 2179 2792 2243 denuo
2837 2182 2908 2243 ad
2967 2181 3322 2263 principium
3381 2175 3621 2250 redibit,
3670 2179 3728 2234 et

338 2268 464 2325 λουν
496 2270 572 2344 μὴ
619 2267 771 2338 ὄντα,
825 2267 917 2326 ἅτε
974 2267 1278 2344 μεταϐολῆς
1333 2270 1548 2337 ἀπάσης
1593 2269 1819 2326 πάντοτε
1850 2289 1986 2344 μετ-

2074 2267 2221 2330 nihil
2271 2279 2435 2332 recte
2491 2280 2751 2352 peraget,
2798 2274 3078 2355 quoniam
3111 2271 3201 2334 vel
3236 2287 3411 2350 parva
3438 2263 3725 2330 remissio

346 2357 566 2436 έχοντα,
597 2359 687 2415 καὶ
743 2359 821 2434 μὴ
891 2359 1142 2423 ὡσαύτως
1200 2359 1281 2414 ἀεί
1339 2359 1466 2416 ὄντα
1500 2377 1516 2394 ⁸
1574 2360 1641 2416 τα
1697 2357 1748 2414 δὲ
1823 2358 1990 2426 νοητᾶ

2074 2368 2258 2423 totum
2312 2360 2585 2438 destruit)
2619 2383 2633 2436 ;
2665 2362 2754 2424 sic
2775 2363 2954 2425 etiam
2999 2364 3204 2443 accipe
3237 2362 3297 2422 in
3357 2357 3555 2420 divina
3590 2371 3723 2436 per-

347 2445 496 2521 ὅντα,
532 2449 602 2510 ὡς
629 2447 682 2503 ἐν
727 2448 1009 2514 ταῦτὸτητι
1059 2447 1309 2522 μένοντα,
1364 2449 1452 2504 καὶ
1510 2449 1639 2526 πρὸς
1695 2449 1792 2516 τὴν
1851 2447 1990 2504 ἕνω-

2074 2451 2459 2525 scrutatione,
2495 2470 2672 2532 quam
2723 2459 2781 2513 et
2830 2453 3325 2516 exercitationem
3375 2455 3566 2511 vocat.
3616 2445 3732 2506 Eo-

346 2559 454 2617 σιν,
486 2538 584 2604 τὴν
625 2538 820 2594 ἑνιαίαν
864 2537 1070 2604 ἐκείνην
1101 2538 1186 2593 καὶ
1242 2537 1417 2613 ἀμερῆ
1473 2559 1562 2594 και
1623 2539 1762 2594 θείαν
1823 2539 1990 2594 ὡσαν-

2079 2558 2264 2619 usque
2294 2547 2490 2603 autem
2524 2559 2735 2603 sensus
2766 2543 3062 2624 relinque,
3094 2540 3376 2624 quoniam
3400 2554 3578 2618 supra
3599 2551 3736 2596 sen-

344 2626 389 2684 εὶ
436 2626 642 2694 νόησιν.
678 2627 842 2685 Τοῦτο
899 2627 998 2704 γάρ
1046 2629 1188 2682 ἐστιν
1239 2629 1274 2695 ἡ
1329 2627 1537 2700 ἐνωσις,
1572 2627 1691 2684 καθ’
1748 2627 1812 2694 ἦν
1839 2627 1990 2686 ἐνοῦ-

2077 2647 2205 2690 sum
2242 2678 2258 2704 ,
2295 2639 2355 2690 et
2377 2631 2834 2714 intellectiones,
2881 2633 3021 2714 quia
3071 2651 3248 2712 supra
3298 2628 3670 2691 intellectum
3706 2643 3722 2684 :

339 2719 489 2774 ταιὸ
533 2727 674 2790 νοῦς,
753 2718 841 2774 καί
892 2717 1172 2794 συνάγεται
1247 2718 1320 2780 εἰς
1398 2719 1459 2773 τὸ
1542 2717 1865 2785 κατανοῆσαι
1914 2739 1986 2777 τι.

2076 2719 2396 2800 omniaque
2408 2722 3150 2802 sensiliaintellectiliaque
3164 2718 3581 2800 symbola,tam
3597 2730 3729 2795 quin

342 2806 658 2884 Ἀγνώστως
717 2806 1029 2873 ἀνατέθητι*
1089 2807 1236 2874 πλὴν
1293 2805 1347 2862 δὲ
1407 2810 1507 2887 μὴ,
1558 2807 1639 2864 ὁτι
1701 2807 1990 2884 ἀγνώστως

2078 2825 2194 2868 non
2208 2814 2528 2891 suntquam
2553 2831 2687 2893 quae
2707 2823 2947 2888 sunt,ex
2963 2812 3236 2893 opposito
3266 2806 3568 2890 ipsa.Nam
3595 2822 3729 2866 sen-

339 2893 505 2975 λὲγω,
566 2893 804 2972 ὑπολάϐῃ
861 2918 962 2966 τις,
1020 2895 1108 2952 ars
1155 2894 1216 2952 σύ
1275 2897 1397 2970 μὲν,
1462 2898 1534 2959 ὡς
1595 2897 1672 2970 μὴ
1745 2897 1990 2975 ἐφικνούο

2075 2899 2204 2959 silia
2234 2900 2606 2963 vocabantea
2623 2922 2755 2984 quas
2772 2922 2888 2964 non
2921 2909 3154 2976 sunt,ut
3177 2918 3308 2981 quae
3331 2916 3570 2960 omnem
3600 2913 3730 2956 mu-

341 3006 498 3058 μενος
557 2988 724 3066 τυχὸν
782 2992 888 3042 τῶν
946 2984 1098 3041 θείων
1149 2987 1503 3064 πραγμάτων,
1538 2987 1755 3064 ἄγνοιαν
1813 2986 1989 3067 ἔχεις,

2075 2987 2362 3051 tationem
2398 2991 2845 3075 participant,et
2877 3011 2994 3054 non
3043 2999 3180 3052 sunt
3227 3005 3468 3070 semper
3509 2984 3722 3075 eodem

340 3074 500 3138 ἄλλος
532 3074 585 3131 δέ
616 3098 696 3140 τις
749 3074 1030 3153 γνώσεται⁹
1091 3073 1211 3130 ἀλλ’
1273 3076 1402 3153 ὑπὲρ
1462 3083 1637 3132 πᾶσαν
1698 3077 1874 3132 ούσίαν
1906 3077 1990 3133 καὶ

2075 3077 2295 3154 modo;
2344 3079 2708 3145 intellectilia
2745 3073 2880 3145 vero
2913 3100 2984 3145 ea
3025 3099 3160 3161 quas
3202 3087 3362 3158 sunt,
3421 3084 3635 3154 utpote
3665 3073 3729 3136 in

341 3165 544 3240 γνῶσιν
592 3165 656 3222 τὰ
707 3166 826 3222 θεῖά
857 3167 980 3240 εἶσι,
1027 3165 1115 3222 καὶ
1173 3162 1450 3232 ἅπολύτως
1514 3171 1674 3222 πᾶσιν
1717 3164 1988 3244 ἄγνωστα,

2076 3166 2381 3230 identitate
2427 3173 2860 3250 permanentia,
2896 3181 2954 3234 et
3010 3188 3196 3252 penes
3238 3169 3520 3231 unionem
3561 3165 3722 3226 illam

341 3252 625 3334 ’Ἂσχετον
678 3253 730 3310 δὲ
762 3253 1007 3311 ἔκστασιν
1063 3253 1208 3332 λέγει
1264 3255 1363 3321 τὴν
1420 3255 1766 3334 ἀναχώρησιν
1811 3256 1989 3321 πάσης

434 3342 444 3359 ν
672 3349 743 3359 --.
883 3350 906 3359 -
999 3342 1021 3359 ,ι
1308 3341 1321 3359 .
1579 3344 1590 3359 ι
1737 3343 1750 3359 ς
1931 3344 1944 3359 ς

2075 3259 2301 3320 unitam
2325 3264 2388 3323 et
2417 3259 2726 3323 indivisam
2757 3262 2830 3324 ad
2861 3261 3118 3324 divinam
3152 3255 3592 3340 quodammodo
3629 3255 3729 3316 in-

342 3342 608 3424 σχέσεως,
672 3349 760 3412 Μὴ
814 3350 939 3422 γοῦν
998 3342 1146 3421 ’έχων
1225 3341 1414 3422 σχέσιν
1490 3344 1628 3417 τινὰ,
1689 3343 1826 3415 μὴτε
1882 3344 1990 3418 μὴν

2076 3346 2646 3414 tellectionemﬂasc
2675 3352 2837 3413 enim
2870 3359 2962 3414 est
2985 3350 3149 3430 unio,
3179 3347 3509 3411 secundum
3538 3361 3714 3426 quam

343 3432 470 3511 πρὸς
531 3432 737 3512 ἑαυτὸν,
798 3433 938 3508 μήτε
995 3434 1104 3506 μὴν
1182 3434 1312 3510 πρὸς
1371 3454 1422 3488 τι
1483 3432 1588 3489 τῶν
1658 3433 1988 3507 κτισμάτων,

2079 3454 2248 3498 mens
2276 3438 2480 3500 unitur
2505 3487 2520 3516 ,
2553 3449 2612 3501 et
2641 3441 2956 3502 adducitur
2984 3441 3058 3501 ad
3122 3436 3346 3519 aliquid
3379 3434 3725 3513 intelligen-

344 3519 432 3579 καί
473 3520 628 3587 αὒτὸς
679 3522 854 3579 πάντα
912 3518 964 3586 ἐξ
1024 3520 1211 3578 ἑαυτοῦ
1251 3519 1484 3600 ἀφελὼν,
1547 3521 1634 3578 καὶ
1695 3521 1756 3577 ἐκ
1784 3520 1990 3577 πάντων

2080 3523 2246 3588 dum.
2305 3526 2449 3588 Sine
2483 3530 2751 3593 motione
2779 3547 3025 3608 assurge
3057 3551 3074 3610 ;
3107 3518 3512 3590 verumtamen
3547 3541 3722 3586 nemo

345 3609 643 3687 ἀπολυθεὶς,
697 3613 771 3676 ὡς
824 3610 965 3685 μήτε
1028 3609 1280 3690 κατέχειν
1333 3631 1381 3665 τι
1436 3615 1542 3668 τῶν
1604 3609 1754 3666 κάτω
1802 3607 1990 3698 συμϐό-

2081 3615 2562 3698 existimet,quod
2593 3618 2724 3680 sine
2755 3607 3015 3681 motione
3045 3607 3265 3691 dicam,
3313 3629 3368 3678 te
3399 3615 3554 3678 forte
3589 3621 3727 3675 tan-

344 3698 378 3757 λ
577 3702 592 3724 ‘
713 3702 726 3722 ’
765 3704 792 3757 θ
879 3708 900 3717 “
1196 3699 1254 3756 πθ
1407 3698 1454 3754 ’δ
1507 3699 1520 3719 ’
1792 3697 1842 3732 ”·

379 3723 454 3756 ων
509 3723 596 3758 και
678 3723 764 3757 αισ
797 3723 963 3775 ητων,
1035 3721 1225 3757 καντεσ
1259 3720 1313 3754 εν
1403 3721 1426 3756 ε
1461 3703 1703 3779 ραζεσθαι
1761 3703 1990 3781 οιισθαι,

2080 3721 2260 3783 quam
2291 3723 2388 3766 res
2421 3697 2644 3770 divinas
2698 3708 2948 3771 minime
2989 3717 3351 3778 assecutum,
3403 3723 3504 3766 eas
3554 3703 3729 3779 igno-

343 3791 484 3867 μήτε
533 3790 641 3866 μὴν
695 3790 1014 3872 κατέχεσθαι
1067 3790 1209 3868 παρά
1268 3811 1412 3854 τινος
1470 3795 1577 3847 τῶν
1635 3789 1888 3847 τοιούτων
1933 3789 1990 3848 ἐκ

2077 3807 2374 3877 raturum,
2409 3798 2592 3860 alium
2624 3815 2767 3861 vero
2822 3799 3160 3881 quempiam
3196 3797 3326 3860 illas
3383 3793 3727 3857 intellectu-

342 3887 436 3939 τοῦ
459 3881 577 3956 περὶ
606 3881 672 3937 τὰ
694 3888 909 3938 τοιαῦτα
953 3880 1283 3960 στρέφεσθαι,
1338 3880 1429 3938 οὕτ
1448 3900 1504 3947 ος
1537 3877 1622 3937 ἐπὶ
1667 3879 1768 3947 τὴν
1799 3879 1990 3938 ἀκτῖνα

2077 3899 2206 3944 rum
2231 3906 2246 3958 ;
2271 3886 2377 3947 sed
2427 3887 2629 3950 divina
2674 3877 2856 3969 supra
2885 3877 3126 3951 omnem
3158 3888 3475 3950 essentiam
3508 3896 3569 3947 et
3617 3901 3730 3944 no-

343 3974 444 4036 τῆς
473 3970 612 4033 θείας
643 3968 1017 4046 ἀκαταληψίας
1052 3969 1362 4049 ἁναχθήσῄ.

2079 3972 2299 4037 tionem
2333 3977 2637 4045 exsistere,
2673 3968 2848 4059 atque
2885 3979 3158 4042 absolute
3202 3975 3484 4040 omnibus
3534 3973 3735 4053 ignota

343 4075 500 4120 esse.
553 4056 696 4118 554
725 4058 1006 4120 Liberum
1058 4076 1196 4119 vero
1241 4075 1552 4121 excessum
1608 4057 2102 4140 dicit,'recessum
2135 4063 2207 4124 ab
2266 4067 2431 4127 omni
2489 4056 2826 4130 affectione.
2868 4069 3107 4140 Nullam
3165 4085 3306 4144 ergo
3340 4065 3568 4126 habens
3633 4061 3726 4122 af-

343 4146 688 4237 fectionem,
722 4166 799 4209 ne
849 4147 1090 4228 quidem
1121 4146 1192 4237 ad
1243 4148 1650 4237 temetipsum,
1679 4167 1789 4210 nec
1839 4150 2012 4211 aliam
2048 4152 2121 4212 ad
2154 4154 2410 4233 aliquam
2450 4168 2804 4237 creaturam,
2842 4168 2906 4219 et
2934 4157 3311 4236 temetipsum
3343 4155 3416 4215 ab
3447 4152 3731 4214 omnibus

339 4236 726 4318 abstrahens,
759 4244 817 4299 et
847 4237 920 4298 ab
972 4235 1249 4298 omnibus
1307 4236 1635 4315 absolutus,
1673 4246 1739 4300 ut
1789 4238 1937 4301 nihil
1989 4240 2166 4302 etiam
2229 4244 2636 4324 symbolorum
2698 4235 3047 4309 inferiorum
3109 4235 3165 4308 et
3223 4244 3534 4306 sensilium
3594 4242 3740 4302 reti-

339 4344 484 4387 neas
539 4327 697 4388 unde
727 4325 952 4404 puteris
1003 4325 1389 4416 conﬁrmari;
1453 4343 1648 4405 neque
1709 4328 1886 4387 etiam
1949 4329 2267 4394 retinearis
2323 4336 2396 4395 ab
2451 4337 2651 4416 aliquo
2697 4337 3008 4413 similium,
3045 4345 3101 4399 te
3158 4335 3233 4398 ad
3286 4333 3421 4396 talia
3479 4348 3734 4395 conver-

350 4416 557 4494 tendo;
585 4417 672 4478 sic
705 4417 944 4479 demum
981 4415 1053 4477 ad
1090 4416 1306 4477 divinae,
1337 4415 2070 4494 inconprehensibilitatis
2099 4423 2333 4485 radium
2370 4415 2708 4491 adduceris.

423 4507 549 4586 §u.

343 4599 442 4653 οὒκ
513 4597 813 4676 ἀμετὸχόυς
889 4597 992 4653 τῶν
1055 4602 1350 4670 μυστικῶν,
1412 4609 1532 4658 τοῖς
1611 4593 1664 4651 δὲ
1727 4597 2003 4664 αἰσθητοῖς

345 4685 766 4761 ἐνειλουμένους,
827 4688 917 4744 καὶ
973 4683 1120 4742 οὖδὲν
1204 4684 1333 4761 ὑπὲρ
1391 4685 1456 4742 τά
1541 4687 1668 4741 ὂντα
1738 4689 1879 4742 εἶναι
1941 4690 2002 4744 τὸ

350 4783 510 4833 Θεϊον
578 4775 1021 4856 φανταζομένους,
1106 4773 1353 4840 δηλονότί
1426 4775 1548 4839 τοὺς
1617 4777 2000 4839 πιστεύσαντας

350 4865 450 4942 μὲν
509 4872 585 4940 τῷ
647 4866 867 4942 ὀνόματι
922 4865 1016 4922 τού
1077 4871 1328 4944 Χριστοῦ,
1378 4866 1456 4941 μή
1486 4864 1594 4939 μὴν
1627 4864 1711 4920 ἐπὶ
1741 4863 1999 4923 τελεωτέ-

352 4977 448 5034 ραν
507 4953 752 5019 ἐλθόντας
812 4961 1027 5034 γνῶσιν⁶
1089 4955 1351 5030 ἀμύστους
1407 4953 1462 5010 δὲ
1515 4953 1658 5033 λέγει
1720 4955 1835 5020 τοὺς
1860 4979 2000 5013 παν-

352 5043 552 5100 τάπασι
610 5045 822 5101 πάντων
873 5049 977 5101 τῶν
1039 5046 1307 5119 μυστικῶν
1363 5042 1667 5124 ἀμετόχους
1724 5041 1999 5102 εἷδολολά-

351 5155 502 5209 τρας.
545 5136 687 5201 Φησὶ
735 5135 928 5190 τοίνυν·
965 5132 1112 5210 ’Ὅρα
1143 5134 1221 5204 μὴ
1249 5155 1330 5199 τις
1361 5133 1420 5190 ἐκ
1443 5133 1639 5189 τούτων
1671 5139 1774 5189 τῶν
1806 5157 2000 5209 μυστι-

353 5222 464 5279 κῶν
539 5222 900 5290 ἐπακούσηται
961 5241 978 5261 ⁶
1031 5225 1074 5279 εἷ
1117 5224 1218 5302 γὰρ
1268 5225 1314 5280 οἱ
1345 5223 1573 5297 ἀμύητοι
1639 5219 1785 5278 οὗδέν
1843 5222 1999 5306 ἔχου-

355 5335 438 5368 σιν
534 5312 866 5391 ὑψηλότερον
965 5315 1323 5391 φαντασθῆναι
1358 5359 1374 5386 ,
1488 5309 1626 5368 ἀλλά
1734 5313 2002 5389 νομίζουσι

349 5407 588 5458 τοιοῦτον
617 5415 758 5460 εῖναι
815 5403 906 5458 τὸν
995 5403 1123 5459 Θεὸν
1163 5403 1336 5466 καθὼς
1383 5399 1624 5459 δύνανται
1656 5402 1800 5459 αὐτοὶ
1831 5419 1999 5482 νοεῖν,

354 5491 449 5548 τὸν
525 5490 743 5568 θέμενον
853 5489 1043 5555 σκότος
1126 5491 1438 5571 ἀποκρυφὴν
1549 5493 1707 5550 αὐτοῦ
1761 5537 1779 5571 ,
1865 5497 2001 5553 κατά

351 5580 451 5648 τὴν
483 5581 714 5663 Γραφήν.
760 5579 1008 5650 δηλονότι
1050 5582 1140 5639 τὸν
1223 5580 1278 5641 ἐν
1321 5586 1389 5664 τῇ
1472 5579 1734 5664 δπέρτάτη
1818 5582 1996 5668 ἀγνω.

449 5767 478 5804 υ
510 5755 664 5828 Psal.
696 5771 834 5832 xvu,
870 5753 970 5821 12.

640 4508 950 4583 Σημείωσαι
1011 4505 1090 4564 ὅτι
1179 4508 1444 4576 ἀμυήτους
1495 4505 1638 4584 λέγει
1686 4510 1792 4562 ’καὶ
1873 4510 1990 4570 τοὺς

2158 4513 2292 4593 §II.
2331 4518 2479 4580 Nota
2507 4529 2708 4580 autem
2755 4527 2815 4581 ut
2854 4519 3122 4593 ἀμυήτους
3185 4517 3280 4579 hic
3340 4515 3515 4578 etiam
3575 4512 3733 4575 dicat

2087 4623 2212 4676 eos,
2262 4607 2360 4686 qui
2393 4607 2654 4688 alioquin
2687 4611 2861 4670 etiam
2895 4627 3011 4670 non
3043 4615 3182 4671 sunt
3213 4613 3478 4669 exsortes
3513 4613 3738 4685 myste-

2086 4693 2335 4766 riorum,
2361 4697 2462 4756 sed
2494 4702 2672 4760 rebus
2702 4699 2896 4761 adhuc
2941 4698 3264 4760 sensilibus
3295 4695 3542 4756 involuti
3575 4700 3734 4774 sunt,

2087 4801 2282 4864 neque
2314 4787 2740 4865 imaginantur,
2777 4788 2962 4850 Deum
3015 4788 3336 4867 quidquam
3370 4803 3502 4846 esse
3560 4801 3740 4861 supra

2085 4890 2151 4933 ea
2186 4894 2316 4954 quae
2346 4877 2663 4950 exsistunt,
2688 4878 2792 4955 qui
2817 4877 3092 4938 videlicet
3129 4877 3190 4937 in
3221 4875 3464 4936 nomine
3495 4873 3734 4953 quidem

2085 4962 2303 5026 Christi
2333 4964 2619 5048 credunt,
2666 4967 2740 5028 ad
2787 4967 3205 5047 perfectiorem
3241 4973 3435 5026 tamen
3469 4962 3734 5024 notitiam

2083 5070 2202 5114 non
2256 5063 2571 5134 assurgunt
2616 5074 2632 5133 ;
2696 5057 2960 5130 ἀμύστους
2993 5074 3132 5117 vero
3157 5065 3326 5116 vocat
3367 5053 3732 5124 idololatras,

2081 5142 2348 5205 omnium
2370 5163 2612 5224 prorsus
2638 5151 3048 5225 mysteriorum
3074 5144 3466 5208 exsortes.Ait
3487 5143 3732 5222 itaque;

2083 5229 2228 5292 Vide
2259 5253 2334 5294 ne
2377 5235 2510 5314 quis
2536 5253 2743 5297 eorum
2804 5236 3084 5316 mysteria
3138 5236 3265 5297 haec
3294 5234 3495 5296 audiat
3553 5251 3734 5310 ;nam

2084 5325 2134 5381 si
2157 5321 2242 5382 illi
2272 5323 2374 5403 qui
2407 5343 2526 5384 non
2561 5333 2702 5386 sunt
2735 5324 3036 5407 instructi,
3067 5325 3209 5388 nihil
3242 5323 3560 5386 sublimius
3582 5320 3733 5383 ima-

2082 5409 2274 5489 ginari
2341 5414 2589 5494 possint,
2637 5414 2742 5476 sed
2797 5414 3144 5477 existiment
3194 5411 3535 5476 istiusmodi
3596 5429 3733 5474 esse

2082 5498 2294 5583 Deum,
2329 5503 2567 5585 qualem
2591 5503 2702 5586 ipsi
2725 5503 3049 5583 concipere
3080 5511 3350 5585 possunt,
3384 5502 3486 5578 qui
3512 5515 3733 5562 secun-

2081 5589 2221 5656 dum
2238 5590 2607 5680 Scripturam
2629 5597 2835 5682 posuit
2856 5594 3137 5659 tenebras
3153 5591 3481 5661 latibulum
3498 5603 3729 5675 suumn,
