4086 6154
305 385 450 458 1021

751 386 850 454 DE
895 385 1228 452 MYSTICA
1275 381 1734 456 THEOLOGIA,
1783 378 1948 445 CAP.
1996 376 2046 443 Ῑ.
2083 411 2150 426 —-
2204 372 2634 445 PARPAHPR.
2684 371 3198 442 PACHYMERE.

3513 365 3665 440 1022

291 523 605 606 πράγματος
652 524 1030 605 ἀπεμφατνον.’
1074 525 1196 586 Πῶς
1249 521 1349 601 γὰρ
1405 521 1588 578 στενὸν
1645 519 1706 575 τὺ
1762 525 1932 577 πᾶσαν

2021 514 2197 578 modo
2227 513 2442 606 abboc
2461 513 2660 606 Patre,
2696 521 2937 606 propter
2959 512 3144 597 ipsius
3161 513 3250 578 rei
3294 510 3667 578 dissimilitu-

288 624 616 696 σαγηνεῦσαν
692 617 789 683 τὴν
847 613 1214 688 οἰκουμένηνς
1287 613 1374 668 καί
1445 613 1558 676 πῶς
1626 609 1812 689 μικρὸν
1873 610 1934 666 τὸ

284 706 535 786 περιέχον
579 707 640 762 τὸ
699 705 839 782 μέγα
894 709 992 770 τῆς
1056 698 1318 762 εὒσεϐείας
1381 701 1718 776 μυστήριον;
1772 699 1935 756 Τοῦτο

281 803 409 874 γοῦν
465 793 696 873 ἐγένετο,
730 796 803 857 ὡς
865 797 1042 868 οἶμαι,
1076 790 1142 848 δι’
1201 788 1498 852 εὐλάϐειαν,
1564 789 1674 846 ’Ἕν
1732 811 1835 845 τισι
1880 788 1935 844 δὲ

280 887 493 963 εὕρηται
537 886 598 941 τὸ
654 886 741 941 καὶ
797 885 936 948 αὖθις
995 881 1444 955 συντετμημένον.
1511 881 1576 938 Τὸ
1633 878 1686 934 δὲ
1727 878 1925 955 προτέ-

2019 607 2245 670 dinem.
2280 605 2590 680 Quomodo
2617 605 2775 667 enim
2837 613 3148 685 angustum
3181 605 3440 686 sit,qnod
3475 611 3665 668 totum

2021 695 2308 757 mundum
2351 696 2563 776 capit?
2610 705 2670 756 et
2713 693 3014 773 quomodo
3060 712 3307 776 parvum
3361 694 3441 774 id,
3508 694 3668 774 quod

2023 804 2297 864 magnum
2359 783 2599 864 pietatis
2649 783 2992 865 mysterium
3041 785 3453 866 complectitur
3483 783 3512 844 ?
3542 784 3667 848 Hoc

2018 879 2221 956 utique
2257 875 2474 936 factum
2523 882 2633 947 est,
2671 874 2753 934 uti
2801 882 2963 952 puto,
3016 885 3258 955 propter
3288 874 3664 955 religionem,

281 997 369 1055 ρος
411 973 581 1030 κῶλον
626 976 653 1030 ὁ
706 972 855 1052 ἅγιος
917 971 1268 1049 ἐξηγούμενος
1325 969 1493 1046 λέγει,
1525 968 1604 1025 ὅτι
1657 969 1774 1044 ἐμοί
1833 968 1927 1024 δο-

2019 964 2070 1024 in
2124 964 2476 1044 quibusdam
2526 982 2665 1024 vero
2719 964 2932 1025 iterum
2985 964 3290 1045 reperitur
3333 966 3666 1038 concisum,

279 1077 392 1135 κεῖ,
445 1066 516 1129 ὡς
569 1063 745 1119 έκεῖνο
801 1062 1052 1130 ἐννοήσας
1114 1063 1140 1116 ὁ
1185 1063 1329 1124 θεῖος
1389 1057 1739 1131 Ἀπδστολος,
1770 1066 1932 1116 ταῦτα

283 1153 590 1235 ἒφθέγξατο,
642 1152 728 1208 ὅτι
783 1154 818 1220 ἡ
881 1151 1018 1207 αἰτία
1077 1151 1314 1228 πάντων,
1361 1151 1449 1206 καὶ
1509 1147 1722 1205 πολλῶν
1761 1147 1931 1205 δέεται

281 1243 481 1322 λόγων,
513 1246 600 1298 καὶ
658 1240 851 1318 ἄλογος
883 1242 970 1296 καὶ
1013 1238 1376 1319 βραχύλεκτός
1435 1239 1601 1295 ἐστιν·
1666 1237 1779 1296 οὐδὲ
1837 1239 1935 1314 γὰρ

285 1333 444 1410 λόγον
475 1331 597 1412 ἔχει
631 1333 666 1400 ἢ
701 1331 882 1396 νόησιν
914 1330 1313 1406 παραστατικὴν
1345 1334 1442 1395 τῆς
1480 1328 1672 1393 οἰκείας
1705 1329 1932 1407 φύσεως.

285 1425 355 1479 Τὸ
413 1421 466 1477 δὲ
543 1420 840 1487 πολύλογος
919 1419 1414 1497 προπαροξυτόνως,
1470 1416 1767 1494 πολυλόγος
1840 1419 1938 1494 γὰρ

283 1511 316 1568 ὅ
341 1510 516 1568 πολλά
559 1510 756 1589 λέγων,
791 1508 1086 1587 πολύλογος
1133 1507 1185 1564 δὲ
1246 1511 1272 1564 ὁ
1328 1506 1537 1564 πολλῶν
1583 1506 1758 1584 λόγων
1815 1503 1935 1562 δεό-

283 1618 462 1675 μενος’
539 1603 610 1665 ὡς
670 1601 1008 1677 πρωτότοκος
1069 1596 1544 1676 προπαροξυτόνως
1619 1600 1645 1653 ὁ
1728 1597 1936 1674 πρῶτος

282 1692 511 1771 τεχθείς⁸
603 1690 934 1768 πρφτονόκος
1021 1687 1076 1744 δὲ
1150 1687 1513 1766 παροξυτόνως
1593 1689 1622 1743 λ
1711 1691 1934 1765 πρώτως

279 1789 501 1839 τεκοῦσα
534 1782 691 1860 γονή,
726 1783 800 1842 ὡς
835 1781 922 1835 καὶ
958 1777 1221 1856 ’Ὅμηρος
1251 1775 1432 1844 δηλοῖ·

2014 1053 2279 1115 Priorem
2311 1063 2506 1114 autem
2570 1054 2876 1134 periodum
2924 1055 3021 1116 hic
3065 1062 3305 1116 sanctus
3335 1056 3660 1132 explicans,

2013 1144 2093 1204 ait
2145 1152 2206 1203 ut
2236 1143 2383 1204 mihi
2415 1143 2667 1218 videtur,
2701 1145 2870 1222 quasi
2902 1144 3135 1205 divinus
3159 1144 3480 1222 Apostolus
3513 1144 3664 1206 illud

2023 1232 2387 1314 intelligens,
2418 1234 2546 1294 baro
2578 1234 2791 1294 dixerit
2825 1238 3144 1315 ;quoniam
3194 1235 3458 1296 omnium
3492 1252 3668 1296 causa

2025 1321 2225 1382 mullis
2250 1321 2424 1382 etiam
2459 1323 2659 1384 verbis
2691 1343 2841 1403 opus
2889 1323 3090 1398 habet,
3133 1333 3188 1386 et
3219 1325 3381 1385 nullo
3414 1333 3473 1386 et
3501 1324 3664 1386 brevi

2026 1411 2202 1472 verbo
2233 1411 2450 1473 dicitur
2482 1434 2500 1483 ;
2533 1422 2692 1473 caret
2715 1414 2875 1474 enim
2908 1414 3087 1475 verbo
3123 1424 3181 1476 et
3214 1421 3506 1494 conceptu
3534 1433 3665 1494 pro-

2025 1503 2210 1582 priam
2266 1504 2394 1581 ejus
2452 1511 2722 1564 naturam
2771 1504 3100 1584 explicante
3156 1503 3296 1564 555
3364 1504 3662 1584 πολύλογος

2019 1598 2216 1653 autem
2269 1591 2554 1653 scribitur
2611 1611 2744 1655 cum
2779 1603 3027 1655 accentu
3073 1595 3134 1656 in
3164 1596 3662 1674 antepenultima,

2021 1700 2154 1742 nam
2203 1681 2497 1760 πολυλὸγος
2549 1701 2686 1743 cum
2736 1693 2980 1754 accentu
3042 1685 3100 1745 in
3178 1684 3520 1764 penultima,
3574 1693 3668 1746 est

2017 1774 2211 1833 multa
2231 1773 2462 1848 (licens,
2496 1774 2790 1851 πολύλογος
2827 1791 2967 1834 vero
3015 1773 3220 1837 multis
3253 1773 3451 1837 verbis
3494 1774 3667 1836 indi-

279 1889 476 1949 gens:
538 1871 690 1934 sicut
721 1869 900 1931 etiam
959 1869 1300 1948 πρωτότοκος
1347 1874 1597 1928 accentu
1658 1866 1719 1926 in
1772 1871 1932 1943 ante;

2019 1861 2264 1936 tultima,
2301 1871 2390 1922 est
2445 1868 2547 1942 qui
2608 1863 2798 1944 primo
2857 1865 3102 1944 paritur,
3137 1865 3476 1943 πρωτοτόκος
3525 1883 3663 1928 vero

281 1952 339 2022 in
375 1961 707 2040 perultima,
746 1957 963 2021 mulier
989 1975 1121 2037 quae
1155 1956 1344 2036 primo
1373 1957 1548 2037 parit,
1587 1956 1671 2019 uti
1707 1957 1880 2017 etiam
1915 1953 2209 2015 Homerus
2239 1951 2499 2014 declarat
2534 1973 2547 2016 :

364 2051 703 2129 Πρωτοτόκος
739 2049 960 2126 Κινύρη,
1008 2053 1066 2107 οὒ
1095 2049 1214 2126 πρὶν
1246 2045 1413 2103 εἰδυῖα
1443 2049 1646 2105 τόκοιο.

362 2151 539 2208 Εἰπὼν
613 2149 724 2224 οὖν,
789 2149 869 2205 ὃτι
939 2147 1098 2226 λόγον
1170 2147 1297 2226 ἔχει·
1345 2145 1462 2203 οὔτε
1514 2149 1724 2226 νόησιν,
1769 2143 1928 2211 ἐπεξ-

280 2241 577 2317 ηίούμενος
636 2237 805 2316 λέγει,
836 2239 895 2293 οὒ
945 2235 1029 2292 διά
1059 2239 1119 2293 τὸ
1177 2235 1403 2311 μαδημῆ
1433 2234 1696 2312 μηδαμῶς
1748 2236 1922 2314 εἶναι,

283 2327 420 2384 ἀλλὰ
468 2326 553 2384 διὰ
600 2329 660 2383 τὸ
719 2326 1169 2406 ὖπερειιτείνεσθαι
1220 2327 1564 2402 ὑπερουσίως,
1603 2327 1691 2382 καὶ
1743 2325 1926 2401 μόνοις

283 2417 612 2495 ἐκφαίνεσθαι
659 2429 777 2478 τοῖς
837 2413 1186 2471 διαϐαίνουσιν
1238 2416 1425 2482 ἐπίσης
1481 2417 1567 2471 καὶ
1612 2416 1678 2472 τὰ
1723 2414 1928 2490 μυσαρᾶ

281 2509 369 2564 καὶ
401 2510 464 2562 τὰ
510 2506 727 2584 καθαρὰ,
765 2507 850 2561 καὶ
901 2501 1270 2582 ὑπερϐαίνουσι
1301 2510 1475 2561 πᾶσαν
1526 2504 1815 2581 ἀκρότητα,
1850 2505 1936 2561 καὶ

276 2596 704 2671 ἀπολιμπάνουσι
735 2597 823 2651 καὶ
849 2594 1021 2651 πάντα
1069 2594 1240 2672 φῶτα,
1275 2591 1518 2661 δηλονότι
1563 2600 1737 2651 πᾶσαν
1787 2600 1932 2672 γνῶ-

275 2707 386 2759 σιν,
418 2687 504 2741 καὶ
559 2685 761 2747 πάντας
792 2683 963 2763 ἤχους
1013 2685 1101 2739 καὶ
1160 2681 1378 2761 λόγως,
1412 2681 1656 2751 δηλονότι
1699 2686 1765 2740 τὰ
1818 2686 1931 2764 περί

219 2780 228 2785 ’
276 2783 411 2834 Θεοῦ
460 2775 514 2830 ἐν
567 2787 687 2838 ταῖς
727 2779 963 2851 Γραφαϊς
1009 2774 1284 2848 εἰρημενα,
1347 2775 1626 2852 Οὖρανίους
1671 2772 1725 2829 δὲ
1783 2772 1926 2852 λέγει

274 2866 488 2926 τούτους
534 2865 605 2925 ὡς
638 2865 714 2940 μή
778 2864 914 2918 κατὰ
943 2863 1042 2929 τὴν
1089 2862 1419 2941 ἀνθρωπίνην
1451 2865 1535 2920 καὶ
1565 2866 1766 2942 γηίνην
1805 2864 1925 2920 ἐπί-

275 2977 447 3031 νοιαν,
481 2952 619 3009 ἀλλὰ
674 2953 810 3010 κατά
841 2955 981 3010 θείαν
1028 2952 1306 3009 ἐπίπνοιαν
1353 2953 1438 3009 καὶ
1496 2953 1805 3033 λεχθέντας,
1842 2956 1927 3010 καὶ

273 3042 687 3123 παραδοθέντας,
747 3044 834 3098 καὶ
893 3040 1252 3116 εἰσδυομένους
1326 3043 1397 3107 εἰς
1467 3043 1555 3098 τὸν
1611 3046 1756 3100 θετον
1827 3045 1925 3110 τῆς

273 3134 538 3212 ἀγνωσίας
593 3132 810 3212 γνόυρον,
846 3135 906 3189 οὗ
965 3131 1140 3188 έστινὸ
1197 3132 1410 3189 πάντων
1469 3131 1732 3189 ἐπέκεινα.
1773 3132 1930 3210 ⁴¹Ορα

274 3221 354 3295 δὲ,
401 3230 520 3286 πῶς
551 3223 697 3279 εἶπε·
760 3235 876 3285 τοῖς
908 3219 1230 3278 διαϐαίνουσι
1288 3221 1466 3277 καὶτὰ
1520 3222 1682 3298 έναγῆ
1728 3225 1814 3278 καὶ
1868 3224 1934 3278 τα

1961 2053 1996 2102 Β
2019 2040 2204 2102 Nunc
2220 2047 2485 2120 primum
2499 2049 2754 2123 pariens
2772 2044 3205 2125 Cinyremrius
3219 2046 3412 2108 inscia
3425 2051 3662 2125 partus.

2093 2138 2236 2202 Cum
2263 2140 2468 2220 itaque
2500 2142 2772 2216 dixisset,
2800 2143 2953 2224 quod
2993 2162 3185 2224 neque
3209 2161 3545 2205 sermonem
3561 2143 3665 2205 ba-

2007 2232 2180 2291 beret
2236 2248 2430 2310 neque
2464 2243 2847 2310 conceptum,
2903 2232 2961 2294 id
3017 2233 3320 2312 explicans
3369 2233 3478 2303 ait,
3541 2251 3662 2294 non

2011 2327 2173 2402 quasi
2209 2319 2371 2380 nullo
2405 2322 2582 2383 modo
2613 2321 2710 2395 sit,
2749 2322 2854 2383 sed
2898 2321 3058 2403 quod
3089 2323 3666 2403 supraessentiaiiter

2019 2407 2294 2470 omnibus
2323 2409 2730 2483 antecellat,et
2762 2413 2904 2474 solis
2925 2411 2998 2473 iis
3027 2420 3328 2493 appareat,
3352 2432 3481 2494 quae
3521 2431 3667 2474 cun-

2018 2508 2132 2573 cta,
2172 2519 2302 2580 quas
2329 2499 2842 2582 impura,quaaque
2866 2519 3012 2579 pura
3041 2509 3197 2577 sunt,
3226 2509 3664 2582 pertranseunt,

2018 2598 2072 2652 et
2121 2590 2222 2669 qui
2271 2608 2509 2651 omnem
2547 2597 2827 2655 verticem
2865 2591 3316 2666 transcendunt,
3351 2591 3669 2672 omniaque

2016 2679 2265 2760 lumina,
2299 2680 2358 2743 id
2391 2690 2481 2742 est
2503 2699 2744 2742 onmem
2777 2682 3098 2756 notionem,
3133 2701 3461 2762 omnesque
3491 2699 3670 2743 sonos

2015 2787 2082 2830 ac
2114 2787 2661 2850 sermones,eorum
2695 2770 2980 2833 videlicet
2997 2790 3127 2853 quae
3149 2771 3222 2833 de
3245 2775 3368 2836 Deo
3387 2771 3446 2832 in
3469 2769 3670 2851 Scrip-

2018 2858 2164 2919 turis
2215 2859 2372 2920 dicta
2428 2865 2588 2940 sunt,
2649 2861 3017 2940 relinquunt.
3082 2863 3267 2922 Vocat
3321 2871 3513 2923 autem
3560 2859 3671 2922 hos

2014 2949 2597 3028 coelestes,tanquam
2634 2968 2751 3010 non
2772 2951 3102 3012 secundum
3135 2951 3449 3013 humanam
3485 2950 3700 3012 terre?

2014 3057 2270 3120 namque
2289 3039 2880 3121 intelligentiam,sed
2899 3041 3228 3103 secundum
3256 3040 3512 3101 divinam
3538 3040 3663 3101 ins-

2015 3129 2460 3209 pirationem,et
2494 3130 2683 3192 dictos
2715 3139 2772 3192 et
2803 3131 3049 3192 traditos
3073 3140 3129 3192 et
3151 3130 3348 3193 divina
3371 3131 3472 3191 illa
3493 3137 3664 3208 igno-

2015 3220 2258 3281 rationis
2282 3220 2538 3297 caligine
2569 3221 2886 3294 involutos,
2926 3219 3026 3281 ubi
3057 3230 3148 3281 est
3178 3221 3228 3281 is
3260 3221 3357 3299 qui
3389 3220 3666 3282 omnibus

273 3314 500 3392 καθαρὰ,
533 3313 611 3370 ὃτι
656 3313 741 3367 καὶ
795 3311 860 3366 τά
908 3310 1140 3386 ἡμέτερα
1188 3314 1392 3389 καθαρά
1451 3313 1577 3388 πρὸς
1639 3312 1743 3378 τὴν
1793 3312 1932 3368 θείαν

2019 3309 2293 3389 superior
2323 3308 2540 3371 existit.
2576 3310 2842 3372 Observa
2872 3310 3342 3391 vero,quomodo
3373 3310 3552 3371 dixit:
3590 3309 3669 3372 lis

273 3401 482 3468 ἐκείνην
544 3399 989 3479 παραϐαλλόμενα
1051 3403 1406 3477 καθαρότητα,
1471 3400 1637 3476 έναγῆ
1689 3400 1932 3478 λογίζον-

2021 3397 2121 3476 qui
2154 3406 2264 3458 tam
2293 3397 2522 3478 impura
2548 3417 2723 3478 quam
2761 3417 2906 3478 pura
2927 3398 3668 3479 pertranseunt;quoniam

271 3513 380 3570 ται,
447 3491 583 3546 κατὰ
645 3493 706 3546 τὸ
778 3488 1080 3567 εἰρημένον
1157 3495 1308 3545 Πᾶσα
1365 3487 1671 3556 δικαιοσύνη
1732 3491 1932 3567 ἀνθρώ-

2021 3486 2122 3548 illa
2153 3487 2328 3546 etiam
2355 3505 2490 3564 quas
2523 3486 2678 3566 apud
2714 3506 2822 3548 nos
2855 3505 2998 3566 pura
3027 3496 3326 3562 sunt,cum
3351 3487 3548 3549 divina
3570 3487 3670 3550 illa

271 3603 398 3660 που,
484 3581 558 3644 ὡς
645 3579 802 3656 ῥακος
876 3578 1319 3652 ἀποκαθημένης,
1393 3583 1462 3654 τῇ
1548 3578 1660 3651 θείᾳ
1725 3580 1935 3644 πάντως

272 3667 588 3744 δικαιοσύνῃ
642 3666 1121 3746 παραϐαλλομένη,
1181 3669 1248 3733 ἧς
1309 3669 1400 3724 οὒκ
1471 3666 1612 3723 ἔστιν
1689 3668 1929 3745 ἀριθμός.

274 3757 426 3836 ⁶Ὀρα
493 3755 549 3813 δὲ
591 3758 679 3814 καὶ
729 3759 814 3836 τὸ,
850 3763 1030 3812 Πᾶσαν
1074 3757 1344 3834 ἀκρότητα
1397 3755 1681 3833 ὑπερϐῆναι
1715 3759 1801 3815 καὶ
1844 3760 1929 3814 αἰ-

269 3851 488 3915 σθητῶν
544 3848 631 3903 καὶ
687 3852 890 3914 νοητῶν
949 3847 1027 3920 μὴ
1061 3845 1219 3921 μόνον
1277 3848 1466 3902 ὡσανεὶ
1499 3847 1627 3903 αὒτά
1669 3849 1735 3903 τὰ
1787 3849 1929 3924 πρά-

263 3959 481 4017 γματα,
512 3934 649 3991 ἀλλά
707 3939 794 3992 καὶ
852 3937 948 4003 τὴν
1015 3937 1217 3992 τούτων
1263 3933 1553 4013 ἀκρότητα,
1604 3937 1932 4004 Ἀκρότητας

265 4029 365 4106 γαρ
397 4025 624 4084 ὲκάλοῦν
674 4028 720 4082 οἱ
753 4025 976 4082 παλαιοὶ
1007 4025 1239 4092 ἑκάστης
1297 4025 1474 4085 οὗσίας
1507 4028 1568 4082 τὸ
1616 4029 1929 4105 καθαρώτα-

265 4139 382 4194 τον,
439 4116 493 4182 EE
539 4117 600 4171 οὗ
655 4113 883 4192 ἤρτηται
946 4122 1255 4194 προσεχῶς,
1299 4115 1566 4173 τουτέστιν
1628 4116 1929 4194 ἐχομένως,

267 4207 304 4275 ἦ
364 4208 542 4264 οὐσία.
600 4207 700 4265 ⁴Ως
733 4205 919 4284 ψυχῆς
979 4205 1206 4281 ἀκρότης
1258 4207 1286 4260 ὁ
1335 4207 1478 4266 νοῦςο
1539 4207 1625 4261 καὶ
1656 4205 1849 4281 ἔρωτος
1908 4207 1936 4261 ὁ

268 4295 374 4352 τῶν
404 4290 823 4358 ἀναϐεϐηκοτων
867 4290 1111 4369 διάπυρος
1163 4293 1330 4366 πόθῳ⁶
1369 4295 1454 4349 καὶ
1501 4293 1596 4361 τῆς
1628 4292 1743 4350 καθ’
1795 4297 1934 4370 ἡμᾶς

268 4385 554 4464 ἱεραρχίας
613 4384 672 4438 τὸ
704 4382 861 4460 ἐγγὺς
917 4394 1185 4438 συντεῖνον
1244 4380 1454 4445 ἀϋλίας.
1524 4386 1619 4447 Ὦς
1650 4383 1809 4440 πάλιν
1851 4384 1936 4440 επὶ

268 4478 374 4530 τῶν
429 4475 718 4546 αἰσθητῶν,
757 4473 918 4550 πυρὸς
964 4473 1024 4527 τὸ
1069 4469 1466 4550 λαμπρότατον,
1501 4476 1587 4529 καὶ
1635 4471 1818 4536 ὕδατος
1877 4475 1937 4530 τὸ

269 4563 544 4644 ἀχνῶδες,
613 4563 701 4618 καὶ
776 4563 840 4618 τὰ
907 4559 1070 4618 λοιπά
1141 4559 1440 4638 ἀναλόγως.
1521 4562 1936 4642 Παρακελεύεται

271 4661 554 4732 τοιγαροῦν
613 4655 641 4708 ὁ
687 4651 848 4730 λόγος
908 4653 997 4708 καὶ
1030 4651 1201 4708 αὐτῶν
1249 4655 1356 4706 τῶν
1412 4653 1571 4729 ἁγίων
1630 4653 1937 4730 ἀκροτήτων

271 4744 368 4810 νὴν
433 4739 690 4798 ἀνάϐασιν
747 4739 1067 4820 ὑπερϐῆναι,
1125 4742 1212 4796 καὶ
1269 4739 1406 4795 οὕτω
1463 4740 1787 4798 καταλαϐεῖν
1846 4745 1936 4800 τὸν

271 4834 433 4889 τόπον
466 4831 522 4886 ἐν
565 4832 610 4904 ᾧ
641 4833 667 4886 ὁ
716 4833 870 4903 Θεὸς,
905 4832 933 4887 ὃ
987 4832 1074 4886 καὶ
1110 4829 1194 4884 ἐπὶ
1253 4831 1516 4895 Μωυσέως
1548 4831 1754 4908 γέγονε,
1818 4840 1933 4899 Ση-

275 4923 501 4997 μείωσαι
549 4921 644 4987 την
677 4919 820 4985 τάξιν
877 4925 982 4976 τῶν
1020 4918 1373 4975 τελεσθέντων
1418 4920 1502 4977 ἐπὶ
1562 4928 1781 4997 Μωϋσῇ,
1819 4924 1936 5000 πρὶν

276 5011 564 5077 ἀξιωθηναι
636 5011 706 5074 εἰς
783 5012 870 5065 τὸν
942 5009 1137 5088 γνόφον
1222 5008 1500 5072 εἰσελθεῖν,
1563 5017 1776 5089 Πρῶτον
1837 5013 1936 5089 γὰρ

277 5100 644 5178 ἀπεκαθάρθη,
677 5100 763 5154 καὶ
817 5097 955 5155 οὕτω
1005 5106 1110 5154 τῶν
1160 5097 1334 5155 ἄλλων
1378 5100 1668 5178 ἀφωρίσθη,
1735 5101 1869 5163 Μεθ’
1907 5103 1934 5157 ὃ

277 5191 375 5267 γὰρ
428 5190 566 5263 μετὰ
621 5195 728 5244 τῶν
786 5185 963 5243 ἄλλων
1021 5195 1126 5244 τῶν
1193 5189 1499 5267 σαλφίγγων
1559 5190 1784 5265 ἀκήκοε,
1847 5195 1934 5249 καὶ

278 5280 342 5334 τὰ
397 5282 519 5334 θεῖα
580 5283 730 5355 φῶτα
781 5275 1050 5354 κατεῖδεν,
1101 5277 1430 5357 ἀφορίζεται,
1486 5279 1581 5335 καῖ
1637 5282 1771 5352 μετὰ
1829 5287 1934 5336 τῶν

276 5367 458 5444 ἱερέων
509 5366 762 5422 ἵσταται·
799 5368 885 5422 καὶ
934 5368 1006 5430 εἰς
1052 5369 1144 5423 τὸν
1190 5371 1335 5424 θεῖον
1379 5369 1572 5448 γνόφον
1622 5368 1812 5449 εἰσδὺς,
1845 5371 1933 5426 τὸν

281 5457 409 5512 Θεὸν
457 5455 557 5530 μὲν
587 5459 690 5534 οὔχ
721 5457 838 5534 ὁρᾷ,
873 5458 1025 5528 (Θεὸν
1069 5458 1163 5534 γὰρ
1200 5456 1372 5520 οὐδεὶς
1427 5459 1628 5538 ἑώρακε
1656 5459 1928 5540 πώποτε),

278 5547 368 5601 τὸν
398 5546 564 5601 τόπον
595 5542 649 5600 δὲ
679 5545 734 5600 ἐν
767 5548 811 5616 ᾠ
842 5544 996 5613 ἔστη·
1034 5545 1086 5618 ἐξ
1131 5550 1189 5602 οὗ
1219 5544 1493 5626 δηλοῦται,
1527 5549 1593 5607 τὰ
1636 5555 1740 5608 τῶν
1771 5572 1926 5615 νοονς

361 5731 390 5765 ο
418 5712 553 5782 Issi.
599 5728 760 5798 utv,
789 5714 855 5780 6.

2021 3576 2275 3655 puritate
2305 3585 2665 3656 comparata,
2731 3576 3040 3640 immunda
3084 3585 3453 3658 reputantur,
3505 3578 3672 3657 juxta

2019 3666 2173 3746 quod
2207 3665 2426 3727 dictum
2456 3673 2549 3728 est
2585 3684 2598 3729 :
2643 3665 2862 3729 Omnis
2913 3669 3158 3741 iustitia
3191 3668 3456 3730 hominis
3491 3673 3672 3748 quasi

2015 3773 2264 3835 pannus
2285 3764 2676 3818 menstruales
2706 3774 2760 3830 ο,
2796 3774 2930 3817 cum
2978 3757 3174 3817 divina
3219 3757 3461 3819 omnino
3485 3758 3668 3836 justi-

2018 3845 2098 3906 tia
2127 3853 2485 3925 comparata,
2535 3847 2708 3926 cujus
2738 3865 2857 3906 non
2919 3859 3005 3908 est
3038 3866 3342 3909 numerus.
3405 3846 3668 3911 Observa

2015 3934 2156 3996 item
2220 3934 2363 3995 illud
2394 3955 2406 3997 :
2441 3934 2553 4006 Qui
2583 3955 2820 3996 omnem
2868 3937 3152 3998 verticem
3207 3937 3660 4012 transcendunt,

2015 4043 2146 4086 cum
2179 4025 2641 4099 sensilium,tum
2676 4025 3138 4098 intellectilium,
3161 4045 3277 4086 non
3300 4027 3489 4086 solum
3512 4045 3663 4100 quo-

2017 4114 2334 4175 dammodo
2349 4114 2846 4193 resipsas.verum
2863 4114 3036 4175 etiam
3053 4134 3252 4176 earum
3269 4115 3664 4180 summitates.

2018 4203 2400 4266 Summitates
2441 4204 2597 4264 enim
2639 4212 2874 4265 veteres
2912 4203 3290 4285 appellabant
3321 4204 3376 4264 id
3415 4205 3572 4284 quod
3603 4204 3666 4267 in

2017 4292 2284 4371 qualibet
2300 4292 2556 4354 essentia
2573 4294 2951 4372 purissimum
2965 4294 3286 4372 exsistit,ex
3301 4295 3668 4375 quoassidue

2019 4401 2126 4444 seu
2150 4383 2526 4443 continenter
2545 4383 2804 4445 essentia
2822 4382 3282 4464 dependeat.Sic
3313 4385 3523 4446 anima;
3539 4402 3670 4448 ver-

2024 4481 2114 4534 tex
2149 4491 2252 4534 seu
2277 4473 2587 4534 summitas
2609 4480 2697 4534 est
2730 4483 2988 4547 mens,et
3016 4473 3670 4554 amoris,quisuperno-

2021 4580 2151 4622 rum
2179 4562 2475 4622 desiderio
2491 4562 2970 4635 succenditur;et
2997 4563 3667 4645 nostraahierarcltiiejd

2021 4652 2178 4732 quod
2214 4651 2755 4730 proximeintemlit
2789 4653 3372 4714 immaterialitatem.
3401 4653 3496 4715 Sic
3527 4671 3666 4716 rur-

2020 4759 2148 4801 sum
2195 4741 2254 4801 in
2288 4742 2634 4822 sensilibus,
2671 4741 2846 4821 ignis,
2886 4741 2943 4802 id
2970 4743 3671 4822 quodlucidissimum;et

2018 4831 2270 4911 aquae,id
2297 4833 2454 4907 quod
2489 4832 2904 4892 tenuissimum
2939 4841 3054 4905 est,
3089 4841 3145 4893 et
3177 4841 3394 4894 caetera
3426 4851 3668 4912 propor-

2021 4921 2179 4982 tione
2204 4940 2330 4984 sna.
2369 4921 2649 4982 Hortatur
2676 4921 2878 5001 itaque
2915 4922 3009 4982 hic
3045 4940 3264 4992 sermo,
3323 4932 3668 4986 sanctorum

2018 5029 2255 5090 quoque
2273 5019 2554 5072 verticum
2592 5029 2904 5072 ascensum
2938 5029 3244 5091 superare,
3280 5020 3338 5073 et
3366 5013 3448 5074 sic
3473 5013 3666 5076 locum

2015 5101 2466 5180 apprehendere
2489 5101 2547 5160 in
2577 5120 2690 5180 quo
2725 5101 3074 5176 estDeus,id
3096 5101 3252 5182 quod
3288 5103 3462 5163 etiam
3481 5104 3668 5184 Moysi

2017 5191 2252 5252 accidit.
2304 5189 2449 5252 Nota
2501 5191 2770 5253 ordinem
2833 5209 3041 5253 eorum
3091 5211 3222 5272 quae
3271 5193 3452 5272 Moysi
3518 5212 3669 5254 con-

2019 5280 2303 5360 tigerunt,
2356 5280 2703 5360 priusquam
2739 5281 2954 5360 dignus
2998 5291 3087 5342 est
3132 5280 3370 5343 habitus
3414 5283 3474 5342 in
3519 5281 3669 5344 cali-

2015 5371 2213 5447 ginem
2247 5369 2497 5447 ingredi.
2535 5369 2796 5431 l’rimum
2847 5371 3007 5432 enim
3042 5371 3312 5452 expiatus
3334 5371 3462 5437 fuit.
3497 5381 3555 5432 et
3583 5371 3669 5433 sic

2013 5458 2086 5520 ab
2118 5459 2247 5520 aliis
2277 5469 2620 5538 segregatus
2651 5459 2796 5520 556
2822 5459 2932 5524 Ubi
2983 5462 3143 5523 enim
3190 5478 3305 5521 una
3350 5479 3486 5521 cum
3531 5459 3669 5522 aliis

2015 5549 2186 5614 tubas
2215 5549 2564 5625 audivisset,
2602 5561 2659 5612 et
2683 5550 3126 5620 divinalumina
3158 5549 3424 5625 vidisset,
3464 5566 3669 5630 segre-
