4086 6154
530 335 681 409 1023

1697 337 1762 417 S.
1814 349 2159 421 DIONYSII
2203 346 2734 425 AREOPAGITE.

3731 342 3867 424 1024

509 494 767 568 gatur,et
787 506 920 552 cum
953 488 1364 555 sacerdotibus
1394 491 1801 572 constituitur;
1833 497 1977 560 etin
2001 498 2153 561 divi-

2240 492 2414 568 μένων
2468 494 2561 553 καί
2627 490 2912 568 ὁρωμένων
2981 490 3245 569 ἀκρότατα
3309 490 3645 560 ὁποθετικούς
3726 517 3862 562 τινας

511 595 647 638 nam
675 578 985 657 caliginem
1017 579 1549 662 immersus,Deum
1583 584 1826 665 quidem
1860 605 1979 648 non
1997 587 2156 651 videt

2240 583 2381 641 εἶναι
2439 581 2628 661 λόγους
2673 584 2778 641 τῶν
2835 590 2912 657 τῷ
2967 591 3085 656 Θεῳ
3130 584 3449 661 προσόντων,
3512 577 3861 650 Ὑποθετικοὺς

512 667 723 745 (Deum
753 668 912 730 enim
933 687 1108 731 nemo
1137 671 1291 733 vidit
1319 689 1587 751 unquam
1609 676 1704 749 °'),
1732 677 1838 735 sed
1873 676 2065 739 locum
2094 679 2153 739 in

2240 666 2291 728 δέ
2348 695 2477 752 φησι
2534 674 2656 736 τοὺς
2708 675 3120 756 ὑφογριφικοὺς,
3150 674 3314 751 ἤγουν
3365 677 3715 752 θεωρητικοὺς
3767 681 3862 732 τῶν

510 775 628 838 quo
651 766 917 834 steterat;
949 759 1107 821 unde
1137 761 1740 840 signiﬁcatur,eorum
1774 783 1910 841 quae
1938 765 2155 830 intelli-

509 855 731 935 guntur
748 855 807 910 et
835 848 1109 919 videntur
1137 850 1670 923 summitates,esse
1696 853 1956 917 rationes
1985 874 2154 935 quas-

510 934 654 1026 dam,
678 936 1082 1016 ltypotheticas
1112 956 1316 1000 eorum
1346 957 1476 1020 quas
1508 940 1565 1001 in
1599 940 1721 1003 Deo
1767 951 1922 1004 sunt.
1958 934 2155 1026 Hypoo

510 1025 762 1087 theticas
782 1043 921 1088 vero
943 1028 1202 1089 rationes
1222 1039 1388 1090 vocat
1414 1047 1513 1090 eas
1525 1048 1764 1111 quaeres
1783 1025 2151 1112 describunt,

512 1122 571 1177 et
598 1114 768 1195 quasi
788 1117 1275 1198 contemplandas
1296 1118 1739 1200 praebent,quas
1766 1123 1847 1184 ait
1869 1141 2003 1186 esse
2033 1124 2155 1187 Deo

511 1205 828 1286 subjectas,
859 1209 917 1271 id
949 1219 1039 1273 est
1075 1210 1327 1289 intelligi
1360 1212 1557 1274 inesse
1601 1211 1713 1293 ipsi
1746 1233 1760 1277 :
1799 1232 1868 1276 ex
1895 1215 1965 1276 ils
1994 1216 2156 1279 enim

512 1296 819 1373 docemur,
850 1298 1043 1381 ipsum
1077 1299 1257 1362 rebus
1286 1302 1563 1364 omnibus
1606 1321 1740 1365 esse
1779 1315 2155 1384 praesentem,

512 1404 633 1448 non
671 1388 1059 1470 transeundo,
1092 1390 1197 1451 sed
1256 1390 1643 1472 providendo.
1678 1391 1989 1473 Spiritales
2021 1412 2160 1460 vero

507 1475 764 1540 vertices
820 1487 983 1541 vocat
1030 1479 1304 1543 ctelestes
1343 1489 1402 1543 et
1450 1482 1830 1547 intellectiles
1873 1486 2161 1548 essentias

512 1585 644 1649 quae
664 1567 825 1632 circa
856 1572 1044 1632 Deum
1090 1578 1248 1646 sunt,
1282 1590 1430 1653 quas
1460 1580 1517 1634 et
1562 1573 1724 1636 locos
1754 1576 2161 1639 sanctissimos

511 1657 1072 1741 appellavit,quibus
1100 1662 1529 1741 supereminet,
1581 1672 1640 1726 et
1667 1681 1702 1725 a
1730 1663 1944 1746 quibus
1974 1664 2160 1727 abso-

511 1746 671 1811 lutus
689 1749 1141 1813 est.secundum
1167 1750 1313 1813 nihil
1336 1752 1580 1814 omnino
1600 1755 1745 1836 ipsis
1769 1754 2158 1820 assimilatus.

2234 761 2422 834 ὅντων,
2455 764 2588 843 ἅπερ
2636 761 3041 839 ὑποϐεϐλημένα
3070 771 3145 837 τῷ
3192 771 3307 839 Θεῷ
3349 763 3451 844 ἔφη
3480 770 3642 837 εἶναι,
3679 764 3862 832 δηλον-

2236 852 2316 910 ότι
2375 868 2655 933 προσεῖναι
2715 856 2996 928 νοούμενα·
3059 855 3112 921 ἐξ
3171 859 3343 913 αὐτῶν
3397 878 3518 934 γαρ,
3573 870 3689 922 τοῖς
3744 865 3861 915 πᾶσι

2237 957 2484 1023 παρεῖναι
2538 951 2748 1024 τοῦτον,
2792 943 3164 1021 διδασκόμεθα,
3196 948 3256 1004 οὗ
3314 944 3702 1020 μεταϐατικῶς,
3760 945 3862 1005 οὖδὲ

2237 1039 2626 1111 προνοητικῶς.
2701 1035 2912 1101 Νοητάς
2984 1033 3039 1091 δὲ
3110 1036 3410 1112 ἀκρότητας
3475 1037 3571 1100 τὰς
3641 1037 3864 1114 οὖρανίας

2238 1124 2324 1179 καὶ
2373 1123 2554 1200 νοερᾶὶς
2586 1123 2763 1187 οὐσίας
2808 1122 2989 1198 καλεῖ,
3020 1125 3114 1188 τὰς
3166 1127 3285 1203 περί
3314 1127 3445 1182 Θεὸν
3474 1126 3652 1206 οὔσας,
3684 1126 3746 1191 ἃς
3793 1130 3870 1185 καὶ

2240 1211 2434 1277 τόπους
2491 1213 2818 1292 ἀγιωτσίτους
2870 1214 3172 1291 ὠνόμασεν,
3230 1218 3305 1270 ὧν
3356 1216 3446 1272 καὶ
3497 1219 3669 1275 αὐτῶν
3721 1216 3869 1293 ὑπέρ-

2240 1322 2411 1359 κειναι
2455 1304 2542 1359 καὶ
2593 1302 2903 1384 ἀπολύεται,
2935 1304 3071 1360 κατά
3120 1303 3286 1379 μηδὲν
3321 1306 3504 1371 αὐτοῖς
3546 1304 3685 1370 ὅλως
3715 1328 3869 1384 προσ-

2242 1391 2457 1456 εοικώς.
2518 1394 2803 1473 Θεωρήσας
2861 1394 3033 1451 τοίνυν
3090 1396 3183 1451 τὸν
3231 1395 3394 1451 τόπον
3461 1400 3690 1463 Μωυσῆς
3744 1398 3801 1453 οὗ
3846 1398 3871 1453 ὁ

2244 1482 2373 1548 Θεὸς
2429 1483 2684 1555 εἱστήκει,
2720 1485 2807 1540 καὶ
2845 1483 2965 1540 τότε
3015 1483 3290 1565 ἀφολυθεὶς
3318 1485 3426 1543 τῶν
3466 1506 3524 1541 τε
3580 1485 3870 1564 δρωμένων,

2240 1571 2535 1653 τόυτέστιν,
2597 1574 2861 1640 αἰσθητῶν
2935 1574 3185 1631 ἀπάντων
3207 1620 3223 1643 ,
3284 1574 3377 1631 καῖ
3452 1581 3558 1631 τῶν
3622 1574 3871 1654 ὁρώντων,

2243 1663 2479 1720 τουτέστι
2547 1668 2655 1721 τῶν
2724 1661 2959 1741 λογικῶν
3027 1662 3299 1737 ἁπάντων,
3358 1671 3563 1731 νοητῶν
3617 1663 3751 1745 φημι
3794 1664 3874 1720 καὶ

2243 1758 2437 1831 νοερῶν
2490 1753 2706 1835 οὐσιῶν,
2738 1751 2856 1829 μεθ’
2896 1754 2970 1808 ὧν
3025 1754 3114 1809 καὶ
3163 1750 3439 1832 ἡμετέρων
3480 1758 3676 1835 ψυχῶν
3731 1775 3872 1821 τηνι-

510 1836 740 1920 Moyses
756 1839 954 1922 itaque
966 1840 1401 1921 contemplatus
1422 1833 1734 1907 locum'ubi
1751 1842 1905 1906 Deus
1918 1851 2156 1908 steterat

2243 1850 2410 1901 καῦτα
2464 1844 2539 1907 εἷς
2567 1833 2658 1900 τδθ
2708 1841 2904 1922 γνόφου
2934 1841 3165 1913 εἰσῆλθε,
3197 1843 3467 1900 τουτέστιν
3514 1833 3596 1907 εἷς*
3631 1845 3733 1912 τὴν
3785 1863 3873 1901 τιε-

509 1934 754 2009 tumque
789 1927 864 1992 ab
919 1929 991 1991 iis
1028 1947 1161 2012 quae
1205 1929 1482 1993 videntur
1527 1931 1919 2007 absolutus,id
1965 1942 2053 1996 est
2084 1936 2158 1997 ab

512 2018 791 2080 omnibus
802 2019 1121 2082 sensilibus
1135 2028 1193 2081 et
1208 2019 1762 2101 aspectabilibus,id
1774 2032 1865 2086 est
1883 2023 2159 2087 omnibus

512 2108 1748 2192 rationalibus,intellectilibus,inquam,et
1782 2114 2161 2195 intelligenti-

515 2196 627 2260 bus
646 2199 1011 2274 essentiis,et
1033 2218 1169 2262 cum
1196 2198 1291 2261 his
1319 2200 1495 2262 etiam
1509 2201 1582 2262 al)
1611 2202 1923 2264 animabus
1946 2203 2163 2267 nostris

513 2285 822 2364 liberatus,
859 2296 1066 2369 postea
1092 2288 1152 2349 in
1198 2289 1510 2368 caliginem
1555 2291 1861 2370 ingressus
1905 2303 2015 2372 est,
2051 2294 2162 2357 hoc

509 2382 621 2451 est,
655 2376 717 2439 in
739 2377 845 2441 Dei
867 2379 1338 2458 ignorationem;
1372 2380 1470 2441 ubi
1491 2399 1624 2442 cum
1656 2381 1852 2443 omnis
1881 2383 2163 2460 cognitio-

507 2467 603 2528 nis
634 2466 904 2530 subsidia
933 2468 1307 2545 exclusisset,
1339 2469 1449 2531 fuit
1478 2470 1536 2531 in
1570 2472 1824 2534 obscura
1848 2471 1900 2515 θί
1936 2483 2157 2548 mente,

506 2574 639 2637 quae
660 2556 844 2621 videri
873 2559 1097 2640 nequit,
1147 2561 1281 2633 Dei,
1316 2578 1493 2641 supra
1524 2579 1735 2623 omnes
1792 2563 2158 2643 intelligendi

504 2646 819 2710 facultates
841 2649 1401 2731 constituti,talique
1423 2651 1598 2711 modo
1616 2653 1972 2732 conjunctus
1996 2654 2155 2733 igno-

503 2737 722 2800 rationi
755 2739 1301 2803 etcessationi.Non
1335 2740 1466 2802 dico
1500 2742 1760 2822 propria;
1791 2743 2009 2806 mentis
2043 2743 2158 2806 cir-

503 2845 576 2890 ca
599 2827 790 2909 ipsum
842 2830 1186 2907 cessationi,
1218 2849 1414 2912 neque
1463 2832 1636 2892 etiam
1670 2832 1915 2894 alterius
1945 2851 2149 2895 cessa-

507 2918 678 2998 tioni,
711 2936 824 2981 nec
853 2920 1140 3000 seipsum,
1200 2940 1310 2982 nec
1348 2922 1671 3002 quidquam
1730 2922 1892 2984 aliud
1924 2921 2148 2985 intelli-

505 3011 701 3088 gendo
727 3009 1034 3090 (bocenim
1062 3027 1293 3071 merum
1317 3018 1502 3072 otium
1520 3010 1955 3093 stupiditasque
1983 3031 2155 3072 men-

509 3099 583 3162 tis
604 3098 842 3173 estl,sed
867 3099 1193 3161 secundum
1229 3101 1522 3181 potiorem
1572 3102 1785 3164 mentis
1820 3103 2151 3184 portionem

2243 1933 2290 2003 ρὶ
2321 1938 2453 1990 Θεοῦ
2502 1930 2790 2011 ἀγνωσίαν·
2827 1931 2946 1989 ἔνθα
3001 1932 3179 1998 πάσας
3209 1930 3488 2009 ἀπομόσας
3534 1934 3632 1998 τὰς
3661 1954 3874 2013 γνωστι-

2243 2024 2339 2086 κάς
2385 2020 2722 2098 ἀντιλήψεις,
2757 2020 2968 2101 ἐγένετο
3019 2020 3075 2078 ἓν
3101 2028 3179 2096 τῷ
3224 2021 3418 2102 ἀφανεῖ
3468 2021 3636 2099 Θοτῷ
3687 2024 3782 2099 νῷ,
3809 2028 3875 2095 τῷ

2244 2112 2453 2188 ἀοράτῳ
2508 2118 2693 2171 πασῶν
2724 2116 2844 2168 τῶν
2873 2119 3183 2189 γνωστικῶν
3216 2111 3555 2188 ἀντιλήψεων
3609 2120 3706 2171 τοῦ
3757 2112 3874 2191 πέρα

2245 2199 2458 2259 πάντων
2515 2209 2670 2282 Θεοῦ,
2730 2203 2820 2259 καὶ
2871 2201 3063 2267 ὶνοθεὶς
3119 2200 3204 2258 διὰ
3269 2209 3365 2259 τοῦ
3416 2203 3659 2260 τοιούτου
3700 2204 3875 2281 τρόπου

2244 2298 2311 2369 τῇ
2381 2292 2616 2370 ἀγνωσία
2673 2290 2769 2348 καί
2825 2298 2894 2368 τῇ
2954 2291 3324 2369 ἀνενεργησίᾳ.
3387 2292 3459 2351 Οὒ
3514 2291 3661 2371 λέγω
3716 2290 3767 2348 δὲ
3817 2297 3877 2368 τῇ

2243 2384 2361 2459 περὶ
2418 2380 2576 2439 αὒτοῦ
2631 2380 2976 2459 ἀνενεργησίᾳ
3005 2387 3097 2436 τοῦ
3165 2378 3302 2439 έδίου
3355 2382 3467 2463 νοῦ,
3495 2382 3614 2438 οὔτε
3672 2383 3775 2457 μὴν
3821 2384 3879 2456 τῇ

2244 2471 2421 2550 ἑτέρον
2478 2471 2823 2551 ἀνενεργησίᾳ
2854 2470 2907 2526 ἐν
2937 2470 3014 2544 τῷ
3044 2471 3182 2540 μήτε
3213 2473 3389 2545 αὐτὸν,
3429 2474 3567 2547 μήτε
3626 2471 3801 2551 ἕτερόν
3834 2492 3877 2526 τι

2238 2575 2381 2617 νοεῖν
2439 2562 2623 2638 (τοῦτο
2654 2561 2753 2638 γὰρ
2813 2557 3086 2624 παντελῶς
3116 2558 3391 2628 ἡλιθιότης
3448 2563 3534 2619 καὶ
3560 2562 3721 2641 ἀργία
3774 2561 3878 2623 νοός

2238 2649 2429 2725 ἐστιν),
2464 2648 2581 2705 ἀλλ’
2639 2649 2846 2711 ἐνωθεὶς
2895 2649 3033 2707 κατὰ
3074 2649 3137 2704 τὸ
3194 2663 3439 2727 κρεῖττον
3508 2658 3588 2724 τῷ
3620 2648 3880 2713 παντελῶς

2239 2739 2516 2817 ἀγνώστῳ,
2551 2738 2604 2794 ἐν
2656 2745 2734 2813 τῷ
2779 2737 2925 2819 ἔχειν
2976 2738 3353 2815 ἀνενεργτ,σίαν
3407 2739 3585 2806 πάσης
3619 2740 3881 2819 γνώσεως,

2235 2828 2289 2884 ἐν
2348 2835 2425 2903 τῷ
2482 2827 2780 2885 ἀπολιπεῖν
2838 2827 3082 2896 δηλονότι
3146 2828 3400 2893 ἑκουσίως
3467 2831 3555 2886 καὶ
3617 2829 3881 2913 ἀραρότως

2236 2919 2411 2975 πᾶσάν
2486 2925 2684 2997 γνῶσιν
2738 2917 2789 2983 ἔξ
2811 2921 2924 2975 υθεν
2983 2921 3054 2985 ὡς
3127 2918 3463 2999 συγχέουσιν
3518 2919 3728 2995 μᾶλλον
3806 2913 3883 2975 καὶ

2237 3006 2572 3083 βλάπτουσαν
2627 3007 2663 3076 ἢ
2734 3005 3202 3082 συμϐαλλομένην,
3263 3009 3383 3065 τότε
3442 3014 3511 3085 τῇ
3579 3008 3769 3086 ἀγνοίᾳ
3822 3009 3877 3063 τὸ

2238 3102 2341 3152 πᾶν
2399 3096 2558 3175 ἔγνω,
2622 3093 2715 3152 ’¹Η
2790 3097 2890 3175 γὰρ
2947 3099 3068 3176 οὒχὶ
3126 3096 3220 3154 καῖ
3278 3097 3495 3154 ἐνταῦθα
3552 3095 3785 3175 ἀμυδρόν
3838 3118 3880 3152 τι

506 3188 603 3251 isti
632 3189 830 3268 ignoto
862 3188 1097 3269 penitus
1129 3157 1552 3251 uniltusomnis
1580 3157 1937 3270 cognitiornis
1963 3210 2156 3254 cessa-

2440 3157 2452 3175 .
2549 3157 2557 3159 ν
2804 3157 2815 3174 .
2864 3157 2874 3175 .
3012 3157 3049 3176 ν.
3589 3157 3601 3173 ι
3698 3157 3707 3175 ι

2240 3186 2474 3243 τοιοῦτον
2532 3185 2756 3265 γίνεται,
2814 3184 2901 3243 ὅτε
2957 3186 3177 3263 θέλομεν
3240 3188 3339 3261 μὲν
3398 3188 3754 3261 ἐνθυμηθῆναί
3814 3209 3881 3259 τι,

505 3278 725 3341 tionem
751 3277 1318 3359 obtinendo.sponte
1362 3280 1597 3341 scilicet
1616 3282 2156 3362 convenienterque

2241 3276 2698 3353 περικτυπούμεθα
2749 3273 2806 3331 δὲ
2875 3274 3137 3339 πολλάκις
3193 3278 3335 3356 παρά
3390 3299 3558 3356 τινος,
3605 3280 3681 3340 ὡς
3739 3275 3882 3345 δῆθεν

504 3368 840 3431 deserendo
855 3385 1093 3430 omnem
1112 3367 1577 3450 nolionem,quae
1593 3361 2156 3431 extrinsecusall‘usa

2242 3361 2633 3439 συμϐάλλεσθαι
2692 3367 2764 3422 εἷς
2796 3366 2894 3432 τήν
2938 3365 3220 3440 ἐνθύμησιν
3275 3365 3545 3447 θέλοντος,
3574 3366 3678 3424 καΐ
3732 3369 3884 3443 ἡμεῖς

504 3458 941 3535 quodammodo
1004 3457 1313 3519 confundit
1374 3458 1574 3539 potius
1640 3459 1945 3539 magisque
1992 3460 2156 3520 obest

2243 3454 2660 3534 δυσχεραίνομεν
2708 3462 2915 3527 τοῦτον,
2949 3457 3023 3517 ὡς
3076 3453 3181 3523 ἤδη
3212 3454 3446 3535 ὅχλησιδ
3500 3458 3881 3528 ἑμποιήσκντι,

505 3566 679 3629 quam
713 3547 918 3629 prosit,
943 3566 1075 3610 cum
1107 3548 1236 3609 sine
1261 3548 1502 3610 notione
1532 3548 1731 3611 omnia
1765 3550 1947 3612 novit.
1983 3549 2035 3611 Ν
2045 3567 2154 3609 un-

2240 3545 2489 3611 κάκείνην
2545 3544 2643 3611 νὴν
2685 3542 3051 3621 συναγομένην
3111 3542 3344 3622 ἀμυδρὰν
3400 3546 3557 3618 ἡμῶν
3609 3545 3884 3620 ἐνθύμησιν

501 3638 641 3719 quid
667 3657 803 3700 vero
825 3639 1002 3700 etiam
1027 3638 1127 3700 hic
1148 3638 1349 3703 simile
1374 3639 1519 3716 quid
1540 3638 1796 3701 obscure
1820 3637 2155 3719 ﬁt,quando

2240 3633 2595 3694 ἀπολέσαντα.
2629 3634 2688 3693 Τί
2739 3633 2840 3713 γάρ
2868 3634 3008 3689 ἐστιν
3039 3630 3170 3688 ἄλλο
3238 3632 3385 3708 τότε,
3421 3634 3467 3689 εί
3515 3633 3596 3708 μὴ
3650 3633 3883 3709 βούλεται

502 3727 767 3791 volumus
796 3727 1037 3810 quidem
1068 3728 1293 3809 aliquid
1318 3737 1513 3790 mente
1533 3728 1940 3802 volutare,sed
1964 3745 2150 3807 saepe-

2240 3729 2267 3784 ὁ
2300 3730 2419 3793 νοῦς
2447 3726 2502 3783 ἐν
2553 3725 2898 3804 ἀνενεργησίᾳ
2928 3731 3035 3782 τῶν
3066 3723 3244 3781 ἄλλων
3300 3728 3587 3802 γενόμενος
3623 3724 3881 3805 σχολάσαι

499 3835 747 3880 numero
776 3818 848 3879 ab
878 3819 1073 3898 aliquo
1104 3818 1755 3896 interpellamur,quasi
1791 3818 1853 3879 in
1888 3827 2147 3879 mentem

2240 3816 2361 3888 περῖ
2414 3819 2475 3874 τὸ
2506 3815 2854 3896 προκείμενον
2889 3836 2905 3886 ;
2962 3815 3086 3894 Περὶ
3119 3812 3170 3870 δὲ
3216 3821 3308 3871 τοῦ
3339 3817 3533 3895 γνόφου
3565 3817 3880 3891 σημείωσαι,

502 3907 801 3988 quidpiam
821 3924 1108 3970 revocare
1123 3907 1380 3979 volente,
1405 3917 1587 3971 etnos
1601 3907 1739 3969 hinc
1772 3906 2152 3985 indignamur

2240 3905 2314 3963 ὅτι
2368 3908 2432 3964 τὸ
2464 3904 2744 3981 Ἐϐραϊκὸν
2799 3903 3001 3985 ἀραιρὲλ
3057 3903 3198 4007 ἔχει,
3231 3902 3364 3981 ὅπερ
3420 3907 3449 3961 ὁ
3505 3904 3606 3981 μὲν
3666 3902 3883 4007 ’ἡκύλας

502 3996 654 4077 quod
688 4015 796 4058 nos
824 3996 1041 4073 turbet,
1078 4007 1136 4059 et
1165 3997 1479 4060 obscuram
1510 3997 1702 4077 illam,
1746 4015 1919 4078 quam
1970 4002 2154 4064 menti

2240 3998 2320 4055 καὶ
2379 3994 2666 4053 Θεοδοτίων
2721 3995 2918 4075 γνόιρον
2979 3991 3259 4069 ἐξέδωκαν,
3292 3995 3501 4069 σύναμα
3542 4008 3665 4058 τοῖς
3707 3991 3881 4052 Ἐἶόοη

501 4086 1023 4163 impresseramus,
1058 4086 1541 4165 imaginationem
1589 4085 1955 4169 pessumdet.
2001 4086 2151 4159 Quid

2240 4089 2500 4162 μήκοντα⁶
2550 4087 2848 4165 Σύμμαχος
2880 4083 3061 4159 μέντοι
3120 4082 3386 4163 ὁμίχλην·
3421 4083 3483 4141 Ὀ
3527 4081 3581 4139 δὲ
3638 4081 3881 4158 Ἐϐραῖος

500 4176 659 4237 enim
694 4195 864 4238 mens
910 4175 1068 4238 aliud
1099 4185 1239 4239 tunc
1270 4176 1427 4249 velit,
1483 4194 1656 4259 quam
1712 4178 1771 4238 in
1807 4183 2153 4238 caeterarum

2240 4177 2372 4255 λέγει
2450 4179 2513 4234 τὸ
2578 4173 2778 4254 ἀραφὲλ
2839 4177 3007 4249 δνομα
3077 4173 3219 4229 εἶναι
3298 4172 3671 4250 στερεώματος
3730 4174 3801 4235 εἰς
3854 4171 3879 4259 ὃ

500 4271 833 4330 cessatione
849 4266 1241 4345 rerum,circa
1264 4266 1318 4328 id
1350 4257 1516 4345 quod
1545 4268 1599 4328 ei
1634 4266 1997 4347 propositum
2031 4279 2148 4338 est,

2240 4266 2415 4346 ἔφθασε
2475 4272 2705 4334 Μωΰσῆς
2734 4285 2748 4301 ·
2808 4263 2941 4321 ἑπτὰ
2995 4265 3095 4340 γὰρ
3156 4263 3498 4340 στερεώμστα
3557 4262 3819 4340 λέγουσιν,
3849 4257 3879 4316 ἃ

500 4362 756 4418 vacare?
795 4355 965 4418 Circa
993 4355 1308 4435 caliginem
1344 4374 1523 4437 porro
1567 4365 1733 4437 nota,
1791 4354 2149 4418 Hebraicum

2240 4359 2324 4413 καὶ
2352 4357 2603 4434 οὖρανοὺς
2633 4355 2908 4434 καλοῦσιν,
2938 4355 3014 4409 ὦν
3042 4352 3139 4409 καί
3162 4353 3230 4409 τὰ
3249 4352 3484 4425 ὀνόματι
3514 4352 3632 4410 καθ’
3665 4350 3877 4410 ἕκαστον

498 4444 1010 4527 haberenraphel,
1045 4447 1202 4526 quod
1232 4445 1445 4526 Aquila
1464 4445 1705 4528 quidem
1737 4455 1915 4527 atque
1944 4444 2149 4507 Theo-

2240 4445 2504 4523 λέγουσιν.
2563 4437 2622 4505 Ὀ
2653 4444 2706 4502 δὲ
2761 4443 2935 4523 ἅγιος,
2967 4441 3164 4522 γνόφον
3206 4443 3308 4510 τὴν
3357 4442 3627 4520 ἀγνωσίαν
3668 4443 3871 4507 ἒνόησε,

500 4533 704 4596 dotion
736 4533 874 4595 557
906 4559 1100 4616 γνοφον
1129 4554 1235 4629 seu
1266 4536 1592 4613 caliginem
1624 4536 2000 4616 interpretati
2030 4543 2186 4629 sunt,
2221 4553 2356 4629 cum
2406 4531 3242 4629 Septuagintaconvenientes
3273 4528 3716 4629 :‘Slmmachns
3745 4543 3874 4629 vero

497 4626 762 4721 ἧιξίχλην,
790 4625 851 4721 id
879 4633 990 4699 est,
1016 4624 1325 4688 nebulam.
1358 4625 1644 4690 Hebraeus
1658 4644 1797 4688 vero
1822 4624 2238 4721 diciturqphel
2269 4643 2400 4721 esse
2428 4645 2647 4690 nomen
2677 4622 3040 4687 ﬁrmamenti
3072 4622 3141 4721 in_
3161 4620 3567 4721 quodiioyses
3588 4620 3871 4721 pervenit;

497 4715 704 4778 dicunt
750 4716 910 4780 enim
950 4732 1083 4778 esse
1113 4724 1344 4796 septem
1400 4718 1795 4789 ﬁrmamenta,
1831 4733 1967 4794 quae
2016 4716 2191 4777 etiam
2247 4716 2428 4778 caelos
2487 4724 2720 4786 vocant,
2757 4731 3016 4795 quorum
3063 4711 3244 4773 etiam
3277 4710 3577 4790 sigillatim
3634 4710 3874 4773 nomina

495 4814 836 4870 recensent.
872 4804 981 4869 Hic
1023 4814 1264 4867 sanctus
1296 4823 1434 4868 vero
1457 4806 1779 4887 caliginem
1812 4805 2106 4868 intellexit
2134 4805 2567 4886 ignorationem
2597 4824 2702 4870 seu
2733 4803 2992 4869 nationis
3020 4800 3392 4865 vacuitatem.

579 4972 622 5011 θ’
650 4967 827 5032 Joan.
861 4985 906 5050 l,
940 4967 1041 5032 18.

1818 5047 2073 5113 VABLE
2116 5045 2438 5114 LECTION
2444 5045 2556 5113 ES.

576 5209 639 5265 90
670 5210 838 5277 Max.
873 5212 1089 5294 ἀναιρεῖ,
1173 5209 1229 5261 θί
1268 5211 1434 5274 Max.
1464 5208 1742 5280 intactili.
