4086 6154
285 372 439 455 1029

733 379 831 456 DE
876 376 1210 456 Mvsrtcx
1254 369 1716 470 THEOLOGIA,
1762 368 1926 451 CAP.
1974 368 2050 450 tt.
2099 419 2178 431 —
2222 366 2609 451 PARAPHR.
2658 370 3172 451 PACHYMERE.

3484 362 3643 452 4030

274 527 404 607 παρ’
455 532 614 588 αὐτοῦ
671 528 1053 605 ἔλλάμπεσθαι.
1113 530 1201 587 ’Ἢ
1234 531 1335 608 γὰρ
1392 530 1523 610 οὒχί
1571 530 1657 585 καὶ
1699 527 1882 583 ἑνταῦθ

2001 520 2283 610 optimam
2310 520 2400 582 sui
2431 529 2653 601 partem
2676 522 2859 597 unita,
2882 529 3097 585 statum
3124 519 3563 602 quodammodo
3588 530 3645 583 et

272 618 364 675 ἒπὶ
414 619 510 685 τῆς
567 618 827 697 ἡμετέρας
886 620 1116 700 ὁράσεως
1195 617 1437 696 ἀμυδρῶς
1496 639 1613 673 πως
1683 615 1889 672 τελεῖτε

2004 609 2482 700 immobilitatem
2506 611 2809 687 obtinens,
2835 611 2977 671 dum
3011 611 3087 673 ab
3122 611 3251 691 ipso
3286 609 3637 700 illustratur.

270 710 452 783 τοῦτο,
507 709 597 766 ’δτε
653 711 752 766 τινὶ
805 708 1326 787 προκατειλημμένοι
1393 710 1562 783 πὸθῳ,

269 799 403 856 αὐτὸ
442 796 730 877 ἐφιέμενοι,
797 799 996 880 αἴφνης
1053 796 1361 855 ἐπιστάντος
1420 805 1513 854 τοῦ
1574 798 1914 875 ποθουμένου,

271 886 570 965 ἦῆμετὲρα
611 889 699 944 ἐπὶ
741 888 911 960 τούτῳ
967 888 1248 967 συνάγεται
1308 888 1511 967 ὅρασις,
1571 888 1631 953 οὔ
1687 891 1916 963 μερικῶς

265 975 574 1055 ἔνεργοῦσα,
653 975 773 1035 ἀλλ’
833 977 1050 1052 ὁλικῶς,
1120 980 1203 1032 καὶ
1258 978 1396 1034 κατά
1459 983 1614 1033 τοῦτο
1669 975 1915 1040 ἀκινῆτί-

261 1073 475 1141 ζουσα;
513 1066 766 1133 πολλάκις
810 1066 864 1123 δὲ
893 1068 980 1125 καὶ
1030 1089 1171 1132 τινες
1228 1073 1294 1144 τῇ
1347 1064 1449 1139 ἰδίᾳ
1479 1066 1621 1146 χειρὶ
1652 1069 1912 1139 καταψῶ-

260 1176 318 1212 σι
352 1158 474 1220 τοὺς
525 1156 844 1257 ὀφθαλμοὺς,
889 1159 950 1213 τὸ
993 1158 1243 1235 ὁρατικὸν
1286 1155 1487 1213 ὡσανεί
1542 1153 1911 1233 διεγείροντες.

261 1235 353 1257 ’,η
445 1239 483 1257 In
623 1240 636 1257 ε
686 1238 700 1257 9
1055 1239 1068 1256 ἱ
1130 1237 1145 1257 ﬁ
1231 1235 1251 1257 Ἴ
1285 1236 1327 1257 ΙΡ
1509 1237 1523 1257 τ
1632 1236 1644 1252 δ
1718 1238 1732 1257 ι
1856 1241 1877 1250 υ
1900 1256 1905 1257 ,

261 1235 356 1295 "H
388 1239 543 1295 πόθεν
570 1235 639 1294 ἀἱ
683 1235 954 1301 ἐκστάσεις
987 1239 1074 1294 καὶ
1128 1235 1431 1316 ἑκπλήξεις,
1483 1237 1527 1291 εἰ
1584 1236 1660 1310 μὴ
1712 1238 1739 1292 ὁ
1793 1241 1909 1297 νοῦς

259 1328 603 1409 συμπάσχὨν
661 1341 777 1391 τοῖς
832 1326 1017 1393 ἔξωθεν
1069 1329 1139 1393 είς
1192 1329 1377 1384 ἐαατὸν
1434 1324 1625 1391 ὃλικῶς
1700 1325 1912 1402 ωστρέσ

257 1438 440 1499 φεται,
501 1419 586 1475 καὶ
631 1419 726 1483 τὰς
786 1417 1005 1495 μερικὰς
1048 1421 1268 1481 νοώσεις
1327 1417 1675 1490 ἀποθὲμενος,
1715 1414 1909 1477 ὁλικῶς

255 1507 552 1579 ἀκινητίζει
599 1510 731 1582 πρὸς
787 1510 864 1582 τῷ
919 1508 1189 1587 πράγματι
1246 1505 1371 1569 ὅλος
1443 1506 1760 1583 γινόμενοςς
1813 1507 1904 1560 καὶ

255 1594 345 1653 διὰ
396 1605 547 1654 τοῦτο
601 1597 949 1664 ἐξεστηκὼςὸ
1008 1593 1279 1674 ἅνθρωπος
1341 1596 1604 1674 φαίνεται,
1674 1605 1771 1651 Δεῖ
1811 1595 1912 1673 γὰρ

254 1684 473 1763 εἰδέναι,
534 1689 615 1743 ὃτι
673 1688 894 1763 μίμημα
940 1693 1032 1744 τοῦ
1103 1687 1296 1750 παντὸς
1359 1689 1387 1741 ὁ
1439 1692 1557 1750 νοός
1616 1686 1783 1765 φέρει.
1841 1686 1909 1742 Τὸ

254 1783 387 1855 γοῦν
438 1782 542 1834 πᾶν
573 1778 709 1834 κατὰ
765 1778 831 1832 τὰ
879 1775 1016 1853 μέρη
1072 1776 1379 1851 κινούμενόν
1435 1774 1576 1831 ἐστιν
1609 1775 1662 1829 ὲν
1692 1779 1769 1849 τῷ
1821 1784 1907 1833 νῦν

1648 708 1729 763 καὶ
1788 704 1919 762 ἰδεῖν

2002 698 2289 777 Nunquid
2317 700 2476 762 enim
2502 700 2675 762 etiam
2706 700 2800 761 hic
2829 701 2887 760 in
2914 710 3114 763 nostra
3136 700 3362 761 visione
3395 700 3507 762 hoc
3538 699 3641 761 ob-

2003 807 2146 851 cure
2188 787 2630 870 quodammodo
2659 788 2800 849 560
2832 789 2917 865 lit,
2953 788 3213 869 quando,
3246 789 3442 863 aliquo
3473 788 3638 850 desi-

2001 879 2167 941 derio
2202 880 2616 959 praeoccupati,
2655 887 2711 940 et
2743 879 2799 940 id
2828 879 3026 959 ipsum
3060 879 3263 940 videre
3293 884 3635 956 gestientes,

1998 987 2065 1029 re
2092 969 2423 1030 desiderata
2452 970 2577 1050 jam
2611 977 2930 1046 praesente,
2979 968 3139 1030 illico
3172 977 3371 1029 nostra
3402 967 3545 1029 visio
3577 968 3638 1029 in

1998 1058 2125 1136 ipsa
2147 1057 2466 1137 colligitur,
2485 1077 2601 1119 non
2627 1058 3070 1137 partialitersed
3102 1056 3361 1118 totaliter
3384 1057 3637 1137 intenta,

1995 1156 2172 1228 atque
2190 1148 2339 1209 adeo
2362 1146 2644 1209 immota?
2669 1148 2822 1221 Quin
2850 1148 3027 1209 etiam
3056 1164 3470 1227 saepenumero
3497 1166 3640 1209 non-

1997 1238 2142 1299 nulli
2175 1256 2356 1299 manu
2387 1256 2492 1299 sua
2516 1238 2720 1299 oculos
2741 1236 3328 1317 obstruunt,videndi
3355 1237 3470 1297 vim
3494 1255 3637 1316 quo-

1985 1324 2314 1386 dammodo
2339 1327 2685 1387 excitantes.
2714 1325 2884 1389 Unde
2917 1325 3094 1387 etiam
3123 1336 3384 1387 exstases
3414 1334 3471 1387 et
3503 1333 3634 1386 stu-

1994 1432 2192 1494 pores,
2221 1414 2335 1475 nisi
2358 1415 2515 1495 quod
2543 1434 2709 1477 mens
2732 1417 3103 1478 extrinsecus
3124 1415 3434 1496 deﬁciens,
3458 1415 3517 1476 in
3542 1433 3638 1475 se-

1993 1505 2291 1573 metipsam
2322 1512 2430 1561 tota
2454 1507 2830 1570 convertitur,
2856 1515 2909 1561 et
2932 1503 3200 1575 partiales
3221 1504 3633 1562 intellectiones

1994 1592 2299 1666 deserens,
2337 1595 2597 1655 totaliter
2627 1594 2909 1675 quiescit,
2942 1595 3003 1655 in
3035 1612 3162 1655 rem
3205 1601 3459 1655 amatam
3511 1601 3634 1658 tota

1994 1682 2305 1745 translata?
2330 1684 2487 1745 unde
2520 1688 2695 1746 etiam
2734 1686 2911 1746 homo
2939 1685 3172 1745 videtur
3199 1693 3355 1769 totqs
3382 1691 3544 1745 extra
3566 1703 3632 1748 se

1994 1773 2241 1853 positus.
2279 1774 2600 1834 Sciendum
2635 1774 2819 1855 enim,
2870 1784 3127 1835 mentem
3163 1774 3421 1835 universi
3456 1774 3634 1854 hujus

252 1866 522 1947 γενέσθαι,
555 1868 720 1945 τυχὸν
780 1874 933 1923 τοῦτο
1001 1867 1063 1922 τὸ
1097 1865 1254 1942 μέρος
1313 1865 1366 1920 ἐν
1426 1871 1493 1940 τῇ
1553 1863 1717 1943 δύσει,
1777 1863 1889 1941 ὅπεε

1991 1862 2426 1920 simil:tudinem
2454 1879 2569 1933 prae
2590 1880 2648 1920 se
2678 1864 2846 1920 ferre.
2874 1864 3165 1935 Siquidem
3192 1866 3521 1920 universum
3546 1879 3631 1921 se-

250 1956 361 2034 πρὸ
411 1962 505 2013 τοῦ
552 1957 688 2011 κατά
739 1957 838 2022 τὴν
895 1954 1160 2021 ἀνατολὴν
1192 1954 1282 2028 ἦν,
1316 1956 1404 2010 καὶ
1435 1952 1566 2010 ἄλλο
1612 1954 1855 2033 ἄλλαχοῦ
1889 1972 1904 1988 ⁶

249 2045 351 2102 καῖ
396 2047 561 2111 οὕτως
617 2047 701 2102 ἐπὶ
755 2052 882 2101 πᾶσι
914 2059 1030 2107 τοῖς
1063 2043 1269 2124 μέρεσι,
1307 2044 1421 2100 καθ’
1460 2043 1520 2110 ἣν
1564 2042 1628 2111 δὴ
1690 2043 1781 2098 καί
1818 2066 1905 2099 κι-

248 2139 459 2193 νεῖσθαι
490 2138 518 2191 ὁ
566 2136 780 2203 οὓρανὸς
836 2134 1072 2212 λέγεται,
1126 2136 1262 2190 κατὰ
1320 2133 1371 2189 δὲ
1428 2135 1488 2189 τὸ
1542 2131 1668 2189 ὅλον
1713 2132 1905 2200 ἀκίνη-

248 2246 346 2287 τος
385 2226 530 2299 μένει
588 2224 643 2279 ἐν
674 2225 864 2298 ἐαυτῳ,
927 2227 999 2288 ὡς
1057 2224 1111 2279 ἐν
1164 2223 1275 2296 ἰδίῳ
1340 2224 1489 2295 τόπῳ
1520 2222 1899 2302 στρεφόμενος.

253 2314 359 2368 Διὰ
415 2321 570 2369 τοῦτο
616 2312 714 2368 καὶ
764 2315 852 2369 τὸν
906 2320 1018 2369 νοῦν
1050 2312 1327 2389 ἐλέγομεν,
1361 2314 1452 2375 τὰς
1499 2310 1718 2388 μερικᾶς
1762 2314 1895 2382 νοή-

249 2422 367 2464 σεις
418 2401 818 2475 ἀποτιθέμενον,
875 2400 1072 2463 ὁλικῶς
1127 2401 1470 2471 ἀκινητίζειν,
1534 2402 1589 2456 Εἰ
1632 2408 1755 2477 γοῦν
1813 2402 1899 2457 ἐπὶ

243 2504 367 2556 τοῖς
403 2491 526 2570 παρ’
585 2492 723 2563 ἡμῖν
766 2487 954 2570 οὕτως,
1013 2492 1063 2546 τί
1119 2489 1179 2545 ἄν
1233 2512 1313 2553 τις
1377 2490 1505 2569 φαίη
1550 2487 1633 2545 ἐπ’
1695 2490 1898 2557 ἐκείνης

238 2585 344 2646 τῆς
401 2581 541 2643 θείας
598 2579 891 2652 καλλονῆς,
947 2581 1039 2635 καί
1086 2580 1215 2658 ὑπὲρ
1266 2579 1293 2635 ὅ
1353 2578 1498 2636 εἴποι
1558 2602 1638 2644 τις
1696 2578 1757 2635 ἄν
1814 2581 1899 2637 καὶ

515 2669 531 2689 Ι
624 2669 636 2689 1
879 2671 893 2691 9
1054 2668 1079 2680 "
1261 2670 1275 2690 \
1362 2670 1374 2685 ‘
1540 2670 1553 2687 λ
1767 2669 1778 2693 1

239 2670 432 2740 νοήσοι
470 2715 488 2744 ,
531 2672 803 2748 Αναγνωθι
852 2690 926 2733 εις
988 2691 1143 2726 τουτο
1193 2691 1277 2725 και
1322 2691 1421 2736 την
1466 2691 1594 2746 προς
1631 2673 1898 2747 Δωροθεον

237 2757 531 2826 ἐπιστολήν
587 2765 682 2815 τοὺ
733 2758 985 2837 ἀγίου,ὡς
1036 2758 1097 2813 ἅν
1160 2764 1338 2824 ποσῶς
1390 2759 1736 2838 σαφηνισθείη
1787 2782 1892 2820 σοι,

236 2848 321 2912 τίς
353 2849 443 2905 καὶ
497 2850 654 2905 ὁποία
703 2846 844 2903 ἐστιν
877 2849 912 2915 ἡ
970 2847 1025 2903 ἐν
1054 2847 1285 2924 ἀγνωσία
1309 2848 1527 2927 γνῶσις.
1582 2848 1748 2906 Τοῦτο
1797 2850 1896 2927 γὰρ

235 2937 351 2995 ἰστι
382 2942 445 2994 τὸ
475 2938 642 3001 ὃντως
670 2935 825 3016 ἰδεῖν,
859 2940 921 2993 τὸ
980 2938 1058 3012 μὴ
1088 2937 1222 2994 ἰδεῖν
1264 2954 1277 2967 ⁶
1316 2940 1401 2993 καὶ
1456 2940 1517 2994 τὸ
1548 2945 1770 3015 γνῶναι,
1833 2942 1893 2995 τὸ

237 3028 319 3103 μὴ
350 3049 574 3107 γνωναι,
609 3028 705 3083 καί
762 3026 900 3083 οὕτω
955 3029 1044 3083 τὸν
1105 3028 1408 3104 ὅπερούσιον
1438 3026 1795 3097 καταλλήλως
1824 3035 1893 3105 τῇ

235 3109 396 3167 αυτοῦ
464 3107 865 3186 ὑπερουσιότητι
911 3107 1168 3183 ὑμνῆσαι,
1252 3108 1371 3172 Πῶς
1423 3119 1460 3186 ;j
1505 3108 1565 3165 ἐκ
1621 3121 1720 3182 τῑέτ
1786 3112 1891 3166 τῶν

232 3195 486 3255 ἁπάντων
583 3195 906 3277 ἀφαιρέσεως
932 3241 947 3258 .

1993 1945 2251 2004 cundum
2279 1953 2473 2023 partes
2498 1954 2763 2005 movetur
2791 1946 2846 2005 in
2875 1963 2943 2005 eo
2970 1945 3125 2025 quod
3163 1964 3319 2006 nunc
3351 1945 3436 2025 fit,
3463 1944 3542 2005 ita
3568 1952 3634 2007 ut

1989 2050 2045 2106 v,
2069 2053 2124 2111 g.
2156 2051 2287 2112 pars
2310 2033 2411 2093 illa
2436 2034 2510 2093 sit
2534 2034 2592 2093 in
2618 2031 2970 2105 Occidente,
2997 2052 3126 2114 quae
3145 2045 3317 2095 antea
3341 2034 3399 2093 in
3423 2032 3629 2096 Ot‘ien.

1991 2131 2069 2196 te,
2105 2131 2161 2183 et
2191 2122 2307 2183 alia
2336 2121 2511 2202 alibi;
2558 2131 2615 2183 et
2655 2123 2741 2184 sic
2782 2124 2858 2185 de
2885 2124 3165 2183 omnibus
3199 2123 3489 2203 partibus,
3527 2141 3628 2185 se-

1989 2212 2246 2272 cundum
2269 2231 2413 2290 quas
2431 2214 2630 2293 utique
2656 2213 2876 2273 moveri
2897 2231 3129 2293 quoque
3150 2213 3361 2273 caelum
3383 2212 3624 2287 dicitur,

1980 2301 2256 2381 quoniam
2292 2302 2617 2362 secundum
2656 2321 2721 2361 se
2753 2309 2935 2361 totum
2972 2300 3279 2362 immobile
3314 2310 3510 2363 manet
3542 2300 3628 2363 in-

1981 2389 2497 2471 seipso,tanquam
2514 2392 2570 2450 in
2591 2391 2833 2471 proprio
2863 2396 2984 2452 ioco
3009 2389 3627 2453 conversum.ldcirco

1983 2480 2159 2542 etiam
2186 2478 2529 2541 dicebamus
2553 2490 2841 2554 mentem,
2876 2480 3224 2557 partialibus
3259 2480 3625 2543 intellectio-

1986 2571 2158 2630 nibus
2174 2569 2475 2649 sepositis,
2499 2571 2758 2632 totaliter
2778 2570 3113 2650 quiesce-re.
3137 2572 3279 2633 Cum
3299 2570 3409 2632 hoc
3424 2572 3627 2647 itaque

1981 2659 2041 2719 in
2067 2661 2249 2720 rebus
2272 2660 2489 2720 nostris
2513 2659 2602 2721 sic
2633 2678 2699 2720 se
2724 2661 2960 2731 habeat,
2985 2659 3125 2740 quid
3152 2660 3365 2721 dixerit
3395 2660 3527 2740 quis
3549 2660 3625 2721 de

1981 2749 2181 2810 divina
2206 2752 2315 2810 ista
2339 2748 2988 2831 pulchritudine.quam
3018 2769 3125 2812 nec
3145 2750 3306 2811 effari
3332 2769 3443 2812 nec
3462 2769 3626 2813 men-

1981 2847 2037 2901 te
2069 2839 2389 2919 concipere
2419 2841 2732 2919 quisquam
2761 2842 3001 2920 potest?
3048 2842 3201 2917 Lege
3233 2841 3411 2904 etiam
3443 2859 3626 2922 super

1978 2928 2088 2990 hac
2132 2947 2196 2990 re
2244 2929 2553 3010 epistolam
2589 2930 2764 3009 hujus
2796 2928 2986 2992 sancti
3029 2930 3101 2992 ad
3136 2928 3525 3005 Dorotheum,
3561 2940 3624 2991 ut

1975 3017 2176 3099 aliquo
2212 3018 2384 3080 modo
2416 3019 2521 3080 tibi
2552 3020 2912 3090 declaretur,
2949 3039 3077 3102 qua:
3109 3029 3167 3083 et
3210 3020 3403 3101 qualis
3426 3019 3622 3099 cogni-

1975 3109 2063 3171 tie
2093 3109 2169 3171 sit
2197 3109 2308 3170 ista
2336 3109 2642 3186 ignoratio.
2680 3109 2831 3172 lllud
2864 3111 3021 3171 enim
3072 3129 3191 3171 non
3222 3110 3448 3191 videre,
3482 3126 3622 3173 vere

1037 3197 1126 3266 Μὴ
1183 3199 1283 3278 γὰρ
1370 3196 1589 3279 ἔχοντες
1668 3201 1889 3264 θετικῶς

1976 3206 2065 3260 est
2095 3199 2318 3276 videre;
2344 3209 2402 3260 et
2430 3198 2586 3263 istud
2611 3201 2909 3280 ignorare,
2942 3219 3081 3262 vere
3108 3209 3197 3262 est
3221 3218 3417 3273 nosse,
3442 3209 3621 3282 atque

231 3289 357 3344 κατ’
390 3284 541 3352 ἀξίαν
591 3276 785 3362 εἰπεῖν,
821 3287 906 3343 διὰ
936 3298 998 3344 τὸ
1046 3276 1213 3362 μηδὲν
1259 3276 1376 3344 τῶν
1400 3276 1685 3344 Ἷᾶπάντων
1714 3310 1886 3368 προσ-

1974 3288 2052 3349 ita
2070 3276 2702 3369 suprasubstantiale'm
2730 3276 2993 3368 congrue
3015 3308 3120 3369 pro
3153 3307 3260 3351 sua
3290 3276 3619 3370 suprasub-

232 3374 359 3456 ψὲς
445 3377 589 3450 αὖτῷ
670 3375 871 3433 ἕννοετθ
930 3378 1196 3452 ὒμνοῦμεν
1256 3376 1309 3442 ἐξ
1396 3375 1721 3455 ἀφαιρέσεως
1780 3377 1885 3434 τῶν

232 3464 486 3523 ἀπάντων
522 3512 539 3541 ,
572 3465 658 3522 καὶ
705 3466 962 3541 ποιοῦμεν
1020 3464 1151 3544 ὅπερ
1181 3475 1391 3524 ποιοῦσι
1420 3468 1508 3522 καὶ
1553 3467 1599 3523 οὶ
1631 3466 1885 3547 αὐτοφυὲς

229 3552 451 3635 ἄγαλμα
511 3553 914 3634 διαγλύφοντεςο
975 3554 1178 3614 ἐκεῖνοι
1254 3556 1375 3635 γὰρ,
1436 3553 1763 3629 ἐξαιροῦντες
1820 3559 1885 3613 τὰ

228 3646 473 3724 περιττὰ,
539 3645 663 3702 αὖτό
720 3645 802 3725 ἐφ’
868 3646 1057 3705 ἑαυτοῦ
1111 3646 1171 3701 τὸ
1216 3645 1689 3723 ἀποκεκρυμμένον
1744 3647 1879 3703 ἀνα-

227 3734 464 3816 φαίνουσι
515 3733 734 3799 κάλλος’
770 3735 1034 3815 Αὗτοφυές
1099 3736 1198 3814 γὰρ
1254 3732 1470 3813 ἄγαλμᾶ
1514 3758 1700 3816 φησιν,
1733 3737 1761 3793 ὃ
1793 3737 1879 3816 γί-

227 3844 371 3882 νεται
432 3824 487 3882 ἐν
547 3822 649 3897 ἰ)λῇ
700 3822 944 3900 ἀτμήτῳ,
981 3823 1099 3882 οἷον
1130 3824 1184 3881 ἐν
1229 3823 1393 3901 πέτρᾳ
1424 3823 1726 3904 ὁλοκλήρῷ,
1762 3826 1817 3883 ἐν
1846 3826 1882 3894 ἧ

227 3935 309 3979 τις
353 3912 582 3993 γλύψειέ
635 3936 685 3970 τι
725 3913 935 3991 ζώδιον,
996 3915 1071 3977 ὡς
1124 3913 1283 3982 δηλοῖ
1341 3916 1428 3972 καὶ
1488 3914 1768 3994 Εὖριπίδῃς
1826 3919 1881 3973 ὲν

228 4001 559 4085 Ἀνδρομέδᾳ
613 4002 699 4084 96,
766 4005 851 4071 Ἐξ
908 4005 1240 4085 αὖτομόριρου
1318 4003 1520 4061 λαΐνων
1581 4008 1877 4086 τειχισμάν

227 4115 331 4151 των
394 4100 566 4175 σοφῆς
648 4093 865 4173 ἄγαλμα
945 4101 1149 4175 χεὶρος,
1248 4094 1444 4173 λέγων.
1533 4097 1879 4177 Αὒτόμορφοι

227 4184 324 4262 γᾶρ
382 4182 602 4262 ἄγαλμα
658 4186 720 4243 τὸ
782 4189 879 4252 τῆς
948 4184 1141 4262 πέτρας
1185 4185 1441 4264 αὗτοιρυὲς
1486 4187 1660 4245 εἶπεν.
1711 4186 1878 4242 Ἀλλὰ

229 4275 313 4330 καὶ
367 4274 495 4331 ὅταν
548 4272 704 4351 μέρος
762 4294 838 4339 τις
883 4271 1091 4353 δένδρου
1147 4277 1352 4353 γλύψας
1383 4273 1611 4337 ἑστῶτος
1644 4274 1732 4331 καὶ
1775 4276 1873 4331 ἁν-

226 4361 435 4427 θοῦντος
496 4364 699 4439 ποιήσῃ
743 4385 817 4443 τι,
878 4362 952 4428 ὥς
982 4386 1144 4444 φησιν
1202 4355 1456 4442 ’Ὄμηρος
1503 4365 1594 4419 τὸν
1622 4362 1875 4423 Ὀδυσσέα

227 4456 470 4527 ποιῆσαι,
503 4453 595 4509 ’ὅτε
636 4452 689 4509 ἐν
733 4450 926 4532 δενδρῳ
981 4454 1277 4520 κατέστησε
1333 4456 1422 4510 καί
1464 4452 1661 4533 ἔγλυψε
1687 4453 1873 4523 κλίνην

228 4541 477 4622 αὒτοφυῆ.
547 4541 749 4601 ’Ἄλλοι
796 4542 851 4599 δὲ
884 4566 977 4610 τας
1034 4544 1213 4617 τιμίας
1244 4541 1413 4607 λίθους
1470 4544 1757 4622 ἀγάλματα
1786 4546 1870 4602 λέ-

1776 4599 1941 4650 .L'D

1969 3378 2349 3440 stantialitate
2367 3380 2727 3442 collaudare.
2756 3378 3066 3450 Quomodo
3092 3378 3233 3441 hoc?
3251 3397 3319 3440 ex
3345 3379 3614 3440 omnium

1968 3466 2289 3531 ablatione.
2322 3470 2648 3531 Cum/enim
2681 3488 2800 3530 non
2835 3468 3135 3549 possimus
3157 3468 3463 3550 quidpiam
3499 3488 3615 3548 po-

1968 3556 2139 3619 sitive
2168 3577 2274 3640 pro
2300 3559 2433 3640 ejus
2455 3559 2742 3639 dignitate
2768 3558 2993 3635 dicere,
3020 3577 3092 3621 eo
3119 3558 3280 3641 quod
3312 3576 3383 3620 ex
3410 3558 3611 3620 omni-

1968 3647 2079 3710 bus
2110 3648 2293 3711 rebus
2327 3649 2475 3712 nihil
2508 3650 2662 3731 quod
2697 3647 2815 3730 ipsi
2844 3647 3023 3709 afﬁne
3056 3650 3131 3709 sit
3160 3650 3497 3725 excogitare
3519 3666 3611 3712 va-

1967 3736 2220 3815 leamus,
2247 3739 2627 3802 celebramus
2651 3739 2846 3820 ipsum
2880 3754 2950 3800 ex
2983 3737 3249 3800 omnium
3281 3738 3619 3822 ablatione,
3684 3804 3691 3811 ,

1966 3827 2245 3910 idemque
2272 3827 2519 3892 facimus
2540 3832 2696 3909 quod
2726 3828 3079 3910 sculptores,
3107 3829 3212 3907 qui
3233 3829 3485 3892 nativam
3504 3830 3616 3892 ali-

1964 3937 2143 3994 quam
2176 3927 2424 3982 statuam
2452 3920 2755 4001 dedolant,
2781 3920 2882 4001 qui
2915 3920 3216 4000 superﬂua
3248 3919 3599 3996 auferendo,

1960 4007 2243 4071 latentem
2278 4011 2336 4071 in
2369 4010 2498 4091 ipsa
2528 4011 2777 4072 formam
2815 4012 3213 4071 manifestam.
3266 4008 3601 4072 Genuinam

1959 4097 2118 4158 enim
2153 4108 2405 4160 statuam
2446 4111 2637 4180 vocat,
2672 4117 2803 4180 quae
2835 4101 2894 4157 fit
2924 4098 2983 4159 in
3025 4098 3275 4160 materia
3310 4118 3426 4160 non
3461 4100 3602 4160 des-

1958 4197 2139 4253 secta.
2170 4199 2231 4249 ut
2257 4189 2317 4249 in
2344 4189 2542 4271 lapide
2564 4190 2763 4251 adhuc
2784 4190 3038 4268 integro,
3065 4190 3126 4249 in
3155 4208 3272 4270 quo
3297 4190 3429 4270 quis
3451 4189 3606 4250 scul.

1958 4288 2056 4357 pat
2081 4277 2316 4358 aliquod
2349 4279 2868 4356 animalculum,ut
2897 4280 3156 4341 declarat
3201 4277 3512 4358 Euripides
3542 4279 3602 4341 in

1955 4367 2338 4430 Andromeda
2353 4369 2436 4444 97,
2462 4370 2703 4432 dicens:
2732 4371 2831 4432 Ea:
2856 4369 3116 4450 lapideis
3135 4370 3393 4449 prapria
3415 4378 3598 4432 nutu-

1955 4458 2084 4519 ναίὶ
2101 4457 2310 4537 forma
2333 4462 2746 4522 constantibus
2767 4461 2982 4539 muris,
3000 4460 3196 4521 doctae
3208 4458 3598 4524 simulacrum

1958 4566 2195 4619 manus,
2234 4567 2368 4611 nam
2397 4553 2725 4631 αὐτομορφον
2749 4548 2965 4629 ἄγαλμα
2997 4568 3105 4612 seu
3139 4567 3247 4631 per
3275 4568 3339 4611 se
3377 4552 3600 4613 forma-

227 4650 427 4711 γουσιν,
507 4631 635 4689 ὅταν
690 4630 894 4702 δηλαδὴ
964 4632 995 4700 ἡ
1054 4630 1379 4713 σμάραγδος,
1443 4635 1873 4714 ἀποκαθαρθεῖσα

1974 4654 2076 4699 ‘.am
2100 4648 2372 4714 statuam,
2398 4650 2563 4701 vocat
2588 4630 2837 4702 formam
2869 4650 3049 4718 petra;
3071 4630 3421 4701 naturalem.
3449 4640 3600 4712 Quin

226 4728 316 4779 τοῦ
374 4722 722 4802 περιέχοντος
780 4723 943 4790 αὐτὴν
1003 4719 1231 4801 γεώδους
1260 4725 1349 4779 καὶ
1410 4723 1678 4805 περιττοῦ,
1737 4724 1871 4781 ἀνα-

228 4809 362 4887 φανῇ
405 4810 645 4889 ἄγαλμα,
691 4812 962 4873 τουτέστιν
1030 4810 1332 4892 ἀγλαϊσμα.
1394 4811 1637 4870 Μάλιστα
1694 4812 1749 4870 δὲ
1809 4815 1870 4872 τὸ

227 4906 459 4956 τοιοῦτον
514 4900 735 4981 ἁρμόσει
798 4924 868 4977 τῳ
925 4901 1262 4980 προκειμένῷ
1294 4902 1330 4971 ἢ
1360 4903 1421 4960 τὸ
1450 4904 1726 4985 πρότερον,
1760 4904 1868 4960 Θέ-

231 5005 338 5048 σεις
393 4990 574 5064 μέντοι
631 4993 759 5049 εἰσιν
815 4992 914 5049 ὃσα
975 4992 1178 5055 οἰκείως
1226 4993 1315 5049 επὶ
1344 4999 1478 5051 θεοῦ
1518 4991 1730 5071 λέγεται
1760 4992 1795 5050 ὅ
1816 5014 1868 5050 τι

230 5072 385 5162 ᾆστὶν,
438 5091 555 5137 οῖον
602 5082 665 5138 τὸ
714 5080 812 5162 ὢν,
873 5082 932 5139 τό
985 5087 1113 5156 ζῶν,
1169 5083 1233 5138 τὸ
1275 5084 1409 5162 φῶς,
1461 5084 1550 5139 καὶ
1592 5084 1657 5139 τὸ,
1704 5081 1863 5143 ἄλλα.

230 5159 547 5254 ’.δγαιρὲσεις
578 5165 658 5246 δὲ,
708 5159 808 5228 ὃσα
849 5172 921 5238 ὡς
981 5170 1234 5251 ἀλλότρια
1269 5159 1401 5229 Θεοῦ
1442 5172 1861 5254 ἀποφάσκονται,

232 5251 346 5311 οἷον
395 5257 477 5314 ὃτι
504 5262 564 5319 οὗ
595 5266 753 5336 σῶμα
782 5262 812 5318 ὁ
852 5262 1007 5335 Θεὸς,
1038 5265 1101 5320 οὗ
1129 5262 1303 5337 ψυψὴ,
1357 5260 1476 5319 οὖδὲ
1504 5251 1690 5319 τιίτξὸν
1718 5251 1862 5341 γνωέ

230 5342 362 5400 στῶν
416 5346 452 5414 ἣ
518 5350 698 5420 νοήσει
760 5349 1188 5411 ὑποπιπτόντων.
1226 5351 1352 5431 Περὶ
1397 5351 1521 5430 γοῦν
1564 5358 1669 5410 τῶν
1697 5352 1865 5410 τοιού-

230 5448 331 5490 των
376 5434 567 5496 θέσεων
619 5440 708 5498 καὶ
752 5438 1075 5520 ἀφαιρέσεων
1132 5442 1161 5498 ὁ
1215 5440 1397 5522 Πάτὴρ
1456 5440 1651 5521 λέγων,
1721 5443 1863 5520 εὒρί-

1957 4727 2133 4789 etiam
2167 4728 2403 4810 quando
2435 4730 2569 4805 quis
2599 4739 2826 4809 partem
2863 4729 3094 4792 arboris
3124 4729 3509 4790 consistentis
3541 4740 3599 4791 et

1953 4818 2223 4881 ﬂorentis
2269 4817 2675 4899 insculpserit,
2723 4818 2877 4880 sicut
2926 4819 3066 4879 dicit
3113 4818 3407 4880 Homerus
3454 4819 3589 4879 ὃϐι

1952 4904 2216 4986 Ulyssem
2264 4907 2499 4989 fecisse,
2555 4907 2794 4988 quando
2841 4906 2902 4968 in
2950 4906 3167 4968 arbore
3199 4906 3502 4969 constituit
3534 4922 3594 4971 et

1950 4996 2198 5077 sculpsit
2226 4996 2448 5059 lectum
2475 4998 2830 5059 naturalem.
2862 4995 2979 5059 Alii
3010 5014 3149 5057 vero
3182 4996 3477 5077 pretiosos
3499 4998 3586 5061 la-

1950 5084 2121 5167 pides
2157 5095 2363 5147 vocant
2391 5086 2731 5161 simulacra,
2763 5084 3002 5167 quando
3047 5085 3324 5148 videlicet
3353 5106 3589 5151 smara-

1947 5174 2099 5254 gdus
2118 5173 2193 5236 ab
2222 5174 2385 5237 omni
2409 5176 2656 5238 materia
2684 5175 2959 5239 terrestri
2991 5175 3455 5256 circumjacente
3479 5197 3589 5240 ex-

1950 5270 2251 5342 purgatus,
2298 5264 2541 5326 exhibet
2594 5264 2838 5345 ἄγαλμα,
2891 5264 2951 5325 id
3011 5271 3103 5326 est
3150 5266 3427 5345 ἀγλάϊσμα
3485 5286 3591 5330 seu

1947 5351 2332 5432 splendidum
2358 5367 2803 5416 ornamentum.
2829 5351 3020 5434 Magis
3041 5362 3238 5416 autem
3266 5353 3325 5415 id
3349 5355 3419 5416 ad
3444 5372 3586 5434 pro-

1948 5440 2203 5523 positum
2226 5451 2477 5525 spectat,
2503 5461 2681 5523 quam
2714 5448 2904 5526 prius;
2931 5443 3226 5527 siquidem
3259 5442 3589 5525 positiones

1551 5599 1813 5666 VARUE
1856 5598 2288 5668 LECTIONES.

308 5703 667 5802 Ἀνδρὸμάχῃ.
750 5719 816 5773 97
844 5718 1277 5785 Andromache.
