4086 6154
277 377 435 444 1045
1304 383 1403 445 DE
1446 380 1777 447 MYSTICA
1822 382 1915 444 ΤΗ

2001 381 2285 461 )LOGIA,
2330 381 2493 444 CAP.
2533 385 2613 447 v.
3488 380 3643 451 1046

266 519 511 584 ἇνούτιος
576 521 883 601 παχυτέραν
963 521 1081 598 ἔχει
1156 523 1253 588 τὴν
1322 520 1649 599 παραλογίαν
1719 522 1782 576 τὸ
1850 517 1906 574 δὲ

2001 516 2147 596 quod
2181 535 2297 577 non
2321 515 2396 576 sit
2422 515 2770 577 substantiae
2794 531 3216 597 expers,quam
3238 515 3396 597 quod
3423 536 3543 581 non
3567 520 3648 584 sit
3720 568 3725 579 .

268 610 423 675 ἅνοδς
456 610 801 689 λεπτοτέραν⁶
849 612 937 668 καὶ
978 610 1061 668 διὰ
1104 618 1257 668 τοῦτο
1307 611 1407 678 τὴν
1451 612 1717 690 ἀπόφασιν
1768 609 1912 665 ὲκεί-

2001 607 2219 667 mentis
2250 624 2489 684 expers,
2539 606 2832 685 siquidem
2884 605 3143 685 ἄνουσιος,
3191 604 3255 666 id
3283 611 3378 671 est
3430 626 3644 674 carens

268 724 360 759 νου
412 699 781 778 εὖκολωτέρως
839 698 1069 766 δέξονται
1124 700 1160 769 ἢ
1192 700 1288 766 τὴν
1319 700 1524 760 τούτου,
1590 691 1915 777 Ἀναγκαίως

2001 696 2348 769 substantia,
2431 694 2783 757 crassiorem
2842 692 3020 755 habet
3076 693 3643 775 improportionem,

269 788 325 845 δὲ
368 789 450 846 διὰ
478 791 679 847 τούτων
709 793 735 846 ὁ
787 790 967 869 Πατὴρ
998 790 1429 867 προησφαλίσατο
1490 790 1579 846 τὸν
1624 788 1912 866 ἀκροατὴν,

2001 785 2151 850 ἄνους
2187 804 2474 861 vero,seu
2513 784 2729 845 mentis
2759 801 2997 862 expers,
3040 784 3441 861 subtiliorem;
3465 788 3646 852 etid-

269 880 408 936 ὥστε
457 881 616 954 εαὴέν
666 881 791 944 ταῖς
845 879 972 945 ἐξῶς
1028 878 1379 960 ἀποφάσεσιν,
1412 879 1497 935 ὅτε
1556 878 1721 957 λέγει’
1786 876 1915 935 Οὔτε

2001 874 2161 937 circo
2180 875 2338 935 illius
2351 874 2724 953 negationem
2747 872 2979 934 facilius
2999 871 3522 956 admittent,quam
3537 878 3648 942 hu-

268 970 425 1046 σῶμά
477 969 639 1044 ἐστιν,
675 970 790 1027 οὔτε
842 973 929 1049 τὸ,
963 968 1078 1027 οὔτε
1108 974 1193 1051 τί),
1221 969 1424 1026 οἴεσθαι
1476 969 1613 1034 ὅλως
1647 970 1722 1043 μὴ
1772 970 1915 1025 εἶναι

2001 963 2472 1044 jus.Necessario
2495 972 2688 1025 autem
2720 962 2818 1024 hic
2848 964 3023 1024 Pater
3055 962 3283 1041 perista
3308 966 3648 1042 praemuniit

269 1061 330 1116 τὸ
374 1063 540 1118 θεῖον.
576 1057 722 1116 Ἀλλ’
753 1063 810 1115 ἒν
841 1060 1045 1123 τούτοις
1078 1059 1173 1134 μὲν
1205 1062 1265 1115 τὸ
1299 1059 1441 1116 εἶναι
1497 1060 1640 1131 αὒτῷ
1670 1058 1913 1114 ὑπέθετο·

270 1151 433 1206 εἰπὼν
464 1152 587 1230 γὰρ,
613 1148 728 1205 οὔτε
776 1150 1040 1221 ἀνούσιος,
1075 1152 1252 1208 οὐσίαν
1282 1148 1570 1218 ἐδήλωσεν·
1606 1148 1724 1204 οὔτε
1768 1149 1912 1218 ἁζω-

269 1260 351 1316 ος,
402 1245 576 1309 ζῶσαν
634 1238 920 1307 ἐδήλωσεν·
987 1237 1101 1294 οὔτε
1148 1237 1368 1316 ἄλογος,
1415 1237 1574 1314 λόγον
1625 1236 1910 1304 ἐδήλωσενο

268 1327 386 1384 οὔτε
419 1329 593 1403 ἄνους,
624 1332 743 1386 νοῦν
773 1328 1063 1399 ἐδήλωσεν,
1101 1327 1191 1386 Ἐν
1222 1330 1427 1392 τούτοις
1466 1328 1554 1384 οὖν
1593 1327 1913 1401 ὖποθέμενος

267 1419 331 1474 τὸ
362 1422 499 1474 εἶναι
534 1420 685 1492 αὖτὸ,
731 1418 786 1475 ἐν
813 1428 934 1481 τοῖς
966 1417 1178 1498 ἐφεξῆς,
1213 1417 1300 1475 ὅτε
1332 1417 1477 1496 λέγει
1507 1419 1567 1474 τὸ
1613 1424 1792 1491 σῶμα,
1827 1416 1917 1473 καί

268 1509 336 1563 τὰ
403 1507 586 1581 λοιπὰ,
649 1510 710 1564 τὸ
767 1508 902 1565 κατά
959 1506 1126 1581 μηδὲν
1184 1514 1287 1564 τῶν
1341 1507 1507 1564 ὄντων
1569 1507 1737 1586 εἶναι,
1795 1503 1916 1562 ἀλλ’

270 1597 577 1675 ὃπερούσιον
636 1597 873 1673 ᾐνίξατο·
933 1599 994 1652 τὸ
1066 1599 1165 1675 γὰρ
1225 1598 1302 1672 μὴ
1373 1598 1432 1653 ’ὃν
1491 1597 1753 1658 ἆνούσιον,
1820 1596 1918 1653 Καὶ

269 1686 430 1743 πάλιν
463 1688 521 1742 οὗ
565 1693 748 1767 σῶμα,
784 1684 903 1742 ἀλλ’
950 1686 1082 1755 ὑπὲρ
1124 1693 1321 1761 πᾶσαν,
1356 1686 1538 1765 ἑτέραν
1597 1687 1800 1765 οόσίαν,
1831 1686 1918 1741 καὶ

270 1775 381 1832 ἔστι
444 1776 532 1833 ιαί
603 1777 906 1853 ὓπεροόσιόν
965 1775 1129 1835 ἐστιν.
1188 1776 1387 1834 Ἐἰπὼν
1449 1773 1529 1850 δὲ,
1584 1772 1713 1832 Οῧτε
1764 1775 1918 1849 σῶμά

267 1868 435 1939 ἔστιν,
468 1867 678 1945 ἀναιρεῖ
735 1869 821 1922 καὶ
862 1867 929 1922 τὰ
978 1865 1103 1944 περί
1152 1867 1213 1921 τὸ
1274 1871 1450 1940 σῶμα³
1506 1865 1919 1944 ἀσχημάτιστον

1998 1053 2437 1126 auditorem,ne
2457 1060 2513 1113 ln
2540 1050 2930 1133 sequentibus
2958 1051 3646 1134 negationibus,quand0

2000 1142 2145 1204 dicit
2177 1164 2189 1205 :
2224 1140 2429 1221 Neque
2460 1160 2676 1222 corpus
2707 1148 2812 1211 est,
2846 1159 3040 1221 neque
3071 1140 3210 1216 hoc,
3244 1160 3440 1222 neque
3470 1143 3643 1220 illud,

1999 1232 2340 1294 existiment
2363 1234 2549 1293 Deum
2579 1231 2821 1292 omnino
2847 1248 2966 1291 non
2990 1229 3271 1291 esse.Sed
3296 1230 3359 1291 in
3385 1231 3479 1293 his
3504 1233 3645 1313 qui-

1997 1321 2131 1380 dem
2164 1320 2359 1400 ipsum
2390 1321 2674 1400 supponit
2702 1336 2836 1381 esse
2871 1338 2884 1381 :
2921 1336 3055 1379 cum
3080 1317 3242 1379 enim
3267 1318 3648 1399 diceret,ne-

1997 1428 2111 1489 que
2138 1411 2395 1471 essentia
2416 1427 2649 1485 carere,
2674 1406 3001 1470 essentiam
3033 1406 3432 1486 signiﬁcabat;
3455 1427 3651 1490 neque

1997 1502 2125 1561 vita
2148 1497 2282 1559 157!
2317 1516 2413 1561 σαν
2438 1499 2752 1571 ere,vitam
2783 1496 3145 1568 declarabat;
3173 1514 3362 1576 neque
3388 1500 3645 1564 irratio-

1999 1589 2198 1652 nalem
2219 1606 2370 1662 esse,
2409 1588 2703 1651 rationem
2735 1585 3403 1665 demonstrabat;neque
3430 1606 3647 1653 amen-

2002 1684 2120 1741 tem
2150 1681 2442 1751 existere,
2468 1686 2731 1739 mentem
2764 1674 3198 1744 manifestabat.
3232 1679 3302 1739 In
3332 1677 3423 1738 bis
3449 1680 3650 1760 itaque

2002 1785 2342 1846 supponens
2375 1768 2566 1847 ipsum
2590 1784 2742 1838 esse,
2774 1766 2835 1827 in
2868 1764 2939 1826 iis
2967 1782 3100 1845 quae
3129 1773 3483 1845 sequuntur,
3510 1785 3647 1831 cum

2003 1855 2147 1918 dicit
2170 1867 2482 1937 corpus,et
2511 1854 3084 1936 caatera,secundum
3117 1854 3263 1916 nihil
3283 1873 3492 1916 eorum
3514 1874 3649 1938 qua

267 1956 369 2033 γὰρ
443 1956 526 2012 καὶ
598 1953 848 2027 ἀνείδεον,
925 1957 1011 2011 καὶ
1086 1953 1309 2032 ἄποσον,
1385 1956 1472 2010 καὶ
1550 1954 1759 2026 ἄποιον,
1818 1957 1915 2010 καὶ

2004 1931 2589 2021 exsistunt,esse,sed
2611 1931 2795 2026 supra
2814 1942 3206 2033 substantiam
3228 1960 3361 2005 esse
3381 1931 3650 2009 insin-ua-

269 2041 492 2120 ἅογιιον.
564 2042 713 2101 Ἀλλ’
765 2044 872 2100 οὔδ’
902 2044 955 2100 ἐν
1010 2042 1160 2119 τόπῳ
1190 2044 1324 2100 ἐστί’
1373 2048 1478 2100 πᾶν
1528 2042 1629 2121 γὰρ
1658 2063 1919 2119 περιγρα-

269 2135 403 2189 πτὸν
458 2136 513 2189 ἒν
578 2133 740 2211 τόπῳ,
803 2133 921 2189 ἐπεὶ
967 2136 994 2189 ὁ
1048 2133 1210 2197 τόπος
1268 2133 1430 2211 πέρας
1475 2131 1584 2189 ἐστὶ
1642 2131 1734 2187 τοῦ
1763 2152 1918 2208 περιο

273 2222 525 2301 ἔχοντος.
586 2224 657 2279 Τὸ
715 2222 769 2276 δὲ
826 2226 1001 2298 θεῖον,
1055 2231 1335 2302 πανταχοῦ
1377 2223 1563 2299 παρὸν,
1625 2222 1714 2278 καὶ
1770 2219 1920 2287 πλη-

274 2321 397 2388 ροόν
456 2313 521 2366 τὰ
579 2311 774 2381 πάντα,
843 2315 902 2368 οὔ
962 2312 1267 2391 περιέχεται
1326 2310 1450 2389 παρ’
1512 2308 1744 2373 οὐδενός’
1802 2307 1921 2367 ἀλλ’

312 2398 384 2423 ’δ’
506 2405 530 2416 ν
635 2423 643 2433 .
742 2398 814 2423 Ἷδο
883 2400 906 2420 ὀ
1033 2402 1044 2416 ‘
1144 2400 1167 2423 ’θ
1362 2400 1372 2416 ¹
1537 2405 1551 2425 9
1596 2398 1609 2419 ν
1700 2401 1715 2421 θ
1872 2402 1883 2421 Ι

274 2420 365 2458 000
441 2402 623 2475 ὁραται
707 2416 795 2456 ο,ο
884 2422 1090 2479 επαφην
1146 2422 1285 2479 εχει,
1346 2401 1425 2456 ὃτι
1502 2398 1592 2459 ουδ
1666 2403 1915 2466 αισθητον

273 2488 419 2544 ἑστιν
464 2489 545 2566 (αἱ
577 2489 677 2567 γὰρ
720 2490 989 2558 αἰσθήσεις
1045 2490 1157 2566 περὶ
1211 2491 1278 2547 τὰ
1322 2490 1589 2569 αἰσθηταί),
1621 2488 1741 2546 ἀλλ’
1801 2486 1909 2546 οὔδ’

274 2581 598 2634 αἰσθάνεται·
660 2576 775 2633 οὐδὲ
830 2580 928 2655 γὰρ
985 2580 1286 2642 αἰσθητικὸν
1345 2579 1508 2653 ἐστιν,
1556 2577 1663 2638 οὔδ’
1722 2579 1912 2648 αἰσθή-

271 2688 386 2731 σεις
420 2666 568 2745 ἔχει,
632 2667 761 2723 υῦτε
812 2669 911 2723 ὑπὸ
972 2671 1154 2723 παθῶν
1180 2666 1513 2747 ἐνοχλεῖται,
1545 2667 1662 2725 οὔτε
1694 2667 1745 2732 ἐξ
1785 2665 1915 2723 ἁδυ-

272 2758 464 2830 ναμῖας
527 2757 801 2823 αἰσθητοῖς
858 2757 1131 2813 ὑπόκειται
1184 2757 1424 2817 πάθεσιν.
1481 2755 1609 2813 Οῧτε
1672 2755 1755 2813 δεῖ
1815 2760 1912 2814 αὗ-

270 2851 349 2920 τῴ
421 2856 512 2905 τοῦ
580 2847 781 2925 φωτὸς,
859 2844 977 2902 οὔτε
1052 2844 1378 2921 ἂλλοιοόται,
1439 2844 1554 2902 οὔτε
1627 2847 1911 2925 φθείρεταν

271 2934 630 2992 ἀναλλοίωτον
692 2937 792 3012 γὰρ
839 2938 926 2991 καὶ
976 2936 1254 2998 ἀθάνατον,
1315 2934 1444 2993 Οὐδὲ
1488 2937 1744 3014 μερισμὸν
1790 2936 1914 3014 ὑφί-

274 3046 462 3082 σταται
549 3025 603 3080 ἐν
674 3032 752 3098 τῷ
824 3026 918 3090 τὰς
991 3040 1133 3103 τρεῖς
1217 3026 1524 3105 ζωαρχιδιὰς
1601 3025 1914 3091 ὑποστάσεις

272 3114 688 3179 ἰδιοϋποστάτως
722 3115 861 3170 εἶναι
908 3136 963 3170 τε
1018 3116 1104 3171 καὶ
1152 3118 1413 3176 νοεῖσθαι.
1463 3112 1592 3173 Οὐδὲ
1642 3114 1910 3192 στέρησιν·

2001 2035 2122 2112 vit;
2152 2035 2306 2115 quod
2329 2038 2487 2095 enim
2519 2052 2637 2096 non
2661 2042 2770 2105 est,
2802 2033 2861 2094 id
2887 2032 3147 2093 essentia
3167 2041 3352 2094 caret.
3390 2032 3462 2095 Et
3502 2052 3647 2097 rur-

2004 2142 2133 2186 sum
2165 2123 2226 2184 id
2257 2124 2411 2204 quod
2446 2142 2562 2184 non
2596 2121 2949 2203 corpus,sed
2982 2138 3159 2201 supra
3198 2137 3437 2185 omnem
3470 2123 3647 2186 aliam

2003 2212 2393 2275 substantiam
2418 2211 2740 2282 exsistit,id
2765 2219 2823 2272 et
2852 2216 3029 2285 est,et
3050 2226 3231 2289 supra
3251 2210 3647 2276 substantiam

2006 2305 2266 2366 est.Cum
2298 2320 2435 2363 vero
2459 2300 2841 2382 dicit:Neque
2861 2316 3076 2379 corpus
3088 2299 3362 2373 est,tol|it
3384 2300 3562 2363 etiam
3579 2318 3651 2365 ea

2003 2410 2140 2469 qum
2160 2392 2318 2453 circa
2334 2409 2549 2470 corpus
2565 2398 2725 2466 sunt;
2740 2388 3030 2470 siquidem
3052 2397 3112 2449 et
3142 2388 3418 2466 ﬁgura,et
3430 2389 3647 2467 forma,

2006 2490 2064 2542 et
2090 2480 2819 2561 quantitate,etqualitate,
2853 2486 2911 2539 et
2926 2477 3080 2538 mole
3099 2484 3281 2538 caret.
3318 2478 3435 2540 Sed
3453 2492 3651 2560 neque

2001 2569 2062 2630 in
2091 2570 2220 2631 loco
2249 2577 2341 2631 est
2373 2590 2388 2650 ;
2421 2587 2597 2630 omne
2626 2571 2786 2629 enim
2817 2567 2973 2647 quod
3004 2566 3551 2649 circumscribitur,
3584 2565 3646 2629 id

2000 2671 2091 2724 est
2120 2662 2181 2723 in
2202 2660 2645 2743 loco,quoniam
2660 2661 2827 2723 locus
2840 2668 2931 2721 est
2952 2663 3245 2720 terminus
3259 2659 3645 2722 continentis.

2002 2756 2364 2818 Deusautem
2379 2753 2480 2834 qui
2498 2752 2723 2833 ubique
2737 2768 2998 2833 praesens
3017 2758 3196 2824 est,et
3213 2750 3422 2831 implet
3443 2752 3652 2814 omnia

1995 2862 2031 2905 a
2054 2844 2215 2905 nullo
2238 2842 2713 2919 continetur,sed
2736 2859 2927 2922 neque
2944 2841 3405 2917 videtur,neque
3424 2847 3644 2904 tactum

1996 2933 2194 3010 habet,
2229 2934 2364 3015 quia
2388 2952 2581 3010 neque
2601 2931 2906 2995 sensibilis
2938 2928 3169 2993 exsistit
3202 2928 3443 3009 (sensus
3477 2931 3642 2992 enim

1997 3024 2154 3085 circa
2182 3041 2251 3083 ea
2274 3029 2579 3084 versantur
2595 3041 2726 3103 quas
2747 3020 3113 3099 sentiuntur)
3148 3036 3346 3097 neque
3361 3020 3648 3096 sentitur;

1997 3130 2196 3192 neque
2222 3112 2382 3174 enim
2413 3112 2634 3173 sensile
2662 3109 2807 3191 quid
2831 3117 2941 3180 est,
2975 3125 3170 3189 neque
3200 3125 3419 3170 sensus
3443 3108 3646 3174 habet.

273 3206 340 3261 τὰ
404 3205 500 3283 γὰρ
529 3205 793 3281 προσόντα
836 3210 913 3277 τῷ
965 3209 1081 3278 Θεῷ
1123 3202 1293 3281 ἀγαθὰ
1348 3206 1434 3260 καὶ
1461 3202 1776 3281 ὑπερπλήρη
1820 3206 1914 3262 καὶ

2001 3201 2204 3282 Neque
2234 3199 2927 3297 passionibusturbatur,
2962 3216 3159 3297 neque
3190 3215 3263 3259 ex
3292 3197 3650 3297 impotentia

274 3295 472 3373 φυσικά
521 3297 686 3356 ἔστιν,
742 3289 867 3352 Οὖδὲ
920 3294 1092 3370 ῥεῦσιν
1134 3292 1436 3372 ὑφίσταται,
1468 3291 1758 3370 ἆῤῥεόστως
1818 3294 1915 3371 γὰρ

2001 3292 2320 3354 sensilibus
2373 3289 2748 3370 passionibus
2806 3286 3100 3348 obnoxius
3142 3295 3255 3351 est.
3298 3288 3506 3368 Neque
3531 3287 3650 3368 ipsi

273 3383 303 3440 ὀ
385 3385 679 3459 μονογενὴς
742 3384 910 3459 Λόγος
961 3384 1021 3438 ἐκ
1077 3388 1169 3437 τοῦ
1226 3382 1429 3458 Πατρὸς
1501 3388 1770 3459 γεννᾶται,
1832 3383 1915 3439 καὶ

2001 3399 2150 3461 opus
2170 3390 2259 3441 est
2280 3378 2526 3458 lumine,
2554 3395 2748 3459 neque
2771 3377 3349 3455 immutatur,neque
3377 3394 3648 3439 corrum-

273 3473 490 3534 ἀπαθῶς
552 3473 611 3528 ἐκ
663 3481 755 3531 τοῦ
799 3473 1005 3547 Πιτρὸς
1058 3470 1395 3549 ἐκπορεύεται
1447 3472 1508 3527 τὸ
1538 3468 1688 3548 ἅγιον
1744 3476 1915 3529 Πνεῦ-

2001 3470 2176 3551 pitur:
2211 3466 2598 3530 immutabilis
2620 3466 2775 3527 enim
2798 3476 2859 3526 et
2885 3464 3241 3526 immortalis
3263 3465 3645 3528 exsistit.Ne-

275 3585 372 3636 μα.
436 3560 565 3620 Οὔτε
614 3559 747 3618 ἀλλο
801 3582 853 3616 τι
909 3565 1015 3616 τῶν
1072 3558 1334 3625 αἰσθητῶν
1392 3559 1508 3614 οὒτε
1576 3561 1739 3638 εστὶν,
1798 3559 1914 3617 οὔτε

2001 3577 2114 3640 que
2143 3556 2494 3620 divisionem
2528 3554 2859 3630 subit,dum
2885 3561 3011 3615 tres
3034 3570 3304 3633 personae
3326 3553 3457 3616 vita;
3485 3556 3648 3635 prin-

273 3653 416 3732 ἔχει.
474 3654 544 3710 Τὸ
580 3653 676 3724 μὲν
736 3651 867 3723 ἔστι,
904 3648 988 3705 διὰ
1040 3650 1103 3704 τὰ
1157 3647 1273 3704 καθ’
1310 3649 1440 3707 ctuti
1481 3650 1758 3726 ὑφεστῶτα
1815 3649 1912 3706 λέ-

2001 3649 2162 3729 cipes
2192 3665 2299 3728 per
2333 3648 2629 3727 propriam
2663 3662 2830 3732 suam
2874 3643 3322 3706 subsistentiam
3354 3653 3414 3707 et
3443 3644 3653 3707 subsi-

273 3731 384 3821 γει,
417 3739 580 3819 ἤγουν
637 3750 868 3819 πνεῦμα,
902 3738 1026 3817 ἀὴρ,
1061 3737 1225 3802 λίθοςο
1273 3740 1335 3793 τὸ
1395 3735 1446 3792 δὲ
1500 3736 1643 3817 ἐχει,
1692 3736 1777 3794 διὰ
1816 3740 1912 3802 τὰς

2001 3747 2185 3819 stunt,
2214 3744 2275 3798 et
2305 3735 2733 3814 intelliguntur.
2768 3731 2974 3815 Neque
3027 3732 3416 3813 privationem
3459 3754 3473 3797 :
3510 3751 3648 3798 nam

274 3830 600 3896 δηλωθεὲσας
647 3829 954 3903 σωματικὰς
988 3826 1299 3894 ποιότητας·

2001 3828 2154 3891 bona
2182 3845 2317 3910 qua;
2345 3826 2465 3889 Deo
2490 3825 2717 3897 insunt,
2747 3832 2805 3886 et
2830 3840 3191 3905 supraquam
3224 3823 3398 3904 plena
3426 3832 3569 3887 sunt
3593 3832 3653 3888 et

277 3917 592 3982 naturalia.
626 3916 833 3999 Neque
861 3917 1084 3979 ﬂuxum
1117 3918 1388 3997 sustinet,
1425 3916 1720 3999 siquidem
1751 3918 1882 3982 sine
1913 3921 2073 3983 ﬂuxu
2111 3917 2486 3997 unigenitum
2512 3913 2775 3979 Verbum
2807 3931 2878 3976 ex
2901 3914 3078 3976 Patre
3105 3913 3389 3995 gignitur,
3420 3920 3481 3977 et
3509 3932 3654 3976 san-

274 4018 406 4072 ctus
438 4008 539 4069 ille
567 4007 822 4087 Spiritus
854 4007 987 4068 sine
1019 4005 1296 4087 passione
1329 4023 1398 4068 ex
1427 4005 1609 4070 Patre
1671 4009 1965 4087 procedit.
1999 4011 2207 4088 Neque
2236 4005 2564 4084 quidquam
2596 4003 2755 4065 aliud
2787 4020 2986 4065 rerum
3020 4001 3393 4064 sensibilium
3447 4003 3535 4064 vel
3568 3999 3656 4064 est

272 4098 365 4160 vel
412 4097 609 4159 habet.
648 4096 801 4159 Dicit
861 4095 1100 4176 quidem
1134 4096 1278 4157 illud
1335 4104 1448 4169 est,
1485 4106 1733 4175 propter
1757 4115 1829 4160 ea
1858 4118 1996 4180 quas
2057 4115 2163 4178 per
2192 4115 2259 4157 se
2287 4094 2641 4164 subsistunt,
2679 4101 2743 4153 ut
2796 4093 3059 4170 spiritus,
3087 4109 3213 4164 aer,
3248 4092 3399 4170 lapis
3431 4112 3447 4171 ;
3508 4091 3653 4153 illud

279 4206 420 4252 vero
457 4184 659 4266 habet,
692 4192 941 4265 propter
964 4186 1086 4265 jam
1131 4185 1459 4247 declaratas
1489 4204 1806 4266 corporeas
1833 4187 2178 4268 qualitates.

2449 4468 2958 4571 =57"CAPUT
3091 4488 3196 4571 V.

2017 4641 2191 4718 Quod
2220 4641 2382 4703 nihil
2409 4657 2611 4702 rerum
2640 4638 3089 4702 intellectilium
3127 4640 3211 4702 sit
3249 4640 3303 4700 is
3333 4638 3441 4718 qui
3461 4637 3656 4699 omnis

2016 4724 2108 4785 rei
2128 4719 2502 4785 intellectilis
2527 4720 2859 4784 secundum
2871 4718 3298 4783 excellentiam
3320 4723 3653 4780 estauctor.

1604 4877 1963 4945 SYNOPSIS
2020 4879 2339 4945 CAPlTlS.

279 4991 456 5057 Docet,
488 4988 654 5047 Deum
704 4987 846 5046 nihil
874 5002 985 5045 esse
1025 5000 1213 5043 eorum
1239 4999 1497 5059 amans
1523 4986 1891 5059 cognoscimus
1920 5005 1939 5048 :
1984 4988 2074 5043 sed
2103 5005 2213 5044 esse
2257 5003 2428 5059 supra
2458 4987 2645 5044 omnia
2690 4987 2796 5042 ista
2821 4999 3145 5058 quacunque
3195 4982 3660 5058 quomodocuaque

1203 5073 1236 5111 α
1291 5057 1448 5115 nobis
1480 5057 1686 5131 concipi
1730 5058 1814 5116 vel
1840 5059 2198 5132 intelligentia
2231 5057 2443 5131 percipi
2480 5062 2728 5132 possunt.
2836 5057 2841 5058 “
2906 5098 2907 5101 η

226 4601 267 4615 ί
683 4487 1347 4575 ΚΕΦΑΑΑΙΟΝ
1419 4490 1529 4575 Ε.

283 4643 422 4702 ⁶¹Οτι
492 4639 638 4697 οὒδὲν
707 4640 815 4696 τῶν
894 4643 1100 4705 νοητῶν
1170 4639 1198 4693 ὃ
1270 4639 1466 4704 παντὸς
1545 4641 1738 4706 νοητοῦ
1812 4638 1927 4697 καθ’

845 4718 1114 4799 ὅπεροχην
1161 4717 1359 4781 αἴτιος.

360 5216 513 5279 Αὖθις
542 5212 596 5270 δὲ
619 5213 852 5277 ἃνιόντες
883 5211 1112 5291 λέγομεν
1124 5210 1178 5288 8,
1204 5212 1278 5275 ὡς
1301 5209 1419 5269 οὔτε
1442 5212 1596 5292 ψυχή
1620 5210 1784 5284 ἔστιν,
1806 5210 1915 5272 οὔτε

2085 5212 2318 5276 Rursus
2346 5219 2541 5273 autem
2597 5209 2990 5272 ascendentes
3039 5209 3316 5285 dicimus,
3343 5207 3507 5285 quod
3537 5225 3651 5270 nec

287 5315 420 5370 δοῦς’
447 5305 562 5364 οὔτε
593 5302 905 5384 φαντασίαν,
937 5302 973 5370 ἢ
1004 5300 1178 5375 δόξαν,
1213 5300 1244 5369 ἢ
1269 5298 1459 5379 λόγον,
1489 5298 1525 5369 ἢ
1556 5299 1744 5369 νόησιν
1776 5301 1915 5381 ἔχει·

2004 5301 2201 5364 anima
2223 5305 2522 5381 sit,neque
2548 5317 2737 5381 mens,
2764 5317 2876 5361 nec
2906 5295 3659 5379 imaginationem,vel0pi-

278 5394 397 5456 οὐδὲ
459 5394 617 5471 λόγος
678 5391 840 5464 ἐστὶν,
906 5388 1023 5448 οὔτε
1079 5390 1286 5457 νόησις⁶
1350 5388 1469 5449 οὖδὲ
1528 5388 1740 5469 λέγεται
1805 5389 1915 5449 οὔτε

2006 5390 2274 5470 nionem,
2304 5390 2396 5452 vel
2427 5396 2741 5466 rationem,
2766 5389 2855 5452 vel
2885 5388 3352 5468 intelligentiam
3387 5385 3602 5450 habeat
3632 5403 3650 5461 ;

281 5497 505 5543 νοεῖται⁹
540 5481 656 5541 οὔτε
705 5480 922 5557 ἀριθμός
967 5479 1132 5554 ἐστιν,
1164 5478 1280 5537 οὔτε
1310 5477 1478 5556 τάξις,
1513 5477 1629 5535 οὕτε
1674 5479 1915 5557 μέγεθος,

2008 5501 2207 5566 neque
2233 5499 2433 5544 sermo
2464 5492 2571 5552 est.
2608 5500 2800 5562 neque
2822 5480 3235 5561 intelligentia;
3271 5495 3466 5561 neque
3496 5476 3659 5540 dici-

1605 5616 1871 5683 VARIAI‘.
1935 5621 2374 5687 LECTIONES.

362 5701 392 5747 ε
422 5702 689 5782 iam“,
726 5697 790 5764 s.
827 5699 907 5762 P.’
927 5696 1027 5762 Sc.
