4086 6154
286 331 445 419 1053
607 398 613 406 .
874 356 973 418 DE
1017 353 1354 417 MYSTICA
1416 351 1880 424 THEOLOGIA,
1925 351 2091 413 CAP.
2151 351 2227 412 v.
2275 379 2352 394 —
2398 350 2761 413 CORDERII
2806 349 3055 413 nom.
3498 343 3648 411 1054

271 475 440 540 tiam,
472 474 664 534 dicant
710 475 880 533 etiam
906 475 1109 533 haberi
1151 487 1318 546 posse
1345 469 1750 530 intellectivam
1794 485 1896 542 per
1922 477 2262 546 conceptum
2295 471 2597 546 proprium
2620 472 2945 546 absolutum
2994 485 3120 546 esse
3153 470 3352 546 divini,
3393 471 3660 546 quamvis

270 559 396 604 non
430 547 779 612 intuitlvum,
809 548 856 604 si
887 543 1235 616 imperfectio
1263 546 1334 616 ab
1360 546 1485 615 ipso
1513 550 1956 616 removeaturth
1977 545 2359 601 abstrahatur.
2390 543 2546 601 Idem
2569 544 2639 600 de
2669 545 2798 611 vita,
2833 544 2902 602 de
2931 543 3207 609 bonitate,
3249 543 3318 602 de
3349 544 3625 615 sapientia
3645 589 3658 611 ,

270 616 350 675 de
390 620 635 689 potentia
669 625 722 675 et
749 615 1144 676 consimilibus
1173 615 2031 689 praedicatisperfectionalibus
2063 616 2288 673 dicunt.

351 685 437 746 A‘d
471 690 784 746 secundam
815 692 963 748 hanc
999 685 1213 760 partem
1245 688 1398 745 flecti
1431 688 1652 760 videtur
1678 693 1910 760 sanctus
1942 689 2288 760 Augustinus
2317 687 2584 759 pluribus
2611 686 2772 760 locis,
2803 689 3121 758 praesertim
3153 686 3209 744 in
3245 686 3392 744 libro
3431 685 3500 742 De
3533 685 3652 760 Tri-

269 759 469 825 nitate,
503 761 715 818 docens
745 763 855 819 hoc
903 757 1071 820 modo
1102 775 1207 817 nos
1236 760 1371 818 ferri
1403 761 1460 831 in
1498 758 1714 815 bonum
1747 757 2089 831 absolutum.
2147 757 2384 831 Sanctus
2412 773 2640 831 quoque
2670 759 3065 831 Bornaventura
3096 761 3154 815 in
3195 774 3299 831 suo
3356 759 3654 831 Itinerario

270 834 468 904 capite
499 841 659 890 sexto
687 833 836 890 idem
866 833 1136 890 insinuat.
1167 831 1330 888 Unde
1360 830 1603 904 videtur,
1637 829 1820 904 quod,
1847 830 2125 904 abstracta
2162 830 2233 904 ab
2263 831 2389 900 ipso
2429 829 2577 894 esse,
2604 830 2760 904 omni
2789 829 3216 904 potentialitate,
3250 829 3658 904 dependentia,

265 899 615 976 privatione,
648 907 794 962 577
822 917 877 961 et
908 905 1015 962 alia
1047 905 1211 976 omni
1235 899 1672 976 imperfectioue
1688 914 1760 976 ac
1789 899 2628 976 ﬁnitate,Aresul‘tetconceptus
2664 901 2762 958 Dei
2794 899 3092 976 absolutus
3122 899 3510 976 aeproprius.

353 975 770 1032 Advertendum
817 983 1025 1040 autem.
1065 975 1217 1047 quod
1264 972 1372 1042 (uti
1403 973 1550 1047 idem
1578 972 1653 1029 ait
1685 973 1744 1028 in
1765 973 2250 1047 scriptoQuarti‘i
2271 972 2575 1047 abstractie
2607 974 2707 1047 ista
2742 974 2920 1047 possit
2949 981 3031 1030 tot
3062 972 3245 1047 modis
3294 972 3648 1043 contingere,

267 1054 424 1174 guot
453 1047 635 1103 modis
672 1049 959 1105 invenitur
989 1043 1416 1104 dissimilitudo.
1451 1045 1643 1102 Primo
1686 1044 1840 1100 enim
1869 1044 2144 1171 contingit
2199 1043 2623 1109 dissimilitudo,
2658 1044 2792 1101 dum
2824 1044 3002 1101 forma
3050 1043 3420 1116 participatur
3449 1059 3657 1100 secun-

315 1131 420 1174 um
451 1118 708 1174 eamdem
738 1119 1018 1174 rationem
1055 1117 1392 1174 sneciei.sed
1423 1130 1538 1173 non
1569 1115 1884 1172 secundum
1917 1130 2046 1172 eum
2089 1131 2187 1173 um
2219 1115 2448 1172 modum
2480 1131 2578 1172 seu
2602 1115 2842 1174 gradum
2873 1116 3328 1174 nerfectionis.ut
3348 1115 3407 1172 in
3431 1114 3654 1172 duobus

315 1131 420 1174 um
451 1118 708 1174 eamdem
738 1119 1018 1176 rationem
1055 1117 1392 1188 speciei.sed
1423 1130 1538 1173 non
1560 1115 1884 1188 secundum
1917 1114 2187 1173 eumdum
2219 1115 2448 1172 modum
2480 1131 2578 1188 seu
2601 1115 2842 1188 gradum
2873 1114 3328 1185 perfectionismt
3348 1115 3407 1172 in
3431 1114 3654 1172 duobus

269 1201 532 1260 quorum
563 1203 714 1248 unus
742 1199 828 1248 est
856 1191 1037 1248 albior
1068 1186 1199 1247 alio.
1235 1188 1522 1253 Secundo,
1544 1186 1677 1243 dum
1710 1187 1891 1260 forma
1921 1187 2292 1260 participatur
2309 1186 2625 1260 secundum
2656 1186 2912 1260 eamdem
2946 1189 3172 1260 generis
3200 1189 3502 1260 rationem,
3535 1201 3655 1260 non

271 1257 515 1329 speciei,
548 1270 612 1317 ut
647 1263 795 1318 inter
823 1260 970 1319 duos
1018 1261 1323 1322 coloratos,
1357 1272 1786 1331 quorumunus
1818 1258 1888 1331 si_t
1919 1257 2106 1325 albus,
2131 1257 2286 1316 alius
2319 1258 2506 1327 niger.
2539 1258 2726 1315 Tertio
2757 1257 2942 1331 adhuc
2973 1259 3160 1316 minor
3193 1267 3283 1331 est
3315 1258 3656 1331 similitudo,

269 1331 422 1412 dum
449 1332 638 1403 aliqua
661 1347 786 1412 _non
813 1334 1161 1412 conveniunt
1191 1333 1247 1412 iu
1279 1329 1512 1412 genere,
1536 1329 1636 1386 sed
1663 1329 1720 1411 in
1743 1329 2035 1412 analugia,
2057 1340 2118 1388 ut
2149 1330 2567 1412 est‘simiiit‘ud‘o
2599 1331 2805 1387 coloris
2826 1330 2894 1388 ad
2926 1330 3240 1394 hominem,
3273 1330 3327 1386 in
3364 1329 3471 1388 hoc
3503 1329 3657 1401 quod

272 1399 597 1474 utrumque
627 1405 699 1461 sit
731 1419 852 1469 ens,
895 1404 1095 1474 sicque
1130 1399 1404 1460 deﬁciens
1436 1409 1521 1458 est
1551 1400 1736 1457 omnis
1765 1399 2074 1474 similitudo
2103 1409 2373 1474 creaturae
2401 1400 2472 1474 ad
2505 1401 2704 1458 Deum.

349 1471 856 1546 Insuperquidam
888 1481 970 1544 (ut
1001 1471 1180 1532 Rabbi
1211 1475 1389 1532 Muses
1417 1480 1475 1531 et
1501 1473 1810 1546 Avicenna)
1842 1472 2110 1529 dixerunt
2136 1472 2290 1544 quod
2329 1473 2701 1546 perfectiones
2732 1481 3124 1546 creaturarum
3156 1485 3273 1546 non
3305 1471 3655 1546 conveniant

269 1542 400 1601 Deo
431 1541 541 1601 nisi
567 1541 908 1618 dupliciter,
936 1555 995 1604 ut
1024 1555 1156 1618 puta
1205 1546 1476 1618 negative
1489 1554 1552 1618 et
1577 1541 1896 1618 causaliter.
1932 1541 2804 1618 Acnegativequidemprimo,
2839 1545 2908 1618 ad
2940 1544 3344 1618 removendam
3384 1543 3656 1618 privatio-

269 1629 416 1689 nem
440 1631 539 1673 seu
552 1614 830 1674 defectum
849 1614 1263 1689 oppositum,ut
1284 1614 1417 1672 cum
1447 1615 1690 1689 dicimus
1713 1614 1894 1671 Deum
1913 1614 2322 1684 sapientem,ad
2342 1616 2698 1689 innitendum
2713 1615 2868 1687 quod
2899 1617 2954 1671 in
2981 1631 3046 1689 ee
3077 1630 3193 1672 non
3225 1615 3655 1689 sitinsipientiae

269 1687 519 1760 malum.
538 1686 1080 1760 secundo,pr'o‘utex
1109 1692 1416 1760 negatione
1434 1686 1778 1760 relinquitur
1791 1701 1891 1760 seu
1913 1689 2283 1758 consequitur
2304 1687 2540 1760 aliquid;
2568 1697 2630 1760 ut
2660 1686 2859 1760 ex’boc
2887 1687 3043 1760 quod
3063 1689 3192 1760 quis
3214 1687 3423 1760 dicitur
3449 1687 3654 1742 imma-

271 1758 495 1816 terialis
526 1757 868 1832 relinquitur
885 1761 1046 1832 quod
1074 1762 1146 1818 sit
1177 1757 1546 1832 intelligentia
1565 1757 1809 1832 _;'atque_
1834 1758 1930 1832 ita,
1963 1757 2816 1832 secundumAistosehujusmodi
2857 1757 3096 1816 nomina
3127 1759 3239 1832 Deo
3268 1758 3658 1832 attribuuntur

269 1832 466 1901 magis
495 1829 566 1904 ad
596 1826 1026 1904 removendum,
1059 1846 1233 1904 quam
1262 1831 1334 1904 ad
1357 1826 2118 1904 ponendum—quidquamin
2150 1845 2239 1904 eo.
2267 1826 2580 1904 Causaliter
2611 1844 2738 1904 vero
2772 1845 3010 1904 seuper
3040 1830 3271 1904 modum
3305 1829 3656 1904 causalitatis

265 1900 629 1984 conveniunt
652 1902 764 1984 Deo
799 1922 811 1969 ;
843 1905 1040 1984 primo
1063 1900 1382 1984 secundum
1413 1903 1568 1984 qugd
1596 1900 1793 1984 caueat
1827 1900 2202 1984 perfectiones
2230 1903 2289 1958 iu
2307 1902 2623 1984 creaturis,
2652 1900 2725 1958 ita
2756 1908 2818 1984 ut
2843 1902 3063 1984 dicatur
3090 1903 3282 1984 bonus
3310 1903 3656 1984 acsapiens,

270 1971 411 2043 quia
443 1974 781 2042 sapientiam
811 1971 877 2031 ac
907 1974 1219 2031 bonitatem
1250 1971 1742 2038 rebusinfundit;
1790 1971 2061 2043 secundo,
2093 1973 2226 2042 quia
2257 1972 2327 2027 ad
2367 1971 2601 2029 modum
2625 1982 2896 2030 creaturae
2923 1987 2982 2028 se
3015 1974 3207 2034 habet,
3235 1975 3308 2029 ita
3343 1981 3402 2028 ut
3435 1974 3659 2029 dicatur

269 2042 480 2118 uolens
525 2059 590 2118 ac
623 2047 769 2114 pius,
804 2045 1076 2118 quoniam
1110 2047 1165 2102 in
1197 2045 1509 2104 causando.
1541 2045 1720 2118 instar
1754 2042 2089 2118 volentis_ac
2147 2044 2220 2111 pii
2254 2058 2315 2099 se
2346 2043 2534 2118 habet.
2568 2043 2728 2118 Sicut
2757 2045 2926 2118 etiam
2961 2043 3207 2118 dicimus
3240 2058 3370 2100 eum
3396 2046 3654 2118 iratum.

268 2114 344 2170 Et
369 2113 532 2184 juxta
566 2111 734 2172 istam
758 2111 1126 2186 positionem,
1163 2118 1354 2174 omnia
1387 2129 1516 2187 quze
1568 2113 1839 2187 dicuntur
1869 2112 1940 2169 de
1997 2111 2107 2187 Deo
2137 2123 2192 2172 et
2224 2115 2522 2178 creaturis,
2557 2114 2826 2187 dicuntur
2859 2115 2926 2170 de
2957 2116 3024 2170 iis
3063 2129 3204 2185 pure
3263 2117 3568 2186 aequivoce,
3605 2124 3658 2187 et

267 2187 439 2242 nulla
473 2185 783 2243 similitudo
813 2198 896 2244 est
925 2198 1195 2244 creaturze
1225 2188 1296 2245 ad
1331 2185 1667 2254 creatorem,
1700 2201 1771 2242 ex
1801 2185 1908 2242 hoc
1959 2185 2114 2257 quod
2145 2195 2404 2244 creatura
2431 2194 2658 2243 vocetur
2704 2185 2953 2257 sapiens,
2983 2187 3157 2258 justa,
3197 2188 3306 2256 pia,
3330 2185 3470 2252 ’etc.,
3503 2186 3658 2258 quod

269 2258 454 2313 etiam
487 2272 756 2326 expresse
786 2261 985 2315 asserit
1017 2260 1330 2316 Avicenna.

347 2327 533 2401 Athis
564 2328 852 2399 obiicitur,
883 2332 1032 2401 quod
1066 2329 1240 2386 simili
1272 2329 1440 2387 modo
1471 2329 1622 2387 Deus
1653 2339 1843 2401 posset
1872 2327 1982 2384 dici
2015 2327 2158 2401 lapis
2192 2334 2246 2383 et
2273 2327 2491 2398 lignum
2522 2349 2535 2394 ;
2569 2328 2700 2399 quia
2728 2337 2814 2401 est
2840 2343 3010 2401 causa
3042 2330 3252 2386 borum
3287 2349 3300 2395 ;
3335 2343 3440 2386 nec
3467 2328 3550 2385 sic
3584 2344 3657 2387 ex

270 2400 614 2472 cognitione
664 2399 1056 2472 creaturarum
1089 2403 1426 2458 duceremur
1459 2404 1515 2457 in
1568 2399 1902 2472 veramiDei
1929 2399 2314 2470 cognitionem
2349 2419 2361 2461 ;
2396 2413 2502 2472 nec
2534 2414 2730 2472 verum
2771 2399 3055 2472 videretur
3086 2402 3141 2456 id
3172 2401 3324 2472 quod
3385 2401 3658 2472 Dominus

265 2470 428 2543 dixit
457 2491 473 2543 _:
534 2471 828 2528 Faciamus
858 2473 1118 2529 hominem
1148 2474 1218 2528 ad
1238 2473 1526 2543 imaginem
1557 2479 1604 2530 et
1630 2470 2319 2543 similitudineminostram
2356 2483 2394 2523 ι.
2429 2470 2590 2539 Quod
2635 2472 2767 2543 item
2824 2474 2880 2527 in
2918 2470 3204 2528 Ezechiele
3235 2472 3475 2528 habetur
3507 2488 3520 2527 :
3583 2471 3661 2529 Tu

264 2541 478 2615 cherub
507 2543 838 2613 signaculum
874 2545 1253 2601 similitudinis
1285 2541 1384 2599 Dei
1411 2558 1452 2598 τι.
1496 2543 1952 2615 Omnisquoque
1991 2541 2220 2615 eil‘ectus
2251 2543 2459 2598 dicitur
2490 2542 2816 2615 participata
2845 2558 2963 2599 suae
2995 2559 3177 2600 causae
3208 2543 3546 2600 similitudo.

346 2614 757 2686 Verumtamen
814 2617 942 2671 huic
969 2619 1226 2686 opinioni
1260 2615 1608 2672 concordare
1638 2613 2064 2686 videtur,quod
2121 2627 2290 2683 super
2323 2616 2616 2684 mysticam
2649 2613 2991 2684 theologiam
3025 2615 3218 2671 scribit
3249 2616 3536 2677 Albertus,
3570 2614 3662 2670 dio

269 2699 460 2740 cens:
501 2705 523 2735 ι
558 2685 709 2758 licus
728 2700 844 2743 non
876 2685 1048 2743 habet
1077 2687 1308 2758 aliquod
1340 2701 1644 2744 commune
1673 2686 1823 2756 quod
1856 2685 1928 2758 sit
1955 2685 2014 2758 in
2048 2687 2169 2755 ipso
2201 2694 2256 2741 et
2279 2686 2574 2748 creaturis,
2601 2699 2788 2757 neque
2809 2693 2871 2743 ut
2904 2687 3338 2757 species,neque
3360 2695 3418 2740 ut
3449 2700 3654 2757 genus,

269 2769 469 2825 neque
499 2764 563 2813 ut
588 2757 869 2827 analogiae
900 2756 1247 2828 principium
1280 2777 1295 2826 ;
1329 2759 1428 2814 sed
1461 2758 1639 2814 estibi
1655 2766 1876 2814 tantum
1899 2756 2231 2813 imitationis
2259 2756 2773 2828 communiumque
2799 2768 2986 2813 creata
3022 2756 3317 2814 imitantur
3338 2756 3655 2814 creatorem

269 2771 469 2825 neque
499 2771 563 2813 ut
588 2771 869 2827 analogiae
900 2773 1247 2828 principium
1280 2777 1295 2826 ;
1329 2771 1428 2814 seu
1461 2771 1639 2814 esum
1655 2771 1876 2814 tantum
1899 2771 2231 2813 imitationis
2259 2771 2773 2883 communiumque
2799 2771 2986 2813 creata
3022 2771 3317 2814 imitantur
3338 2771 3655 2814 creatorem

267 2836 336 2900 ut
368 2837 609 2900 queunt;
643 2838 698 2884 et
726 2834 843 2885 haec
875 2845 990 2885 non
1021 2841 1104 2886 est
1135 2831 1532 2887 communitas.
1558 2828 1798 2899 Propter
1825 2831 1975 2898 quod
2006 2835 2181 2885 etiam
2212 2841 2327 2883 non
2364 2835 2450 2884 est
2480 2842 2608 2900 vera
2646 2845 2670 2884 a
2703 2831 2829 2899 iqua
2861 2828 3011 2898 apud
3041 2843 3146 2886 nos
3168 2828 3495 2900 praedicatio
3524 2841 3656 2900 vera

270 2899 345 2955 de
382 2899 520 2978 Deo.
619 2900 760 2967 Quae
792 2901 961 2958 verba
992 2904 1180 2974 inepte
1209 2915 1415 2960 sonare
1443 2898 1728 2970 videntur,
1757 2900 1869 2955 nisi
1901 2900 2134 2956 forsitan
2175 2906 2359 2955 sumat
2392 2898 2847 2970 praedicationem
2879 2915 3094 2970 veram,
3127 2898 3229 2971 pro
3250 2898 3658 2972 praedicatione

270 2985 512 3026 nronrie
587 2982 714 3026 icta.

317 2985 512 3028 I'ODl'le
547 2982 714 3028 dlcla.

270 2985 792 3118 Erggiigtglrcnaalia
823 3043 1050 3118 positio,
1080 3053 1364 3118 quatenus
1396 3042 2189 3118 perfectionesycreaturarum
2221 3049 2354 3098 sunt
2386 3041 2443 3118 in
2487 3041 2602 3118 Deo
2627 3043 3082 3118 praeminenter,
3104 3042 3277 3118 idque
3304 3040 3491 3112 quoad
3526 3042 3654 3102 tria.

270 3112 496 3186 Primo.
531 3124 808 3186 quantum
824 3112 906 3171 'ad
935 3112 1413 3174 universalitatem
1445 3132 1459 3178 ;
1509 3115 1639 3186 quia
1674 3115 1738 3186 in
1765 3112 1873 3169 Deo
1902 3123 2036 3186 sunt
2082 3127 2283 3169 omnes
2311 3113 2686 3186 perfectiones
2717 3117 2989 3186 adunatae.
3050 3112 3335 3183 Secundo,
3369 3125 3652 3186 quantum

269 3184 342 3242 ad
374 3184 796 3253 plenitudinem
829 3201 844 3248 ;
878 3189 1007 3257 quia
1042 3189 1098 3243 in
1146 3190 1262 3244 Deo
1295 3195 1429 3243 sunt
1458 3183 1590 3242 cuin
1645 3185 1883 3257 inﬁnita
1903 3185 2266 3255 perfectione.
2316 3183 2529 3257 Tertio,
2558 3185 2748 3257 quoad
2778 3187 3203 3255 simplicitatem
3239 3194 3292 3242 et
3329 3183 3605 3244 unitatem
3639 3203 3658 3256 ;

270 3270 393 3326 quae
427 3257 586 3311 enim
617 3258 674 3313 in
707 3255 985 3314 creaturis
1015 3268 1146 3315 sunt
1178 3259 1396 3314 diversa
1429 3271 1494 3313 ac
1525 3257 1718 3320 multa,
1747 3257 1805 3310 in
1856 3255 1971 3311 Deo
2002 3264 2136 3311 sunt
2163 3255 2526 3327 unum.‘llaec
2555 3265 2640 3311 est
2668 3256 2922 3314 doctrina
2955 3263 3285 3314 sanctorum
3318 3258 3576 3327 Dionysii
3608 3255 3660 3314 et

273 3323 552 3394 Anselmi,
575 3342 642 3384 ac
700 3329 952 3397 plurium
975 3331 1219 3386 aliorum
1276 3344 1421 3398 quos
1468 3328 1729 3385 doctores
1750 3327 2033 3396 praecipui,
2065 3335 2294 3398 sanctus
2321 3323 2589 3398 Thomas,
2613 3327 2954 3390 Alexander,
2983 3336 3214 3384 sanctus
3237 3323 3653 3397 Bonaventura,

271 3398 619 3472 Bicbardus,
653 3398 850 3472 Petrus
880 3400 1155 3472 AEgidius,
1191 3411 1245 3457 et
1273 3398 1368 3455 alii
1403 3399 1564 3456 multi
1596 3406 1930 3468 sequuntur.
1969 3408 2022 3472 et
2053 3397 2441 3454 rationabilior
2474 3412 2699 3472 quoque
2734 3399 2974 3472 videtur.
3008 3399 3405 3472 Verumtamen
3428 3399 3653 3472 Scottis,

269 3467 332 3526 in
365 3471 584 3540 scripto
616 3485 720 3528 suo
753 3470 928 3542 Super
951 3467 1190 3542 primum
1217 3473 1628 3542 sententiarum,
1660 3467 1828 3542 tenet,
1864 3469 2015 3540 quod
2072 3478 2385 3538 conceptus
2414 3467 2560 3542 en_tis
2599 3467 2671 3526 sit
2707 3471 3072 3542 univocusct
3103 3471 3422 3542 communis
3458 3471 3572 3528 Deo
3602 3479 3659 3529 et

270 3545 580 3614 creaturis,
613 3553 782 3612 atque
829 3539 915 3599 ita
947 3539 1050 3599 ens
1108 3545 1349 3614 univoce
1383 3541 1714 3613 pradicitur
1742 3539 1812 3614 de
1843 3539 1966 3602 eis;
2005 3546 2201 3614 _negat_
2227 3548 2436 3614 tamen,
2467 3539 2822 3614 Deumesse
2852 3545 2909 3597 in
2941 3540 3134 3614 aliquo
3194 3541 3651 3614 praedicamento.

269 3612 465 3685 gliqui
503 3627 636 3669 vero
663 3610 882 3679 dicunt,
913 3616 1064 3685 quod
1092 3617 1147 3670 in
1182 3610 1884 3685 praedicamcutoexsistat.
1912 3619 1975 3685 u_t
2005 3610 2353 3685 Franciscus
2373 3610 2733 3685 deelifaronfs.
2760 3621 2813 3669 et
2837 3613 2932 3684 qui
2953 3610 3339 3685 Nominalistae
3361 3614 3652 3670 dicuntur.

269 3681 534 3754 Denique
564 3685 898 3741 Guillelmus
930 3681 1288 3742 'Parisiensis
1319 3687 1375 3741 in
1409 3683 1644 3740 Divinali
1674 3697 1774 3754 seu
1806 3683 1869 3754 de
1931 3682 2210 3751 Trinitafc,
2244 3692 2297 3737 et
2327 3681 2815 3754 Antisiodoﬁrensis
2848 3681 2902 3740 in
2937 3683 3154 3740 Summa
3211 3700 3339 3753 sua,
3375 3685 3655 3742 Henricus

271 3753 452 3829 etiam
470 3755 544 3811 de
565 3756 827 3813 Gandavo
853 3757 910 3813 in
944 3756 1164 3815 Summa
1187 3772 1309 3822 sua,
1329 3763 1384 3814 et
1413 3757 1470 3813 in
1507 3753 1885 3829 Quodlibetici:
1906 3760 2153 3829 tuentur.
2195 3754 2460 3829 Deumin
2488 3753 2928 3829 praedicamento
2962 3769 3075 3813 non
3106 3770 3249 3820 esse,
3281 3771 3399 3829 nec
3438 3757 3655 3829 aliquid

270 3826 340 3882 de
372 3827 503 3896 ipso
536 3836 588 3882 et
611 3829 886 3884 creaturis
911 3829 1022 3884 dici
1059 3832 1299 3886 univoce
1327 3830 1426 3885 sed
1460 3827 1755 3898 analogice
1787 3826 2192 3898 tantum,Quae
2231 3827 2584 3898 positionon
2617 3827 2803 3883 solum
2836 3837 2920 3882 est
2951 3829 3165 3893 verior,
3199 3826 3299 3884 sed
3332 3829 3500 3884 etiam
3528 3826 3658 3885 con-

270 3898 575 3972 gruentior
607 3899 838 3956 inﬁnitae
867 3901 1478 3972 superincomparabili
1509 3910 1562 3956 et
1592 3896 2056 3972 superessentiali
2120 3897 2393 3970 majestati
2429 3897 2650 3972 divinae,
2682 3913 2750 3972 ac
2780 3899 3136 3956 conformior
3164 3899 3478 3972 beatissimi
3517 3900 3651 3957 Dio-

269 3970 418 4040 nysii
471 3971 854 4035 documentis,
885 3968 983 4042 qui
1037 3973 1217 4029 Deum
1239 3968 1302 4028 in
1344 3971 1506 4028 libris
1537 3972 1658 4042 suis
1682 3982 1799 4042 tam
1833 3969 2156 4042 frequenter
2185 3968 2813 4042 s'upersubstantiilem,
2850 3971 3415 4042 superessentialem,
3447 3985 3658 4040 super-

272 4039 576 4114 magnum,
607 4039 1117 4112 supersapientem,
1151 4054 1205 4101 et
1233 4057 1470 4114 prore-us
1508 4041 1873 4109 tneﬂabilem,
1905 4039 2300 4114 incognoscibi
2329 4055 2439 4108 em,
2473 4039 2908 4114 indeﬁnibilem,
2943 4040 3342 4097 illunitabilem
3376 4039 3656 4100 nominat.

273 4111 333 4239 gi
349 4109 561 4239 tiautem
592 4109 827 4239 essehiin
853 4109 1330 4238 pirzedicamen’to,
1363 4113 1598 4171 haberet
1651 4126 1833 4184 genus
1864 4119 1917 4168 et
1958 4109 2352 4175 diil’erentiam,
2389 4126 2459 4167 ex
2491 4113 2700 4182 quibus
2733 4121 2917 4181 posset
2952 4114 3245 4182 cognosci,
3278 4114 3525 4170 describi
3558 4129 3661 4171 seu

314 4199 342 4239 e
392 4198 509 4239 [ιιι-ι
541 4198 608 4238 ac
640 4197 756 4239 not
806 4199 900 4239 car
933 4225 944 4236 .

314 4184 509 4240 eﬂniri
541 4198 608 4238 ac
640 4184 944 4240 notiﬂcari.

345 4253 446 4310 Vis
473 4256 764 4311 rationum
797 4255 862 4311 Ι).
897 4253 1123 4312 Thomzc
1173 4257 1230 4313 in
1263 4257 1372 4313 hoc
1401 4254 1692 4319 fundatur,
1723 4252 1877 4324 quod
1925 4251 2209 4308 nimirum
2239 4251 2490 4320 cognitio
2526 4251 2622 4309 ﬁat
2654 4266 2755 4322 per
2787 4253 3023 4310 formam
3080 4268 3181 4311 seu
3215 4255 3463 4324 speciem
3497 4266 3550 4314 et
3582 4258 3668 4313 si-

276 4324 666 4399 militudinem
696 4328 932 4397 cogniti,
964 4327 1138 4399 idque
1167 4326 1486 4397 dupliciter.
1521 4326 1730 4390 Primo,
1766 4338 1865 4399 per
1891 4326 2184 4399 prepriam
2226 4325 2466 4399 formam
2504 4337 2607 4399 seu
2638 4325 2926 4399 speciem,
2941 4325 3104 4399 juxta
3139 4326 3279 4382 illud
3313 4327 3660 4399 philosophi:

280 4415 302 4446 ι
336 4397 522 4470 Lapis
541 4410 654 4454 non
681 4394 852 4470 est'in
902 4394 1115 4464 anima,
1147 4394 1496 4470 sed'species
1529 4399 1670 4470 ejus.
1704 4416 1726 4447 ι
1765 4394 2186 4470 ὃθᾳυηύφιρθξ
2219 4394 2458 4451 formam
2489 4395 2724 4470 alterius
2758 4394 2963 4470 similis
2995 4398 3124 4461 sibi,
3162 4407 3221 4454 ut
3249 4394 3420 4455 causa
3456 4394 3560 4469 per
3585 4401 3663 4456 si-

276 4465 662 4542 militudi‘nem
686 4468 916 4542 etl‘ectus
939 4471 1109 4537 sui,et
1131 4465 1422 4542 homo’per
1445 4465 1823 4542 formamsuze
1845 4465 2765 4542 imaginis.Porro.perpropriam
2790 4468 3031 4524 formam
3053 4473 3206 4542 ωδ
3228 4465 3661 4542 θιὶίιιιίίϊόυριί-

276 4539 417 4614 citer
447 4539 672 4614 videtur
692 4562 722 4614 _:_
747 4541 960 4605 Primo,
999 4556 1096 4614 per
1127 4537 1369 4598 formam
1399 4555 1526 4612 quae
1555 4548 1640 4597 est
1687 4540 1925 4609 ipsemet
1956 4552 2070 4604 res,
2101 4537 2586 4614 quemadmodum
2620 4538 2771 4594 Deus
2823 4541 3117 4614 cugnoscit
3145 4555 3208 4597 se
3239 4537 3342 4612 per
3368 4557 3530 4599 suam
3554 4537 3662 4599 ὀς-

277 4612 543 4673 sentiam.
575 4612 845 4670 similiter
902 4609 1145 4684 angelus
1173 4627 1274 4684 per
1303 4609 1596 4683 propriam
1627 4614 1933 4684 essentiam
1990 4610 2286 4684 cognoscit
2317 4609 2568 4684 seipsum
2604 4629 2616 4674 ;
2667 4612 3055 4682 secundo,per
3090 4609 3330 4670 formam
3361 4628 3482 4684 quae
3509 4624 3595 4671 est
3625 4629 3658 4672 a

277 4693 340 4755 re
389 4685 530 4753 ipsa,
563 4684 683 4740 sive
713 4685 784 4741 sit
816 4679 1095 4741 abstracta
1126 4679 1192 4740 a'
1213 4697 1275 4742 re
1305 4679 1448 4754 ipsa.
1481 4693 1542 4741 ut
1575 4682 1820 4755 quando
1852 4681 2041 4755 forma
2060 4694 2160 4755 seu
2221 4679 2602 4755 intelligibilis
2628 4687 2851 4755 species
2883 4679 2972 4739 est‘
2996 4679 3425 4739 immaterialior
3484 4700 3658 4755 quam

277 4749 430 4831 ipsa;
454 4749 567 4819 res,
601 4764 663 4831 ut
696 4755 914 4831 species
971 4755 1173 4826 lapidis
1203 4749 1482 4831 abstracta
1514 4771 1542 4810 a
1569 4749 1762 4831 lapide
1792 4769 1809 4821 ;
1842 4753 1960 4808 sive
1997 4752 2071 4807 sit
2108 4749 2404 4831 _impress_a
2449 4751 2886 4831 intelligentiab
2946 4755 3247 4831 intellecto,
3284 4764 3344 4812 ut
3375 4749 3516 4812 dum
3566 4771 3660 4831 res

278 4822 563 4904 intellecta
611 4822 930 4895 simplicior
957 4822 1044 4884 est
1080 4841 1251 4898 quam
1286 4827 1503 4904 species
1536 4822 1678 4896 ejus,
1712 4826 1859 4904 sicut
1905 4822 2226 4904 secundum
2272 4822 3002 4887 Avicennam,'int-llectus
3049 4827 3334 4884 humanus
3366 4827 3660 4898 cognoscit

279 4895 624 4970 substantias
654 4907 948 4970 sepa_ratas
975 4895 1546 4970 periimpres’sionem
1566 4895 1778 4952 earum
1811 4897 1867 4951 in
1904 4895 2115 4970 ipsum.

347 4966 488 5023 Cum
548 4961 740 5039 itaque
778 4968 954 5025 Deum
976 4961 1044 5026 'in
1079 4961 1211 5026 bac'
1234 4968 1341 5025 vita
1373 4983 1487 5025 non
1523 4961 1943 5039 cognoscamus
1976 4965 2086 5020 nisi
2119 4977 2221 5039 per
2272 4977 2408 5019 suos
2435 4961 2691 5039 effectus,
2725 4967 2820 5038 qui
2878 4983 2908 5022 a
2941 4966 3108 5036 plena
3168 4971 3662 5038 representatione

281 5034 479 5094 divinae
528 5034 793 5097 essentia;
823 5040 1091 5098 deficiunt
1129 5041 1359 5101 inﬁnite,
1396 5054 1582 5111 neque
1598 5034 1903 5112 adaequant
1953 5037 2257 5112 petentiam
2287 5038 2564 5112 creatoris
2591 5034 2846 5112 (imo'ab
2877 5034 3263 5109 adiequatione
3293 5054 3358 5096 ac
3413 5042 3658 5112 perfecta

279 5113 775 5184 repraesentatione
811 5113 1230 5182 omnipotentiae
1261 5112 1385 5184 ejus
1414 5107 1821 5184 distant'atq'ue
1855 5109 2186 5164 desciscunt
2225 5107 2462 5184 penitus
2496 5109 2550 5184 in
2594 5109 2961 5184 immensum)
2995 5107 3107 5166 non
3141 5107 3448 5182 pessumus
3478 5113 3658 5171 Deum

282 5179 341 5255 in
371 5185 455 5236 via
487 5196 836 5253 cognoscere
867 5177 1018 5240 clare
1049 5187 1104 5240 in
1136 5199 1196 5240 se
1250 5177 1307 5241 et
1351 5183 1692 5255 immediate,
1727 5177 1827 5237 seu
1859 5186 2140 5255 quantum
2172 5177 2242 5255 ad
2272 5177 2400 5246 quid
2431 5179 2658 5255 est._sed
2688 5180 2874 5236 solum
2905 5196 2934 5238 a
2969 5177 3292 5249 posteriori,
3320 5192 3374 5241 et
3402 5185 3527 5255 quia
3559 5191 3656 5241 est.

282 5247 675 5326 Verumtamen
733 5256 792 5312 in
821 5255 928 5310 hac
959 5256 1284 5326 cognitione
1344 5255 1444 5311 Dei
1473 5253 1597 5326 quia
1626 5258 1719 5326 est,
1755 5262 1841 5326 est
1875 5247 2063 5307 ‘etiam
2096 5247 2308 5326 gradus
2337 5258 2391 5305 et
2442 5249 2602 5318 ordo,
2638 5254 2710 5307 ita
2744 5260 2805 5308 ut
2856 5247 3009 5309 unus
3039 5247 3652 5326 sicucognoséentium

284 5319 479 5398 Deum,
513 5335 819 5396 cognoscat
867 5339 1001 5383 eum
1031 5319 1212 5384 multo
1242 5319 1547 5398 perfectius
1581 5331 1644 5398 et
1663 5321 1878 5398 clarius
1907 5334 2080 5398 quam
2106 5319 2266 5398 alius
2297 5334 2519 5398 {causa
2548 5335 2797 5398 namqtte
2844 5338 3043 5398 ex_suo
3084 5319 3287 5398 eﬂectu
3323 5336 3501 5398 tanto,
3522 5341 3654 5397 per-

285 5391 481 5468 fectius
509 5391 909 5468 cognoscitur,
927 5405 1141 5468 quanto
1168 5391 1269 5466 per
1299 5396 1561 5454 eﬂectutn
1593 5395 1816 5468 plenius
1855 5391 2300 5468 apprehenditur
2335 5391 2608 5448 habitudo
2640 5391 2833 5468 causa;
2859 5394 2932 5452 ad
2961 5409 3132 5453 suum
3165 5395 3448 5452 effectum.
3474 5391 3652 5456 Porro

286 5461 400 5518 haec
446 5461 716 5540 habitudo
747 5471 803 5524 in
835 5461 1038 5540 effectu
1081 5461 1196 5526 non
1229 5461 1688 5540 pertingente'ad
1715 5461 2185 5540 Aadtequationem
2218 5476 2409 5540 clausae
2459 5477 2588 5529 suae,
2625 5465 2937 5540 attenditur
2966 5482 3143 5540 penes
3175 5469 3282 5540 tria
3319 5485 3334 5534 ;
3368 5469 3660 5540 _vilelicet

281 5535 465 5604 quoad
488 5551 852 5611 progressum
883 5539 1117 5613 effectus
1146 5556 1175 5597 a
1208 5531 1493 5613 ca_usa,_'et
1519 5537 1838 5613 secundum
1861 5531 1968 5613 hoc
1997 5533 2145 5607 quod
2182 5531 2410 5613 etractus
2439 5539 2815 5613 consequitur
2841 5531 2982 5608 plus
3008 5539 3077 5613 de
3105 5531 3490 5613 similitudine
3520 5557 3645 5598 suae

281 5617 475 5683 causa.
506 5607 672 5683 atque
699 5612 1020 5683 secundum
1048 5611 1104 5667 id
1133 5610 1510 5683 quodgdeﬁcit
1537 5626 1568 5667 a
1629 5610 1872 5683 perfecta
1901 5607 2023 5679 ejus
2055 5607 2480 5683 consecutioai1
2514 5608 2697 5683 Atque
2731 5619 2803 5683 ita
2839 5607 2999 5665 ineas
3031 5611 3638 5683 hu_mana__tripliciter

287 5675 512 5758 proﬁcit
552 5675 612 5738 in
639 5683 966 5758 cegnitione
996 5682 1091 5758 Dei
1122 5675 1188 5738 e'x
1235 5675 1701 5758 eﬂectibusrjus.
1734 5675 1947 5758 Pijmo',
1984 5676 2301 5758 secundum
2333 5675 2486 5747 quod
2512 5675 2817 5758 perfectius
2846 5681 3224 5758 cognoscitur
3255 5675 3506 5758 efﬁcacia
3551 5683 3648 5742 Dei

287 5745 354 5800 ad
380 5745 800 5816 producendum
827 5773 842 5821 ;
877 5753 1148 5815 secundo.
1183 5764 1348 5824 prout
1379 5745 1727 5812 nobiliorem
1757 5750 2062 5810 affectuum
2101 5745 2365 5806 noscitur
2387 5745 2529 5806 esse
2543 5764 2714 5808 causa
2739 5754 2900 5821 (cum
2923 5745 3086 5810 cnim
3117 5762 3347 5812 causata
3379 5755 3646 5828 aliquam

360 5853 382 5886 ι
417 5845 551 5906 Gen.
585 5864 619 5918 1,
659 5853 743 5909 t6.
819 5867 843 5897 ε
879 5853 1086 5912 Ezecb.
1123 5865 1324 5920 xxvut,
1359 5852 1448 5911 12.
