4086 6154
524 314 681 381 1θ59
1691 316 1751 379 S.
1801 317 2140 381 DIONYSII
2199 318 2727 384 AREOPAGIT/E.
3730 322 3862 390 1060

527 449 808 532 positiva:
842 466 1003 510 nunc
1030 448 1209 511 etiam
1242 450 1614 513 demonstrat
1640 450 2028 521 intellectilia.
2063 452 2147 514 di-

2249 474 2388 509 νεται
2437 456 2524 510 καὶ
2550 456 2619 510 τὲι
2666 455 2853 528 νοητὰ,
2886 456 2970 529 τὸ,
3003 458 3135 514 Οὗτε
3186 458 3342 536 ψυχὴ
3388 456 3505 514 οὔτε
3537 461 3673 523 νοῦς,
3730 457 3858 525 Πλὴν

523 539 751 603 cendo:
781 536 985 619 Neque
1005 537 1225 614 anima,
1250 558 1446 620 neque
1468 558 1659 604 mens.
1686 542 1909 603 Verum
1930 559 2040 603 nec
2060 540 2147 602 ha-

2241 545 2321 617 μὴ
2365 542 2495 623 ἔχῃ,
2529 544 2610 599 ότι
2652 545 2873 600 κάκεῖσε
2904 545 3022 621 περὶ
3080 544 3241 622 λόγου
3270 546 3363 601 ιιαί
3396 548 3517 608 νοὸς
3546 546 3857 621 ἐμνημόνευ.

521 628 621 692 bet
647 629 772 704 illa,
806 633 1085 708 quoniam
1119 633 1292 690 etiam
1348 629 1430 690 ibi
1477 629 1554 691 de
1604 630 1834 691 ratione
1862 649 1931 693 ac
1961 638 2147 693 mente

2242 656 2354 706 σεν,
2395 632 2525 690 Οὔτε
2554 632 2771 709 ἄλογος,
2805 634 2991 711 εἰπὼν,
3021 632 3141 689 οὔτε
3182 631 3362 700 ἄνουςο
3394 637 3480 691 καί
3522 639 3706 692 Λοιπὸν
3734 639 3859 694 ἀπο.

521 718 883 780 mentionem
919 716 1077 792 fecit,
1125 717 1333 780 dicens
1379 740 1392 781 :
1440 718 1645 800 Neque
1690 721 1935 782 rationis
1963 739 2147 801 neque

2243 725 2481 804 φαίνεται
2530 723 2691 779 κάκεῖ
2748 725 2815 779 τὰ
2870 724 3059 788 νοητά.
3121 720 3269 779 Ἀλλ’
3322 724 3457 799 ἴσθι,
3512 724 3596 780 ὅτι
3647 725 3761 780 ἐκεῖ
3811 727 3865 782 τΞι

521 807 739 870 mentis
765 824 1021 887 erpers;
1054 814 1112 867 et
1144 807 1504 889 casteroquin
1536 809 1716 871 etiam
1763 810 1844 870 ibi
1883 810 2147 872 intellec-

2243 819 2484 885 τοιαῦτα,
2520 813 2742 879 αἰσθητά
2798 815 2950 868 εἰσιν⁶
2986 812 3108 870 οῦδὲ
3152 814 3251 891 γὰρ
3304 814 3649 892 ἀποφαίνεται
3692 814 3866 872 ἀπολυ-

519 898 652 961 tilia
679 898 1074 959 demonstrat.
1112 897 1229 958 Sed
1255 898 1404 959 scito
1429 896 1509 958 ibi
1543 898 1643 958 illa
1674 917 1808 975 quas
1836 898 1975 960 talia
1995 907 2147 974 sunt1

2241 925 2332 959 τον
2363 905 2452 958 τὸν
2484 901 2667 977 λόγον,
2700 902 2736 970 ἢ
2765 905 2857 958 τὸν
2881 903 3290 981 κεχωρισμένον
3310 909 3417 959 τῶν
3446 904 3711 970 αἰσθητῶν
3739 914 3864 961 νοῦν·

519 984 762 1049 sensilia
782 1002 954 1047 esse:
986 1004 1178 1066 neque
1203 987 1361 1046 enim
1387 985 1649 1048 declarat
1673 988 1964 1050 rationem
1988 988 2147 1049 abso

2244 991 2380 1047 ἀλλά
2420 993 2484 1047 τὸ
2532 991 2725 1069 ἄλογον
2776 994 2863 1048 καὶ
2919 994 2981 1047 τὸ
3012 992 3189 1065 ἄνουν,
3221 995 3329 1062 ζῶα
3384 990 3590 1060 δηλαδὴ
3641 995 3864 1069 αἰσθητὰ,

517 1077 723 1155 lutam,
758 1074 848 1136 vel
895 1082 1151 1135 mentem
1196 1092 1231 1134 a
1279 1074 1602 1137 sensilibus
1649 1086 2017 1158 separatam;
2054 1078 2147 1139 sed

2244 1081 2570 1157 ἐστερημὲνα
2616 1081 2776 1158 λόγου
2805 1103 2861 1137 τε
2914 1082 3005 1138 καί
3033 1083 3175 1144 νοός.
3238 1081 3392 1138 Ἀλλ’
3450 1082 3668 1140 ἐνταῦθα
3714 1082 3862 1162 λέγει,

514 1165 758 1228 rationis
790 1164 1124 1241 mentisque
1152 1164 1504 1239 carentiam,
1554 1167 1831 1227 animalia
1874 1168 2147 1229 nimirum

2241 1173 2313 1235 ὡς
2343 1170 2459 1227 οὔτε
2491 1172 2645 1249 ψυχή
2678 1171 2843 1245 ἐστιν,
2878 1169 2995 1227 οὔτε
3038 1194 3088 1227 τι
3118 1171 3224 1227 ἀπὸ
3254 1174 3358 1225 τῶν
3387 1170 3628 1250 ἑχόντων
3655 1173 3718 1228 τα
3745 1171 3863 1249 μέρη

513 1255 778 1329 sensilia,
814 1253 1043 1316 ratione
1087 1262 1407 1335 menteque
1456 1256 1718 1334 privata;
1772 1274 1979 1318 verum
2031 1258 2147 1318 hinc

2237 1262 2456 1339 ταύτης,
2492 1263 2578 1315 καὶ
2621 1267 2786 1316 ταῦτα
2830 1261 2966 1316 κατά
3026 1259 3193 1325 τάξιν·
3246 1259 3366 1317 οὔτε
3395 1283 3445 1316 τι
3491 1259 3621 1337 ἔχον
3679 1283 3861 1340 φαντα-

515 1346 682 1426 dicit,
699 1344 1162 1425 nequeanimam
1188 1362 1550 1422 esse,neque
1573 1346 1896 1426 quidquam
1916 1346 2147 1408 illorum

2238 1351 2353 1407 σίαν
2399 1350 2572 1423 μόνην
2633 1347 2855 1428 ἄλογον,
2885 1351 2972 1405 καὶ
3024 1350 3187 1405 τύπον
3235 1349 3453 1423 ἀσθενῆ,
3484 1350 3554 1415 ἣν
3579 1349 3649 1416 δὴ
3698 1350 3860 1430 ἔχουσι

513 1454 647 1518 quae
676 1434 892 1497 animas
937 1434 1235 1514 portiones
1284 1435 1463 1515 idque
1511 1436 1844 1498 secundum
1876 1436 2147 1500 ordinem

2235 1440 2323 1496 καὶ
2379 1439 2444 1495 τα
2496 1437 2685 1516 ἅλογα’
2734 1437 2851 1494 οὔτε
2898 1437 3073 1519 δόξαν,
3128 1438 3511 1517 ἀσυλλόγιστον
3561 1447 3754 1516 γνῶσιν
3788 1443 3862 1496 καὶ

514 1525 888 1606 participant,
910 1532 972 1584 ut
995 1541 1188 1603 neque
1217 1523 1430 1585 habeat
1453 1523 1933 1603 imaginationem
1958 1526 2147 1588 solam

2234 1527 2489 1607 ἀμυδρὰν,
2522 1527 2590 1594 ἢν
2640 1528 2707 1583 τὰ
2733 1526 2923 1607 λογικά
2968 1526 3209 1608 ἔχουσιν
3243 1526 3361 1585 οὔτε
3413 1528 3595 1608 λόγον,
3633 1528 3859 1597 δηλονὸτι

509 1615 916 1678 irrationalem
939 1623 998 1675 et
1022 1612 1280 1675 debilem
1308 1613 1466 1674 illam
1492 1613 1741 1675 formam
1765 1634 1941 1693 quam
1971 1616 2147 1678 etiam

2234 1617 2467 1674 διάνοιαν
2523 1620 2612 1673 καὶ
2640 1617 2968 1691 ἐπιστὴμην·
3031 1616 3147 1675 οὔτε
3193 1619 3300 1693 μὴν
3356 1620 3565 1691 νόησιν,
3613 1619 3859 1698 ἐνέργειαν

509 1705 686 1768 bruta
715 1701 979 1778 habent;
1012 1720 1206 1782 neque
1237 1702 1602 1782 opinionem,
1637 1703 1953 1766 obscuram
1984 1706 2147 1767 illam

2238 1709 2377 1776 νοὸς,
2409 1706 2598 1781 μέρους
2645 1708 2942 1782 κρείττονος
2975 1709 3077 1772 τῆς
3125 1712 3335 1787 ψυχῆς.
3374 1710 3519 1763 Μετά
3548 1717 3714 1765 ταῦτα
3741 1709 3858 1766 ἀνά-

508 1795 907 1875 cognitionem
923 1810 1055 1893 quas
1069 1809 1184 1854 non
1209 1792 1613 1895 ratiocinator,
1638 1812 1811 1874 quam
1836 1794 2060 1858 habent
2082 1812 2147 1857 ea

2235 1818 2317 1874 γει
2343 1798 2433 1852 τὸν
2464 1797 2623 1874 λόγον
2654 1798 2727 1861 εἷς
2773 1797 2932 1861 αὖτάς
2965 1798 3170 1874 γοτίνάς
3200 1799 3293 1861 τὰς
3338 1795 3583 1872 ὼνάμεις
3615 1797 3741 1880 δίχα
3771 1805 3858 1855 τῶν

509 1904 640 1966 quas
660 1891 904 1947 utuntur
925 1882 1189 1956 ratiOne;
1213 1899 1409 1963 neque
1440 1881 1755 1957 rationem,
1782 1884 1840 1945 id
1868 1892 1958 1946 est
1979 1890 2147 1964 cogi-

2231 1887 2469 1965 ἒχόντων
2518 1886 2701 1959 αότάς,
2737 1889 2832 1941 καὶ
2884 1884 3028 1963 λέγει
3058 1886 3188 1944 Οὔτε
3233 1886 3395 1964 λόγος
3454 1887 3567 1943 ἐστὶ
3624 1912 3859 1969 προφορι-

504 1978 792 2036 tationem
838 1985 897 2033 et
928 1975 1271 2046 scientiam,
1307 1988 1502 2051 neque
1532 1972 2002 2035 intellectionem
2037 1993 2147 2038 seu

2230 1978 2349 2050 κὸς,
2383 1974 2499 2032 οὔτε
2548 1977 2762 2049 νόησις,
2795 1974 3002 2042 δηλαδὴ
3053 1974 3347 2039 ἐνδιάθετος
3390 1979 3576 2054 λόγος.
3613 1980 3713 2036 Καὶ
3742 1982 3864 2041 αὖθις

509 2063 726 2125 mentis
739 2061 1147 2141 operationem
1159 2079 1312 2140 ,quas
1326 2061 1636 2139 potissima
1660 2080 1796 2141 pars
1808 2062 2145 2127 animaeest.

508 2152 721 2214 Postea
749 2150 980 2212 derivat
1008 2166 1350 2210 sermonem
1383 2149 1455 2211 ad
1490 2150 1649 2230 ipsas
1684 2151 1873 2212 nudas
1903 2158 2148 2215 virtutes

508 2241 639 2302 sine
670 2240 787 2301 illis
814 2244 914 2319 qui
943 2256 1043 2301 eas
1073 2237 1312 2319 habent,
1347 2248 1404 2299 et
1427 2238 1549 2302 ait:
1584 2240 1793 2321 Neque
1829 2259 2027 2304 sermo
2061 2251 2151 2304 est

510 2331 869 2411 prolatitius,
892 2345 1088 2409 neque
1112 2327 1461 2409 intellectio,
1493 2327 1618 2392 sive
1648 2330 1865 2393 locutio
1889 2330 2146 2394 interna.

504 2421 704 2500 Atque
732 2419 951 2482 iterum
984 2419 1180 2480 adhuc
1209 2418 1454 2479 adducit
1482 2417 1801 2494 rationem,
1851 2426 2035 2502 atque
2077 2439 2149 2483 ex

505 2509 601 2571 his
632 2510 823 2572 Deum
856 2508 1083 2583 eximit,
1114 2508 1317 2585 aitque
1351 2529 1366 2567 :
1418 2505 1633 2589 thuid
1664 2509 1791 2570 haec
1826 2527 2096 2572 memoro
2119 2516 2148 2573 ?

507 2597 841 2680 nequeipsa
853 2596 1029 2679 ratio,
1056 2615 1251 2678 neque
1271 2595 1600 2659 intellectio
1624 2598 1777 2659 valet
1796 2600 1986 2661 Deum
2006 2618 2147 2660 con-

505 2690 729 2770 cipere.
779 2690 924 2751 Post
971 2687 1097 2749 haec
1126 2687 1325 2749 omnia
1354 2693 1663 2748 enumerat
1690 2704 1822 2767 quas
1865 2689 1926 2748 in
1972 2686 2146 2750 nobis

505 2777 801 2851 videntur,
847 2777 954 2838 sed
986 2785 1124 2837 sunt
1152 2776 1530 2857 incorporea,
1573 2784 1750 2856 atque
1781 2776 1931 2837 adeo
1961 2777 2142 2837 intel-

507 2866 757 2938 lectilia,
793 2868 1079 2928 hactenus
1112 2877 1306 2926 tamen
1361 2865 1416 2925 in
1465 2865 1752 2944 subjectis
1800 2874 2143 2945 conspecta.

2234 2065 2308 2120 ἔτι
2356 2066 2537 2142 ἀνάγει
2581 2069 2672 2120 τὸν
2722 2064 2901 2144 λόγον,
2935 2066 3022 2120 καὶ
3075 2068 3246 2123 αὐτῶν
3280 2065 3565 2144 ἐξαιρεῖται
3607 2070 3669 2122 τὸ
3701 2076 3861 2139 Θεῖον,

2231 2156 2319 2211 καὶ
2361 2153 2528 2231 λέγει’
2563 2154 2623 2211 Τί
2664 2152 2807 2231 λέγω
2838 2157 3001 2211 ταῦτα
3038 2173 3055 2227 ;
3107 2153 3223 2211 οὔτε
3256 2156 3408 2216 αὒτὸς
3441 2159 3468 2211 ὁ
3513 2155 3676 2232 λόγος
3706 2160 3787 2214 καὶ
3836 2160 3864 2224 ἦ

2233 2247 2415 2310 νόησις
2442 2242 2709 2323 ἐφικνεται
2771 2246 2842 2308 εἰς
2873 2245 2935 2299 τὸ
2972 2251 3131 2301 Θετον
3160 2241 3511 2308 καταλαϐεῖν,
3544 2249 3695 2303 Μετὰ
3723 2254 3866 2304 ταῦτα

2232 2333 2539 2411 ἀριθμεῖται
2594 2332 2770 2389 πάντα
2792 2334 2859 2388 τὰ
2887 2332 2942 2387 ἐν
2977 2333 3108 2408 ἣμῖν
3141 2335 3240 2407 μὲν
3270 2334 3587 2412 φαινόμενα,
3622 2336 3866 2412 ἀσώματα

2231 2421 2308 2503 δὲ,
2366 2425 2453 2479 καὶ
2506 2421 2590 2479 διὰ
2643 2430 2801 2481 τοῦτο
2856 2425 3046 2497 νοητὰ,
3095 2424 3226 2489 τέως
3284 2424 3340 2480 δὲ
3396 2424 3452 2479 ἐν
3506 2427 3865 2502 ὑποκειμένοις

2230 2514 2584 2593 θεωρούμενα.
2621 2514 2804 2581 Nomii
2849 2511 2901 2569 δὲ
2956 2514 3135 2587 ἑπαφή
3180 2515 3324 2571 ἐστιν
3353 2517 3388 2583 ἡ
3418 2524 3511 2572 τοῦ
3553 2518 3680 2579 νοὸς
3731 2522 3864 2594 γνὼ-

2231 2625 2334 2667 σις.
2371 2608 2471 2667 Ὠς
2514 2604 2615 2681 γάρ
2645 2603 2823 2682 ἐπαφὴ
2876 2604 3100 2673 αἰσθητή
3145 2604 3290 2660 ἐστιν
3343 2606 3379 2672 ἡ
3436 2606 3716 2672 αἴσθησις·
3757 2609 3865 2664 τότε

2227 2694 2326 2770 γὰρ
2384 2694 2753 2767 αἰσθανόμεθα,
2791 2692 2872 2749 ὅτ’
2932 2693 3112 2773 ἐπαφὴ
3157 2696 3262 2749 τῶν
3320 2696 3585 2761 αἰσθητῶν
3627 2710 3744 2760 τοῖς
3788 2699 3865 2752 αἱ-

2227 2785 2566 2855 σθανομενοις
2617 2783 2652 2849 ἢ
2685 2784 2752 2858 τῇ
2797 2785 3036 2852 αἰσθήσει
3086 2783 3314 2860 γίνεται,
3344 2785 3431 2840 καὶ
3487 2786 3751 2861 μακρόθεν
3778 2788 3866 2862 γὰρ

2231 2879 2320 2928 τεῦ
2378 2874 2537 2947 πυρὸς
2596 2873 2907 2947 καθημένων
2958 2872 3320 2950 ἣμῶν,εἴπερ
3378 2873 3540 2948 μόνον
3589 2878 3865 2953 θερμαινό-

509 2958 874 3019 l'ntellectilis
906 2975 1080 3036 porro
1113 2966 1321 3030 tactus,
1347 2966 1433 3017 est
1461 2957 1675 3016 mentis
1706 2956 1982 3033 cognitio.
2012 2953 2145 3017 Sic-

2231 2964 2385 3033 μεθι,
2438 2961 2615 3038 ἐπαφὴ
2661 2961 2872 3038 λέγεται
2927 2963 3096 3019 εἶναι’
3141 2965 3228 3019 καὶ
3278 2962 3363 3019 ἐπὶ
3412 2968 3508 3030 τῆς
3570 2966 3868 3043 ὃσφρτίσεως

504 3055 573 3108 ut
595 3047 752 3107 enim
779 3057 966 3109 tactus
986 3045 1245 3117 sensilis,
1266 3055 1357 3106 est
1383 3044 1671 3119 sensatio,
1697 3045 1837 3124 quia
1860 3053 2000 3106 tunc
2018 3063 2147 3107 sen-

2230 3052 2317 3105 καὶ
2348 3050 2431 3105 ἐπὶ
2475 3052 2580 3106 τῶν
2638 3050 2814 3107 ἄλλων
2844 3059 2999 3108 τοῦτο
3058 3049 3355 3126 συμϐαίνεϋ
3390 3051 3507 3107 οῦδὲ
3539 3054 3642 3130 γὰρ
3695 3053 3870 3119 ἁπλῶς

512 3141 712 3215 timus,
740 3134 976 3217 quando
1005 3143 1193 3197 tactus
1214 3133 1523 3225 sensilium
1545 3151 1579 3225 a
1599 3132 1994 3225 sentientibus
2016 3135 2147 3225 sive

2230 3141 2266 3206 ἡ
2310 3138 2489 3218 ἐπαφῆ
2522 3141 2805 3214 σωματικὴ
2837 3141 3036 3217 γίνεται
3070 3142 3124 3196 ἐν
3167 3148 3243 3216 τῷ
3272 3143 3339 3197 τά
3392 3141 3615 3215 σώματα
3662 3146 3874 3225 συνεχίο

508 3242 687 3286 sensu
721 3225 1085 3305 percipitur;
1143 3222 1438 3303 siquidem
1489 3224 1665 3284 etiam
1711 3222 1882 3284 nobis
1913 3224 2147 3285 eminus

2233 3232 2432 3303 ζεσθαι,
2470 3227 2587 3284 ἀλλ’
2619 3229 2674 3285 ἰν
2704 3236 2780 3303 τῷ
2810 3232 2907 3296 τὴν
2962 3233 3212 3297 αἰσθησιν
3243 3227 3595 3309 προσϐάλλειν
3624 3234 3749 3299 τοῖς
3788 3222 3872 3290 αἰ-

506 3313 630 3394 igni
660 3313 1092 3390 assidentibus,
1130 3313 1453 3375 dummodo
1495 3312 1866 3389 caleﬁamus,
1905 3314 2145 3391 quidam

2233 3323 2477 3385 σθητοϊς,
2531 3320 2623 3381 Ὦς
2657 3326 2781 3397 γοῦν
2815 3319 2951 3376 οὕτω
3005 3328 3172 3377 ταῦτα
3202 3321 3290 3377 ἐπὶ
3319 3327 3419 3388 τῆς
3450 3324 3713 3390 αἰσθητῆς
3742 3325 3873 3382 ἑπα-

510 3412 817 3467 contactus
837 3405 1057 3466 dicitur
1073 3403 1350 3465 existere.
1379 3404 1451 3465 Et
1484 3402 1542 3463 in
1562 3403 1778 3465 olfactu
1795 3404 2147 3483 casterisque

2232 3409 2361 3489 φῆς,
2392 3408 2529 3465 οὕτω
2558 3411 2664 3465 νόει
2695 3411 2782 3466 καὶ
2812 3410 2896 3466 ἐπὶ
2926 3412 3026 3476 τῆς
3057 3415 3256 3479 νοητης
3307 3410 3545 3490 ἐπαφῆς,
3577 3413 3751 3491 ἢγουν
3779 3421 3873 3483 τῆς

503 3495 680 3556 etiam
709 3495 868 3559 idem
899 3495 1143 3568 accidit;
1178 3512 1371 3573 neque
1394 3494 1554 3555 enim
1580 3492 1932 3573 simpliciter
1947 3505 2147 3556 conta-

2233 3499 2505 3576 γνώσεως,
2558 3500 2686 3557 Οὔτε
2737 3500 2792 3555 δὲ
2837 3499 3059 3570 ἀλήθειά
3110 3500 3276 3580 ἐστιν,
3310 3500 3427 3557 οὕτε
3478 3505 3659 3584 σοφία,
3711 3506 3873 3563 καίτοι

503 3596 637 3648 ctus
658 3601 980 3665 corporeus
1006 3585 1067 3645 lit
1096 3583 1240 3644 dum
1266 3601 1518 3664 corpora
1545 3582 2009 3663 conjunguntur,
2040 3581 2147 3645 sed

2230 3610 2291 3667 γε
2346 3597 2439 3647 τοῦ
2487 3592 2668 3667 Κυρίου
2718 3588 2989 3667 λέγοντος·
3041 3590 3181 3668 Ἐγώ
3218 3592 3328 3665 εἰμι
3383 3593 3418 3659 ἡ
3479 3581 3731 3662 ἀλῆθειν
3790 3596 3873 3653 καὶ

505 3672 646 3737 dum
682 3675 740 3735 in
764 3674 1084 3736 sensilibus
1109 3672 1817 3735 excitantsensationcm.
1853 3672 2019 3735 Sicut
2040 3673 2147 3735 ita-

2230 3680 2319 3735 τοῦ
2371 3678 2510 3735 θείου
2583 3677 2885 3738 ἀποστόλου
2942 3676 3167 3738 Παύλου⁹
3241 3681 3467 3756 Χριστὸς
3525 3688 3660 3741 Θεοῦ
3716 3682 3872 3740 δόνα-

502 3782 622 3841 que
653 3767 799 3836 haec,
827 3765 1092 3845 inquam,
1121 3780 1185 3824 se
1204 3762 1349 3853 582
1373 3762 1605 3853 habent
1622 3761 1684 3823 in
1717 3770 1876 3824 tactu
1908 3763 2139 3853 sensili,

2230 3789 2341 3844 μις,
2376 3770 2462 3824 καὶ
2521 3775 2653 3826 Θεοῦ
2683 3769 2863 3847 σοφία·
2915 3769 2995 3825 ὃτι
3046 3768 3401 3837 αὑτοαλήθεια
3450 3772 3540 3828 καὶ
3587 3774 3870 3853 αῦτοσοφία

502 3854 589 3943 sic
601 3854 778 3915 etiam
803 3853 993 3933 cogita
1013 3854 1073 3916 in
1100 3860 1255 3915 tactu
1278 3851 1611 3914 intellectili
1632 3852 1755 3943 sive
1777 3851 2138 3943 cognitione.

2230 3858 2361 3936 ὶστὶ,
2406 3858 2495 3913 καὶ
2545 3858 2675 3935 ὑπὲρ
2731 3859 2829 3926 τὴν
2876 3857 3142 3937 ἡμετέραν
3202 3858 3457 3930 ἀλήθειαν
3514 3863 3602 3917 καὶ
3661 3851 3865 3943 σοφίαν.

501 3941 708 4025 Neque
744 3962 886 4006 vero
922 3943 1143 4005 veritas
1173 3949 1283 4023 est,
1323 3960 1519 4023 neque
1551 3942 1869 4022 sapientia,
1909 3942 2143 4003 tametsi

2253 3956 2264 3967 ν
2309 3949 2322 3967 ς
2377 3943 2403 3963 ν
2527 3968 2546 3980 ⁸
2630 3947 2652 3965 n
2778 3949 2795 3983 ἀ
2839 3947 2855 3965 τ
2980 3957 3003 3966 .,
3241 3953 3252 3963 α
3340 3950 3355 3967 ν
3407 3950 3418 3965 ι
3692 3954 3705 3972 ι
3744 3941 3753 3943 ⁷

2230 3956 2327 4003 kat
2371 3945 2569 4020 αλλωη
2627 3969 2709 4004 οτι
2748 3945 2863 4003 ωδε
2914 3968 3074 4007 ταυτα
3125 3955 3255 4004 Θεου
3304 3971 3482 4006 ουσιαν
3527 3972 3863 4026 σημαινουσι.

502 4034 794 4097 Dominus
816 4033 1000 4096 dicat:
1030 4033 1160 4113 Ego
1182 4050 1316 4094 sum
1336 4034 1562 4095 veritas
1582 4026 1631 4107 ῖς
1658 4042 1718 4094 et
1738 4031 1906 4093 divus
1932 4031 2144 4095 Paulus

2230 4039 2299 4095 Τὸ
2341 4034 2397 4092 δὲ
2429 4036 2483 4093 ἓν
2532 4037 2621 4094 καὶ
2662 4039 2696 4104 ἡ
2755 4036 2942 4104 ἑνότης
2987 4036 3241 4107 ἀλλήλων
3291 4035 3613 4119 διαφέρουσι’
3669 4044 3734 4099 τὸ
3774 4043 3866 4118 μὲν

501 4123 837 4204 apostolus:
864 4121 1146 4186 Christus
1176 4122 1285 4185 Dei
1313 4124 1597 4197 virtus,et
1633 4121 1747 4185 Dei
1766 4122 2146 4202 sapientiae,-

2230 4129 2329 4205 γὰρ
2376 4129 2429 4185 ἓν
2462 4125 2625 4193 δηλοῖ
2661 4129 2725 4183 τὸ
2772 4126 3152 4203 ὅποιιείμενον,
3181 4127 3219 4194 ἡ
3264 4126 3319 4184 δὲ
3350 4129 3538 4197 ἑνότης
3570 4130 3742 4199 αὐτὴν
3781 4135 3875 4201 τὴν

503 4214 642 4294 quia
661 4215 788 4296 ipsa
809 4231 915 4295 per
942 4231 1008 4277 se
1030 4218 1268 4293 veritas,
1302 4220 1361 4275 et
1391 4230 1497 4293 per
1520 4230 1585 4274 se
1616 4211 1912 4292 sapientia
1941 4219 2054 4292 est,
2089 4220 2147 4274 et

2230 4218 2514 4284 ποιότητα·
2576 4216 2761 4294 ὥσπερ
2817 4214 3006 4273 λευκὸν
3062 4219 3150 4273 καὶ
3202 4216 3489 4299 λευκότης,
3536 4219 3740 4297 ἀγαθὸν
3793 4225 3875 4279 καὶ

501 4321 683 4385 supra
730 4312 995 4366 nostram
1045 4304 1357 4365 veritatem
1417 4310 1478 4363 et
1529 4301 1905 4381 sapientiam.
1957 4300 2147 4363 Aliter

2230 4304 2520 4383 ἄγαθότης⁹
2583 4306 2714 4364 Οὔτε
2775 4304 2831 4362 δὲ
2892 4308 2924 4374 ἦ
2972 4307 3162 4374 θεότης
3220 4308 3369 4364 οὐσία
3426 4307 3545 4365 ἒστῖ
3587 4318 3683 4368 τοῦ
3725 4319 3872 4385 Θεοῦ,

501 4400 703 4467 etiam,
738 4392 876 4473 quia
903 4412 1012 4454 nec
1048 4394 1175 4455 hazc
1211 4391 1316 4455 Dei
1354 4390 1748 4452 substantiam
1783 4388 2141 4469 signiﬁcant.

2230 4395 2404 4471 ὥσπερ
2437 4394 2554 4453 οὐδὲ
2586 4397 2619 4463 ἡ
2666 4395 2960 4472 ἀγαθότης·
3009 4396 3127 4455 οῦδὲ
3172 4398 3386 4475 πνεῦμά
3427 4398 3562 4473 ἐστι,
3593 4402 3767 4459 καίτοι
3821 4422 3876 4476 γε

500 4480 695 4545 Unum
716 4489 915 4543 autem
939 4492 996 4543 et
1018 4482 1214 4543 unitas
1234 4481 1309 4542 ab
1332 4479 1584 4542 invicem
1611 4480 1927 4554 diﬂ'erunt;
1960 4480 2144 4559 siqui-

2230 4485 2281 4541 ἐν
2324 4498 2440 4551 τοῖς
2468 4488 2628 4548 θείοις
2685 4486 3028 4564 Εὔαγγελίοις
3064 4487 3360 4569 ἀκούομεν,
3395 4495 3607 4564 Πνεῦμα
3638 4492 3669 4547 ὁ
3725 4491 3876 4555 Θεός⁶

500 4572 637 4636 dem
669 4590 850 4633 unum
880 4570 1174 4652 signiﬁcat
1220 4569 1582 4651 subjectum,
1630 4569 1822 4631 unitas
1867 4587 2004 4631 vero
2046 4570 2139 4650 ip-

2230 4576 2313 4630 καὶ
2374 4572 2556 4649 πάλιν,
2591 4575 2661 4633 Τὸ
2723 4580 2939 4650 Πνεῦμα
2996 4582 3097 4644 τῆς
3145 4576 3419 4644 ἀληθείας·
3468 4577 3590 4635 ἀλλ’
3633 4580 3708 4642 ὡς
3736 4583 3872 4654 ἡμᾶς

504 4671 756 4725 sammet
778 4660 1117 4743 qualitatem
1138 4682 1155 4737 ;
1180 4662 1335 4723 sicut
1355 4660 1553 4722 album
1580 4667 1639 4722 et
1657 4659 1895 4735 albedo,
1919 4659 2141 4722 bonum

2230 4663 2417 4721 εἰδέναι
2476 4666 2607 4745 φησί
2636 4666 2702 4721 τὰ
2757 4668 3119 4746 μακαριστιοιά
3151 4669 3240 4724 καὶ
3298 4669 3589 4744 ἀγιαστικὶι
3644 4670 3872 4744 ὀνόματα

499 4755 834 4816 etbonitas.
853 4749 1063 4833 Neque
1083 4768 1223 4813 vero
1239 4749 1520 4812 divinitas
1543 4749 1872 4838 substantia
1893 4759 1986 4813 est
2007 4747 2140 4825 Dei,

2230 4758 2332 4810 τῶν
2379 4760 2478 4827 τῇς
2521 4755 2675 4833 ἁγίας
2725 4755 2941 4832 Τριαδος
2988 4758 3355 4814 ὁποστάσεων·
3416 4764 3571 4816 τοῦτο
3612 4760 3714 4838 γὰρ
3748 4755 3871 4814 λαϐὲ

498 4842 1000 4922 quemadmodum
1023 4859 1220 4923 neque
1250 4838 1516 4909 bonitas;
1541 4857 1733 4920 neque
1756 4837 2000 4919 spiritus
2029 4847 2139 4914 est,

2230 4845 2315 4900 καὶ
2364 4843 2583 4901 ἐνταῦθα
2610 4847 2699 4901 καὶ
2755 4845 2848 4902 ἐπὶ
2901 4847 3079 4914 πάσης
3118 4847 3439 4926 ἀποφάσεως
3496 4850 3559 4905 τὸ
3612 4850 3688 4913 ὡς
3728 4850 3868 4923 ἡμᾶς

500 4933 735 4994 tametsi
766 4935 825 4994 in
857 4932 1074 4993 divinis
1104 4929 1443 5007 Evangeliis
1473 4929 1783 4993 audiamus
1823 4949 1836 4992 :
1867 4929 2144 5010 Spiritus

2230 4930 2440 5013 είδέναι,
2471 4932 2635 5011 ἤγουν
2684 4935 2823 4991 κατά
2868 4937 2968 5003 τὴν
3011 4936 3278 5016 τ’ίμετέραν
3326 4934 3569 5013 δύναμιν
3616 4937 3690 4996 Οὔ
3738 4937 3863 5015 μέν·

500 5029 583 5081 est
614 5021 773 5083 Deus
794 5018 852 5097 h;
878 5029 936 5082 et
958 5038 1221 5084 rursum:
1246 5019 1530 5101 Spiritus
1547 5019 1845 5095 veritatis;
1858 5021 1962 5080 sed
1984 5020 2144 5084 sicut

2230 5044 2304 5080 τοι
2358 5044 2418 5101 γε
2471 5025 2618 5082 οὐσία
2658 5026 2725 5082 τά
2761 5025 3179 5103 ἀπηριθμημένα
3226 5033 3383 5107 Θεοῦ,
3424 5029 3460 5096 ἡ
3512 5027 3862 5108 ἀγαθοτηςιῆ

501 5128 610 5171 nos
640 5109 796 5172 scire
818 5108 900 5170 ait
920 5110 1094 5172 beata
1120 5110 1217 5172 illa
1240 5118 1562 5191 sanctaque
1588 5108 1832 5170 nomina
1856 5127 2141 5189 persona-

2230 5112 2435 5192 θεότης,
2493 5112 2589 5169 καί
2624 5114 2690 5170 τὰ
2748 5110 2934 5195 λοιπὰ,
2968 5114 3107 5171 ἀλλά
3160 5114 3284 5181 δόξα
3338 5118 3456 5193 περὶ
3497 5116 3653 5173 αὐτὸν
3704 5116 3857 5173 ἐστιν.

500 5217 633 5261 rum
679 5198 1071 5261 sanctissima:
1112 5199 1455 5277 Trinitatis;
1487 5200 1602 5261 hoc
1635 5198 1797 5260 enim
1831 5198 1927 5259 hic
1959 5200 2134 5261 etiam

2230 5198 2375 5259 Οὕτω
2406 5203 2494 5258 καὶ
2525 5205 2552 5259 δ
2581 5202 2833 5281 θεολόγος
2878 5205 3168 5283 Γρηγόριος
3226 5205 3283 5261 ἐν
3312 5212 3389 5280 τῷ
3416 5205 3576 5284 τρίτῳ
3617 5211 3727 5262 τῶν
3767 5206 3859 5261 αῦ-

499 5290 728 5372 accipe,
768 5297 825 5351 et
853 5294 913 5349 in
948 5289 1110 5350 omni
1144 5290 1484 5370 negatione,
1522 5296 1695 5368 prout
1723 5287 2000 5350 videlicet
2032 5308 2141 5351 nos

2230 5298 2315 5348 τοῦ
2367 5289 2700 5370 Θεολογικῶν
2730 5291 2905 5371 λόγων
2948 5291 3117 5371 λέγει,
3150 5297 3222 5355 ὡς
3282 5294 3399 5351 οὔτε
3427 5296 3462 5361 ἡ
3505 5298 3717 5369 θεοτης,
3752 5293 3858 5350 οὔτε

496 5379 907 5461 intelligimus,
942 5379 1071 5439 sive
1103 5378 1434 5440 secundum
1468 5385 1728 5441 nostram
1763 5377 2142 5457 intelligendi

2230 5381 2286 5436 τὸ
2316 5380 2629 5459 ἀγέννητον,
2664 5381 2780 5438 οὔτε
2821 5381 2856 5449 ἡ
2886 5383 3157 5461 πατρότης
3198 5384 3379 5441 οὐσίαν
3408 5385 3659 5460 σημαίνει
3710 5385 3857 5440 Θεοῦ.

497 5468 859 5534 facultatem.
879 5468 1011 5534 Non
1021 5467 1184 5531 enim
1201 5485 1272 5531 ea
1282 5468 1408 5549 jam
1432 5475 1780 5532 enumerata
1798 5477 1865 5532 ut
1885 5466 2140 5547 bonitas,

2230 5470 2317 5538 Μὴ
2350 5471 2656 5548 ταραττέτω
2683 5468 2739 5527 δέ
2788 5490 2847 5526 σε
2878 5472 2962 5528 τὸ·
3003 5470 3135 5531 Οὔτε
3165 5472 3194 5530 ὃ
3223 5474 3357 5537 Θεὸς
3412 5471 3526 5531 οἶδε
3573 5474 3641 5533 τὰ
3679 5473 3802 5531 ὄντα
3825 5472 3863 5549 ᾗ

577 5648 603 5697 ι
627 5646 801 5715 Joan.
834 5666 956 5727 τιν,
987 5650 1050 5712 6.
1134 5659 1165 5705 σ
1190 5644 1218 5709 l
1241 5646 1382 5714 Cor.
1412 5661 1457 5727 ι,
1487 5644 1593 5715 24.
1676 5646 1708 5692 ιι
1730 5644 1903 5711 Joau.
1927 5661 2009 5729 tv,
2055 5643 2159 5711 24.
