4086 6154
266 352 408 425 1061
740 354 840 423 DE
880 354 1217 421 MYSTICA
1261 354 1726 436 THEOLOGIA,
1771 350 1933 417 CAP.
1982 350 2060 416 V.
2096 381 2173 400 -ι
2215 348 2601 415 PARAPHR.
2649 346 3164 415 PACHYMERJE.
3490 347 3645 415 1062

257 498 383 553 ὂντα
410 496 510 552 εἰσί
542 510 556 524 ·
590 493 789 558 σκόπὸς
821 494 920 571 γὰρ
948 501 1024 567 τῷ
1052 493 1184 571 ἁγίῳ
1238 490 1404 557 δεῖξαι
1436 493 1526 548 τὸν
1571 492 1701 548 Θεὸν
1733 486 1899 565 μηδὲν

1985 483 2285 560 divinitas,
2319 494 2377 547 et
2426 482 2993 559 uetera,substantia
3024 492 3167 547 sunt
3200 485 3326 555 Dei,
3360 484 3464 546 sed
3495 484 3630 564 glo-

257 588 395 656 μήτε
438 586 541 641 τῶν
567 582 756 663 ὄντων,
798 606 933 663 μητ,
967 584 1074 657 μὴν
1097 583 1203 638 τῶν
1234 584 1328 638 οὒκ
1350 580 1516 637 ὅντῶν
1534 581 1681 639 ὅντα.
1717 583 1787 638 Τὸ
1818 578 1895 655 δὲ,

1985 579 2069 636 ria
2088 575 2245 636 circa
2273 574 2491 655 ipsum.
2526 575 2624 636 Sic
2654 574 2833 636 etiam
2869 572 3191 655 Gregorius
3213 574 3525 655 theologus
3553 575 3633 636 li—

258 673 436 742 Μηδὲν
483 678 588 730 τῶν
619 677 715 731 οὐκ
755 671 945 745 ὅντων,
996 668 1356 748 ὑπερϐολικῶς
1400 670 1622 748 τέθεικε·
1656 669 1773 726 τίνα
1800 670 1899 747 γὰρ

258 767 358 823 εἶσι
388 765 453 821 τὰ
482 764 559 836 μὴ
620 762 767 834 ὅντα,
819 763 893 826 ὡς
925 760 986 818 ἅν
1030 761 1299 840 εἴποιμεν,
1334 758 1413 816 ὅτι
1458 759 1553 816 οὒκ
1583 758 1692 816 ἔστι
1721 782 1772 815 τι
1800 765 1901 815 τῶν

258 856 337 928 μὴ
383 854 571 925 ὄντων,
611 851 749 907 ἀλλὰ
781 849 925 907 οὐδὲν
980 857 1087 907 τῶν
1115 848 1282 906 ὅντων
1327 848 1517 914 οὸτωςο
1550 848 1651 916 ὅτι,
1690 850 1804 905 ἐπεὶ
1837 848 1901 905 τὰ
1930 920 1937 925 ‘

256 946 431 1001 πάντα
479 944 784 1020 παρήγαγε,
845 947 954 1006 πῶς
1011 938 1130 1019 ἔχει
1185 940 1455 1018 ενόρεθῆναι
1514 938 1568 995 ἕν
1601 960 1648 995 τι
1678 945 1785 995 τῶν
1817 937 1903 994 ὅν-

255 1055 364 1090 των
401 1033 574 1109 ςΔέγε
631 1033 823 1104 τοίνυν,
884 1030 963 1087 ὅτι
1023 1028 1138 1087 οὒδὲ
1198 1031 1261 1087 τὰ
1316 1028 1443 1086 ὅντα
1500 1029 1750 1108 γινώσκει
1808 1031 1899 1084 τὸν

256 1124 473 1180 πάντων
532 1120 707 1178 αἴτιον
760 1122 912 1177 Θεὸν⁶
998 1119 1133 1176 ἀλλὰ
1187 1118 1402 1198 ταχέως
1455 1123 1581 1178 αὐτὸ
1636 1119 1899 1197 ἐσαφήνι-

258 1234 374 1285 σεν,
433 1212 619 1269 εἰπών’
651 1199 714 1281 ΊΓῌ
772 1210 926 1270 αὐτὸς
960 1210 1095 1282 ἐστι,
1129 1210 1421 1280 τοῦτέστιν,
1456 1207 1617 1265 Οὒῖὲν
1646 1216 1751 1265 τῶν
1802 1208 1896 1262 ὅν-

257 1323 361 1358 των
391 1304 637 1380 γινώσκει
669 1302 799 1356 Θεὸν
828 1299 954 1357 καθό
984 1299 1149 1378 ἐστιν,
1194 1299 1307 1356 ἀντὶ
1337 1308 1427 1356 τοῦ
1458 1301 1554 1368 τὴν
1583 1300 1897 1366 ἀνεννόητον

257 1393 344 1448 καὶ
395 1391 703 1470 ὑπερούσιον
762 1391 918 1447 αὐτοῦ
974 1391 1151 1445 οὒσίαν
1219 1391 1306 1446 καὶ
1360 1387 1576 1469 ὕπαρξιν
1610 1408 1626 1424 ⁸
1683 1389 1895 1463 εἴρηται

258 1483 378 1559 γὰρ’
457 1479 648 1543 Οόδεκις
694 1481 942 1558 γινώσκει
1013 1480 1103 1535 τὸν
1171 1481 1309 1552 ι’ἱὸν,
1390 1482 1434 1537 εἰ
1484 1480 1561 1554 μὴ
1618 1481 1646 1535 6
1689 1480 1898 1558 Πατὴρ,

258 1574 341 1626 καὶ
385 1572 477 1627 τὸν
527 1569 755 1647 Πατέρα,
799 1571 842 1626 εἰ
900 1571 976 1645 μὴ
1029 1572 1056 1624 ὁ
1113 1571 1260 1633 Υἱὸς.
1330 1572 1425 1627 Καὶ
1453 1572 1514 1626 ὲκ
1544 1577 1634 1625 τοῦ
1665 1569 1900 1625 ἐναντίου

257 1659 442 1736 ἐπάγει
474 1661 501 1715 6
531 1660 712 1738 Πατὴρ
741 1667 916 1732 οὗτος,
951 1659 1039 1714 καὶ
1068 1680 1252 1737 φησιν,
1309 1658 1485 1722 Οὒδεὶς
1529 1658 1777 1737 γινώσκει
1810 1660 1899 1714 τὸν

259 1751 389 1805 Θεὸν
419 1748 640 1828 ῇέστιν,
692 1747 808 1806 οὔδε
865 1749 1022 1811 αὒτὸς
1054 1750 1081 1803 6
1133 1749 1262 1813 Θεὸς
1317 1750 1567 1826 γινώσκει
1612 1749 1677 1805 τᾶι
1708 1746 1831 1803 ὄντα
1866 1748 1901 1815 ἦ

1983 663 2090 726 bro
2136 663 2309 725 tertio
2348 663 2675 744 Theotogiae
2706 682 2832 725 sua;
2860 664 3197 746 dixit,quod
3224 682 3421 746 neque
3450 663 3632 726 divini

1984 771 2180 835 neque
2238 753 2569 833 ingenitum
2628 771 2826 834 neque
2875 753 3198 833 paternitas
3242 753 3633 816 substantiam

1984 843 2092 906 Dei
2147 843 2506 922 signiticent.
2567 841 2775 924 Neque
2822 851 2882 906 te
2926 844 3041 907 hoc
3085 851 3316 905 moveat
3366 843 3634 907 turbetve

1985 934 2142 1016 quod
2159 933 2316 996 dicat
2341 936 2528 996 Deum
2554 952 2673 994 non
2689 952 2864 995 nosse
2886 934 3158 995 entitates
3180 942 3477 1009 quatenus
3497 942 3635 996 sunt

1985 1024 2313 1099 entitates;
2362 1024 2723 1103 propositum
2770 1022 2929 1085 enim
2974 1031 3068 1085 est
3110 1022 3249 1085 huic
3278 1031 3483 1086 sancto
3533 1024 3639 1087 de-

1987 1125 2344 1189 monstrare,
2379 1114 2566 1177 Deum
2603 1116 2750 1177 nihil
2783 1134 2916 1177 esse
2947 1133 3154 1177 eorum
3186 1134 3322 1192 quae
3348 1123 3631 1197 sunt,ne-

1983 1224 2100 1286 que
2119 1213 2321 1267 tamen
2352 1204 2677 1286 quidquam
2707 1223 2839 1268 esse
2872 1223 3077 1267 eorum
3094 1223 3226 1286 qua;
3248 1223 3365 1267 non
3386 1213 3545 1269 sunt.
3565 1206 3632 1268 Id

1982 1303 2201 1357 autem.
2222 1293 2425 1375 Neque
2455 1312 2660 1355 eorum
2692 1313 2823 1376 quae
2853 1313 2971 1356 non
3001 1304 3160 1370 sunt,
3187 1313 3294 1376 per
3322 1313 3633 1357 excessum

1985 1384 2221 1466 posuit;
2252 1384 2522 1465 quasdam
2555 1384 2715 1446 enim
2748 1394 2885 1446 sunt
2916 1402 3034 1445 non
3058 1386 3216 1447 entia
3250 1404 3269 1465 ;
3301 1403 3369 1450 ac
3398 1384 3447 1445 si
3475 1384 3635 1448 dice-

1984 1474 2375 1555 remus,quod
2391 1493 2508 1535 non
2536 1474 2615 1535 sit
2643 1473 2870 1555 aliquid
2901 1492 3108 1536 eorum
3154 1492 3287 1555 qua;
3332 1492 3449 1536 non
3472 1482 3631 1557 sunt,

1984 1563 2184 1625 ethoc
2218 1562 2394 1625 modo
2423 1563 2502 1624 sit
2524 1564 2674 1625 nihil
2728 1581 2935 1625 eorum
2968 1582 3103 1645 quae
3132 1573 3297 1641 sunt;
3328 1564 3552 1626 etenim
3581 1565 3634 1626 si

1983 1654 2112 1733 ipse
2141 1653 2342 1715 omnia
2372 1652 2670 1732 produxit,
2694 1652 2996 1732 quomodo
3030 1660 3226 1735 potest
3252 1672 3387 1716 esse
3409 1653 3634 1735 aliquid

1984 1761 2189 1805 eorum
2222 1761 2355 1823 qum
2384 1749 2569 1805 sunt?
2600 1741 2754 1804 Dicit
2794 1742 3017 1822 itaque,
3043 1742 3202 1823 quod
3236 1761 3348 1806 nec
3399 1761 3469 1806 ea
3501 1761 3634 1825 qua:

256 1838 381 1895 ὅντα
412 1839 542 1895 ἐστί’
590 1840 875 1911 τουτέστιν,
914 1841 1008 1896 οὐκ
1036 1836 1179 1894 οἶδεν
1223 1836 1525 1895 ἐπιϐάλλειν
1578 1850 1697 1902 τοῖς
1746 1840 1899 1904 αίσθη

1985 1843 2145 1906 sunt,
2169 1845 2531 1914 cognoscant
2561 1837 2749 1898 Deum
2791 1853 3038 1898 causam
3068 1835 3337 1897 omnium
3375 1857 3391 1917 ;
3426 1853 3634 1899 verum

255 1942 372 1984 τοῖς
417 1931 677 1994 αἰσθητῶς
710 1928 744 1995 ἢ
803 1928 929 1990 ταῖς
976 1927 1197 2006 οὐσίαις,
1230 1930 1301 1991 ὡς
1347 1928 1544 1991 οὖσίαις
1580 1944 1593 1957 ⁶
1641 1928 1902 1985 ἀνοίκειον

1986 1926 2184 1986 statim
2218 1925 2375 1988 idem
2400 1925 2910 2005 exposuit,dicens
2958 1946 2972 1989 :
3004 1923 3313 1999 Quatenus
3336 1924 3474 2003 ipse
3518 1932 3638 1998 est;

257 2019 356 2095 γὰρ
386 2024 540 2074 τοῦτο
575 2025 728 2080 Θεοῦ.
763 2019 823 2074 Οἱ
875 2031 976 2095 γαρ
1023 2014 1286 2095 ἅνθρωποι
1348 2019 1415 2073 τὰ
1463 2017 1562 2092 μὲν
1620 2017 1838 2084 αἶσθῆτὰ
1866 2017 1901 2084 ἢ

1985 2014 2142 2093 quod
2165 2015 2413 2093 perinde
2454 2023 2543 2076 est
2571 2033 2641 2077 ac.
2669 2014 2723 2077 si
2750 2014 3023 2077 dicatur:
3052 2013 3215 2077 Nihil
3247 2032 3321 2079 ex
3379 2015 3456 2078 iis
3505 2033 3639 2097 quae

258 2104 342 2162 διὰ
362 2106 506 2180 θέας,
540 2106 576 2174 ἢ
606 2105 679 2163 δι’
710 2109 871 2186 ἁφῆς,
903 2104 938 2172 ἥ
995 2104 1079 2161 διὰ
1109 2107 1340 2185 γεύσεως
1390 2108 1610 2181 νοοῦμεν
1644 2107 1694 2161 τί
1747 2107 1844 2161 εἰσι
1885 2122 1897 2136 ’

1985 2113 2147 2178 sunt,
2169 2107 2471 2184 cognoscit
2491 2104 2681 2166 Deum
2704 2112 3000 2181 quatenus
3025 2112 3138 2180 est,
3169 2104 3229 2166 id
3254 2113 3344 2167 est
3363 2105 3638 2168 substan-

257 2197 326 2251 τὰ
355 2195 410 2250 δὲ
441 2198 606 2262 νοητὰ
651 2198 756 2252 ἀπὸ
806 2196 1110 2270 μαθήσεως,
1152 2197 1187 2265 ἢ
1219 2194 1580 2273 διδασκαλίας,
1626 2194 1662 2262 ἤ
1694 2194 1900 2270 ἐλλάμ-

1985 2196 2127 2255 tiam
2159 2195 2290 2273 ejus
2320 2214 2452 2275 quae
2466 2212 2648 2276 supra
2666 2194 3058 2258 substantiam
3089 2202 3270 2271 est,et
3289 2213 3421 2274 quae
3450 2193 3638 2258 intel-

265 2290 408 2358 ψεως
443 2282 939 2360 καταλαμϐάνομεν,
970 2286 1033 2344 Ὀ
1067 2287 1117 2340 δὲ
1151 2288 1276 2347 Θεὸς
1306 2284 1420 2342 οὔδε
1451 2285 1501 2351 ἐξ
1546 2285 1660 2349 ἐνὸς
1723 2287 1900 2342 tow-5-

1987 2284 2088 2362 ligi
2119 2302 2235 2344 non
2271 2293 2506 2359 potest:
2540 2284 2633 2346 vel
2665 2284 2795 2364 ejus
2829 2284 3246 2357 existentiam;
3281 2284 3513 2346 dictum
3542 2294 3634 2347 est

263 2395 354 2431 του
380 2374 576 2453 τρόποι)
605 2374 717 2431 ora:
763 2376 830 2430 τὰ
885 2374 1032 2450 ὅντα,
1066 2374 1202 2431 ἀλλὰ
1231 2382 1426 2453 γνῶσιν
1468 2374 1587 2455 ἔχει
1635 2378 1734 2441 τὴν
1767 2379 1903 2450 αὒτῴ
1988 2372 3633 2454 θηίωεέγειηοηουίιΡὶιὶιιηι,ηἰεὶΡαιενεηεᾳαθραινεηι

265 2462 590 2540 πρέπουσαν
642 2470 795 2519 τοῦτο
847 2465 946 2541 γὰρ
1002 2466 1279 2521 αἰνίττεται
1338 2464 1419 2520 τό·
1483 2463 1542 2522 Ὀ
1616 2463 1763 2529 εἰδὼς
1841 2467 1902 2520 τα

1986 2465 2120 2540 quis
2141 2465 2456 2543 nouit,ni3i
2472 2462 2920 2542 Fitius‘.Atque
2949 2481 2980 2523 e
3004 2462 3299 2525 contrario
3332 2463 3637 2544 subjungit

261 2552 434 2607 πάντα
517 2554 634 2627 πρὶν
718 2554 969 2631 γενέσεως
1002 2558 1194 2632 αὐτῶν,
1240 2553 1509 2629 δηλονότι,
1544 2554 1601 2611 οὗ
1629 2554 1765 2610 κατὰ
1817 2556 1902 2609 τὸν

1990 2552 2083 2613 hic
2101 2556 2477 2634 Pater,atque
2498 2553 2600 2614 ait:
2626 2552 2809 2614 Nemo
2832 2552 3103 2632 cognovit
3126 2552 3317 2615 Deum
3341 2560 3638 2634 quatenus

258 2639 420 2718 λόγον
442 2646 541 2707 τῆς
564 2642 819 2716 γενέσεως
850 2643 957 2699 τῶν
989 2644 1154 2699 ὃντων
1179 2643 1323 2699 οἶδεν
1367 2646 1498 2701 αὔτα
1529 2646 1555 2698 ὁ
1588 2646 1741 2723 Θεὸς,
1773 2645 1902 2723 ’ὁπερ

1988 2651 2103 2722 est,
2125 2660 2234 2703 nec
2263 2643 2391 2723 ipse
2420 2642 2574 2704 Deus
2602 2643 2911 2720 cognoscit
2933 2660 3004 2705 ea
3025 2661 3157 2722 quas
3184 2651 3324 2704 sunt
3346 2650 3639 2724 quatenus

257 2729 412 2786 ἐστὶν
468 2733 751 2810 αἰσθητῶς,
804 2732 940 2787 ἀλλὰ
970 2732 1086 2789 καθ’
1152 2732 1324 2810 ἕτερον
1374 2733 1621 2809 γνώσεως
1682 2735 1899 2809 τρόπον.

1989 2744 2147 2811 sunt;
2170 2732 2228 2792 id
2246 2741 2479 2813 est,non
2500 2732 2661 2794 novit
2678 2732 2991 2794 intendere
3014 2739 3273 2794 mentem
3297 2732 3633 2796 secundum

256 2821 315 2876 Οἱ
346 2818 565 2897 ἄγγελοι
614 2816 668 2874 δὲ
691 2825 998 2898 γνωστικκος
1058 2823 1145 2878 καὶ
1204 2822 1375 2883 ἀῦλωετ
1432 2822 1559 2878 “ad
1601 2823 1899 2899 γινώσκον-

1987 2819 2128 2882 585
2157 2841 2399 2884 sensum
2427 2823 2500 2884 ad
2528 2841 2596 2883 ea
2626 2840 2760 2902 quae
2791 2831 2930 2883 sunt
2959 2820 3344 2903 sensilia,nec
3387 2822 3464 2884 ad
3489 2822 3637 2885 sub-

256 2931 363 2980 σιν,
398 2913 494 2989 οὐχ
530 2910 604 2970 ὡς
661 2911 825 2984 ἡμεῖς
878 2912 1166 2976 αἰσθητῶς,
1204 2910 1383 2972 Οὕτως
1431 2918 1519 2966 οὖν
1565 2913 1651 2967 καὶ
1717 2914 1743 2967 ὂ
1775 2921 1902 2977 Θεος

1988 2911 2233 2973 stantias
2262 2922 2552 2992 quatenus
2602 2911 2943 2974 substantiae
2990 2919 3151 2984 sunt;
3185 2911 3298 2973 hoc
3324 2912 3483 2973 enim
3517 2929 3639 2975 non

255 3000 580 3077 ἀσυγκρίτως
638 3001 725 3054 καὶ
786 2998 1438 3081 ὑπερανκϐεϐηκότως,οὒ
1492 3024 1599 3076 μην
1656 3002 1780 3066 ταῖς
1808 3005 1902 3059 63—

1989 3005 2265 3062 cenvenit
2288 3005 2410 3065 Deo
2443 2999 2562 3063 Nos
2580 3002 2737 3063 enim
2762 3001 2861 3082 qui
2887 3002 3164 3063 homines
3180 3019 3488 3082 sumus,ea
3505 3021 3638 3083 quae

257 3087 394 3150 σίαις
445 3084 785 3167 συμϐαλλων,
822 3087 934 3146 οἶδε
976 3090 1042 3145 τὰ
1073 3092 1221 3149 ὂντα.
1283 3093 1481 3147 Λοιπὸν
1520 3092 1585 3147 τὰ
1617 3092 1743 3146 ὂντα
1774 3094 1902 3147 Θεὸν

1986 3108 2168 3153 sensu
2226 3091 2759 3172 percipiuntur,aut
2812 3100 3057 3172 aspectu
3118 3099 3217 3153 aut
3261 3098 3496 3169 gustatu
3541 3100 3639 3154 aut

258 3178 357 3234 αὒκ
382 3174 532 3233 οἶδεν
625 3177 733 3233 ἐστι
767 3180 917 3243 Θεὸς⁶
992 3180 1122 3250 ὑπὲρ
1151 3180 1252 3257 γὰρ
1271 3180 1371 3247 την
1415 3180 1601 3236 ἑαυτοῦ
1632 3180 1782 3261 φύσιν
1810 3181 1902 3239 ἐκ-

1988 3189 2146 3242 tactu
2194 3181 2586 3259 intelligimus
2648 3179 2790 3261 quid
2816 3181 2981 3262 sint;
3036 3199 3106 3242 ea
3151 3198 3289 3243 vero
3339 3199 3472 3262 quae
3524 3185 3635 3246 sub

258 3268 479 3335 ταθῆναι
536 3271 656 3328 ταῖς
701 3269 947 3336 νοήσεσιν
975 3273 1033 3329 οὐ
1089 3268 1352 3330 δὸνανται.
1417 3270 1647 3334 Εἰκότως
1697 3277 1786 3325 οὖν
1832 3273 1902 3336 εἷς

1986 3269 2436 3348 intelligentiam
2496 3270 2740 3349 cadunt,
2784 3278 2884 3332 aut
2940 3289 3047 3350 per
3076 3269 3481 3352 disciplinam,
3536 3280 3639 3334 aut

262 3356 422 3413 ἑαυτὰ
464 3356 753 3436 βλέποντα,
816 3358 1002 3437 ἀγνοεῖ
1031 3362 1129 3419 τὴν
1171 3362 1311 3415 θείαν
1366 3360 1517 3440 φύσιν
1587 3362 1716 3416 καθὸ
1768 3362 1902 3429 αὐτή

1987 3358 2346 3439 doctrinam,
2378 3366 2478 3419 aut
2512 3375 2618 3438 per
2658 3358 3161 3420 illuminationem
3192 3360 3632 3437 cognoscimus.

259 3448 421 3505 ἔστιν.
461 3446 641 3508 Οὕτως
672 3446 758 3502 οὖν
814 3449 962 3517 καίὴ
1017 3450 1129 3506 θεία
1178 3451 1328 3529 φύσις
1374 3450 1565 3517 ἑαλτην
1610 3449 1900 3529 βΑέπουσα,

262 3540 358 3595 οὒκ
420 3535 570 3594 οἶδεν
601 3537 655 3592 ἐν
702 3538 866 3613 ἑαυτῇ
897 3539 960 3595 τὰ
1004 3540 1130 3595 ὂντα
1173 3540 1308 3595 κατὰ
1338 3540 1429 3595 τὸν
1466 3545 1562 3607 τῆς
1593 3540 1769 3604 οὗσίας
1802 3539 1903 3596 λό-

260 3648 377 3703 γον,
433 3625 620 3693 ἐπειδὴ
650 3626 779 3705 ὖπὲρ
807 3627 980 3684 πάντα
1021 3629 1086 3684 τὰ
1117 3632 1242 3685 ὂντα
1273 3627 1402 3703 ἐστὶ,
1449 3630 1535 3685 καὶ
1566 3629 1692 3685 αὒτὸ
1721 3632 1781 3686 τὸ
1811 3628 1906 3686 εἴη

262 3739 343 3773 ναι
387 3717 649 3783 κέκτηται
689 3717 1030 3793 ὑπερουσίως,
1121 3720 1217 3777 Καὶ
1267 3717 1426 3775 πάλιν
1502 3719 1749 3795 ἀνωτέρω
1806 3721 1906 3795 μὲν

288 3807 314 3828 1-
526 3804 551 3824 Ἰ
590 3828 610 3838 ρ
689 3813 716 3822 ~
868 3808 888 3827 σε
937 3828 956 3838 η
995 3807 1009 3826 ν
1158 3832 1165 3842 ι
1215 3824 1230 3840 ,
1323 3815 1346 3825 ν
1443 3809 1464 3840 λ
1570 3808 1584 3826 9
1772 3810 1782 3830 ρ

260 3827 439 3882 ειπεν,
477 3816 612 3864 Οδτε
645 3830 777 3886 φως,
841 3829 957 3863 ουτε
985 3806 1208 3884 αληθε.α
1291 3831 1380 3865 νυν
1411 3805 1489 3888 δε,
1526 3810 1657 3865 Ούτε
1687 3830 1904 3889 σκοτος,

258 3897 375 3953 οὔτε
433 3897 574 3975 φῶς,
632 3896 751 3953 οὕτε
801 3896 1000 3968 πλάνη,
1061 3898 1180 3956 οὒτε
1226 3896 1470 3968 ἀλήθεια.
1507 3899 1606 3956 Καὶ
1652 3897 1792 3957 ἔστιν
1824 3901 1903 3956 εἰ·

251 3999 399 4061 πεῖν,
434 3986 518 4042 ὅτι
549 3987 612 4042 τὸ
658 3986 754 4062 μὲν
784 3994 993 4058 πρῶτον
1014 3987 1126 4067 φῶς
1158 3987 1353 4069 λέγων,
1404 3991 1521 4067 περί
1548 3991 1644 4046 τοῦ
1698 3988 1906 4047 ἀπολύ-

250 4096 356 4139 τως
379 4075 558 4155 φωτός
584 4073 753 4153 λέγει,
804 4074 969 4154 ἤγουν
1024 4078 1143 4155 περὶ
1200 4085 1308 4135 τῶν
1354 4078 1658 4157 ἀγγελικῶν
1687 4079 1900 4154 οὐσιῶν,

253 4167 340 4222 καί
386 4165 645 4234 ἀλήθειαν
698 4164 796 4232 τὴν
845 4164 1386 4244 αὒτοαπολελυμένως
1415 4187 1431 4202 ο
1456 4169 1516 4224 οὒ
1571 4169 1679 4244 μὴν
1721 4166 1776 4223 δέ
1805 4168 1904 4236 τὴν

255 4252 634 4322 ἀντικειμένην
671 4256 748 4324 τῷ
804 4250 979 4327 ψεὺδει
1024 4252 1296 4331 ἀλήθειαν,
1337 4253 1430 4335 ἀφ’
1478 4258 1551 4312 ὧν
1610 4256 1906 4335 ἀποφάσκει

1988 3449 2148 3511 Deus
2178 3456 2375 3508 autem
2407 3447 2567 3509 nullo
2594 3449 2772 3508 modo
2806 3465 2877 3508 ex
2906 3446 3036 3507 istis
3066 3446 3230 3508 novit
3253 3466 3323 3509 ea
3342 3465 3477 3528 quae
3501 3458 3640 3511 sunt

1986 3536 2093 3598 sed
2112 3537 2303 3617 potius
2325 3556 2395 3598 ex
2416 3536 2614 3617 seipso
2636 3536 3037 3615 cognitionem
3055 3536 3170 3598 sibi
3190 3555 3512 3616 congruam
3536 3540 3642 3601 ha-

1988 3623 2089 3688 bet
2134 3649 2150 3697 ;
2182 3626 2298 3688 hoc
2329 3629 2489 3687 enim
2528 3626 2794 3689 insinuat
2819 3624 3149 3707 Scriptura,
3182 3644 3320 3689 cum
3350 3627 3433 3688 ait
3463 3647 3479 3690 :
3520 3627 3639 3703 Qui

1986 3718 2154 3778 novit
2172 3716 2378 3778 omnia
2390 3725 2714 3796 antequam
2729 3715 2948 3796 ﬁerent
2969 3715 3259 3796 k,scilicet
3281 3733 3398 3777 non
3423 3734 3638 3780 secun-

1988 3806 2129 3868 dum
2151 3806 2441 3868 rationem
2471 3805 2877 3886 generationis
2901 3823 3103 3867 rerum
3137 3806 3295 3868 novit
3338 3824 3410 3868 ea
3450 3804 3634 3890 Deus,

1989 3895 2147 3976 quod
2190 3897 2797 3978 estsensibiliter,sed
2840 3896 3169 3958 secundum
3200 3896 3383 3959 alium
3413 3896 3640 3960 intelli-

1986 3985 2165 4066 gendi
2188 3987 2678 4067 modum.Angeli
2696 4005 2838 4048 vero
2858 3985 2961 4047 illa
2981 3992 3348 4066 cognoscunt
3371 3986 3640 4049 scienter

1987 4082 2047 4138 et
2076 4075 2576 4150 immaterialiter,
2610 4095 2728 4137 non
2765 4075 3098 4149 sensiliter,
3134 4083 3200 4139 ut
3228 4093 3362 4137 nos.
3395 4075 3493 4137 Sic
3516 4076 3641 4138 uti-

1986 4181 2103 4246 que
2130 4165 2306 4226 etiam
2332 4168 2490 4228 Deus
2518 4165 2744 4244 absque
2773 4166 3225 4245 comparatione
3256 4172 3313 4226 et
3338 4173 3641 4228 transcen-

1988 4254 2326 4331 dentaliter,
2357 4274 2479 4317 non
2501 4262 2698 4317 autem
2732 4272 2868 4316 cum
2901 4253 3256 4317 substantiis
3285 4273 3640 4335 comparans

257 4343 317 4400 τό
347 4342 536 4422 Θεῖον,
569 4341 656 4399 δτι
705 4342 792 4398 καὶ
849 4342 980 4419 ὑπὲρ
1034 4343 1196 4401 ταῦτα
1227 4343 1549 4423 ἐξῃρημένον
1582 4344 1741 4408 ἐστίν.
1774 4344 1902 4404 Ἐν-

1985 4362 2084 4407 res
2113 4348 2296 4408 novit.
2349 4348 2642 4409 Caeterum
2684 4364 2753 4407 ea
2783 4362 2922 4423 quae
2969 4354 3127 4418 sunt,
3193 4363 3313 4407 non
3350 4354 3642 4408 noverunt

257 4436 420 4489 ταῦθα
440 4429 497 4487 δὲ
521 4430 692 4508 λέγει,
748 4432 825 4488 ὁτι
885 4431 1014 4489 Οὔτε
1055 4437 1159 4489 τῶν
1190 4434 1320 4514 πρός
1352 4456 1425 4508 τι,
1484 4433 1690 4510 μᾶλλον
1717 4434 1772 4491 δὲ
1796 4441 1902 4492 τῶν

1985 4433 2172 4497 Deum
2200 4439 2257 4497 in
2277 4445 2562 4517 quantum
2589 4435 2752 4497 Deus
2780 4445 2897 4511 est,
2930 4435 3213 4513 quoniam
3242 4454 3363 4497 non
3394 4444 3645 4516 possunt

259 4522 394 4583 κατὰ
437 4526 687 4598 στέρησιν
715 4523 803 4578 καὶ
831 4520 935 4587 ἕξιν
964 4541 976 4555 ’
1016 4522 1159 4600 οἷον,
1205 4525 1286 4580 ὁτι
1315 4522 1433 4580 οὕτε
1477 4524 1536 4582 ἐκ
1577 4522 1797 4588 σκότους
1826 4527 1901 4589 εἰς

310 4620 332 4630 ς
541 4609 590 4631 ’ρ
628 4610 647 4631 ⁵.
814 4613 828 4628 ο
976 4612 990 4631 \
1027 4611 1039 4631 9
1204 4618 1227 4630 ο
1265 4612 1288 4631 ἢ
1366 4614 1378 4631 Ι
1649 4616 1665 4631 \
1763 4617 1777 4631 ι
1873 4616 1888 4631 \

1985 4540 2162 4625 supra
2173 4533 2440 4587 naturam
2455 4544 2620 4587 suam
2632 4524 2775 4587 ferri
2790 4522 3193 4631 intelligendo.
3209 4522 3649 4588 Consentaneet

261 4620 372 4692 φῶς
421 4609 739 4689 μετέϐαλεν,
802 4612 994 4669 ὡσανεὶ
1023 4611 1083 4669 ἐκ
1137 4618 1231 4670 τοῦ
1259 4612 1473 4690 δυνάμει
1532 4616 1707 4695 φωτὸς
1736 4617 1810 4680 εἷς
1838 4616 1901 4671 τὸ

1987 4612 2168 4693 igitur
2193 4633 2408 4676 cumse
2437 4612 3037 4696 intuentur,divinam
3067 4622 3342 4676 naturam
3367 4613 3646 4694 ignorant

262 4702 497 4782 ἐνεργείᾳ
526 4708 662 4783 φῶςο
697 4700 816 4758 οὔτε
846 4699 1005 4759 πάλιν
1034 4700 1094 4759 ἐκ
1120 4711 1213 4760 τοῦ
1266 4702 1475 4771 πλάνην
1504 4704 1673 4781 εἶναι,
1706 4703 1902 4772 δηλον-

1988 4704 2319 4766 secundum
2360 4704 2506 4766 illud
2559 4704 2720 4785 quod
2772 4703 2904 4785 ipsa
2948 4717 3065 4767 est.
3097 4705 3197 4767 Sic
3224 4705 3401 4784 igitur
3440 4703 3645 4767 divina

262 4793 341 4849 ότι
419 4790 637 4868 δυνάμει
693 4790 968 4869 ἀλήθειαν,
1031 4793 1103 4857 εἷς
1155 4791 1404 4860 ἀλήθειαν
1458 4793 1692 4873 ἐνεργείᾳ
1746 4793 1902 4869 μετέ-

1991 4794 2293 4856 naturain
2347 4794 2608 4875 seipsam
2655 4792 3046 4867 intuens,non
3092 4793 3251 4855 novit
3303 4793 3365 4854 in
3414 4810 3480 4855 se
3511 4810 3645 4857 esse

262 4878 390 4939 ϐαλε
423 4896 439 4914 '
476 4882 652 4939 πάντα
691 4883 791 4961 γὰρ
842 4888 1006 4940 ταῦτα
1057 4881 1271 4963 δεύτερα
1330 4885 1512 4957 αὐτοῦ,
1571 4886 1656 4941 καὶ
1705 4884 1766 4941 τὰ
1796 4891 1902 4966 φῶς

1991 4884 2658 4960 creaturas,secundum
2696 4885 2993 4946 rationem
3023 4883 3377 4946 substantiae
3411 4900 3640 4965 earum,

261 4974 348 5028 καὶ
401 4975 437 5041 ἡ
499 4969 746 5047 ἀλήθεια,
793 4969 846 5037 ἒξ
876 4971 1033 5029 αὐτοῦ
1091 4973 1456 5052 πρὸνοητικῶς
1483 4973 1733 5053 φανέντα,
1781 4972 1902 5032 Οὒδέ

1992 4974 2287 5054 siquidem
2315 4984 2408 5038 est
2430 4993 2612 5057 supra
2643 4976 2846 5036 omnia
2874 4992 3006 5055 quas
3025 4981 3254 5048 sunt,et
3283 4975 3480 5053 ipsum
3511 4991 3645 5036 esse

263 5058 371 5118 ἔστι
429 5060 705 5123 παντελῶς
748 5062 903 5118 αὑτοῦ
930 5062 1095 5137 θέσις,
1158 5063 1228 5129 ὡς
1287 5076 1427 5120 εἶναι
1456 5062 1493 5132 ἢ
1529 5066 1671 5135 ζωὴν
1700 5061 1736 5132 ἤ
1779 5062 1902 5132 ἀλή-

1993 5063 2560 5145 suprasubstantiam
2597 5063 2799 5129 habet.
2835 5062 2905 5125 Et
2937 5082 3173 5125 rursum
3204 5063 3485 5144 superius
3507 5062 3645 5144 qui-

262 5153 424 5223 θειαν,
459 5151 495 5219 ἢ
556 5148 689 5207 ἄλλο
735 5173 783 5206 τι
837 5156 942 5207 τῶν
997 5151 1186 5211 ὄντων.
1249 5151 1378 5212 Οὖδὲ
1433 5153 1592 5210 πάλιν
1640 5154 1902 5233 ἀφαίρεσις

1994 5152 2131 5213 dem
2154 5152 2302 5215 dixit
2333 5156 2583 5233 :Neque
2614 5154 2944 5233 lux,neque
2990 5153 3236 5230 veritas;
3263 5171 3421 5215 nunc
3450 5170 3590 5216 vero
3627 5175 3639 5212 :

263 5240 563 5314 παντελῶς,
595 5243 666 5304 ὡς
714 5239 937 5316 μήδαμῆ
995 5240 1262 5318 μηδαμῶς
1293 5255 1458 5317 εῖναι,
1490 5241 1628 5299 ἀλλὰ
1655 5244 1764 5301 τῶν
1789 5242 1902 5319 μετ’

1993 5243 2204 5321 Neque
2235 5245 2521 5316 tenebras,
2563 5262 2755 5324 neque
2809 5243 2929 5319 lux,
2986 5262 3180 5324 neque
3211 5261 3402 5323 error,
3450 5261 3647 5324 neque

262 5329 443 5407 αὐτὸν,
477 5329 725 5401 δηλονότι
758 5336 862 5386 τῶν
892 5332 1197 5406 κτισμάτων
1249 5333 1342 5398 τὰς
1394 5333 1563 5396 θέσεις
1594 5336 1682 5389 καὶ
1736 5335 1902 5413 ἀφαι-

1993 5331 2230 5393 veritas.
2289 5332 2358 5393 Et
2399 5333 2596 5394 dicere
2644 5334 2839 5409 liceat,
2882 5331 3140 5413 primum
3198 5333 3468 5413 quidem,
3508 5349 3642 5393 cum

265 5418 430 5498 ρέσεις
491 5427 788 5483 ποιοῦντες’
836 5418 1006 5485 θέσεις
1061 5422 1183 5498 μὲν,
1245 5423 1368 5479 οἷον
1417 5430 1581 5500 ζωὴν,
1633 5422 1902 5503 ἀλήθειαν,

1994 5422 2196 5484 lumen
2225 5421 2389 5504 dicit,
2422 5424 2614 5505 ipsum
2663 5423 2826 5505 loqui
2858 5423 2934 5484 de
2963 5422 3192 5485 lumine
3217 5420 3648 5501 absoluto,sive

266 5505 346 5566 ὄν·
377 5508 676 5590 ἀφαιρέσεις
704 5506 783 5584 δὲ,
813 5513 930 5567 οἷον
966 5511 1028 5569 οὔ
1071 5513 1239 5587 ζωὴν,
1272 5513 1367 5570 οὒκ
1395 5514 1670 5589 ἀλήθειαν,
1701 5516 1796 5573 οὒκ
1826 5513 1902 5575 ὅν.

1996 5512 2071 5574 de
2101 5511 2446 5576 substantiis
2474 5512 2785 5595 angelicis,
2831 5520 2891 5575 et
2935 5529 3068 5577 esse
3099 5513 3407 5575 veritatem
3439 5527 3643 5573 earum

348 5696 363 5740 ί
392 5696 606 5761 Matth.
637 5713 720 5774 ιι,
751 5696 852 5763 27.
941 5698 970 5745 ι
995 5696 1147 5764 Dan.
1180 5716 1309 5777 xm,
1340 5699 1443 5766 42.
