4086 6154
458 321 612 390 1063

1619 324 1680 391 S.
1728 328 2073 393 DIONYSII
2123 331 2561 397 AREOPAGIT
2574 332 2664 395 1E.

3687 332 3841 401 1064

454 478 564 543 per
588 478 655 524 se
683 461 1035 536 absolutam,
1068 478 1188 522 non
1208 467 1406 522 autem
1434 478 1569 523 esse
1596 461 1902 524 veritatem
1922 479 2091 524 men-

2179 471 2352 522 Ταῦτα
2380 489 2507 545 γουν
2559 467 2625 523 τὰ
2654 467 2770 541 μετ’
2802 466 2959 525 αὐτὸν
2999 469 3086 523 καὶ
3134 468 3364 530 τιθέντες
3393 471 3483 525 καὶ
3531 469 3840 548 iunpoon-

453 551 640 613 daciis
673 549 1030 631 oppositam,
1059 569 1193 631 quae
1222 550 1282 611 iu
1316 549 1437 611 Deo
1467 559 1660 631 negat,
1691 550 1971 633 quoniam
2004 569 2101 612 su-

455 658 560 721 pra
587 639 703 702 ista
724 648 1033 721 exemptus
1064 638 1292 702 esLHic
1321 649 1522 701 autem
1555 640 1724 703 dicit:
1742 639 1863 702 Nec
1891 658 2096 702 eorum

451 748 584 811 quae
604 729 678 792 ad
698 729 1137 810 aliquid,magis
1157 737 1352 791 autem
1380 746 1590 790 eorum
1613 747 1746 810 quae
1768 729 2096 791 secundum

451 819 846 902 privationem
881 826 940 880 et
961 818 1225 880 habitum
1259 819 1644 880 exsistuntzut
1662 818 1819 898 quod
1840 836 1910 881 ex
1936 830 2097 881 tene-

452 911 577 972 bris
598 910 658 970 in
689 909 890 970 lumen
915 927 1037 971 non
1060 907 1747 988 sitcommutatus,quasi
1770 926 1839 969 ex
1871 908 2096 970 lumine

450 1000 609 1083 quod
641 1007 868 1062 tantum
925 1006 1016 1060 est
1062 997 1302 1070 virtute,
1337 1005 1593 1058 mutatus
1646 998 1720 1058 sit
1777 996 1838 1057 in
1893 1000 2094 1059 lumen

451 1089 612 1172 quod
634 1102 766 1151 actu
786 1096 875 1150 est
895 1088 1093 1150 lumen
1109 1103 1323 1165 meque
1345 1104 1579 1147 rursum
1600 1104 1670 1149 ex
1691 1104 1895 1150 errore
1911 1086 2095 1148 exsis-

452 1185 592 1261 εισι,
631 1179 861 1241 scilicet
891 1196 959 1239 ex
992 1176 1247 1238 veritate
1275 1176 1532 1255 virtuali,
1564 1176 1627 1237 in
1655 1177 1965 1237 veritatem
1996 1195 2086 1238 ac-

454 1270 669 1332 tualem
693 1276 1090 1331 commutatus
1118 1286 1134 1343 ;
1171 1266 1295 1329 hinc
1326 1267 1487 1327 enim
1514 1268 1717 1327 omnia
1741 1267 1870 1346 ipso
1901 1274 2093 1345 poste-

444 1359 605 1422 riora
639 1366 797 1434 sunt;
829 1366 889 1419 et
909 1357 1135 1437 lumen,
1160 1365 1220 1418 et
1249 1356 1466 1418 veritas
1499 1355 1686 1436 ipsius
1730 1356 2095 1435 providentia

2182 576 2295 629 τες,
2332 557 2485 614 αὐτὸν
2543 557 2634 611 τὸν
2694 557 2821 612 Θεὸν
2879 555 2998 613 οὔτε
3054 557 3291 631 τίθεμεν,
3331 557 3495 635 ἤγουν
3554 558 3604 624 ἐξ
3660 562 3842 619 αὑτῶν

2182 660 2279 710 τὴν
2338 645 2515 702 οὒσίαν
2547 646 2702 702 αὐτ·ιό
2753 646 3102 725 γνωρίζομεν,
3135 646 3252 703 οὔτε
3313 647 3635 727 ἀφαιροῦμεν
3694 673 3844 706 παν-

2180 734 2346 799 τελῶς
2390 735 2526 791 ὥστε
2576 733 2774 798 τελέως
2825 734 3068 801 ἄληπτον
3118 736 3284 808 εἶναι,
3343 738 3423 809 (τὸ
3485 739 3584 815 γὰρ
3640 739 3843 803 τελέως

2181 822 2440 899 ἄληπτον,
2478 823 2793 881 ἀνέλπιστον
2821 827 2909 881 καὶ
2968 825 3437 906 ἀνεπιχείρητον)·
3476 825 3597 882 ἀλλ’
3629 829 3843 893 εἷκόνεις

2185 914 2325 975 τινὰς
2376 914 2436 968 ἐκ
2481 919 2588 968 τῶν
2646 915 2763 991 περὶ
2823 913 2977 969 αὒτὸν
3024 914 3476 989 ἀναματτόμενοι,
3510 913 3742 992 ἀμυδρόν
3792 937 3841 970 τι

2177 1003 2473 1079 συνάγομεν
2501 1008 2602 1068 τῆς
2660 1003 2909 1069 ἀληθείας
2969 1000 3227 1081 ἵνδειλμα³
3261 1003 3373 1059 ἐπεὶ
3404 1007 3490 1060 καὶ
3533 1005 3665 1081 ὑπὲρ
3727 1011 3842 1061 πᾶ·-

2177 1112 2273 1144 ozv
2315 1091 2461 1147 θέσιν
2493 1091 2653 1164 ἐστὶν,
2680 1094 2751 1156 ὡς
2795 1090 3096 1167 ἐξῃρημένη
3130 1092 3270 1146 αἰτία
3300 1093 3534 1148 πάντων
3567 1094 3656 1148 καὶ
3706 1094 3841 1168 ὑπὲρ

2177 1186 2351 1235 πᾶσαν
2400 1180 2671 1260 ἀφαίρεσιν
2729 1181 2782 1235 ἐν
2847 1183 3125 1237 tunicati
3184 1179 3449 1254 μηδεπίαν
3509 1188 3615 1237 τῶν
3669 1182 3840 1238 διστων

2176 1268 2447 1347 ἀφαίρεσιν
2477 1271 2554 1325 ’τὸ
2616 1278 2775 1326 Θεϊον
2819 1271 3196 1347 γινώσκεσθαι·
3259 1269 3656 1346 ἀπολελυμένον
3736 1272 3834 1349 γὰρ

2178 1360 2411 1437 πάντων,
2459 1363 2549 1416 καὶ
2584 1360 2797 1416 πάντων
2842 1360 2984 1415 ἐστὶν
3014 1360 3286 1420 ἐπέκεινα,

445 1450 670 1514 lucent.
690 1448 896 1528 Neque
925 1446 1160 1527 penitus
1179 1446 1311 1525 ejus
1340 1459 1433 1506 est
1458 1443 1697 1523 positio,
1733 1454 1794 1505 ut
1825 1446 1901 1506 sit
1939 1445 2030 1506 vel
2063 1445 2179 1507 vita
2204 1446 2296 1507 vel
2331 1447 2569 1522 veritas,
2606 1447 2695 1508 vel
2728 1447 3055 1527 quidquam
3080 1447 3241 1509 aliud
3275 1466 3485 1510 eorum
3510 1467 3650 1529 quae
3669 1456 3833 1510 sunt.

445 1540 653 1619 Neque
682 1555 920 1598 rursum
956 1534 1297 1597 omnimoda
1317 1534 1562 1607 ablatio,
1594 1542 1659 1595 ut
1679 1534 1841 1596 nullo
1870 1535 2045 1597 modo
2073 1536 2395 1617 quidquam
2421 1537 2533 1612 sit;
2568 1536 2674 1599 sed
2706 1555 2909 1599 earum
2935 1556 3066 1617 qum
3095 1550 3227 1617 post
3244 1546 3420 1599 584
3453 1537 3650 1618 ipsum
3674 1547 3835 1611 sunt,

444 1629 675 1691 scilicet
704 1626 1326 1699 creaturarum,etiam
1362 1625 1687 1705 positiones
1716 1634 1776 1688 et
1805 1626 2135 1689 ablationes
2166 1627 2411 1702 faciunt;
2436 1629 2765 1708 positiones
2786 1629 3242 1710 quidem,veluti
3275 1634 3477 1703 vitam,
3500 1630 3833 1702 veritatem,

446 1738 579 1794 ens;
602 1719 931 1780 ablationes
962 1735 1122 1788 vero,
1145 1717 1326 1777 veluti
1361 1735 1481 1776 non
1512 1715 1713 1790 vitam,
1742 1735 1857 1777 non
1884 1717 2219 1791 veritatem,
2248 1735 2365 1778 non
2391 1736 2520 1779 ens.
2551 1718 2689 1781 Haec
2712 1718 2911 1799 itaque
2937 1737 3069 1798 quae
3093 1729 3223 1799 post
3256 1719 3448 1798 ipsum
3473 1729 3838 1800 sunt,etpo-

443 1816 657 1871 nentes
682 1817 745 1870 et
768 1804 1325 1878 auferentes,Deum
1343 1805 1537 1884 ipsum
1563 1824 1756 1886 neque
1769 1806 2070 1886 ponimus,
2094 1807 2214 1867 sive
2246 1824 2315 1868 ex
2342 1806 2489 1887 ipsis
2511 1808 2900 1869 substantiam
2927 1809 3059 1887 ejus
3073 1808 3398 1882 noscimus,
3434 1827 3632 1888 neque
3663 1808 3835 1870 aufe-

441 1897 630 1961 rimus
660 1898 925 1972 omnino,
958 1905 1021 1956 ut
1064 1895 1164 1976 qui
1197 1895 1464 1973 perfecte
1494 1894 2123 1975 incomprehensibilis
2180 1895 2414 1958 exsistit
2448 1897 2628 1978 (quod
2661 1897 2820 1958 enim
2863 1898 3127 1977 perfecte
3159 1906 3248 1959 est
3303 1897 3836 1978 incomprehensi-

442 1987 588 2064 bile,
636 1996 694 2050 et
725 2005 895 2066 Spem
951 1993 1010 2047 et
1039 1995 1318 2046 conatum
1377 1985 1663 2065 excedit),
1695 2002 1898 2048 verum
1943 1984 2233 2063 imagines
2263 1987 2547 2066 quasdam
2588 2005 2659 2048 ex
2707 1987 2781 2047 iis
2812 2006 2944 2068 quae
2998 1989 3156 2048 circa
3204 1988 3397 2067 ipsum
3432 2001 3568 2048 sunt
3621 1988 3836 2049 conci-

442 2086 675 2152 nantes,
707 2075 1027 2140 obscurum
1058 2073 1373 2155 quemdam
1405 2074 1672 2135 veritatis
1700 2088 2061 2152 conceptum
2088 2077 2533 2156 componimus,
2559 2076 3040 2157 quandoquidem
3073 2077 3346 2156 sitsupra
3375 2096 3619 2138 omnem
3652 2078 3833 2139 etiam

446 2167 823 2249 positionem,
855 2172 1137 2246 tanquam
1191 2173 1473 2242 esempta
1501 2182 1702 2225 rerum
1762 2163 2031 2226 omnium
2093 2182 2292 2243 causa,
2328 2172 2385 2226 et
2417 2184 2603 2242 supra
2653 2182 2893 2228 omnem
2928 2166 3293 2230 ablationem
3345 2167 3660 2248 collocata,
3700 2187 3832 2229 cum

445 2256 774 2319 secundum
833 2255 1052 2317 nullam
1103 2269 1303 2314 rerum
1352 2253 1710 2316 ablationem
1764 2251 1924 2315 Deus
1973 2262 2413 2336 cognoscatur;
2467 2254 2762 2336 siquidem
2820 2255 2897 2317 ab
2951 2255 3228 2318 omnibus
3281 2256 3617 2337 absolutus,
3657 2259 3831 2319 etiam

447 2363 629 2427 supra
657 2346 861 2408 omnia
886 2345 1140 2410 exsistit.
