4086 6154
261 364 410 432 1081

1656 358 2028 425 EPISTULA
2086 360 2222 425 VII.

3486 339 3637 411 1082

252 499 465 574 Ἐζεκίᾳ
510 496 897 579 καθυποτάξαν,
947 504 1023 561 ὥς
1066 496 1126 555 ἄν
1182 497 1370 572 ἶσοθέῳ
1426 497 1529 555 τινὶ
1564 494 1677 554 καὶ
1721 496 1886 575 ὑπὲρ·

1993 502 2150 559 stum
2177 501 2402 558 motum
2433 492 2508 556 ad
2545 490 2756 555 decem
2786 486 2966 551 horas
2989 492 3394 579 contractum,
3428 482 3633 546 denuo

252 589 439 672 ἐχοντι
487 588 610 652 τοὺς
667 587 999 667 ἀνθρώπους.
1063 588 1158 646 Καὶ
1217 589 1276 644 οὒ
1336 585 1505 658 δήπου
1555 586 1693 666 φημὶ
1723 586 1815 651 τὰς
1847 585 1902 642 ἐν

253 678 506 758 Αἰγύπτῳ
559 675 977 756 μεγαλουργίας,
1026 674 1063 744 ἥ
1120 674 1286 741 ἄλλας
1316 678 1460 740 τινὰς
1503 673 1747 757 ἀλλαχοῦ
1776 679 1903 733 θεο-

255 769 484 844 σημείας
527 765 920 847 γεγενημένας,
993 764 1133 824 ἀλλά
1187 766 1252 824 τὰ
1310 767 1462 823 κοινὰ
1525 766 1613 822 καὶ
1662 766 1901 843 οὐράνια,

253 858 346 914 καὶ
380 859 435 913 ὲν
490 863 566 930 τῷ
621 855 778 913 παντὶ
834 856 924 912 καὶ
949 860 1079 912 πᾶσι
1121 851 1555 931 θριαμϐεὺθέντα.
1598 855 1740 921 Φησὶ
1768 851 1824 910 δὲ
1852 850 1902 894 Μ

254 946 469 1011 πάντως
530 943 943 1023 ’Λπολλοφάνης
978 993 996 1025 ,
1060 945 1154 1001 οὒκ
1210 957 1355 1000 εῖναι
1414 950 1579 1001 ταῦτα
1659 941 1831 1012 ἀληθῆ
1887 958 1901 973 ⁸

254 1034 488 1112 μάλιστα
569 1034 668 1110 μὲν
737 1036 827 1091 οῦν
853 1040 1009 1092 τοῦτο
1092 1046 1217 1097 ταῖς
1317 1035 1531 1112 Περσῶν
1606 1034 1909 1111 ίερατικαῖς

254 1124 538 1205 ἐμφέρεται
598 1123 833 1205 φήμαις,
894 1126 983 1181 καὶ
1036 1122 1198 1180 εἰσέτι
1241 1123 1404 1200 μάγοι
1471 1123 1536 1180 τὰ
1590 1123 1910 1198 μνημόσυνα

256 1218 351 1273 τοῦ
377 1213 687 1293 τριπλασίου
745 1216 937 1293 Μιθρου
996 1211 1259 1272 τελοῦσιν.
1323 1211 1476 1269 Ἀλλ’
1535 1211 1730 1278 ἐξέστω
1762 1214 1905 1288 αῦτῷ

251 1306 463 1369 τοῦτοτς
507 1302 592 1360 διά
632 1305 730 1371 τὴν
756 1300 975 1381 ἄγνοιαν
1004 1302 1040 1372 ἢ
1083 1302 1183 1369 τὴν
1239 1302 1478 1380 ἀπειρίαν
1540 1299 1600 1351 49
1630 1302 1903 1367 ἀπιστεῖν,

256 1395 389 1454 Εἰπὲ
443 1392 498 1450 δὲ
554 1396 719 1467 αὒτῷσ
780 1394 839 1453 Τί
867 1391 1044 1472 λέγεις
1102 1392 1220 1471 περὶ
1281 1397 1375 1461 τῆς
1420 1390 1475 1448 ἐν
1518 1399 1593 1467 τῷ
1662 1395 1910 1472 σωτηρίῷ

256 1489 468 1562 σταυρῷ
507 1483 780 1562 γεγονυίας
837 1481 1178 1558 ἐκλείψεωςς
1236 1481 1520 1561 ἀμφοτέρω
1580 1482 1683 1561 γὰρ
1764 1482 1910 1560 τότε,

253 1574 396 1631 κατά
456 1565 798 1630 Ἡλιούπολιν
825 1569 879 1614 4³
907 1572 1019 1646 ἃμα
1058 1579 1293 1649 παρόντε
1344 1592 1403 1628 τε
1446 1573 1535 1628 καὶ
1592 1577 1906 1644 συνεστῶτε,

253 1660 563 1741 παραδόξως
622 1685 700 1737 τῳ
755 1659 893 1735 ἡλίῳ
921 1662 1019 1728 τῆν
1050 1660 1284 1730 σελήνῆν
1326 1661 1695 1737 ἐμπίπτουσαν
1724 1662 1909 1743 ἐωρῶ-

1986 583 2170 664 gradu
2226 581 2597 663 retrogrado,
2628 579 2761 644 aliis
2796 579 2941 643 item
2975 577 3186 640 decem
3218 574 3381 638 horis
3424 590 3637 664 novam

1988 663 2304 758 quamdam
2337 677 2608 737 semitam
2642 668 2936 743 ineundo,
2968 666 3308 749 reperierit;
3335 664 3499 758 quod
3527 663 3639 727 uti-

1988 785 2109 843 que
2163 764 2519 846 Babylonios
2561 763 2705 843 jure
2733 759 2945 822 merito
2975 757 3399 837 consternavit,
3448 763 3507 817 et
3533 771 3639 817 eos

1986 854 2259 918 Ezechias
2286 845 2572 936 tanquam
2601 851 2726 915 Deo
2755 848 3006 932 suppari
3037 846 3497 936 similive,atque
3528 845 3639 936 ho-

1991 945 2251 1008 minibus
2282 934 2705 1024 praestantiori,
2742 940 2874 1005 sine
2907 956 3101 1020 pugna
3130 936 3382 1017 subegit.
3419 934 3639 999 Omitto

1990 1054 2124 1116 quas
2155 1037 2215 1098 in
2245 1023 2497 1115 [Egypto
2550 1031 2864 1112 magniﬁce
2914 1035 3079 1108 gesta
3109 1034 3268 1100 sunt,
3309 1034 3486 1107 atque
3530 1023 3645 1085 alia

1991 1116 2262 1206 quadam
2294 1125 2486 1204 signa,
2515 1141 2646 1205 qum
2675 1121 2817 1185 alibi
2852 1118 3138 1180 divinitus
3198 1124 3424 1197 patrata
3449 1125 3592 1178 sunt
3619 1133 3637 1189 ;

1990 1216 2115 1278 haec
2146 1222 2375 1277 tantum
2412 1232 2676 1279 memoro
2707 1231 2841 1294 quae
2872 1216 3007 1273 sunt
3035 1207 3206 1270 obvia
3227 1206 3635 1285 cmiestiaque‘,

1990 1313 2049 1368 et
2071 1322 2179 1385 per
2237 1304 2575 1367 universum
2633 1302 2840 1366 orbem
2886 1298 2961 1361 ab
2991 1296 3269 1359 omnibus
3313 1295 3636 1359 celebrata.

1992 1396 2112 1459 Sed
2146 1394 2392 1457 omnino
2424 1394 2582 1457 dicet
2610 1389 3203 1474 Apollophanes,ista
3228 1386 3475 1450 minime
3502 1404 3642 1449 vera

1993 1503 2127 1548 esse
2162 1507 2179 1563 ;
2211 1493 2471 1547 attamen
2501 1484 2563 1545 id
2594 1483 2686 1546 vel
2731 1480 2989 1544 maxime
3038 1476 3181 1541 595
3206 1478 3390 1541 sacris
3421 1478 3638 1540 Persa-

1995 1595 2125 1638 rum
2182 1574 2588 1638 monumentis
2636 1574 2993 1651 celebratur,
3055 1579 3235 1649 atque
3321 1568 3642 1630 etiamnum

1999 1667 2152 1746 magi
2172 1666 2425 1748 triplicis
2439 1665 2784 1741 Mithri,sive
2802 1663 3319 1742 solis,memoriam
3344 1658 3639 1720 recolunt.

256 1772 357 1825 μεν
416 1750 498 1831 (οὗ
542 1751 641 1830 γάρ
698 1755 765 1818 ἦν
836 1749 1052 1807 συνόδου
1109 1751 1331 1831 καιρὸς).
1419 1755 1563 1816 αϋθις
1628 1754 1688 1808 τε
1745 1751 1907 1819 αὐτὴν

1995 1757 2216 1818 Verum
2264 1757 2352 1818 illi
2385 1757 2564 1821 liceat
2612 1756 2736 1817 sive
2766 1773 2875 1837 per
2931 1751 3348 1833 ignorantiam,
3383 1749 3508 1810 sive
3537 1767 3644 1830 per

255 1842 364 1898 ἀπὸ
393 1845 489 1907 τῆς
520 1840 744 1908 ἐννάτης
804 1839 946 1920 ὥρας
998 1839 1128 1921 ἃχρι
1180 1841 1277 1909 τῆς
1348 1840 1572 1921 ἑσπέρας
1621 1843 1694 1906 εἷς
1748 1845 1811 1898 τὸ
1852 1842 1916 1892 44

254 1939 351 1990 τοῦ
397 1932 554 1999 ἡλίου
612 1927 893 2005 διάμετρον
926 1932 1201 2011 ὑπερφυῶς
1233 1933 1714 1991 ἀντικαταστᾶσαν.
1748 1929 1913 1989 Ἀνά-

256 2042 464 2096 μνησον
519 2018 573 2075 δέ
633 2042 684 2075 τι
716 2022 813 2077 καί
868 2019 1049 2097 ἕτερον
1103 2020 1281 2079 αὐτόν·
1335 2018 1453 2077 οἶδε
1498 2022 1619 2099 γὰρ,
1672 2019 1752 2077 ὅτι
1814 2024 1911 2078 καὶ

253 2110 357 2177 τὴν
401 2108 673 2186 ἔμπτωσιν
720 2112 885 2176 αὐτὴν
943 2108 995 2175 ἐξ
1050 2107 1325 2167 ἀνατολων
1380 2110 1692 2186 ἑωράκαμεν
1747 2107 1910 2188 ἀρξα-

256 2199 452 2277 μένην,
510 2201 598 2256 καί
659 2199 823 2278 μέχρι
882 2202 975 2256 τοῦ
1048 2199 1274 2268 ἡλιακοῦ
1335 2198 1562 2278 πέρατος
1635 2197 1909 2279 ἐλθοῦσαν,

258 2303 382 2347 εἶτα
442 2287 855 2367 ἅναποδίσασαν,
914 2290 1003 2346 καὶ
1059 2289 1206 2350 αὖθις
1266 2291 1355 2346 οὖν
1416 2290 1476 2346 ἐκ
1506 2287 1597 2345 τοῦ
1629 2289 1912 2346 αὐτοῦκαὶ

259 2380 361 2446 τὴν
419 2377 695 2454 ἔμπτωσιν
753 2381 840 2435 καὶ
892 2379 993 2445 τὴν
1075 2379 1452 2457 ἀνακάθαρσιν,
1524 2376 1646 2435 ἀλλ’
1703 2377 1763 2436 ἐκ
1820 2380 1913 2435 τοῦ

260 2480 401 2525 κατὰ
459 2465 738 2542 διάμετρον
797 2467 1030 2525 ἐναντίου
1072 2468 1460 2546 γεγενημένην.
1492 2467 1729 2526 Τοσαῦτα
1800 2467 1912 2524 ἐστι

258 2564 358 2614 τοῦ
412 2557 535 2613 τότε
608 2563 790 2632 καιροῦ
821 2558 886 2613 τὰ
946 2557 1184 2636 ὑπερφυῆ
1241 2562 1329 2613 καί
1359 2557 1508 2632 μόνῳ
1564 2564 1783 2636 Χριστῷ
1835 2564 1912 2632 τῷ

256 2648 524 2719 παναιτίῳ
580 2644 793 2725 δυνατὰ,
840 2648 917 2722 τῷ
969 2646 1203 2704 ποιοῦντι
1260 2644 1469 2724 μεγάλα
1514 2648 1601 2703 καὶ
1684 2646 1904 2722 ἐξαίσια,

255 2735 334 2792 ὧν
369 2736 463 2793 οὐκ
493 2734 636 2792 ἐστιν
667 2734 918 2811 ἀριθμός,

1997 1847 2318 1920 inscitiam,
2369 1848 2495 1911 istis
2524 1846 2701 1909 tidem
2730 1847 3052 1927 derogare;
3077 1843 3180 1905 sed
3216 1841 3313 1905 dic
3336 1840 3445 1904 illi:
3481 1839 3639 1914 Quid

1997 1937 2184 1999 sentis
2214 1938 2289 1999 de
2319 1937 2421 2000 illa
2454 1938 2598 2000 solis
2616 1938 2977 2011 defectione,
3000 1953 3131 2017 quae
3151 1931 3363 1995 accidit
3382 1932 3441 1992 in
3465 1949 3646 1995 cruce

1996 2026 2238 2088 salutari
2265 2032 2296 2108 7?
2317 2026 2484 2089 Tunc
2516 2028 2676 2090 enim
2698 2028 2875 2091 ambo
2893 2022 3444 2108 juxtaHeliopolim
3473 2039 3639 2108 pra;-

1996 2116 2198 2170 sentes
2226 2107 2405 2169 simul
2431 2116 2490 2168 et
2538 2117 2820 2179 astantes,
2856 2104 3114 2171 mirabili
3143 2107 3373 2168 ratione
3402 2105 3510 2169 soli
3543 2107 3640 2167 lu-

1996 2214 2129 2259 nam
2156 2195 2501 2259 coincidere
2529 2197 3157 2278 cernebamus(neque
3182 2207 3382 2259 tamen
3407 2206 3643 2276 tempus

1994 2287 2433 2366 conjunctionis
2464 2288 2640 2368 erat),
2669 2287 2980 2370 ipsamque
3021 2305 3252 2363 rursus,
3287 2286 3399 2349 sub
3433 2286 3639 2347 horam

1995 2395 2210 2437 nonam
2242 2378 2958 2458 vespertinam,diametro
2986 2380 3101 2442 soli
3133 2377 3407 2459 opposito
3435 2392 3643 2455 super-

1996 2466 2344 2529 naturaliter
2371 2468 2629 2532 restitui.
2663 2467 2814 2540 Quin
2849 2469 3027 2531 etiam
3059 2469 3122 2532 in
3168 2468 3519 2530 memoriam
3557 2463 3643 2525 illi

1993 2574 2216 2619 revoca
2246 2557 2530 2637 quiddam
2564 2557 2724 2620 aliud
2758 2579 2774 2630 ;
2802 2560 2917 2620 scit
2943 2556 3435 2641 enim,quomodo
3467 2554 3640 2616 vide-

1991 2647 2178 2708 rimus
2230 2646 2399 2710 illum
2447 2646 2601 2709 luna:
2650 2666 2967 2711 occursum
2999 2649 3072 2711 ab
3105 2649 3334 2711 oriente
3365 2644 3638 2727 coepisse,

1992 2745 2051 2799 et
2077 2754 2261 2816 usque
2290 2736 2364 2798 ad
2409 2736 2552 2799 solis
2574 2739 3008 2801 extremitatem
3033 2738 3481 2820 pervenisse,ac
3514 2745 3636 2797 tum

259 2823 506 2885 demum
538 2823 848 2901 resiliisse,
881 2834 942 2887 et
972 2843 1234 2906 rursum,
1270 2843 1388 2886 non
1418 2843 1489 2887 ex
1521 2824 1731 2889 eadem
1771 2832 1937 2906 parte
1976 2843 2288 2890 occursum
2319 2826 2487 2889 illum
2521 2840 2583 2890 et
2611 2845 2919 2892 recessum
2948 2829 3269 2900 exstitisse,
3302 2828 3404 2889 sed
3438 2845 3510 2888 ex
3538 2826 3641 2887 ad-

259 2931 429 2976 verso
460 2913 761 2977 diametri.
797 2916 924 2978 Ista
947 2928 1111 2997 sunt,
1145 2934 1277 2997 qua:
1306 2923 1452 2977 tunc
1480 2933 1663 2997 supra
1691 2925 1966 2979 naturam
1999 2918 2242 2979 omnino
2266 2916 2668 2997 contigerunt,
2690 2930 2750 2981 et
2771 2938 2805 2982 a
2835 2919 2962 2982 solo
2985 2937 3190 2981 rerum
3215 2917 3478 2982 omnium
3504 2934 3643 2980 con-

255 3003 455 3067 ditore
485 3003 719 3066 Christo
750 3004 881 3067 ﬁeri
913 3014 1183 3087 possunt,
1215 3003 1317 3088 qui
1345 3003 1489 3069 facit
1518 3023 1731 3087 magna
1762 3024 1831 3069 ac
1862 3006 2155 3089 stupenda
2183 3024 2434 3090 quorum
2472 3025 2591 3070 non
2620 3016 2710 3072 est
2744 3028 3050 3073 numerus.

1858 3172 1888 3248 δ
1944 3167 2057 3234 111.

343 3331 541 3406 Ταῦτα,
587 3326 641 3383 εἴ
711 3350 796 3384 σοι
852 3329 1088 3403 θεμιτὸν,
1151 3329 1288 3411 εἰπὲ,
1348 3333 1437 3388 καὶ
1465 3378 1481 3411 ,
1545 3333 1589 3388 εἰ
1666 3329 1903 3406 δυνατὸν,

2071 3328 2234 3412 Haec,
2288 3330 2339 3392 si
2369 3331 2453 3392 fas
2504 3338 2617 3411 est,
2651 3331 2705 3393 ei
2737 3332 2947 3414 dicito,
2996 3340 3178 3416 tuque
3200 3332 3641 3416 Apollophanes

254 3413 680 3494 Ἀπολλόφανες,
763 3416 1012 3497 ἐξέλεγχε
1042 3414 1096 3459 ⁴⁵
1124 3420 1211 3476 καὶ
1262 3421 1391 3495 πρὸς
1470 3420 1568 3496 ἐμὲ
1623 3422 1716 3478 τὸν
1787 3421 1908 3478 τότε

255 3504 347 3560 καὶ
403 3505 745 3584 συμπαρόντα
798 3530 903 3581 σοι,
980 3508 1075 3565 καί
1102 3512 1499 3590 συνεωρακὸτα,
1558 3512 1646 3571 καὶ
1677 3533 1906 3568 συνανα-

257 3593 506 3671 ιιρίναντα
550 3596 744 3671 πάντα,
777 3598 864 3652 καὶ
922 3596 1309 3675 συναγάμενον.
1356 3598 1573 3673 Ἀμέλει
1631 3600 1717 3657 καὶ
1766 3624 1908 3676 μαν-

258 3692 401 3749 τείας
431 3686 575 3764 τότε,
608 3685 702 3742 οὐκ
732 3676 842 3741 οἶδ’
896 3684 1035 3761 ὃθεν,
1071 3688 1099 3742 ὁ
1128 3685 1536 3767 Ἀπολλοφάνης
1578 3689 1904 3771 ἀπάρχεται,

255 3774 515 3849 καὶπρὸς
556 3776 675 3849 ἐμὲ,
709 3774 889 3851 ὥσπερ
920 3775 985 3831 τά
1036 3778 1327 3854 γιγνόμενα
1373 3776 1714 3859 συμϐάλλων,
1779 3777 1902 3859 ἔφη’

256 3861 460 3941 Ταῦτα,
491 3865 538 3919 ὦ
586 3862 718 3924 καλὲ
785 3864 1042 3940 Διονύσιε,
1095 3868 1246 3923 θείων
1305 3865 1527 3942 ἀμοιϐαί
1554 3869 1904 3949 πραγμάτων,

255 3958 500 4009 Τοσαῦτα
556 3955 630 4017 ὡς
688 3953 808 4010 κατ’
866 3953 1156 4023 ἐπιστολὴν
1227 3957 1365 4033 ἡμῖν
1423 3959 1671 4035 εἰρήσθω.
1729 3960 1801 4016 Σύ
1853 3959 1907 4015 δὲ

255 4043 437 4106 ἱκανὸς
485 4044 573 4100 καὶ
670 4044 735 4100 τά
802 4042 1113 4102 ἐλλείποντα
1192 4045 1740 4129 προσαναπληρῶσαι,
1816 4051 1902 4106 καί

256 4145 623 4210 προσαγαγεῖν
681 4132 878 4197 τελέως
930 4139 1008 4206 τῷ
1063 4135 1177 4210 Θεῷ
1232 4139 1323 4193 τὸν
1386 4135 1565 4215 ἄνδρα,
1621 4140 1781 4219 σοφὸν
1848 4140 1915 4195 τὰ

256 4218 433 4277 πολλά
485 4219 635 4294 ὄντα,
715 4223 803 4278 καὶ
858 4221 994 4283 ἴσως
1073 4223 1169 4278 οῦκ
1248 4223 1618 4289 ἀπαξιώσοντα
1699 4218 1912 4306 πραέως

257 4311 454 4386 μαθεῖν
525 4311 621 4379 τὴν
676 4309 968 4389 ὑπέρσοφον
1033 4311 1131 4379 τῆς
1188 4313 1468 4391 θρησκείας
1553 4313 1708 4391 ἡμῶν
1774 4315 1912 4387 ἀλή-

257 4401 435 4462 θειαν.

1989 3421 2195 3484 refelle
2223 3421 2273 3482 si
2298 3420 2673 3502 potes,idque
2706 3421 3020 3485 adversum
3045 3442 3162 3494 me.
3190 3424 3292 3504 qui
3319 3430 3459 3485 tunc
3492 3440 3641 3502 prae-

1991 3528 2134 3574 sens
2154 3529 2272 3573 una
2300 3521 2492 3573 tecum
2527 3511 2782 3591 adfui,et
2811 3513 2987 3576 simul
3005 3512 3306 3594 aspexi,et
3331 3511 3645 3575 observavi

1992 3599 2192 3660 omnia
2216 3618 2348 3662 cum
2371 3599 2788 3663 admiratione.
2820 3600 3089 3683 Denique
3115 3612 3255 3664 tunc
3285 3602 3491 3664 nescio
3517 3621 3635 3683 quo

1990 3689 2199 3769 spiritu
2213 3688 2531 3765 aﬂlatus,in
2561 3689 2982 3753 divinationem
3007 3710 3246 3773 quoque
3270 3691 3638 3774 Apollopha-

1990 3797 2099 3841 nes
2131 3780 2484 3861 prorupit,et
2504 3779 2575 3841 ad
2605 3797 2700 3841 me
2731 3798 3054 3844 conversus
3078 3799 3098 3845 :
3120 3784 3277 3855 Istas,
3310 3780 3637 3864 inquiebat,

1990 3887 2024 3932 ο
2055 3868 2334 3949 praeclare
2365 3867 2628 3951 Dionysi,
2667 3869 3000 3932 divinarum
3034 3886 3173 3933 sunt
3202 3871 3644 3935 vicissitudines

1991 3977 2215 4021 rerum.
2241 3956 2383 4022 Haec
2426 3977 2460 4021 a
2492 3958 2665 4021 nobis
2695 3969 2973 4041 tanquam
2998 3979 3108 4042 per
3137 3961 3449 4042 epistolam
3482 3961 3643 4023 dicta

1987 4049 2109 4111 sint
2138 4049 2305 4110 satis.
2339 4052 2513 4112 Potes
2542 4068 2715 4127 porro
2748 4051 2877 4130 ipse
2908 4052 3188 4131 supplere
3217 4068 3348 4131 quas
3392 4050 3643 4127 desunt,

1997 4148 2055 4200 et
2083 4138 2155 4200 ad
2190 4138 2373 4201 Deum
2399 4139 2660 4219 perfecte
2695 4140 2888 4199 virum
2913 4139 3237 4220 adducere,
3262 4138 3465 4203 multis
3498 4156 3646 4201 sane

1997 4228 2059 4290 in
2092 4227 2273 4291 rebus
2294 4229 2629 4309 sapientem
2656 4250 2672 4310 ;
2703 4247 2898 4309 neque
2931 4229 3181 4291 fortasse
3213 4227 3645 4308 dedignabitur

2000 4329 2313 4380 mansuete
2324 4337 2392 4380 ac
2406 4318 2958 4382 humiliterdiscere
2977 4318 3288 4402 plusquam
3308 4318 3640 4400 sapientem

1996 4406 2304 4488 religionis
2332 4416 2548 4472 nostrae
2571 4410 2907 4474 veritatem.

1464 4723 2060 4793 ADNOTATIONES
2129 4729 2496 4795 COBDERII.

333 4829 1822 4920 δὲ,ἕψωμεῖιὲἱξῐρὲδφηεὲἓηὶζξῆτὲυξξξιὲηβξωοίεὶ
1862 4835 2197 4920 Ιῖριχρετρω
2246 4841 2503 4920 Smyrnae
2539 4840 2610 4920 .in
2656 4841 2779 4899 Asia
2831 4840 3119 4920 θβίεεορρρ
3165 4839 3344 4920 sancti
3406 4840 3645 4920 Joaquis

258 4901 626 4985 evangelista
655 4901 959 4985 disci-pulo,
994 4901 1705 4985 cuiusnexstat'Epistola
1754 4907 1825 4985 ad
1879 4901 2292 4979 l’hilippenses.
2346 4901 2490 4967 lluic
2536 4912 2724 4985 itaque
2771 4901 3363 4985 san'ctus'Dionysius
3417 4912 3651 4969 modum

258 4972 583 5055 praescribit
624 4974 826 5045 egendi
864 4988 996 5056 cum
1034 4972 1438 5045 Apollophane
1486 4972 1852 5057 philosopho,
1904 4991 1958 5036 et
2004 4972 2338 5053 argumenta
2392 4998 2500 5054 sug
2543 4972 2671 5049 erii,
2722 4985 2954 5056 quibus,
3005 4972 3647 5054 utpote'pbitosopbus,

259 5058 511 5103 maxume
545 5052 843 5111 putaretur
873 5048 1215 5111 capiendus,
1250 5057 1304 5101 et
1347 5058 1595 5102 suaVIter
1622 5047 1986 5107 inducendus
2017 5060 2086 5108 ad
2118 5053 2286 5110 ﬁdem
2320 4999 2659 5111 cathoﬁtam
2709 5054 3187 5111 amplectendam.

259 5047 511 5125 maxime
536 5052 843 5125 putaretur
870 5047 1215 5125 capiendus,
1250 5057 1304 5125 et
1347 5047 1595 5125 suaviter
1622 5047 1986 5125 inducendus
2016 5047 2098 5125 ad
2118 5053 2286 5125 ﬁdem
2320 5047 2667 5125 catholicam
2709 5047 3187 5125 amplectendam.

330 5117 361 5198 ξ
397 5114 469 5172 ll.
503 5114 565 5198 ﬁ
589 5116 710 5198 divo
743 5115 915 5198 Paulo
950 5114 1223 5198 sapientia
1254 5116 1358 5198 De}
1388 5116 1722 5198 immittatur.
1755 5118 1987 5180 Scilicet
2015 5123 2167 5196 Epist
2220 5124 2244 5180 Ι
2275 5124 2345 5183 ad
2376 5125 2627 5189 Corinth.
2663 5142 2785 5198 cap.
2808 5114 2886 5189 'u.
2941 5124 2996 5191 7,
3036 5124 3135 5183 ubi
3166 5132 3241 5182 att
3280 5145 3294 5181 :
3352 5125 3658 5198 Loquimur

255 5187 709 5271 Πξξβαρὶεηιίαπξ
735 5187 1107 5271 ﬁmi/"tria.
1139 5204 1255 5271 qufz
1286 5187 1604 5271 abcqudjta
1634 5197 1726 5271 est.
1766 5200 1894 5271 etc...
1932 5187 2091 5271 vocat
2122 5206 2311 5271 autem
2359 5187 2700 5271 sapienziam
2734 5187 2808 5256 'in
2857 5187 3150 5270 mysterio,
3202 5199 3323 5256 sive
3372 5187 3650 5271 mﬁsterii,

257 5259 481 5341 scilicet
509 5260 703 5341 magni
734 5259 890 5341 illius
923 5259 1210 5341 et_arcani
1241 5260 1470 5341 consilii
1499 5259 1569 5317 de
1596 5262 2004 5341 redemptiope
2031 5267 2333 5341 hominum
2363 5259 2466 5341 pe'r
2499 5267 2806 5328 Christum.

334 5329 759 5415 “iracundum
817 5329 1126 5404 Scriptura
1168 5330 1552 5389 testimonium.
1600 5330 1741 5393 Dan.
1791 5329 1862 5402 i1.
1919 5336 1981 5394 2t
2019 5359 2034 5396 :
2094 5340 2273 5401 Mutat
2328 5329 2558 5413 tempora
2614 5347 2668 5401 et
2709 5348 2912 5410 tatam,
2968 5347 3231 5414 transfert
3284 5356 3455 5414 regna
3505 5346 3658 5415 atque

1595 5500 1857 5568 VARIE
1910 5505 2358 5577 LECTIONES.

259 5403 563 5462 constituit.

422 5631 581 5710 φήσει
624 5629 703 5706 δὲ,
757 5632 826 5694 D.
884 5629 947 5693 Ρ,

264 5710 328 5762 45
361 5709 577 5793 ἔλεγχε.

1059 5627 1119 5679 49
1147 5628 1393 5708 ἀπορίαν,
1441 5627 1504 5691 S.

1617 5627 1832 5690 δθκατᾶ
1889 5635 1985 5703 τὴν
2047 5627 2406 5721 Ἡλιούπολιν,
2463 5643 2529 5705 Ι),
2586 5640 2740 5713 ἡλῖου
2799 5641 2981 5713 πόλιν,
3019 5643 3083 5707 Ρ.

3198 5638 3263 5693 44
3310 5638 3395 5697 ἐπὶ
3448 5639 3531 5721 τό,
3587 5641 3652 5707 S,
