  <div class='ocr_page' id='page_1' title='image "/cluster/home/n/w/nwhite01/storage/ocr_20150623/3/mdp.39015008855614/550.png"; bbox 0 0 4086 6154; ppageno 0'>
   <div class='ocr_carea' id='block_1_1' title="bbox 229 343 398 412">
    <p class='ocr_par' dir='ltr' id='par_1_1' title="bbox 229 343 398 412">
     <span class='ocr_line' id='line_1_1' title="bbox 229 343 398 412; baseline 0.024 -4"><span class='ocrx_word' id='word_1_1' title='bbox 229 344 262 408; x_wconf 77' lang='grc'><strong>1</strong></span> <span class='ocrx_word' id='word_1_2' title='bbox 275 343 398 412; x_wconf 85' lang='grc'><strong>085</strong></span> 
     </span>
    </p>
   </div>
   <div class='ocr_carea' id='block_1_2' title="bbox 1627 339 2232 410">
    <p class='ocr_par' dir='ltr' id='par_1_2' title="bbox 1627 339 2232 410">
     <span class='ocr_line' id='line_1_2' title="bbox 1627 339 2232 410; baseline -0.005 -1"><span class='ocrx_word' id='word_1_3' title='bbox 1627 339 2002 409; x_wconf 81' lang='lat' dir='ltr'><strong>EPISTOLA</strong></span> <span class='ocrx_word' id='word_1_4' title='bbox 2063 344 2232 410; x_wconf 89' lang='lat' dir='ltr'>VIII.</span> 
     </span>
    </p>
   </div>
   <div class='ocr_carea' id='block_1_3' title="bbox 3461 341 3613 412">
    <p class='ocr_par' dir='ltr' id='par_1_3' title="bbox 3461 341 3613 412">
     <span class='ocr_line' id='line_1_3' title="bbox 3461 341 3613 412; baseline 0.02 -2"><span class='ocrx_word' id='word_1_5' title='bbox 3461 346 3481 410; x_wconf 88' lang='lat' dir='ltr'><strong>l</strong></span> <span class='ocrx_word' id='word_1_6' title='bbox 3494 341 3613 412; x_wconf 88' lang='lat'><strong>086</strong></span> 
     </span>
    </p>
   </div>
   <div class='ocr_carea' id='block_1_4' title="bbox 219 475 1879 566">
    <p class='ocr_par' dir='ltr' id='par_1_4' title="bbox 219 482 1869 566">
     <span class='ocr_line' id='line_1_4' title="bbox 219 482 1869 566; baseline 0 -24"><span class='ocrx_word' id='word_1_7' title='bbox 219 483 309 566; x_wconf 80' lang='grc' dir='ltr'>δὲ,</span> <span class='ocrx_word' id='word_1_8' title='bbox 345 482 425 543; x_wconf 77' lang='grc' dir='ltr'>ὅτι</span> <span class='ocrx_word' id='word_1_9' title='bbox 466 483 584 543; x_wconf 98' lang='grc' dir='ltr'>λίαν</span> <span class='ocrx_word' id='word_1_10' title='bbox 641 483 1140 561; x_wconf 83' lang='grc' dir='ltr'>ἀπαυθαδιαζομένῳ</span> <span class='ocrx_word' id='word_1_11' title='bbox 1189 483 1280 542; x_wconf 85' lang='grc' dir='ltr'><strong>καί</strong></span> <span class='ocrx_word' id='word_1_12' title='bbox 1333 484 1706 543; x_wconf 78' lang='grc' dir='ltr'>ἀντιττείνοντι</span> <span class='ocrx_word' id='word_1_13' title='bbox 1747 485 1869 542; x_wconf 75' lang='grc' dir='ltr'>ταῖς</span> 
     </span>
    </p>
   </div>
   <div class='ocr_carea' id='block_1_5' title="bbox 1965 475 3611 566">
    <p class='ocr_par' dir='ltr' id='par_1_5' title="bbox 1965 475 3611 561">
     <span class='ocr_line' id='line_1_5' title="bbox 1965 475 3611 561; baseline 0.001 -19"><span class='ocrx_word' id='word_1_14' title='bbox 1965 478 2411 543; x_wconf 80' lang='lat' dir='ltr'><strong>mansuetudine</strong></span> <span class='ocrx_word' id='word_1_15' title='bbox 2442 477 2785 541; x_wconf 80' lang='lat' dir='ltr'><strong>excludunt.</strong></span> <span class='ocrx_word' id='word_1_16' title='bbox 2835 475 2948 561; x_wconf 88' lang='lat' dir='ltr'><strong>Ipsi</strong></span> <span class='ocrx_word' id='word_1_17' title='bbox 2973 477 3203 543; x_wconf 85' lang='lat' dir='ltr'><strong>scilicet</strong></span> <span class='ocrx_word' id='word_1_18' title='bbox 3221 476 3611 543; x_wconf 86' lang='lat' dir='ltr'><strong>insolescenti</strong></span> 
     </span>
    </p>
   </div>
   <div class='ocr_carea' id='block_1_6' title="bbox 217 571 1880 654">
    <p class='ocr_par' dir='ltr' id='par_1_6' title="bbox 217 571 1880 654">
     <span class='ocr_line' id='line_1_6' title="bbox 217 571 1880 654; baseline -0.004 -20"><span class='ocrx_word' id='word_1_19' title='bbox 217 576 393 640; x_wconf 78' lang='grc' dir='ltr'><strong>θείαις</strong></span> <span class='ocrx_word' id='word_1_20' title='bbox 450 574 675 654; x_wconf 74' lang='grc' dir='ltr'>βουλαῖς</span> <span class='ocrx_word' id='word_1_21' title='bbox 731 574 787 619; x_wconf 69' lang='lat'><strong>‘3</strong></span> <span class='ocrx_word' id='word_1_22' title='bbox 838 577 1071 654; x_wconf 82' lang='grc' dir='ltr'><strong>ὠργίσθη</strong></span> <span class='ocrx_word' id='word_1_23' title='bbox 1128 578 1278 649; x_wconf 71' lang='grc' dir='ltr'>θυμῷ</span> <span class='ocrx_word' id='word_1_24' title='bbox 1326 585 1533 653; x_wconf 87' lang='grc' dir='ltr'>Κυριος,</span> <span class='ocrx_word' id='word_1_25' title='bbox 1591 572 1768 633; x_wconf 81' lang='grc' dir='ltr'>’Ὅταν</span> <span class='ocrx_word' id='word_1_26' title='bbox 1826 571 1880 627; x_wconf 82' lang='grc' dir='ltr'><strong>δὲ</strong></span> 
     </span>
    </p>
   </div>
   <div class='ocr_carea' id='block_1_7' title="bbox 221 662 1876 746">
    <p class='ocr_par' dir='ltr' id='par_1_7' title="bbox 221 662 1876 746">
     <span class='ocr_line' id='line_1_7' title="bbox 221 662 1876 746; baseline -0.002 -24"><span class='ocrx_word' id='word_1_27' title='bbox 221 668 391 724; x_wconf 75' lang='grc' dir='ltr'>αὐτὸν</span> <span class='ocrx_word' id='word_1_28' title='bbox 465 666 829 746; x_wconf 79' lang='grc' dir='ltr'>ἀνακήρυκτον</span> <span class='ocrx_word' id='word_1_29' title='bbox 907 671 1101 723; x_wconf 84' lang='grc' dir='ltr'>ποιῶσι</span> <span class='ocrx_word' id='word_1_30' title='bbox 1152 677 1273 729; x_wconf 74' lang='grc' dir='ltr'>ταῖς</span> <span class='ocrx_word' id='word_1_31' title='bbox 1328 667 1617 744; x_wconf 83' lang='grc' dir='ltr'>θεοκριτοις</span> <span class='ocrx_word' id='word_1_32' title='bbox 1691 662 1876 743; x_wconf 72' lang='grc' dir='ltr'>ἀξίαις,</span> 
     </span>
    </p>
   </div>
   <div class='ocr_carea' id='block_1_8' title="bbox 218 752 1879 837">
    <p class='ocr_par' dir='ltr' id='par_1_8' title="bbox 218 752 1879 837">
     <span class='ocr_line' id='line_1_8' title="bbox 218 752 1879 837; baseline -0.001 -26"><span class='ocrx_word' id='word_1_33' title='bbox 218 753 291 812; x_wconf 76' lang='grc' dir='ltr'>ἐκ</span> <span class='ocrx_word' id='word_1_34' title='bbox 347 760 446 824; x_wconf 77' lang='grc' dir='ltr'>τῆς</span> <span class='ocrx_word' id='word_1_35' title='bbox 499 756 842 837; x_wconf 75' lang='grc' dir='ltr'>προύχούσης</span> <span class='ocrx_word' id='word_1_36' title='bbox 909 752 1140 833; x_wconf 78' lang='grc' dir='ltr'>τάγαθοῦ</span> <span class='ocrx_word' id='word_1_37' title='bbox 1188 753 1540 830; x_wconf 83' lang='grc' dir='ltr'>θεομιμησίας</span> <span class='ocrx_word' id='word_1_38' title='bbox 1582 752 1879 831; x_wconf 72' lang='grc' dir='ltr'>ἀνακηρύτο</span> 
     </span>
    </p>
   </div>
   <div class='ocr_carea' id='block_1_9' title="bbox 214 841 1882 926">
    <p class='ocr_par' dir='ltr' id='par_1_9' title="bbox 214 841 1882 926">
     <span class='ocr_line' id='line_1_9' title="bbox 214 841 1882 926; baseline -0.001 -25"><span class='ocrx_word' id='word_1_39' title='bbox 214 866 374 903; x_wconf 84' lang='grc' dir='ltr'>τεται</span> <span class='ocrx_word' id='word_1_40' title='bbox 415 862 430 878; x_wconf 76' lang='grc'>⁸</span> <span class='ocrx_word' id='word_1_41' title='bbox 487 846 576 904; x_wconf 87' lang='grc' dir='ltr'><strong>καὶ</strong></span> <span class='ocrx_word' id='word_1_42' title='bbox 633 847 732 926; x_wconf 79' lang='grc' dir='ltr'>γὰρ</span> <span class='ocrx_word' id='word_1_43' title='bbox 786 846 855 916; x_wconf 80' lang='grc' dir='ltr'>ἧν</span> <span class='ocrx_word' id='word_1_44' title='bbox 913 850 1078 923; x_wconf 86' lang='grc' dir='ltr'>πρᾶος</span> <span class='ocrx_word' id='word_1_45' title='bbox 1124 842 1321 923; x_wconf 81' lang='grc' dir='ltr'>σφόδρα</span> <span class='ocrx_word' id='word_1_46' title='bbox 1352 890 1369 919; x_wconf 85' lang='grc'><strong>,</strong></span> <span class='ocrx_word' id='word_1_47' title='bbox 1404 843 1495 899; x_wconf 80' lang='grc' dir='ltr'><strong>καὶ</strong></span> <span class='ocrx_word' id='word_1_48' title='bbox 1535 841 1664 921; x_wconf 67' lang='grc' dir='ltr'>ὅπερ</span> <span class='ocrx_word' id='word_1_49' title='bbox 1694 842 1882 900; x_wconf 84' lang='grc' dir='ltr'>τούτου</span> 
     </span>
    </p>
   </div>
   <div class='ocr_carea' id='block_1_10' title="bbox 214 931 1880 1015">
    <p class='ocr_par' dir='ltr' id='par_1_10' title="bbox 214 931 1880 1015">
     <span class='ocr_line' id='line_1_10' title="bbox 214 931 1880 1015; baseline -0.005 -24"><span class='ocrx_word' id='word_1_50' title='bbox 214 932 441 1013; x_wconf 70' lang='grc' dir='ltr'>λέγεται</span> <span class='ocrx_word' id='word_1_51' title='bbox 476 950 490 966; x_wconf 87' lang='grc'>⁶</span> <span class='ocrx_word' id='word_1_52' title='bbox 524 937 764 1015; x_wconf 80' lang='grc' dir='ltr'>Θεράπων</span> <span class='ocrx_word' id='word_1_53' title='bbox 825 941 979 1015; x_wconf 83' lang='grc' dir='ltr'>Θεοῦ,</span> <span class='ocrx_word' id='word_1_54' title='bbox 1023 935 1111 991; x_wconf 83' lang='grc' dir='ltr'><strong>καὶ</strong></span> <span class='ocrx_word' id='word_1_55' title='bbox 1169 934 1243 1000; x_wconf 82' lang='grc' dir='ltr'>εἷς</span> <span class='ocrx_word' id='word_1_56' title='bbox 1301 931 1575 989; x_wconf 75' lang='grc' dir='ltr'>θεόπτείαν</span> <span class='ocrx_word' id='word_1_57' title='bbox 1633 931 1880 988; x_wconf 75' lang='grc' dir='ltr'>ἁπάντων</span> 
     </span>
    </p>
   </div>
   <div class='ocr_carea' id='block_1_11' title="bbox 214 1020 1881 1105">
    <p class='ocr_par' dir='ltr' id='par_1_11' title="bbox 214 1020 1881 1105">
     <span class='ocr_line' id='line_1_11' title="bbox 214 1020 1881 1105; baseline -0.003 -24"><span class='ocrx_word' id='word_1_58' title='bbox 214 1031 517 1104; x_wconf 71' lang='grc' dir='ltr'>προφητῶν</span> <span class='ocrx_word' id='word_1_59' title='bbox 595 1024 898 1105; x_wconf 83' lang='grc' dir='ltr'>ἀξιώτερος.</span> <span class='ocrx_word' id='word_1_60' title='bbox 954 1021 1121 1082; x_wconf 82' lang='grc' dir='ltr'>Ἀλλὰ</span> <span class='ocrx_word' id='word_1_61' title='bbox 1168 1025 1256 1080; x_wconf 85' lang='grc' dir='ltr'><strong>καὶ</strong></span> <span class='ocrx_word' id='word_1_62' title='bbox 1286 1021 1374 1079; x_wconf 81' lang='grc' dir='ltr'><strong>ὅτε</strong></span> <span class='ocrx_word' id='word_1_63' title='bbox 1418 1022 1550 1100; x_wconf 81' lang='grc' dir='ltr'>πρὸς</span> <span class='ocrx_word' id='word_1_64' title='bbox 1605 1020 1764 1077; x_wconf 83' lang='grc' dir='ltr'>αύτὸν</span> <span class='ocrx_word' id='word_1_65' title='bbox 1792 1022 1881 1079; x_wconf 84' lang='grc' dir='ltr'>καὶ</span> 
     </span>
    </p>
   </div>
   <div class='ocr_carea' id='block_1_12' title="bbox 211 1111 1881 1195">
    <p class='ocr_par' dir='ltr' id='par_1_12' title="bbox 211 1111 1881 1195">
     <span class='ocr_line' id='line_1_12' title="bbox 211 1111 1881 1195; baseline -0.001 -25"><span class='ocrx_word' id='word_1_66' title='bbox 211 1115 318 1170; x_wconf 74' lang='grc' dir='ltr'>τὸν</span> <span class='ocrx_word' id='word_1_67' title='bbox 371 1112 583 1195; x_wconf 79' lang='grc' dir='ltr'>Ἀαρὼν</span> <span class='ocrx_word' id='word_1_68' title='bbox 639 1116 820 1192; x_wconf 79' lang='grc' dir='ltr'>ἰταμοί</span> <span class='ocrx_word' id='word_1_69' title='bbox 898 1135 1036 1179; x_wconf 85' lang='grc' dir='ltr'>τινες</span> <span class='ocrx_word' id='word_1_70' title='bbox 1133 1113 1265 1192; x_wconf 72' lang='grc' dir='ltr'>ὑπὲρ</span> <span class='ocrx_word' id='word_1_71' title='bbox 1320 1111 1723 1191; x_wconf 77' lang='grc' dir='ltr'><strong>ἀρχιερωσύνης</strong></span> <span class='ocrx_word' id='word_1_72' title='bbox 1795 1111 1881 1168; x_wconf 85' lang='grc' dir='ltr'><strong>καὶ</strong></span> 
     </span>
    </p>
   </div>
   <div class='ocr_carea' id='block_1_13' title="bbox 215 1196 1883 1288">
    <p class='ocr_par' dir='ltr' id='par_1_13' title="bbox 215 1196 1883 1288">
     <span class='ocr_line' id='line_1_13' title="bbox 215 1196 1883 1288; baseline -0.003 -26"><span class='ocrx_word' id='word_1_73' title='bbox 215 1196 509 1287; x_wconf 60' lang='grc' dir='ltr'>ἒθναρχίας</span> <span class='ocrx_word' id='word_1_74' title='bbox 538 1207 916 1288; x_wconf 79' lang='grc' dir='ltr'>ἐφιλονεὶκουν,</span> <span class='ocrx_word' id='word_1_75' title='bbox 975 1207 1234 1286; x_wconf 68' lang='grc' dir='ltr'>ὑπερεῖχε</span> <span class='ocrx_word' id='word_1_76' title='bbox 1270 1204 1369 1279; x_wconf 77' lang='grc' dir='ltr'>μὲν</span> <span class='ocrx_word' id='word_1_77' title='bbox 1416 1202 1630 1270; x_wconf 73' lang='grc' dir='ltr'>ἀπάσης</span> <span class='ocrx_word' id='word_1_78' title='bbox 1679 1200 1883 1282; x_wconf 79' lang='grc' dir='ltr'>φιλοτι-</span> 
     </span>
    </p>
   </div>
   <div class='ocr_carea' id='block_1_14' title="bbox 215 1291 1878 1376">
    <p class='ocr_par' dir='ltr' id='par_1_14' title="bbox 215 1291 1878 1376">
     <span class='ocr_line' id='line_1_14' title="bbox 215 1291 1878 1376; baseline -0.002 -25"><span class='ocrx_word' id='word_1_79' title='bbox 215 1297 350 1371; x_wconf 81' lang='grc' dir='ltr'>μίας</span> <span class='ocrx_word' id='word_1_80' title='bbox 401 1298 489 1354; x_wconf 84' lang='grc' dir='ltr'><strong>καὶ</strong></span> <span class='ocrx_word' id='word_1_81' title='bbox 567 1295 881 1376; x_wconf 77' lang='grc' dir='ltr'>φιλαρχίας,</span> <span class='ocrx_word' id='word_1_82' title='bbox 953 1298 1041 1352; x_wconf 86' lang='grc' dir='ltr'><strong>καὶ</strong></span> <span class='ocrx_word' id='word_1_83' title='bbox 1112 1294 1418 1375; x_wconf 82' lang='grc' dir='ltr'>παρεχώρει</span> <span class='ocrx_word' id='word_1_84' title='bbox 1474 1297 1553 1366; x_wconf 79' lang='grc' dir='ltr'><strong>τῷ</strong></span> <span class='ocrx_word' id='word_1_85' title='bbox 1627 1291 1878 1370; x_wconf 79' lang='grc' dir='ltr'>θεοκρίτῳ</span> 
     </span>
    </p>
   </div>
   <div class='ocr_carea' id='block_1_15' title="bbox 216 1380 1878 1464">
    <p class='ocr_par' dir='ltr' id='par_1_15' title="bbox 216 1380 1878 1464">
     <span class='ocr_line' id='line_1_15' title="bbox 216 1380 1878 1464; baseline -0.004 -20"><span class='ocrx_word' id='word_1_86' title='bbox 216 1387 327 1454; x_wconf 74' lang='grc' dir='ltr'>τὴν</span> <span class='ocrx_word' id='word_1_87' title='bbox 384 1393 477 1444; x_wconf 82' lang='grc' dir='ltr'><strong>τοῦ</strong></span> <span class='ocrx_word' id='word_1_88' title='bbox 532 1380 664 1444; x_wconf 70' lang='grc' dir='ltr'>λαοῦ</span> <span class='ocrx_word' id='word_1_89' title='bbox 722 1386 1064 1464; x_wconf 83' lang='grc' dir='ltr'>προστασίαν.</span> <span class='ocrx_word' id='word_1_90' title='bbox 1114 1382 1313 1451; x_wconf 81' lang='grc' dir='ltr'>Ἐπεδὴ</span> <span class='ocrx_word' id='word_1_91' title='bbox 1391 1382 1445 1439; x_wconf 81' lang='grc' dir='ltr'>δὲ</span> <span class='ocrx_word' id='word_1_92' title='bbox 1488 1384 1575 1440; x_wconf 79' lang='grc' dir='ltr'><strong>καὶ</strong></span> <span class='ocrx_word' id='word_1_93' title='bbox 1632 1382 1878 1438; x_wconf 78' lang='grc' dir='ltr'>ἐπισυνέ-</span> 
     </span>
    </p>
   </div>
   <div class='ocr_carea' id='block_1_16' title="bbox 218 1470 1875 1557">
    <p class='ocr_par' dir='ltr' id='par_1_16' title="bbox 218 1470 1875 1557">
     <span class='ocr_line' id='line_1_16' title="bbox 218 1470 1875 1557; baseline -0.004 -23"><span class='ocrx_word' id='word_1_94' title='bbox 218 1500 432 1545; x_wconf 81' lang='grc' dir='ltr'>στησαν</span> <span class='ocrx_word' id='word_1_95' title='bbox 491 1480 657 1557; x_wconf 74' lang='grc' dir='ltr'>αὒτῷ,</span> <span class='ocrx_word' id='word_1_96' title='bbox 701 1478 789 1534; x_wconf 84' lang='grc' dir='ltr'><strong>καὶ</strong></span> <span class='ocrx_word' id='word_1_97' title='bbox 866 1478 985 1554; x_wconf 80' lang='grc' dir='ltr'>περὶ</span> <span class='ocrx_word' id='word_1_98' title='bbox 1054 1481 1160 1533; x_wconf 78' lang='grc' dir='ltr'><strong>τῶν</strong></span> <span class='ocrx_word' id='word_1_99' title='bbox 1220 1473 1491 1554; x_wconf 80' lang='grc' dir='ltr'><strong>προτέρων</strong></span> <span class='ocrx_word' id='word_1_100' title='bbox 1540 1470 1875 1543; x_wconf 74' lang='grc' dir='ltr'>ὀνειδίζοντες</span> 
     </span>
    </p>
   </div>
   <div class='ocr_carea' id='block_1_17' title="bbox 216 1559 1874 1645">
    <p class='ocr_par' dir='ltr' id='par_1_17' title="bbox 216 1559 1874 1645">
     <span class='ocr_line' id='line_1_17' title="bbox 216 1559 1874 1645; baseline -0.004 -23"><span class='ocrx_word' id='word_1_101' title='bbox 216 1565 500 1645; x_wconf 72' lang='grc' dir='ltr'>ἠπείλουν,</span> <span class='ocrx_word' id='word_1_102' title='bbox 561 1567 651 1622; x_wconf 82' lang='grc' dir='ltr'><strong>καὶ</strong></span> <span class='ocrx_word' id='word_1_103' title='bbox 709 1563 812 1633; x_wconf 77' lang='grc' dir='ltr'><strong>ἠδη</strong></span> <span class='ocrx_word' id='word_1_104' title='bbox 870 1562 1066 1645; x_wconf 76' lang='grc' dir='ltr'>σχεδὸν</span> <span class='ocrx_word' id='word_1_105' title='bbox 1123 1562 1382 1641; x_wconf 72' lang='grc' dir='ltr'>ἐπῄεσαν,</span> <span class='ocrx_word' id='word_1_106' title='bbox 1418 1559 1676 1618; x_wconf 68' lang='grc' dir='ltr'>ἐπεϐοᾶτο</span> <span class='ocrx_word' id='word_1_107' title='bbox 1706 1560 1802 1636; x_wconf 80' lang='grc' dir='ltr'>μὲν</span> <span class='ocrx_word' id='word_1_108' title='bbox 1847 1562 1874 1615; x_wconf 87' lang='lat'><strong>6</strong></span> 
     </span>
    </p>
   </div>
   <div class='ocr_carea' id='block_1_18' title="bbox 218 1648 1873 1734">
    <p class='ocr_par' dir='ltr' id='par_1_18' title="bbox 218 1648 1873 1734">
     <span class='ocr_line' id='line_1_18' title="bbox 218 1648 1873 1734; baseline -0.005 -21"><span class='ocrx_word' id='word_1_109' title='bbox 218 1662 394 1728; x_wconf 83' lang='grc' dir='ltr'>πρᾶος</span> <span class='ocrx_word' id='word_1_110' title='bbox 454 1658 545 1712; x_wconf 76' lang='grc' dir='ltr'><strong>τὸν</strong></span> <span class='ocrx_word' id='word_1_111' title='bbox 604 1658 800 1734; x_wconf 78' lang='grc' dir='ltr'>ἀγαθὸν</span> <span class='ocrx_word' id='word_1_112' title='bbox 852 1657 921 1720; x_wconf 81' lang='grc' dir='ltr'><strong>εὶς</strong></span> <span class='ocrx_word' id='word_1_113' title='bbox 980 1655 1269 1733; x_wconf 80' lang='grc' dir='ltr'>σωτηρίαν,</span> <span class='ocrx_word' id='word_1_114' title='bbox 1348 1651 1762 1731; x_wconf 72' lang='grc' dir='ltr'>ἐπαρρησιάζετο</span> <span class='ocrx_word' id='word_1_115' title='bbox 1820 1648 1873 1705; x_wconf 76' lang='grc' dir='ltr'><strong>δὲ</strong></span> 
     </span>
    </p>
   </div>
   <div class='ocr_carea' id='block_1_19' title="bbox 217 1739 1871 1821">
    <p class='ocr_par' dir='ltr' id='par_1_19' title="bbox 217 1739 1871 1821">
     <span class='ocr_line' id='line_1_19' title="bbox 217 1739 1871 1821; baseline -0.004 -19"><span class='ocrx_word' id='word_1_116' title='bbox 217 1742 344 1802; x_wconf 83' lang='grc' dir='ltr'>λίαν</span> <span class='ocrx_word' id='word_1_117' title='bbox 399 1744 669 1817; x_wconf 80' lang='grc' dir='ltr'>ἐπιεικῶς,</span> <span class='ocrx_word' id='word_1_118' title='bbox 717 1744 796 1801; x_wconf 79' lang='grc' dir='ltr'>ὃτι</span> <span class='ocrx_word' id='word_1_119' title='bbox 838 1746 1051 1801; x_wconf 80' lang='grc' dir='ltr'>πάντων</span> <span class='ocrx_word' id='word_1_120' title='bbox 1107 1743 1200 1811; x_wconf 79' lang='grc' dir='ltr'><strong>εἴη</strong></span> <span class='ocrx_word' id='word_1_121' title='bbox 1257 1750 1438 1800; x_wconf 82' lang='grc' dir='ltr'>κακῶν</span> <span class='ocrx_word' id='word_1_122' title='bbox 1468 1754 1585 1805; x_wconf 74' lang='grc' dir='ltr'>τοϊς</span> <span class='ocrx_word' id='word_1_123' title='bbox 1626 1739 1871 1821; x_wconf 80' lang='grc' dir='ltr'>ἀρχομέ-</span> 
     </span>
    </p>
   </div>
   <div class='ocr_carea' id='block_1_20' title="bbox 1963 567 3608 644">
    <p class='ocr_par' dir='ltr' id='par_1_20' title="bbox 1963 567 3608 644">
     <span class='ocr_line' id='line_1_20' title="bbox 1963 567 3608 644; baseline 0 -11"><span class='ocrx_word' id='word_1_124' title='bbox 1963 569 2394 644; x_wconf 87' lang='lat' dir='ltr'><strong>admodum,et</strong></span> <span class='ocrx_word' id='word_1_125' title='bbox 2449 567 2669 631; x_wconf 84' lang='lat' dir='ltr'><strong>divinis</strong></span> <span class='ocrx_word' id='word_1_126' title='bbox 2715 570 2986 633; x_wconf 87' lang='lat' dir='ltr'><strong>consiliis</strong></span> <span class='ocrx_word' id='word_1_127' title='bbox 3043 570 3356 633; x_wconf 78' lang='lat' dir='ltr'><strong>reluctanti</strong></span> <span class='ocrx_word' id='word_1_128' title='bbox 3391 576 3608 633; x_wconf 86' lang='lat' dir='ltr'><strong>tratum</strong></span> 
     </span>
    </p>
   </div>
   <div class='ocr_carea' id='block_1_21' title="bbox 1963 658 3612 724">
    <p class='ocr_par' dir='ltr' id='par_1_21' title="bbox 1963 658 3612 724">
     <span class='ocr_line' id='line_1_21' title="bbox 1963 658 3612 724; baseline 0.001 -1"><span class='ocrx_word' id='word_1_129' title='bbox 1963 670 2238 723; x_wconf 84' lang='lat' dir='ltr'><strong>asserunt</strong></span> <span class='ocrx_word' id='word_1_130' title='bbox 2266 661 2465 722; x_wconf 79' lang='lat' dir='ltr'><strong>furore</strong></span> <span class='ocrx_word' id='word_1_131' title='bbox 2494 658 2966 724; x_wconf 88' lang='lat' dir='ltr'><strong>Dominum.Ubi</strong></span> <span class='ocrx_word' id='word_1_132' title='bbox 3000 680 3137 723; x_wconf 92' lang='lat' dir='ltr'><strong>vero</strong></span> <span class='ocrx_word' id='word_1_133' title='bbox 3169 661 3431 723; x_wconf 79' lang='lat' dir='ltr'><strong>decretis</strong></span> <span class='ocrx_word' id='word_1_134' title='bbox 3461 661 3545 723; x_wconf 90' lang='lat' dir='ltr'><strong>illi</strong></span> <span class='ocrx_word' id='word_1_135' title='bbox 3573 678 3612 724; x_wconf 85' lang='lat' dir='ltr'><strong>a</strong></span> 
     </span>
    </p>
   </div>
   <div class='ocr_carea' id='block_1_22' title="bbox 1964 749 3608 832">
    <p class='ocr_par' dir='ltr' id='par_1_22' title="bbox 1964 749 3608 832">
     <span class='ocr_line' id='line_1_22' title="bbox 1964 749 3608 832; baseline -0.001 -18"><span class='ocrx_word' id='word_1_136' title='bbox 1964 749 2087 814; x_wconf 89' lang='lat' dir='ltr'><strong>Deo</strong></span> <span class='ocrx_word' id='word_1_137' title='bbox 2117 750 2507 830; x_wconf 85' lang='lat' dir='ltr'><strong>dignitatibus</strong></span> <span class='ocrx_word' id='word_1_138' title='bbox 2530 750 2828 812; x_wconf 89' lang='lat' dir='ltr'><strong>illustrem</strong></span> <span class='ocrx_word' id='word_1_139' title='bbox 2878 751 3222 831; x_wconf 66' lang='lat' dir='ltr'><strong>praedicant,</strong></span> <span class='ocrx_word' id='word_1_140' title='bbox 3267 771 3300 813; x_wconf 92' lang='lat' dir='ltr'><strong>a</strong></span> <span class='ocrx_word' id='word_1_141' title='bbox 3330 751 3608 832; x_wconf 85' lang='lat' dir='ltr'><strong>praeemi—</strong></span> 
     </span>
    </p>
   </div>
   <div class='ocr_carea' id='block_1_23' title="bbox 1968 838 3612 920">
    <p class='ocr_par' dir='ltr' id='par_1_23' title="bbox 1968 838 3612 920">
     <span class='ocr_line' id='line_1_23' title="bbox 1968 838 3612 920; baseline 0.001 -17"><span class='ocrx_word' id='word_1_142' title='bbox 1968 848 2148 904; x_wconf 91' lang='lat' dir='ltr'><strong>nente</strong></span> <span class='ocrx_word' id='word_1_143' title='bbox 2177 840 2423 920; x_wconf 86' lang='lat' dir='ltr'><strong>benigni</strong></span> <span class='ocrx_word' id='word_1_144' title='bbox 2452 839 2557 902; x_wconf 92' lang='lat' dir='ltr'><strong>Dei</strong></span> <span class='ocrx_word' id='word_1_145' title='bbox 2583 838 2923 902; x_wconf 87' lang='lat' dir='ltr'><strong>imitatione</strong></span> <span class='ocrx_word' id='word_1_146' title='bbox 2955 841 3408 904; x_wconf 83' lang='lat' dir='ltr'><strong>commendatus</strong></span> <span class='ocrx_word' id='word_1_147' title='bbox 3438 860 3454 917; x_wconf 85' lang='lat'><strong>;</strong></span> <span class='ocrx_word' id='word_1_148' title='bbox 3485 850 3612 904; x_wconf 87' lang='lat' dir='ltr'><strong>erat</strong></span> 
     </span>
    </p>
   </div>
   <div class='ocr_carea' id='block_1_24' title="bbox 1965 930 3612 1008">
    <p class='ocr_par' dir='ltr' id='par_1_24' title="bbox 1965 930 3612 1008">
     <span class='ocr_line' id='line_1_24' title="bbox 1965 930 3612 1008; baseline 0.001 -16"><span class='ocrx_word' id='word_1_149' title='bbox 1965 931 2125 992; x_wconf 90' lang='lat' dir='ltr'><strong>enim</strong></span> <span class='ocrx_word' id='word_1_150' title='bbox 2139 930 2460 994; x_wconf 87' lang='lat' dir='ltr'><strong>admodum</strong></span> <span class='ocrx_word' id='word_1_151' title='bbox 2492 937 3048 1008; x_wconf 86' lang='lat' dir='ltr'><strong>mansuetus,atque</strong></span> <span class='ocrx_word' id='word_1_152' title='bbox 3069 931 3202 993; x_wconf 92' lang='lat' dir='ltr'><strong>ideo</strong></span> <span class='ocrx_word' id='word_1_153' title='bbox 3228 931 3336 995; x_wconf 85' lang='lat' dir='ltr'><strong>Dei</strong></span> <span class='ocrx_word' id='word_1_154' title='bbox 3360 932 3612 995; x_wconf 83' lang='lat' dir='ltr'><strong>famulus</strong></span> 
     </span>
    </p>
   </div>
   <div class='ocr_carea' id='block_1_25' title="bbox 1965 1021 3609 1102">
    <p class='ocr_par' dir='ltr' id='par_1_25' title="bbox 1965 1021 3609 1102">
     <span class='ocr_line' id='line_1_25' title="bbox 1965 1021 3609 1102; baseline 0.001 -19"><span class='ocrx_word' id='word_1_155' title='bbox 1965 1029 2367 1102; x_wconf 82' lang='lat' dir='ltr'><strong>nuncupatur,</strong></span> <span class='ocrx_word' id='word_1_156' title='bbox 2432 1021 2663 1083; x_wconf 63' lang='lat' dir='ltr'><strong>caeteris</strong></span> <span class='ocrx_word' id='word_1_157' title='bbox 2714 1021 3018 1101; x_wconf 84' lang='lat' dir='ltr'><strong>prophetis</strong></span> <span class='ocrx_word' id='word_1_158' title='bbox 3089 1021 3325 1102; x_wconf 82' lang='lat' dir='ltr'><strong>dignior</strong></span> <span class='ocrx_word' id='word_1_159' title='bbox 3380 1023 3453 1084; x_wconf 84' lang='lat' dir='ltr'><strong>ad</strong></span> <span class='ocrx_word' id='word_1_160' title='bbox 3511 1023 3609 1086; x_wconf 81' lang='lat' dir='ltr'><strong>vi-</strong></span> 
     </span>
    </p>
   </div>
   <div class='ocr_carea' id='block_1_26' title="bbox 1966 1108 3614 1182">
    <p class='ocr_par' dir='ltr' id='par_1_26' title="bbox 1966 1108 3614 1182">
     <span class='ocr_line' id='line_1_26' title="bbox 1966 1108 3614 1182; baseline -0.002 -12"><span class='ocrx_word' id='word_1_161' title='bbox 1966 1108 2229 1171; x_wconf 90' lang='lat' dir='ltr'><strong>dendum</strong></span> <span class='ocrx_word' id='word_1_162' title='bbox 2288 1108 2500 1172; x_wconf 91' lang='lat' dir='ltr'><strong>Deum.</strong></span> <span class='ocrx_word' id='word_1_163' title='bbox 2562 1109 2838 1182; x_wconf 87' lang='lat' dir='ltr'><strong>Quinimo</strong></span> <span class='ocrx_word' id='word_1_164' title='bbox 2895 1128 3032 1171; x_wconf 82' lang='lat' dir='ltr'><strong>cum</strong></span> <span class='ocrx_word' id='word_1_165' title='bbox 3082 1109 3372 1171; x_wconf 86' lang='lat' dir='ltr'><strong>adversus</strong></span> <span class='ocrx_word' id='word_1_166' title='bbox 3393 1126 3530 1171; x_wconf 90' lang='lat' dir='ltr'><strong>eum</strong></span> <span class='ocrx_word' id='word_1_167' title='bbox 3553 1112 3614 1171; x_wconf 89' lang='lat' dir='ltr'><strong>et</strong></span> 
     </span>
    </p>
   </div>
   <div class='ocr_carea' id='block_1_27' title="bbox 1963 1198 3609 1281">
    <p class='ocr_par' dir='ltr' id='par_1_27' title="bbox 1963 1198 3609 1281">
     <span class='ocr_line' id='line_1_27' title="bbox 1963 1198 3609 1281; baseline 0.002 -21"><span class='ocrx_word' id='word_1_168' title='bbox 1963 1199 2258 1260; x_wconf 85' lang='lat' dir='ltr'><strong>Aaronem</strong></span> <span class='ocrx_word' id='word_1_169' title='bbox 2284 1199 2359 1261; x_wconf 88' lang='lat' dir='ltr'><strong>de</strong></span> <span class='ocrx_word' id='word_1_170' title='bbox 2389 1198 2739 1281; x_wconf 80' lang='lat' dir='ltr'><strong>pontiﬁcatu</strong></span> <span class='ocrx_word' id='word_1_171' title='bbox 2760 1219 2829 1261; x_wconf 89' lang='lat' dir='ltr'><strong>ac</strong></span> <span class='ocrx_word' id='word_1_172' title='bbox 2845 1200 3040 1279; x_wconf 86' lang='lat' dir='ltr'><strong>gentis</strong></span> <span class='ocrx_word' id='word_1_173' title='bbox 3064 1200 3389 1281; x_wconf 80' lang='lat' dir='ltr'><strong>principatu</strong></span> <span class='ocrx_word' id='word_1_174' title='bbox 3416 1199 3609 1281; x_wconf 88' lang='lat' dir='ltr'><strong>impu-</strong></span> 
     </span>
    </p>
   </div>
   <div class='ocr_carea' id='block_1_28' title="bbox 1967 1288 3605 1369">
    <p class='ocr_par' dir='ltr' id='par_1_28' title="bbox 1967 1288 3605 1369">
     <span class='ocr_line' id='line_1_28' title="bbox 1967 1288 3605 1369; baseline 0.002 -21"><span class='ocrx_word' id='word_1_175' title='bbox 1967 1288 2177 1351; x_wconf 81' lang='lat' dir='ltr'><strong>dentes</strong></span> <span class='ocrx_word' id='word_1_176' title='bbox 2208 1289 2387 1367; x_wconf 85' lang='lat' dir='ltr'><strong>aliqui</strong></span> <span class='ocrx_word' id='word_1_177' title='bbox 2416 1298 2690 1369; x_wconf 89' lang='lat' dir='ltr'><strong>proterve</strong></span> <span class='ocrx_word' id='word_1_178' title='bbox 2721 1288 3095 1365; x_wconf 81' lang='lat' dir='ltr'><strong>dimicarent,</strong></span> <span class='ocrx_word' id='word_1_179' title='bbox 3120 1291 3283 1353; x_wconf 89' lang='lat' dir='ltr'><strong>omni</strong></span> <span class='ocrx_word' id='word_1_180' title='bbox 3313 1308 3457 1352; x_wconf 83' lang='lat' dir='ltr'><strong>sane</strong></span> <span class='ocrx_word' id='word_1_181' title='bbox 3490 1291 3605 1352; x_wconf 88' lang='lat' dir='ltr'><strong>ho-</strong></span> 
     </span>
    </p>
   </div>
   <div class='ocr_carea' id='block_1_29' title="bbox 1963 1378 3609 1460">
    <p class='ocr_par' dir='ltr' id='par_1_29' title="bbox 1963 1378 3609 1460">
     <span class='ocr_line' id='line_1_29' title="bbox 1963 1378 3609 1460; baseline 0.002 -21"><span class='ocrx_word' id='word_1_182' title='bbox 1963 1379 2130 1441; x_wconf 88' lang='lat' dir='ltr'><strong>noris</strong></span> <span class='ocrx_word' id='word_1_183' title='bbox 2160 1398 2227 1440; x_wconf 88' lang='lat' dir='ltr'><strong>ac</strong></span> <span class='ocrx_word' id='word_1_184' title='bbox 2253 1379 2541 1460; x_wconf 83' lang='lat' dir='ltr'><strong>primatus</strong></span> <span class='ocrx_word' id='word_1_185' title='bbox 2571 1379 2897 1442; x_wconf 84' lang='lat' dir='ltr'><strong>ambitione</strong></span> <span class='ocrx_word' id='word_1_186' title='bbox 2928 1379 3168 1453; x_wconf 85' lang='lat' dir='ltr'><strong>celsinr,</strong></span> <span class='ocrx_word' id='word_1_187' title='bbox 3201 1380 3258 1442; x_wconf 92' lang='lat' dir='ltr'><strong>ei</strong></span> <span class='ocrx_word' id='word_1_188' title='bbox 3291 1379 3394 1457; x_wconf 87' lang='lat' dir='ltr'><strong>qui</strong></span> <span class='ocrx_word' id='word_1_189' title='bbox 3424 1397 3457 1441; x_wconf 90' lang='lat' dir='ltr'><strong>a</strong></span> <span class='ocrx_word' id='word_1_190' title='bbox 3487 1378 3609 1443; x_wconf 90' lang='lat' dir='ltr'><strong>Deo</strong></span> 
     </span>
    </p>
   </div>
   <div class='ocr_carea' id='block_1_30' title="bbox 1965 1467 3612 1551">
    <p class='ocr_par' dir='ltr' id='par_1_30' title="bbox 1965 1467 3612 1551">
     <span class='ocr_line' id='line_1_30' title="bbox 1965 1467 3612 1551; baseline 0.001 -21"><span class='ocrx_word' id='word_1_191' title='bbox 1965 1467 2309 1547; x_wconf 80' lang='lat' dir='ltr'><strong>eligeretur,</strong></span> <span class='ocrx_word' id='word_1_192' title='bbox 2347 1470 2544 1551; x_wconf 87' lang='lat' dir='ltr'><strong>populi</strong></span> <span class='ocrx_word' id='word_1_193' title='bbox 2580 1471 2990 1551; x_wconf 64' lang='lat' dir='ltr'><strong>praefecturam</strong></span> <span class='ocrx_word' id='word_1_194' title='bbox 3024 1470 3393 1533; x_wconf 70' lang='lat' dir='ltr'><strong>deferebats.</strong></span> <span class='ocrx_word' id='word_1_195' title='bbox 3431 1469 3612 1534; x_wconf 61' lang='lat' dir='ltr'><strong>Caste-</strong></span> 
     </span>
    </p>
   </div>
   <div class='ocr_carea' id='block_1_31' title="bbox 1965 1558 3613 1641">
    <p class='ocr_par' dir='ltr' id='par_1_31' title="bbox 1965 1558 3613 1641">
     <span class='ocr_line' id='line_1_31' title="bbox 1965 1558 3613 1641; baseline 0.002 -22"><span class='ocrx_word' id='word_1_196' title='bbox 1965 1577 2094 1620; x_wconf 90' lang='lat' dir='ltr'><strong>rum</strong></span> <span class='ocrx_word' id='word_1_197' title='bbox 2116 1558 2217 1620; x_wconf 87' lang='lat' dir='ltr'><strong>ubi</strong></span> <span class='ocrx_word' id='word_1_198' title='bbox 2244 1558 2306 1620; x_wconf 87' lang='lat' dir='ltr'><strong>in</strong></span> <span class='ocrx_word' id='word_1_199' title='bbox 2339 1561 2526 1639; x_wconf 90' lang='lat' dir='ltr'><strong>ipsum</strong></span> <span class='ocrx_word' id='word_1_200' title='bbox 2561 1561 3367 1641; x_wconf 87' lang='lat' dir='ltr'><strong>conjurassent,pristinaque</strong></span> <span class='ocrx_word' id='word_1_201' title='bbox 3399 1578 3613 1639; x_wconf 81' lang='lat' dir='ltr'><strong>expro-</strong></span> 
     </span>
    </p>
   </div>
   <div class='ocr_carea' id='block_1_32' title="bbox 1963 1647 3607 1732">
    <p class='ocr_par' dir='ltr' id='par_1_32' title="bbox 1963 1647 3607 1732">
     <span class='ocr_line' id='line_1_32' title="bbox 1963 1647 3607 1732; baseline 0.002 -24"><span class='ocrx_word' id='word_1_202' title='bbox 1963 1647 2193 1710; x_wconf 89' lang='lat' dir='ltr'><strong>brando</strong></span> <span class='ocrx_word' id='word_1_203' title='bbox 2227 1648 2417 1711; x_wconf 89' lang='lat' dir='ltr'><strong>minas</strong></span> <span class='ocrx_word' id='word_1_204' title='bbox 2446 1649 2860 1730; x_wconf 88' lang='lat' dir='ltr'><strong>intentassent,</strong></span> <span class='ocrx_word' id='word_1_205' title='bbox 2902 1651 3145 1732; x_wconf 83' lang='lat' dir='ltr'><strong>jamque</strong></span> <span class='ocrx_word' id='word_1_206' title='bbox 3172 1651 3295 1713; x_wconf 82' lang='lat' dir='ltr'><strong>fere</strong></span> <span class='ocrx_word' id='word_1_207' title='bbox 3320 1650 3607 1731; x_wconf 89' lang='lat' dir='ltr'><strong>impetum</strong></span> 
     </span>
    </p>
   </div>
   <div class='ocr_carea' id='block_1_33' title="bbox 1962 1738 3611 1821">
    <p class='ocr_par' dir='ltr' id='par_1_33' title="bbox 1962 1738 3611 1821">
     <span class='ocr_line' id='line_1_33' title="bbox 1962 1738 3611 1821; baseline 0.001 -22"><span class='ocrx_word' id='word_1_208' title='bbox 1962 1738 2270 1809; x_wconf 69' lang='lat' dir='ltr'><strong>fecissent,</strong></span> <span class='ocrx_word' id='word_1_209' title='bbox 2312 1748 2432 1800; x_wconf 91' lang='lat' dir='ltr'><strong>tum</strong></span> <span class='ocrx_word' id='word_1_210' title='bbox 2466 1740 2711 1801; x_wconf 89' lang='lat' dir='ltr'><strong>demum</strong></span> <span class='ocrx_word' id='word_1_211' title='bbox 2736 1753 3084 1803; x_wconf 88' lang='lat' dir='ltr'><strong>mansuetus</strong></span> <span class='ocrx_word' id='word_1_212' title='bbox 3103 1740 3204 1803; x_wconf 91' lang='lat' dir='ltr'><strong>ille</strong></span> <span class='ocrx_word' id='word_1_213' title='bbox 3227 1740 3449 1803; x_wconf 87' lang='lat' dir='ltr'><strong>bonum</strong></span> <span class='ocrx_word' id='word_1_214' title='bbox 3473 1739 3611 1821; x_wconf 86' lang='lat' dir='ltr'><strong>qui-</strong></span> 
     </span>
    </p>
   </div>
   <div class='ocr_carea' id='block_1_34' title="bbox 220 1826 1879 1914">
    <p class='ocr_par' dir='ltr' id='par_1_34' title="bbox 220 1826 1879 1914">
     <span class='ocr_line' id='line_1_34' title="bbox 220 1826 1879 1914; baseline -0.002 -24"><span class='ocrx_word' id='word_1_215' title='bbox 220 1858 336 1899; x_wconf 85' lang='grc' dir='ltr'>νοις</span> <span class='ocrx_word' id='word_1_216' title='bbox 369 1837 623 1900; x_wconf 70' lang='grc' dir='ltr'>ἀναίτιος’</span> <span class='ocrx_word' id='word_1_217' title='bbox 663 1833 777 1912; x_wconf 69' lang='grc' dir='ltr'>ᾔδει</span> <span class='ocrx_word' id='word_1_218' title='bbox 802 1836 927 1914; x_wconf 83' lang='grc' dir='ltr'>γὰρ,</span> <span class='ocrx_word' id='word_1_219' title='bbox 959 1835 1038 1891; x_wconf 78' lang='grc' dir='ltr'>ὄτι</span> <span class='ocrx_word' id='word_1_220' title='bbox 1070 1835 1180 1914; x_wconf 80' lang='grc' dir='ltr'><strong>χρὴ</strong></span> <span class='ocrx_word' id='word_1_221' title='bbox 1231 1835 1322 1890; x_wconf 82' lang='grc' dir='ltr'>τὸν</span> <span class='ocrx_word' id='word_1_222' title='bbox 1374 1831 1659 1908; x_wconf 76' lang='grc' dir='ltr'>ὁμιλοῦντα</span> <span class='ocrx_word' id='word_1_223' title='bbox 1685 1838 1799 1904; x_wconf 83' lang='grc' dir='ltr'><strong>Θεῷ</strong></span> <span class='ocrx_word' id='word_1_224' title='bbox 1824 1826 1879 1871; x_wconf 65' lang='grc'><strong>⁸9</strong></span> 
     </span>
    </p>
   </div>
   <div class='ocr_carea' id='block_1_35' title="bbox 1965 1826 3610 1914">
    <p class='ocr_par' dir='ltr' id='par_1_35' title="bbox 1965 1828 3610 1911">
     <span class='ocr_line' id='line_1_35' title="bbox 1965 1828 3610 1911; baseline -0.002 -19"><span class='ocrx_word' id='word_1_225' title='bbox 1965 1831 2098 1892; x_wconf 89' lang='lat' dir='ltr'><strong>dem</strong></span> <span class='ocrx_word' id='word_1_226' title='bbox 2128 1828 2315 1891; x_wconf 88' lang='lat' dir='ltr'><strong>Deum</strong></span> <span class='ocrx_word' id='word_1_227' title='bbox 2336 1830 2393 1890; x_wconf 90' lang='lat' dir='ltr'><strong>in</strong></span> <span class='ocrx_word' id='word_1_228' title='bbox 2426 1830 2677 1892; x_wconf 89' lang='lat' dir='ltr'><strong>salutem</strong></span> <span class='ocrx_word' id='word_1_229' title='bbox 2710 1830 3274 1911; x_wconf 84' lang='lat' dir='ltr'><strong>advocabat,magna</strong></span> <span class='ocrx_word' id='word_1_230' title='bbox 3306 1847 3445 1894; x_wconf 83' lang='lat' dir='ltr'><strong>vero</strong></span> <span class='ocrx_word' id='word_1_231' title='bbox 3475 1848 3610 1892; x_wconf 85' lang='lat' dir='ltr'><strong>con-</strong></span> 
     </span>
    </p>
   </div>
   <div class='ocr_carea' id='block_1_36' title="bbox 218 1921 1874 2003">
    <p class='ocr_par' dir='ltr' id='par_1_36' title="bbox 218 1921 1874 2003">
     <span class='ocr_line' id='line_1_36' title="bbox 218 1921 1874 2003; baseline -0.007 -21"><span class='ocrx_word' id='word_1_232' title='bbox 218 1926 440 2003; x_wconf 83' lang='grc' dir='ltr'>τάγαθῷ</span> <span class='ocrx_word' id='word_1_233' title='bbox 464 1927 595 2003; x_wconf 81' lang='grc' dir='ltr'>πρὸς</span> <span class='ocrx_word' id='word_1_234' title='bbox 625 1927 686 1983; x_wconf 80' lang='grc' dir='ltr'>τὸ</span> <span class='ocrx_word' id='word_1_235' title='bbox 718 1924 797 1981; x_wconf 81' lang='grc' dir='ltr'><strong>ὅτι</strong></span> <span class='ocrx_word' id='word_1_236' title='bbox 829 1924 1061 2000; x_wconf 79' lang='grc' dir='ltr'>μάλιστα</span> <span class='ocrx_word' id='word_1_237' title='bbox 1111 1924 1448 2001; x_wconf 77' lang='grc' dir='ltr'>ὁμοιότατον,</span> <span class='ocrx_word' id='word_1_238' title='bbox 1514 1923 1586 1984; x_wconf 82' lang='grc' dir='ltr'>ὡς</span> <span class='ocrx_word' id='word_1_239' title='bbox 1639 1921 1850 1998; x_wconf 80' lang='grc' dir='ltr'>ἐφικτὸν</span> <span class='ocrx_word' id='word_1_240' title='bbox 1860 1970 1874 2000; x_wconf 62' lang='grc'><strong>,</strong></span> 
     </span>
    </p>
   </div>
   <div class='ocr_carea' id='block_1_37' title="bbox 218 2010 1877 2089">
    <p class='ocr_par' dir='ltr' id='par_1_37' title="bbox 218 2010 1877 2089">
     <span class='ocr_line' id='line_1_37' title="bbox 218 2010 1877 2089; baseline -0.005 -17"><span class='ocrx_word' id='word_1_241' title='bbox 218 2016 685 2089; x_wconf 77' lang='grc' dir='ltr'>ἅποτετυπιῦσθαι,</span> <span class='ocrx_word' id='word_1_242' title='bbox 746 2017 831 2071; x_wconf 84' lang='grc' dir='ltr'><strong>καὶ</strong></span> <span class='ocrx_word' id='word_1_243' title='bbox 893 2014 1064 2087; x_wconf 86' lang='grc' dir='ltr'>ἑαυτῷ</span> <span class='ocrx_word' id='word_1_244' title='bbox 1108 2010 1393 2068; x_wconf 82' lang='grc' dir='ltr'>συνειδέναι</span> <span class='ocrx_word' id='word_1_245' title='bbox 1460 2012 1555 2074; x_wconf 83' lang='grc' dir='ltr'>τὰς</span> <span class='ocrx_word' id='word_1_246' title='bbox 1615 2010 1877 2088; x_wconf 73' lang='grc' dir='ltr'>ἀγαθοφι-</span> 
     </span>
    </p>
   </div>
   <div class='ocr_carea' id='block_1_38' title="bbox 220 2096 1877 2185">
    <p class='ocr_par' dir='ltr' id='par_1_38' title="bbox 220 2096 1877 2185">
     <span class='ocr_line' id='line_1_38' title="bbox 220 2096 1877 2185; baseline -0.005 -24"><span class='ocrx_word' id='word_1_247' title='bbox 220 2103 344 2169; x_wconf 82' lang='grc' dir='ltr'>λεϊς</span> <span class='ocrx_word' id='word_1_248' title='bbox 402 2105 671 2185; x_wconf 77' lang='grc' dir='ltr'>ἐργατείας</span> <span class='ocrx_word' id='word_1_249' title='bbox 697 2102 772 2164; x_wconf 79' lang='grc' dir='ltr'><strong>⁵ο.</strong></span> <span class='ocrx_word' id='word_1_250' title='bbox 833 2109 891 2162; x_wconf 85' lang='grc' dir='ltr'>Τί</span> <span class='ocrx_word' id='word_1_251' title='bbox 951 2101 1004 2159; x_wconf 79' lang='grc' dir='ltr'>δὲ</span> <span class='ocrx_word' id='word_1_252' title='bbox 1034 2103 1124 2159; x_wconf 80' lang='grc' dir='ltr'>τὸν</span> <span class='ocrx_word' id='word_1_253' title='bbox 1154 2100 1449 2177; x_wconf 77' lang='grc' dir='ltr'>θεοπάτορα</span> <span class='ocrx_word' id='word_1_254' title='bbox 1519 2096 1683 2154; x_wconf 77' lang='grc' dir='ltr'>Δαυίό</span> <span class='ocrx_word' id='word_1_255' title='bbox 1715 2098 1877 2155; x_wconf 80' lang='grc' dir='ltr'>ἕποίει</span> 
     </span>
    </p>
   </div>
   <div class='ocr_carea' id='block_1_39' title="bbox 218 2187 1873 2275">
    <p class='ocr_par' dir='ltr' id='par_1_39' title="bbox 218 2187 1873 2275">
     <span class='ocr_line' id='line_1_39' title="bbox 218 2187 1873 2275; baseline -0.004 -26"><span class='ocrx_word' id='word_1_256' title='bbox 218 2195 503 2275; x_wconf 68' lang='grc' dir='ltr'>θεοφιλῆς</span> <span class='ocrx_word' id='word_1_257' title='bbox 557 2196 654 2253; x_wconf 82' lang='grc' dir='ltr'>Καὶ</span> <span class='ocrx_word' id='word_1_258' title='bbox 710 2196 809 2274; x_wconf 83' lang='grc' dir='ltr'><strong>γὰρ</strong></span> <span class='ocrx_word' id='word_1_259' title='bbox 866 2193 1062 2270; x_wconf 83' lang='grc' dir='ltr'>ἀγαθὸν</span> <span class='ocrx_word' id='word_1_260' title='bbox 1112 2193 1264 2263; x_wconf 83' lang='grc' dir='ltr'>ὂντα,</span> <span class='ocrx_word' id='word_1_261' title='bbox 1339 2193 1428 2247; x_wconf 87' lang='grc' dir='ltr'>καὶ</span> <span class='ocrx_word' id='word_1_262' title='bbox 1484 2190 1605 2268; x_wconf 88' lang='grc' dir='ltr'>περὶ</span> <span class='ocrx_word' id='word_1_263' title='bbox 1653 2187 1873 2268; x_wconf 77' lang='grc' dir='ltr'>ἐχθρους</span> 
     </span>
    </p>
   </div>
   <div class='ocr_carea' id='block_1_40' title="bbox 1964 1920 3607 2001">
    <p class='ocr_par' dir='ltr' id='par_1_40' title="bbox 1964 1920 3607 2001">
     <span class='ocr_line' id='line_1_40' title="bbox 1964 1920 3607 2001; baseline 0.001 -20"><span class='ocrx_word' id='word_1_264' title='bbox 1964 1920 2176 1982; x_wconf 90' lang='lat' dir='ltr'><strong>stantia</strong></span> <span class='ocrx_word' id='word_1_265' title='bbox 2218 1920 2620 2001; x_wconf 79' lang='lat' dir='ltr'><strong>singularique</strong></span> <span class='ocrx_word' id='word_1_266' title='bbox 2654 1921 2942 1985; x_wconf 87' lang='lat' dir='ltr'><strong>modestia</strong></span> <span class='ocrx_word' id='word_1_267' title='bbox 2971 1931 3338 1985; x_wconf 88' lang='lat' dir='ltr'><strong>contestatus</strong></span> <span class='ocrx_word' id='word_1_268' title='bbox 3370 1932 3480 1997; x_wconf 92' lang='lat' dir='ltr'><strong>est,</strong></span> <span class='ocrx_word' id='word_1_269' title='bbox 3541 1938 3607 1982; x_wconf 90' lang='lat' dir='ltr'><strong>se</strong></span> 
     </span>
    </p>
   </div>
   <div class='ocr_carea' id='block_1_41' title="bbox 1962 2009 3605 2095">
    <p class='ocr_par' dir='ltr' id='par_1_41' title="bbox 1962 2009 3605 2095">
     <span class='ocr_line' id='line_1_41' title="bbox 1962 2009 3605 2095; baseline 0.001 -24"><span class='ocrx_word' id='word_1_270' title='bbox 1962 2009 2259 2071; x_wconf 88' lang='lat' dir='ltr'><strong>insontem</strong></span> <span class='ocrx_word' id='word_1_271' title='bbox 2293 2028 2425 2071; x_wconf 89' lang='lat' dir='ltr'><strong>esse</strong></span> <span class='ocrx_word' id='word_1_272' title='bbox 2449 2010 2846 2074; x_wconf 85' lang='lat' dir='ltr'><strong>calamitatum</strong></span> <span class='ocrx_word' id='word_1_273' title='bbox 2873 2013 3139 2075; x_wconf 91' lang='lat' dir='ltr'><strong>omnium</strong></span> <span class='ocrx_word' id='word_1_274' title='bbox 3195 2033 3326 2095; x_wconf 84' lang='lat' dir='ltr'><strong>quae</strong></span> <span class='ocrx_word' id='word_1_275' title='bbox 3350 2012 3605 2075; x_wconf 87' lang='lat' dir='ltr'><strong>subditis</strong></span> 
     </span>
    </p>
   </div>
   <div class='ocr_carea' id='block_1_42' title="bbox 1963 2098 3609 2182">
    <p class='ocr_par' dir='ltr' id='par_1_42' title="bbox 1963 2098 3609 2182">
     <span class='ocr_line' id='line_1_42' title="bbox 1963 2098 3609 2182; baseline 0.001 -20"><span class='ocrx_word' id='word_1_276' title='bbox 1963 2098 2354 2163; x_wconf 84' lang='lat' dir='ltr'><strong>obvenissent</strong></span> <span class='ocrx_word' id='word_1_277' title='bbox 2388 2120 2404 2176; x_wconf 91' lang='lat'><strong>;</strong></span> <span class='ocrx_word' id='word_1_278' title='bbox 2436 2104 2655 2181; x_wconf 89' lang='lat' dir='ltr'><strong>quippe</strong></span> <span class='ocrx_word' id='word_1_279' title='bbox 2678 2110 2944 2176; x_wconf 84' lang='lat' dir='ltr'><strong>noverat,</strong></span> <span class='ocrx_word' id='word_1_280' title='bbox 2974 2104 3029 2166; x_wconf 91' lang='lat' dir='ltr'><strong>ei</strong></span> <span class='ocrx_word' id='word_1_281' title='bbox 3054 2108 3153 2182; x_wconf 87' lang='lat' dir='ltr'><strong>qui</strong></span> <span class='ocrx_word' id='word_1_282' title='bbox 3182 2104 3339 2167; x_wconf 89' lang='lat' dir='ltr'><strong>bono</strong></span> <span class='ocrx_word' id='word_1_283' title='bbox 3373 2107 3494 2168; x_wconf 91' lang='lat' dir='ltr'><strong>Deo</strong></span> <span class='ocrx_word' id='word_1_284' title='bbox 3523 2102 3609 2164; x_wconf 84' lang='lat' dir='ltr'><strong>fa-</strong></span> 
     </span>
    </p>
   </div>
   <div class='ocr_carea' id='block_1_43' title="bbox 1965 2189 3599 2272">
    <p class='ocr_par' dir='ltr' id='par_1_43' title="bbox 1965 2189 3599 2272">
     <span class='ocr_line' id='line_1_43' title="bbox 1965 2189 3599 2272; baseline 0.002 -21"><span class='ocrx_word' id='word_1_285' title='bbox 1965 2189 2273 2252; x_wconf 74' lang='lat' dir='ltr'><strong>miliariter</strong></span> <span class='ocrx_word' id='word_1_286' title='bbox 2296 2190 2502 2272; x_wconf 87' lang='lat' dir='ltr'><strong>utitur,</strong></span> <span class='ocrx_word' id='word_1_287' title='bbox 2539 2209 2644 2271; x_wconf 88' lang='lat' dir='ltr'><strong>pro</strong></span> <span class='ocrx_word' id='word_1_288' title='bbox 2671 2191 2895 2253; x_wconf 82' lang='lat' dir='ltr'><strong>viribus</strong></span> <span class='ocrx_word' id='word_1_289' title='bbox 2919 2195 3361 2270; x_wconf 88' lang='lat' dir='ltr'><strong>conandum,ut</strong></span> <span class='ocrx_word' id='word_1_290' title='bbox 3377 2194 3599 2271; x_wconf 88' lang='lat' dir='ltr'><strong>eidem,</strong></span> 
     </span>
    </p>
   </div>
   <div class='ocr_carea' id='block_1_44' title="bbox 223 2277 1879 2364">
    <p class='ocr_par' dir='ltr' id='par_1_44' title="bbox 223 2277 1872 2362">
     <span class='ocr_line' id='line_1_44' title="bbox 223 2277 1872 2362; baseline -0.004 -21"><span class='ocrx_word' id='word_1_291' title='bbox 223 2285 426 2362; x_wconf 84' lang='grc' dir='ltr'>ἀγαθόν</span> <span class='ocrx_word' id='word_1_292' title='bbox 456 2301 469 2316; x_wconf 86' lang='lat'><strong><em>°</em></strong></span> <span class='ocrx_word' id='word_1_293' title='bbox 535 2283 766 2362; x_wconf 72' lang='grc' dir='ltr'>Εὕρηκα,</span> <span class='ocrx_word' id='word_1_294' title='bbox 824 2284 982 2362; x_wconf 81' lang='grc' dir='ltr'>φησὶν</span> <span class='ocrx_word' id='word_1_295' title='bbox 1032 2285 1059 2338; x_wconf 98' lang='lat'><strong>6</strong></span> <span class='ocrx_word' id='word_1_296' title='bbox 1121 2280 1446 2359; x_wconf 77' lang='grc' dir='ltr'>ὕπεράγαθος</span> <span class='ocrx_word' id='word_1_297' title='bbox 1519 2280 1605 2334; x_wconf 86' lang='grc' dir='ltr'><strong>καὶ</strong></span> <span class='ocrx_word' id='word_1_298' title='bbox 1647 2277 1872 2357; x_wconf 73' lang='grc' dir='ltr'>φιλάγα-</span> 
     </span>
    </p>
   </div>
   <div class='ocr_carea' id='block_1_45' title="bbox 1965 2277 3603 2364">
    <p class='ocr_par' dir='ltr' id='par_1_45' title="bbox 1965 2280 3603 2364">
     <span class='ocr_line' id='line_1_45' title="bbox 1965 2280 3603 2364; baseline 0.001 -24"><span class='ocrx_word' id='word_1_299' title='bbox 1965 2288 2238 2360; x_wconf 85' lang='lat' dir='ltr'><strong>quantum</strong></span> <span class='ocrx_word' id='word_1_300' title='bbox 2274 2286 2464 2361; x_wconf 84' lang='lat' dir='ltr'><strong>potest</strong></span> <span class='ocrx_word' id='word_1_301' title='bbox 2492 2280 2648 2361; x_wconf 82' lang='lat' dir='ltr'><strong>ﬁeri,</strong></span> <span class='ocrx_word' id='word_1_302' title='bbox 2698 2281 3044 2345; x_wconf 90' lang='lat' dir='ltr'><strong>simillimus</strong></span> <span class='ocrx_word' id='word_1_303' title='bbox 3103 2287 3337 2359; x_wconf 84' lang='lat' dir='ltr'><strong>evadat,</strong></span> <span class='ocrx_word' id='word_1_304' title='bbox 3367 2283 3603 2364; x_wconf 85' lang='lat' dir='ltr'><strong>sibique</strong></span> 
     </span>
    </p>
   </div>
   <div class='ocr_carea' id='block_1_46' title="bbox 224 2368 1879 2457">
    <p class='ocr_par' dir='ltr' id='par_1_46' title="bbox 224 2368 1873 2453">
     <span class='ocr_line' id='line_1_46' title="bbox 224 2368 1873 2453; baseline -0.005 -22"><span class='ocrx_word' id='word_1_305' title='bbox 224 2378 318 2439; x_wconf 91' lang='grc' dir='ltr'><strong>θος</strong></span> <span class='ocrx_word' id='word_1_306' title='bbox 341 2372 417 2453; x_wconf 70' lang='grc' dir='ltr'>δί,</span> <span class='ocrx_word' id='word_1_307' title='bbox 476 2372 633 2451; x_wconf 76' lang='grc' dir='ltr'>ἄνδρα</span> <span class='ocrx_word' id='word_1_308' title='bbox 718 2374 852 2432; x_wconf 80' lang='grc' dir='ltr'><strong>κατά</strong></span> <span class='ocrx_word' id='word_1_309' title='bbox 907 2374 1005 2441; x_wconf 74' lang='grc' dir='ltr'><strong>τήν</strong></span> <span class='ocrx_word' id='word_1_310' title='bbox 1054 2368 1266 2448; x_wconf 81' lang='grc' dir='ltr'>καρδίαν</span> <span class='ocrx_word' id='word_1_311' title='bbox 1324 2392 1444 2441; x_wconf 88' lang='grc' dir='ltr'>μου.</span> <span class='ocrx_word' id='word_1_312' title='bbox 1537 2370 1717 2425; x_wconf 85' lang='grc' dir='ltr'>Καίτοι</span> <span class='ocrx_word' id='word_1_313' title='bbox 1785 2368 1873 2423; x_wconf 86' lang='grc' dir='ltr'><strong>καὶ</strong></span> 
     </span>
    </p>
   </div>
   <div class='ocr_carea' id='block_1_47' title="bbox 1965 2368 3600 2457">
    <p class='ocr_par' dir='ltr' id='par_1_47' title="bbox 1965 2370 3600 2457">
     <span class='ocr_line' id='line_1_47' title="bbox 1965 2370 3600 2457; baseline 0.002 -26"><span class='ocrx_word' id='word_1_314' title='bbox 1965 2370 2249 2432; x_wconf 89' lang='lat' dir='ltr'><strong>bonorum</strong></span> <span class='ocrx_word' id='word_1_315' title='bbox 2274 2388 2520 2451; x_wconf 90' lang='lat' dir='ltr'><strong>operum</strong></span> <span class='ocrx_word' id='word_1_316' title='bbox 2554 2376 2829 2435; x_wconf 90' lang='lat' dir='ltr'><strong>conscius</strong></span> <span class='ocrx_word' id='word_1_317' title='bbox 2856 2374 3249 2447; x_wconf 84' lang='lat' dir='ltr'><strong>existat.Quid</strong></span> <span class='ocrx_word' id='word_1_318' title='bbox 3284 2393 3461 2457; x_wconf 89' lang='lat' dir='ltr'><strong>porro</strong></span> <span class='ocrx_word' id='word_1_319' title='bbox 3492 2374 3600 2436; x_wconf 82' lang='lat' dir='ltr'><strong>Da-</strong></span> 
     </span>
    </p>
   </div>
   <div class='ocr_carea' id='block_1_48' title="bbox 220 2458 1879 2542">
    <p class='ocr_par' dir='ltr' id='par_1_48' title="bbox 220 2459 1869 2542">
     <span class='ocr_line' id='line_1_48' title="bbox 220 2459 1869 2542; baseline -0.005 -20"><span class='ocrx_word' id='word_1_320' title='bbox 220 2466 422 2539; x_wconf 82' lang='grc' dir='ltr'>θεσμὸς</span> <span class='ocrx_word' id='word_1_321' title='bbox 453 2464 646 2542; x_wconf 75' lang='grc' dir='ltr'>ἀγαθὸς</span> <span class='ocrx_word' id='word_1_322' title='bbox 697 2461 1011 2541; x_wconf 75' lang='grc' dir='ltr'>ἐδεδωρητο,</span> <span class='ocrx_word' id='word_1_323' title='bbox 1045 2460 1142 2517; x_wconf 68' lang='grc' dir='ltr'><strong>καῖ</strong></span> <span class='ocrx_word' id='word_1_324' title='bbox 1186 2461 1479 2537; x_wconf 71' lang='grc' dir='ltr'>ὑποζυγίων</span> <span class='ocrx_word' id='word_1_325' title='bbox 1512 2459 1703 2538; x_wconf 78' lang='grc' dir='ltr'>ἐχθροῦ</span> <span class='ocrx_word' id='word_1_326' title='bbox 1732 2479 1869 2535; x_wconf 85' lang='grc' dir='ltr'>προ-</span> 
     </span>
    </p>
   </div>
   <div class='ocr_carea' id='block_1_49' title="bbox 1965 2458 3602 2542">
    <p class='ocr_par' dir='ltr' id='par_1_49' title="bbox 1965 2458 3602 2541">
     <span class='ocr_line' id='line_1_49' title="bbox 1965 2458 3602 2541; baseline 0.005 -24"><span class='ocrx_word' id='word_1_327' title='bbox 1965 2458 2050 2519; x_wconf 81' lang='lat' dir='ltr'><strong>vid</strong></span> <span class='ocrx_word' id='word_1_328' title='bbox 2082 2459 2246 2522; x_wconf 88' lang='lat' dir='ltr'><strong>illum</strong></span> <span class='ocrx_word' id='word_1_329' title='bbox 2271 2458 2378 2522; x_wconf 90' lang='lat' dir='ltr'><strong>Dei</strong></span> <span class='ocrx_word' id='word_1_330' title='bbox 2402 2460 2866 2541; x_wconf 89' lang='lat' dir='ltr'><strong>progenitorem,</strong></span> <span class='ocrx_word' id='word_1_331' title='bbox 2891 2465 3146 2525; x_wconf 88' lang='lat' dir='ltr'><strong>amicum</strong></span> <span class='ocrx_word' id='word_1_332' title='bbox 3170 2464 3292 2526; x_wconf 89' lang='lat' dir='ltr'><strong>Deo</strong></span> <span class='ocrx_word' id='word_1_333' title='bbox 3312 2464 3602 2527; x_wconf 86' lang='lat' dir='ltr'><strong>reddidit?</strong></span> 
     </span>
    </p>
   </div>
   <div class='ocr_carea' id='block_1_50' title="bbox 219 2547 1879 2634">
    <p class='ocr_par' dir='ltr' id='par_1_50' title="bbox 219 2547 1868 2630">
     <span class='ocr_line' id='line_1_50' title="bbox 219 2547 1868 2630; baseline -0.002 -18"><span class='ocrx_word' id='word_1_334' title='bbox 219 2567 393 2614; x_wconf 81' lang='grc' dir='ltr'>νοεῖν.</span> <span class='ocrx_word' id='word_1_335' title='bbox 459 2556 556 2612; x_wconf 84' lang='grc' dir='ltr'><strong>Καὶ</strong></span> <span class='ocrx_word' id='word_1_336' title='bbox 615 2552 736 2610; x_wconf 64' lang='grc' dir='ltr'><strong>Ἰὼϐ</strong></span> <span class='ocrx_word' id='word_1_337' title='bbox 793 2555 867 2617; x_wconf 81' lang='grc' dir='ltr'>ὡς</span> <span class='ocrx_word' id='word_1_338' title='bbox 926 2553 1149 2613; x_wconf 80' lang='grc' dir='ltr'>ἀκακίας</span> <span class='ocrx_word' id='word_1_339' title='bbox 1208 2551 1470 2630; x_wconf 77' lang='grc' dir='ltr'>ἐχόμενος</span> <span class='ocrx_word' id='word_1_340' title='bbox 1556 2547 1868 2608; x_wconf 77' lang='grc' dir='ltr'>ἐδικαιοῦτο.</span> 
     </span>
    </p>
   </div>
   <div class='ocr_carea' id='block_1_51' title="bbox 1965 2547 3593 2634">
    <p class='ocr_par' dir='ltr' id='par_1_51' title="bbox 1965 2549 3593 2634">
     <span class='ocr_line' id='line_1_51' title="bbox 1965 2549 3593 2634; baseline 0.001 -23"><span class='ocrx_word' id='word_1_341' title='bbox 1965 2549 2185 2629; x_wconf 89' lang='lat' dir='ltr'><strong>Nempe</strong></span> <span class='ocrx_word' id='word_1_342' title='bbox 2213 2550 2372 2631; x_wconf 85' lang='lat' dir='ltr'><strong>quod</strong></span> <span class='ocrx_word' id='word_1_343' title='bbox 2406 2559 2565 2612; x_wconf 84' lang='lat' dir='ltr'><strong>esset</strong></span> <span class='ocrx_word' id='word_1_344' title='bbox 2588 2549 2623 2609; x_wconf 95' lang='lat' dir='ltr'><strong>b</strong></span> <span class='ocrx_word' id='word_1_345' title='bbox 2649 2569 2801 2627; x_wconf 61' lang='lat' dir='ltr'><strong>°nus,</strong></span> <span class='ocrx_word' id='word_1_346' title='bbox 2837 2560 2899 2615; x_wconf 91' lang='lat' dir='ltr'><strong>et</strong></span> <span class='ocrx_word' id='word_1_347' title='bbox 2928 2554 2984 2613; x_wconf 93' lang='lat' dir='ltr'><strong>in</strong></span> <span class='ocrx_word' id='word_1_348' title='bbox 3017 2554 3220 2615; x_wconf 89' lang='lat' dir='ltr'><strong>hostes</strong></span> <span class='ocrx_word' id='word_1_349' title='bbox 3251 2554 3547 2634; x_wconf 88' lang='lat' dir='ltr'><strong>benignus</strong></span> <span class='ocrx_word' id='word_1_350' title='bbox 3579 2573 3593 2613; x_wconf 89' lang='lat'><strong>:</strong></span> 
     </span>
    </p>
   </div>
   <div class='ocr_carea' id='block_1_52' title="bbox 224 2635 1879 2724">
    <p class='ocr_par' dir='ltr' id='par_1_52' title="bbox 224 2635 1868 2722">
     <span class='ocr_line' id='line_1_52' title="bbox 224 2635 1868 2722; baseline -0.007 -19"><span class='ocrx_word' id='word_1_351' title='bbox 224 2647 334 2703; x_wconf 80' lang='grc' dir='ltr'>Καὶ</span> <span class='ocrx_word' id='word_1_352' title='bbox 370 2635 565 2722; x_wconf 70' lang='grc' dir='ltr'>Ἰωσὴφ</span> <span class='ocrx_word' id='word_1_353' title='bbox 608 2644 726 2709; x_wconf 77' lang='grc' dir='ltr'>τοὺς</span> <span class='ocrx_word' id='word_1_354' title='bbox 759 2640 1066 2706; x_wconf 67' lang='grc' dir='ltr'>ἐπιϐούλους</span> <span class='ocrx_word' id='word_1_355' title='bbox 1100 2638 1350 2720; x_wconf 76' lang='grc' dir='ltr'>ἀδελφοὺς</span> <span class='ocrx_word' id='word_1_356' title='bbox 1396 2640 1490 2697; x_wconf 86' lang='grc' dir='ltr'>οόκ</span> <span class='ocrx_word' id='word_1_357' title='bbox 1531 2639 1761 2714; x_wconf 78' lang='grc' dir='ltr'>ἠμύνετο</span> <span class='ocrx_word' id='word_1_358' title='bbox 1785 2635 1868 2710; x_wconf 67' lang='grc' dir='ltr'><strong>ὅὶ,</strong></span> 
     </span>
    </p>
   </div>
   <div class='ocr_carea' id='block_1_53' title="bbox 1965 2635 3607 2724">
    <p class='ocr_par' dir='ltr' id='par_1_53' title="bbox 1965 2640 3607 2724">
     <span class='ocr_line' id='line_1_53' title="bbox 1965 2640 3607 2724; baseline 0.002 -21"><span class='ocrx_word' id='word_1_359' title='bbox 1965 2640 2183 2707; x_wconf 84' lang='lat' dir='ltr'><strong>inveni.</strong></span> <span class='ocrx_word' id='word_1_360' title='bbox 2216 2640 2409 2721; x_wconf 86' lang='lat' dir='ltr'><strong>inquit</strong></span> <span class='ocrx_word' id='word_1_361' title='bbox 2440 2640 2540 2702; x_wconf 91' lang='lat' dir='ltr'><strong>ille</strong></span> <span class='ocrx_word' id='word_1_362' title='bbox 2573 2640 2989 2721; x_wconf 63' lang='lat' dir='ltr'><strong>praebenignus</strong></span> <span class='ocrx_word' id='word_1_363' title='bbox 3020 2642 3410 2724; x_wconf 80' lang='lat' dir='ltr'><strong>benignitatis</strong></span> <span class='ocrx_word' id='word_1_364' title='bbox 3439 2661 3607 2706; x_wconf 84' lang='lat' dir='ltr'><strong>ama-</strong></span> 
     </span>
    </p>
   </div>
   <div class='ocr_carea' id='block_1_54' title="bbox 222 2730 1879 2809">
    <p class='ocr_par' dir='ltr' id='par_1_54' title="bbox 222 2730 1875 2806">
     <span class='ocr_line' id='line_1_54' title="bbox 222 2730 1875 2806; baseline -0.004 -17"><span class='ocrx_word' id='word_1_365' title='bbox 222 2734 314 2791; x_wconf 71' lang='grc' dir='ltr'><strong>καὶ</strong></span> <span class='ocrx_word' id='word_1_366' title='bbox 363 2731 544 2790; x_wconf 68' lang='grc' dir='ltr'>’Ἅϐελ</span> <span class='ocrx_word' id='word_1_367' title='bbox 598 2732 783 2793; x_wconf 80' lang='grc' dir='ltr'>ἁπλῶς</span> <span class='ocrx_word' id='word_1_368' title='bbox 834 2733 922 2788; x_wconf 83' lang='grc' dir='ltr'><strong>καὶ</strong></span> <span class='ocrx_word' id='word_1_369' title='bbox 984 2732 1297 2794; x_wconf 74' lang='grc' dir='ltr'>ἀνυπόπτως</span> <span class='ocrx_word' id='word_1_370' title='bbox 1370 2730 1741 2806; x_wconf 79' lang='grc' dir='ltr'>συνεπορεύετο</span> <span class='ocrx_word' id='word_1_371' title='bbox 1800 2750 1875 2802; x_wconf 82' lang='grc' dir='ltr'>τῳ</span> 
     </span>
    </p>
   </div>
   <div class='ocr_carea' id='block_1_55' title="bbox 1965 2730 3612 2809">
    <p class='ocr_par' dir='ltr' id='par_1_55' title="bbox 1965 2731 3612 2809">
     <span class='ocr_line' id='line_1_55' title="bbox 1965 2731 3612 2809; baseline 0.002 -16"><span class='ocrx_word' id='word_1_372' title='bbox 1965 2731 2382 2806; x_wconf 84' lang='lat' dir='ltr'><strong>tor,hominem</strong></span> <span class='ocrx_word' id='word_1_373' title='bbox 2404 2731 2735 2793; x_wconf 90' lang='lat' dir='ltr'><strong>secundum</strong></span> <span class='ocrx_word' id='word_1_374' title='bbox 2771 2750 2877 2796; x_wconf 93' lang='lat' dir='ltr'><strong>cor</strong></span> <span class='ocrx_word' id='word_1_375' title='bbox 2910 2752 3106 2796; x_wconf 90' lang='lat' dir='ltr'><strong>meum</strong></span> <span class='ocrx_word' id='word_1_376' title='bbox 3136 2734 3473 2809; x_wconf 69' lang='grc' dir='ltr'>ιι.ουἰηίωο</span> <span class='ocrx_word' id='word_1_377' title='bbox 3508 2734 3612 2797; x_wconf 88' lang='lat' dir='ltr'><strong>be-</strong></span> 
     </span>
    </p>
   </div>
   <div class='ocr_carea' id='block_1_56' title="bbox 219 2818 1879 2905">
    <p class='ocr_par' dir='ltr' id='par_1_56' title="bbox 219 2818 1878 2902">
     <span class='ocr_line' id='line_1_56' title="bbox 219 2818 1878 2902; baseline -0.007 -22"><span class='ocrx_word' id='word_1_378' title='bbox 219 2820 613 2902; x_wconf 72' lang='grc' dir='ltr'>ἀδελφοκτόνορ,</span> <span class='ocrx_word' id='word_1_379' title='bbox 651 2825 747 2880; x_wconf 75' lang='grc' dir='ltr'><strong>Καὶ</strong></span> <span class='ocrx_word' id='word_1_380' title='bbox 779 2822 983 2886; x_wconf 74' lang='grc' dir='ltr'>πάντας</span> <span class='ocrx_word' id='word_1_381' title='bbox 1007 2823 1039 2889; x_wconf 75' lang='grc' dir='ltr'>ἡ</span> <span class='ocrx_word' id='word_1_382' title='bbox 1072 2818 1315 2898; x_wconf 84' lang='grc' dir='ltr'>θεολογία</span> <span class='ocrx_word' id='word_1_383' title='bbox 1373 2819 1495 2883; x_wconf 81' lang='grc' dir='ltr'>τοὺς</span> <span class='ocrx_word' id='word_1_384' title='bbox 1537 2819 1783 2896; x_wconf 33' lang='grc' dir='ltr'>,ἀγαθοὺς</span> <span class='ocrx_word' id='word_1_385' title='bbox 1814 2818 1878 2869; x_wconf 59' lang='grc' dir='ltr'>ὦ</span> 
     </span>
    </p>
   </div>
   <div class='ocr_carea' id='block_1_57' title="bbox 1965 2818 3608 2905">
    <p class='ocr_par' dir='ltr' id='par_1_57' title="bbox 1965 2821 3608 2905">
     <span class='ocr_line' id='line_1_57' title="bbox 1965 2821 3608 2905; baseline 0.004 -23"><span class='ocrx_word' id='word_1_386' title='bbox 1965 2821 2138 2898; x_wconf 85' lang='lat' dir='ltr'><strong>nigna</strong></span> <span class='ocrx_word' id='word_1_387' title='bbox 2168 2821 2297 2901; x_wconf 92' lang='lat' dir='ltr'><strong>lege</strong></span> <span class='ocrx_word' id='word_1_388' title='bbox 2328 2823 2619 2882; x_wconf 87' lang='lat' dir='ltr'><strong>sancitum</strong></span> <span class='ocrx_word' id='word_1_389' title='bbox 2666 2829 2815 2891; x_wconf 83' lang='lat' dir='ltr'><strong>erat,</strong></span> <span class='ocrx_word' id='word_1_390' title='bbox 2848 2830 2913 2883; x_wconf 89' lang='lat' dir='ltr'><strong>ut</strong></span> <span class='ocrx_word' id='word_1_391' title='bbox 2934 2824 3345 2904; x_wconf 87' lang='lat' dir='ltr'><strong>jumentorum</strong></span> <span class='ocrx_word' id='word_1_392' title='bbox 3371 2842 3608 2905; x_wconf 85' lang='lat' dir='ltr'><strong>quoque</strong></span> 
     </span>
    </p>
   </div>
   <div class='ocr_carea' id='block_1_58' title="bbox 217 2908 1879 2994">
    <p class='ocr_par' dir='ltr' id='par_1_58' title="bbox 217 2908 1875 2992">
     <span class='ocr_line' id='line_1_58' title="bbox 217 2908 1875 2992; baseline -0.005 -23"><span class='ocrx_word' id='word_1_393' title='bbox 217 2912 597 2992; x_wconf 81' lang='grc' dir='ltr'>ἀνακηρύττει,</span> <span class='ocrx_word' id='word_1_394' title='bbox 683 2914 761 2987; x_wconf 70' lang='grc' dir='ltr'>μὴ</span> <span class='ocrx_word' id='word_1_395' title='bbox 847 2920 1254 2988; x_wconf 83' lang='grc' dir='ltr'>προεννοοῦντας</span> <span class='ocrx_word' id='word_1_396' title='bbox 1312 2910 1378 2967; x_wconf 84' lang='grc' dir='ltr'><strong>τὰ</strong></span> <span class='ocrx_word' id='word_1_397' title='bbox 1458 2911 1617 2981; x_wconf 62' lang='grc' dir='ltr'>κακά,</span> <span class='ocrx_word' id='word_1_398' title='bbox 1678 2910 1755 2982; x_wconf 80' lang='grc' dir='ltr'>μὴ</span> <span class='ocrx_word' id='word_1_399' title='bbox 1810 2908 1875 2961; x_wconf 67' lang='grc'><strong>58</strong></span> 
     </span>
    </p>
   </div>
   <div class='ocr_carea' id='block_1_59' title="bbox 1965 2908 3609 2994">
    <p class='ocr_par' dir='ltr' id='par_1_59' title="bbox 1965 2910 3609 2994">
     <span class='ocr_line' id='line_1_59' title="bbox 1965 2910 3609 2994; baseline 0.002 -22"><span class='ocrx_word' id='word_1_400' title='bbox 1965 2910 2181 2972; x_wconf 85' lang='lat' dir='ltr'><strong>inimici</strong></span> <span class='ocrx_word' id='word_1_401' title='bbox 2212 2929 2354 2973; x_wconf 91' lang='lat' dir='ltr'><strong>cura</strong></span> <span class='ocrx_word' id='word_1_402' title='bbox 2384 2919 2695 2991; x_wconf 76' lang='lat' dir='ltr'><strong>gereretur</strong></span> <span class='ocrx_word' id='word_1_403' title='bbox 2724 2946 2758 2988; x_wconf 72' lang='grc' dir='ltr'>ι.</span> <span class='ocrx_word' id='word_1_404' title='bbox 2789 2912 2899 2975; x_wconf 85' lang='lat' dir='ltr'><strong>Job</strong></span> <span class='ocrx_word' id='word_1_405' title='bbox 2924 2914 3128 2994; x_wconf 90' lang='lat' dir='ltr'><strong>etiam,</strong></span> <span class='ocrx_word' id='word_1_406' title='bbox 3154 2921 3221 2976; x_wconf 91' lang='lat' dir='ltr'><strong>ut</strong></span> <span class='ocrx_word' id='word_1_407' title='bbox 3249 2913 3609 2976; x_wconf 64' lang='lat' dir='ltr'><strong>innocentiae</strong></span> 
     </span>
    </p>
   </div>
   <div class='ocr_carea' id='block_1_60' title="bbox 221 2997 1879 3085">
    <p class='ocr_par' dir='ltr' id='par_1_60' title="bbox 221 2997 1870 3081">
     <span class='ocr_line' id='line_1_60' title="bbox 221 2997 1870 3081; baseline -0.003 -21"><span class='ocrx_word' id='word_1_408' title='bbox 221 3004 665 3081; x_wconf 74' lang='grc' dir='ltr'>προσποιούντας,</span> <span class='ocrx_word' id='word_1_409' title='bbox 700 3000 836 3057; x_wconf 81' lang='grc' dir='ltr'><strong>ἀλλά</strong></span> <span class='ocrx_word' id='word_1_410' title='bbox 861 2997 998 3075; x_wconf 80' lang='grc' dir='ltr'>μηδὲ</span> <span class='ocrx_word' id='word_1_411' title='bbox 1055 3001 1186 3077; x_wconf 76' lang='grc' dir='ltr'>πρὸς</span> <span class='ocrx_word' id='word_1_412' title='bbox 1217 3000 1313 3066; x_wconf 71' lang='grc' dir='ltr'>τῆς</span> <span class='ocrx_word' id='word_1_413' title='bbox 1372 2997 1550 3056; x_wconf 59' lang='lat' dir='ltr'><strong>dinei”</strong></span> <span class='ocrx_word' id='word_1_414' title='bbox 1591 2998 1656 3049; x_wconf 74' lang='grc'><strong>55</strong></span> <span class='ocrx_word' id='word_1_415' title='bbox 1683 3000 1870 3064; x_wconf 82' lang='grc' dir='ltr'>κακίας</span> 
     </span>
    </p>
   </div>
   <div class='ocr_carea' id='block_1_61' title="bbox 1965 2997 3609 3085">
    <p class='ocr_par' dir='ltr' id='par_1_61' title="bbox 1965 3001 3609 3085">
     <span class='ocr_line' id='line_1_61' title="bbox 1965 3001 3609 3085; baseline 0.002 -23"><span class='ocrx_word' id='word_1_416' title='bbox 1965 3008 2155 3079; x_wconf 81' lang='lat' dir='ltr'><strong>tenax,</strong></span> <span class='ocrx_word' id='word_1_417' title='bbox 2184 3001 2546 3082; x_wconf 80' lang='lat' dir='ltr'><strong>justiticatus</strong></span> <span class='ocrx_word' id='word_1_418' title='bbox 2576 3009 2670 3063; x_wconf 88' lang='lat' dir='ltr'><strong>est</strong></span> <span class='ocrx_word' id='word_1_419' title='bbox 2696 3004 2953 3079; x_wconf 66' lang='lat' dir='ltr'><strong>k.Atque</strong></span> <span class='ocrx_word' id='word_1_420' title='bbox 2966 3002 3190 3085; x_wconf 76' lang='lat' dir='ltr'><strong>Ioseph</strong></span> <span class='ocrx_word' id='word_1_421' title='bbox 3222 3003 3609 3068; x_wconf 84' lang='lat' dir='ltr'><strong>insidiatores</strong></span> 
     </span>
    </p>
   </div>
   <div class='ocr_carea' id='block_1_62' title="bbox 220 3086 1879 3175">
    <p class='ocr_par' dir='ltr' id='par_1_62' title="bbox 220 3086 1870 3170">
     <span class='ocr_line' id='line_1_62' title="bbox 220 3086 1870 3170; baseline -0.002 -21"><span class='ocrx_word' id='word_1_422' title='bbox 220 3093 285 3150; x_wconf 80' lang='grc' dir='ltr'>ὲκ</span> <span class='ocrx_word' id='word_1_423' title='bbox 336 3091 567 3169; x_wconf 67' lang='grc' dir='ltr'>τάγαθοῦ</span> <span class='ocrx_word' id='word_1_424' title='bbox 626 3089 1131 3170; x_wconf 68' lang='grc' dir='ltr'>μεταποιουμένους,</span> <span class='ocrx_word' id='word_1_425' title='bbox 1179 3090 1476 3146; x_wconf 78' lang='grc' dir='ltr'>τούναντίον</span> <span class='ocrx_word' id='word_1_426' title='bbox 1534 3086 1599 3145; x_wconf 74' lang='grc' dir='ltr'><strong>δὲ</strong></span> <span class='ocrx_word' id='word_1_427' title='bbox 1629 3088 1870 3152; x_wconf 82' lang='grc' dir='ltr'>θεοειδῶς</span> 
     </span>
    </p>
   </div>
   <div class='ocr_carea' id='block_1_63' title="bbox 1965 3086 3606 3175">
    <p class='ocr_par' dir='ltr' id='par_1_63' title="bbox 1965 3089 3606 3175">
     <span class='ocr_line' id='line_1_63' title="bbox 1965 3089 3606 3175; baseline 0.004 -24"><span class='ocrx_word' id='word_1_428' title='bbox 1965 3089 2166 3155; x_wconf 84' lang='lat' dir='ltr'><strong>l‘ratres</strong></span> <span class='ocrx_word' id='word_1_429' title='bbox 2213 3110 2331 3153; x_wconf 91' lang='lat' dir='ltr'><strong>non</strong></span> <span class='ocrx_word' id='word_1_430' title='bbox 2385 3099 2474 3154; x_wconf 91' lang='lat' dir='ltr'><strong>est</strong></span> <span class='ocrx_word' id='word_1_431' title='bbox 2510 3090 2738 3173; x_wconf 76' lang='lat' dir='ltr'><strong>&#39;nltusl,</strong></span> <span class='ocrx_word' id='word_1_432' title='bbox 2784 3092 3056 3175; x_wconf 84' lang='lat' dir='ltr'><strong>Abelque</strong></span> <span class='ocrx_word' id='word_1_433' title='bbox 3085 3092 3457 3173; x_wconf 84' lang='lat' dir='ltr'><strong>simpliciter,</strong></span> <span class='ocrx_word' id='word_1_434' title='bbox 3493 3112 3606 3157; x_wconf 91' lang='lat' dir='ltr'><strong>nec</strong></span> 
     </span>
    </p>
   </div>
   <div class='ocr_carea' id='block_1_64' title="bbox 219 3176 1879 3259">
    <p class='ocr_par' dir='ltr' id='par_1_64' title="bbox 219 3176 1873 3259">
     <span class='ocr_line' id='line_1_64' title="bbox 219 3176 1873 3259; baseline -0.004 -18"><span class='ocrx_word' id='word_1_435' title='bbox 219 3185 311 3241; x_wconf 84' lang='grc' dir='ltr'><strong>καὶ</strong></span> <span class='ocrx_word' id='word_1_436' title='bbox 341 3183 462 3247; x_wconf 77' lang='grc' dir='ltr'>τοὺς</span> <span class='ocrx_word' id='word_1_437' title='bbox 516 3182 710 3248; x_wconf 85' lang='grc' dir='ltr'>κακοὺς</span> <span class='ocrx_word' id='word_1_438' title='bbox 739 3180 1092 3259; x_wconf 85' lang='grc' dir='ltr'>ἀγαθύνοντας</span> <span class='ocrx_word' id='word_1_439' title='bbox 1141 3177 1237 3236; x_wconf 77' lang='grc' dir='ltr'>καῖ</span> <span class='ocrx_word' id='word_1_440' title='bbox 1265 3176 1628 3259; x_wconf 70' lang='grc' dir='ltr'>ἐφαπλοῦντας</span> <span class='ocrx_word' id='word_1_441' title='bbox 1672 3177 1756 3259; x_wconf 78' lang='grc'>56,</span> <span class='ocrx_word' id='word_1_442' title='bbox 1785 3180 1873 3236; x_wconf 79' lang='grc' dir='ltr'><strong>καί</strong></span> 
     </span>
    </p>
   </div>
   <div class='ocr_carea' id='block_1_65' title="bbox 1965 3176 3603 3259">
    <p class='ocr_par' dir='ltr' id='par_1_65' title="bbox 1965 3178 3603 3259">
     <span class='ocr_line' id='line_1_65' title="bbox 1965 3178 3603 3259; baseline 0.004 -20"><span class='ocrx_word' id='word_1_443' title='bbox 1965 3178 2279 3259; x_wconf 85' lang='lat' dir='ltr'><strong>quidquam</strong></span> <span class='ocrx_word' id='word_1_444' title='bbox 2313 3179 2647 3259; x_wconf 88' lang='lat' dir='ltr'><strong>suspicans,</strong></span> <span class='ocrx_word' id='word_1_445' title='bbox 2679 3181 2997 3245; x_wconf 86' lang='lat' dir='ltr'><strong>comitatus</strong></span> <span class='ocrx_word' id='word_1_446' title='bbox 3025 3190 3124 3245; x_wconf 88' lang='lat' dir='ltr'><strong>est</strong></span> <span class='ocrx_word' id='word_1_447' title='bbox 3146 3182 3511 3245; x_wconf 80' lang='lat' dir='ltr'><strong>fratricidam</strong></span> <span class='ocrx_word' id='word_1_448' title='bbox 3542 3196 3603 3244; x_wconf 79' lang='grc'><strong>’³.</strong></span> 
     </span>
    </p>
   </div>
   <div class='ocr_carea' id='block_1_66' title="bbox 222 3266 1879 3354">
    <p class='ocr_par' dir='ltr' id='par_1_66' title="bbox 222 3267 1871 3347">
     <span class='ocr_line' id='line_1_66' title="bbox 222 3267 1871 3347; baseline -0.003 -17"><span class='ocrx_word' id='word_1_449' title='bbox 222 3270 330 3330; x_wconf 79' lang='grc' dir='ltr'>ἐντ’</span> <span class='ocrx_word' id='word_1_450' title='bbox 363 3272 548 3335; x_wconf 72' lang='grc' dir='ltr'>αὖτοὺς</span> <span class='ocrx_word' id='word_1_451' title='bbox 610 3272 709 3338; x_wconf 76' lang='grc' dir='ltr'>τὴν</span> <span class='ocrx_word' id='word_1_452' title='bbox 769 3268 977 3337; x_wconf 80' lang='grc' dir='ltr'>πολλὴν</span> <span class='ocrx_word' id='word_1_453' title='bbox 1008 3271 1179 3325; x_wconf 54' lang='lat' dir='ltr'><strong>ain:th</strong></span> <span class='ocrx_word' id='word_1_454' title='bbox 1238 3267 1564 3347; x_wconf 77' lang='grc' dir='ltr'>ἀγαθότητα,</span> <span class='ocrx_word' id='word_1_455' title='bbox 1612 3273 1709 3325; x_wconf 61' lang='grc' dir='ltr'>καὶ</span> <span class='ocrx_word' id='word_1_456' title='bbox 1748 3270 1871 3345; x_wconf 84' lang='grc' dir='ltr'>πρὸς</span> 
     </span>
    </p>
   </div>
   <div class='ocr_carea' id='block_1_67' title="bbox 1965 3266 3609 3354">
    <p class='ocr_par' dir='ltr' id='par_1_67' title="bbox 1965 3266 3609 3354">
     <span class='ocr_line' id='line_1_67' title="bbox 1965 3266 3609 3354; baseline 0.003 -23"><span class='ocrx_word' id='word_1_457' title='bbox 1965 3266 2182 3331; x_wconf 85' lang='lat' dir='ltr'><strong>Omnes</strong></span> <span class='ocrx_word' id='word_1_458' title='bbox 2209 3267 2467 3349; x_wconf 88' lang='lat' dir='ltr'><strong>denique</strong></span> <span class='ocrx_word' id='word_1_459' title='bbox 2500 3269 2800 3348; x_wconf 75' lang='lat' dir='ltr'><strong>theologia</strong></span> <span class='ocrx_word' id='word_1_460' title='bbox 2822 3270 3012 3333; x_wconf 91' lang='lat' dir='ltr'><strong>bonos</strong></span> <span class='ocrx_word' id='word_1_461' title='bbox 3043 3272 3347 3354; x_wconf 65' lang='lat' dir='ltr'><strong>praedicat,</strong></span> <span class='ocrx_word' id='word_1_462' title='bbox 3368 3273 3470 3354; x_wconf 90' lang='lat' dir='ltr'><strong>qui</strong></span> <span class='ocrx_word' id='word_1_463' title='bbox 3502 3291 3609 3336; x_wconf 87' lang='lat' dir='ltr'><strong>ne-</strong></span> 
     </span>
    </p>
   </div>
   <div class='ocr_carea' id='block_1_68' title="bbox 224 3356 1879 3443">
    <p class='ocr_par' dir='ltr' id='par_1_68' title="bbox 224 3356 1873 3437">
     <span class='ocr_line' id='line_1_68' title="bbox 224 3356 1873 3437; baseline -0.003 -18"><span class='ocrx_word' id='word_1_464' title='bbox 224 3364 289 3419; x_wconf 85' lang='grc' dir='ltr'>τὸ</span> <span class='ocrx_word' id='word_1_465' title='bbox 340 3361 524 3437; x_wconf 80' lang='grc' dir='ltr'>ὅμοιον</span> <span class='ocrx_word' id='word_1_466' title='bbox 583 3360 834 3424; x_wconf 79' lang='grc' dir='ltr'>ἐπιεικως</span> <span class='ocrx_word' id='word_1_467' title='bbox 866 3357 1308 3432; x_wconf 72' lang='grc' dir='ltr'>ἔκκαλουμένους.</span> <span class='ocrx_word' id='word_1_468' title='bbox 1344 3356 1496 3413; x_wconf 85' lang='grc' dir='ltr'>Ἀλλ’</span> <span class='ocrx_word' id='word_1_469' title='bbox 1516 3356 1601 3414; x_wconf 76' lang='grc' dir='ltr'>ἐπὶ</span> <span class='ocrx_word' id='word_1_470' title='bbox 1630 3360 1691 3415; x_wconf 85' lang='grc' dir='ltr'><strong>τό</strong></span> <span class='ocrx_word' id='word_1_471' title='bbox 1712 3356 1873 3414; x_wconf 78' lang='grc' dir='ltr'>ἄναν-</span> 
     </span>
    </p>
   </div>
   <div class='ocr_carea' id='block_1_69' title="bbox 1965 3356 3609 3443">
    <p class='ocr_par' dir='ltr' id='par_1_69' title="bbox 1965 3359 3609 3443">
     <span class='ocr_line' id='line_1_69' title="bbox 1965 3359 3609 3443; baseline 0.004 -24"><span class='ocrx_word' id='word_1_472' title='bbox 1965 3375 2075 3440; x_wconf 90' lang='lat' dir='ltr'><strong>que</strong></span> <span class='ocrx_word' id='word_1_473' title='bbox 2109 3359 2264 3420; x_wconf 90' lang='lat' dir='ltr'><strong>mala</strong></span> <span class='ocrx_word' id='word_1_474' title='bbox 2318 3359 2704 3441; x_wconf 65' lang='lat' dir='ltr'><strong>praesagiunt,</strong></span> <span class='ocrx_word' id='word_1_475' title='bbox 2760 3379 2954 3440; x_wconf 90' lang='lat' dir='ltr'><strong>neque</strong></span> <span class='ocrx_word' id='word_1_476' title='bbox 3012 3363 3318 3443; x_wconf 84' lang='lat' dir='ltr'><strong>simulant,</strong></span> <span class='ocrx_word' id='word_1_477' title='bbox 3382 3362 3487 3425; x_wconf 88' lang='lat' dir='ltr'><strong>sed</strong></span> <span class='ocrx_word' id='word_1_478' title='bbox 3530 3382 3609 3426; x_wconf 90' lang='lat' dir='ltr'><strong>ne</strong></span> 
     </span>
    </p>
   </div>
   <div class='ocr_carea' id='block_1_70' title="bbox 223 3446 1879 3531">
    <p class='ocr_par' dir='ltr' id='par_1_70' title="bbox 223 3446 1877 3527">
     <span class='ocr_line' id='line_1_70' title="bbox 223 3446 1877 3527; baseline -0.003 -16"><span class='ocrx_word' id='word_1_479' title='bbox 223 3474 315 3518; x_wconf 87' lang='grc' dir='ltr'><strong>τες</strong></span> <span class='ocrx_word' id='word_1_480' title='bbox 372 3451 766 3527; x_wconf 84' lang='grc' dir='ltr'>ἀνανεύσωμεν,</span> <span class='ocrx_word' id='word_1_481' title='bbox 827 3454 920 3509; x_wconf 79' lang='grc' dir='ltr'><strong>οὒκ</strong></span> <span class='ocrx_word' id='word_1_482' title='bbox 990 3446 1191 3512; x_wconf 82' lang='grc' dir='ltr'>ἀνδρῶν</span> <span class='ocrx_word' id='word_1_483' title='bbox 1242 3448 1395 3526; x_wconf 79' lang='grc' dir='ltr'>ἱερῶν</span> <span class='ocrx_word' id='word_1_484' title='bbox 1453 3446 1757 3523; x_wconf 76' lang='grc' dir='ltr'>ἐπιεικείας,</span> <span class='ocrx_word' id='word_1_485' title='bbox 1817 3451 1877 3507; x_wconf 75' lang='lat' dir='ltr'>o6</span> 
     </span>
    </p>
   </div>
   <div class='ocr_carea' id='block_1_71' title="bbox 1965 3446 3701 3531">
    <p class='ocr_par' dir='ltr' id='par_1_71' title="bbox 1965 3447 3701 3531">
     <span class='ocr_line' id='line_1_71' title="bbox 1965 3447 3701 3531; baseline 0.005 -22"><span class='ocrx_word' id='word_1_486' title='bbox 1965 3447 2212 3510; x_wconf 82' lang='lat' dir='ltr'><strong>aliorum</strong></span> <span class='ocrx_word' id='word_1_487' title='bbox 2258 3449 2500 3530; x_wconf 90' lang='lat' dir='ltr'><strong>quidem</strong></span> <span class='ocrx_word' id='word_1_488' title='bbox 2557 3449 2699 3512; x_wconf 72' lang='lat'><strong>598</strong></span> <span class='ocrx_word' id='word_1_489' title='bbox 2749 3450 2972 3513; x_wconf 85' lang='lat' dir='ltr'><strong>malitia</strong></span> <span class='ocrx_word' id='word_1_490' title='bbox 3018 3449 3241 3515; x_wconf 90' lang='lat' dir='ltr'><strong>bonum</strong></span> <span class='ocrx_word' id='word_1_491' title='bbox 3293 3452 3608 3531; x_wconf 88' lang='lat' dir='ltr'><strong>deserunt,</strong></span> <span class='ocrx_word' id='word_1_492' title='bbox 3698 3458 3701 3463; x_wconf 81' lang='grc'><em>’</em></span> 
     </span>
    </p>
   </div>
   <div class='ocr_carea' id='block_1_72' title="bbox 226 3536 1879 3623">
    <p class='ocr_par' dir='ltr' id='par_1_72' title="bbox 226 3536 1871 3623">
     <span class='ocr_line' id='line_1_72' title="bbox 226 3536 1871 3623; baseline -0.005 -25"><span class='ocrx_word' id='word_1_493' title='bbox 226 3541 609 3623; x_wconf 79' lang='grc' dir='ltr'>φιλανθρώπων</span> <span class='ocrx_word' id='word_1_494' title='bbox 680 3539 925 3619; x_wconf 73' lang='grc' dir='ltr'>ἀγγελῶν</span> <span class='ocrx_word' id='word_1_495' title='bbox 955 3537 1289 3616; x_wconf 76' lang='grc' dir='ltr'>ἀγαθότῃτας</span> <span class='ocrx_word' id='word_1_496' title='bbox 1333 3536 1746 3616; x_wconf 73' lang='grc' dir='ltr'>ὲξαγγέλλοντας</span> <span class='ocrx_word' id='word_1_497' title='bbox 1788 3537 1871 3606; x_wconf 72' lang='grc'><strong>57,</strong></span> 
     </span>
    </p>
   </div>
   <div class='ocr_carea' id='block_1_73' title="bbox 1965 3536 3609 3623">
    <p class='ocr_par' dir='ltr' id='par_1_73' title="bbox 1965 3537 3609 3620">
     <span class='ocr_line' id='line_1_73' title="bbox 1965 3537 3609 3620; baseline 0.002 -20"><span class='ocrx_word' id='word_1_498' title='bbox 1965 3537 2066 3601; x_wconf 82' lang='lat' dir='ltr'><strong>sed</strong></span> <span class='ocrx_word' id='word_1_499' title='bbox 2098 3555 2133 3600; x_wconf 94' lang='lat' dir='ltr'><strong>e</strong></span> <span class='ocrx_word' id='word_1_500' title='bbox 2181 3537 2416 3600; x_wconf 87' lang='lat' dir='ltr'><strong>diverso</strong></span> <span class='ocrx_word' id='word_1_501' title='bbox 2467 3538 2839 3602; x_wconf 88' lang='lat' dir='ltr'><strong>deit&#39;ormiter</strong></span> <span class='ocrx_word' id='word_1_502' title='bbox 2887 3539 3081 3620; x_wconf 86' lang='lat' dir='ltr'><strong>pravis</strong></span> <span class='ocrx_word' id='word_1_503' title='bbox 3140 3540 3609 3618; x_wconf 80' lang='lat' dir='ltr'><strong>benefacientes,</strong></span> 
     </span>
    </p>
   </div>
   <div class='ocr_carea' id='block_1_74' title="bbox 224 3626 1879 3707">
    <p class='ocr_par' dir='ltr' id='par_1_74' title="bbox 224 3626 1879 3707">
     <span class='ocr_line' id='line_1_74' title="bbox 224 3626 1879 3707; baseline -0.002 -18"><span class='ocrx_word' id='word_1_504' title='bbox 224 3632 514 3689; x_wconf 80' lang='grc' dir='ltr'>ἑλεούντών</span> <span class='ocrx_word' id='word_1_505' title='bbox 571 3630 693 3699; x_wconf 74' lang='grc' dir='ltr'>ἔθνη</span> <span class='ocrx_word' id='word_1_506' title='bbox 746 3632 832 3688; x_wconf 84' lang='grc' dir='ltr'><strong>καὶ</strong></span> <span class='ocrx_word' id='word_1_507' title='bbox 874 3627 1270 3707; x_wconf 80' lang='grc' dir='ltr'>ὐπερδεομένων</span> <span class='ocrx_word' id='word_1_508' title='bbox 1301 3628 1472 3684; x_wconf 75' lang='grc' dir='ltr'>αὐτῶν</span> <span class='ocrx_word' id='word_1_509' title='bbox 1518 3626 1737 3707; x_wconf 77' lang='grc' dir='ltr'>ἀγαθοῦ,</span> <span class='ocrx_word' id='word_1_510' title='bbox 1792 3629 1879 3686; x_wconf 84' lang='grc' dir='ltr'>καὶ</span> 
     </span>
    </p>
   </div>
   <div class='ocr_carea' id='block_1_75' title="bbox 225 3716 1873 3800">
    <p class='ocr_par' dir='ltr' id='par_1_75' title="bbox 225 3716 1873 3800">
     <span class='ocr_line' id='line_1_75' title="bbox 225 3716 1873 3800; baseline -0.002 -21"><span class='ocrx_word' id='word_1_511' title='bbox 225 3736 350 3788; x_wconf 77' lang='grc' dir='ltr'>ταῖς</span> <span class='ocrx_word' id='word_1_512' title='bbox 383 3720 640 3800; x_wconf 85' lang='grc' dir='ltr'>ὁλεθρίαις</span> <span class='ocrx_word' id='word_1_513' title='bbox 690 3723 776 3777; x_wconf 87' lang='grc' dir='ltr'><strong>καὶ</strong></span> <span class='ocrx_word' id='word_1_514' title='bbox 824 3718 1194 3797; x_wconf 79' lang='grc' dir='ltr'>κακεργὲτισιν</span> <span class='ocrx_word' id='word_1_515' title='bbox 1226 3716 1595 3790; x_wconf 73' lang='grc' dir='ltr'>ἐπιτιμώντων</span> <span class='ocrx_word' id='word_1_516' title='bbox 1623 3716 1873 3784; x_wconf 84' lang='grc' dir='ltr'>πληθύσι,</span> 
     </span>
    </p>
   </div>
   <div class='ocr_carea' id='block_1_76' title="bbox 226 3809 1880 3894">
    <p class='ocr_par' dir='ltr' id='par_1_76' title="bbox 226 3809 1880 3894">
     <span class='ocr_line' id='line_1_76' title="bbox 226 3809 1880 3894; baseline -0.002 -22"><span class='ocrx_word' id='word_1_517' title='bbox 226 3815 322 3872; x_wconf 75' lang='grc' dir='ltr'><strong>καί</strong></span> <span class='ocrx_word' id='word_1_518' title='bbox 380 3813 692 3894; x_wconf 79' lang='grc' dir='ltr'>ἀχθομένων</span> <span class='ocrx_word' id='word_1_519' title='bbox 755 3812 850 3888; x_wconf 77' lang='grc' dir='ltr'>μὲν</span> <span class='ocrx_word' id='word_1_520' title='bbox 901 3812 987 3868; x_wconf 80' lang='grc' dir='ltr'><strong>ἐπὶ</strong></span> <span class='ocrx_word' id='word_1_521' title='bbox 1028 3822 1246 3885; x_wconf 79' lang='grc' dir='ltr'>κακοῖς,</span> <span class='ocrx_word' id='word_1_522' title='bbox 1278 3809 1700 3889; x_wconf 70' lang='grc' dir='ltr'>εὐφραινομένων</span> <span class='ocrx_word' id='word_1_523' title='bbox 1729 3810 1783 3867; x_wconf 79' lang='grc' dir='ltr'><strong>δὲ</strong></span> <span class='ocrx_word' id='word_1_524' title='bbox 1813 3811 1880 3887; x_wconf 70' lang='grc' dir='ltr'><strong>τῇ</strong></span> 
     </span>
    </p>
   </div>
   <div class='ocr_carea' id='block_1_77' title="bbox 228 3898 1881 3983">
    <p class='ocr_par' dir='ltr' id='par_1_77' title="bbox 228 3898 1881 3983">
     <span class='ocr_line' id='line_1_77' title="bbox 228 3898 1881 3983; baseline -0.002 -22"><span class='ocrx_word' id='word_1_525' title='bbox 228 3904 466 3983; x_wconf 82' lang='grc' dir='ltr'>σωτηρίᾳ</span> <span class='ocrx_word' id='word_1_526' title='bbox 494 3910 599 3961; x_wconf 82' lang='grc' dir='ltr'><strong>τῶν</strong></span> <span class='ocrx_word' id='word_1_527' title='bbox 627 3905 702 3967; x_wconf 84' lang='grc' dir='ltr'><strong>είς</strong></span> <span class='ocrx_word' id='word_1_528' title='bbox 732 3904 798 3960; x_wconf 82' lang='grc' dir='ltr'>τὰ</span> <span class='ocrx_word' id='word_1_529' title='bbox 854 3903 1025 3980; x_wconf 86' lang='grc' dir='ltr'>ἀγαθὰ</span> <span class='ocrx_word' id='word_1_530' title='bbox 1086 3898 1564 3977; x_wconf 75' lang='grc' dir='ltr'>μετακαλουμένων</span> <span class='ocrx_word' id='word_1_531' title='bbox 1599 3916 1613 3932; x_wconf 82' lang='grc'><strong><em>⁸</em></strong></span> <span class='ocrx_word' id='word_1_532' title='bbox 1646 3899 1754 3957; x_wconf 72' lang='grc' dir='ltr'>οὐδ’</span> <span class='ocrx_word' id='word_1_533' title='bbox 1783 3900 1881 3957; x_wconf 78' lang='grc' dir='ltr'>ὅσα</span> 
     </span>
    </p>
   </div>
   <div class='ocr_carea' id='block_1_78' title="bbox 228 3988 1880 4072">
    <p class='ocr_par' dir='ltr' id='par_1_78' title="bbox 228 3988 1880 4072">
     <span class='ocr_line' id='line_1_78' title="bbox 228 3988 1880 4072; baseline -0.003 -20"><span class='ocrx_word' id='word_1_534' title='bbox 228 3994 367 4052; x_wconf 88' lang='grc' dir='ltr'>ἀλλα</span> <span class='ocrx_word' id='word_1_535' title='bbox 428 3995 547 4072; x_wconf 85' lang='grc' dir='ltr'>περὶ</span> <span class='ocrx_word' id='word_1_536' title='bbox 601 4000 707 4052; x_wconf 84' lang='grc' dir='ltr'>τῶν</span> <span class='ocrx_word' id='word_1_537' title='bbox 766 3994 1108 4071; x_wconf 83' lang='grc' dir='ltr'>ἀγαθοεργῶν</span> <span class='ocrx_word' id='word_1_538' title='bbox 1168 3990 1414 4070; x_wconf 74' lang='grc' dir='ltr'>ἀγγελῶν</span> <span class='ocrx_word' id='word_1_539' title='bbox 1446 3993 1473 4047; x_wconf 90' lang='lat'><strong>6</strong></span> <span class='ocrx_word' id='word_1_540' title='bbox 1502 3988 1742 4069; x_wconf 89' lang='grc' dir='ltr'>θεολογία</span> <span class='ocrx_word' id='word_1_541' title='bbox 1768 4013 1880 4049; x_wconf 87' lang='grc' dir='ltr'>πα-</span> 
     </span>
    </p>
   </div>
   <div class='ocr_carea' id='block_1_79' title="bbox 232 4081 1883 4163">
    <p class='ocr_par' dir='ltr' id='par_1_79' title="bbox 232 4081 1883 4163">
     <span class='ocr_line' id='line_1_79' title="bbox 232 4081 1883 4163; baseline -0.004 -21"><span class='ocrx_word' id='word_1_542' title='bbox 232 4082 530 4163; x_wconf 83' lang='grc' dir='ltr'>ραδίδωσιν,</span> <span class='ocrx_word' id='word_1_543' title='bbox 580 4082 716 4141; x_wconf 74' lang='grc' dir='ltr'>ἀλλὰ</span> <span class='ocrx_word' id='word_1_544' title='bbox 764 4094 858 4142; x_wconf 82' lang='grc' dir='ltr'><strong>τοῦ</strong></span> <span class='ocrx_word' id='word_1_545' title='bbox 914 4081 1078 4143; x_wconf 78' lang='grc' dir='ltr'>ὄντως</span> <span class='ocrx_word' id='word_1_546' title='bbox 1156 4082 1354 4159; x_wconf 80' lang='grc' dir='ltr'>ἀγαθοῦ</span> <span class='ocrx_word' id='word_1_547' title='bbox 1423 4082 1507 4138; x_wconf 68' lang='grc' dir='ltr'><strong>καὶ</strong></span> <span class='ocrx_word' id='word_1_548' title='bbox 1555 4081 1883 4159; x_wconf 75' lang='grc' dir='ltr'>ὕπεραγάθου</span> 
     </span>
    </p>
   </div>
   <div class='ocr_carea' id='block_1_80' title="bbox 233 4171 1880 4252">
    <p class='ocr_par' dir='ltr' id='par_1_80' title="bbox 233 4171 1880 4252">
     <span class='ocr_line' id='line_1_80' title="bbox 233 4171 1880 4252; baseline -0.004 -20"><span class='ocrx_word' id='word_1_549' title='bbox 233 4181 459 4252; x_wconf 77' lang='grc' dir='ltr'>Χριστοῦ</span> <span class='ocrx_word' id='word_1_550' title='bbox 500 4175 595 4238; x_wconf 83' lang='grc' dir='ltr'>τὰς</span> <span class='ocrx_word' id='word_1_551' title='bbox 640 4173 991 4252; x_wconf 75' lang='grc' dir='ltr'>ἀγαθοποιούς</span> <span class='ocrx_word' id='word_1_552' title='bbox 1056 4171 1282 4231; x_wconf 74' lang='grc' dir='ltr'>ἀκτῖνας</span> <span class='ocrx_word' id='word_1_553' title='bbox 1341 4171 1395 4225; x_wconf 79' lang='grc' dir='ltr'>ἐν</span> <span class='ocrx_word' id='word_1_554' title='bbox 1438 4172 1638 4249; x_wconf 74' lang='grc' dir='ltr'>ἡσυχία</span> <span class='ocrx_word' id='word_1_555' title='bbox 1704 4191 1880 4248; x_wconf 81' lang='grc' dir='ltr'>παρα-</span> 
     </span>
    </p>
   </div>
   <div class='ocr_carea' id='block_1_81' title="bbox 232 4259 1881 4344">
    <p class='ocr_par' dir='ltr' id='par_1_81' title="bbox 232 4259 1881 4344">
     <span class='ocr_line' id='line_1_81' title="bbox 232 4259 1881 4344; baseline -0.004 -23"><span class='ocrx_word' id='word_1_556' title='bbox 232 4263 545 4344; x_wconf 82' lang='grc' dir='ltr'>δεχόμενοι,</span> <span class='ocrx_word' id='word_1_557' title='bbox 600 4265 730 4341; x_wconf 80' lang='grc' dir='ltr'>πρὸς</span> <span class='ocrx_word' id='word_1_558' title='bbox 780 4262 953 4320; x_wconf 73' lang='grc' dir='ltr'>αὖτῶν</span> <span class='ocrx_word' id='word_1_559' title='bbox 994 4261 1058 4311; x_wconf 73' lang='grc'><strong>58</strong></span> <span class='ocrx_word' id='word_1_560' title='bbox 1113 4260 1200 4317; x_wconf 84' lang='grc' dir='ltr'><strong>ἐπὶ</strong></span> <span class='ocrx_word' id='word_1_561' title='bbox 1242 4260 1334 4325; x_wconf 73' lang='grc' dir='ltr'><strong>τὰς</strong></span> <span class='ocrx_word' id='word_1_562' title='bbox 1364 4261 1503 4323; x_wconf 80' lang='grc' dir='ltr'>θείας</span> <span class='ocrx_word' id='word_1_563' title='bbox 1533 4259 1881 4337; x_wconf 80' lang='grc' dir='ltr'>ἀγαθουργίας</span> 
     </span>
    </p>
   </div>
   <div class='ocr_carea' id='block_1_82' title="bbox 232 4345 1884 4433">
    <p class='ocr_par' dir='ltr' id='par_1_82' title="bbox 232 4345 1884 4433">
     <span class='ocr_line' id='line_1_82' title="bbox 232 4345 1884 4433; baseline -0.002 -22"><span class='ocrx_word' id='word_1_564' title='bbox 232 4353 391 4414; x_wconf 68' lang='grc' dir='ltr'>αὐτοῦ</span> <span class='ocrx_word' id='word_1_565' title='bbox 449 4357 957 4433; x_wconf 77' lang='grc' dir='ltr'>φωταγωγηθώμεν,</span> <span class='ocrx_word' id='word_1_566' title='bbox 1012 4345 1141 4428; x_wconf 75' lang='grc' dir='ltr'>Ἀρα</span> <span class='ocrx_word' id='word_1_567' title='bbox 1197 4352 1298 4428; x_wconf 69' lang='grc' dir='ltr'><strong>γὰρ</strong></span> <span class='ocrx_word' id='word_1_568' title='bbox 1356 4352 1450 4406; x_wconf 71' lang='grc' dir='ltr'>οὒκ.</span> <span class='ocrx_word' id='word_1_569' title='bbox 1510 4347 1650 4405; x_wconf 81' lang='grc' dir='ltr'>ἔστιν</span> <span class='ocrx_word' id='word_1_570' title='bbox 1682 4348 1884 4428; x_wconf 70' lang='grc' dir='ltr'>ἀφᾶτο.)</span> 
     </span>
    </p>
   </div>
   <div class='ocr_carea' id='block_1_83' title="bbox 233 4436 1883 4521">
    <p class='ocr_par' dir='ltr' id='par_1_83' title="bbox 233 4436 1883 4521">
     <span class='ocr_line' id='line_1_83' title="bbox 233 4436 1883 4521; baseline -0.004 -21"><span class='ocrx_word' id='word_1_571' title='bbox 233 4446 321 4500; x_wconf 85' lang='grc' dir='ltr'><strong>καὶ</strong></span> <span class='ocrx_word' id='word_1_572' title='bbox 371 4442 500 4521; x_wconf 77' lang='grc' dir='ltr'>ὑπὲρ</span> <span class='ocrx_word' id='word_1_573' title='bbox 543 4444 732 4511; x_wconf 85' lang='grc' dir='ltr'>νόησιν</span> <span class='ocrx_word' id='word_1_574' title='bbox 790 4443 1137 4520; x_wconf 80' lang='grc' dir='ltr'>ἀγαθότητος.</span> <span class='ocrx_word' id='word_1_575' title='bbox 1174 4441 1254 4496; x_wconf 75' lang='grc' dir='ltr'>ὃτι</span> <span class='ocrx_word' id='word_1_576' title='bbox 1322 4440 1384 4496; x_wconf 80' lang='grc' dir='ltr'>τὰ</span> <span class='ocrx_word' id='word_1_577' title='bbox 1442 4438 1567 4494; x_wconf 77' lang='grc' dir='ltr'>ὅντα</span> <span class='ocrx_word' id='word_1_578' title='bbox 1622 4436 1686 4488; x_wconf 75' lang='lat'><strong>59</strong></span> <span class='ocrx_word' id='word_1_579' title='bbox 1739 4438 1883 4495; x_wconf 62' lang='grc' dir='ltr'>εἶναι</span> 
     </span>
    </p>
   </div>
   <div class='ocr_carea' id='block_1_84' title="bbox 235 4529 1882 4607">
    <p class='ocr_par' dir='ltr' id='par_1_84' title="bbox 235 4529 1882 4607">
     <span class='ocr_line' id='line_1_84' title="bbox 235 4529 1882 4607; baseline -0.005 -17"><span class='ocrx_word' id='word_1_580' title='bbox 235 4549 403 4607; x_wconf 74' lang='grc' dir='ltr'>ποιεῖ,</span> <span class='ocrx_word' id='word_1_581' title='bbox 461 4534 547 4589; x_wconf 84' lang='grc' dir='ltr'>καὶ</span> <span class='ocrx_word' id='word_1_582' title='bbox 577 4532 655 4589; x_wconf 79' lang='grc' dir='ltr'>ὄτι</span> <span class='ocrx_word' id='word_1_583' title='bbox 705 4532 877 4588; x_wconf 73' lang='grc' dir='ltr'>πάντα</span> <span class='ocrx_word' id='word_1_584' title='bbox 933 4530 1064 4588; x_wconf 78' lang='grc' dir='ltr'><strong>αύτά</strong></span> <span class='ocrx_word' id='word_1_585' title='bbox 1116 4531 1245 4601; x_wconf 79' lang='grc' dir='ltr'>πρὸς</span> <span class='ocrx_word' id='word_1_586' title='bbox 1310 4534 1370 4585; x_wconf 76' lang='grc' dir='ltr'>τὸ</span> <span class='ocrx_word' id='word_1_587' title='bbox 1401 4529 1542 4585; x_wconf 77' lang='grc' dir='ltr'>εἶναι</span> <span class='ocrx_word' id='word_1_588' title='bbox 1578 4529 1882 4606; x_wconf 75' lang='grc' dir='ltr'>παρήγαγε,</span> 
     </span>
    </p>
   </div>
   <div class='ocr_carea' id='block_1_85' title="bbox 1962 3628 3613 3711">
    <p class='ocr_par' dir='ltr' id='par_1_85' title="bbox 1962 3628 3613 3711">
     <span class='ocr_line' id='line_1_85' title="bbox 1962 3628 3613 3711; baseline 0.005 -23"><span class='ocrx_word' id='word_1_589' title='bbox 1962 3645 2357 3709; x_wconf 88' lang='lat' dir='ltr'><strong>magnamque</strong></span> <span class='ocrx_word' id='word_1_590' title='bbox 2387 3628 2772 3705; x_wconf 80' lang='lat' dir='ltr'><strong>benignitatis</strong></span> <span class='ocrx_word' id='word_1_591' title='bbox 2796 3648 2924 3692; x_wconf 69' lang='lat' dir='ltr'><strong>suae</strong></span> <span class='ocrx_word' id='word_1_592' title='bbox 2952 3630 3185 3711; x_wconf 90' lang='lat' dir='ltr'><strong>copiam</strong></span> <span class='ocrx_word' id='word_1_593' title='bbox 3209 3631 3268 3693; x_wconf 92' lang='lat' dir='ltr'><strong>in</strong></span> <span class='ocrx_word' id='word_1_594' title='bbox 3293 3649 3398 3694; x_wconf 89' lang='lat' dir='ltr'><strong>eos</strong></span> <span class='ocrx_word' id='word_1_595' title='bbox 3425 3633 3613 3695; x_wconf 80' lang='lat' dir='ltr'><strong>effun-</strong></span> 
     </span>
    </p>
   </div>
   <div class='ocr_carea' id='block_1_86' title="bbox 1961 3716 3608 3803">
    <p class='ocr_par' dir='ltr' id='par_1_86' title="bbox 1961 3716 3608 3803">
     <span class='ocr_line' id='line_1_86' title="bbox 1961 3716 3608 3803; baseline 0.005 -25"><span class='ocrx_word' id='word_1_596' title='bbox 1961 3716 2468 3798; x_wconf 88' lang='lat' dir='ltr'><strong>dentes,benigne</strong></span> <span class='ocrx_word' id='word_1_597' title='bbox 2496 3716 2632 3781; x_wconf 89' lang='lat' dir='ltr'><strong>illos</strong></span> <span class='ocrx_word' id='word_1_598' title='bbox 2665 3719 2737 3781; x_wconf 92' lang='lat' dir='ltr'><strong>ad</strong></span> <span class='ocrx_word' id='word_1_599' title='bbox 2770 3718 2970 3782; x_wconf 91' lang='lat' dir='ltr'><strong>simile</strong></span> <span class='ocrx_word' id='word_1_600' title='bbox 3004 3738 3242 3802; x_wconf 91' lang='lat' dir='ltr'><strong>quoque</strong></span> <span class='ocrx_word' id='word_1_601' title='bbox 3268 3729 3608 3803; x_wconf 84' lang='lat' dir='ltr'><strong>provocant.</strong></span> 
     </span>
    </p>
   </div>
   <div class='ocr_carea' id='block_1_87' title="bbox 1964 3806 3611 3883">
    <p class='ocr_par' dir='ltr' id='par_1_87' title="bbox 1964 3806 3611 3883">
     <span class='ocr_line' id='line_1_87' title="bbox 1964 3806 3611 3883; baseline 0.003 -13"><span class='ocrx_word' id='word_1_602' title='bbox 1964 3806 2255 3871; x_wconf 78' lang='lat' dir='ltr'><strong>Caeterum</strong></span> <span class='ocrx_word' id='word_1_603' title='bbox 2273 3808 2347 3871; x_wconf 89' lang='lat' dir='ltr'><strong>ad</strong></span> <span class='ocrx_word' id='word_1_604' title='bbox 2371 3808 2588 3872; x_wconf 87' lang='lat' dir='ltr'><strong>altiora</strong></span> <span class='ocrx_word' id='word_1_605' title='bbox 2600 3809 3404 3883; x_wconf 86' lang='lat' dir='ltr'><strong>contendamus,sanctorum</strong></span> <span class='ocrx_word' id='word_1_606' title='bbox 3435 3830 3611 3875; x_wconf 89' lang='lat' dir='ltr'><strong>man-</strong></span> 
     </span>
    </p>
   </div>
   <div class='ocr_carea' id='block_1_88' title="bbox 1963 3896 3615 3980">
    <p class='ocr_par' dir='ltr' id='par_1_88' title="bbox 1963 3896 3615 3980">
     <span class='ocr_line' id='line_1_88' title="bbox 1963 3896 3615 3980; baseline 0.002 -23"><span class='ocrx_word' id='word_1_607' title='bbox 1963 3896 2314 3959; x_wconf 85' lang='lat' dir='ltr'><strong>suetudines</strong></span> <span class='ocrx_word' id='word_1_608' title='bbox 2366 3897 2634 3959; x_wconf 83' lang='lat' dir='ltr'><strong>virorum</strong></span> <span class='ocrx_word' id='word_1_609' title='bbox 2667 3909 2845 3980; x_wconf 89' lang='lat' dir='ltr'><strong>atque</strong></span> <span class='ocrx_word' id='word_1_610' title='bbox 2902 3898 3235 3963; x_wconf 88' lang='lat' dir='ltr'><strong>amicorum</strong></span> <span class='ocrx_word' id='word_1_611' title='bbox 3266 3900 3615 3965; x_wconf 90' lang='lat' dir='ltr'><strong>hominibus</strong></span> 
     </span>
    </p>
   </div>
   <div class='ocr_carea' id='block_1_89' title="bbox 1962 3986 3611 4069">
    <p class='ocr_par' dir='ltr' id='par_1_89' title="bbox 1962 3986 3611 4069">
     <span class='ocr_line' id='line_1_89' title="bbox 1962 3986 3611 4069; baseline 0.003 -22"><span class='ocrx_word' id='word_1_612' title='bbox 1962 3986 2316 4065; x_wconf 77' lang='lat' dir='ltr'><strong>angelorum</strong></span> <span class='ocrx_word' id='word_1_613' title='bbox 2347 3986 2746 4066; x_wconf 86' lang='lat' dir='ltr'><strong>benignitates</strong></span> <span class='ocrx_word' id='word_1_614' title='bbox 2765 3988 3434 4069; x_wconf 86' lang='lat' dir='ltr'><strong>omittentes,quomodo</strong></span> <span class='ocrx_word' id='word_1_615' title='bbox 3454 3991 3611 4054; x_wconf 83' lang='lat' dir='ltr'><strong>scili-</strong></span> 
     </span>
    </p>
   </div>
   <div class='ocr_carea' id='block_1_90' title="bbox 1965 4076 3610 4160">
    <p class='ocr_par' dir='ltr' id='par_1_90' title="bbox 1965 4076 3610 4160">
     <span class='ocr_line' id='line_1_90' title="bbox 1965 4076 3610 4160; baseline 0.002 -20"><span class='ocrx_word' id='word_1_616' title='bbox 1965 4086 2060 4140; x_wconf 88' lang='lat' dir='ltr'><strong>cet</strong></span> <span class='ocrx_word' id='word_1_617' title='bbox 2087 4076 2174 4138; x_wconf 91' lang='lat' dir='ltr'><strong>illi</strong></span> <span class='ocrx_word' id='word_1_618' title='bbox 2202 4076 2482 4156; x_wconf 88' lang='lat' dir='ltr'><strong>gentibus</strong></span> <span class='ocrx_word' id='word_1_619' title='bbox 2511 4079 2931 4158; x_wconf 73' lang='lat' dir='ltr'><strong>misereantur,</strong></span> <span class='ocrx_word' id='word_1_620' title='bbox 2975 4096 3045 4140; x_wconf 89' lang='lat' dir='ltr'><strong>ac</strong></span> <span class='ocrx_word' id='word_1_621' title='bbox 3076 4096 3181 4157; x_wconf 84' lang='lat' dir='ltr'><strong>pro</strong></span> <span class='ocrx_word' id='word_1_622' title='bbox 3212 4078 3365 4160; x_wconf 83' lang='lat' dir='ltr'><strong>ipsis</strong></span> <span class='ocrx_word' id='word_1_623' title='bbox 3392 4079 3610 4144; x_wconf 62' lang='lat' dir='ltr'><strong>divina</strong></span> 
     </span>
    </p>
   </div>
   <div class='ocr_carea' id='block_1_91' title="bbox 1963 4164 3606 4248">
    <p class='ocr_par' dir='ltr' id='par_1_91' title="bbox 1963 4164 3606 4248">
     <span class='ocr_line' id='line_1_91' title="bbox 1963 4164 3606 4248; baseline 0.001 -21"><span class='ocrx_word' id='word_1_624' title='bbox 1963 4164 2211 4227; x_wconf 87' lang='lat' dir='ltr'><strong>bonitati</strong></span> <span class='ocrx_word' id='word_1_625' title='bbox 2247 4182 2456 4244; x_wconf 89' lang='lat' dir='ltr'><strong>preces</strong></span> <span class='ocrx_word' id='word_1_626' title='bbox 2481 4165 2732 4228; x_wconf 77' lang='lat' dir='ltr'><strong>otferant</strong></span> <span class='ocrx_word' id='word_1_627' title='bbox 2754 4184 2806 4238; x_wconf 82' lang='grc' dir='ltr'><strong>ιι,</strong></span> <span class='ocrx_word' id='word_1_628' title='bbox 2841 4166 3327 4248; x_wconf 84' lang='lat' dir='ltr'><strong>perniciosasque</strong></span> <span class='ocrx_word' id='word_1_629' title='bbox 3371 4187 3441 4231; x_wconf 87' lang='lat' dir='ltr'><strong>ac</strong></span> <span class='ocrx_word' id='word_1_630' title='bbox 3474 4187 3606 4248; x_wconf 79' lang='lat' dir='ltr'><strong>per-</strong></span> 
     </span>
    </p>
   </div>
   <div class='ocr_carea' id='block_1_92' title="bbox 1965 4252 3610 4337">
    <p class='ocr_par' dir='ltr' id='par_1_92' title="bbox 1965 4252 3610 4337">
     <span class='ocr_line' id='line_1_92' title="bbox 1965 4252 3610 4337; baseline 0.004 -21"><span class='ocrx_word' id='word_1_631' title='bbox 1965 4254 2119 4317; x_wconf 91' lang='lat' dir='ltr'><strong>ditas</strong></span> <span class='ocrx_word' id='word_1_632' title='bbox 2148 4252 2351 4316; x_wconf 85' lang='lat' dir='ltr'><strong>turbas</strong></span> <span class='ocrx_word' id='word_1_633' title='bbox 2378 4254 2695 4335; x_wconf 81' lang='lat' dir='ltr'><strong>increpant</strong></span> <span class='ocrx_word' id='word_1_634' title='bbox 2721 4273 2743 4302; x_wconf 68' lang='grc'>³</span> <span class='ocrx_word' id='word_1_635' title='bbox 2774 4276 2792 4332; x_wconf 87' lang='grc'>;</span> <span class='ocrx_word' id='word_1_636' title='bbox 2825 4274 2895 4318; x_wconf 90' lang='lat' dir='ltr'><strong>ac</strong></span> <span class='ocrx_word' id='word_1_637' title='bbox 2916 4255 3087 4318; x_wconf 90' lang='lat' dir='ltr'><strong>malis</strong></span> <span class='ocrx_word' id='word_1_638' title='bbox 3113 4257 3356 4337; x_wconf 90' lang='lat' dir='ltr'><strong>quidem</strong></span> <span class='ocrx_word' id='word_1_639' title='bbox 3389 4259 3610 4322; x_wconf 86' lang='lat' dir='ltr'><strong>nostris</strong></span> 
     </span>
    </p>
   </div>
   <div class='ocr_carea' id='block_1_93' title="bbox 1966 4343 3607 4426">
    <p class='ocr_par' dir='ltr' id='par_1_93' title="bbox 1966 4343 3607 4426">
     <span class='ocr_line' id='line_1_93' title="bbox 1966 4343 3607 4426; baseline 0.004 -20"><span class='ocrx_word' id='word_1_640' title='bbox 1966 4343 2325 4407; x_wconf 86' lang='lat' dir='ltr'><strong>condoleant</strong></span> <span class='ocrx_word' id='word_1_641' title='bbox 2351 4354 2400 4425; x_wconf 77' lang='grc' dir='ltr'>Ρ,</span> <span class='ocrx_word' id='word_1_642' title='bbox 2423 4344 2595 4406; x_wconf 90' lang='lat' dir='ltr'><strong>saluti</strong></span> <span class='ocrx_word' id='word_1_643' title='bbox 2627 4362 2765 4407; x_wconf 90' lang='lat' dir='ltr'><strong>vero</strong></span> <span class='ocrx_word' id='word_1_644' title='bbox 2797 4363 3004 4408; x_wconf 89' lang='lat' dir='ltr'><strong>eorum</strong></span> <span class='ocrx_word' id='word_1_645' title='bbox 3037 4346 3141 4426; x_wconf 90' lang='lat' dir='ltr'><strong>qui</strong></span> <span class='ocrx_word' id='word_1_646' title='bbox 3170 4346 3244 4407; x_wconf 90' lang='lat' dir='ltr'><strong>ad</strong></span> <span class='ocrx_word' id='word_1_647' title='bbox 3276 4344 3432 4409; x_wconf 85' lang='lat' dir='ltr'><strong>bona</strong></span> <span class='ocrx_word' id='word_1_648' title='bbox 3458 4365 3607 4412; x_wconf 86' lang='lat' dir='ltr'><strong>con-</strong></span> 
     </span>
    </p>
   </div>
   <div class='ocr_carea' id='block_1_94' title="bbox 1968 4435 3611 4518">
    <p class='ocr_par' dir='ltr' id='par_1_94' title="bbox 1968 4435 3611 4518">
     <span class='ocr_line' id='line_1_94' title="bbox 1968 4435 3611 4518; baseline 0.004 -24"><span class='ocrx_word' id='word_1_649' title='bbox 1968 4436 2119 4496; x_wconf 91' lang='lat' dir='ltr'><strong>versi</strong></span> <span class='ocrx_word' id='word_1_650' title='bbox 2152 4443 2289 4497; x_wconf 78' lang='lat' dir='ltr'><strong>suut</strong></span> <span class='ocrx_word' id='word_1_651' title='bbox 2316 4435 2847 4513; x_wconf 79' lang='lat' dir='ltr'><strong>congratttlenturq</strong></span> <span class='ocrx_word' id='word_1_652' title='bbox 2875 4457 2891 4508; x_wconf 91' lang='lat'><strong>;</strong></span> <span class='ocrx_word' id='word_1_653' title='bbox 2918 4447 2981 4498; x_wconf 86' lang='lat' dir='ltr'><strong>et</strong></span> <span class='ocrx_word' id='word_1_654' title='bbox 2996 4454 3367 4518; x_wconf 63' lang='lat' dir='ltr'><strong>quaecunque</strong></span> <span class='ocrx_word' id='word_1_655' title='bbox 3394 4437 3510 4499; x_wconf 89' lang='lat' dir='ltr'><strong>alia</strong></span> <span class='ocrx_word' id='word_1_656' title='bbox 3535 4438 3611 4501; x_wconf 89' lang='lat' dir='ltr'><strong>de</strong></span> 
     </span>
    </p>
   </div>
   <div class='ocr_carea' id='block_1_95' title="bbox 1971 4523 3613 4609">
    <p class='ocr_par' dir='ltr' id='par_1_95' title="bbox 1971 4523 3613 4609">
     <span class='ocr_line' id='line_1_95' title="bbox 1971 4523 3613 4609; baseline 0.003 -24"><span class='ocrx_word' id='word_1_657' title='bbox 1971 4524 2238 4586; x_wconf 65' lang='lat' dir='ltr'><strong>beniﬁcxs</strong></span> <span class='ocrx_word' id='word_1_658' title='bbox 2295 4523 2524 4604; x_wconf 87' lang='lat' dir='ltr'><strong>angelis</strong></span> <span class='ocrx_word' id='word_1_659' title='bbox 2574 4524 2872 4604; x_wconf 86' lang='lat' dir='ltr'><strong>theologia</strong></span> <span class='ocrx_word' id='word_1_660' title='bbox 2912 4525 3135 4589; x_wconf 58' lang='lat' dir='ltr'><strong>tradit?</strong></span> <span class='ocrx_word' id='word_1_661' title='bbox 3181 4528 3324 4601; x_wconf 85' lang='lat' dir='ltr'><strong>;sed</strong></span> <span class='ocrx_word' id='word_1_662' title='bbox 3380 4527 3613 4609; x_wconf 87' lang='lat' dir='ltr'><strong>penitus</strong></span> 
     </span>
    </p>
   </div>
   <div class='ocr_carea' id='block_1_96' title="bbox 234 4613 1879 4699">
    <p class='ocr_par' dir='ltr' id='par_1_96' title="bbox 234 4616 1879 4699">
     <span class='ocr_line' id='line_1_96' title="bbox 234 4616 1879 4699; baseline -0.005 -19"><span class='ocrx_word' id='word_1_663' title='bbox 234 4622 328 4680; x_wconf 73' lang='grc' dir='ltr'>καὶ</span> <span class='ocrx_word' id='word_1_664' title='bbox 372 4622 449 4679; x_wconf 82' lang='grc' dir='ltr'><strong>πά</strong></span> <span class='ocrx_word' id='word_1_665' title='bbox 463 4644 547 4678; x_wconf 72' lang='grc' dir='ltr'><strong>ιτα</strong></span> <span class='ocrx_word' id='word_1_666' title='bbox 576 4621 822 4699; x_wconf 83' lang='grc' dir='ltr'>βούλεται</span> <span class='ocrx_word' id='word_1_667' title='bbox 876 4621 956 4677; x_wconf 85' lang='grc' dir='ltr'><strong>ἀεὶ</strong></span> <span class='ocrx_word' id='word_1_668' title='bbox 981 4620 1221 4698; x_wconf 77' lang='grc' dir='ltr'>γενέσθαι</span> <span class='ocrx_word' id='word_1_669' title='bbox 1253 4616 1601 4695; x_wconf 79' lang='grc' dir='ltr'>παραπλήσια</span> <span class='ocrx_word' id='word_1_670' title='bbox 1631 4618 1771 4692; x_wconf 75' lang='grc' dir='ltr'>αὒτῷ</span> <span class='ocrx_word' id='word_1_671' title='bbox 1799 4616 1879 4691; x_wconf 72' lang='grc'>60,</span> 
     </span>
    </p>
   </div>
   <div class='ocr_carea' id='block_1_97' title="bbox 1965 4613 3616 4699">
    <p class='ocr_par' dir='ltr' id='par_1_97' title="bbox 1970 4613 3616 4694">
     <span class='ocr_line' id='line_1_97' title="bbox 1970 4613 3616 4694; baseline 0.002 -17"><span class='ocrx_word' id='word_1_672' title='bbox 1970 4613 2211 4694; x_wconf 84' lang='lat' dir='ltr'><strong>benigni</strong></span> <span class='ocrx_word' id='word_1_673' title='bbox 2256 4633 2326 4677; x_wconf 92' lang='lat' dir='ltr'><strong>ac</strong></span> <span class='ocrx_word' id='word_1_674' title='bbox 2376 4613 2741 4694; x_wconf 70' lang='lat' dir='ltr'><strong>prmbenigni</strong></span> <span class='ocrx_word' id='word_1_675' title='bbox 2785 4616 3012 4679; x_wconf 87' lang='lat' dir='ltr'><strong>Christi</strong></span> <span class='ocrx_word' id='word_1_676' title='bbox 3063 4616 3363 4679; x_wconf 80' lang='lat' dir='ltr'><strong>beneficos</strong></span> <span class='ocrx_word' id='word_1_677' title='bbox 3414 4618 3616 4680; x_wconf 84' lang='lat' dir='ltr'><strong>radios</strong></span> 
     </span>
    </p>
   </div>
   <div class='ocr_carea' id='block_1_98' title="bbox 233 4706 1884 4776">
    <p class='ocr_par' dir='ltr' id='par_1_98' title="bbox 233 4706 1884 4776">
     <span class='ocr_line' id='line_1_98' title="bbox 233 4706 1884 4776; baseline -0.004 -7"><span class='ocrx_word' id='word_1_678' title='bbox 233 4714 321 4769; x_wconf 82' lang='grc' dir='ltr'><strong>καὶ</strong></span> <span class='ocrx_word' id='word_1_679' title='bbox 351 4712 635 4769; x_wconf 83' lang='grc' dir='ltr'>κοινῶνικὰ</span> <span class='ocrx_word' id='word_1_680' title='bbox 665 4711 758 4769; x_wconf 73' lang='grc' dir='ltr'><strong>τοῦ</strong></span> <span class='ocrx_word' id='word_1_681' title='bbox 790 4711 949 4767; x_wconf 63' lang='grc' dir='ltr'>αὺτοῦ</span> <span class='ocrx_word' id='word_1_682' title='bbox 980 4710 1113 4766; x_wconf 81' lang='grc' dir='ltr'>κατὰ</span> <span class='ocrx_word' id='word_1_683' title='bbox 1164 4709 1262 4776; x_wconf 72' lang='grc' dir='ltr'>τὴν</span> <span class='ocrx_word' id='word_1_684' title='bbox 1323 4709 1546 4764; x_wconf 77' lang='grc' dir='ltr'>ἑκάστου</span> <span class='ocrx_word' id='word_1_685' title='bbox 1602 4706 1655 4756; x_wconf 61' lang='grc'><strong>61</strong></span> <span class='ocrx_word' id='word_1_686' title='bbox 1690 4708 1884 4774; x_wconf 77' lang='grc' dir='ltr'>ἐπιτη-</span> 
     </span>
    </p>
   </div>
   <div class='ocr_carea' id='block_1_99' title="bbox 237 4796 1886 4881">
    <p class='ocr_par' dir='ltr' id='par_1_99' title="bbox 237 4796 1886 4881">
     <span class='ocr_line' id='line_1_99' title="bbox 237 4796 1886 4881; baseline -0.004 -21"><span class='ocrx_word' id='word_1_687' title='bbox 237 4802 484 4869; x_wconf 78' lang='grc' dir='ltr'>δειότητα</span> <span class='ocrx_word' id='word_1_688' title='bbox 521 4819 537 4874; x_wconf 87' lang='grc'><strong>;</strong></span> <span class='ocrx_word' id='word_1_689' title='bbox 573 4802 634 4860; x_wconf 91' lang='grc' dir='ltr'>Τί</span> <span class='ocrx_word' id='word_1_690' title='bbox 662 4801 744 4881; x_wconf 77' lang='grc' dir='ltr'>δὲ,</span> <span class='ocrx_word' id='word_1_691' title='bbox 799 4800 883 4856; x_wconf 77' lang='grc' dir='ltr'><strong>ὅτι</strong></span> <span class='ocrx_word' id='word_1_692' title='bbox 944 4802 1033 4857; x_wconf 85' lang='grc' dir='ltr'>καὶ</span> <span class='ocrx_word' id='word_1_693' title='bbox 1062 4806 1169 4857; x_wconf 82' lang='grc' dir='ltr'><strong>τῶν</strong></span> <span class='ocrx_word' id='word_1_694' title='bbox 1212 4800 1626 4875; x_wconf 82' lang='grc' dir='ltr'>ἁποφοιτώντων</span> <span class='ocrx_word' id='word_1_695' title='bbox 1653 4796 1718 4846; x_wconf 66' lang='grc'><strong>62</strong></span> <span class='ocrx_word' id='word_1_696' title='bbox 1746 4799 1886 4875; x_wconf 79' lang='grc' dir='ltr'>ἐρω-</span> 
     </span>
    </p>
   </div>
   <div class='ocr_carea' id='block_1_100' title="bbox 237 4883 1881 4971">
    <p class='ocr_par' dir='ltr' id='par_1_100' title="bbox 237 4883 1881 4971">
     <span class='ocr_line' id='line_1_100' title="bbox 237 4883 1881 4971; baseline -0.004 -24"><span class='ocrx_word' id='word_1_697' title='bbox 237 4893 397 4957; x_wconf 79' lang='grc' dir='ltr'>τικῶς</span> <span class='ocrx_word' id='word_1_698' title='bbox 430 4890 641 4971; x_wconf 78' lang='grc' dir='ltr'>ἔχεται,</span> <span class='ocrx_word' id='word_1_699' title='bbox 675 4893 762 4948; x_wconf 72' lang='grc' dir='ltr'><strong>καὶ</strong></span> <span class='ocrx_word' id='word_1_700' title='bbox 798 4888 1109 4969; x_wconf 74' lang='grc' dir='ltr'>φιλονεικεῖ,</span> <span class='ocrx_word' id='word_1_701' title='bbox 1175 4888 1263 4944; x_wconf 79' lang='grc' dir='ltr'><strong>καὶ</strong></span> <span class='ocrx_word' id='word_1_702' title='bbox 1293 4883 1463 4942; x_wconf 76' lang='grc' dir='ltr'>δεῖταὶ</span> <span class='ocrx_word' id='word_1_703' title='bbox 1516 4887 1593 4962; x_wconf 78' lang='grc' dir='ltr'>μὴ</span> <span class='ocrx_word' id='word_1_704' title='bbox 1643 4885 1881 4951; x_wconf 81' lang='grc' dir='ltr'>ἀπαξιω-</span> 
     </span>
    </p>
   </div>
   <div class='ocr_carea' id='block_1_101' title="bbox 237 4974 1885 5059">
    <p class='ocr_par' dir='ltr' id='par_1_101' title="bbox 237 4974 1885 5059">
     <span class='ocr_line' id='line_1_101' title="bbox 237 4974 1885 5059; baseline -0.004 -20"><span class='ocrx_word' id='word_1_705' title='bbox 237 4986 391 5050; x_wconf 76' lang='grc' dir='ltr'>θῆναι</span> <span class='ocrx_word' id='word_1_706' title='bbox 440 4981 545 5038; x_wconf 78' lang='grc' dir='ltr'><strong>τῶν</strong></span> <span class='ocrx_word' id='word_1_707' title='bbox 604 4979 884 5059; x_wconf 80' lang='grc' dir='ltr'>ἐρωμένων</span> <span class='ocrx_word' id='word_1_708' title='bbox 940 4980 1027 5035; x_wconf 85' lang='grc' dir='ltr'><strong>καὶ</strong></span> <span class='ocrx_word' id='word_1_709' title='bbox 1085 4976 1456 5055; x_wconf 79' lang='grc' dir='ltr'>θρυπτομένων</span> <span class='ocrx_word' id='word_1_710' title='bbox 1515 4974 1687 5033; x_wconf 70' lang='grc' dir='ltr'>αὖτων</span> <span class='ocrx_word' id='word_1_711' title='bbox 1724 4990 1737 5002; x_wconf 84' lang='grc'><strong>’</strong></span> <span class='ocrx_word' id='word_1_712' title='bbox 1800 4978 1885 5032; x_wconf 87' lang='grc' dir='ltr'>καὶ</span> 
     </span>
    </p>
   </div>
   <div class='ocr_carea' id='block_1_102' title="bbox 314 5135 1448 5209">
    <p class='ocr_par' dir='ltr' id='par_1_102' title="bbox 314 5135 1448 5209">
     <span class='ocr_line' id='line_1_102' title="bbox 314 5135 1448 5209; baseline -0.005 -6"><span class='ocrx_word' id='word_1_713' title='bbox 314 5153 344 5197; x_wconf 73' lang='grc' dir='ltr'><strong>ε</strong></span> <span class='ocrx_word' id='word_1_714' title='bbox 372 5138 547 5205; x_wconf 86' lang='lat' dir='ltr'><strong>Num.</strong></span> <span class='ocrx_word' id='word_1_715' title='bbox 580 5157 676 5203; x_wconf 77' lang='lat' dir='ltr'><strong>XVI</strong></span> <span class='ocrx_word' id='word_1_716' title='bbox 757 5142 786 5184; x_wconf 74' lang='grc' dir='ltr'>ιι</span> <span class='ocrx_word' id='word_1_717' title='bbox 817 5138 976 5203; x_wconf 83' lang='lat' dir='ltr'><strong>Psal.</strong></span> <span class='ocrx_word' id='word_1_718' title='bbox 1009 5154 1302 5209; x_wconf 75' lang='lat' dir='ltr'><strong>Lxxxvut,</strong></span> <span class='ocrx_word' id='word_1_719' title='bbox 1346 5135 1448 5198; x_wconf 77' lang='grc'><strong>21.</strong></span> 
     </span>
    </p>
   </div>
   <div class='ocr_carea' id='block_1_103' title="bbox 239 5221 811 5296">
    <p class='ocr_par' dir='ltr' id='par_1_103' title="bbox 239 5221 811 5296">
     <span class='ocr_line' id='line_1_103' title="bbox 239 5221 811 5296; baseline -0.007 -12"><span class='ocrx_word' id='word_1_720' title='bbox 239 5237 322 5296; x_wconf 82' lang='grc' dir='ltr'><strong>ιν,</strong></span> <span class='ocrx_word' id='word_1_721' title='bbox 358 5227 418 5286; x_wconf 91' lang='lat'><strong>8.</strong></span> <span class='ocrx_word' id='word_1_722' title='bbox 505 5236 533 5265; x_wconf 84' lang='grc' dir='ltr'><strong>ιι</strong></span> <span class='ocrx_word' id='word_1_723' title='bbox 561 5221 737 5284; x_wconf 91' lang='lat' dir='ltr'><strong>Zach.</strong></span> <span class='ocrx_word' id='word_1_724' title='bbox 774 5240 811 5283; x_wconf 86' lang='grc' dir='ltr'><strong>ι.</strong></span> 
     </span>
    </p>
   </div>
   <div class='ocr_carea' id='block_1_104' title="bbox 1537 5134 2062 5211">
    <p class='ocr_par' dir='ltr' id='par_1_104' title="bbox 1537 5134 2062 5211">
     <span class='ocr_line' id='line_1_104' title="bbox 1537 5134 2062 5211; baseline -0.008 -13"><span class='ocrx_word' id='word_1_725' title='bbox 1537 5134 1549 5170; x_wconf 93' lang='grc'>¹</span> <span class='ocrx_word' id='word_1_726' title='bbox 1580 5135 1771 5198; x_wconf 79' lang='lat' dir='ltr'><strong>Exod.</strong></span> <span class='ocrx_word' id='word_1_727' title='bbox 1805 5152 1971 5211; x_wconf 85' lang='lat' dir='ltr'><strong>xxm,</strong></span> <span class='ocrx_word' id='word_1_728' title='bbox 2005 5136 2062 5198; x_wconf 84' lang='grc'><strong>4.</strong></span> 
     </span>
    </p>
   </div>
   <div class='ocr_carea' id='block_1_105' title="bbox 901 5216 2700 5300">
    <p class='ocr_par' dir='ltr' id='par_1_105' title="bbox 901 5216 2700 5300">
     <span class='ocr_line' id='line_1_105' title="bbox 901 5216 2700 5300; baseline 0 -18"><span class='ocrx_word' id='word_1_729' title='bbox 901 5227 924 5254; x_wconf 90' lang='lat'>°</span> <span class='ocrx_word' id='word_1_730' title='bbox 953 5221 1144 5300; x_wconf 88' lang='lat' dir='ltr'><strong>Apoc.</strong></span> <span class='ocrx_word' id='word_1_731' title='bbox 1178 5234 1279 5280; x_wconf 86' lang='lat' dir='ltr'><strong>vu.</strong></span> <span class='ocrx_word' id='word_1_732' title='bbox 1366 5229 1392 5271; x_wconf 81' lang='lat' dir='ltr'><strong>P</strong></span> <span class='ocrx_word' id='word_1_733' title='bbox 1423 5216 1573 5280; x_wconf 84' lang='lat' dir='ltr'><strong>Dan.</strong></span> <span class='ocrx_word' id='word_1_734' title='bbox 1606 5234 1666 5280; x_wconf 71' lang='grc' dir='ltr'>ι.</span> <span class='ocrx_word' id='word_1_735' title='bbox 1750 5227 1776 5269; x_wconf 73' lang='grc' dir='ltr'>(ι</span> <span class='ocrx_word' id='word_1_736' title='bbox 1807 5218 1953 5280; x_wconf 89' lang='lat' dir='ltr'><strong>Luc.</strong></span> <span class='ocrx_word' id='word_1_737' title='bbox 1986 5234 2079 5278; x_wconf 81' lang='lat' dir='ltr'><strong>xv.</strong></span> <span class='ocrx_word' id='word_1_738' title='bbox 2164 5235 2186 5263; x_wconf 70' lang='grc' dir='ltr'><strong><em>τ</em></strong></span> <span class='ocrx_word' id='word_1_739' title='bbox 2214 5216 2363 5280; x_wconf 87' lang='lat' dir='ltr'><strong>Tob.</strong></span> <span class='ocrx_word' id='word_1_740' title='bbox 2398 5226 2499 5280; x_wconf 79' lang='lat' dir='ltr'><strong>viu</strong></span> <span class='ocrx_word' id='word_1_741' title='bbox 2530 5224 2591 5278; x_wconf 87' lang='lat' dir='ltr'><strong>et</strong></span> <span class='ocrx_word' id='word_1_742' title='bbox 2619 5235 2700 5282; x_wconf 82' lang='lat' dir='ltr'><strong>Ix.</strong></span> 
     </span>
    </p>
   </div>
   <div class='ocr_carea' id='block_1_106' title="bbox 1971 4704 3619 4784">
    <p class='ocr_par' dir='ltr' id='par_1_106' title="bbox 1971 4704 3619 4784">
     <span class='ocr_line' id='line_1_106' title="bbox 1971 4704 3619 4784; baseline 0.003 -19"><span class='ocrx_word' id='word_1_743' title='bbox 1971 4704 2289 4784; x_wconf 82' lang='lat' dir='ltr'><strong>tranquillo</strong></span> <span class='ocrx_word' id='word_1_744' title='bbox 2310 4704 2511 4765; x_wconf 89' lang='lat' dir='ltr'><strong>animo</strong></span> <span class='ocrx_word' id='word_1_745' title='bbox 2533 4704 3040 4784; x_wconf 81' lang='lat' dir='ltr'><strong>suscipientes,ab</strong></span> <span class='ocrx_word' id='word_1_746' title='bbox 3063 4706 3274 4767; x_wconf 89' lang='lat' dir='ltr'><strong>iisdem</strong></span> <span class='ocrx_word' id='word_1_747' title='bbox 3297 4706 3368 4767; x_wconf 89' lang='lat' dir='ltr'><strong>ad</strong></span> <span class='ocrx_word' id='word_1_748' title='bbox 3389 4706 3619 4770; x_wconf 88' lang='lat' dir='ltr'><strong>divinas</strong></span> 
     </span>
    </p>
   </div>
   <div class='ocr_carea' id='block_1_107' title="bbox 1971 4793 3615 4874">
    <p class='ocr_par' dir='ltr' id='par_1_107' title="bbox 1971 4793 3615 4874">
     <span class='ocr_line' id='line_1_107' title="bbox 1971 4793 3615 4874; baseline 0.001 -18"><span class='ocrx_word' id='word_1_749' title='bbox 1971 4796 2101 4874; x_wconf 85' lang='lat' dir='ltr'><strong>ejus</strong></span> <span class='ocrx_word' id='word_1_750' title='bbox 2132 4794 2565 4857; x_wconf 82' lang='lat' dir='ltr'><strong>beneﬁcentias</strong></span> <span class='ocrx_word' id='word_1_751' title='bbox 2604 4793 2944 4855; x_wconf 81' lang='lat' dir='ltr'><strong>luculenter</strong></span> <span class='ocrx_word' id='word_1_752' title='bbox 2973 4794 3366 4859; x_wconf 73' lang='lat' dir='ltr'><strong>adducantur.</strong></span> <span class='ocrx_word' id='word_1_753' title='bbox 3400 4796 3615 4860; x_wconf 85' lang='lat' dir='ltr'><strong>Annon</strong></span> 
     </span>
    </p>
   </div>
   <div class='ocr_carea' id='block_1_108' title="bbox 1969 4882 3619 4967">
    <p class='ocr_par' dir='ltr' id='par_1_108' title="bbox 1969 4882 3619 4967">
     <span class='ocr_line' id='line_1_108' title="bbox 1969 4882 3619 4967; baseline 0.003 -23"><span class='ocrx_word' id='word_1_754' title='bbox 1969 4882 2287 4946; x_wconf 78' lang='lat' dir='ltr'><strong>ineﬂ&#39;abilis</strong></span> <span class='ocrx_word' id='word_1_755' title='bbox 2301 4883 3059 4965; x_wconf 88' lang='lat' dir='ltr'><strong>incomprehensibilisque</strong></span> <span class='ocrx_word' id='word_1_756' title='bbox 3075 4884 3358 4947; x_wconf 87' lang='lat' dir='ltr'><strong>bonitatis</strong></span> <span class='ocrx_word' id='word_1_757' title='bbox 3371 4887 3530 4967; x_wconf 90' lang='lat' dir='ltr'><strong>quod</strong></span> <span class='ocrx_word' id='word_1_758' title='bbox 3546 4905 3619 4949; x_wconf 88' lang='lat' dir='ltr'><strong>ea</strong></span> 
     </span>
    </p>
   </div>
   <div class='ocr_carea' id='block_1_109' title="bbox 1969 4974 3619 5058">
    <p class='ocr_par' dir='ltr' id='par_1_109' title="bbox 1969 4974 3619 5058">
     <span class='ocr_line' id='line_1_109' title="bbox 1969 4974 3619 5058; baseline 0.002 -23"><span class='ocrx_word' id='word_1_759' title='bbox 1969 4992 2102 5055; x_wconf 81' lang='lat' dir='ltr'><strong>quae</strong></span> <span class='ocrx_word' id='word_1_760' title='bbox 2130 4983 2290 5052; x_wconf 90' lang='lat' dir='ltr'><strong>sunt,</strong></span> <span class='ocrx_word' id='word_1_761' title='bbox 2324 4993 2456 5037; x_wconf 91' lang='lat' dir='ltr'><strong>esse</strong></span> <span class='ocrx_word' id='word_1_762' title='bbox 2477 4974 2673 5055; x_wconf 80' lang='lat' dir='ltr'><strong>faciat,</strong></span> <span class='ocrx_word' id='word_1_763' title='bbox 2707 4992 2898 5054; x_wconf 89' lang='lat' dir='ltr'><strong>eaque</strong></span> <span class='ocrx_word' id='word_1_764' title='bbox 2917 4975 3117 5037; x_wconf 89' lang='lat' dir='ltr'><strong>omnia</strong></span> <span class='ocrx_word' id='word_1_765' title='bbox 3146 4974 3218 5036; x_wconf 89' lang='lat' dir='ltr'><strong>ad</strong></span> <span class='ocrx_word' id='word_1_766' title='bbox 3244 4994 3380 5038; x_wconf 89' lang='lat' dir='ltr'><strong>esse</strong></span> <span class='ocrx_word' id='word_1_767' title='bbox 3402 4976 3619 5058; x_wconf 87' lang='lat' dir='ltr'><strong>produ-</strong></span> 
     </span>
    </p>
   </div>
   <div class='ocr_carea' id='block_1_110' title="bbox 2153 5134 3614 5217">
    <p class='ocr_par' dir='ltr' id='par_1_110' title="bbox 2153 5134 3614 5217">
     <span class='ocr_line' id='line_1_110' title="bbox 2153 5134 3614 5217; baseline 0.002 -17"><span class='ocrx_word' id='word_1_768' title='bbox 2153 5137 2181 5178; x_wconf 81' lang='grc' dir='ltr'>¹ί</span> <span class='ocrx_word' id='word_1_769' title='bbox 2215 5134 2354 5217; x_wconf 84' lang='lat' dir='ltr'><strong>Job.</strong></span> <span class='ocrx_word' id='word_1_770' title='bbox 2385 5153 2427 5213; x_wconf 88' lang='lat'><strong>1,</strong></span> <span class='ocrx_word' id='word_1_771' title='bbox 2461 5135 2545 5212; x_wconf 89' lang='lat'><strong>8;</strong></span> <span class='ocrx_word' id='word_1_772' title='bbox 2582 5152 2726 5217; x_wconf 76' lang='lat' dir='ltr'>XLII,</span> <span class='ocrx_word' id='word_1_773' title='bbox 2759 5137 2822 5201; x_wconf 72' lang='lat'><strong>7.’</strong></span> <span class='ocrx_word' id='word_1_774' title='bbox 2908 5137 3094 5201; x_wconf 79' lang='lat' dir='ltr'><strong>lGen.</strong></span> <span class='ocrx_word' id='word_1_775' title='bbox 3129 5152 3187 5212; x_wconf 79' lang='grc'><strong>1.,</strong></span> <span class='ocrx_word' id='word_1_776' title='bbox 3215 5134 3313 5199; x_wconf 78' lang='lat'><strong>20.</strong></span> <span class='ocrx_word' id='word_1_777' title='bbox 3400 5150 3437 5178; x_wconf 73' lang='grc' dir='ltr'>ω</span> <span class='ocrx_word' id='word_1_778' title='bbox 3464 5138 3614 5203; x_wconf 89' lang='lat' dir='ltr'><strong>Gen.</strong></span> 
     </span>
    </p>
   </div>
   <div class='ocr_carea' id='block_1_111' title="bbox 1571 5321 3558 5404">
    <p class='ocr_par' dir='ltr' id='par_1_111' title="bbox 1571 5321 3558 5404">
     <span class='ocr_line' id='line_1_111' title="bbox 1571 5321 3558 5404; baseline 0.005 -25"><span class='ocrx_word' id='word_1_779' title='bbox 1571 5322 1832 5387; x_wconf 64' lang='lat' dir='ltr'><strong>vauw</strong></span> <span class='ocrx_word' id='word_1_780' title='bbox 1876 5321 2309 5387; x_wconf 80' lang='lat' dir='ltr'><strong>LECTIONES.</strong></span> <span class='ocrx_word' id='word_1_781' title='bbox 3548 5392 3558 5404; x_wconf 71' lang='grc'><strong>,</strong></span> 
     </span>
    </p>
   </div>
   <div class='ocr_carea' id='block_1_112' title="bbox 316 5423 1879 5508">
    <p class='ocr_par' dir='ltr' id='par_1_112' title="bbox 316 5423 1879 5508">
     <span class='ocr_line' id='line_1_112' title="bbox 316 5423 1879 5508; baseline 0.002 -26"><span class='ocrx_word' id='word_1_782' title='bbox 316 5429 379 5482; x_wconf 71' lang='grc'><strong>48</strong></span> <span class='ocrx_word' id='word_1_783' title='bbox 405 5428 498 5493; x_wconf 78' lang='grc' dir='ltr'><strong>τάς</strong></span> <span class='ocrx_word' id='word_1_784' title='bbox 530 5430 672 5493; x_wconf 87' lang='grc' dir='ltr'>θείας</span> <span class='ocrx_word' id='word_1_785' title='bbox 702 5426 918 5506; x_wconf 76' lang='grc' dir='ltr'>βουλάς,</span> <span class='ocrx_word' id='word_1_786' title='bbox 968 5427 1054 5508; x_wconf 17' lang='grc'>,49</span> <span class='ocrx_word' id='word_1_787' title='bbox 1083 5431 1161 5500; x_wconf 83' lang='grc' dir='ltr'>τῷ</span> <span class='ocrx_word' id='word_1_788' title='bbox 1189 5425 1430 5508; x_wconf 36' lang='grc' dir='ltr'><strong>Θεῷλῐ).</strong></span> <span class='ocrx_word' id='word_1_789' title='bbox 1472 5424 1568 5508; x_wconf 19' lang='lat'><strong>#50</strong></span> <span class='ocrx_word' id='word_1_790' title='bbox 1585 5423 1711 5508; x_wconf 88' lang='lat' dir='ltr'><strong>_a_lia</strong></span> <span class='ocrx_word' id='word_1_791' title='bbox 1739 5423 1879 5508; x_wconf 77' lang='lat' dir='ltr'><strong>lecti</strong></span> 
     </span>
    </p>
   </div>
   <div class='ocr_carea' id='block_1_113' title="bbox 1965 5423 3613 5508">
    <p class='ocr_par' dir='ltr' id='par_1_113' title="bbox 1965 5423 3613 5508">
     <span class='ocr_line' id='line_1_113' title="bbox 1965 5423 3613 5508; baseline 0.003 -24"><span class='ocrx_word' id='word_1_792' title='bbox 1965 5423 2253 5508; x_wconf 64' lang='lat' dir='ltr'><strong>totaturin</strong></span> <span class='ocrx_word' id='word_1_793' title='bbox 2285 5425 2352 5487; x_wconf 90' lang='lat' dir='ltr'><strong>D.</strong></span> <span class='ocrx_word' id='word_1_794' title='bbox 2382 5424 2654 5508; x_wconf 65' lang='grc' dir='ltr'>ἐργασίας.</span> <span class='ocrx_word' id='word_1_795' title='bbox 2686 5502 2701 5508; x_wconf 30' lang='grc' dir='ltr'><strong>Α</strong></span> <span class='ocrx_word' id='word_1_796' title='bbox 2726 5423 2775 5467; x_wconf 74' lang='grc' dir='ltr'>δί</span> <span class='ocrx_word' id='word_1_797' title='bbox 2810 5428 2837 5482; x_wconf 88' lang='lat'><strong>6</strong></span> <span class='ocrx_word' id='word_1_798' title='bbox 2854 5427 3219 5508; x_wconf 56' lang='grc' dir='ltr'>ῥπεράγαθος,</span> <span class='ocrx_word' id='word_1_799' title='bbox 3246 5429 3274 5484; x_wconf 86' lang='grc' dir='ltr'><strong>ὁ</strong></span> <span class='ocrx_word' id='word_1_800' title='bbox 3299 5426 3613 5508; x_wconf 67' lang='grc' dir='ltr'>φιλάγαθος,</span> 
     </span>
    </p>
   </div>
   <div class='ocr_carea' id='block_1_114' title="bbox 241 5502 1879 5592">
    <p class='ocr_par' dir='ltr' id='par_1_114' title="bbox 241 5502 1879 5592">
     <span class='ocr_line' id='line_1_114' title="bbox 241 5502 1879 5592; baseline -0.01 -15"><span class='ocrx_word' id='word_1_801' title='bbox 241 5512 303 5577; x_wconf 86' lang='grc' dir='ltr'><strong>Ρ.</strong></span> <span class='ocrx_word' id='word_1_802' title='bbox 335 5517 634 5592; x_wconf 88' lang='lat' dir='ltr'><strong>postrema</strong></span> <span class='ocrx_word' id='word_1_803' title='bbox 690 5502 828 5592; x_wconf 75' lang='lat' dir='ltr'><strong>duo</strong></span> <span class='ocrx_word' id='word_1_804' title='bbox 858 5507 1041 5571; x_wconf 86' lang='lat' dir='ltr'><strong>verba</strong></span> <span class='ocrx_word' id='word_1_805' title='bbox 1088 5524 1209 5592; x_wconf 82' lang='lat' dir='ltr'><strong>non</strong></span> <span class='ocrx_word' id='word_1_806' title='bbox 1254 5503 1440 5592; x_wconf 73' lang='lat' dir='ltr'><strong>habet</strong></span> <span class='ocrx_word' id='word_1_807' title='bbox 1470 5506 1539 5569; x_wconf 90' lang='lat' dir='ltr'><strong>D.</strong></span> <span class='ocrx_word' id='word_1_808' title='bbox 1578 5503 1711 5592; x_wconf 66' lang='lat' dir='ltr'><strong>Cb._</strong></span> <span class='ocrx_word' id='word_1_809' title='bbox 1766 5505 1879 5592; x_wconf 58' lang='grc' dir='ltr'>5ης.</span> 
     </span>
    </p>
   </div>
   <div class='ocr_carea' id='block_1_115' title="bbox 1965 5502 3040 5592">
    <p class='ocr_par' dir='ltr' id='par_1_115' title="bbox 1967 5502 3040 5592">
     <span class='ocr_line' id='line_1_115' title="bbox 1967 5502 3040 5592; baseline 0.009 -33"><span class='ocrx_word' id='word_1_810' title='bbox 1967 5502 2181 5592; x_wconf 39' lang='grc' dir='ltr'><strong>τῇτῇ-Ρ.</strong></span> <span class='ocrx_word' id='word_1_811' title='bbox 2215 5505 2299 5592; x_wconf 72' lang='lat' dir='ltr'><strong>D_._</strong></span> <span class='ocrx_word' id='word_1_812' title='bbox 2361 5502 2815 5592; x_wconf 16' lang='lat' dir='ltr'><strong>§37&amp;Iaﬁost6€t§,</strong></span> <span class='ocrx_word' id='word_1_813' title='bbox 2852 5502 2922 5567; x_wconf 77' lang='grc' dir='ltr'>Π.</span> <span class='ocrx_word' id='word_1_814' title='bbox 2974 5506 3040 5592; x_wconf 67' lang='grc' dir='ltr'><strong>Ρ.</strong></span> 
     </span>
    </p>
   </div>
   <div class='ocr_carea' id='block_1_116' title="bbox 3126 5508 3617 5579">
    <p class='ocr_par' dir='ltr' id='par_1_116' title="bbox 3126 5508 3617 5579">
     <span class='ocr_line' id='line_1_116' title="bbox 3126 5508 3617 5579; baseline 0.01 -15"><span class='ocrx_word' id='word_1_815' title='bbox 3126 5508 3193 5559; x_wconf 69' lang='grc'><strong>54</strong></span> <span class='ocrx_word' id='word_1_816' title='bbox 3234 5529 3332 5579; x_wconf 86' lang='grc' dir='ltr'><strong>προ</strong></span> <span class='ocrx_word' id='word_1_817' title='bbox 3341 5518 3617 5578; x_wconf 66' lang='grc' dir='ltr'>ποιοὶντας</span> 
     </span>
    </p>
   </div>
   <div class='ocr_carea' id='block_1_117' title="bbox 243 5583 1879 5674">
    <p class='ocr_par' dir='ltr' id='par_1_117' title="bbox 243 5583 1879 5674">
     <span class='ocr_line' id='line_1_117' title="bbox 243 5583 1879 5674; baseline -0.007 -17"><span class='ocrx_word' id='word_1_818' title='bbox 243 5583 558 5674; x_wconf 57' lang='lat' dir='ltr'><strong>legendam</strong></span> <span class='ocrx_word' id='word_1_819' title='bbox 577 5594 785 5674; x_wconf 74' lang='lat' dir='ltr'><strong>itaque</strong></span> <span class='ocrx_word' id='word_1_820' title='bbox 815 5589 1036 5652; x_wconf 73' lang='lat' dir='ltr'><strong>habent</strong></span> <span class='ocrx_word' id='word_1_821' title='bbox 1062 5587 1268 5674; x_wconf 73' lang='lat' dir='ltr'><strong>optimi</strong></span> <span class='ocrx_word' id='word_1_822' title='bbox 1303 5585 1592 5674; x_wconf 69' lang='lat' dir='ltr'><strong>codices._</strong></span> <span class='ocrx_word' id='word_1_823' title='bbox 1745 5588 1879 5674; x_wconf 35' lang='grc' dir='ltr'>πρὸξ</span> 
     </span>
    </p>
   </div>
   <div class='ocr_carea' id='block_1_118' title="bbox 1965 5583 3612 5674">
    <p class='ocr_par' dir='ltr' id='par_1_118' title="bbox 1965 5583 3612 5674">
     <span class='ocr_line' id='line_1_118' title="bbox 1965 5583 3612 5674; baseline -0.001 -25"><span class='ocrx_word' id='word_1_824' title='bbox 1965 5610 2001 5674; x_wconf 74' lang='lat' dir='ltr'>L_</span> <span class='ocrx_word' id='word_1_825' title='bbox 2024 5584 2228 5674; x_wconf 57' lang='grc' dir='ltr'>ἄλλων,</span> <span class='ocrx_word' id='word_1_826' title='bbox 2263 5583 2326 5674; x_wconf 41' lang='grc' dir='ltr'><em>ξί</em></span> <span class='ocrx_word' id='word_1_827' title='bbox 2505 5585 2570 5637; x_wconf 69' lang='grc'><strong>56</strong></span> <span class='ocrx_word' id='word_1_828' title='bbox 2598 5583 3090 5674; x_wconf 36' lang='lat'><strong>92316513195.</strong></span> <span class='ocrx_word' id='word_1_829' title='bbox 3178 5586 3239 5640; x_wconf 78' lang='grc'><strong>57</strong></span> <span class='ocrx_word' id='word_1_830' title='bbox 3269 5587 3612 5674; x_wconf 59' lang='grc' dir='ltr'>ἐξαγγέλλω.</span> 
     </span>
    </p>
   </div>
   <div class='ocr_carea' id='block_1_119' title="bbox 242 5666 1262 5751">
    <p class='ocr_par' dir='ltr' id='par_1_119' title="bbox 242 5666 1262 5751">
     <span class='ocr_line' id='line_1_119' title="bbox 242 5666 1262 5751; baseline -0.006 -18"><span class='ocrx_word' id='word_1_831' title='bbox 242 5666 349 5746; x_wconf 68' lang='grc' dir='ltr'>τεξ,</span> <span class='ocrx_word' id='word_1_832' title='bbox 383 5671 454 5736; x_wconf 82' lang='lat' dir='ltr'><strong>D.</strong></span> <span class='ocrx_word' id='word_1_833' title='bbox 480 5671 542 5734; x_wconf 81' lang='lat' dir='ltr'><strong>S.</strong></span> <span class='ocrx_word' id='word_1_834' title='bbox 576 5671 646 5735; x_wconf 85' lang='grc' dir='ltr'><strong>Ρ.</strong></span> <span class='ocrx_word' id='word_1_835' title='bbox 692 5666 786 5722; x_wconf 15' lang='grc' dir='ltr'><strong>ίῧῧ</strong></span> <span class='ocrx_word' id='word_1_836' title='bbox 815 5684 947 5751; x_wconf 81' lang='grc' dir='ltr'>πρὸς</span> <span class='ocrx_word' id='word_1_837' title='bbox 978 5666 1158 5743; x_wconf 69' lang='grc' dir='ltr'>αὐτὸν,</span> <span class='ocrx_word' id='word_1_838' title='bbox 1195 5666 1262 5730; x_wconf 81' lang='grc'>0.</span> 
     </span>
    </p>
   </div>
   <div class='ocr_carea' id='block_1_120' title="bbox 243 5754 543 5831">
    <p class='ocr_par' dir='ltr' id='par_1_120' title="bbox 243 5754 543 5831">
     <span class='ocr_line' id='line_1_120' title="bbox 243 5754 543 5831; baseline 0.007 -17"><span class='ocrx_word' id='word_1_839' title='bbox 243 5757 434 5831; x_wconf 74' lang='grc' dir='ltr'>τάτων,</span> <span class='ocrx_word' id='word_1_840' title='bbox 470 5754 543 5817; x_wconf 82' lang='lat' dir='ltr'><strong>D.</strong></span> 
     </span>
    </p>
   </div>
   <div class='ocr_carea' id='block_1_121' title="bbox 1345 5663 1879 5758">
    <p class='ocr_par' dir='ltr' id='par_1_121' title="bbox 1345 5663 1879 5743">
     <span class='ocr_line' id='line_1_121' title="bbox 1345 5663 1879 5743; baseline 0.006 -18"><span class='ocrx_word' id='word_1_841' title='bbox 1345 5666 1409 5718; x_wconf 68' lang='lat'><strong>59</strong></span> <span class='ocrx_word' id='word_1_842' title='bbox 1438 5670 1504 5725; x_wconf 83' lang='grc' dir='ltr'>τὰ</span> <span class='ocrx_word' id='word_1_843' title='bbox 1533 5667 1610 5743; x_wconf 80' lang='grc' dir='ltr'><strong>μη</strong></span> <span class='ocrx_word' id='word_1_844' title='bbox 1658 5663 1807 5743; x_wconf 72' lang='grc' dir='ltr'>ὄντα,</span> <span class='ocrx_word' id='word_1_845' title='bbox 1862 5665 1879 5728; x_wconf 87' lang='grc' dir='ltr'><strong>Ι</strong></span> 
     </span>
    </p>
   </div>
   <div class='ocr_carea' id='block_1_122' title="bbox 1965 5663 3614 5758">
    <p class='ocr_par' dir='ltr' id='par_1_122' title="bbox 1965 5663 3614 5758">
     <span class='ocr_line' id='line_1_122' title="bbox 1965 5663 3614 5758; baseline -0.005 -30"><span class='ocrx_word' id='word_1_846' title='bbox 1965 5663 2027 5728; x_wconf 84' lang='lat' dir='ltr'><strong>S.</strong></span> <span class='ocrx_word' id='word_1_847' title='bbox 2064 5665 2175 5729; x_wconf 87' lang='lat' dir='ltr'><strong>Ch.</strong></span> <span class='ocrx_word' id='word_1_848' title='bbox 2259 5665 2323 5717; x_wconf 74' lang='grc'><strong>60</strong></span> <span class='ocrx_word' id='word_1_849' title='bbox 2353 5669 2542 5743; x_wconf 78' lang='grc' dir='ltr'>ἐαυτῷ,</span> <span class='ocrx_word' id='word_1_850' title='bbox 2597 5663 2667 5731; x_wconf 75' lang='grc' dir='ltr'>Π.</span> <span class='ocrx_word' id='word_1_851' title='bbox 2702 5664 2765 5729; x_wconf 82' lang='lat' dir='ltr'><strong>S.</strong></span> <span class='ocrx_word' id='word_1_852' title='bbox 2850 5663 2900 5709; x_wconf 74' lang='grc' dir='ltr'><strong>θί</strong></span> <span class='ocrx_word' id='word_1_853' title='bbox 2935 5668 3196 5732; x_wconf 75' lang='grc' dir='ltr'>ἑκάστων,</span> <span class='ocrx_word' id='word_1_854' title='bbox 3281 5667 3345 5720; x_wconf 73' lang='lat'><strong>62</strong></span> <span class='ocrx_word' id='word_1_855' title='bbox 3373 5663 3614 5758; x_wconf 63' lang='grc' dir='ltr'>ἆέποφοι-</span> 
     </span>
    </p>
   </div>
  </div>
