4086 6154
532 313 683 382 1087
1688 312 1750 380 S.
1808 318 2153 384 DIONYSII

2264 317 2742 386 REOPAGITAE.
3749 321 3890 392 1088

525 448 680 512 xerit
697 465 738 527 ι,
771 450 1106 531 cunctaque
1137 448 1278 513 velit
1307 448 1422 511 sibi
1469 465 1708 529 semper
1738 468 1870 514 esse
1916 453 2158 533 similia,

2264 462 2365 524 ;ικῆ
2433 455 2900 535 κατεγκαλούντων
2949 455 3229 538 ἀνέχεται,
3266 457 3353 515 καὶ
3405 459 3560 524 αὒτὸς
3592 458 3887 540 ἀπολογεῖ-

534 548 594 601 et
623 557 728 620 pro
751 539 1042 620 cujusque
1072 549 1246 622 captu
1269 542 1706 603 communicare
1736 548 1763 604 ε)
1805 540 1954 614 Quid
2007 543 2166 622 quod

2264 568 2335 602 ται
2361 564 2384 624 ;
2429 548 2516 604 καὶ
2559 546 2765 622 μᾶλλόν
2821 547 3211 626 ἐπαγγέλλεται
3260 551 3614 630 θεραπεύσείν,
3675 551 3763 609 καὶ
3817 553 3889 609 ἔτι

527 648 560 691 a
583 648 648 692 se
678 629 1026 694 deﬁcientes
1052 650 1255 693 amore
1286 641 1704 711 prosequatur,
1732 633 2169 712 contendatque

2264 637 2436 700 ιῦτοϊς
2513 638 2829 718 ἀπέχουσιν,
2888 638 3034 713 ὅμως
3063 637 3752 722 προσιοῦσισθπροστρέχει
3807 641 3888 699 καὶ

524 738 593 782 ac
620 729 807 799 roget,
843 740 918 784 ne
943 722 1341 800 dedignentur
1367 738 1606 782 amores
1643 725 1658 763 ι
1690 742 1706 796 ;
1739 722 1885 802 quin
1916 734 1977 783 et
2016 723 2171 784 deli-

2264 728 2459 786 ὅπαδτά
2502 728 2590 785 καὶ
2633 727 2753 793 ὃλος
2816 728 2970 793 ὅλους
3035 729 3260 810 περιφὺς
3317 730 3628 806 ἀσπάζεται,
3677 735 3771 791 καὶ
3805 733 3890 789 οὒκ

527 811 721 872 ciosos
745 812 904 892 ipsos
932 831 1002 874 ac
1033 823 1260 874 temere
1283 818 1682 891 provocantes
1715 811 2173 892 sustinet,atque

527 903 782 980 ipsemet
812 909 1073 978 excusat,
1101 919 1292 982 eoque
1338 901 1519 979 magis
1549 918 1614 961 se
1642 901 1874 981 recepit
1900 901 2035 962 illos
2062 921 2172 964 cu-

529 999 816 1063 raturum,
879 991 1144 1072 ipsisque
1190 991 1313 1071 jam
1359 990 1553 1052 adhuc
1583 990 1962 1065 distantibus,
1995 989 2176 1052 simul

530 1087 732 1141 tamen
779 1079 1232 1142 adventantibus
1281 1080 1625 1142 occurritet
1652 1079 1866 1155 obviat,
1898 1085 2177 1162 totusque

530 1178 690 1231 totos
711 1170 1078 1250 amplectens
1101 1170 1424 1251 osculatur,
1460 1189 1654 1251 neque
1677 1171 1752 1232 de
1775 1171 2040 1251 pristinis
2071 1189 2174 1232 eos

539 1259 863 1338 arguil,sed
895 1260 1089 1340 diligit
1111 1261 1446 1342 praesentia,
1473 1261 1809 1340 festumque
1841 1261 1998 1322 diem
2031 1262 2173 1338 agit;

529 1365 598 1409 ac
631 1360 913 1412 convocat
933 1350 1463 1425 amicos,videlicet
1494 1349 1774 1429 bonos,ut
1803 1350 1879 1412 sit
1905 1351 2175 1413 omnium

465 1452 479 1460 '
531 1437 855 1502 laetantium
877 1440 1159 1502 habitatio
1181 1458 1228 1503 υ.
1267 1444 1451 1503 Porro
1470 1439 1945 1520 Demophilus,et
1966 1442 2017 1502 si
2041 1442 2178 1520 quis

531 1527 686 1590 alius
730 1530 902 1592 bonis
971 1532 1334 1605 adversatur,
1365 1533 1502 1611 jure
1563 1530 1774 1592 merito
1832 1531 2176 1610 corripitur,

532 1617 804 1701 bonaque
857 1621 1105 1683 docetur
1133 1628 1196 1683 ut
1228 1621 1602 1683 emendetur.
1650 1621 1960 1694 Quomodo
1994 1623 2177 1694 enim,

531 1708 746 1792 inquit,
782 1730 900 1774 non
932 1712 1242 1793 oportebat
1266 1731 1400 1773 eum
1421 1713 1518 1793 qui
1544 1711 1736 1774 bonus
1756 1710 1947 1785 est,de
1971 1730 2177 1772 eorum

2258 817 2481 897 ἐγκαλεῖ
2538 819 2655 896 περὶ
2711 826 2817 876 τῶν
2869 819 3163 898 προτέρων,
3224 819 3361 876 ἀλλά
3415 821 3597 896 ἁγαπᾳ
3650 824 3718 880 τὰ
3759 845 3886 891 παρ-

2258 908 2406 981 όντα,
2441 908 2527 963 καὶ
2571 907 2757 984 ἑορτήν
2814 907 2958 986 ἄγει,
3010 910 3098 964 καὶ
3147 908 3408 986 συγκαλεῖ
3439 907 3504 958 64
3542 914 3664 974 τοὺς
3695 911 3886 991 φίλους,

2259 992 2464 1063 δηλαδὴ
2518 1002 2638 1058 τοὸς
2697 995 2945 1075 ἀγαθοὺς,
2980 994 3072 1051 ἵνα
3105 1003 3142 1069 ᾖ
3198 997 3410 1056 πάντων
3477 998 3886 1077 εὔφραινομένων

2259 1087 2294 1153 ἡ
2329 1086 2593 1147 κατοικὶα,
2655 1084 2964 1165 Δημόφιλος
3017 1085 3096 1161 δὲ,
3158 1088 3244 1144 καὶ
3301 1087 3352 1142 εῗ
3384 1109 3462 1153 τις
3495 1087 3654 1154 ἄλλος
3687 1088 3891 1166 ἆγαθοϊς

2258 1175 2639 1256 ἀπεχθάνεται,
2672 1176 2761 1232 καί
2789 1174 2914 1231 λίαν
2959 1174 3170 1239 ἐνδίκως
3229 1179 3561 1252 ἒπιτιμᾶται,
3616 1179 3702 1234 καὶ
3759 1175 3890 1233 ἐκδι-

2258 1264 2504 1321 δάσκεται
2562 1267 2629 1321 τὰ
2697 1264 2858 1338 καλὰ,
2912 1266 3000 1322 καὶ
3090 1265 3424 1345 ἆγαθυνεται,
3489 1271 3607 1332 Πῶς
3657 1268 3755 1345 γὰρ
3807 1268 3891 1323 οὒκ

2261 1353 2384 1428 ἔδει,
2418 1355 2566 1434 φησὶ,
2648 1355 2738 1411 τὸν
2794 1355 2989 1432 ἀγαθὸν
3021 1358 3104 1412 επὶ
3163 1357 3396 1434 σωτηρίᾳ
3445 1360 3551 1413 τῶν
3618 1354 3891 1413 ἀπολωλό-

2260 1465 2366 1499 των
2423 1443 2804 1521 εὒφραίνεσθαι,
2887 1446 2972 1499 καὶ
3028 1450 3140 1520 ζωῇ
3225 1448 3328 1501 τῶν
3408 1445 3890 1520 τεθανατωμενὼνς

2261 1532 2483 1608 Ἀμελει
2514 1534 2602 1589 καὶ
2658 1531 2742 1589 ἐπ’
2802 1531 2965 1607 ὤμων
3023 1533 3164 1611 αἴρει
3194 1531 3259 1583 65
3286 1535 3346 1591 τὸ
3377 1534 3534 1608 μόλις
3568 1534 3672 1589 ἆπὸ
3700 1533 3892 1600 πλάνης

2263 1622 2577 1702 ἐπιστραφὲν
2596 1620 2681 1698 66,
2718 1623 2804 1679 καὶ
2847 1624 2965 1685 τοὺς
3009 1623 3233 1699 ἀγαθοὺς
3268 1623 3525 1701 ἀγγέλους
3583 1626 3656 1687 εἷς
3713 1628 3892 1703 εὔφρο-

2262 1716 2422 1782 σύνην
2455 1715 2664 1793 ἐγείρει,
2724 1714 2812 1770 καὶ
2871 1714 3100 1792 χρηστός
3135 1713 3274 1770 ἐστιν
3330 1712 3392 1762 67
3449 1713 3532 1770 ἐπὶ
3569 1716 3689 1779 τοὺς
3746 1714 3894 1793 ἁχαρί

533 1801 632 1880 qui
665 1802 962 1881 perierant
993 1804 1201 1878 salute,
1241 1822 1348 1864 nec
1379 1822 1496 1864 non
1540 1821 1746 1864 eorum
1782 1802 1882 1882 qui
1915 1802 2178 1864 defuncti

2264 1829 2442 1887 στους,
2493 1808 2580 1862 καὶ
2636 1805 3004 1861 ἁνατέλλειτὸν
3059 1806 3213 1873 ἣλιον
3271 1805 3429 1863 αὖτοῡ
3500 1807 3586 1862 ἐπὶ
3649 1806 3892 1882 πονηροὺς

533 1899 703 1952 erant
738 1891 851 1954 vita
909 1892 1146 1954 laetari?
1203 1891 1508 1972 Siquidem
1566 1892 1740 1953 etiam
1805 1893 1864 1952 in
1897 1893 2179 1953 humeros

531 1981 688 2044 tollit
717 1981 955 2044 vixdum
990 1984 1062 2044 ab
1108 2000 1316 2045 errore
1359 2001 1734 2062 conversum,
1767 1991 1825 2044 et
1857 1981 2044 2042 bonos
2075 2000 2177 2042 an-

533 2071 698 2145 gelos
753 2076 827 2134 ad
887 2073 1148 2134 laetitiam
1196 2073 1433 2146 excitat,
1467 2073 1610 2153 quin
1643 2080 1704 2132 et
1735 2072 1974 2151 ingratis
2003 2071 2179 2132 beni-

535 2179 687 2239 gnus
705 2162 921 2242 existit,
961 2171 1014 2225 et
1037 2165 1196 2225 oriri
1221 2163 1372 2242 facit
1394 2162 1581 2224 solem
1599 2180 1775 2224 suum
1795 2180 1977 2241 super
2002 2161 2180 2224 bonos

535 2258 596 2311 ει
627 2250 814 2312 malos
835 2262 1062 2333 ﬁatque
1092 2252 1280 2334 ipsam
1304 2271 1474 2313 suam
1499 2252 1754 2313 animam
1784 2270 1892 2332 pro
1918 2251 2179 2331 profugis

537 2339 703 2420 ponit
730 2354 776 2399 ι.
807 2344 894 2405 Tu
923 2353 1152 2423 vero,ut
1182 2354 1294 2405 tuae
1326 2344 1537 2404 litterm
1557 2342 2178 2422 declarant,acciden-

533 2436 657 2494 tem
689 2433 1006 2514 sacerdoti,
1041 2435 1207 2496 illum
1231 2453 1408 2514 quem
1434 2434 1678 2513 impium
1710 2451 1776 2493 ac
1805 2440 2173 2513 peccatorem

534 2521 707 2595 dicis,
742 2523 943 2585 nescio
975 2525 1274 2605 quomodo
1301 2542 1404 2603 per
1436 2533 1491 2584 te
1523 2542 1781 2603 praesens
1837 2521 2134 2601 repuleris
2169 2543 2183 2596 ;

534 2619 662 2670 tum
683 2611 780 2674 ille
803 2614 1044 2692 quidem
1069 2614 1500 2694 deprecabatur
1516 2623 1571 2675 et
1588 2613 1882 2675 fatebatur
1895 2631 1959 2672 se
1974 2613 2042 2673 ad
2068 2631 2187 2672 ma-

533 2699 727 2762 lorum
753 2703 1107 2766 medicinam
1127 2705 1559 2778 advenissse;tu
1573 2703 1946 2784 autem,nihil
1967 2703 2182 2763 veritus

535 2791 758 2854 bonum
778 2793 1028 2875 insuper
1047 2795 1417 2856 sacerdotem
1437 2813 1568 2854 cum
1589 2795 1842 2872 quadam
1865 2793 2182 2854 insolentia

534 2883 904 2945 conviciatus
935 2904 1019 2964 es,
1073 2885 1226 2966 quod
1264 2885 1579 2945 miseratus
1619 2890 1776 2944 esset
1822 2882 2175 2962 paenitentis,

534 2980 708 3052 atque
763 2974 1013 3054 impium
1062 2975 1495 3054 justiﬁcasset;
1528 2992 1596 3035 ac
1631 2972 1894 3051 tandem,
1937 2995 1958 3028 «
1987 2971 2118 3043 Exi,
2146 2996 2172 3027 »

534 3062 815 3140 inquiens
845 3064 1166 3135 saCerdoti,
1191 3063 1332 3125 599
1355 3082 1489 3125 cum
1513 3063 1614 3143 qui
1646 3062 1945 3124 similibus
1970 3069 2176 3123 contra

2263 1900 2349 1954 καὶ
2373 1897 2627 1975 ἀγαθούς,
2674 1898 2762 1952 καὶ
2807 1897 2967 1962 αὐτὴν
2990 1897 3089 1963 τὴν
3120 1896 3304 1975 ψυχὴν
3336 1896 3494 1953 αὐτοῦ
3525 1899 3731 1962 τίθησιν
3779 1895 3892 1968 ὑπὲρ

2265 1994 2366 2044 τῦν
2399 1989 2807 2067 ἀποφευγόντων
2834 1985 2922 2048 63.
2959 1987 3029 2041 Σὺ
3101 1984 3177 2065 δε,
3209 1989 3282 2048 ὡς
3349 1987 3414 2041 τὰ
3467 1986 3757 2064 γράμματά
3815 2008 3889 2040 σου

2263 2078 2445 2156 δηλοῖ,
2479 2079 2566 2133 καὶ
2611 2078 2976 2156 προσπεσόντα
3035 2082 3113 2148 τῷ
3170 2081 3325 2156 ἱερεῖ,
3358 2079 3450 2132 τὸν
3482 2079 3556 2137 ὡς
3609 2076 3714 2155 φῇς
3747 2073 3888 2138 ἁσεϐἠ

2263 2171 2348 2225 καὶ
2407 2167 2744 2246 ἁμαρτωλὸν,
2810 2167 2903 2224 οὒκ
2947 2165 3049 2223 οϊδ’
3105 2166 3248 2228 ὅπως
3302 2165 3418 2222 καθ’
3487 2168 3676 2224 ἐαυτοῦ
3734 2165 3892 2242 παρών

2263 2259 2624 2324 ἁπελάκτισας
2661 2277 2676 2293 ⁶
2737 2271 2877 2330 εἶτα,
2914 2260 2941 2313 ὃ
2991 2257 3088 2331 μὲν
3149 2256 3320 2313 ἐδεῖτο
3374 2254 3438 2306 69
3497 2257 3586 2312 καὶ
3648 2255 3896 2332 ὡμολόγει

2263 2355 2392 2420 πρὸς
2450 2350 2678 2426 ἰατρείαν
2722 2348 2899 2403 κακῶν
2935 2345 3263 2419 ἐληλυθέναι,
3327 2349 3387 2402 σὺ
3442 2345 3496 2401 δὲ
3555 2346 3651 2401 οὒκ
3681 2345 3896 2424 ἕφριξας,

2269 2439 2404 2495 ἀλλὰ
2435 2441 2633 2496 καὶτὸν
2676 2439 2870 2517 ἀγαθὸν
2900 2437 3039 2514 ἱερέα
3071 2438 3202 2512 μετὰ
3259 2438 3477 2515 θράσους
3546 2435 3610 2485 70
3668 2457 3896 2513 προεπη-

2269 2529 2503 2603 λάκιζες,
2557 2528 2774 2594 ἐλεητὸν
2834 2539 2972 2582 εἴναι
3025 2527 3401 2601 μετάνοοῦντα,
3468 2527 3553 2580 καὶ
3614 2526 3704 2581 τὸν
3749 2521 3899 2589 ἀσεϐῆ

2268 2618 2621 2676 δικαιώσαντα
2657 2634 2670 2647 ’
2724 2619 2808 2674 καὶ
2865 2617 3041 2691 τέλος,
3096 2640 3123 2670 ιι
3158 2614 3360 2690 "nam,
3407 2640 3427 2670 ι
3473 2615 3607 2694 ἔφης
3638 2622 3715 2687 τῷ
3756 2617 3898 2690 ἱερεῖ,

2265 2711 2399 2784 μετὰ
2430 2711 2533 2764 τῶν
2584 2709 2783 2782 ὁμοίων
2838 2709 2926 2764 καὶ
2977 2705 3363 2780 εἰσεπήδησας,
3417 2706 3514 2762 οὒκ
3562 2693 3714 2767 ὄντος
3757 2708 3901 2778 θεμι-

2261 2806 2376 2878 τοῦ,
2429 2800 2558 2876 πρὸς
2616 2799 2679 2854 τὰ
2738 2795 2921 2870 ἄδυτα,
2978 2799 3066 2852 καὶ
3123 2797 3189 2852 τὰ
3221 2795 3396 2873 ’Ἅγια
3425 2801 3532 2851 τῶν
3564 2797 3729 2872 ἁγίων
3760 2793 3899 2848 συνέ-

2265 2888 2497 2968 στειλας,
2554 2889 2641 2943 καὶ
2699 2888 2916 2966 γράφεις
2977 2889 3135 2961 ἡμῖν,
3199 2885 3278 2942 ὅτι
3327 2884 3588 2960 μέλλοντα
3623 2883 3902 2962 διαφθαρῆ-

2263 3001 2346 3034 ναι
2393 2979 2457 3033 τὰ
2514 2979 2626 3056 ἱερὰ
2687 2983 3053 3054 προνοητικῶς
3105 2977 3383 3047 ἀπέσωσα,
3422 2976 3508 3030 καὶ
3558 2974 3637 3030 ἔτι
3670 2975 3903 3054 ἅχραντα

2260 3067 2616 3148 διαφυλάττω.
2661 3067 2790 3141 Νζὶν⁸
2812 3074 2901 3123 οὖν
2961 3063 3116 3125 ἄκουε
3177 3073 3283 3122 τῶν
3336 3064 3633 3142 ἡμετέρων’
3698 3068 3770 3122 Οὒ
3822 3066 3904 3118 θε-

536 3151 622 3212 fas
650 3151 712 3212 in
733 3153 904 3233 adyta
929 3153 1222 3235 irrupisti,
1259 3173 1326 3215 ac
1355 3157 1571 3216 Sancta
1603 3161 1942 3214 sanctorum
1976 3156 2174 3213 conta-

2264 3161 2417 3232 μιτὸν
2465 3155 2604 3234 ἱερέα
2656 3158 2787 3234 πρὸς
2845 3157 2952 3213 τῶν
3009 3155 3137 3234 ὑπὲρ
3217 3155 3276 3210 σὲ
3337 3154 3686 3234 λειτουργῶν,
3720 3153 3754 3221 ἢ
3810 3154 3904 3207 τῶν

540 3240 801 3324 minasti,
846 3251 903 3305 et
932 3243 1147 3306 scribis
1193 3243 1364 3304 nobis
1399 3253 1454 3304 te
1483 3251 1706 3312 sancta,
1741 3259 1872 3302 cum
1903 3239 2180 3302 violanda

539 3344 1000 3414 essent,summa
1015 3352 1155 3396 cura
1175 3333 1664 3415 providentiaque
1685 3348 2179 3409 servasse,eaque

537 3422 825 3485 hactenus
857 3423 1080 3486 illibata
1117 3423 1436 3486 custodire.
1475 3424 1644 3486 Nunc
1703 3439 1843 3500 ergo
1888 3420 2024 3482 audi
2070 3439 2178 3480 no—

537 3520 718 3573 stram
751 3513 1106 3576 sententiam
1139 3535 1153 3577 :
1187 3511 1364 3575 Nefas
1396 3520 1485 3572 est
1511 3510 1881 3572 sacerdotem
1931 3528 1964 3570 a
1997 3518 2051 3570 te
2082 3508 2177 3570 di-

536 3601 844 3679 gnioribus
877 3602 1188 3676 ministris,
1222 3601 1383 3664 tuive
1424 3601 1652 3662 ordinis
1699 3599 2010 3661 monachis
2056 3617 2186 3660 cor-

535 3691 673 3770 ripi,
707 3693 1083 3771 quantumvis
1133 3693 1194 3753 in
1252 3692 1448 3752 divina
1493 3689 1712 3768 impius
1770 3688 2068 3769 videatur,
2125 3697 2186 3752 et

535 3780 768 3843 etiamsi
824 3782 963 3861 quid
1006 3781 1168 3844 aliud
1229 3781 1471 3843 vetitum
1519 3779 1713 3858 egisse
1769 3778 2180 3847 convincatur,

537 3870 686 3932 Nam
737 3871 787 3932 si
811 3870 1212 3932 distinctionis
1233 3869 1586 3945 ordinisque
1613 3867 1905 3946 confusio,
1940 3866 2187 3928 divinis-

535 3961 819 4022 simarum
875 3960 1361 4022 constitutionem
1413 3958 1730 4038 legumque
1793 3956 2182 4035 transgressio

539 4057 631 4113 est
666 4071 682 4131 ;
715 4050 876 4112 nulla
915 4059 1074 4113 certe
1123 4051 1276 4111 ratio
1309 4058 1438 4128 estf
1459 4060 1665 4129 ropter
1691 4049 1878 4109 Deum
1905 4046 2180 4107 traditum

2264 3249 2544 3326 ὁμοταγῶν
2596 3269 2678 3302 σοι
2708 3246 2760 3295 71
2790 3249 3122 3325 θεραπευτῶν
3175 3246 3495 3321 εὖθύνεσθαι,
3554 3243 3654 3301 κᾶίν
3704 3241 3902 3299 ἀσεϐεῖν

2265 3340 2337 3402 εἷς
2379 3339 2446 3394 τὰ
2499 3341 2618 3394 θεῖα
2666 3336 2818 3417 δοκῇ,
2895 3335 2992 3393 κᾶν
3053 3335 3182 3393 ἄλλο
3238 3358 3290 3392 τι
3347 3338 3453 3391 τῶν
3539 3333 3901 3412 ἀπειρημένων

2265 3429 2603 3510 ἐξελέγχοιτο
2660 3428 2877 3508 δράσας,
2917 3431 2972 3486 Εἰ
3033 3430 3131 3508 γὰρ
3193 3429 3422 3503 ἀκοσμία
3467 3428 3554 3484 καὶ
3604 3427 3786 3491 ἀταξία
3811 3427 3906 3482 τῶν

2265 3523 2556 3576 θειοτάτων
2631 3519 2741 3575 ἐστὶ
2796 3520 2881 3574 καὶ
2968 3521 3103 3591 ὅρων
3154 3522 3242 3574 καὶ
3299 3521 3509 3590 θεσμῶν
3550 3514 3788 3589 ἔκϐασις,
3824 3515 3905 3571 οὒκ

2267 3610 2385 3690 ἔχει
2429 3608 2589 3686 λόγον
2637 3609 2766 3687 ὑπὲρ
2799 3616 2928 3665 Θεοῦ
2957 3607 3021 3658 ἠ
3049 3609 3148 3676 τὴν
3200 3606 3589 3687 θεοπαράδοτον
3625 3605 3905 3681 ἀνατρέπε-

2269 3704 2384 3757 σθαι
2431 3699 2597 3763 τάξιν.
2659 3700 2730 3756 Οὔ
2783 3699 2882 3776 γὰρ
2933 3697 3014 3778 ἐφ’
3097 3699 3282 3756 ἑαυτὸν
3343 3700 3370 3754 ὁ
3421 3697 3552 3760 Θεὸς
3615 3696 3899 3773 ἐμερίσθη’

2268 3797 2383 3852 πῶς
2441 3791 2540 3867 γὰρ
2589 3790 2906 3859 σταθήσεται
2963 3791 2997 3856 ἡ
3041 3786 3284 3865 βασιλείᾶ
3337 3788 3493 3846 αὐτοῦ
3527 3805 3544 3862 ;
3579 3786 3688 3846 Καὶ
3745 3786 3787 3841 εί
3825 3779 3903 3838 τοῦ

2269 3886 2402 3936 Θεοῦ
2435 3880 2597 3953 ἐστιν,
2659 3881 2732 3942 ὡς
2762 3880 2827 3934 τὰ
2857 3878 3014 3956 λόγιά
3043 3901 3226 3958 φησιν,
3274 3877 3308 3945 ἤ
3341 3879 3532 3956 κρίσις,
3585 3879 3634 3933 οἱ
3681 3874 3734 3931 δὲ
3765 3874 3901 3951 ἱερεῖς

2267 3968 2484 4048 ἄγγελοι
2541 3970 2626 4024 καὶ
2657 3969 2921 4048 ὒποφῆται
2971 3970 3104 4044 μετά
3159 3970 3281 4031 τοὺς
3336 3968 3592 4048 ἱεράρχας
3668 3966 3762 4022 εἶσὶ
3811 3962 3901 4018 τῶν

2267 4061 2416 4116 θείων
2475 4058 2765 4137 κριμάτων,
2829 4059 2958 4134 πρὸς
2997 4059 3168 4132 αὐτῶν
3207 4057 3275 4113 τὰ
3329 4061 3452 4113 θεῖα
3534 4056 3900 4133 προσηκὸντως

535 4139 818 4202 divinitus
848 4143 1120 4204 ordinem
1149 4137 1828 4212 intervertendi.Neque
1851 4135 2012 4197 enim
2033 4144 2089 4196 in
2121 4153 2180 4197 se

2270 4171 2352 4206 σοι
2410 4147 2494 4204 διὰ
2555 4147 2730 4224 μέσων
2781 4147 2844 4196 75
2898 4147 3002 4204 τῶν
3061 4147 3402 4225 λειτουργῶν,
3439 4147 3562 4202 ὁταν
3715 4143 3898 4218 καιρὸς,

535 4229 692 4292 Deus
712 4230 936 4291 divisus
964 4240 1075 4303 est,
1111 4229 1376 4310 alioquin
1409 4226 1708 4308 quomodo
1731 4225 1904 4286 stabit
1931 4243 2180 4304 regnum

2270 4237 2598 4312 ἐκδιδάσκω,
2631 4236 2695 4294 δι’
2744 4241 2819 4294 ῶν
2848 4239 3029 4294 καὶτὸ
3078 4237 3217 4293 εἶναι.
3276 4235 3606 4312 θεραπευτὴς
3659 4233 3899 4300 ἡξιώθης.

538 4320 671 4399 ejus
698 4336 721 4377 ν
750 4319 781 4380 ‘I
804 4319 876 4382 Et
901 4321 950 4380 si
985 4320 1088 4382 Dei
1134 4331 1221 4382 est
1247 4317 1565 4408 judicium,
1595 4324 1657 4377 ut
1690 4315 1936 4394 Eloquia
1959 4323 2180 4376 testan-

2270 4327 2354 4384 ’Ἦ
2388 4330 2511 4408 οὖχὶ
2568 4331 2649 4383 καὶ
2699 4330 2766 4384 τὰ
2811 4328 2924 4407 ἱερὰ
2980 4326 3221 4400 σύμὸολα
3277 4333 3433 4382 τοῦτο
3483 4326 3581 4400 βοᾷ
3636 4322 3768 4398 ptati
3816 4320 3903 4395 γὰρ

539 4419 637 4471 tur
664 4430 707 4484 κ,
733 4410 1076 4472 sacerdotes
1127 4419 1324 4472 autem
1355 4406 1550 4486 angeli
1587 4413 1723 4498 sunt
1750 4415 1800 4498 ξ,
1829 4413 1887 4465 et
1912 4412 2053 4498 post
2073 4422 2180 4498 an-

2270 4421 2374 4498 οὒχ
2402 4406 2584 4482 ἁπλῶς
2617 4406 2870 4475 ἁπάντων
2891 4418 2989 4492 μὲν
3012 4416 3263 4494 ἑξῃρηται
3291 4415 3356 4470 τὰ
3386 4414 3556 4490 (Ἀγια
3592 4415 3700 4468 τῶν
3729 4410 3901 4487 ἁγίων

537 4499 752 4562 tistites
801 4499 1142 4562 divinorum
1195 4500 1557 4578 interpretes
1583 4494 1977 4584 judiciorum,
2002 4493 2076 4584 ab
2117 4496 2180 4557 iis

2271 4493 2552 4581 πλητιὰζει
2582 4507 2638 4564 δὲ
2687 4507 2891 4584 μᾶλλον
2949 4493 3131 4569 αὐτοῖς
3162 4507 3190 4561 ὀ
3243 4507 3348 4560 τῶν
3402 4501 3777 4579 ἱεροτελεστῶν
3801 4496 3905 4553 διά-

539 4588 771 4665 ordine,
803 4597 976 4670 prout
1007 4599 1061 4650 te
1095 4583 1696 4659 decet,mediantibus
1727 4582 2186 4662 ministris,dum

537 4679 649 4742 erit
684 4687 1101 4760 opportunum,
1131 4679 1327 4740 divina
1349 4674 1534 4756 disce,
1573 4690 1679 4755 per
1701 4689 1850 4752 quos
1891 4671 2090 4760 etiam,
2124 4683 2188 4734 ut

537 4759 867 4830 monachus
897 4786 1082 4849 esses,
1111 4764 1394 4829 habuisti.
1429 4766 1521 4827 An
1587 4780 1720 4824 vero
1747 4779 1864 4823 non
1897 4759 1955 4820 id
1992 4760 2186 4842 ipsum

537 4877 708 4921 sacra
749 4859 919 4939 signa
962 4857 1334 4940 proclamant
1363 4857 1609 4932 tneque
1644 4851 1803 4912 enim
1829 4849 2190 4931 simpliciter

539 4945 753 5010 Sancta
799 4957 1138 5010 sanctorum
1202 4944 1277 5007 ab
1335 4943 1614 5004 omnibus
1660 4947 1970 5018 segregata
2000 4952 2181 5021 sunt;

615 5143 634 5170 ·
659 5137 832 5197 Joan.
866 5153 906 5205 ι,
939 5135 977 5196 2
1059 5138 1076 5170 ί
1109 5135 1317 5198 Matth.
1350 5149 1430 5197 xl.
1519 5139 1547 5172 ιι
1579 5127 1717 5188 Luc.
1750 5146 1842 5189 xv.
1931 5141 1956 5172 '
1994 5131 2203 5196 Matth.

543 5232 685 5297 xxx,
725 5217 800 5279 t8
830 5237 846 5297 ;
879 5215 1052 5279 Rom.
1087 5233 1151 5291 η,
1190 5216 1289 5279 16.
1371 5229 1396 5260 ι
1428 5208 1684 5275 Malach.
1719 5224 1785 5289 ιι,
1811 5207 1873 5271 7.

2270 4621 2496 4678 κοσμος,
2556 4603 2676 4655 εἶτα
2728 4602 2834 4655 τῶν
2875 4597 3057 4676 ἱερέων
3115 4596 3151 4664 ἢ
3207 4592 3588 4667 διακόσμησις,
3649 4588 3904 4678 ἑπομένως

2272 4687 2326 4745 δὲ
2359 4677 2565 4754 τούτοις
2615 4690 2650 4756 ἡ
2695 4688 2800 4744 τῶν
2859 4685 3178 4763 λειτουργῶν
3235 4699 3250 4714 ⁸
3305 4683 3423 4746 τοῖς
3471 4679 3525 4737 δὲ
3580 4677 3905 4756 τεταγμένοις

2269 4783 2618 4854 θεραπευταῖς
2648 4780 2698 4834 αἱ
2729 4777 2896 4834 πύλαι
2927 4775 3032 4832 τῶν
3087 4772 3286 4830 ἁδύτῶν
3340 4770 3477 4828 εἰσίν
3532 4770 3904 4849 ἀφωρισμέναι,

2270 4859 2388 4925 καθ’
2445 4868 2505 4932 ἅς
2536 4867 2623 4924 καὶ
2652 4866 2934 4923 τελοῦνται
2971 4866 3060 4922 καὶ
3113 4868 3462 4942 παρεστᾶσιν,
3493 4864 3552 4917 οὒ
3581 4859 3710 4936 πρὸς
3757 4867 3906 4942 φυλα-

2269 4958 2372 5026 κὴν
2421 4959 2616 5033 αὑτων,
2669 4955 2806 5015 ἀλλὰ
2835 4957 2965 5034 πρὸς
3019 4953 3160 5019 τάξιν
3189 4940 3196 4942 ὴ
3225 4951 3315 5008 καὶ
3371 4949 3661 5027 ἐπίγνωσιν
3719 4940 3900 5001 ἑαυτῶν

2265 5151 2323 5212 v,
2377 5134 2477 5196 45.
2566 5135 2788 5199 xJoan.
2853 5153 2911 5215 χ,
2979 5134 3076 5196 tt.
3163 5127 3426 5192 vMatth.
3461 5142 3563 5202 xu,
3597 5123 3676 5187 25
3753 5113 3898 5182 εἰδοὶ

1854 5369 2116 5436 νΑΒΙιιΕ
2160 5373 2484 5442 LECTION
2489 5375 2602 5441 ES.

619 5538 675 5582 ⁸³
706 5546 976 5620 προζοῦσι,
1006 5537 1070 5602 S.
1153 5539 1220 5590 65
1246 5542 1343 5596 καὶ
1376 5557 1474 5672 συέ

619 5644 680 5672 :w
742 5619 847 5672 Ch-
883 5617 954 5672 Π-
989 5618 1053 5672 P.
1126 5618 1190 5669 68
1219 5619 1430 5672 ἂποωυγ
1467 5640 1474 5654 ε

539 5620 703 5693 ἐστιν,
742 5614 848 5683 (ζῇ,
883 5614 1054 5681 [ΜΡ.
1126 5618 1190 5669 68
1219 5614 1625 5697 ἂποφυγόντων,
1652 5614 1722 5678 S.

539 5697 594 5748 7³
623 5703 684 5762 σὺ
714 5699 800 5757 διὰ
831 5699 1037 5778 μέσων,
1073 5698 1144 5764 Π.
1180 5697 1241 5765 S.

1153 5539 1220 5590 65
1246 5542 1343 5596 καὶ
1376 5532 1750 5672 συγκαλεϊται,
1807 5530 1878 5594 D.
1915 5533 1976 5597 S.
2013 5535 2078 5598 P.
2164 5535 2229 5587 63
2258 5538 2426 5619 φέρει,
2459 5540 2523 5604 8,
2608 5538 2674 5591 66
2701 5538 3036 5619 ἐπιστρέφον,
3071 5537 3134 5600 5,
3170 5535 3237 5598 Ρ,
3321 5531 3384 5584 ΒἸ
3416 5533 3504 5632 sui.

1153 5620 1190 5669 Β
1219 5619 1430 5686 ἂποφυγ
1467 5636 1625 5686 ντων,
1652 5614 1722 5678 S.
1814 5609 1881 5664 69
1909 5613 2116 5686 ἡδεϊτο,
2249 5621 2314 5683 Ρ,
2401 5620 2464 5671 70
2487 5622 2730 5686 θάρσους,
2804 5619 2857 5664 τί
2889 5623 3172 5686 ὁμοταγῶν
3204 5638 3324 5686 σου,
3347 5617 3409 5679 S.

2016 5663 2116 5696 σου,
2151 5663 2212 5686 ν.
2249 5663 2270 5681 ι
2298 5665 2314 5683 ο

3601 5525 3878 5610 ρηστότατς
3888 5576 3899 5588 ,

3557 5556 3635 5670 ἲν.
3665 5605 3812 5670 Θεοῦ,
3841 5598 3898 5670 S.

2401 5598 2730 5700 love-ignem
2804 5598 2869 5664 τί.
2889 5598 3172 5700 ὁμοταγῶν
3204 5638 3324 5698 σου,
3347 5617 3409 5679 S.
3657 5598 3812 5682 Θεοῦ,
