  <div class='ocr_page' id='page_1' title='image "/cluster/home/n/w/nwhite01/storage/ocr_20150623/3/mdp.39015008855614/554.png"; bbox 0 0 4086 6154; ppageno 0'>
   <div class='ocr_carea' id='block_1_1' title="bbox 262 388 420 463">
    <p class='ocr_par' dir='ltr' id='par_1_1' title="bbox 262 388 420 463">
     <span class='ocr_line' id='line_1_1' title="bbox 262 388 420 463; baseline -0.013 0"><span class='ocrx_word' id='word_1_1' title='bbox 262 388 420 463; x_wconf 80' lang='grc'><strong>1093</strong></span> 
     </span>
    </p>
   </div>
   <div class='ocr_carea' id='block_1_2' title="bbox 1647 372 2239 452">
    <p class='ocr_par' dir='ltr' id='par_1_2' title="bbox 1647 372 2239 452">
     <span class='ocr_line' id='line_1_2' title="bbox 1647 372 2239 452; baseline 0 -2"><span class='ocrx_word' id='word_1_2' title='bbox 1647 376 2014 452; x_wconf 79' lang='lat' dir='ltr'><strong>EPISTULA</strong></span> <span class='ocrx_word' id='word_1_3' title='bbox 2075 372 2239 452; x_wconf 80' lang='lat' dir='ltr'><strong>Viti.</strong></span> 
     </span>
    </p>
   </div>
   <div class='ocr_carea' id='block_1_3' title="bbox 3483 382 3632 455">
    <p class='ocr_par' dir='ltr' id='par_1_3' title="bbox 3483 382 3632 455">
     <span class='ocr_line' id='line_1_3' title="bbox 3483 382 3632 455; baseline 0.02 -3"><span class='ocrx_word' id='word_1_4' title='bbox 3483 382 3632 455; x_wconf 79' lang='grc'><strong>1094</strong></span> 
     </span>
    </p>
   </div>
   <div class='ocr_carea' id='block_1_4' title="bbox 257 509 1917 609">
    <p class='ocr_par' dir='ltr' id='par_1_4' title="bbox 257 523 1907 609">
     <span class='ocr_line' id='line_1_4' title="bbox 257 523 1907 609; baseline -0.005 -19"><span class='ocrx_word' id='word_1_5' title='bbox 257 542 375 593; x_wconf 78' lang='grc' dir='ltr'>οὖσι</span> <span class='ocrx_word' id='word_1_6' title='bbox 403 530 486 590; x_wconf 67' lang='grc' dir='ltr'><strong>διὰ</strong></span> <span class='ocrx_word' id='word_1_7' title='bbox 516 536 623 588; x_wconf 82' lang='grc' dir='ltr'><strong>τῶν</strong></span> <span class='ocrx_word' id='word_1_8' title='bbox 653 546 879 609; x_wconf 88' lang='grc' dir='ltr'>πρωτων</span> <span class='ocrx_word' id='word_1_9' title='bbox 937 539 1053 590; x_wconf 88' lang='grc' dir='ltr'>τοῖς</span> <span class='ocrx_word' id='word_1_10' title='bbox 1100 524 1360 604; x_wconf 78' lang='grc' dir='ltr'><strong>δευτέροις</strong></span> <span class='ocrx_word' id='word_1_11' title='bbox 1390 523 1719 602; x_wconf 72' lang='grc' dir='ltr'><strong>ἀπονέμεται</strong></span> <span class='ocrx_word' id='word_1_12' title='bbox 1749 523 1814 576; x_wconf 67' lang='grc'><strong>93</strong></span> <span class='ocrx_word' id='word_1_13' title='bbox 1840 525 1907 582; x_wconf 76' lang='grc' dir='ltr'>τὰ</span> 
     </span>
    </p>
   </div>
   <div class='ocr_carea' id='block_1_5' title="bbox 2002 509 3634 609">
    <p class='ocr_par' dir='ltr' id='par_1_5' title="bbox 2002 509 3634 608">
     <span class='ocr_line' id='line_1_5' title="bbox 2002 509 3634 608; baseline 0.001 -21"><span class='ocrx_word' id='word_1_14' title='bbox 2002 543 2098 606; x_wconf 72' lang='lat' dir='ltr'><strong>per</strong></span> <span class='ocrx_word' id='word_1_15' title='bbox 2120 524 2339 606; x_wconf 83' lang='lat' dir='ltr'><strong>primas</strong></span> <span class='ocrx_word' id='word_1_16' title='bbox 2357 523 2702 604; x_wconf 87' lang='lat' dir='ltr'><strong>secundis,a</strong></span> <span class='ocrx_word' id='word_1_17' title='bbox 2723 509 3356 608; x_wconf 78' lang='lat' dir='ltr'><strong>rectaaequissim‘aq&#39;ue</strong></span> <span class='ocrx_word' id='word_1_18' title='bbox 3370 526 3634 589; x_wconf 89' lang='lat' dir='ltr'><strong>omnium</strong></span> 
     </span>
    </p>
   </div>
   <div class='ocr_carea' id='block_1_6' title="bbox 259 613 1902 685">
    <p class='ocr_par' dir='ltr' id='par_1_6' title="bbox 259 613 1902 685">
     <span class='ocr_line' id='line_1_6' title="bbox 259 613 1902 685; baseline -0.004 -4"><span class='ocrx_word' id='word_1_19' title='bbox 259 619 383 681; x_wconf 77' lang='grc' dir='ltr'>κατ’</span> <span class='ocrx_word' id='word_1_20' title='bbox 439 619 585 685; x_wconf 79' lang='grc' dir='ltr'>ἀξίαν</span> <span class='ocrx_word' id='word_1_21' title='bbox 638 621 738 676; x_wconf 67' lang='grc' dir='ltr'>ὑπὸ</span> <span class='ocrx_word' id='word_1_22' title='bbox 794 623 893 684; x_wconf 77' lang='grc' dir='ltr'><strong>τῆς</strong></span> <span class='ocrx_word' id='word_1_23' title='bbox 913 617 1128 675; x_wconf 86' lang='grc' dir='ltr'>πάντων</span> <span class='ocrx_word' id='word_1_24' title='bbox 1158 616 1409 673; x_wconf 71' lang='grc' dir='ltr'>εὐτάκτου</span> <span class='ocrx_word' id='word_1_25' title='bbox 1438 615 1527 672; x_wconf 85' lang='grc' dir='ltr'><strong>καὶ</strong></span> <span class='ocrx_word' id='word_1_26' title='bbox 1555 613 1902 682; x_wconf 68' lang='grc' dir='ltr'><strong>δικαιοτάτης</strong></span> 
     </span>
    </p>
   </div>
   <div class='ocr_carea' id='block_1_7' title="bbox 260 705 1907 792">
    <p class='ocr_par' dir='ltr' id='par_1_7' title="bbox 260 705 1907 792">
     <span class='ocr_line' id='line_1_7' title="bbox 260 705 1907 792; baseline -0.004 -22"><span class='ocrx_word' id='word_1_27' title='bbox 260 712 511 792; x_wconf 73' lang='grc' dir='ltr'><strong>προνοίας</strong></span> <span class='ocrx_word' id='word_1_28' title='bbox 543 725 559 741; x_wconf 88' lang='grc'>⁶</span> <span class='ocrx_word' id='word_1_29' title='bbox 594 712 642 767; x_wconf 77' lang='grc' dir='ltr'>οἱ</span> <span class='ocrx_word' id='word_1_30' title='bbox 701 707 798 785; x_wconf 81' lang='grc' dir='ltr'>μὲν</span> <span class='ocrx_word' id='word_1_31' title='bbox 828 715 918 765; x_wconf 88' lang='grc' dir='ltr'><strong>οῦν</strong></span> <span class='ocrx_word' id='word_1_32' title='bbox 944 708 1033 764; x_wconf 82' lang='grc' dir='ltr'><strong>καὶ</strong></span> <span class='ocrx_word' id='word_1_33' title='bbox 1076 705 1252 763; x_wconf 79' lang='grc' dir='ltr'>ἄλλων</span> <span class='ocrx_word' id='word_1_34' title='bbox 1304 706 1569 787; x_wconf 77' lang='grc' dir='ltr'>ἐπάρχειν</span> <span class='ocrx_word' id='word_1_35' title='bbox 1625 708 1727 762; x_wconf 79' lang='grc' dir='ltr'><strong>ὑπὸ</strong></span> <span class='ocrx_word' id='word_1_36' title='bbox 1776 706 1907 763; x_wconf 67' lang='grc' dir='ltr'>Θεοῦ</span> 
     </span>
    </p>
   </div>
   <div class='ocr_carea' id='block_1_8' title="bbox 259 793 1905 883">
    <p class='ocr_par' dir='ltr' id='par_1_8' title="bbox 259 793 1905 883">
     <span class='ocr_line' id='line_1_8' title="bbox 259 793 1905 883; baseline -0.004 -24"><span class='ocrx_word' id='word_1_37' title='bbox 259 800 550 883; x_wconf 75' lang='grc' dir='ltr'><strong>ταχθέντες</strong></span> <span class='ocrx_word' id='word_1_38' title='bbox 592 798 920 876; x_wconf 86' lang='grc' dir='ltr'>ἀπονείμωσι</span> <span class='ocrx_word' id='word_1_39' title='bbox 968 795 1034 847; x_wconf 63' lang='grc'><strong>94</strong></span> <span class='ocrx_word' id='word_1_40' title='bbox 1062 793 1176 872; x_wconf 81' lang='grc' dir='ltr'>μεθ’</span> <span class='ocrx_word' id='word_1_41' title='bbox 1211 795 1426 859; x_wconf 76' lang='grc' dir='ltr'>ἑαυτοῦς</span> <span class='ocrx_word' id='word_1_42' title='bbox 1481 797 1569 853; x_wconf 84' lang='grc' dir='ltr'><strong>καὶ</strong></span> <span class='ocrx_word' id='word_1_43' title='bbox 1596 808 1714 852; x_wconf 80' lang='grc' dir='ltr'>τοῖς</span> <span class='ocrx_word' id='word_1_44' title='bbox 1757 799 1905 863; x_wconf 72' lang='grc' dir='ltr'>ὀπη-</span> 
     </span>
    </p>
   </div>
   <div class='ocr_carea' id='block_1_9' title="bbox 260 883 1902 965">
    <p class='ocr_par' dir='ltr' id='par_1_9' title="bbox 260 883 1902 965">
     <span class='ocr_line' id='line_1_9' title="bbox 260 883 1902 965; baseline -0.005 -16"><span class='ocrx_word' id='word_1_45' title='bbox 260 893 410 956; x_wconf 85' lang='grc' dir='ltr'>κόοις</span> <span class='ocrx_word' id='word_1_46' title='bbox 458 891 523 947; x_wconf 82' lang='grc' dir='ltr'><strong>τὰ</strong></span> <span class='ocrx_word' id='word_1_47' title='bbox 553 888 673 946; x_wconf 70' lang='grc' dir='ltr'>κατ’</span> <span class='ocrx_word' id='word_1_48' title='bbox 715 888 883 954; x_wconf 72' lang='grc' dir='ltr'>ἀξίαν.</span> <span class='ocrx_word' id='word_1_49' title='bbox 949 883 1258 965; x_wconf 76' lang='grc' dir='ltr'>Δημόφιλος</span> <span class='ocrx_word' id='word_1_50' title='bbox 1298 885 1352 942; x_wconf 77' lang='grc' dir='ltr'>δὲ</span> <span class='ocrx_word' id='word_1_51' title='bbox 1405 884 1549 964; x_wconf 86' lang='grc' dir='ltr'>λόγῳ</span> <span class='ocrx_word' id='word_1_52' title='bbox 1606 886 1693 943; x_wconf 77' lang='grc' dir='ltr'>καὶ</span> <span class='ocrx_word' id='word_1_53' title='bbox 1733 889 1902 961; x_wconf 82' lang='grc' dir='ltr'>θυμῷ,</span> 
     </span>
    </p>
   </div>
   <div class='ocr_carea' id='block_1_10' title="bbox 258 974 1907 1056">
    <p class='ocr_par' dir='ltr' id='par_1_10' title="bbox 258 974 1907 1056">
     <span class='ocr_line' id='line_1_10' title="bbox 258 974 1907 1056; baseline -0.004 -17"><span class='ocrx_word' id='word_1_54' title='bbox 258 983 351 1039; x_wconf 80' lang='grc' dir='ltr'><strong>καὶ</strong></span> <span class='ocrx_word' id='word_1_55' title='bbox 405 980 651 1056; x_wconf 74' lang='grc' dir='ltr'>ἐπιθυμίᾳ</span> <span class='ocrx_word' id='word_1_56' title='bbox 705 979 771 1034; x_wconf 83' lang='grc' dir='ltr'>τὰ</span> <span class='ocrx_word' id='word_1_57' title='bbox 817 975 937 1034; x_wconf 83' lang='grc' dir='ltr'>κατ’</span> <span class='ocrx_word' id='word_1_58' title='bbox 959 975 1104 1042; x_wconf 75' lang='grc' dir='ltr'>ἀξίαν</span> <span class='ocrx_word' id='word_1_59' title='bbox 1161 975 1473 1056; x_wconf 72' lang='grc' dir='ltr'>ἀφοριζέτω,</span> <span class='ocrx_word' id='word_1_60' title='bbox 1534 976 1620 1032; x_wconf 85' lang='grc' dir='ltr'><strong>καὶ</strong></span> <span class='ocrx_word' id='word_1_61' title='bbox 1665 974 1742 1051; x_wconf 79' lang='grc' dir='ltr'><strong>μὴ</strong></span> <span class='ocrx_word' id='word_1_62' title='bbox 1788 975 1907 1032; x_wconf 85' lang='grc' dir='ltr'>ἀδι-</span> 
     </span>
    </p>
   </div>
   <div class='ocr_carea' id='block_1_11' title="bbox 259 1063 1904 1146">
    <p class='ocr_par' dir='ltr' id='par_1_11' title="bbox 259 1063 1904 1146">
     <span class='ocr_line' id='line_1_11' title="bbox 259 1063 1904 1146; baseline -0.005 -17"><span class='ocrx_word' id='word_1_63' title='bbox 259 1072 423 1129; x_wconf 76' lang='grc' dir='ltr'>κείτω</span> <span class='ocrx_word' id='word_1_64' title='bbox 453 1070 550 1138; x_wconf 77' lang='grc' dir='ltr'>τὴν</span> <span class='ocrx_word' id='word_1_65' title='bbox 593 1069 781 1128; x_wconf 78' lang='grc' dir='ltr'>ἑαυτοῦ</span> <span class='ocrx_word' id='word_1_66' title='bbox 835 1066 1004 1141; x_wconf 83' lang='grc' dir='ltr'>τάξιν,</span> <span class='ocrx_word' id='word_1_67' title='bbox 1064 1063 1179 1122; x_wconf 81' lang='grc' dir='ltr'>ἀλλ’</span> <span class='ocrx_word' id='word_1_68' title='bbox 1245 1065 1529 1146; x_wconf 72' lang='grc' dir='ltr'>ἓιιιαρχέτω</span> <span class='ocrx_word' id='word_1_69' title='bbox 1572 1072 1678 1122; x_wconf 85' lang='grc' dir='ltr'>τῶν</span> <span class='ocrx_word' id='word_1_70' title='bbox 1751 1067 1904 1146; x_wconf 67' lang='grc' dir='ltr'>ὑφει-</span> 
     </span>
    </p>
   </div>
   <div class='ocr_carea' id='block_1_12' title="bbox 261 1152 1903 1236">
    <p class='ocr_par' dir='ltr' id='par_1_12' title="bbox 261 1152 1903 1236">
     <span class='ocr_line' id='line_1_12' title="bbox 261 1152 1903 1236; baseline -0.002 -20"><span class='ocrx_word' id='word_1_71' title='bbox 261 1160 439 1236; x_wconf 83' lang='grc' dir='ltr'>μένων</span> <span class='ocrx_word' id='word_1_72' title='bbox 480 1161 509 1216; x_wconf 99' lang='lat'><strong>6</strong></span> <span class='ocrx_word' id='word_1_73' title='bbox 592 1158 961 1232; x_wconf 75' lang='grc' dir='ltr'>ὑπερκείμενος</span> <span class='ocrx_word' id='word_1_74' title='bbox 1041 1153 1221 1231; x_wconf 84' lang='grc' dir='ltr'>λόγος.</span> <span class='ocrx_word' id='word_1_75' title='bbox 1279 1156 1341 1212; x_wconf 78' lang='grc' dir='ltr'>Εἰ</span> <span class='ocrx_word' id='word_1_76' title='bbox 1393 1156 1491 1234; x_wconf 85' lang='grc' dir='ltr'><strong>γὰρ</strong></span> <span class='ocrx_word' id='word_1_77' title='bbox 1548 1152 1634 1211; x_wconf 77' lang='grc' dir='ltr'><strong>ἐπ’</strong></span> <span class='ocrx_word' id='word_1_78' title='bbox 1708 1155 1903 1233; x_wconf 82' lang='grc' dir='ltr'>ἀγορᾶς</span> 
     </span>
    </p>
   </div>
   <div class='ocr_carea' id='block_1_13' title="bbox 261 1242 1904 1323">
    <p class='ocr_par' dir='ltr' id='par_1_13' title="bbox 261 1242 1904 1323">
     <span class='ocr_line' id='line_1_13' title="bbox 261 1242 1904 1323; baseline -0.005 -15"><span class='ocrx_word' id='word_1_79' title='bbox 261 1248 460 1313; x_wconf 72' lang='grc' dir='ltr'>ἰδόντες</span> <span class='ocrx_word' id='word_1_80' title='bbox 488 1247 555 1298; x_wconf 77' lang='lat'><strong>95</strong></span> <span class='ocrx_word' id='word_1_81' title='bbox 610 1246 820 1314; x_wconf 78' lang='grc' dir='ltr'><strong>οἰκέτην</strong></span> <span class='ocrx_word' id='word_1_82' title='bbox 848 1244 1102 1320; x_wconf 77' lang='grc' dir='ltr'><strong>δεσπότῃ,</strong></span> <span class='ocrx_word' id='word_1_83' title='bbox 1137 1245 1227 1301; x_wconf 85' lang='grc' dir='ltr'><strong>καί</strong></span> <span class='ocrx_word' id='word_1_84' title='bbox 1267 1242 1601 1323; x_wconf 81' lang='grc' dir='ltr'>πρεσϐύτερῳ</span> <span class='ocrx_word' id='word_1_85' title='bbox 1629 1244 1904 1323; x_wconf 86' lang='grc' dir='ltr'>νεώτερον,</span> 
     </span>
    </p>
   </div>
   <div class='ocr_carea' id='block_1_14' title="bbox 262 1330 1906 1415">
    <p class='ocr_par' dir='ltr' id='par_1_14' title="bbox 262 1330 1906 1415">
     <span class='ocr_line' id='line_1_14' title="bbox 262 1330 1906 1415; baseline -0.003 -20"><span class='ocrx_word' id='word_1_86' title='bbox 262 1338 300 1408; x_wconf 73' lang='grc' dir='ltr'>ἢ</span> <span class='ocrx_word' id='word_1_87' title='bbox 327 1340 413 1396; x_wconf 83' lang='grc' dir='ltr'><strong>καὶ</strong></span> <span class='ocrx_word' id='word_1_88' title='bbox 441 1337 560 1394; x_wconf 78' lang='grc' dir='ltr'>υἵὸν</span> <span class='ocrx_word' id='word_1_89' title='bbox 599 1334 765 1415; x_wconf 74' lang='grc' dir='ltr'>πατρὶ</span> <span class='ocrx_word' id='word_1_90' title='bbox 824 1331 1332 1411; x_wconf 80' lang='grc' dir='ltr'>διαλοιδοροόμενον,</span> <span class='ocrx_word' id='word_1_91' title='bbox 1394 1330 1505 1409; x_wconf 74' lang='grc' dir='ltr'>ἅμα</span> <span class='ocrx_word' id='word_1_92' title='bbox 1537 1333 1632 1391; x_wconf 75' lang='grc' dir='ltr'>καὶ</span> <span class='ocrx_word' id='word_1_93' title='bbox 1664 1333 1906 1413; x_wconf 78' lang='grc' dir='ltr'>ἐπιόντα,</span> 
     </span>
    </p>
   </div>
   <div class='ocr_carea' id='block_1_15' title="bbox 261 1420 1908 1506">
    <p class='ocr_par' dir='ltr' id='par_1_15' title="bbox 261 1420 1908 1506">
     <span class='ocr_line' id='line_1_15' title="bbox 261 1420 1908 1506; baseline -0.004 -20"><span class='ocrx_word' id='word_1_94' title='bbox 261 1430 353 1487; x_wconf 76' lang='grc' dir='ltr'><strong>καί</strong></span> <span class='ocrx_word' id='word_1_95' title='bbox 418 1427 623 1506; x_wconf 80' lang='grc' dir='ltr'>πληγὰς</span> <span class='ocrx_word' id='word_1_96' title='bbox 684 1425 982 1483; x_wconf 73' lang='grc' dir='ltr'><strong>ἐπιτιθέντα</strong></span> <span class='ocrx_word' id='word_1_97' title='bbox 1031 1420 1120 1503; x_wconf 73' lang='grc'>96,</span> <span class='ocrx_word' id='word_1_98' title='bbox 1152 1427 1237 1480; x_wconf 79' lang='grc' dir='ltr'><strong>καὶ</strong></span> <span class='ocrx_word' id='word_1_99' title='bbox 1280 1420 1495 1480; x_wconf 77' lang='grc' dir='ltr'>ἀσεϐεῖν</span> <span class='ocrx_word' id='word_1_100' title='bbox 1524 1421 1831 1500; x_wconf 75' lang='grc' dir='ltr'>ἐδοκοῦμεν,</span> <span class='ocrx_word' id='word_1_101' title='bbox 1865 1424 1908 1480; x_wconf 78' lang='grc' dir='ltr'><strong>εἰ</strong></span> 
     </span>
    </p>
   </div>
   <div class='ocr_carea' id='block_1_16' title="bbox 265 1511 1913 1596">
    <p class='ocr_par' dir='ltr' id='par_1_16' title="bbox 265 1511 1913 1596">
     <span class='ocr_line' id='line_1_16' title="bbox 265 1511 1913 1596; baseline -0.002 -21"><span class='ocrx_word' id='word_1_102' title='bbox 265 1518 365 1595; x_wconf 71' lang='grc' dir='ltr'>μὴ,</span> <span class='ocrx_word' id='word_1_103' title='bbox 417 1530 536 1582; x_wconf 86' lang='grc' dir='ltr'>τοῖς</span> <span class='ocrx_word' id='word_1_104' title='bbox 571 1537 860 1596; x_wconf 66' lang='grc' dir='ltr'>κρειττοσιν</span> <span class='ocrx_word' id='word_1_105' title='bbox 901 1511 1303 1593; x_wconf 76' lang='grc' dir='ltr'>ἐπιδραμόντες,</span> <span class='ocrx_word' id='word_1_106' title='bbox 1361 1511 1757 1589; x_wconf 74' lang='grc' dir='ltr'>ἒϐοηθήσαμεν,</span> <span class='ocrx_word' id='word_1_107' title='bbox 1794 1516 1913 1571; x_wconf 80' lang='grc' dir='ltr'>καὶ·</span> 
     </span>
    </p>
   </div>
   <div class='ocr_carea' id='block_1_17' title="bbox 264 1601 1912 1686">
    <p class='ocr_par' dir='ltr' id='par_1_17' title="bbox 264 1601 1912 1686">
     <span class='ocr_line' id='line_1_17' title="bbox 264 1601 1912 1686; baseline -0.003 -20"><span class='ocrx_word' id='word_1_108' title='bbox 264 1630 346 1666; x_wconf 90' lang='grc' dir='ltr'><strong>τοι</strong></span> <span class='ocrx_word' id='word_1_109' title='bbox 375 1628 437 1686; x_wconf 89' lang='grc' dir='ltr'><strong>γε</strong></span> <span class='ocrx_word' id='word_1_110' title='bbox 463 1607 600 1670; x_wconf 73' lang='grc' dir='ltr'>ἴσως</span> <span class='ocrx_word' id='word_1_111' title='bbox 631 1605 831 1664; x_wconf 78' lang='grc' dir='ltr'>ἐκεῖνοι</span> <span class='ocrx_word' id='word_1_112' title='bbox 880 1601 1236 1683; x_wconf 82' lang='grc' dir='ltr'>προηδίκηντο</span> <span class='ocrx_word' id='word_1_113' title='bbox 1273 1620 1288 1634; x_wconf 83' lang='grc'><strong><em>⁸</em></strong></span> <span class='ocrx_word' id='word_1_114' title='bbox 1344 1609 1456 1666; x_wconf 82' lang='grc' dir='ltr'>πῶς</span> <span class='ocrx_word' id='word_1_115' title='bbox 1489 1605 1584 1660; x_wconf 73' lang='grc' dir='ltr'><strong>οῦκ</strong></span> <span class='ocrx_word' id='word_1_116' title='bbox 1614 1605 1912 1685; x_wconf 81' lang='grc' dir='ltr'>αἰσχυνθη-</span> 
     </span>
    </p>
   </div>
   <div class='ocr_carea' id='block_1_18' title="bbox 265 1692 1912 1774">
    <p class='ocr_par' dir='ltr' id='par_1_18' title="bbox 265 1692 1912 1774">
     <span class='ocr_line' id='line_1_18' title="bbox 265 1692 1912 1774; baseline -0.003 -19"><span class='ocrx_word' id='word_1_117' title='bbox 265 1698 467 1774; x_wconf 85' lang='grc' dir='ltr'>σόμεθα</span> <span class='ocrx_word' id='word_1_118' title='bbox 533 1699 868 1774; x_wconf 80' lang='grc' dir='ltr'>παρορῶντες</span> <span class='ocrx_word' id='word_1_119' title='bbox 922 1695 1025 1750; x_wconf 60' lang='grc' dir='ltr'>ὕπο</span> <span class='ocrx_word' id='word_1_120' title='bbox 1095 1697 1258 1769; x_wconf 86' lang='grc' dir='ltr'>θυμοῦ</span> <span class='ocrx_word' id='word_1_121' title='bbox 1311 1695 1395 1750; x_wconf 70' lang='grc' dir='ltr'><strong>καὶ</strong></span> <span class='ocrx_word' id='word_1_122' title='bbox 1457 1692 1732 1769; x_wconf 71' lang='grc' dir='ltr'>ὶπιθυμίας</span> <span class='ocrx_word' id='word_1_123' title='bbox 1793 1693 1912 1750; x_wconf 87' lang='grc' dir='ltr'>ἀδι-</span> 
     </span>
    </p>
   </div>
   <div class='ocr_carea' id='block_1_19' title="bbox 265 1778 1914 1866">
    <p class='ocr_par' dir='ltr' id='par_1_19' title="bbox 265 1778 1914 1866">
     <span class='ocr_line' id='line_1_19' title="bbox 265 1778 1914 1866; baseline -0.002 -22"><span class='ocrx_word' id='word_1_124' title='bbox 265 1788 524 1860; x_wconf 80' lang='grc' dir='ltr'>κοὺμενον</span> <span class='ocrx_word' id='word_1_125' title='bbox 582 1784 765 1864; x_wconf 82' lang='grc' dir='ltr'>λόγον,</span> <span class='ocrx_word' id='word_1_126' title='bbox 820 1785 908 1842; x_wconf 84' lang='grc' dir='ltr'><strong>καὶ</strong></span> <span class='ocrx_word' id='word_1_127' title='bbox 963 1783 1058 1851; x_wconf 74' lang='grc' dir='ltr'><strong>τῆς</strong></span> <span class='ocrx_word' id='word_1_128' title='bbox 1116 1783 1176 1840; x_wconf 79' lang='grc' dir='ltr'>ἐκ</span> <span class='ocrx_word' id='word_1_129' title='bbox 1236 1791 1368 1843; x_wconf 83' lang='grc' dir='ltr'>Θεοῦ</span> <span class='ocrx_word' id='word_1_130' title='bbox 1424 1778 1660 1852; x_wconf 80' lang='grc' dir='ltr'>δοθείσης</span> <span class='ocrx_word' id='word_1_131' title='bbox 1738 1784 1914 1866; x_wconf 76' lang='grc' dir='ltr'>ἀρχῆς</span> 
     </span>
    </p>
   </div>
   <div class='ocr_carea' id='block_1_20' title="bbox 265 1876 959 1958">
    <p class='ocr_par' dir='ltr' id='par_1_20' title="bbox 265 1876 959 1958">
     <span class='ocr_line' id='line_1_20' title="bbox 265 1876 959 1958; baseline -0.009 -21"><span class='ocrx_word' id='word_1_132' title='bbox 265 1876 682 1958; x_wconf 77' lang='grc' dir='ltr'>ἐκϐαλλόμενον,</span> <span class='ocrx_word' id='word_1_133' title='bbox 760 1878 848 1934; x_wconf 85' lang='grc' dir='ltr'><strong>καὶ</strong></span> <span class='ocrx_word' id='word_1_134' title='bbox 902 1879 959 1933; x_wconf 74' lang='grc' dir='ltr'><strong>ἒν</strong></span> 
     </span>
    </p>
   </div>
   <div class='ocr_carea' id='block_1_21' title="bbox 265 1965 1914 2045">
    <p class='ocr_par' dir='ltr' id='par_1_21' title="bbox 265 1965 1914 2045">
     <span class='ocr_line' id='line_1_21' title="bbox 265 1965 1914 2045; baseline 0 -22"><span class='ocrx_word' id='word_1_135' title='bbox 265 1965 505 2040; x_wconf 82' lang='grc' dir='ltr'>ἀταξίαν,</span> <span class='ocrx_word' id='word_1_136' title='bbox 564 1966 659 2023; x_wconf 75' lang='grc' dir='ltr'><strong>καί</strong></span> <span class='ocrx_word' id='word_1_137' title='bbox 703 1966 910 2045; x_wconf 78' lang='grc' dir='ltr'>στάσιν,</span> <span class='ocrx_word' id='word_1_138' title='bbox 942 1968 1028 2023; x_wconf 82' lang='grc' dir='ltr'><strong>καὶ</strong></span> <span class='ocrx_word' id='word_1_139' title='bbox 1074 1966 1337 2041; x_wconf 76' lang='grc' dir='ltr'>ἀκοσμίαν</span> <span class='ocrx_word' id='word_1_140' title='bbox 1378 1967 1717 2044; x_wconf 79' lang='grc' dir='ltr'>ἐγείροντες;</span> <span class='ocrx_word' id='word_1_141' title='bbox 1757 1968 1914 2024; x_wconf 80' lang='grc' dir='ltr'>Εἰκό-</span> 
     </span>
    </p>
   </div>
   <div class='ocr_carea' id='block_1_22' title="bbox 263 2055 1916 2137">
    <p class='ocr_par' dir='ltr' id='par_1_22' title="bbox 263 2055 1916 2137">
     <span class='ocr_line' id='line_1_22' title="bbox 263 2055 1916 2137; baseline 0.001 -24"><span class='ocrx_word' id='word_1_142' title='bbox 263 2078 374 2121; x_wconf 87' lang='grc' dir='ltr'>τως</span> <span class='ocrx_word' id='word_1_143' title='bbox 403 2059 431 2113; x_wconf 82' lang='grc' dir='ltr'>ὁ</span> <span class='ocrx_word' id='word_1_144' title='bbox 489 2056 746 2137; x_wconf 79' lang='grc' dir='ltr'>μακάριος</span> <span class='ocrx_word' id='word_1_145' title='bbox 797 2055 953 2131; x_wconf 75' lang='grc' dir='ltr'>ἡμῶν</span> <span class='ocrx_word' id='word_1_146' title='bbox 1002 2055 1062 2112; x_wconf 75' lang='grc' dir='ltr'>ἐκ</span> <span class='ocrx_word' id='word_1_147' title='bbox 1108 2063 1237 2112; x_wconf 80' lang='grc' dir='ltr'>Θεοῦ</span> <span class='ocrx_word' id='word_1_148' title='bbox 1296 2058 1589 2130; x_wconf 67' lang='grc' dir='ltr'>νομοθέτης</span> <span class='ocrx_word' id='word_1_149' title='bbox 1629 2058 1723 2114; x_wconf 74' lang='grc' dir='ltr'><strong>οῦκ</strong></span> <span class='ocrx_word' id='word_1_150' title='bbox 1775 2056 1916 2122; x_wconf 79' lang='grc' dir='ltr'>ἀξιοῖ</span> 
     </span>
    </p>
   </div>
   <div class='ocr_carea' id='block_1_23' title="bbox 262 2144 1915 2220">
    <p class='ocr_par' dir='ltr' id='par_1_23' title="bbox 262 2144 1915 2220">
     <span class='ocr_line' id='line_1_23' title="bbox 262 2144 1915 2220; baseline 0 -17"><span class='ocrx_word' id='word_1_151' title='bbox 262 2150 364 2213; x_wconf 80' lang='grc' dir='ltr'><strong>τῆς</strong></span> <span class='ocrx_word' id='word_1_152' title='bbox 439 2144 760 2213; x_wconf 78' lang='grc' dir='ltr'>Ἐκκληαίας</span> <span class='ocrx_word' id='word_1_153' title='bbox 820 2152 911 2201; x_wconf 87' lang='grc' dir='ltr'><strong>τοῦ</strong></span> <span class='ocrx_word' id='word_1_154' title='bbox 944 2152 1075 2202; x_wconf 83' lang='grc' dir='ltr'>Θεοῦ</span> <span class='ocrx_word' id='word_1_155' title='bbox 1132 2148 1481 2217; x_wconf 72' lang='grc' dir='ltr'>προΐστασθαι</span> <span class='ocrx_word' id='word_1_156' title='bbox 1542 2149 1630 2202; x_wconf 67' lang='grc' dir='ltr'><strong>τὸν</strong></span> <span class='ocrx_word' id='word_1_157' title='bbox 1691 2148 1767 2220; x_wconf 75' lang='grc' dir='ltr'>μὴ</span> <span class='ocrx_word' id='word_1_158' title='bbox 1823 2154 1915 2203; x_wconf 85' lang='grc' dir='ltr'><strong>τοῦ</strong></span> 
     </span>
    </p>
   </div>
   <div class='ocr_carea' id='block_1_24' title="bbox 262 2234 1912 2314">
    <p class='ocr_par' dir='ltr' id='par_1_24' title="bbox 262 2234 1912 2314">
     <span class='ocr_line' id='line_1_24' title="bbox 262 2234 1912 2314; baseline -0.009 -9"><span class='ocrx_word' id='word_1_159' title='bbox 262 2234 394 2293; x_wconf 74' lang='grc' dir='ltr'>Ῑδίου</span> <span class='ocrx_word' id='word_1_160' title='bbox 426 2236 577 2293; x_wconf 54' lang='grc' dir='ltr'>οἴκου</span> <span class='ocrx_word' id='word_1_161' title='bbox 618 2235 796 2298; x_wconf 72' lang='grc' dir='ltr'>καλῶς</span> <span class='ocrx_word' id='word_1_162' title='bbox 829 2234 931 2302; x_wconf 72' lang='grc' dir='ltr'>ἤδη</span> <span class='ocrx_word' id='word_1_163' title='bbox 968 2236 1357 2314; x_wconf 72' lang='grc' dir='ltr'>προεστηκότα*</span> <span class='ocrx_word' id='word_1_164' title='bbox 1409 2238 1496 2292; x_wconf 82' lang='grc' dir='ltr'><strong>καὶ</strong></span> <span class='ocrx_word' id='word_1_165' title='bbox 1525 2237 1625 2314; x_wconf 73' lang='grc' dir='ltr'>γὰρ</span> <span class='ocrx_word' id='word_1_166' title='bbox 1682 2237 1713 2293; x_wconf 79' lang='lat'>6&#39;</span> <span class='ocrx_word' id='word_1_167' title='bbox 1760 2237 1912 2302; x_wconf 72' lang='grc' dir='ltr'>τάξας</span> 
     </span>
    </p>
   </div>
   <div class='ocr_carea' id='block_1_25' title="bbox 266 2323 1914 2405">
    <p class='ocr_par' dir='ltr' id='par_1_25' title="bbox 266 2323 1914 2405">
     <span class='ocr_line' id='line_1_25' title="bbox 266 2323 1914 2405; baseline 0.001 -23"><span class='ocrx_word' id='word_1_168' title='bbox 266 2327 454 2386; x_wconf 67' lang='grc' dir='ltr'>ἑαυτὶν</span> <span class='ocrx_word' id='word_1_169' title='bbox 486 2331 571 2383; x_wconf 82' lang='grc' dir='ltr'><strong>καὶ</strong></span> <span class='ocrx_word' id='word_1_170' title='bbox 635 2324 809 2402; x_wconf 79' lang='grc' dir='ltr'>ἕτερον</span> <span class='ocrx_word' id='word_1_171' title='bbox 870 2323 1031 2390; x_wconf 71' lang='grc' dir='ltr'>τάξει·</span> <span class='ocrx_word' id='word_1_172' title='bbox 1085 2324 1228 2382; x_wconf 79' lang='grc' dir='ltr'>καὶό</span> <span class='ocrx_word' id='word_1_173' title='bbox 1266 2325 1443 2405; x_wconf 71' lang='grc' dir='ltr'>ἕτερον</span> <span class='ocrx_word' id='word_1_174' title='bbox 1474 2329 1561 2381; x_wconf 78' lang='grc' dir='ltr'>καὶ</span> <span class='ocrx_word' id='word_1_175' title='bbox 1590 2326 1744 2383; x_wconf 78' lang='grc' dir='ltr'>οἶκον</span> <span class='ocrx_word' id='word_1_176' title='bbox 1786 2349 1794 2357; x_wconf 93' lang='grc'>·</span> <span class='ocrx_word' id='word_1_177' title='bbox 1829 2331 1914 2383; x_wconf 84' lang='grc' dir='ltr'><strong>καὶ</strong></span> 
     </span>
    </p>
   </div>
   <div class='ocr_carea' id='block_1_26' title="bbox 265 2413 1913 2480">
    <p class='ocr_par' dir='ltr' id='par_1_26' title="bbox 265 2413 1913 2480">
     <span class='ocr_line' id='line_1_26' title="bbox 265 2413 1913 2480; baseline 0.001 -7"><span class='ocrx_word' id='word_1_178' title='bbox 265 2414 296 2472; x_wconf 78' lang='grc' dir='ltr'><strong>ό</strong></span> <span class='ocrx_word' id='word_1_179' title='bbox 341 2428 491 2473; x_wconf 82' lang='grc' dir='ltr'>οῖκον</span> <span class='ocrx_word' id='word_1_180' title='bbox 524 2416 608 2471; x_wconf 84' lang='grc' dir='ltr'><strong>καὶ</strong></span> <span class='ocrx_word' id='word_1_181' title='bbox 639 2414 792 2472; x_wconf 89' lang='grc' dir='ltr'>πόλιν</span> <span class='ocrx_word' id='word_1_182' title='bbox 829 2436 842 2451; x_wconf 75' lang='grc' dir='ltr'><strong>ο</strong></span> <span class='ocrx_word' id='word_1_183' title='bbox 878 2417 963 2471; x_wconf 83' lang='grc' dir='ltr'><strong>καὶ</strong></span> <span class='ocrx_word' id='word_1_184' title='bbox 996 2417 1022 2471; x_wconf 89' lang='lat'><strong>6</strong></span> <span class='ocrx_word' id='word_1_185' title='bbox 1055 2413 1208 2471; x_wconf 89' lang='grc' dir='ltr'>πόλιν</span> <span class='ocrx_word' id='word_1_186' title='bbox 1239 2417 1326 2471; x_wconf 80' lang='grc' dir='ltr'><strong>καί</strong></span> <span class='ocrx_word' id='word_1_187' title='bbox 1359 2415 1502 2479; x_wconf 82' lang='grc' dir='ltr'>ἔθνος</span> <span class='ocrx_word' id='word_1_188' title='bbox 1539 2437 1550 2451; x_wconf 79' lang='lat'>&#39;</span> <span class='ocrx_word' id='word_1_189' title='bbox 1597 2418 1685 2472; x_wconf 82' lang='grc' dir='ltr'><strong>καὶ</strong></span> <span class='ocrx_word' id='word_1_190' title='bbox 1729 2416 1913 2480; x_wconf 84' lang='grc' dir='ltr'>ἁπλῶς</span> 
     </span>
    </p>
   </div>
   <div class='ocr_carea' id='block_1_27' title="bbox 265 2503 1917 2584">
    <p class='ocr_par' dir='ltr' id='par_1_27' title="bbox 265 2503 1917 2584">
     <span class='ocr_line' id='line_1_27' title="bbox 265 2503 1917 2584; baseline -0.002 -21"><span class='ocrx_word' id='word_1_191' title='bbox 265 2506 474 2579; x_wconf 76' lang='grc' dir='ltr'>εἲπεῖν,</span> <span class='ocrx_word' id='word_1_192' title='bbox 508 2507 579 2568; x_wconf 83' lang='grc' dir='ltr'>ὡς</span> <span class='ocrx_word' id='word_1_193' title='bbox 609 2505 675 2561; x_wconf 74' lang='grc' dir='ltr'>τὰ</span> <span class='ocrx_word' id='word_1_194' title='bbox 717 2503 874 2583; x_wconf 86' lang='grc' dir='ltr'>λογιά</span> <span class='ocrx_word' id='word_1_195' title='bbox 903 2527 1092 2584; x_wconf 78' lang='grc' dir='ltr'>φησιν,</span> <span class='ocrx_word' id='word_1_196' title='bbox 1126 2508 1150 2560; x_wconf 68' lang='lat'><strong>6</strong></span> <span class='ocrx_word' id='word_1_197' title='bbox 1186 2505 1241 2561; x_wconf 80' lang='grc' dir='ltr'><strong>ὲν</strong></span> <span class='ocrx_word' id='word_1_198' title='bbox 1287 2504 1451 2583; x_wconf 79' lang='grc' dir='ltr'>ὀλίγῳ</span> <span class='ocrx_word' id='word_1_199' title='bbox 1484 2508 1690 2577; x_wconf 77' lang='grc' dir='ltr'>πιστὸς,</span> <span class='ocrx_word' id='word_1_200' title='bbox 1726 2508 1814 2564; x_wconf 78' lang='grc' dir='ltr'><strong>καὶ</strong></span> <span class='ocrx_word' id='word_1_201' title='bbox 1861 2510 1917 2562; x_wconf 79' lang='lat' dir='ltr'><strong>’sv</strong></span> 
     </span>
    </p>
   </div>
   <div class='ocr_carea' id='block_1_28' title="bbox 264 2593 1916 2676">
    <p class='ocr_par' dir='ltr' id='par_1_28' title="bbox 264 2593 1916 2676">
     <span class='ocr_line' id='line_1_28' title="bbox 264 2593 1916 2676; baseline -0.002 -22"><span class='ocrx_word' id='word_1_202' title='bbox 264 2594 453 2670; x_wconf 84' lang='grc' dir='ltr'>πολλῳ</span> <span class='ocrx_word' id='word_1_203' title='bbox 512 2596 706 2658; x_wconf 86' lang='grc' dir='ltr'>πιστός</span> <span class='ocrx_word' id='word_1_204' title='bbox 754 2594 865 2650; x_wconf 79' lang='grc' dir='ltr'>ἐστι</span> <span class='ocrx_word' id='word_1_205' title='bbox 909 2610 924 2626; x_wconf 81' lang='grc'>⁸</span> <span class='ocrx_word' id='word_1_206' title='bbox 974 2602 1061 2651; x_wconf 74' lang='grc' dir='ltr'><strong>καί</strong></span> <span class='ocrx_word' id='word_1_207' title='bbox 1093 2596 1120 2650; x_wconf 81' lang='lat'><strong>6</strong></span> <span class='ocrx_word' id='word_1_208' title='bbox 1173 2594 1226 2650; x_wconf 82' lang='grc' dir='ltr'><strong>ἐν</strong></span> <span class='ocrx_word' id='word_1_209' title='bbox 1261 2593 1424 2672; x_wconf 79' lang='grc' dir='ltr'>ὀλίγῳ</span> <span class='ocrx_word' id='word_1_210' title='bbox 1457 2595 1698 2676; x_wconf 72' lang='grc' dir='ltr'>ἀπιστοτ,</span> <span class='ocrx_word' id='word_1_211' title='bbox 1744 2601 1829 2653; x_wconf 82' lang='grc' dir='ltr'>καὶ</span> <span class='ocrx_word' id='word_1_212' title='bbox 1860 2597 1916 2652; x_wconf 83' lang='grc' dir='ltr'><strong>ἐν</strong></span> 
     </span>
    </p>
   </div>
   <div class='ocr_carea' id='block_1_29' title="bbox 264 2683 925 2761">
    <p class='ocr_par' dir='ltr' id='par_1_29' title="bbox 264 2683 925 2761">
     <span class='ocr_line' id='line_1_29' title="bbox 264 2683 925 2761; baseline -0.008 -19"><span class='ocrx_word' id='word_1_213' title='bbox 264 2684 459 2761; x_wconf 86' lang='grc' dir='ltr'>πολλῳ</span> <span class='ocrx_word' id='word_1_214' title='bbox 489 2683 713 2747; x_wconf 78' lang='grc' dir='ltr'>ἄπιστος</span> <span class='ocrx_word' id='word_1_215' title='bbox 757 2684 925 2743; x_wconf 82' lang='grc' dir='ltr'>ἐστιν.</span> 
     </span>
    </p>
   </div>
   <div class='ocr_carea' id='block_1_30' title="bbox 1988 613 3630 697">
    <p class='ocr_par' dir='ltr' id='par_1_30' title="bbox 1988 613 3630 697">
     <span class='ocr_line' id='line_1_30' title="bbox 1988 613 3630 697; baseline 0.001 -21"><span class='ocrx_word' id='word_1_216' title='bbox 1988 614 2389 697; x_wconf 82' lang='lat' dir='ltr'><strong>providentia,</strong></span> <span class='ocrx_word' id='word_1_217' title='bbox 2421 613 2636 695; x_wconf 86' lang='lat' dir='ltr'><strong>cuique</strong></span> <span class='ocrx_word' id='word_1_218' title='bbox 2675 615 2833 693; x_wconf 91' lang='lat' dir='ltr'><strong>justa</strong></span> <span class='ocrx_word' id='word_1_219' title='bbox 2864 633 2969 696; x_wconf 91' lang='lat' dir='ltr'><strong>pro</strong></span> <span class='ocrx_word' id='word_1_220' title='bbox 3004 616 3232 677; x_wconf 88' lang='lat' dir='ltr'><strong>meritis</strong></span> <span class='ocrx_word' id='word_1_221' title='bbox 3265 614 3630 689; x_wconf 88' lang='lat' dir='ltr'><strong>tribuuntur,</strong></span> 
     </span>
    </p>
   </div>
   <div class='ocr_carea' id='block_1_31' title="bbox 1988 703 3636 788">
    <p class='ocr_par' dir='ltr' id='par_1_31' title="bbox 1988 703 3636 788">
     <span class='ocr_line' id='line_1_31' title="bbox 1988 703 3636 788; baseline 0.002 -23"><span class='ocrx_word' id='word_1_222' title='bbox 1988 715 2054 766; x_wconf 86' lang='lat' dir='ltr'><strong>ut</strong></span> <span class='ocrx_word' id='word_1_223' title='bbox 2083 704 2366 767; x_wconf 91' lang='lat' dir='ltr'><strong>nimirum</strong></span> <span class='ocrx_word' id='word_1_224' title='bbox 2398 704 2438 765; x_wconf 90' lang='lat' dir='ltr'><strong>ii</strong></span> <span class='ocrx_word' id='word_1_225' title='bbox 2490 703 2656 785; x_wconf 85' lang='lat' dir='ltr'><strong>quia</strong></span> <span class='ocrx_word' id='word_1_226' title='bbox 2687 705 2810 767; x_wconf 92' lang='lat' dir='ltr'><strong>Deo</strong></span> <span class='ocrx_word' id='word_1_227' title='bbox 2858 705 3121 767; x_wconf 80' lang='lat' dir='ltr'><strong>ordinati</strong></span> <span class='ocrx_word' id='word_1_228' title='bbox 3162 715 3300 768; x_wconf 89' lang='lat' dir='ltr'><strong>sunt</strong></span> <span class='ocrx_word' id='word_1_229' title='bbox 3352 706 3636 788; x_wconf 75' lang='lat' dir='ltr'><strong>pmsides</strong></span> 
     </span>
    </p>
   </div>
   <div class='ocr_carea' id='block_1_32' title="bbox 1988 793 3636 878">
    <p class='ocr_par' dir='ltr' id='par_1_32' title="bbox 1988 793 3636 878">
     <span class='ocr_line' id='line_1_32' title="bbox 1988 793 3636 878; baseline 0.001 -22"><span class='ocrx_word' id='word_1_230' title='bbox 1988 795 2262 871; x_wconf 89' lang='lat' dir='ltr'><strong>aliorum,</strong></span> <span class='ocrx_word' id='word_1_231' title='bbox 2297 793 2682 857; x_wconf 82' lang='lat' dir='ltr'><strong>inferioribus</strong></span> <span class='ocrx_word' id='word_1_232' title='bbox 2705 809 2943 875; x_wconf 92' lang='lat' dir='ltr'><strong>quoque</strong></span> <span class='ocrx_word' id='word_1_233' title='bbox 2974 794 3346 877; x_wconf 83' lang='lat' dir='ltr'><strong>subditisque</strong></span> <span class='ocrx_word' id='word_1_234' title='bbox 3375 796 3499 858; x_wconf 90' lang='lat' dir='ltr'><strong>suis</strong></span> <span class='ocrx_word' id='word_1_235' title='bbox 3530 814 3636 878; x_wconf 90' lang='lat' dir='ltr'><strong>pro</strong></span> 
     </span>
    </p>
   </div>
   <div class='ocr_carea' id='block_1_33' title="bbox 1993 883 3637 966">
    <p class='ocr_par' dir='ltr' id='par_1_33' title="bbox 1993 883 3637 966">
     <span class='ocr_line' id='line_1_33' title="bbox 1993 883 3637 966; baseline 0.002 -21"><span class='ocrx_word' id='word_1_236' title='bbox 1993 884 2222 947; x_wconf 89' lang='lat' dir='ltr'><strong>meritis</strong></span> <span class='ocrx_word' id='word_1_237' title='bbox 2252 883 3031 965; x_wconf 86' lang='lat' dir='ltr'><strong>distribuant.l)em0pbilus</strong></span> <span class='ocrx_word' id='word_1_238' title='bbox 3049 884 3253 966; x_wconf 85' lang='lat' dir='ltr'><strong>itaque</strong></span> <span class='ocrx_word' id='word_1_239' title='bbox 3276 886 3540 949; x_wconf 83' lang='lat' dir='ltr'><strong>sermoni</strong></span> <span class='ocrx_word' id='word_1_240' title='bbox 3567 904 3637 949; x_wconf 90' lang='lat' dir='ltr'><strong>ac</strong></span> 
     </span>
    </p>
   </div>
   <div class='ocr_carea' id='block_1_34' title="bbox 1990 973 3635 1055">
    <p class='ocr_par' dir='ltr' id='par_1_34' title="bbox 1990 973 3635 1055">
     <span class='ocr_line' id='line_1_34' title="bbox 1990 973 3635 1055; baseline 0.002 -20"><span class='ocrx_word' id='word_1_241' title='bbox 1990 973 2176 1036; x_wconf 90' lang='lat' dir='ltr'><strong>furori</strong></span> <span class='ocrx_word' id='word_1_242' title='bbox 2190 974 2804 1055; x_wconf 68' lang='lat' dir='ltr'><strong>concupiscentiaique</strong></span> <span class='ocrx_word' id='word_1_243' title='bbox 2827 991 2976 1054; x_wconf 67' lang='lat' dir='ltr'><strong>suae,</strong></span> <span class='ocrx_word' id='word_1_244' title='bbox 3007 974 3163 1036; x_wconf 83' lang='lat' dir='ltr'><strong>sicut</strong></span> <span class='ocrx_word' id='word_1_245' title='bbox 3183 974 3635 1051; x_wconf 88' lang='lat' dir='ltr'><strong>decet,modum</strong></span> 
     </span>
    </p>
   </div>
   <div class='ocr_carea' id='block_1_35' title="bbox 1989 1061 3640 1144">
    <p class='ocr_par' dir='ltr' id='par_1_35' title="bbox 1989 1061 3640 1144">
     <span class='ocr_line' id='line_1_35' title="bbox 1989 1061 3640 1144; baseline 0.001 -19"><span class='ocrx_word' id='word_1_246' title='bbox 1989 1071 2228 1143; x_wconf 83' lang='lat' dir='ltr'><strong>statuat,</strong></span> <span class='ocrx_word' id='word_1_247' title='bbox 2263 1081 2458 1144; x_wconf 82' lang='lat' dir='ltr'><strong>neque</strong></span> <span class='ocrx_word' id='word_1_248' title='bbox 2489 1063 2761 1124; x_wconf 87' lang='lat' dir='ltr'><strong>ordinem</strong></span> <span class='ocrx_word' id='word_1_249' title='bbox 2806 1061 3007 1134; x_wconf 84' lang='lat' dir='ltr'><strong>violet,</strong></span> <span class='ocrx_word' id='word_1_250' title='bbox 3041 1063 3147 1125; x_wconf 83' lang='lat' dir='ltr'><strong>sed</strong></span> <span class='ocrx_word' id='word_1_251' title='bbox 3180 1063 3331 1126; x_wconf 87' lang='lat' dir='ltr'><strong>ratio</strong></span> <span class='ocrx_word' id='word_1_252' title='bbox 3363 1064 3640 1143; x_wconf 75' lang='lat' dir='ltr'><strong>superior</strong></span> 
     </span>
    </p>
   </div>
   <div class='ocr_carea' id='block_1_36' title="bbox 1989 1150 3642 1233">
    <p class='ocr_par' dir='ltr' id='par_1_36' title="bbox 1989 1150 3642 1233">
     <span class='ocr_line' id='line_1_36' title="bbox 1989 1150 3642 1233; baseline -0.001 -16"><span class='ocrx_word' id='word_1_253' title='bbox 1989 1152 2373 1217; x_wconf 85' lang='lat' dir='ltr'><strong>inferioribus</strong></span> <span class='ocrx_word' id='word_1_254' title='bbox 2401 1151 2767 1215; x_wconf 89' lang='lat' dir='ltr'><strong>dominetur.</strong></span> <span class='ocrx_word' id='word_1_255' title='bbox 2799 1150 2945 1214; x_wconf 88' lang='lat' dir='ltr'><strong>Nam</strong></span> <span class='ocrx_word' id='word_1_256' title='bbox 2977 1155 3051 1233; x_wconf 82' lang='lat' dir='ltr'><strong>si,</strong></span> <span class='ocrx_word' id='word_1_257' title='bbox 3080 1172 3214 1215; x_wconf 90' lang='lat' dir='ltr'><strong>cum</strong></span> <span class='ocrx_word' id='word_1_258' title='bbox 3239 1154 3297 1215; x_wconf 91' lang='lat' dir='ltr'><strong>in</strong></span> <span class='ocrx_word' id='word_1_259' title='bbox 3328 1152 3457 1216; x_wconf 90' lang='lat' dir='ltr'><strong>foro</strong></span> <span class='ocrx_word' id='word_1_260' title='bbox 3480 1152 3642 1216; x_wconf 82' lang='lat' dir='ltr'><strong>vide-</strong></span> 
     </span>
    </p>
   </div>
   <div class='ocr_carea' id='block_1_37' title="bbox 1994 1241 3643 1325">
    <p class='ocr_par' dir='ltr' id='par_1_37' title="bbox 1994 1241 3643 1325">
     <span class='ocr_line' id='line_1_37' title="bbox 1994 1241 3643 1325; baseline 0.002 -21"><span class='ocrx_word' id='word_1_261' title='bbox 1994 1261 2124 1305; x_wconf 89' lang='lat' dir='ltr'><strong>mus</strong></span> <span class='ocrx_word' id='word_1_262' title='bbox 2137 1243 2420 1306; x_wconf 87' lang='lat' dir='ltr'><strong>famulum</strong></span> <span class='ocrx_word' id='word_1_263' title='bbox 2439 1241 2709 1317; x_wconf 89' lang='lat' dir='ltr'><strong>domino,</strong></span> <span class='ocrx_word' id='word_1_264' title='bbox 2725 1243 2948 1305; x_wconf 83' lang='lat' dir='ltr'><strong>seniori</strong></span> <span class='ocrx_word' id='word_1_265' title='bbox 2965 1242 3643 1325; x_wconf 84' lang='lat' dir='ltr'><strong>adolescentulum,sive</strong></span> 
     </span>
    </p>
   </div>
   <div class='ocr_carea' id='block_1_38' title="bbox 1991 1331 3642 1416">
    <p class='ocr_par' dir='ltr' id='par_1_38' title="bbox 1991 1331 3642 1416">
     <span class='ocr_line' id='line_1_38' title="bbox 1991 1331 3642 1416; baseline 0.001 -21"><span class='ocrx_word' id='word_1_266' title='bbox 1991 1333 2169 1395; x_wconf 87' lang='lat' dir='ltr'><strong>etiam</strong></span> <span class='ocrx_word' id='word_1_267' title='bbox 2198 1333 2382 1395; x_wconf 90' lang='lat' dir='ltr'><strong>ﬁlium</strong></span> <span class='ocrx_word' id='word_1_268' title='bbox 2446 1331 2596 1414; x_wconf 86' lang='lat' dir='ltr'><strong>patri</strong></span> <span class='ocrx_word' id='word_1_269' title='bbox 2644 1331 3026 1410; x_wconf 83' lang='lat' dir='ltr'><strong>maledicere,</strong></span> <span class='ocrx_word' id='word_1_270' title='bbox 3069 1332 3367 1411; x_wconf 89' lang='lat' dir='ltr'><strong>simulque</strong></span> <span class='ocrx_word' id='word_1_271' title='bbox 3414 1334 3642 1416; x_wconf 88' lang='lat' dir='ltr'><strong>impetu</strong></span> 
     </span>
    </p>
   </div>
   <div class='ocr_carea' id='block_1_39' title="bbox 1993 1421 3642 1504">
    <p class='ocr_par' dir='ltr' id='par_1_39' title="bbox 1993 1421 3642 1504">
     <span class='ocr_line' id='line_1_39' title="bbox 1993 1421 3642 1504; baseline 0.001 -20"><span class='ocrx_word' id='word_1_272' title='bbox 1993 1423 2148 1485; x_wconf 83' lang='lat' dir='ltr'><strong>facto</strong></span> <span class='ocrx_word' id='word_1_273' title='bbox 2182 1424 2378 1504; x_wconf 80' lang='lat' dir='ltr'><strong>plagas</strong></span> <span class='ocrx_word' id='word_1_274' title='bbox 2404 1424 2656 1498; x_wconf 87' lang='lat' dir='ltr'><strong>inferre,</strong></span> <span class='ocrx_word' id='word_1_275' title='bbox 2680 1423 2958 1504; x_wconf 85' lang='lat' dir='ltr'><strong>pietatem</strong></span> <span class='ocrx_word' id='word_1_276' title='bbox 2975 1421 3197 1487; x_wconf 81' lang='lat' dir='ltr'><strong>violare</strong></span> <span class='ocrx_word' id='word_1_277' title='bbox 3228 1423 3642 1498; x_wconf 81' lang='lat' dir='ltr'><strong>videmur,nisi</strong></span> 
     </span>
    </p>
   </div>
   <div class='ocr_carea' id='block_1_40' title="bbox 1996 1511 3645 1595">
    <p class='ocr_par' dir='ltr' id='par_1_40' title="bbox 1996 1511 3645 1595">
     <span class='ocr_line' id='line_1_40' title="bbox 1996 1511 3645 1595; baseline 0.001 -19"><span class='ocrx_word' id='word_1_278' title='bbox 1996 1524 2401 1590; x_wconf 86' lang='lat' dir='ltr'><strong>accurrentes,</strong></span> <span class='ocrx_word' id='word_1_279' title='bbox 2413 1511 2921 1594; x_wconf 65' lang='lat' dir='ltr'><strong>prmstantioribus</strong></span> <span class='ocrx_word' id='word_1_280' title='bbox 2936 1532 3110 1595; x_wconf 89' lang='lat' dir='ltr'><strong>opem</strong></span> <span class='ocrx_word' id='word_1_281' title='bbox 3124 1513 3281 1576; x_wconf 84' lang='lat' dir='ltr'><strong>ferre</strong></span> <span class='ocrx_word' id='word_1_282' title='bbox 3296 1514 3645 1577; x_wconf 89' lang='lat' dir='ltr'><strong>studeamus</strong></span> 
     </span>
    </p>
   </div>
   <div class='ocr_carea' id='block_1_41' title="bbox 1998 1602 3639 1686">
    <p class='ocr_par' dir='ltr' id='par_1_41' title="bbox 1998 1602 3639 1686">
     <span class='ocr_line' id='line_1_41' title="bbox 1998 1602 3639 1686; baseline 0.001 -20"><span class='ocrx_word' id='word_1_283' title='bbox 1998 1605 2432 1686; x_wconf 85' lang='lat' dir='ltr'><strong>quantumlibet</strong></span> <span class='ocrx_word' id='word_1_284' title='bbox 2452 1602 2537 1665; x_wconf 88' lang='lat' dir='ltr'><strong>illi</strong></span> <span class='ocrx_word' id='word_1_285' title='bbox 2556 1603 2802 1666; x_wconf 80' lang='lat' dir='ltr'><strong>fortasse</strong></span> <span class='ocrx_word' id='word_1_286' title='bbox 2822 1602 2986 1684; x_wconf 90' lang='lat' dir='ltr'><strong>prius</strong></span> <span class='ocrx_word' id='word_1_287' title='bbox 3002 1603 3319 1666; x_wconf 84' lang='lat' dir='ltr'><strong>intulerint</strong></span> <span class='ocrx_word' id='word_1_288' title='bbox 3337 1604 3639 1684; x_wconf 89' lang='lat' dir='ltr'><strong>injuriam:</strong></span> 
     </span>
    </p>
   </div>
   <div class='ocr_carea' id='block_1_42' title="bbox 2000 1692 3645 1774">
    <p class='ocr_par' dir='ltr' id='par_1_42' title="bbox 2000 1692 3645 1774">
     <span class='ocr_line' id='line_1_42' title="bbox 2000 1692 3645 1774; baseline 0 -18"><span class='ocrx_word' id='word_1_289' title='bbox 2000 1712 2110 1756; x_wconf 93' lang='lat' dir='ltr'><strong>cur</strong></span> <span class='ocrx_word' id='word_1_290' title='bbox 2131 1712 2247 1756; x_wconf 89' lang='lat' dir='ltr'><strong>non</strong></span> <span class='ocrx_word' id='word_1_291' title='bbox 2280 1693 2821 1774; x_wconf 84' lang='lat' dir='ltr'><strong>erubescimus,qui</strong></span> <span class='ocrx_word' id='word_1_292' title='bbox 2852 1694 3145 1756; x_wconf 89' lang='lat' dir='ltr'><strong>rationem</strong></span> <span class='ocrx_word' id='word_1_293' title='bbox 3189 1692 3262 1756; x_wconf 91' lang='lat' dir='ltr'><strong>ab</strong></span> <span class='ocrx_word' id='word_1_294' title='bbox 3294 1693 3382 1756; x_wconf 89' lang='lat' dir='ltr'><strong>ira</strong></span> <span class='ocrx_word' id='word_1_295' title='bbox 3411 1701 3471 1755; x_wconf 91' lang='lat' dir='ltr'><strong>et</strong></span> <span class='ocrx_word' id='word_1_296' title='bbox 3493 1713 3645 1757; x_wconf 87' lang='lat' dir='ltr'><strong>con-</strong></span> 
     </span>
    </p>
   </div>
   <div class='ocr_carea' id='block_1_43' title="bbox 2000 1782 3645 1865">
    <p class='ocr_par' dir='ltr' id='par_1_43' title="bbox 2000 1782 3645 1865">
     <span class='ocr_line' id='line_1_43' title="bbox 2000 1782 3645 1865; baseline 0 -19"><span class='ocrx_word' id='word_1_297' title='bbox 2000 1785 2361 1865; x_wconf 87' lang='lat' dir='ltr'><strong>cupiscentia</strong></span> <span class='ocrx_word' id='word_1_298' title='bbox 2392 1784 2684 1859; x_wconf 79' lang='lat' dir='ltr'><strong>violari,et</strong></span> <span class='ocrx_word' id='word_1_299' title='bbox 2710 1802 2743 1844; x_wconf 90' lang='lat' dir='ltr'><strong>a</strong></span> <span class='ocrx_word' id='word_1_300' title='bbox 2774 1783 2991 1846; x_wconf 87' lang='lat' dir='ltr'><strong>tradito</strong></span> <span class='ocrx_word' id='word_1_301' title='bbox 3023 1782 3138 1846; x_wconf 84' lang='lat' dir='ltr'><strong>sibi</strong></span> <span class='ocrx_word' id='word_1_302' title='bbox 3169 1782 3454 1846; x_wconf 77' lang='lat' dir='ltr'><strong>divinitus</strong></span> <span class='ocrx_word' id='word_1_303' title='bbox 3486 1785 3645 1865; x_wconf 87' lang='lat' dir='ltr'><strong>prin-</strong></span> 
     </span>
    </p>
   </div>
   <div class='ocr_carea' id='block_1_44' title="bbox 1043 1873 1917 1956">
    <p class='ocr_par' dir='ltr' id='par_1_44' title="bbox 1043 1875 1915 1943">
     <span class='ocr_line' id='line_1_44' title="bbox 1043 1875 1915 1943; baseline -0.001 -11"><span class='ocrx_word' id='word_1_304' title='bbox 1043 1877 1257 1941; x_wconf 78' lang='grc' dir='ltr'>ἑαυτοῖς</span> <span class='ocrx_word' id='word_1_305' title='bbox 1345 1876 1513 1943; x_wconf 81' lang='grc' dir='ltr'>ἀσεκῆ</span> <span class='ocrx_word' id='word_1_306' title='bbox 1570 1878 1657 1933; x_wconf 85' lang='grc' dir='ltr'><strong>καὶ</strong></span> <span class='ocrx_word' id='word_1_307' title='bbox 1740 1875 1915 1934; x_wconf 82' lang='grc' dir='ltr'>ἄδικον</span> 
     </span>
    </p>
   </div>
   <div class='ocr_carea' id='block_1_45' title="bbox 2002 1873 3646 1956">
    <p class='ocr_par' dir='ltr' id='par_1_45' title="bbox 2002 1873 3646 1956">
     <span class='ocr_line' id='line_1_45' title="bbox 2002 1873 3646 1956; baseline 0 -20"><span class='ocrx_word' id='word_1_308' title='bbox 2002 1878 2194 1955; x_wconf 89' lang='lat' dir='ltr'><strong>cipatu</strong></span> <span class='ocrx_word' id='word_1_309' title='bbox 2216 1873 2394 1954; x_wconf 87' lang='lat' dir='ltr'><strong>dejici</strong></span> <span class='ocrx_word' id='word_1_310' title='bbox 2423 1873 2687 1938; x_wconf 83' lang='lat' dir='ltr'><strong>videmus</strong></span> <span class='ocrx_word' id='word_1_311' title='bbox 2699 1883 2873 1955; x_wconf 84' lang='lat' dir='ltr'><strong>atque</strong></span> <span class='ocrx_word' id='word_1_312' title='bbox 2888 1873 3466 1956; x_wconf 83' lang='lat' dir='ltr'><strong>negligemus,atque</strong></span> <span class='ocrx_word' id='word_1_313' title='bbox 3488 1873 3646 1937; x_wconf 89' lang='lat' dir='ltr'><strong>intra</strong></span> 
     </span>
    </p>
   </div>
   <div class='ocr_carea' id='block_1_46' title="bbox 2002 1964 3648 2046">
    <p class='ocr_par' dir='ltr' id='par_1_46' title="bbox 2002 1964 3648 2046">
     <span class='ocr_line' id='line_1_46' title="bbox 2002 1964 3648 2046; baseline 0.001 -21"><span class='ocrx_word' id='word_1_314' title='bbox 2002 1972 2424 2046; x_wconf 85' lang='lat' dir='ltr'><strong>nosmetipsos,</strong></span> <span class='ocrx_word' id='word_1_315' title='bbox 2457 1965 2596 2025; x_wconf 78' lang='lat'><strong>602</strong></span> <span class='ocrx_word' id='word_1_316' title='bbox 2628 1964 2868 2045; x_wconf 88' lang='lat' dir='ltr'><strong>impiam</strong></span> <span class='ocrx_word' id='word_1_317' title='bbox 2902 1964 3308 2045; x_wconf 84' lang='lat' dir='ltr'><strong>injustamque</strong></span> <span class='ocrx_word' id='word_1_318' title='bbox 3334 1964 3648 2027; x_wconf 84' lang='lat' dir='ltr'><strong>temerita-</strong></span> 
     </span>
    </p>
   </div>
   <div class='ocr_carea' id='block_1_47' title="bbox 2001 2053 3650 2135">
    <p class='ocr_par' dir='ltr' id='par_1_47' title="bbox 2001 2053 3650 2135">
     <span class='ocr_line' id='line_1_47' title="bbox 2001 2053 3650 2135; baseline 0.002 -20"><span class='ocrx_word' id='word_1_319' title='bbox 2001 2064 2118 2116; x_wconf 90' lang='lat' dir='ltr'><strong>tem</strong></span> <span class='ocrx_word' id='word_1_320' title='bbox 2171 2073 2239 2117; x_wconf 89' lang='lat' dir='ltr'><strong>ac</strong></span> <span class='ocrx_word' id='word_1_321' title='bbox 2269 2055 2626 2117; x_wconf 87' lang='lat' dir='ltr'><strong>seditionem</strong></span> <span class='ocrx_word' id='word_1_322' title='bbox 2681 2053 3221 2135; x_wconf 81' lang='lat' dir='ltr'><strong>conlusionemque</strong></span> <span class='ocrx_word' id='word_1_323' title='bbox 3265 2054 3588 2117; x_wconf 87' lang='lat' dir='ltr'><strong>excitamus</strong></span> <span class='ocrx_word' id='word_1_324' title='bbox 3620 2060 3650 2118; x_wconf 81' lang='lat'><strong>?</strong></span> 
     </span>
    </p>
   </div>
   <div class='ocr_carea' id='block_1_48' title="bbox 2000 2142 3647 2225">
    <p class='ocr_par' dir='ltr' id='par_1_48' title="bbox 2000 2142 3647 2225">
     <span class='ocr_line' id='line_1_48' title="bbox 2000 2142 3647 2225; baseline 0.002 -22"><span class='ocrx_word' id='word_1_325' title='bbox 2000 2145 2207 2206; x_wconf 84' lang='lat' dir='ltr'><strong>Merito</strong></span> <span class='ocrx_word' id='word_1_326' title='bbox 2239 2162 2381 2207; x_wconf 82' lang='lat' dir='ltr'><strong>sane</strong></span> <span class='ocrx_word' id='word_1_327' title='bbox 2413 2145 2651 2206; x_wconf 86' lang='lat' dir='ltr'><strong>divinus</strong></span> <span class='ocrx_word' id='word_1_328' title='bbox 2691 2155 2899 2206; x_wconf 88' lang='lat' dir='ltr'><strong>noster</strong></span> <span class='ocrx_word' id='word_1_329' title='bbox 2928 2143 3165 2225; x_wconf 77' lang='lat' dir='ltr'><strong>legifer,</strong></span> <span class='ocrx_word' id='word_1_330' title='bbox 3199 2142 3484 2206; x_wconf 68' lang='lat' dir='ltr'><strong>Ecclesiae</strong></span> <span class='ocrx_word' id='word_1_331' title='bbox 3538 2144 3647 2209; x_wconf 88' lang='lat' dir='ltr'><strong>Dei</strong></span> 
     </span>
    </p>
   </div>
   <div class='ocr_carea' id='block_1_49' title="bbox 2000 2232 3645 2313">
    <p class='ocr_par' dir='ltr' id='par_1_49' title="bbox 2000 2232 3645 2313">
     <span class='ocr_line' id='line_1_49' title="bbox 2000 2232 3645 2313; baseline 0.002 -20"><span class='ocrx_word' id='word_1_332' title='bbox 2000 2232 2228 2313; x_wconf 82' lang='lat' dir='ltr'><strong>praeﬁci</strong></span> <span class='ocrx_word' id='word_1_333' title='bbox 2261 2233 2531 2313; x_wconf 83' lang='lat' dir='ltr'><strong>prohibet</strong></span> <span class='ocrx_word' id='word_1_334' title='bbox 2560 2237 2734 2295; x_wconf 61' lang='lat' dir='ltr'><strong>eumi</strong></span> <span class='ocrx_word' id='word_1_335' title='bbox 2762 2233 2866 2313; x_wconf 88' lang='lat' dir='ltr'><strong>qui</strong></span> <span class='ocrx_word' id='word_1_336' title='bbox 2897 2242 3071 2295; x_wconf 82' lang='lat' dir='ltr'><strong>antea</strong></span> <span class='ocrx_word' id='word_1_337' title='bbox 3102 2233 3301 2294; x_wconf 84' lang='lat' dir='ltr'><strong>domui</strong></span> <span class='ocrx_word' id='word_1_338' title='bbox 3354 2252 3476 2295; x_wconf 63' lang='lat' dir='ltr'><strong>suae</strong></span> <span class='ocrx_word' id='word_1_339' title='bbox 3525 2253 3645 2297; x_wconf 91' lang='lat' dir='ltr'><strong>non</strong></span> 
     </span>
    </p>
   </div>
   <div class='ocr_carea' id='block_1_50' title="bbox 1999 2323 3645 2405">
    <p class='ocr_par' dir='ltr' id='par_1_50' title="bbox 1999 2323 3645 2405">
     <span class='ocr_line' id='line_1_50' title="bbox 1999 2323 3645 2405; baseline 0.001 -21"><span class='ocrx_word' id='word_1_340' title='bbox 1999 2323 2152 2386; x_wconf 82' lang='lat' dir='ltr'><strong>bene</strong></span> <span class='ocrx_word' id='word_1_341' title='bbox 2186 2324 2506 2404; x_wconf 64' lang='lat' dir='ltr'><strong>praefuit“:</strong></span> <span class='ocrx_word' id='word_1_342' title='bbox 2540 2325 2642 2405; x_wconf 88' lang='lat' dir='ltr'><strong>qui</strong></span> <span class='ocrx_word' id='word_1_343' title='bbox 2677 2324 2837 2384; x_wconf 90' lang='lat' dir='ltr'><strong>enim</strong></span> <span class='ocrx_word' id='word_1_344' title='bbox 2885 2325 3148 2403; x_wconf 89' lang='lat' dir='ltr'><strong>seipsum</strong></span> <span class='ocrx_word' id='word_1_345' title='bbox 3199 2341 3410 2402; x_wconf 84' lang='lat' dir='ltr'><strong>regere</strong></span> <span class='ocrx_word' id='word_1_346' title='bbox 3460 2326 3645 2399; x_wconf 78' lang='lat' dir='ltr'><strong>novit,</strong></span> 
     </span>
    </p>
   </div>
   <div class='ocr_carea' id='block_1_51' title="bbox 2001 2412 3651 2495">
    <p class='ocr_par' dir='ltr' id='par_1_51' title="bbox 2001 2412 3651 2495">
     <span class='ocr_line' id='line_1_51' title="bbox 2001 2412 3651 2495; baseline -0.001 -20"><span class='ocrx_word' id='word_1_347' title='bbox 2001 2422 2059 2476; x_wconf 89' lang='lat' dir='ltr'><strong>et</strong></span> <span class='ocrx_word' id='word_1_348' title='bbox 2083 2414 2524 2493; x_wconf 73' lang='lat' dir='ltr'><strong>alterurnreget</strong></span> <span class='ocrx_word' id='word_1_349' title='bbox 2557 2434 2572 2495; x_wconf 81' lang='lat'><strong>;</strong></span> <span class='ocrx_word' id='word_1_350' title='bbox 2602 2413 2703 2493; x_wconf 86' lang='lat' dir='ltr'><strong>qui</strong></span> <span class='ocrx_word' id='word_1_351' title='bbox 2735 2412 3016 2487; x_wconf 88' lang='lat' dir='ltr'><strong>alterum,</strong></span> <span class='ocrx_word' id='word_1_352' title='bbox 3056 2414 3235 2475; x_wconf 77' lang='lat' dir='ltr'><strong>etiam</strong></span> <span class='ocrx_word' id='word_1_353' title='bbox 3271 2413 3651 2494; x_wconf 90' lang='lat' dir='ltr'><strong>domum;qui</strong></span> 
     </span>
    </p>
   </div>
   <div class='ocr_carea' id='block_1_52' title="bbox 2001 2503 3648 2584">
    <p class='ocr_par' dir='ltr' id='par_1_52' title="bbox 2001 2503 3648 2584">
     <span class='ocr_line' id='line_1_52' title="bbox 2001 2503 3648 2584; baseline 0.001 -21"><span class='ocrx_word' id='word_1_354' title='bbox 2001 2503 2265 2573; x_wconf 89' lang='lat' dir='ltr'><strong>domum,</strong></span> <span class='ocrx_word' id='word_1_355' title='bbox 2299 2503 2478 2566; x_wconf 88' lang='lat' dir='ltr'><strong>etiam</strong></span> <span class='ocrx_word' id='word_1_356' title='bbox 2506 2505 2807 2565; x_wconf 88' lang='lat' dir='ltr'><strong>civitatem</strong></span> <span class='ocrx_word' id='word_1_357' title='bbox 2837 2524 2852 2578; x_wconf 90' lang='lat'><strong>;</strong></span> <span class='ocrx_word' id='word_1_358' title='bbox 2887 2512 2951 2563; x_wconf 87' lang='lat' dir='ltr'><strong>et</strong></span> <span class='ocrx_word' id='word_1_359' title='bbox 2983 2503 3083 2584; x_wconf 91' lang='lat' dir='ltr'><strong>qui</strong></span> <span class='ocrx_word' id='word_1_360' title='bbox 3116 2505 3436 2577; x_wconf 88' lang='lat' dir='ltr'><strong>civitatem,</strong></span> <span class='ocrx_word' id='word_1_361' title='bbox 3468 2503 3648 2564; x_wconf 90' lang='lat' dir='ltr'><strong>etiam</strong></span> 
     </span>
    </p>
   </div>
   <div class='ocr_carea' id='block_1_53' title="bbox 1998 2593 3649 2674">
    <p class='ocr_par' dir='ltr' id='par_1_53' title="bbox 1998 2593 3649 2674">
     <span class='ocr_line' id='line_1_53' title="bbox 1998 2593 3649 2674; baseline 0.001 -20"><span class='ocrx_word' id='word_1_362' title='bbox 1998 2601 2234 2670; x_wconf 84' lang='lat' dir='ltr'><strong>gentem</strong></span> <span class='ocrx_word' id='word_1_363' title='bbox 2265 2615 2280 2669; x_wconf 78' lang='lat'><strong>-,</strong></span> <span class='ocrx_word' id='word_1_364' title='bbox 2313 2601 2511 2674; x_wconf 88' lang='lat' dir='ltr'><strong>atque,</strong></span> <span class='ocrx_word' id='word_1_365' title='bbox 2539 2605 2603 2654; x_wconf 87' lang='lat' dir='ltr'><strong>ut</strong></span> <span class='ocrx_word' id='word_1_366' title='bbox 2628 2594 2969 2655; x_wconf 79' lang='lat' dir='ltr'><strong>summatim</strong></span> <span class='ocrx_word' id='word_1_367' title='bbox 3000 2593 3215 2665; x_wconf 86' lang='lat' dir='ltr'><strong>dicam,</strong></span> <span class='ocrx_word' id='word_1_368' title='bbox 3245 2593 3415 2673; x_wconf 80' lang='lat' dir='ltr'><strong>juxta</strong></span> <span class='ocrx_word' id='word_1_369' title='bbox 3443 2610 3649 2655; x_wconf 82' lang='lat' dir='ltr'><strong>vocem</strong></span> 
     </span>
    </p>
   </div>
   <div class='ocr_carea' id='block_1_54' title="bbox 1999 2683 3651 2766">
    <p class='ocr_par' dir='ltr' id='par_1_54' title="bbox 1999 2683 3651 2766">
     <span class='ocr_line' id='line_1_54' title="bbox 1999 2683 3651 2766; baseline -0.001 -20"><span class='ocrx_word' id='word_1_370' title='bbox 1999 2683 2418 2766; x_wconf 84' lang='lat' dir='ltr'><strong>Veritatis,qui</strong></span> <span class='ocrx_word' id='word_1_371' title='bbox 2451 2686 2508 2746; x_wconf 91' lang='lat' dir='ltr'><strong>in</strong></span> <span class='ocrx_word' id='word_1_372' title='bbox 2547 2684 2783 2746; x_wconf 84' lang='lat' dir='ltr'><strong>modico</strong></span> <span class='ocrx_word' id='word_1_373' title='bbox 2818 2684 3012 2748; x_wconf 88' lang='lat' dir='ltr'><strong>ﬁdelis</strong></span> <span class='ocrx_word' id='word_1_374' title='bbox 3043 2692 3150 2757; x_wconf 90' lang='lat' dir='ltr'><strong>est,</strong></span> <span class='ocrx_word' id='word_1_375' title='bbox 3183 2684 3440 2745; x_wconf 86' lang='lat' dir='ltr'><strong>etiamin</strong></span> <span class='ocrx_word' id='word_1_376' title='bbox 3464 2683 3651 2746; x_wconf 90' lang='lat' dir='ltr'><strong>multo</strong></span> 
     </span>
    </p>
   </div>
   <div class='ocr_carea' id='block_1_55' title="bbox 2003 2773 3651 2855">
    <p class='ocr_par' dir='ltr' id='par_1_55' title="bbox 2003 2773 3651 2855">
     <span class='ocr_line' id='line_1_55' title="bbox 2003 2773 3651 2855; baseline 0 -20"><span class='ocrx_word' id='word_1_377' title='bbox 2003 2773 2193 2836; x_wconf 87' lang='lat' dir='ltr'><strong>ﬁdelis</strong></span> <span class='ocrx_word' id='word_1_378' title='bbox 2215 2774 2326 2834; x_wconf 88' lang='lat' dir='ltr'><strong>erit</strong></span> <span class='ocrx_word' id='word_1_379' title='bbox 2357 2795 2374 2845; x_wconf 82' lang='lat'><strong>;</strong></span> <span class='ocrx_word' id='word_1_380' title='bbox 2409 2783 2466 2836; x_wconf 93' lang='lat' dir='ltr'><strong>et</strong></span> <span class='ocrx_word' id='word_1_381' title='bbox 2500 2774 2599 2855; x_wconf 86' lang='lat' dir='ltr'><strong>qui</strong></span> <span class='ocrx_word' id='word_1_382' title='bbox 2632 2776 2691 2835; x_wconf 91' lang='lat' dir='ltr'><strong>in</strong></span> <span class='ocrx_word' id='word_1_383' title='bbox 2718 2775 2954 2836; x_wconf 88' lang='lat' dir='ltr'><strong>modico</strong></span> <span class='ocrx_word' id='word_1_384' title='bbox 2981 2773 3264 2847; x_wconf 74' lang='lat' dir='ltr'><strong>inﬁdelis,</strong></span> <span class='ocrx_word' id='word_1_385' title='bbox 3296 2780 3353 2836; x_wconf 92' lang='lat' dir='ltr'><strong>et</strong></span> <span class='ocrx_word' id='word_1_386' title='bbox 3382 2773 3442 2834; x_wconf 89' lang='lat' dir='ltr'><strong>in</strong></span> <span class='ocrx_word' id='word_1_387' title='bbox 3468 2773 3651 2836; x_wconf 91' lang='lat' dir='ltr'><strong>multo</strong></span> 
     </span>
    </p>
   </div>
   <div class='ocr_carea' id='block_1_56' title="bbox 2003 2862 2747 2942">
    <p class='ocr_par' dir='ltr' id='par_1_56' title="bbox 2003 2862 2747 2942">
     <span class='ocr_line' id='line_1_56' title="bbox 2003 2862 2747 2942; baseline 0 -19"><span class='ocrx_word' id='word_1_388' title='bbox 2003 2881 2241 2942; x_wconf 82' lang='lat' dir='ltr'><strong>quoque</strong></span> <span class='ocrx_word' id='word_1_389' title='bbox 2268 2863 2529 2926; x_wconf 85' lang='lat' dir='ltr'><strong>inﬁdelis</strong></span> <span class='ocrx_word' id='word_1_390' title='bbox 2561 2862 2675 2924; x_wconf 76' lang='lat' dir='ltr'><strong>erit</strong></span> <span class='ocrx_word' id='word_1_391' title='bbox 2733 2909 2747 2923; x_wconf 95' lang='lat'><strong>.</strong></span> 
     </span>
    </p>
   </div>
   <div class='ocr_carea' id='block_1_57' title="bbox 1884 3022 2059 3102">
    <p class='ocr_par' dir='ltr' id='par_1_57' title="bbox 1884 3022 2059 3102">
     <span class='ocr_line' id='line_1_57' title="bbox 1884 3022 2059 3102; baseline -0.006 -16"><span class='ocrx_word' id='word_1_392' title='bbox 1884 3022 1915 3102; x_wconf 62' lang='grc' dir='ltr'>θ</span> <span class='ocrx_word' id='word_1_393' title='bbox 1959 3024 2059 3087; x_wconf 90' lang='lat' dir='ltr'><strong>1v.</strong></span> 
     </span>
    </p>
   </div>
   <div class='ocr_carea' id='block_1_58' title="bbox 351 3182 1917 3267">
    <p class='ocr_par' dir='ltr' id='par_1_58' title="bbox 351 3182 1916 3265">
     <span class='ocr_line' id='line_1_58' title="bbox 351 3182 1916 3265; baseline 0.003 -27"><span class='ocrx_word' id='word_1_394' title='bbox 351 3183 520 3247; x_wconf 73' lang='grc' dir='ltr'>Αὐτὸς</span> <span class='ocrx_word' id='word_1_395' title='bbox 569 3182 666 3257; x_wconf 76' lang='grc' dir='ltr'>μὲν</span> <span class='ocrx_word' id='word_1_396' title='bbox 725 3191 812 3242; x_wconf 92' lang='grc' dir='ltr'><strong>οῦν</strong></span> <span class='ocrx_word' id='word_1_397' title='bbox 869 3183 1140 3265; x_wconf 77' lang='grc' dir='ltr'>ἐπιθυμίᾳ,</span> <span class='ocrx_word' id='word_1_398' title='bbox 1191 3185 1278 3242; x_wconf 78' lang='grc' dir='ltr'><strong>καὶ</strong></span> <span class='ocrx_word' id='word_1_399' title='bbox 1331 3188 1501 3261; x_wconf 82' lang='grc' dir='ltr'>θυμῷ,</span> <span class='ocrx_word' id='word_1_400' title='bbox 1537 3187 1623 3242; x_wconf 80' lang='grc' dir='ltr'>καὶ</span> <span class='ocrx_word' id='word_1_401' title='bbox 1679 3185 1825 3265; x_wconf 83' lang='grc' dir='ltr'>λόγῳ</span> <span class='ocrx_word' id='word_1_402' title='bbox 1851 3186 1916 3244; x_wconf 74' lang='grc' dir='ltr'>τὰ</span> 
     </span>
    </p>
   </div>
   <div class='ocr_carea' id='block_1_59' title="bbox 2002 3182 3654 3267">
    <p class='ocr_par' dir='ltr' id='par_1_59' title="bbox 2081 3184 3654 3267">
     <span class='ocr_line' id='line_1_59' title="bbox 2081 3184 3654 3267; baseline 0.004 -25"><span class='ocrx_word' id='word_1_403' title='bbox 2081 3189 2206 3265; x_wconf 79' lang='lat' dir='ltr'><strong>ipse</strong></span> <span class='ocrx_word' id='word_1_404' title='bbox 2232 3203 2371 3263; x_wconf 78' lang='lat' dir='ltr'><strong>ergo</strong></span> <span class='ocrx_word' id='word_1_405' title='bbox 2391 3184 2696 3267; x_wconf 84' lang='lat' dir='ltr'><strong>cupiditati</strong></span> <span class='ocrx_word' id='word_1_406' title='bbox 2730 3203 2800 3247; x_wconf 91' lang='lat' dir='ltr'><strong>ac</strong></span> <span class='ocrx_word' id='word_1_407' title='bbox 2817 3185 3029 3260; x_wconf 80' lang='lat' dir='ltr'><strong>furori,</strong></span> <span class='ocrx_word' id='word_1_408' title='bbox 3063 3184 3398 3266; x_wconf 88' lang='lat' dir='ltr'><strong>rationique</strong></span> <span class='ocrx_word' id='word_1_409' title='bbox 3430 3185 3518 3248; x_wconf 89' lang='lat' dir='ltr'><strong>uti</strong></span> <span class='ocrx_word' id='word_1_410' title='bbox 3548 3204 3654 3265; x_wconf 90' lang='lat' dir='ltr'><strong>par</strong></span> 
     </span>
    </p>
   </div>
   <div class='ocr_carea' id='block_1_60' title="bbox 267 3268 1925 3355">
    <p class='ocr_par' dir='ltr' id='par_1_60' title="bbox 267 3268 1925 3355">
     <span class='ocr_line' id='line_1_60' title="bbox 267 3268 1925 3355; baseline 0.003 -28"><span class='ocrx_word' id='word_1_411' title='bbox 267 3268 393 3327; x_wconf 83' lang='grc' dir='ltr'>κατ’</span> <span class='ocrx_word' id='word_1_412' title='bbox 440 3269 583 3337; x_wconf 80' lang='grc' dir='ltr'>ἀξίαν</span> <span class='ocrx_word' id='word_1_413' title='bbox 638 3271 874 3355; x_wconf 74' lang='grc' dir='ltr'>ἀφόριζε,</span> <span class='ocrx_word' id='word_1_414' title='bbox 937 3278 1016 3332; x_wconf 86' lang='grc' dir='ltr'>σοὶ</span> <span class='ocrx_word' id='word_1_415' title='bbox 1077 3273 1132 3331; x_wconf 75' lang='grc' dir='ltr'>δὲ</span> <span class='ocrx_word' id='word_1_416' title='bbox 1166 3277 1214 3331; x_wconf 76' lang='grc' dir='ltr'>οἱ</span> <span class='ocrx_word' id='word_1_417' title='bbox 1271 3277 1406 3332; x_wconf 69' lang='grc' dir='ltr'>θεῖοι</span> <span class='ocrx_word' id='word_1_418' title='bbox 1437 3274 1752 3355; x_wconf 79' lang='grc' dir='ltr'>λειτουργοὶ,</span> <span class='ocrx_word' id='word_1_419' title='bbox 1839 3278 1925 3333; x_wconf 84' lang='grc' dir='ltr'><strong>καὶ</strong></span> 
     </span>
    </p>
   </div>
   <div class='ocr_carea' id='block_1_61' title="bbox 269 3360 1923 3444">
    <p class='ocr_par' dir='ltr' id='par_1_61' title="bbox 269 3360 1923 3444">
     <span class='ocr_line' id='line_1_61' title="bbox 269 3360 1923 3444; baseline 0.003 -27"><span class='ocrx_word' id='word_1_420' title='bbox 269 3360 480 3423; x_wconf 76' lang='grc' dir='ltr'>τούτοις</span> <span class='ocrx_word' id='word_1_421' title='bbox 531 3363 577 3418; x_wconf 75' lang='grc' dir='ltr'>οἱ</span> <span class='ocrx_word' id='word_1_422' title='bbox 634 3367 819 3441; x_wconf 74' lang='grc' dir='ltr'>ἱερεῖς,</span> <span class='ocrx_word' id='word_1_423' title='bbox 897 3365 1141 3444; x_wconf 76' lang='grc' dir='ltr'>ἱεράρχαι</span> <span class='ocrx_word' id='word_1_424' title='bbox 1195 3363 1249 3421; x_wconf 75' lang='grc' dir='ltr'>δὲ</span> <span class='ocrx_word' id='word_1_425' title='bbox 1305 3378 1420 3427; x_wconf 84' lang='grc' dir='ltr'>τοῖς</span> <span class='ocrx_word' id='word_1_426' title='bbox 1451 3368 1661 3444; x_wconf 72' lang='grc' dir='ltr'>ἱερεῦσι,</span> <span class='ocrx_word' id='word_1_427' title='bbox 1696 3367 1923 3430; x_wconf 75' lang='grc' dir='ltr'>καὶτοῖς</span> 
     </span>
    </p>
   </div>
   <div class='ocr_carea' id='block_1_62' title="bbox 267 3450 1923 3535">
    <p class='ocr_par' dir='ltr' id='par_1_62' title="bbox 267 3450 1923 3535">
     <span class='ocr_line' id='line_1_62' title="bbox 267 3450 1923 3535; baseline 0.003 -28"><span class='ocrx_word' id='word_1_428' title='bbox 267 3450 548 3529; x_wconf 74' lang='grc' dir='ltr'>ἶεράρχαις</span> <span class='ocrx_word' id='word_1_429' title='bbox 608 3454 655 3508; x_wconf 77' lang='grc' dir='ltr'>οἱ</span> <span class='ocrx_word' id='word_1_430' title='bbox 727 3453 1041 3535; x_wconf 71' lang='grc' dir='ltr'>ἀπόστολοι,</span> <span class='ocrx_word' id='word_1_431' title='bbox 1107 3456 1196 3512; x_wconf 81' lang='grc' dir='ltr'><strong>καὶ</strong></span> <span class='ocrx_word' id='word_1_432' title='bbox 1253 3456 1301 3511; x_wconf 81' lang='grc' dir='ltr'>οἱ</span> <span class='ocrx_word' id='word_1_433' title='bbox 1326 3460 1430 3511; x_wconf 83' lang='grc' dir='ltr'><strong>τῶν</strong></span> <span class='ocrx_word' id='word_1_434' title='bbox 1459 3455 1774 3513; x_wconf 82' lang='grc' dir='ltr'>ἀποστόλων</span> <span class='ocrx_word' id='word_1_435' title='bbox 1804 3454 1923 3512; x_wconf 80' lang='grc' dir='ltr'>διά-</span> 
     </span>
    </p>
   </div>
   <div class='ocr_carea' id='block_1_63' title="bbox 271 3536 1924 3623">
    <p class='ocr_par' dir='ltr' id='par_1_63' title="bbox 271 3536 1924 3623">
     <span class='ocr_line' id='line_1_63' title="bbox 271 3536 1924 3623; baseline 0.004 -27"><span class='ocrx_word' id='word_1_436' title='bbox 271 3536 455 3618; x_wconf 84' lang='grc' dir='ltr'>δοχοι,</span> <span class='ocrx_word' id='word_1_437' title='bbox 488 3543 583 3598; x_wconf 79' lang='grc' dir='ltr'><strong>Καὶ</strong></span> <span class='ocrx_word' id='word_1_438' title='bbox 606 3541 660 3597; x_wconf 78' lang='grc' dir='ltr'>εἴ</span> <span class='ocrx_word' id='word_1_439' title='bbox 688 3541 791 3600; x_wconf 81' lang='grc' dir='ltr'>ποῦ</span> <span class='ocrx_word' id='word_1_440' title='bbox 825 3565 902 3610; x_wconf 79' lang='grc' dir='ltr'><strong>τις</strong></span> <span class='ocrx_word' id='word_1_441' title='bbox 934 3543 989 3599; x_wconf 80' lang='grc' dir='ltr'><strong>ἐν</strong></span> <span class='ocrx_word' id='word_1_442' title='bbox 1017 3545 1238 3608; x_wconf 79' lang='grc' dir='ltr'>ἐκείνοις</span> <span class='ocrx_word' id='word_1_443' title='bbox 1269 3553 1361 3604; x_wconf 85' lang='grc' dir='ltr'><strong>τοῦ</strong></span> <span class='ocrx_word' id='word_1_444' title='bbox 1388 3546 1749 3623; x_wconf 75' lang='grc' dir='ltr'>προσήκοντος</span> <span class='ocrx_word' id='word_1_445' title='bbox 1782 3547 1924 3603; x_wconf 83' lang='grc' dir='ltr'>ἀπο-</span> 
     </span>
    </p>
   </div>
   <div class='ocr_carea' id='block_1_64' title="bbox 272 3627 1919 3715">
    <p class='ocr_par' dir='ltr' id='par_1_64' title="bbox 272 3627 1919 3715">
     <span class='ocr_line' id='line_1_64' title="bbox 272 3627 1919 3715; baseline 0.004 -29"><span class='ocrx_word' id='word_1_446' title='bbox 272 3627 525 3708; x_wconf 76' lang='grc' dir='ltr'>σφαλείη,</span> <span class='ocrx_word' id='word_1_447' title='bbox 557 3632 698 3712; x_wconf 87' lang='grc' dir='ltr'><strong>παρά</strong></span> <span class='ocrx_word' id='word_1_448' title='bbox 725 3639 832 3690; x_wconf 87' lang='grc' dir='ltr'>τῶν</span> <span class='ocrx_word' id='word_1_449' title='bbox 862 3636 1143 3711; x_wconf 79' lang='grc' dir='ltr'>ὁμοταγῶν</span> <span class='ocrx_word' id='word_1_450' title='bbox 1177 3634 1340 3712; x_wconf 81' lang='grc' dir='ltr'>ἀγίων</span> <span class='ocrx_word' id='word_1_451' title='bbox 1398 3636 1919 3715; x_wconf 66' lang='grc' dir='ltr'>ἐπανορθωθήσεται,</span> 
     </span>
    </p>
   </div>
   <div class='ocr_carea' id='block_1_65' title="bbox 272 3718 1925 3802">
    <p class='ocr_par' dir='ltr' id='par_1_65' title="bbox 272 3718 1925 3802">
     <span class='ocr_line' id='line_1_65' title="bbox 272 3718 1925 3802; baseline 0.002 -27"><span class='ocrx_word' id='word_1_452' title='bbox 272 3720 364 3775; x_wconf 79' lang='grc' dir='ltr'><strong>καὶ</strong></span> <span class='ocrx_word' id='word_1_453' title='bbox 404 3718 464 3775; x_wconf 74' lang='grc' dir='ltr'>οὗ</span> <span class='ocrx_word' id='word_1_454' title='bbox 494 3723 974 3802; x_wconf 76' lang='grc' dir='ltr'>περιστραφήσεται</span> <span class='ocrx_word' id='word_1_455' title='bbox 1005 3721 1147 3788; x_wconf 76' lang='grc' dir='ltr'>τάξις</span> <span class='ocrx_word' id='word_1_456' title='bbox 1176 3722 1261 3779; x_wconf 80' lang='grc' dir='ltr'><strong>ἐπὶ</strong></span> <span class='ocrx_word' id='word_1_457' title='bbox 1292 3722 1583 3799; x_wconf 78' lang='grc' dir='ltr'>τάξιν,ἀΑλ’</span> <span class='ocrx_word' id='word_1_458' title='bbox 1617 3723 1839 3787; x_wconf 78' lang='grc' dir='ltr'>ἕκαστος</span> <span class='ocrx_word' id='word_1_459' title='bbox 1871 3722 1925 3780; x_wconf 72' lang='grc' dir='ltr'><strong>ἐν</strong></span> 
     </span>
    </p>
   </div>
   <div class='ocr_carea' id='block_1_66' title="bbox 272 3808 1925 3891">
    <p class='ocr_par' dir='ltr' id='par_1_66' title="bbox 272 3808 1925 3891">
     <span class='ocr_line' id='line_1_66' title="bbox 272 3808 1925 3891; baseline 0.004 -26"><span class='ocrx_word' id='word_1_460' title='bbox 272 3813 345 3884; x_wconf 74' lang='grc' dir='ltr'>τῇ</span> <span class='ocrx_word' id='word_1_461' title='bbox 372 3808 514 3873; x_wconf 77' lang='grc' dir='ltr'>τάξει</span> <span class='ocrx_word' id='word_1_462' title='bbox 545 3814 706 3870; x_wconf 72' lang='grc' dir='ltr'><strong>αῦτοῦ</strong></span> <span class='ocrx_word' id='word_1_463' title='bbox 731 3814 818 3869; x_wconf 87' lang='grc' dir='ltr'>καὶ</span> <span class='ocrx_word' id='word_1_464' title='bbox 848 3811 902 3868; x_wconf 83' lang='grc' dir='ltr'><strong>ἐν</strong></span> <span class='ocrx_word' id='word_1_465' title='bbox 933 3818 1001 3888; x_wconf 77' lang='grc' dir='ltr'>τῇ</span> <span class='ocrx_word' id='word_1_466' title='bbox 1029 3811 1330 3891; x_wconf 80' lang='grc' dir='ltr'>λειτουργίᾳ</span> <span class='ocrx_word' id='word_1_467' title='bbox 1362 3813 1518 3872; x_wconf 76' lang='grc' dir='ltr'>αὐτοῦ</span> <span class='ocrx_word' id='word_1_468' title='bbox 1536 3811 1925 3877; x_wconf 56' lang='grc' dir='ltr'>ἕσταμτοσαῦ-</span> 
     </span>
    </p>
   </div>
   <div class='ocr_carea' id='block_1_67' title="bbox 271 3898 1923 3982">
    <p class='ocr_par' dir='ltr' id='par_1_67' title="bbox 271 3898 1923 3982">
     <span class='ocr_line' id='line_1_67' title="bbox 271 3898 1923 3982; baseline 0.005 -28"><span class='ocrx_word' id='word_1_469' title='bbox 271 3898 345 3955; x_wconf 83' lang='grc' dir='ltr'>τά</span> <span class='ocrx_word' id='word_1_470' title='bbox 372 3920 455 3956; x_wconf 83' lang='grc' dir='ltr'><strong>σοι</strong></span> <span class='ocrx_word' id='word_1_471' title='bbox 487 3901 612 3979; x_wconf 89' lang='grc' dir='ltr'>παρ’</span> <span class='ocrx_word' id='word_1_472' title='bbox 651 3903 807 3975; x_wconf 80' lang='grc' dir='ltr'>ἡμῶν</span> <span class='ocrx_word' id='word_1_473' title='bbox 837 3902 966 3982; x_wconf 80' lang='grc' dir='ltr'>ὑπὲρ</span> <span class='ocrx_word' id='word_1_474' title='bbox 994 3909 1087 3959; x_wconf 91' lang='grc' dir='ltr'><strong>τοῦ</strong></span> <span class='ocrx_word' id='word_1_475' title='bbox 1131 3900 1318 3960; x_wconf 77' lang='grc' dir='ltr'>εἰδέναι</span> <span class='ocrx_word' id='word_1_476' title='bbox 1350 3906 1435 3960; x_wconf 84' lang='grc' dir='ltr'><strong>καὶ</strong></span> <span class='ocrx_word' id='word_1_477' title='bbox 1464 3902 1587 3982; x_wconf 78' lang='grc' dir='ltr'><strong>δρᾷν</strong></span> <span class='ocrx_word' id='word_1_478' title='bbox 1621 3904 1686 3961; x_wconf 85' lang='grc' dir='ltr'><strong>τά</strong></span> <span class='ocrx_word' id='word_1_479' title='bbox 1715 3904 1923 3963; x_wconf 75' lang='grc' dir='ltr'>ἑαυτοῦ.</span> 
     </span>
    </p>
   </div>
   <div class='ocr_carea' id='block_1_68' title="bbox 272 3988 1926 4074">
    <p class='ocr_par' dir='ltr' id='par_1_68' title="bbox 272 3988 1926 4074">
     <span class='ocr_line' id='line_1_68' title="bbox 272 3988 1926 4074; baseline 0.004 -30"><span class='ocrx_word' id='word_1_480' title='bbox 272 3989 401 4067; x_wconf 82' lang='grc' dir='ltr'>Περὶ</span> <span class='ocrx_word' id='word_1_481' title='bbox 459 3988 516 4045; x_wconf 71' lang='grc' dir='ltr'><strong>δί</strong></span> <span class='ocrx_word' id='word_1_482' title='bbox 548 3995 644 4058; x_wconf 80' lang='grc' dir='ltr'>τῆς</span> <span class='ocrx_word' id='word_1_483' title='bbox 692 3992 764 4057; x_wconf 82' lang='grc' dir='ltr'><strong>εὶς</strong></span> <span class='ocrx_word' id='word_1_484' title='bbox 795 3991 883 4048; x_wconf 81' lang='grc' dir='ltr'><strong>τὸν</strong></span> <span class='ocrx_word' id='word_1_485' title='bbox 912 3989 1072 4072; x_wconf 79' lang='grc' dir='ltr'>ἀνδρα</span> <span class='ocrx_word' id='word_1_486' title='bbox 1122 3994 1236 4074; x_wconf 81' lang='grc' dir='ltr'>τὸν,</span> <span class='ocrx_word' id='word_1_487' title='bbox 1312 3994 1386 4058; x_wconf 81' lang='grc' dir='ltr'>ὣς</span> <span class='ocrx_word' id='word_1_488' title='bbox 1443 3998 1571 4074; x_wconf 75' lang='grc' dir='ltr'>φῇς,</span> <span class='ocrx_word' id='word_1_489' title='bbox 1629 3990 1796 4059; x_wconf 78' lang='grc' dir='ltr'>ἀσεϐῆ</span> <span class='ocrx_word' id='word_1_490' title='bbox 1838 3994 1926 4052; x_wconf 73' lang='grc' dir='ltr'><strong>καὶ</strong></span> 
     </span>
    </p>
   </div>
   <div class='ocr_carea' id='block_1_69' title="bbox 271 4076 1925 4161">
    <p class='ocr_par' dir='ltr' id='par_1_69' title="bbox 271 4076 1925 4161">
     <span class='ocr_line' id='line_1_69' title="bbox 271 4076 1925 4161; baseline 0.002 -24"><span class='ocrx_word' id='word_1_491' title='bbox 271 4076 549 4157; x_wconf 70' lang='grc' dir='ltr'>ἀλιτήριον</span> <span class='ocrx_word' id='word_1_492' title='bbox 593 4079 989 4161; x_wconf 82' lang='grc' dir='ltr'>ἀπανθρωπίας,</span> <span class='ocrx_word' id='word_1_493' title='bbox 1027 4084 1121 4140; x_wconf 74' lang='grc' dir='ltr'><strong>οὐκ</strong></span> <span class='ocrx_word' id='word_1_494' title='bbox 1173 4080 1280 4140; x_wconf 85' lang='grc' dir='ltr'>οἷδ’</span> <span class='ocrx_word' id='word_1_495' title='bbox 1336 4081 1482 4148; x_wconf 80' lang='grc' dir='ltr'>ὅπως</span> <span class='ocrx_word' id='word_1_496' title='bbox 1534 4082 1597 4134; x_wconf 82' lang='lat'><strong>97</strong></span> <span class='ocrx_word' id='word_1_497' title='bbox 1626 4082 1925 4161; x_wconf 78' lang='grc' dir='ltr'>κλαύσομαι</span> 
     </span>
    </p>
   </div>
   <div class='ocr_carea' id='block_1_70' title="bbox 270 4168 1925 4253">
    <p class='ocr_par' dir='ltr' id='par_1_70' title="bbox 270 4168 1925 4253">
     <span class='ocr_line' id='line_1_70' title="bbox 270 4168 1925 4253; baseline 0.001 -28"><span class='ocrx_word' id='word_1_498' title='bbox 270 4168 337 4225; x_wconf 77' lang='grc' dir='ltr'><strong>τὸ</strong></span> <span class='ocrx_word' id='word_1_499' title='bbox 396 4169 692 4246; x_wconf 62' lang='grc' dir='ltr'>σὺντριμαα</span> <span class='ocrx_word' id='word_1_500' title='bbox 733 4180 827 4229; x_wconf 84' lang='grc' dir='ltr'><strong>τοῦ</strong></span> <span class='ocrx_word' id='word_1_501' title='bbox 883 4171 1164 4250; x_wconf 86' lang='grc' dir='ltr'>ἀγαπητοῦ</span> <span class='ocrx_word' id='word_1_502' title='bbox 1193 4194 1296 4248; x_wconf 88' lang='grc' dir='ltr'><strong>μου</strong></span> <span class='ocrx_word' id='word_1_503' title='bbox 1326 4187 1342 4205; x_wconf 88' lang='grc'><strong>⁰</strong></span> <span class='ocrx_word' id='word_1_504' title='bbox 1410 4176 1550 4239; x_wconf 88' lang='grc' dir='ltr'>τίνος</span> <span class='ocrx_word' id='word_1_505' title='bbox 1597 4175 1697 4253; x_wconf 83' lang='grc' dir='ltr'><strong>γὰρ</strong></span> <span class='ocrx_word' id='word_1_506' title='bbox 1740 4173 1836 4251; x_wconf 74' lang='grc' dir='ltr'>οἵῃ</span> <span class='ocrx_word' id='word_1_507' title='bbox 1861 4173 1925 4226; x_wconf 81' lang='lat'><strong>98</strong></span> 
     </span>
    </p>
   </div>
   <div class='ocr_carea' id='block_1_71' title="bbox 270 4256 1926 4343">
    <p class='ocr_par' dir='ltr' id='par_1_71' title="bbox 270 4256 1926 4343">
     <span class='ocr_line' id='line_1_71' title="bbox 270 4256 1926 4343; baseline 0.005 -28"><span class='ocrx_word' id='word_1_508' title='bbox 270 4259 601 4334; x_wconf 70' lang='grc' dir='ltr'>θεραπευτὴς</span> <span class='ocrx_word' id='word_1_509' title='bbox 659 4256 744 4337; x_wconf 72' lang='grc' dir='ltr'><strong>ὑφ’</strong></span> <span class='ocrx_word' id='word_1_510' title='bbox 793 4260 948 4335; x_wconf 81' lang='grc' dir='ltr'>ἡμῶν</span> <span class='ocrx_word' id='word_1_511' title='bbox 996 4265 1263 4342; x_wconf 71' lang='grc' dir='ltr'>ταχθῆναι</span> <span class='ocrx_word' id='word_1_512' title='bbox 1299 4279 1316 4338; x_wconf 87' lang='grc'><strong>;</strong></span> <span class='ocrx_word' id='word_1_513' title='bbox 1347 4264 1437 4320; x_wconf 89' lang='grc' dir='ltr'><strong>καὶ</strong></span> <span class='ocrx_word' id='word_1_514' title='bbox 1484 4264 1609 4343; x_wconf 80' lang='grc' dir='ltr'>γὰρ,</span> <span class='ocrx_word' id='word_1_515' title='bbox 1641 4264 1686 4321; x_wconf 76' lang='grc' dir='ltr'><strong>εἲ</strong></span> <span class='ocrx_word' id='word_1_516' title='bbox 1718 4265 1796 4339; x_wconf 75' lang='grc' dir='ltr'>μὴ</span> <span class='ocrx_word' id='word_1_517' title='bbox 1833 4272 1926 4323; x_wconf 89' lang='grc' dir='ltr'><strong>τοῦ</strong></span> 
     </span>
    </p>
   </div>
   <div class='ocr_carea' id='block_1_72' title="bbox 272 4345 1926 4432">
    <p class='ocr_par' dir='ltr' id='par_1_72' title="bbox 272 4345 1926 4432">
     <span class='ocr_line' id='line_1_72' title="bbox 272 4345 1926 4432; baseline 0.006 -27"><span class='ocrx_word' id='word_1_518' title='bbox 272 4346 496 4428; x_wconf 82' lang='grc' dir='ltr'>ἀγαθοῦ,</span> <span class='ocrx_word' id='word_1_519' title='bbox 531 4345 746 4412; x_wconf 79' lang='grc' dir='ltr'>πάντως</span> <span class='ocrx_word' id='word_1_520' title='bbox 792 4355 885 4404; x_wconf 88' lang='grc' dir='ltr'><strong>τοῦ</strong></span> <span class='ocrx_word' id='word_1_521' title='bbox 942 4351 1032 4408; x_wconf 79' lang='grc' dir='ltr'><strong>καὶ</strong></span> <span class='ocrx_word' id='word_1_522' title='bbox 1073 4349 1230 4429; x_wconf 76' lang='grc' dir='ltr'>ἡμῶν</span> <span class='ocrx_word' id='word_1_523' title='bbox 1286 4352 1494 4432; x_wconf 86' lang='grc' dir='ltr'>ἀνάγκη</span> <span class='ocrx_word' id='word_1_524' title='bbox 1544 4375 1603 4412; x_wconf 81' lang='grc' dir='ltr'><strong>σε</strong></span> <span class='ocrx_word' id='word_1_525' title='bbox 1650 4355 1792 4413; x_wconf 71' lang='grc' dir='ltr'>εἶναι</span> <span class='ocrx_word' id='word_1_526' title='bbox 1839 4360 1926 4415; x_wconf 84' lang='grc' dir='ltr'>καὶ</span> 
     </span>
    </p>
   </div>
   <div class='ocr_carea' id='block_1_73' title="bbox 272 4434 1924 4526">
    <p class='ocr_par' dir='ltr' id='par_1_73' title="bbox 272 4434 1924 4526">
     <span class='ocr_line' id='line_1_73' title="bbox 272 4434 1924 4526; baseline 0.008 -34"><span class='ocrx_word' id='word_1_527' title='bbox 272 4440 376 4507; x_wconf 71' lang='grc' dir='ltr'>τῆς</span> <span class='ocrx_word' id='word_1_528' title='bbox 410 4434 523 4497; x_wconf 82' lang='grc' dir='ltr'>καθ’</span> <span class='ocrx_word' id='word_1_529' title='bbox 566 4439 710 4514; x_wconf 80' lang='grc' dir='ltr'>ἡμᾶς</span> <span class='ocrx_word' id='word_1_530' title='bbox 741 4437 1019 4516; x_wconf 82' lang='grc' dir='ltr'>θεραπείας</span> <span class='ocrx_word' id='word_1_531' title='bbox 1049 4438 1183 4509; x_wconf 76' lang='grc' dir='ltr'>ὅλης</span> <span class='ocrx_word' id='word_1_532' title='bbox 1215 4439 1515 4521; x_wconf 84' lang='grc' dir='ltr'>ἀλλότριον,</span> <span class='ocrx_word' id='word_1_533' title='bbox 1555 4446 1648 4501; x_wconf 85' lang='grc' dir='ltr'>καὶ</span> <span class='ocrx_word' id='word_1_534' title='bbox 1700 4445 1813 4526; x_wconf 70' lang='grc' dir='ltr'>ὥρα</span> <span class='ocrx_word' id='word_1_535' title='bbox 1844 4469 1924 4505; x_wconf 86' lang='grc' dir='ltr'><strong>σοι</strong></span> 
     </span>
    </p>
   </div>
   <div class='ocr_carea' id='block_1_74' title="bbox 275 4525 1923 4614">
    <p class='ocr_par' dir='ltr' id='par_1_74' title="bbox 275 4525 1923 4614">
     <span class='ocr_line' id='line_1_74' title="bbox 275 4525 1923 4614; baseline 0.005 -29"><span class='ocrx_word' id='word_1_536' title='bbox 275 4528 366 4585; x_wconf 77' lang='grc' dir='ltr'><strong>καὶ</strong></span> <span class='ocrx_word' id='word_1_537' title='bbox 398 4528 528 4584; x_wconf 82' lang='grc' dir='ltr'>Θεὸν</span> <span class='ocrx_word' id='word_1_538' title='bbox 555 4527 808 4602; x_wconf 73' lang='grc' dir='ltr'>ζητῆσαι,</span> <span class='ocrx_word' id='word_1_539' title='bbox 835 4528 921 4584; x_wconf 80' lang='grc' dir='ltr'><strong>καὶ</strong></span> <span class='ocrx_word' id='word_1_540' title='bbox 976 4529 1145 4609; x_wconf 74' lang='grc' dir='ltr'>ἱερέας</span> <span class='ocrx_word' id='word_1_541' title='bbox 1175 4530 1406 4612; x_wconf 77' lang='grc' dir='ltr'>ἐτέρους,</span> <span class='ocrx_word' id='word_1_542' title='bbox 1468 4534 1556 4590; x_wconf 68' lang='lat' dir='ltr'><strong>vati</strong></span> <span class='ocrx_word' id='word_1_543' title='bbox 1596 4525 1726 4614; x_wconf 60' lang='grc' dir='ltr'><strong>παρι</strong></span> <span class='ocrx_word' id='word_1_544' title='bbox 1751 4525 1754 4526; x_wconf 13' lang='grc' dir='ltr'><em>ν</em></span> <span class='ocrx_word' id='word_1_545' title='bbox 1781 4535 1923 4594; x_wconf 82' lang='grc' dir='ltr'>ἐκεί-</span> 
     </span>
    </p>
   </div>
   <div class='ocr_carea' id='block_1_75' title="bbox 275 4616 1923 4697">
    <p class='ocr_par' dir='ltr' id='par_1_75' title="bbox 275 4616 1923 4697">
     <span class='ocr_line' id='line_1_75' title="bbox 275 4616 1923 4697; baseline 0.007 -24"><span class='ocrx_word' id='word_1_546' title='bbox 275 4638 388 4683; x_wconf 82' lang='grc' dir='ltr'>νοις</span> <span class='ocrx_word' id='word_1_547' title='bbox 418 4620 741 4697; x_wconf 80' lang='grc' dir='ltr'>θηριωθῆναι</span> <span class='ocrx_word' id='word_1_548' title='bbox 772 4616 977 4695; x_wconf 81' lang='grc' dir='ltr'>μᾶλλον</span> <span class='ocrx_word' id='word_1_549' title='bbox 1005 4620 1042 4689; x_wconf 77' lang='grc' dir='ltr'><strong>ἢ</strong></span> <span class='ocrx_word' id='word_1_550' title='bbox 1074 4620 1410 4697; x_wconf 88' lang='grc' dir='ltr'>τελεσθηναι,</span> <span class='ocrx_word' id='word_1_551' title='bbox 1473 4624 1559 4680; x_wconf 76' lang='grc' dir='ltr'><strong>καὶ</strong></span> <span class='ocrx_word' id='word_1_552' title='bbox 1616 4625 1759 4683; x_wconf 79' lang='grc' dir='ltr'>εῖναι</span> <span class='ocrx_word' id='word_1_553' title='bbox 1824 4627 1923 4697; x_wconf 80' lang='grc' dir='ltr'><strong>τῆς</strong></span> 
     </span>
    </p>
   </div>
   <div class='ocr_carea' id='block_1_76' title="bbox 278 4703 1988 4797">
    <p class='ocr_par' dir='ltr' id='par_1_76' title="bbox 278 4703 1988 4797">
     <span class='ocr_line' id='line_1_76' title="bbox 278 4703 1988 4797; baseline 0.005 -32"><span class='ocrx_word' id='word_1_554' title='bbox 278 4706 439 4788; x_wconf 69' lang='grc' dir='ltr'>φίλης</span> <span class='ocrx_word' id='word_1_555' title='bbox 482 4708 856 4790; x_wconf 87' lang='grc' dir='ltr'>ἀπανθρωπίας</span> <span class='ocrx_word' id='word_1_556' title='bbox 915 4709 1223 4786; x_wconf 67' lang='grc' dir='ltr'>ἀμείλικτον</span> <span class='ocrx_word' id='word_1_557' title='bbox 1278 4709 1575 4792; x_wconf 78' lang='grc' dir='ltr'>ὑπηρέτην.</span> <span class='ocrx_word' id='word_1_558' title='bbox 1639 4708 1766 4793; x_wconf 74' lang='grc' dir='ltr'><strong>’Ἄρα</strong></span> <span class='ocrx_word' id='word_1_559' title='bbox 1820 4703 1988 4797; x_wconf 74' lang='grc' dir='ltr'><strong>γὰρΟ</strong></span> 
     </span>
    </p>
   </div>
   <div class='ocr_carea' id='block_1_77' title="bbox 274 4798 1920 4883">
    <p class='ocr_par' dir='ltr' id='par_1_77' title="bbox 274 4798 1920 4883">
     <span class='ocr_line' id='line_1_77' title="bbox 274 4798 1920 4883; baseline 0.006 -29"><span class='ocrx_word' id='word_1_560' title='bbox 274 4798 444 4873; x_wconf 74' lang='grc' dir='ltr'>ἡμεῖς</span> <span class='ocrx_word' id='word_1_561' title='bbox 502 4798 658 4856; x_wconf 81' lang='grc' dir='ltr'>αὺτοί</span> <span class='ocrx_word' id='word_1_562' title='bbox 714 4802 846 4882; x_wconf 82' lang='grc' dir='ltr'>πρὸς</span> <span class='ocrx_word' id='word_1_563' title='bbox 886 4804 950 4860; x_wconf 83' lang='grc' dir='ltr'><strong>τὸ</strong></span> <span class='ocrx_word' id='word_1_564' title='bbox 993 4801 1169 4871; x_wconf 83' lang='grc' dir='ltr'>πάντη</span> <span class='ocrx_word' id='word_1_565' title='bbox 1228 4800 1382 4883; x_wconf 76' lang='grc' dir='ltr'>ἅγιον</span> <span class='ocrx_word' id='word_1_566' title='bbox 1442 4801 1920 4883; x_wconf 74' lang='grc' dir='ltr'>ἀποτετελέσμεθι,</span> 
     </span>
    </p>
   </div>
   <div class='ocr_carea' id='block_1_78' title="bbox 275 4885 1920 4974">
    <p class='ocr_par' dir='ltr' id='par_1_78' title="bbox 275 4885 1920 4974">
     <span class='ocr_line' id='line_1_78' title="bbox 275 4885 1920 4974; baseline 0.005 -29"><span class='ocrx_word' id='word_1_567' title='bbox 275 4888 367 4946; x_wconf 84' lang='grc' dir='ltr'>καὶ</span> <span class='ocrx_word' id='word_1_568' title='bbox 421 4888 481 4945; x_wconf 78' lang='grc' dir='ltr'>οὗ</span> <span class='ocrx_word' id='word_1_569' title='bbox 528 4885 752 4964; x_wconf 73' lang='grc' dir='ltr'>δεόμεθα</span> <span class='ocrx_word' id='word_1_570' title='bbox 780 4895 880 4961; x_wconf 76' lang='grc' dir='ltr'>τῆς</span> <span class='ocrx_word' id='word_1_571' title='bbox 921 4892 1061 4960; x_wconf 84' lang='grc' dir='ltr'>θείας</span> <span class='ocrx_word' id='word_1_572' title='bbox 1090 4891 1172 4974; x_wconf 72' lang='grc' dir='ltr'><strong>ἐφ’</strong></span> <span class='ocrx_word' id='word_1_573' title='bbox 1205 4892 1423 4957; x_wconf 73' lang='grc' dir='ltr'>ἑαυτοῖς</span> <span class='ocrx_word' id='word_1_574' title='bbox 1480 4892 1871 4974; x_wconf 74' lang='grc' dir='ltr'>φιλανθρωπίας</span> <span class='ocrx_word' id='word_1_575' title='bbox 1904 4918 1920 4971; x_wconf 86' lang='grc'><strong>;</strong></span> 
     </span>
    </p>
   </div>
   <div class='ocr_carea' id='block_1_79' title="bbox 275 4977 1926 5066">
    <p class='ocr_par' dir='ltr' id='par_1_79' title="bbox 275 4977 1926 5066">
     <span class='ocr_line' id='line_1_79' title="bbox 275 4977 1926 5066; baseline 0.006 -32"><span class='ocrx_word' id='word_1_576' title='bbox 275 4978 316 5046; x_wconf 74' lang='grc' dir='ltr'>ἣ</span> <span class='ocrx_word' id='word_1_577' title='bbox 349 4979 470 5066; x_wconf 15' lang='grc' dir='ltr'>,τὴν</span> <span class='ocrx_word' id='word_1_578' title='bbox 526 4977 718 5048; x_wconf 76' lang='grc' dir='ltr'>διπλῆν</span> <span class='ocrx_word' id='word_1_579' title='bbox 773 4981 1058 5061; x_wconf 79' lang='grc' dir='ltr'>ἁμαρτίαν,</span> <span class='ocrx_word' id='word_1_580' title='bbox 1119 4985 1192 5049; x_wconf 79' lang='grc' dir='ltr'>ὡς</span> <span class='ocrx_word' id='word_1_581' title='bbox 1246 4983 1313 5040; x_wconf 77' lang='grc' dir='ltr'>τὰ</span> <span class='ocrx_word' id='word_1_582' title='bbox 1354 4981 1511 5062; x_wconf 83' lang='grc' dir='ltr'>λόγιά</span> <span class='ocrx_word' id='word_1_583' title='bbox 1585 5006 1744 5066; x_wconf 73' lang='grc' dir='ltr'>φησι,</span> <span class='ocrx_word' id='word_1_584' title='bbox 1787 4986 1926 5046; x_wconf 77' lang='grc' dir='ltr'><strong>κατά</strong></span> 
     </span>
    </p>
   </div>
   <div class='ocr_carea' id='block_1_80' title="bbox 275 5065 1927 5156">
    <p class='ocr_par' dir='ltr' id='par_1_80' title="bbox 275 5065 1927 5156">
     <span class='ocr_line' id='line_1_80' title="bbox 275 5065 1927 5156; baseline 0.005 -31"><span class='ocrx_word' id='word_1_585' title='bbox 275 5065 402 5132; x_wconf 72' lang='grc' dir='ltr'>τούς</span> <span class='ocrx_word' id='word_1_586' title='bbox 432 5066 643 5134; x_wconf 79' lang='grc' dir='ltr'>ἀσεϐεῖς</span> <span class='ocrx_word' id='word_1_587' title='bbox 701 5069 1095 5150; x_wconf 76' lang='grc' dir='ltr'>ἁμαρτάνομεν,</span> <span class='ocrx_word' id='word_1_588' title='bbox 1132 5075 1228 5133; x_wconf 76' lang='grc' dir='ltr'><strong>οὒκ</strong></span> <span class='ocrx_word' id='word_1_589' title='bbox 1275 5069 1469 5143; x_wconf 75' lang='grc' dir='ltr'>εἰδότες</span> <span class='ocrx_word' id='word_1_590' title='bbox 1509 5071 1564 5129; x_wconf 77' lang='grc' dir='ltr'><strong>ἐν</strong></span> <span class='ocrx_word' id='word_1_591' title='bbox 1602 5065 1718 5133; x_wconf 73' lang='grc' dir='ltr'>τίνι</span> <span class='ocrx_word' id='word_1_592' title='bbox 1766 5096 1927 5156; x_wconf 77' lang='grc' dir='ltr'>προσ-</span> 
     </span>
    </p>
   </div>
   <div class='ocr_carea' id='block_1_81' title="bbox 278 5156 1928 5239">
    <p class='ocr_par' dir='ltr' id='par_1_81' title="bbox 278 5156 1928 5239">
     <span class='ocr_line' id='line_1_81' title="bbox 278 5156 1928 5239; baseline 0.003 -22"><span class='ocrx_word' id='word_1_593' title='bbox 278 5156 571 5239; x_wconf 79' lang='grc' dir='ltr'>κόπτομεν,</span> <span class='ocrx_word' id='word_1_594' title='bbox 658 5157 792 5217; x_wconf 81' lang='grc' dir='ltr'><strong>ἀλλά</strong></span> <span class='ocrx_word' id='word_1_595' title='bbox 887 5163 978 5219; x_wconf 81' lang='grc' dir='ltr'><strong>καὶ</strong></span> <span class='ocrx_word' id='word_1_596' title='bbox 1059 5156 1381 5229; x_wconf 79' lang='grc' dir='ltr'>δικαιοῦντες</span> <span class='ocrx_word' id='word_1_597' title='bbox 1488 5162 1730 5237; x_wconf 75' lang='grc' dir='ltr'>ἑαυτοὺς,</span> <span class='ocrx_word' id='word_1_598' title='bbox 1840 5165 1928 5222; x_wconf 76' lang='grc' dir='ltr'><strong>καὶ</strong></span> 
     </span>
    </p>
   </div>
   <div class='ocr_carea' id='block_1_82' title="bbox 279 5240 1927 5331">
    <p class='ocr_par' dir='ltr' id='par_1_82' title="bbox 279 5240 1927 5331">
     <span class='ocr_line' id='line_1_82' title="bbox 279 5240 1927 5331; baseline 0.004 -24"><span class='ocrx_word' id='word_1_599' title='bbox 279 5269 512 5325; x_wconf 87' lang='grc' dir='ltr'>οιομενοι</span> <span class='ocrx_word' id='word_1_600' title='bbox 567 5247 803 5330; x_wconf 80' lang='grc' dir='ltr'>βλέπειν,</span> <span class='ocrx_word' id='word_1_601' title='bbox 850 5250 1064 5320; x_wconf 81' lang='grc' dir='ltr'>ἀληθῶς</span> <span class='ocrx_word' id='word_1_602' title='bbox 1116 5250 1172 5310; x_wconf 84' lang='grc' dir='ltr'><strong>δέ</strong></span> <span class='ocrx_word' id='word_1_603' title='bbox 1231 5254 1291 5310; x_wconf 73' lang='grc' dir='ltr'>οὗ</span> <span class='ocrx_word' id='word_1_604' title='bbox 1329 5251 1616 5331; x_wconf 74' lang='grc' dir='ltr'>βλέποντες</span> <span class='ocrx_word' id='word_1_605' title='bbox 1650 5240 1927 5331; x_wconf 64' lang='grc' dir='ltr'>;“Εξέστη</span> 
     </span>
    </p>
   </div>
   <div class='ocr_carea' id='block_1_83' title="bbox 279 5337 1928 5424">
    <p class='ocr_par' dir='ltr' id='par_1_83' title="bbox 279 5337 1928 5424">
     <span class='ocr_line' id='line_1_83' title="bbox 279 5337 1928 5424; baseline 0.005 -27"><span class='ocrx_word' id='word_1_606' title='bbox 279 5339 308 5397; x_wconf 80' lang='lat'><strong>6</strong></span> <span class='ocrx_word' id='word_1_607' title='bbox 340 5338 553 5418; x_wconf 67' lang='grc' dir='ltr'>οὖρανὸς</span> <span class='ocrx_word' id='word_1_608' title='bbox 604 5337 691 5396; x_wconf 81' lang='grc' dir='ltr'>ἐπὶ</span> <span class='ocrx_word' id='word_1_609' title='bbox 738 5341 929 5420; x_wconf 79' lang='grc' dir='ltr'>τούτῳ,</span> <span class='ocrx_word' id='word_1_610' title='bbox 1016 5345 1105 5402; x_wconf 86' lang='grc' dir='ltr'>καὶ</span> <span class='ocrx_word' id='word_1_611' title='bbox 1186 5343 1367 5424; x_wconf 75' lang='grc' dir='ltr'>ἔφριξα</span> <span class='ocrx_word' id='word_1_612' title='bbox 1450 5342 1587 5424; x_wconf 76' lang='grc' dir='ltr'>ἒχὼ,</span> <span class='ocrx_word' id='word_1_613' title='bbox 1648 5347 1736 5404; x_wconf 81' lang='grc' dir='ltr'><strong>καὶ</strong></span> <span class='ocrx_word' id='word_1_614' title='bbox 1817 5344 1928 5404; x_wconf 80' lang='grc' dir='ltr'>δια·</span> 
     </span>
    </p>
   </div>
   <div class='ocr_carea' id='block_1_84' title="bbox 359 5517 1716 5604">
    <p class='ocr_par' dir='ltr' id='par_1_84' title="bbox 359 5517 1716 5604">
     <span class='ocr_line' id='line_1_84' title="bbox 359 5517 1716 5604; baseline 0.005 -21"><span class='ocrx_word' id='word_1_615' title='bbox 359 5517 611 5585; x_wconf 77' lang='grc' dir='ltr'>ιιΤίιη.</span> <span class='ocrx_word' id='word_1_616' title='bbox 643 5536 707 5601; x_wconf 83' lang='grc' dir='ltr'><strong>ιι,</strong></span> <span class='ocrx_word' id='word_1_617' title='bbox 741 5518 803 5583; x_wconf 71' lang='grc'><strong>2.</strong></span> <span class='ocrx_word' id='word_1_618' title='bbox 890 5531 919 5565; x_wconf 82' lang='grc' dir='ltr'><strong>ιι</strong></span> <span class='ocrx_word' id='word_1_619' title='bbox 949 5518 1070 5585; x_wconf 84' lang='lat' dir='ltr'><strong>Tit.</strong></span> <span class='ocrx_word' id='word_1_620' title='bbox 1095 5535 1138 5584; x_wconf 81' lang='grc' dir='ltr'>ι.</span> <span class='ocrx_word' id='word_1_621' title='bbox 1227 5531 1251 5565; x_wconf 78' lang='grc' dir='ltr'><strong>ν</strong></span> <span class='ocrx_word' id='word_1_622' title='bbox 1278 5519 1422 5586; x_wconf 91' lang='lat' dir='ltr'><strong>Luc.</strong></span> <span class='ocrx_word' id='word_1_623' title='bbox 1457 5540 1579 5604; x_wconf 75' lang='lat' dir='ltr'><strong>xw,</strong></span> <span class='ocrx_word' id='word_1_624' title='bbox 1615 5523 1716 5590; x_wconf 82' lang='grc'><strong>10.</strong></span> 
     </span>
    </p>
   </div>
   <div class='ocr_carea' id='block_1_85' title="bbox 2008 3272 3653 3355">
    <p class='ocr_par' dir='ltr' id='par_1_85' title="bbox 2008 3272 3653 3355">
     <span class='ocr_line' id='line_1_85' title="bbox 2008 3272 3653 3355; baseline 0 -17"><span class='ocrx_word' id='word_1_625' title='bbox 2008 3283 2118 3350; x_wconf 90' lang='lat' dir='ltr'><strong>est,</strong></span> <span class='ocrx_word' id='word_1_626' title='bbox 2146 3293 2248 3337; x_wconf 89' lang='lat' dir='ltr'><strong>sua</strong></span> <span class='ocrx_word' id='word_1_627' title='bbox 2279 3274 2498 3355; x_wconf 84' lang='lat' dir='ltr'><strong>cuique</strong></span> <span class='ocrx_word' id='word_1_628' title='bbox 2529 3275 2733 3337; x_wconf 88' lang='lat' dir='ltr'><strong>munia</strong></span> <span class='ocrx_word' id='word_1_629' title='bbox 2763 3274 3108 3355; x_wconf 68' lang='lat' dir='ltr'><strong>praiscribe,</strong></span> <span class='ocrx_word' id='word_1_630' title='bbox 3133 3273 3241 3337; x_wconf 88' lang='lat' dir='ltr'><strong>tibi</strong></span> <span class='ocrx_word' id='word_1_631' title='bbox 3268 3272 3508 3337; x_wconf 88' lang='lat' dir='ltr'><strong>interim</strong></span> <span class='ocrx_word' id='word_1_632' title='bbox 3527 3276 3653 3339; x_wconf 83' lang='lat' dir='ltr'><strong>dia-</strong></span> 
     </span>
    </p>
   </div>
   <div class='ocr_carea' id='block_1_86' title="bbox 2009 3364 3652 3445">
    <p class='ocr_par' dir='ltr' id='par_1_86' title="bbox 2009 3364 3652 3445">
     <span class='ocr_line' id='line_1_86' title="bbox 2009 3364 3652 3445; baseline 0.001 -19"><span class='ocrx_word' id='word_1_633' title='bbox 2009 3365 2231 3437; x_wconf 89' lang='lat' dir='ltr'><strong>coni,et</strong></span> <span class='ocrx_word' id='word_1_634' title='bbox 2261 3365 2357 3426; x_wconf 90' lang='lat' dir='ltr'><strong>his</strong></span> <span class='ocrx_word' id='word_1_635' title='bbox 2384 3364 3038 3445; x_wconf 68' lang='lat' dir='ltr'><strong>sacerdotes,praasules</strong></span> <span class='ocrx_word' id='word_1_636' title='bbox 3065 3382 3204 3426; x_wconf 84' lang='lat' dir='ltr'><strong>vero</strong></span> <span class='ocrx_word' id='word_1_637' title='bbox 3237 3364 3652 3428; x_wconf 87' lang='lat' dir='ltr'><strong>sacerdotibus</strong></span> 
     </span>
    </p>
   </div>
   <div class='ocr_carea' id='block_1_87' title="bbox 2008 3454 3650 3535">
    <p class='ocr_par' dir='ltr' id='par_1_87' title="bbox 2008 3454 3650 3535">
     <span class='ocr_line' id='line_1_87' title="bbox 2008 3454 3650 3535; baseline 0 -19"><span class='ocrx_word' id='word_1_638' title='bbox 2008 3461 2185 3535; x_wconf 89' lang='lat' dir='ltr'><strong>atque</strong></span> <span class='ocrx_word' id='word_1_639' title='bbox 2218 3456 2568 3535; x_wconf 69' lang='lat' dir='ltr'><strong>prmsulibus</strong></span> <span class='ocrx_word' id='word_1_640' title='bbox 2594 3454 3380 3535; x_wconf 88' lang='lat' dir='ltr'><strong>apostoli,successoresque</strong></span> <span class='ocrx_word' id='word_1_641' title='bbox 3409 3464 3650 3534; x_wconf 88' lang='lat' dir='ltr'><strong>aposto-</strong></span> 
     </span>
    </p>
   </div>
   <div class='ocr_carea' id='block_1_88' title="bbox 2010 3543 3653 3625">
    <p class='ocr_par' dir='ltr' id='par_1_88' title="bbox 2010 3543 3653 3625">
     <span class='ocr_line' id='line_1_88' title="bbox 2010 3543 3653 3625; baseline 0.002 -21"><span class='ocrx_word' id='word_1_642' title='bbox 2010 3543 2225 3606; x_wconf 93' lang='lat' dir='ltr'><strong>lorum.</strong></span> <span class='ocrx_word' id='word_1_643' title='bbox 2256 3546 2329 3606; x_wconf 89' lang='lat' dir='ltr'><strong>At</strong></span> <span class='ocrx_word' id='word_1_644' title='bbox 2360 3545 2409 3606; x_wconf 91' lang='lat' dir='ltr'><strong>si</strong></span> <span class='ocrx_word' id='word_1_645' title='bbox 2441 3545 2574 3625; x_wconf 90' lang='lat' dir='ltr'><strong>quis</strong></span> <span class='ocrx_word' id='word_1_646' title='bbox 2603 3545 2754 3607; x_wconf 90' lang='lat' dir='ltr'><strong>forte</strong></span> <span class='ocrx_word' id='word_1_647' title='bbox 2780 3551 2955 3605; x_wconf 86' lang='lat' dir='ltr'><strong>etiam</strong></span> <span class='ocrx_word' id='word_1_648' title='bbox 3002 3549 3160 3606; x_wconf 89' lang='lat' dir='ltr'><strong>inter</strong></span> <span class='ocrx_word' id='word_1_649' title='bbox 3188 3543 3323 3605; x_wconf 91' lang='lat' dir='ltr'><strong>illos</strong></span> <span class='ocrx_word' id='word_1_650' title='bbox 3355 3563 3386 3605; x_wconf 88' lang='lat' dir='ltr'><strong>a</strong></span> <span class='ocrx_word' id='word_1_651' title='bbox 3434 3546 3653 3607; x_wconf 89' lang='lat' dir='ltr'><strong>decoro</strong></span> 
     </span>
    </p>
   </div>
   <div class='ocr_carea' id='block_1_89' title="bbox 2006 3633 3656 3715">
    <p class='ocr_par' dir='ltr' id='par_1_89' title="bbox 2006 3633 3656 3715">
     <span class='ocr_line' id='line_1_89' title="bbox 2006 3633 3656 3715; baseline 0 -19"><span class='ocrx_word' id='word_1_652' title='bbox 2006 3634 2319 3715; x_wconf 89' lang='lat' dir='ltr'><strong>aberrarit,</strong></span> <span class='ocrx_word' id='word_1_653' title='bbox 2354 3635 2401 3695; x_wconf 92' lang='lat' dir='ltr'><strong>is</strong></span> <span class='ocrx_word' id='word_1_654' title='bbox 2431 3653 2465 3695; x_wconf 92' lang='lat' dir='ltr'><strong>a</strong></span> <span class='ocrx_word' id='word_1_655' title='bbox 2496 3634 2725 3697; x_wconf 89' lang='lat' dir='ltr'><strong>sanctis</strong></span> <span class='ocrx_word' id='word_1_656' title='bbox 2772 3634 2863 3695; x_wconf 90' lang='lat' dir='ltr'><strong>sui</strong></span> <span class='ocrx_word' id='word_1_657' title='bbox 2907 3633 3134 3696; x_wconf 87' lang='lat' dir='ltr'><strong>ordinis</strong></span> <span class='ocrx_word' id='word_1_658' title='bbox 3185 3633 3537 3713; x_wconf 84' lang='lat' dir='ltr'><strong>corrigatur,</strong></span> <span class='ocrx_word' id='word_1_659' title='bbox 3569 3641 3656 3696; x_wconf 87' lang='lat' dir='ltr'><strong>sic</strong></span> 
     </span>
    </p>
   </div>
   <div class='ocr_carea' id='block_1_90' title="bbox 2007 3723 3655 3805">
    <p class='ocr_par' dir='ltr' id='par_1_90' title="bbox 2007 3723 3655 3805">
     <span class='ocr_line' id='line_1_90' title="bbox 2007 3723 3655 3805; baseline 0.001 -20"><span class='ocrx_word' id='word_1_660' title='bbox 2007 3742 2207 3802; x_wconf 90' lang='lat' dir='ltr'><strong>neque</strong></span> <span class='ocrx_word' id='word_1_661' title='bbox 2238 3727 2384 3786; x_wconf 81' lang='lat' dir='ltr'><strong>ordo</strong></span> <span class='ocrx_word' id='word_1_662' title='bbox 2417 3723 2612 3785; x_wconf 89' lang='lat' dir='ltr'><strong>ordini</strong></span> <span class='ocrx_word' id='word_1_663' title='bbox 2637 3723 3327 3805; x_wconf 58' lang='lat' dir='ltr'><strong>permiscebilurwerum</strong></span> <span class='ocrx_word' id='word_1_664' title='bbox 3352 3725 3413 3785; x_wconf 92' lang='lat' dir='ltr'><strong>in</strong></span> <span class='ocrx_word' id='word_1_665' title='bbox 3445 3724 3655 3787; x_wconf 89' lang='lat' dir='ltr'><strong>ordine</strong></span> 
     </span>
    </p>
   </div>
   <div class='ocr_carea' id='block_1_91' title="bbox 2012 3814 3652 3897">
    <p class='ocr_par' dir='ltr' id='par_1_91' title="bbox 2012 3814 3652 3897">
     <span class='ocr_line' id='line_1_91' title="bbox 2012 3814 3652 3897; baseline 0.001 -22"><span class='ocrx_word' id='word_1_666' title='bbox 2012 3815 2264 3897; x_wconf 90' lang='lat' dir='ltr'><strong>quisque</strong></span> <span class='ocrx_word' id='word_1_667' title='bbox 2292 3834 2399 3878; x_wconf 92' lang='lat' dir='ltr'><strong>suo</strong></span> <span class='ocrx_word' id='word_1_668' title='bbox 2432 3824 2490 3877; x_wconf 89' lang='lat' dir='ltr'><strong>et</strong></span> <span class='ocrx_word' id='word_1_669' title='bbox 2521 3815 2718 3877; x_wconf 88' lang='lat' dir='ltr'><strong>ofﬁcio</strong></span> <span class='ocrx_word' id='word_1_670' title='bbox 2749 3814 3101 3877; x_wconf 86' lang='lat' dir='ltr'><strong>versabitur.</strong></span> <span class='ocrx_word' id='word_1_671' title='bbox 3136 3814 3331 3895; x_wconf 82' lang='lat' dir='ltr'><strong>Atque</strong></span> <span class='ocrx_word' id='word_1_672' title='bbox 3359 3815 3483 3877; x_wconf 63' lang='lat' dir='ltr'><strong>haec</strong></span> <span class='ocrx_word' id='word_1_673' title='bbox 3514 3815 3652 3894; x_wconf 91' lang='lat' dir='ltr'><strong>qui-</strong></span> 
     </span>
    </p>
   </div>
   <div class='ocr_carea' id='block_1_92' title="bbox 2012 3904 3657 3985">
    <p class='ocr_par' dir='ltr' id='par_1_92' title="bbox 2012 3904 3657 3985">
     <span class='ocr_line' id='line_1_92' title="bbox 2012 3904 3657 3985; baseline 0.001 -19"><span class='ocrx_word' id='word_1_674' title='bbox 2012 3906 2147 3967; x_wconf 91' lang='lat' dir='ltr'><strong>dem</strong></span> <span class='ocrx_word' id='word_1_675' title='bbox 2179 3905 2285 3967; x_wconf 87' lang='lat' dir='ltr'><strong>tibi</strong></span> <span class='ocrx_word' id='word_1_676' title='bbox 2314 3924 2349 3966; x_wconf 90' lang='lat' dir='ltr'><strong>a</strong></span> <span class='ocrx_word' id='word_1_677' title='bbox 2374 3904 2548 3967; x_wconf 90' lang='lat' dir='ltr'><strong>nobis</strong></span> <span class='ocrx_word' id='word_1_678' title='bbox 2572 3905 2732 3968; x_wconf 90' lang='lat' dir='ltr'><strong>dicta</strong></span> <span class='ocrx_word' id='word_1_679' title='bbox 2761 3913 2923 3985; x_wconf 89' lang='lat' dir='ltr'><strong>sunt,</strong></span> <span class='ocrx_word' id='word_1_680' title='bbox 2959 3912 3023 3966; x_wconf 88' lang='lat' dir='ltr'><strong>ut</strong></span> <span class='ocrx_word' id='word_1_681' title='bbox 3071 3914 3130 3967; x_wconf 91' lang='lat' dir='ltr'><strong>et</strong></span> <span class='ocrx_word' id='word_1_682' title='bbox 3163 3904 3319 3968; x_wconf 87' lang='lat' dir='ltr'><strong>scias</strong></span> <span class='ocrx_word' id='word_1_683' title='bbox 3370 3914 3429 3967; x_wconf 86' lang='lat' dir='ltr'><strong>et</strong></span> <span class='ocrx_word' id='word_1_684' title='bbox 3477 3905 3657 3969; x_wconf 79' lang='lat' dir='ltr'><strong>facias</strong></span> 
     </span>
    </p>
   </div>
   <div class='ocr_carea' id='block_1_93' title="bbox 2011 3993 3654 4077">
    <p class='ocr_par' dir='ltr' id='par_1_93' title="bbox 2011 3993 3654 4077">
     <span class='ocr_line' id='line_1_93' title="bbox 2011 3993 3654 4077; baseline 0.001 -21"><span class='ocrx_word' id='word_1_685' title='bbox 2011 4012 2142 4076; x_wconf 60' lang='lat' dir='ltr'><strong>quas</strong></span> <span class='ocrx_word' id='word_1_686' title='bbox 2173 3997 2255 4056; x_wconf 88' lang='lat' dir='ltr'><strong>tui</strong></span> <span class='ocrx_word' id='word_1_687' title='bbox 2280 4004 2415 4057; x_wconf 91' lang='lat' dir='ltr'><strong>sunt</strong></span> <span class='ocrx_word' id='word_1_688' title='bbox 2441 3995 2730 4059; x_wconf 89' lang='lat' dir='ltr'><strong>muneris.</strong></span> <span class='ocrx_word' id='word_1_689' title='bbox 2766 3996 2952 4057; x_wconf 86' lang='lat' dir='ltr'><strong>Porro</strong></span> <span class='ocrx_word' id='word_1_690' title='bbox 2983 3995 3058 4056; x_wconf 92' lang='lat' dir='ltr'><strong>de</strong></span> <span class='ocrx_word' id='word_1_691' title='bbox 3093 3994 3192 4057; x_wconf 87' lang='lat' dir='ltr'><strong>illa</strong></span> <span class='ocrx_word' id='word_1_692' title='bbox 3225 3996 3285 4055; x_wconf 88' lang='lat' dir='ltr'><strong>in</strong></span> <span class='ocrx_word' id='word_1_693' title='bbox 3317 3993 3507 4057; x_wconf 86' lang='lat' dir='ltr'><strong>virum</strong></span> <span class='ocrx_word' id='word_1_694' title='bbox 3567 3995 3654 4077; x_wconf 93' lang='lat' dir='ltr'><strong>(ut</strong></span> 
     </span>
    </p>
   </div>
   <div class='ocr_carea' id='block_1_94' title="bbox 2008 4084 3764 4166">
    <p class='ocr_par' dir='ltr' id='par_1_94' title="bbox 2008 4084 3764 4166">
     <span class='ocr_line' id='line_1_94' title="bbox 2008 4084 3764 4166; baseline 0.001 -20"><span class='ocrx_word' id='word_1_695' title='bbox 2008 4084 2119 4166; x_wconf 88' lang='lat' dir='ltr'><strong>ais)</strong></span> <span class='ocrx_word' id='word_1_696' title='bbox 2156 4086 2405 4166; x_wconf 89' lang='lat' dir='ltr'><strong>impium</strong></span> <span class='ocrx_word' id='word_1_697' title='bbox 2425 4104 2495 4147; x_wconf 89' lang='lat' dir='ltr'><strong>ac</strong></span> <span class='ocrx_word' id='word_1_698' title='bbox 2533 4086 2829 4165; x_wconf 90' lang='lat' dir='ltr'><strong>perditum</strong></span> <span class='ocrx_word' id='word_1_699' title='bbox 2859 4084 3252 4160; x_wconf 86' lang='lat' dir='ltr'><strong>immanitate,</strong></span> <span class='ocrx_word' id='word_1_700' title='bbox 3291 4084 3497 4147; x_wconf 88' lang='lat' dir='ltr'><strong>nescio</strong></span> <span class='ocrx_word' id='word_1_701' title='bbox 3538 4105 3655 4166; x_wconf 89' lang='lat' dir='ltr'><strong>quo</strong></span> <span class='ocrx_word' id='word_1_702' title='bbox 3752 4084 3764 4091; x_wconf 75' lang='grc'><em>’</em></span> 
     </span>
    </p>
   </div>
   <div class='ocr_carea' id='block_1_95' title="bbox 2010 4174 3656 4258">
    <p class='ocr_par' dir='ltr' id='par_1_95' title="bbox 2010 4174 3656 4258">
     <span class='ocr_line' id='line_1_95' title="bbox 2010 4174 3656 4258; baseline 0.002 -21"><span class='ocrx_word' id='word_1_703' title='bbox 2010 4176 2151 4238; x_wconf 89' lang='lat' dir='ltr'><strong>ﬂetu</strong></span> <span class='ocrx_word' id='word_1_704' title='bbox 2184 4176 2460 4258; x_wconf 84' lang='lat' dir='ltr'><strong>plangam</strong></span> <span class='ocrx_word' id='word_1_705' title='bbox 2484 4174 2912 4237; x_wconf 87' lang='lat' dir='ltr'><strong>contritionem</strong></span> <span class='ocrx_word' id='word_1_706' title='bbox 2936 4174 3314 4237; x_wconf 87' lang='lat' dir='ltr'><strong>dilectissimi</strong></span> <span class='ocrx_word' id='word_1_707' title='bbox 3338 4176 3656 4258; x_wconf 82' lang='lat' dir='ltr'><strong>mei,cujus</strong></span> 
     </span>
    </p>
   </div>
   <div class='ocr_carea' id='block_1_96' title="bbox 2009 4264 3655 4329">
    <p class='ocr_par' dir='ltr' id='par_1_96' title="bbox 2009 4264 3655 4329">
     <span class='ocr_line' id='line_1_96' title="bbox 2009 4264 3655 4329; baseline 0 0"><span class='ocrx_word' id='word_1_708' title='bbox 2009 4266 2240 4329; x_wconf 89' lang='lat' dir='ltr'><strong>scilicet</strong></span> <span class='ocrx_word' id='word_1_709' title='bbox 2266 4266 2554 4328; x_wconf 91' lang='lat' dir='ltr'><strong>cultorem</strong></span> <span class='ocrx_word' id='word_1_710' title='bbox 2588 4274 2645 4328; x_wconf 90' lang='lat' dir='ltr'><strong>te</strong></span> <span class='ocrx_word' id='word_1_711' title='bbox 2665 4265 2973 4328; x_wconf 88' lang='lat' dir='ltr'><strong>arbitraris</strong></span> <span class='ocrx_word' id='word_1_712' title='bbox 3006 4284 3040 4327; x_wconf 90' lang='lat' dir='ltr'><strong>a</strong></span> <span class='ocrx_word' id='word_1_713' title='bbox 3064 4264 3239 4327; x_wconf 90' lang='lat' dir='ltr'><strong>nobis</strong></span> <span class='ocrx_word' id='word_1_714' title='bbox 3268 4266 3655 4329; x_wconf 89' lang='lat' dir='ltr'><strong>constitutum</strong></span> 
     </span>
    </p>
   </div>
   <div class='ocr_carea' id='block_1_97' title="bbox 2009 4354 3654 4438">
    <p class='ocr_par' dir='ltr' id='par_1_97' title="bbox 2009 4354 3654 4438">
     <span class='ocr_line' id='line_1_97' title="bbox 2009 4354 3654 4438; baseline -0.001 -17"><span class='ocrx_word' id='word_1_715' title='bbox 2009 4375 2165 4434; x_wconf 88' lang='lat' dir='ltr'><strong>esse,</strong></span> <span class='ocrx_word' id='word_1_716' title='bbox 2203 4357 2317 4419; x_wconf 86' lang='lat' dir='ltr'><strong>nisi</strong></span> <span class='ocrx_word' id='word_1_717' title='bbox 2347 4363 2510 4419; x_wconf 90' lang='lat' dir='ltr'><strong>certe</strong></span> <span class='ocrx_word' id='word_1_718' title='bbox 2532 4355 2695 4419; x_wconf 89' lang='lat' dir='ltr'><strong>illius</strong></span> <span class='ocrx_word' id='word_1_719' title='bbox 2745 4355 2963 4417; x_wconf 90' lang='lat' dir='ltr'><strong>summi</strong></span> <span class='ocrx_word' id='word_1_720' title='bbox 2992 4354 3135 4418; x_wconf 90' lang='lat' dir='ltr'><strong>boni</strong></span> <span class='ocrx_word' id='word_1_721' title='bbox 3168 4355 3362 4418; x_wconf 89' lang='lat' dir='ltr'><strong>cultor</strong></span> <span class='ocrx_word' id='word_1_722' title='bbox 3392 4374 3477 4427; x_wconf 89' lang='lat' dir='ltr'><strong>es,</strong></span> <span class='ocrx_word' id='word_1_723' title='bbox 3517 4375 3654 4438; x_wconf 84' lang='lat' dir='ltr'><strong>pro-</strong></span> 
     </span>
    </p>
   </div>
   <div class='ocr_carea' id='block_1_98' title="bbox 2009 4444 3653 4522">
    <p class='ocr_par' dir='ltr' id='par_1_98' title="bbox 2009 4444 3653 4522">
     <span class='ocr_line' id='line_1_98' title="bbox 2009 4444 3653 4522; baseline -0.001 -12"><span class='ocrx_word' id='word_1_724' title='bbox 2009 4449 2163 4512; x_wconf 88' lang='lat' dir='ltr'><strong>fecto</strong></span> <span class='ocrx_word' id='word_1_725' title='bbox 2193 4455 2254 4510; x_wconf 90' lang='lat' dir='ltr'><strong>et</strong></span> <span class='ocrx_word' id='word_1_726' title='bbox 2281 4466 2316 4510; x_wconf 92' lang='lat' dir='ltr'><strong>a</strong></span> <span class='ocrx_word' id='word_1_727' title='bbox 2356 4445 2554 4522; x_wconf 90' lang='lat' dir='ltr'><strong>nobis,</strong></span> <span class='ocrx_word' id='word_1_728' title='bbox 2586 4447 2831 4509; x_wconf 90' lang='lat' dir='ltr'><strong>omnino</strong></span> <span class='ocrx_word' id='word_1_729' title='bbox 2877 4449 2940 4508; x_wconf 87' lang='lat' dir='ltr'><strong>et</strong></span> <span class='ocrx_word' id='word_1_730' title='bbox 2983 4444 3057 4507; x_wconf 86' lang='lat' dir='ltr'><strong>ab</strong></span> <span class='ocrx_word' id='word_1_731' title='bbox 3110 4444 3276 4507; x_wconf 90' lang='lat' dir='ltr'><strong>omni</strong></span> <span class='ocrx_word' id='word_1_732' title='bbox 3301 4454 3520 4509; x_wconf 68' lang='lat' dir='ltr'><strong>nostra:</strong></span> <span class='ocrx_word' id='word_1_733' title='bbox 3551 4464 3653 4509; x_wconf 86' lang='lat' dir='ltr'><strong>re-</strong></span> 
     </span>
    </p>
   </div>
   <div class='ocr_carea' id='block_1_99' title="bbox 2005 4533 3656 4618">
    <p class='ocr_par' dir='ltr' id='par_1_99' title="bbox 2005 4533 3656 4618">
     <span class='ocr_line' id='line_1_99' title="bbox 2005 4533 3656 4618; baseline 0 -20"><span class='ocrx_word' id='word_1_734' title='bbox 2005 4537 2243 4618; x_wconf 84' lang='lat' dir='ltr'><strong>ligionis</strong></span> <span class='ocrx_word' id='word_1_735' title='bbox 2272 4538 2434 4599; x_wconf 88' lang='lat' dir='ltr'><strong>cultu</strong></span> <span class='ocrx_word' id='word_1_736' title='bbox 2465 4536 2697 4599; x_wconf 87' lang='lat' dir='ltr'><strong>alienus</strong></span> <span class='ocrx_word' id='word_1_737' title='bbox 2722 4535 2801 4597; x_wconf 89' lang='lat' dir='ltr'><strong>sis</strong></span> <span class='ocrx_word' id='word_1_738' title='bbox 2832 4552 3083 4597; x_wconf 89' lang='lat' dir='ltr'><strong>necesse</strong></span> <span class='ocrx_word' id='word_1_739' title='bbox 3107 4542 3198 4597; x_wconf 88' lang='lat' dir='ltr'><strong>est</strong></span> <span class='ocrx_word' id='word_1_740' title='bbox 3230 4557 3246 4613; x_wconf 83' lang='lat'><strong>;</strong></span> <span class='ocrx_word' id='word_1_741' title='bbox 3282 4533 3511 4616; x_wconf 87' lang='lat' dir='ltr'><strong>tibique</strong></span> <span class='ocrx_word' id='word_1_742' title='bbox 3535 4537 3656 4615; x_wconf 89' lang='lat' dir='ltr'><strong>jam</strong></span> 
     </span>
    </p>
   </div>
   <div class='ocr_carea' id='block_1_100' title="bbox 2004 4624 3653 4709">
    <p class='ocr_par' dir='ltr' id='par_1_100' title="bbox 2004 4624 3653 4709">
     <span class='ocr_line' id='line_1_100' title="bbox 2004 4624 3653 4709; baseline -0.002 -19"><span class='ocrx_word' id='word_1_743' title='bbox 2004 4626 2163 4690; x_wconf 91' lang='lat' dir='ltr'><strong>Deus</strong></span> <span class='ocrx_word' id='word_1_744' title='bbox 2194 4627 2349 4689; x_wconf 89' lang='lat' dir='ltr'><strong>alius</strong></span> <span class='ocrx_word' id='word_1_745' title='bbox 2394 4625 2759 4709; x_wconf 63' lang='lat' dir='ltr'><strong>quaerendus</strong></span> <span class='ocrx_word' id='word_1_746' title='bbox 2808 4633 2918 4703; x_wconf 91' lang='lat' dir='ltr'><strong>est,</strong></span> <span class='ocrx_word' id='word_1_747' title='bbox 2954 4632 3129 4706; x_wconf 90' lang='lat' dir='ltr'><strong>atque</strong></span> <span class='ocrx_word' id='word_1_748' title='bbox 3150 4624 3255 4688; x_wconf 91' lang='lat' dir='ltr'><strong>alii</strong></span> <span class='ocrx_word' id='word_1_749' title='bbox 3287 4626 3653 4708; x_wconf 87' lang='lat' dir='ltr'><strong>sacerdotes,</strong></span> 
     </span>
    </p>
   </div>
   <div class='ocr_carea' id='block_1_101' title="bbox 2008 4715 3659 4798">
    <p class='ocr_par' dir='ltr' id='par_1_101' title="bbox 2008 4715 3659 4798">
     <span class='ocr_line' id='line_1_101' title="bbox 2008 4715 3659 4798; baseline -0.001 -19"><span class='ocrx_word' id='word_1_750' title='bbox 2008 4725 2071 4779; x_wconf 90' lang='lat' dir='ltr'><strong>ut</strong></span> <span class='ocrx_word' id='word_1_751' title='bbox 2101 4717 2256 4798; x_wconf 83' lang='lat' dir='ltr'><strong>apud</strong></span> <span class='ocrx_word' id='word_1_752' title='bbox 2280 4718 2412 4781; x_wconf 91' lang='lat' dir='ltr'><strong>illos</strong></span> <span class='ocrx_word' id='word_1_753' title='bbox 2434 4718 2700 4780; x_wconf 79' lang='lat' dir='ltr'><strong>effereris</strong></span> <span class='ocrx_word' id='word_1_754' title='bbox 2714 4715 2911 4798; x_wconf 89' lang='lat' dir='ltr'><strong>potius</strong></span> <span class='ocrx_word' id='word_1_755' title='bbox 2932 4732 3111 4797; x_wconf 87' lang='lat' dir='ltr'><strong>quam</strong></span> <span class='ocrx_word' id='word_1_756' title='bbox 3137 4715 3659 4796; x_wconf 81' lang='lat' dir='ltr'><strong>initieris,evadas-</strong></span> 
     </span>
    </p>
   </div>
   <div class='ocr_carea' id='block_1_102' title="bbox 2008 4805 3654 4887">
    <p class='ocr_par' dir='ltr' id='par_1_102' title="bbox 2008 4805 3654 4887">
     <span class='ocr_line' id='line_1_102' title="bbox 2008 4805 3654 4887; baseline 0.001 -19"><span class='ocrx_word' id='word_1_757' title='bbox 2008 4825 2127 4885; x_wconf 90' lang='lat' dir='ltr'><strong>que</strong></span> <span class='ocrx_word' id='word_1_758' title='bbox 2151 4807 2360 4869; x_wconf 65' lang='lat' dir='ltr'><strong>amicas</strong></span> <span class='ocrx_word' id='word_1_759' title='bbox 2396 4807 2502 4869; x_wconf 91' lang='lat' dir='ltr'><strong>tibi</strong></span> <span class='ocrx_word' id='word_1_760' title='bbox 2534 4807 2905 4870; x_wconf 89' lang='lat' dir='ltr'><strong>crudelitatis</strong></span> <span class='ocrx_word' id='word_1_761' title='bbox 2939 4805 3213 4868; x_wconf 86' lang='lat' dir='ltr'><strong>minister</strong></span> <span class='ocrx_word' id='word_1_762' title='bbox 3241 4805 3654 4887; x_wconf 89' lang='lat' dir='ltr'><strong>implacabilis.</strong></span> 
     </span>
    </p>
   </div>
   <div class='ocr_carea' id='block_1_103' title="bbox 2008 4895 3662 4977">
    <p class='ocr_par' dir='ltr' id='par_1_103' title="bbox 2008 4895 3662 4977">
     <span class='ocr_line' id='line_1_103' title="bbox 2008 4895 3662 4977; baseline -0.001 -18"><span class='ocrx_word' id='word_1_763' title='bbox 2008 4895 2247 4959; x_wconf 87' lang='lat' dir='ltr'><strong>Scilicet</strong></span> <span class='ocrx_word' id='word_1_764' title='bbox 2272 4915 2383 4958; x_wconf 92' lang='lat' dir='ltr'><strong>nos</strong></span> <span class='ocrx_word' id='word_1_765' title='bbox 2413 4897 2525 4976; x_wconf 90' lang='lat' dir='ltr'><strong>ipsi</strong></span> <span class='ocrx_word' id='word_1_766' title='bbox 2560 4897 2733 4977; x_wconf 89' lang='lat' dir='ltr'><strong>plane</strong></span> <span class='ocrx_word' id='word_1_767' title='bbox 2766 4895 2955 4959; x_wconf 88' lang='lat' dir='ltr'><strong>sancti</strong></span> <span class='ocrx_word' id='word_1_768' title='bbox 2976 4906 3035 4959; x_wconf 88' lang='lat' dir='ltr'><strong>et</strong></span> <span class='ocrx_word' id='word_1_769' title='bbox 3068 4896 3307 4976; x_wconf 85' lang='lat' dir='ltr'><strong>perfecti</strong></span> <span class='ocrx_word' id='word_1_770' title='bbox 3339 4914 3563 4969; x_wconf 91' lang='lat' dir='ltr'><strong>sumus,</strong></span> <span class='ocrx_word' id='word_1_771' title='bbox 3601 4905 3662 4958; x_wconf 88' lang='lat' dir='ltr'><strong>et</strong></span> 
     </span>
    </p>
   </div>
   <div class='ocr_carea' id='block_1_104' title="bbox 2008 4984 3660 5068">
    <p class='ocr_par' dir='ltr' id='par_1_104' title="bbox 2008 4984 3660 5068">
     <span class='ocr_line' id='line_1_104' title="bbox 2008 4984 3660 5068; baseline 0.001 -22"><span class='ocrx_word' id='word_1_772' title='bbox 2008 4984 2570 5048; x_wconf 68' lang='lat' dir='ltr'><strong>divinaeclementiaa</strong></span> <span class='ocrx_word' id='word_1_773' title='bbox 2586 4987 2834 5049; x_wconf 91' lang='lat' dir='ltr'><strong>minime</strong></span> <span class='ocrx_word' id='word_1_774' title='bbox 2866 4984 3414 5067; x_wconf 83' lang='lat' dir='ltr'><strong>egemus.Nunquid</strong></span> <span class='ocrx_word' id='word_1_775' title='bbox 3435 4984 3660 5068; x_wconf 89' lang='lat' dir='ltr'><strong>duplici</strong></span> 
     </span>
    </p>
   </div>
   <div class='ocr_carea' id='block_1_105' title="bbox 2009 5074 3659 5159">
    <p class='ocr_par' dir='ltr' id='par_1_105' title="bbox 2009 5074 3659 5159">
     <span class='ocr_line' id='line_1_105' title="bbox 2009 5074 3659 5159; baseline 0 -21"><span class='ocrx_word' id='word_1_776' title='bbox 2009 5083 2252 5158; x_wconf 85' lang='lat' dir='ltr'><strong>peccato</strong></span> <span class='ocrx_word' id='word_1_777' title='bbox 2278 5076 2367 5155; x_wconf 92' lang='lat' dir='ltr'><strong>(ut</strong></span> <span class='ocrx_word' id='word_1_778' title='bbox 2387 5080 2625 5138; x_wconf 88' lang='lat' dir='ltr'><strong>oracula</strong></span> <span class='ocrx_word' id='word_1_779' title='bbox 2644 5076 2991 5159; x_wconf 88' lang='lat' dir='ltr'><strong>loquuntur)</strong></span> <span class='ocrx_word' id='word_1_780' title='bbox 3020 5074 3344 5158; x_wconf 91' lang='lat' dir='ltr'><strong>impiorum</strong></span> <span class='ocrx_word' id='word_1_781' title='bbox 3381 5077 3659 5138; x_wconf 49' lang='lat' dir='ltr'><strong>morede.</strong></span> 
     </span>
    </p>
   </div>
   <div class='ocr_carea' id='block_1_106' title="bbox 2010 5163 3656 5247">
    <p class='ocr_par' dir='ltr' id='par_1_106' title="bbox 2010 5163 3656 5247">
     <span class='ocr_line' id='line_1_106' title="bbox 2010 5163 3656 5247; baseline 0.001 -23"><span class='ocrx_word' id='word_1_782' title='bbox 2010 5163 2360 5247; x_wconf 91' lang='lat' dir='ltr'><strong>linquimus,</strong></span> <span class='ocrx_word' id='word_1_783' title='bbox 2385 5166 2524 5227; x_wconf 89' lang='lat' dir='ltr'><strong>dum</strong></span> <span class='ocrx_word' id='word_1_784' title='bbox 2545 5166 2879 5227; x_wconf 89' lang='lat' dir='ltr'><strong>nescientes</strong></span> <span class='ocrx_word' id='word_1_785' title='bbox 2902 5165 2960 5226; x_wconf 90' lang='lat' dir='ltr'><strong>in</strong></span> <span class='ocrx_word' id='word_1_786' title='bbox 2985 5184 3102 5246; x_wconf 91' lang='lat' dir='ltr'><strong>quo</strong></span> <span class='ocrx_word' id='word_1_787' title='bbox 3126 5166 3656 5247; x_wconf 83' lang='lat' dir='ltr'><strong>offendimus,nos-</strong></span> 
     </span>
    </p>
   </div>
   <div class='ocr_carea' id='block_1_107' title="bbox 2012 5254 3659 5338">
    <p class='ocr_par' dir='ltr' id='par_1_107' title="bbox 2012 5254 3659 5338">
     <span class='ocr_line' id='line_1_107' title="bbox 2012 5254 3659 5338; baseline -0.001 -20"><span class='ocrx_word' id='word_1_788' title='bbox 2012 5255 2300 5336; x_wconf 87' lang='lat' dir='ltr'><strong>metipsos</strong></span> <span class='ocrx_word' id='word_1_789' title='bbox 2331 5255 2575 5334; x_wconf 90' lang='lat' dir='ltr'><strong>insuper</strong></span> <span class='ocrx_word' id='word_1_790' title='bbox 2600 5254 3423 5338; x_wconf 80' lang='lat' dir='ltr'><strong>justificamus,putamusque</strong></span> <span class='ocrx_word' id='word_1_791' title='bbox 3455 5276 3563 5318; x_wconf 88' lang='lat' dir='ltr'><strong>nos</strong></span> <span class='ocrx_word' id='word_1_792' title='bbox 3582 5256 3659 5317; x_wconf 79' lang='lat' dir='ltr'><strong>vi-</strong></span> 
     </span>
    </p>
   </div>
   <div class='ocr_carea' id='block_1_108' title="bbox 2013 5342 3656 5427">
    <p class='ocr_par' dir='ltr' id='par_1_108' title="bbox 2013 5342 3656 5427">
     <span class='ocr_line' id='line_1_108' title="bbox 2013 5342 3656 5427; baseline -0.002 -17"><span class='ocrx_word' id='word_1_793' title='bbox 2013 5347 2180 5422; x_wconf 87' lang='lat' dir='ltr'><strong>dere,</strong></span> <span class='ocrx_word' id='word_1_794' title='bbox 2214 5364 2347 5407; x_wconf 89' lang='lat' dir='ltr'><strong>cum</strong></span> <span class='ocrx_word' id='word_1_795' title='bbox 2403 5343 2649 5406; x_wconf 88' lang='lat' dir='ltr'><strong>minime</strong></span> <span class='ocrx_word' id='word_1_796' title='bbox 2698 5342 3001 5406; x_wconf 87' lang='lat' dir='ltr'><strong>videamus</strong></span> <span class='ocrx_word' id='word_1_797' title='bbox 3029 5348 3058 5405; x_wconf 85' lang='lat'><strong>?</strong></span> <span class='ocrx_word' id='word_1_798' title='bbox 3090 5344 3413 5427; x_wconf 81' lang='lat' dir='ltr'><strong>Obstupuit</strong></span> <span class='ocrx_word' id='word_1_799' title='bbox 3442 5346 3656 5410; x_wconf 64' lang='lat' dir='ltr'><strong>caelum</strong></span> 
     </span>
    </p>
   </div>
   <div class='ocr_carea' id='block_1_109' title="bbox 1592 5628 2348 5699">
    <p class='ocr_par' dir='ltr' id='par_1_109' title="bbox 1592 5628 2348 5699">
     <span class='ocr_line' id='line_1_109' title="bbox 1592 5628 2348 5699; baseline 0.003 -4"><span class='ocrx_word' id='word_1_800' title='bbox 1592 5628 1860 5698; x_wconf 69' lang='lat' dir='ltr'><strong>VARLE</strong></span> <span class='ocrx_word' id='word_1_801' title='bbox 1913 5630 2348 5699; x_wconf 84' lang='lat' dir='ltr'><strong>LECTIONES.</strong></span> 
     </span>
    </p>
   </div>
   <div class='ocr_carea' id='block_1_110' title="bbox 359 5720 819 5809">
    <p class='ocr_par' dir='ltr' id='par_1_110' title="bbox 359 5720 819 5809">
     <span class='ocr_line' id='line_1_110' title="bbox 359 5720 819 5809; baseline 0.002 -24"><span class='ocrx_word' id='word_1_802' title='bbox 359 5720 416 5770; x_wconf 69' lang='grc'><strong>9³</strong></span> <span class='ocrx_word' id='word_1_803' title='bbox 434 5726 714 5809; x_wconf 48' lang='grc' dir='ltr'>ἀπορέμει,</span> <span class='ocrx_word' id='word_1_804' title='bbox 755 5729 819 5794; x_wconf 82' lang='lat' dir='ltr'><strong>S.</strong></span> 
     </span>
    </p>
   </div>
   <div class='ocr_carea' id='block_1_111' title="bbox 278 5804 598 5872">
    <p class='ocr_par' dir='ltr' id='par_1_111' title="bbox 278 5804 598 5872">
     <span class='ocr_line' id='line_1_111' title="bbox 278 5804 598 5872; baseline 0.019 -5"><span class='ocrx_word' id='word_1_805' title='bbox 278 5804 346 5861; x_wconf 59' lang='grc' dir='ltr'><strong>ω</strong></span> <span class='ocrx_word' id='word_1_806' title='bbox 372 5810 496 5872; x_wconf 67' lang='lat' dir='ltr'><strong>oin.</strong></span> <span class='ocrx_word' id='word_1_807' title='bbox 526 5805 598 5872; x_wconf 85' lang='grc' dir='ltr'><strong>Ῑ).</strong></span> 
     </span>
    </p>
   </div>
   <div class='ocr_carea' id='block_1_112' title="bbox 478 5856 496 5893">
    <p class='ocr_par' dir='ltr' id='par_1_112' title="bbox 478 5856 496 5893">
     <span class='ocr_line' id='line_1_112' title="bbox 478 5856 496 5893; baseline 0 0"><span class='ocrx_word' id='word_1_808' title='bbox 478 5856 496 5893; x_wconf 73' lang='grc'><strong><em>2</em></strong></span> 
     </span>
    </p>
   </div>
   <div class='ocr_carea' id='block_1_113' title="bbox 919 5728 2876 5820">
    <p class='ocr_par' dir='ltr' id='par_1_113' title="bbox 919 5728 2876 5820">
     <span class='ocr_line' id='line_1_113' title="bbox 919 5728 2876 5820; baseline 0.003 -32"><span class='ocrx_word' id='word_1_809' title='bbox 919 5728 986 5782; x_wconf 68' lang='grc'><strong>94</strong></span> <span class='ocrx_word' id='word_1_810' title='bbox 1027 5728 1358 5809; x_wconf 80' lang='grc' dir='ltr'>ἀπονέμωσι,</span> <span class='ocrx_word' id='word_1_811' title='bbox 1418 5731 1479 5794; x_wconf 89' lang='lat' dir='ltr'><strong>S.</strong></span> <span class='ocrx_word' id='word_1_812' title='bbox 1581 5731 1648 5785; x_wconf 71' lang='lat'><strong>95</strong></span> <span class='ocrx_word' id='word_1_813' title='bbox 1686 5731 1905 5820; x_wconf 75' lang='grc' dir='ltr'>εἰδότες,</span> <span class='ocrx_word' id='word_1_814' title='bbox 1965 5736 2029 5800; x_wconf 81' lang='grc'><strong>8,</strong></span> <span class='ocrx_word' id='word_1_815' title='bbox 2089 5733 2155 5799; x_wconf 86' lang='grc' dir='ltr'><strong>Ρ,</strong></span> <span class='ocrx_word' id='word_1_816' title='bbox 2258 5731 2324 5783; x_wconf 80' lang='grc'><strong>96</strong></span> <span class='ocrx_word' id='word_1_817' title='bbox 2365 5729 2630 5812; x_wconf 80' lang='grc' dir='ltr'>ἐπιθέντα,</span> <span class='ocrx_word' id='word_1_818' title='bbox 2689 5734 2750 5797; x_wconf 83' lang='lat' dir='ltr'><strong>S.</strong></span> <span class='ocrx_word' id='word_1_819' title='bbox 2811 5734 2876 5794; x_wconf 83' lang='grc' dir='ltr'><strong>Ρ.</strong></span> 
     </span>
    </p>
   </div>
   <div class='ocr_carea' id='block_1_114' title="bbox 2981 5728 3655 5814">
    <p class='ocr_par' dir='ltr' id='par_1_114' title="bbox 2981 5728 3655 5814">
     <span class='ocr_line' id='line_1_114' title="bbox 2981 5728 3655 5814; baseline -0.004 -22"><span class='ocrx_word' id='word_1_820' title='bbox 2981 5728 3042 5783; x_wconf 79' lang='grc'><strong>97</strong></span> <span class='ocrx_word' id='word_1_821' title='bbox 3093 5733 3185 5792; x_wconf 78' lang='grc' dir='ltr'>οὐκ</span> <span class='ocrx_word' id='word_1_822' title='bbox 3234 5729 3355 5791; x_wconf 80' lang='grc' dir='ltr'>οῖδα</span> <span class='ocrx_word' id='word_1_823' title='bbox 3400 5737 3530 5814; x_wconf 81' lang='grc' dir='ltr'>τῶς,</span> <span class='ocrx_word' id='word_1_824' title='bbox 3582 5735 3655 5802; x_wconf 81' lang='lat' dir='ltr'><strong>D,</strong></span> 
     </span>
    </p>
   </div>
  </div>
