4086 6154
519 346 672 424 1131’

513 500 672 565 tens,
707 490 994 574 propitius
1023 489 1452 566 esto,Domine,
1474 498 1703 554 amator
1732 491 2065 556 hominum.

596 582 859 646 Elevans
878 583 1180 644 vocem.Et
1196 589 1411 662 praesta
1431 581 1604 642 nobis
1617 582 1791 644 ﬁnem
1813 583 2150 663 paciﬁcum,

515 672 736 734 exitum
770 689 903 733 cum
937 671 1392 734 misericordia:
1424 679 1605 752 utque
1623 679 1846 734 stemus
1873 672 2155 753 inculpati

517 761 590 823 ad
621 761 1019 841 dexteram,et
1043 779 1177 822 cum
1212 761 1364 823 facie
1391 761 1647 823 revelata
1686 770 1740 822 et
1773 762 2010 838 ﬁducia,
2047 780 2153 823 oc-

517 868 826 914 curramus
846 851 918 912 ad
943 857 1135 912 ortum
1171 849 1460 929 unigeniti
1489 850 1619 912 Filii
1652 853 1760 931 tui;
1790 859 1848 912 et
1869 851 1940 913 ad
1974 852 2156 912 mani-

519 939 894 1002 festationem
927 939 1056 1019 ejus
1084 939 1406 1001 secundam
1436 947 1494 1001 et
1523 939 1838 1017 gloriosam
1879 939 1954 1001 de
1979 939 2154 1003 caelo:

519 1029 950 1109 audiamusque
975 1027 1048 1089 ab
1064 1047 1134 1089 eo
1149 1045 1359 1090 vocem
1378 1028 1538 1090 illam
1560 1028 1792 1091 beatam
1806 1028 2158 1111 .quambea-

523 1119 599 1181 tis
619 1120 678 1180 in
713 1120 830 1180 ﬁne
861 1117 1594 1200 pronuntiabit,benedicti
1626 1122 1835 1182 Patris
1874 1120 2017 1200 mei,
2051 1137 2159 1181 ca-

520 1209 741 1289 pessite
770 1207 1191 1270 lia’reditatem
1223 1209 1398 1288 regni
1425 1208 1769 1285 celestis,ut
1792 1213 1850 1271 in
1882 1210 1992 1270 hoc
2008 1208 2162 1271 sicut

523 1308 582 1360 et
610 1298 672 1360 in
693 1295 970 1360 omnibus
983 1296 1349 1374 gloriﬁcatur
1371 1306 1429 1360 et
1447 1298 1724 1362 laudetur
1753 1318 1972 1363 nomen
1994 1307 2158 1361 tuum

521 1387 780 1450 maxime
801 1387 1232 1450 venerandum.

599 1477 893 1558 Papulas.
925 1473 1021 1540 Ut.

599 1568 914 1631 Sacerdos.
951 1567 1070 1629 Pax
1097 1616 1111 1631 .

602 1656 895 1737 Populus.
927 1655 1156 1719 Etcum
1188 1655 1398 1738 spiritu
1443 1666 1564 1720 tuo.

561 1761 862 1825 Sacerdos
879 1760 1118 1841 frangit
1148 1761 1434 1837 hostiam,
1458 1768 1515 1824 et
1545 1761 1692 1826 dicit
1739 1761 2117 1844 Orationem,

1041 1856 1183 1914 tmte
1211 1852 1387 1913 Pater
1414 1860 1634 1915 noster.

600 1958 778 2020 Pater
817 1954 1082 2017 omnium
1133 1963 1191 2017 et
1241 1954 1600 2037 principium
1652 1957 1810 2038 quod
1857 1967 1949 2019 est
1977 1974 2158 2036 super

519 2047 738 2122 omnia,
773 2045 874 2108 lux
917 2053 1142 2107 aeterna
1191 2053 1250 2107 et
1277 2045 1408 2108 fons
1463 2045 1632 2121 lucis,
1688 2065 1820 2126 quae
1863 2046 2158 2109 illuminat

521 2155 730 2200 omnes
761 2145 1000 2198 naturas
1029 2134 1258 2197 ratione
1293 2135 1696 2218 prceditas,qui
1723 2154 1897 2198 vocas
1929 2155 1996 2198 ex
2033 2139 2160 2218 pul-

520 2245 660 2290 vere
679 2227 938 2307 iuopem,
961 2233 1022 2287 et
1043 2225 1117 2288 de
1138 2233 1398 2288 stercore
1419 2226 1600 2305 erigis
1615 2234 2029 2308 pauperem,et
2052 2247 2160 2289 nos

517 2319 789 2398 jactatos,
834 2316 1091 2395 rejectos
1121 2323 1180 2377 et
1208 2316 1476 2376 inﬁrmos
1507 2315 1580 2377 ad
1612 2316 1942 2378 libertatem
1970 2327 2025 2380 et
2049 2318 2160 2379 do-

519 2407 824 2470 mesticam
854 2405 1114 2469 ﬁliorum
1147 2414 1379 2468 tuorum
1422 2405 1767 2486 dignitatem
1804 2409 2162 2489 vocasti,per

518 2495 736 2559 Filium
764 2504 929 2559 tuum
963 2495 1284 2560 dilectum:
1316 2504 1529 2577 praesta
1555 2495 1723 2558 nobis
1757 2505 1818 2559 ut
1849 2498 1952 2560 ﬁlii
1973 2501 2160 2560 sancti

522 2595 581 2649 et
609 2588 724 2649 hoc
755 2585 1114 2666 cognomine
1135 2604 1252 2648 non
1283 2586 1510 2665 indigni
1537 2605 1930 2668 appareamus
1958 2606 2154 2650 coram

523 2686 603 2749 te,
633 2695 811 2738 omne
843 2694 1080 2757 quoque
1097 2675 1493 2738 ministerium
1519 2685 1810 2752 nostrum,
1832 2679 2159 2740 secundum

525 2785 722 2829 mores
751 2765 1082 2846 inculpatos
1105 2765 1572 2846 perﬁciamus,et
1597 2786 1727 2827 cum
1755 2768 2008 2848 puritate
2031 2767 2158 2829 ani-

524 2875 655 2931 mae,
688 2855 1024 2917 intellectus
1056 2855 1368 2929 munditia,
1397 2854 1711 2937 divinaque
1757 2867 1978 2936 mente,
2007 2876 2158 2936 qua-

520 2963 755 3028 cunque
786 2945 935 3008 hora
964 2944 1307 3008 invocemus
1337 2953 1394 3006 te
1417 2944 1598 3008 Deum
1622 2945 1853 3009 Patrem
1878 2947 2156 3027 omnipo-

521 3042 767 3111 tentem,
797 3043 1066 3096 sanctum
1095 3043 1152 3097 et
1173 3035 1478 3098 cmlestem
1512 3053 1752 3099 oremus
1783 3045 1842 3098 et
1862 3037 2153 3114 dicamus,

519 3125 693 3188 Pater
714 3134 917 3187 noster
946 3131 1047 3202 qui
1079 3143 1142 3187 es
1173 3125 1233 3187 in
1259 3125 1452 3188 caelis.

600 3215 894 3297 Papulas.
931 3215 1347 3278 Sanctiﬁcetur
1373 3235 1590 3279 nomen
1623 3225 1810 3293 tuum,
1839 3223 1952 3279 etc.

597 3302 1142 3370 Sacerdos.Libera
1161 3324 1364 3368 servos
1386 3316 1442 3368 et
1465 3307 1613 3368 ﬁlios
1637 3307 2161 3386 tuos,Domine,ab

521 3396 803 3460 omnibus
821 3395 1242 3459 teutationibus
1271 3395 1638 3460 difﬁcillimis
1665 3407 1723 3460 et
1744 3397 2042 3479 quaevires
2065 3417 2161 3460 su—

518 3495 770 3569 perent:
830 3494 888 3548 et
943 3485 1016 3547 ab
1068 3485 1348 3548 omnibus
1406 3486 1713 3549 doloribus
1761 3487 1863 3570 qui
1913 3489 2158 3568 corpori

515 3585 720 3639 nostro
763 3575 856 3638 vel
875 3575 1087 3638 animae
1109 3575 1392 3638 damnum
1439 3576 1660 3640 inferre
1692 3586 1960 3656 possunt.
2001 3579 2156 3639 Cus-

515 3667 640 3730 todi
671 3685 780 3728 nos
807 3665 981 3728 simul
1015 3684 1048 3727 a
1071 3667 1224 3728 malo
1253 3665 1408 3728 etab
1442 3667 1574 3748 ejus
1605 3675 1893 3748 potestate
1924 3668 2152 3730 univer-

517 3774 605 3837 sa,
639 3764 696 3818 et
727 3774 760 3816 a
791 3755 1024 3817 technis
1050 3756 1180 3835 ejus
1209 3755 1586 3838 perniciosis,
1628 3759 1767 3837 quia
1792 3766 1851 3818 tu
1877 3756 2001 3818 Rex
2031 3775 2158 3820 om-

517 3847 682 3908 nium
703 3863 789 3926 es,
824 3853 886 3906 et
917 3843 1017 3907 tibi
1044 3844 1292 3924 gloriam
1325 3846 1664 3912 referimus.

599 3934 890 4015 Populus.
936 3933 1148 3996 Amen.

596 4023 904 4090 Sacerdos.
940 4026 1078 4087 Pax.

595 4115 884 4196 Populus.
913 4113 1144 4177 Etcum
1180 4115 1391 4198 spiritu
1424 4123 1547 4179 tuo.

592 4203 926 4268 Diaconus.
961 4205 1139 4269 Ante.

590 4295 886 4375 Populus.
918 4295 1128 4358 Coram
1163 4305 1241 4376 te,
1287 4295 1558 4358 Domine.

591 4385 1154 4466 Sacerdos.Aspice,
1181 4385 1454 4466 Domine,
1490 4385 1772 4467 populum
1801 4393 1963 4448 tuum
2000 4385 2152 4448 ﬁde-

512 4475 768 4552 lem,qui
786 4484 1054 4538 coramte
1078 4475 1397 4537 inclinatus
1411 4484 1589 4556 est,et
1610 4484 1910 4556 exspectat
1930 4476 2150 4542 donum

510 4572 676 4628 tuum
699 4572 758 4627 et
790 4566 1050 4628 intuetur
1062 4565 1395 4646 depositum
1415 4575 1918 4628 sacramentorum
1936 4568 2149 4648 unige-

509 4654 618 4716 niti
651 4655 760 4730 tui,
794 4656 950 4717 Deus
983 4654 1176 4722 Pater,
1215 4657 1303 4718 Ne
1342 4655 1576 4716 auferas
1615 4673 1646 4716 a
1679 4655 1851 4716 nobis
1899 4659 2146 4734 gratiam

509 4753 856 4821 tuam,etne
881 4745 1138 4826 repellas
1161 4764 1268 4809 nos
1301 4765 1335 4808 a
1361 4746 1686 4807 ministerio
1707 4753 1896 4826 tuo,et
1915 4766 1946 4808 a
1972 4750 2149 4827 parti-

507 4835 803 4914 cipatione
826 4845 1334 4900 sacramentorum
1360 4836 1727 4918 tuorum,sed
1746 4855 2010 4917 praepara
2037 4858 2148 4903 nos

509 4935 573 4988 ut
604 4927 735 5006 puri
757 4937 815 4989 et
835 4927 1057 5008 absque
1081 4927 1624 5008 macula,dignique
1646 4926 1756 4988 hoc
1778 4929 2042 4990 convivio
2073 4931 2149 4992 si-

511 5033 665 5092 mus,
698 5027 882 5098 utque
928 5036 1062 5080 cum
1113 5017 1479 5080 conscientia
1528 5017 1846 5098 inculpata,
1912 5035 2152 5101 semper

511 5103 780 5169 fruamur
795 5125 1050 5188 corpore
1071 5115 1130 5172 et
1171 5108 1458 5187 sanguine
1486 5107 1616 5186 ejus
1667 5107 1949 5188 pretioso,
1983 5118 2042 5174 et
2089 5111 2151 5172 in

1725 359 1785 423 S.
1844 348 2185 422 DIONYSII
2238 349 2638 422 LITURGIA.

3717 352 3862 424 1132

2170 511 2212 551 Α
2232 491 2347 552 vita
2366 493 2624 572 gloriosa
2649 492 2944 574 etabsque
2968 493 3087 556 fine
3118 494 3178 556 in
3198 492 3541 557 babitabulo
3581 494 3865 576 spirituali

2238 581 2705 665 discumbamus,
2735 594 2797 645 et
2821 585 2893 646 ad
2927 603 3194 646 mensam
3226 585 3398 663 regni
3430 585 3514 646 tui
3537 585 3864 667 epulemur,

2239 680 2298 732 et
2320 673 2648 735 referemus
2675 674 2779 736 tibi
2803 676 3050 754 gloriam
3082 686 3144 736 et
3169 675 3429 738 laudem.

2323 771 2610 853 Populus.
2631 776 2846 836 Amen.

2320 863 2636 925 Sacerdos.
2674 867 2812 927 Pax.

2325 952 2616 1032 Populus.
2653 954 2728 1016 Et
2757 972 2890 1016 cum
2920 955 3130 1035 spiritu
3155 965 3275 1019 tuo.

2325 1040 2639 1104 Sacerdos.
2676 1042 2874 1106 Gratia
2905 1044 3010 1106 Dei
3037 1053 3134 1127 sit,
3175 1055 3290 1109 etc.

2325 1129 2618 1211 Populus.
2645 1132 2715 1194 Et
2745 1153 2876 1196 cum
2902 1136 3114 1216 spiritu
3159 1145 3278 1198 tuo.

2325 1221 2648 1286 Diuconus.
2674 1222 2818 1286 Cum
2853 1225 3089 1290 timore.

2325 1309 2639 1376 Sacerdos.
2673 1312 2891 1377 Sancta
2917 1318 3160 1381 sanctis.

2325 1400 2617 1483 Populus.
2648 1402 2813 1468 Unus
2835 1408 3005 1468 Pater
3034 1415 3294 1472 sanctus.

2325 1491 2660 1557 Diaconus.
2691 1496 2929 1558 Stemus
2958 1497 3265 1560 decenter.

2327 1582 2618 1664 Populus.
2648 1585 2860 1648 Coram
2882 1596 2960 1649 te.

2321 1681 2880 1748 Sacerdos.Gratias
2898 1685 3185 1748 habemus
3215 1685 3711 1764 tibi,Domine,et
3729 1695 3878 1766 grato

2243 1773 2442 1835 animo
2474 1778 2851 1854 agnoscimus
2872 1775 3297 1854 benignitatem
3331 1776 3680 1858 tuam,quod
3713 1796 3782 1840 ex
3805 1781 3878 1838 ni-

2183 1874 2222 1924 B
2246 1863 2366 1925 hilo
2398 1865 2653 1927 eduxisti
2685 1885 2790 1927 nos
2812 1865 2882 1927 ad
2907 1867 2964 1926 id
2997 1869 3153 1948 quod
3187 1867 3397 1942 simus,
3422 1876 3483 1930 et
3525 1867 3879 1930 domesticos

2241 1954 2515 2034 filiosque
2545 1965 3053 2018 sacramentorum
3102 1965 3340 2019 tuorum
3383 1955 3579 2019 fecisti
3615 1977 3751 2037 nos,
3779 1956 3879 2018 mi-

2240 2041 2675 2124 nisteriumque
2707 2047 2819 2106 hoc
2847 2045 3188 2122 religiosum
3223 2048 3658 2108 commendasti
3687 2047 3872 2118 nobis,

2239 2142 2415 2212 atque
2448 2153 2654 2196 mensa
2683 2136 2790 2196 hac
2822 2135 3104 2214 spirituali
3135 2155 3242 2197 nos
3267 2135 3478 2214 dignos
3510 2135 3854 2197 fecisti.Con

2247 2225 2494 2286 servain
2533 2225 2726 2305 nobis,
2771 2226 3044 2302 Domine,
3097 2226 3436 2305 depositum
3470 2225 3878 2307 mysteriorum

2247 2323 2481 2376 tuorum
2503 2315 2832 2376 divinorum
2847 2330 2928 2387 ,ut.
2955 2315 3284 2376 secundum
3309 2335 3504 2376 mores
3518 2315 3808 2395 angelicis
3821 2317 3882 2376 si-

2247 2404 2442 2480 miles,
2472 2405 2646 2467 vitam
2678 2405 3544 2484 instituamus,etperficiamus
3578 2424 3784 2468 coram
3811 2413 3878 2479 te,

2248 2497 2485 2556 utcauti
2537 2494 3046 2575 etinseparabiles
3087 2496 3274 2558 simus
3306 2513 3411 2574 per
3442 2495 3880 2576 susceptionem

2243 2594 2580 2646 sanctorum
2618 2595 2874 2649 tuorum.
2905 2586 3288 2665 perficientes
3319 2585 3690 2647 voluntatem
3738 2594 3879 2647 tuam

2244 2692 2516 2753 magnam
2549 2686 2609 2738 et
2668 2675 3014 2755 perfectam,
3047 2675 3352 2756 paratique
3401 2675 3790 2738 inveniamur
3817 2675 3881 2737 ad

2243 2764 2606 2844 πληροφοριαν
2639 2766 2799 2827 illam
2833 2766 3128 2840 ultimam,
3162 2774 3220 2826 et
3249 2766 3321 2825 ad
3356 2765 3640 2827 standum
3694 2783 3878 2827 coram

2243 2856 2549 2933 majestate
2579 2861 2702 2936 tua,
2737 2856 3017 2935 dignique
3040 2855 3368 2917 efficiamur
3388 2855 3701 2936 voluptate
3727 2855 3878 2934 regni

2244 2943 2350 3023 tui,
2378 2963 2484 3025 per
2512 2953 2782 3024 gratiam,
2821 2945 3289 3008 misericordiam
3332 2955 3389 3007 et
3436 2964 3711 3007 amorem
3758 2963 3881 3024 erga

2242 3032 2518 3096 homines
2541 3035 2830 3114 unigeniti
2847 3034 2976 3098 Filii
3005 3035 3225 3117 tui,per
3243 3053 3424 3113 quem
3451 3043 3511 3096 et
3528 3054 3670 3098 cum
3688 3053 3803 3114 quo
3835 3041 3882 3094 te

2241 3123 2415 3186 decet
2431 3125 2641 3204 gloria,
2677 3127 2891 3208 honor,
2923 3135 3036 3190 etc.

2176 3236 2219 3290 c
2321 3223 2617 3304 Papulas.
2646 3228 2860 3292 Amen.

2325 3323 2641 3390 Sacerdos.
2674 3325 2816 3389 Pax.

2324 3427 2613 3508 Populus.
2647 3425 2718 3488 Et
2748 3444 2882 3490 cum
2905 3426 3120 3506 spiritu
3154 3435 3278 3489 tuo.

2323 3525 2654 3592 Diaconus.
2690 3529 2851 3592 Post.

2321 3627 2612 3708 Populus.
2644 3625 2858 3691 Coram
2886 3634 2966 3707 te,
3002 3625 3272 3688 Domine.

2318 3726 2636 3790 Sacerdos.
2690 3726 2922 3790 Christe
2944 3726 3069 3789 Rex
3095 3727 3320 3803 gloriae,
3366 3732 3427 3788 et
3474 3727 3660 3789 Pater
3715 3725 3882 3788 futuri

2240 3817 2464 3892 saeculi,
2521 3818 2879 3880 sacriﬁcium
2939 3827 3235 3888 sanctum,
3279 3815 3544 3877 Pontifex
3599 3817 3877 3880 ctelestis.

2241 3909 2446 3986 Agnus
2471 3906 2600 3982 Dei,
2636 3907 2737 3988 qui
2765 3907 2920 3968 tollis
2953 3915 3260 3988 peccatum
3285 3905 3514 3984 mundi,
3541 3924 3730 3986 parce
3752 3925 3882 3988 pec-

2241 3998 2386 4061 catis
2411 3997 2611 4078 populi
2645 4000 2749 4074 tui,
2785 4006 2846 4058 et
2878 3996 3111 4058 dimitte
3143 3995 3517 4076 insipientias
3548 4003 3754 4078 gregis
3782 3996 3879 4058 tni.

2242 4084 2541 4152 Conserva
2563 4107 2671 4149 nos
2717 4105 2824 4169 per
2868 4086 3348 4150 communionem
3374 4097 3878 4149 sacramentorum

2242 4187 2506 4258 tuorum,
2537 4177 2611 4239 ab
2653 4178 2812 4239 omni
2856 4184 3121 4258 peccato,
3157 4176 3280 4238 sive
3311 4175 3490 4238 verbo
3533 4176 3630 4239 vel
3664 4183 3878 4256 cogita-

2237 4269 2400 4331 tione
2439 4273 2540 4330 aut
2588 4286 2768 4348 opere
2814 4267 3174 4349 perﬁciatur,
3239 4265 3517 4348 quodque
3574 4285 3612 4328 a
3659 4275 3759 4328 tua
3800 4266 3879 4326 fa-

2237 4356 2577 4418 miliaritate
2609 4356 2958 4437 domestica,
2990 4355 3196 4437 procul
3222 4375 3330 4417 nos
3363 4355 3559 4437 faciat,
3589 4367 3655 4418 ut
3685 4363 3879 4418 custo-

2237 4447 2475 4509 diantur
2499 4465 2752 4527 corpora
2782 4457 2980 4508 nostra
3012 4465 3118 4526 per
3143 4464 3358 4526 corpus
3406 4455 3676 4521 tuum,et
3703 4463 3879 4508 reno-

2239 4547 2446 4598 ventur
2476 4538 2690 4598 anima;
2718 4546 2932 4598 nostrae
2965 4554 3069 4614 per
3113 4549 3487 4597 sacramenta
3519 4544 3644 4610 tua,
3693 4544 3752 4598 et
3780 4535 3882 4594 be-

2237 4625 2494 4689 nedictio
2518 4627 2922 4706 tua,Domine,
2955 4625 3030 4686 sit
3059 4625 3120 4686 in
3147 4633 3270 4686 toto
3299 4634 3498 4687 nostro
3525 4625 3778 4687 homine
3801 4624 3878 4685 in-

2232 4718 2438 4780 teriori
2481 4728 2540 4778 et
2596 4717 2900 4791 exteriori,
2971 4715 3443 4797 gloriﬁcerisque
3486 4715 3547 4776 in
3594 4716 3774 4777 nobis
3829 4725 3881 4776 et

2230 4815 2473 4890 propter
2503 4826 2632 4880 nos,
2667 4807 3028 4887 dexteraque
3056 4816 3148 4867 tua
3181 4807 3730 4888 requiescatsuper
3749 4823 3875 4877 nos,

2233 4908 2290 4961 et
2323 4897 2514 4960 Patris
2545 4898 2624 4959 tui
2652 4897 2972 4977 benedicti,
3001 4905 3058 4960 et
3091 4895 3347 4978 Spiritus
3378 4897 3462 4958 tui
3496 4895 3876 4958 sanctissimi.

2315 5007 2604 5090 Populus.
2639 5007 2855 5071 Amen.

2319 5110 2643 5172 Diaconus.
2669 5106 2957 5188 Benedic,
2997 5107 3270 5172 Domine.
