3916 6234
1047 492 2758 826 Momm;

1425 1103 2362 1233 DISSERTATIO

648 1340 805 1429 DE
880 1340 1476 1437 OPERIBUS
1548 1351 1645 1438 S.
1725 1351 2280 1445 DIONYSII
2341 1359 3164 1464 AREOPAGITIE.

775 1533 858 1602 (1).
891 1534 966 1589 Le
996 1535 1236 1603 Nouum,
1269 1537 1566 1607 Apparatus
1604 1541 1672 1592 ad
1697 1540 1838 1595 Bibl.
1872 1558 2016 1600 max.
2045 1543 2489 1616 Parisiis,‘l705,
2524 1552 2729 1619 in-l'ol.,
2756 1569 2806 1623 p.
2841 1557 2984 1626 169.)

792 1848 1014 1904 CAPUT
1045 1848 1330 1904 PRIMUM.

455 1941 703 2012 Analysis
729 1942 961 1994 omnium
989 1941 1048 1995 S.
1087 1941 1326 2011 Dionysii
1368 1943 1618 2011 Operam.

327 2031 358 2104 ς
407 2032 447 2087 l.
490 2031 645 2085 Liber
676 2032 750 2085 de.
775 2031 966 2085 caelesti
1001 2033 1315 2087 hierarchia.
1349 2065 1417 2074 —
1446 2035 1660 2091 Primus
1685 2038 1823 2095 liber

256 2125 495 2196 Dionysii
527 2125 862 2194 AreOpagitze
898 2126 1112 2179 nomine
1152 2127 1462 2195 inscriptus,
1504 2130 1714 2186 titulum
1746 2133 1822 2188 De

254 2220 450 2273 cavlesti
485 2220 782 2272 hierarchia
824 2219 1057 2289 praefert,
1095 2223 1270 2289 isque,
1306 2222 1445 2276 sicut
1481 2234 1535 2278 et
1565 2225 1654 2279 alii
1697 2229 1821 2280 sub-

256 2319 548 2380 sequentes
573 2310 860 2365 Timotheo
885 2312 1320 2382 sympresbytero
1347 2325 1706 2381 nuncupatur.
1738 2319 1819 2372 Ab

255 2402 374 2470 ipso
422 2411 602 2456 autem
661 2401 821 2469 hujus
873 2401 994 2455 libri
1053 2405 1276 2457 exordio
1326 2407 1474 2476 (cap.
1521 2408 1572 2462 ll
1629 2419 1818 2464 auctor

253 2509 473 2546 onmem
522 2493 695 2547 lucem
743 2509 772 2547 a
805 2492 912 2548 Deo
949 2493 1108 2548 Patre
1156 2495 1224 2548 ad
1268 2511 1364 2550 nos
1408 2498 1641 2552 derivari
1689 2516 1818 2569 pro-

255 2585 454 2649 festis,
496 2585 562 2639 ad
592 2601 749 2640 suum
786 2589 852 2642 de
885 2588 1047 2643 rebus
1093 2589 1423 2655 caelestibus,
1466 2590 1639 2659 iisque
1681 2592 1816 2646 diﬁi-

251 2677 493 2741 cillimis,
522 2679 614 2732 sed
644 2693 767 2747 qua:
809 2679 1182 2733 materialibus
1220 2691 1273 2734 et
1317 2683 1593 2750 corporeis
1622 2685 1814 2738 adum-

251 2767 417 2822 brata:
453 2778 624 2835 erant,
656 2779 1032 2838 argumentum
1065 2785 1186 2824 cum
1216 2787 1280 2826 ex
1319 2769 1596 2842 Scriptura
1632 2790 1811 2842 sacra,

251 2869 365 2912 tum
408 2876 477 2914 ex
517 2859 791 2926 Patribus,
840 2863 1125 2931 implorata
1168 2865 1318 2934 prius
1355 2867 1554 2921 Christi
1597 2869 1811 2924 Domini

247 2965 370 3020 0pc,
414 2954 756 3008 tractandum
795 2954 1128 3023 aggreditur.
1178 2956 1514 3026 QuaprOpter
1560 2959 1702 3030 (cap.
1753 2962 1810 3030 2)

246 3041 359 3107 ille,
393 3041 530 3097 facta
572 3044 754 3114 operis
794 3046 876 3100 sui
924 3046 1326 3110 distributione,
1376 3049 1605 3118 primum
1639 3055 1814 3122 aperit

244 3150 347 3188 cur
389 3135 672 3204 Scriptura
710 3138 888 3191 divina
937 3139 1158 3208 angelos
1204 3139 1390 3210 ﬁguris
1436 3143 1570 3198 adeo
1605 3144 1809 3214 ignobi-

244 3227 406 3290 libus,
442 3240 604 3296 atque
650 3230 718 3282 ab
760 3244 946 3284 eorum
989 3243 1182 3286 natura
1224 3241 1329 3287 tam
1362 3235 1570 3302 alienis,
1605 3238 1803 3306 ubique

244 3319 406 3372 nobis
447 3329 810 3388 repraesentet.
857 3319 995 3374 Tum
1041 3325 1196 3392 (cap.
1230 3325 1295 3393 5)
1336 3339 1549 3380 omnem
1589 3331 1807 3385 univer—

242 3409 348 3462 sim
401 3409 762 3464 hierarchiam
808 3411 996 3466 deﬁnit
1043 3415 1375 3484 dividitque;
1428 3433 1489 3471 ac
1530 3421 1654 3488 quis
1694 3422 1810 3490 ejus

242 3500 368 3553 ﬁnis
415 3509 471 3553 et
528 3517 753 3570 sc0pns,
807 3520 1033 3574 quaeque
1095 3507 1202 3561 sint
1251 3505 1367 3574 ejus
1417 3509 1722 3566 functiones
1758 3522 1809 3568 et

240 3595 422 3646 munia
495 3597 776 3650 enucleate
830 3600 1184 3655 demonstrat.
1251 3599 1386 3657 Hinc
1445 3605 1586 3674 (cap.
1634 3607 1690 3672 4)
1741 3609 1806 3660 ad

239 3687 413 3755 ipsius
437 3689 694 3757 angelicae
724 3690 1038 3744 hierarchia:
1066 3693 1476 3760 explicationem
1511 3698 1722 3760 transit,
1752 3706 1806 3751 et

235 3780 478 3832 ostendit
521 3779 688 3832 Deum
713 3795 744 3832 a
775 3781 919 3834 nulla
958 3792 1200 3836 creatura
1243 3783 1594 3838 excellentius
1630 3789 1802 3855 parti-

233 3872 411 3940 cipari
448 3887 609 3939 quam
647 3871 717 3924 ab
748 3873 989 3941 angelis;
1033 3873 1126 3942 qui
1167 3873 1382 3941 quidem
1428 3877 1554 3944 quia
1588 3877 1719 3931 alios
1751 3879 1803 3931 in

236 3964 544 4018 divinitatis
574 3967 937 4036 cognitionem
981 3968 1273 4033 adducunt,
1306 3968 1426 4021 ideo
1462 3969 1551 4023 illo
1582 3969 1802 4040 angelo-

238 4069 356 4106 rum
384 4054 608 4109 nomine
631 4066 757 4109 sunt
782 4057 992 4111 donati.
1022 4058 1197 4127 Atque
1219 4059 1320 4112 hac
1341 4059 1460 4112 data
1491 4061 1800 4125 occasione,

235 4149 398 4198 docet
455 4162 645 4201 eorum
702 4149 1007 4203 ministerio
1070 4165 1176 4203 non
1236 4151 1409 4206 solum
1476 4151 1689 4207 divinas
1748 4154 1799 4208 in

233 4237 420 4292 Veteri
466 4239 814 4295 Testamento
867 4241 1104 4296 visiones
1150 4243 1421 4298 exhibitas
1464 4243 1652 4309 fuisse,
1704 4245 1796 4298 sed

231 4333 438 4385 Christi
467 4333 628 4386 etiam
660 4331 1089 4389 lncarnationem
1125 4335 1178 4388 in
1213 4335 1360 4391 Novo
1389 4334 1614 4390 Ftedere
1646 4335 1799 4390 nobis

231 4425 636 4480 annuntiatam.
662 4424 894 4493 Exponit
925 4426 1146 4494 insuper
1183 4427 1323 4495 (cap.
1359 4428 1415 4496 5)
1445 4443 1544 4482 cur
1588 4429 1798 4496 angelo-

1857 1727 1926 1741 νο-

1858 1854 2061 1914 Αοῐιὶω
2107 1855 2285 1910 ordini
2328 1859 2598 1925 peculiare
2649 1871 2752 1924 est,
2801 1863 3104 1930 promiscue
3156 1869 3479 1929 vocitentur.

1925 1946 2219 2001 Nonnullas
2247 1957 2457 2015 postea,
2487 1964 2605 2018 qua:
2637 1951 2702 2004 ad
2733 1967 3104 2022 argumentum
3134 1973 3290 2014 suum
3367 1979 3488 2032 spc-

1914 2036 2487 2102 ctabant,diﬂicultates
2510 2043 2708 2096 enodat
2729 2052 2778 2098 et
2810 2046 2969 2100 solvit
2990 2049 3132 2119 (cap.
3170 2053 3280 2122 12),
3312 2056 3476 2111 nimi-

1925 2143 2044 2184 rum
2091 2145 2190 2186 cur
2232 2132 2514 2204 cpisc0pns
2557 2137 2766 2191 dicatur
2796 2141 3016 2210 angelus
3049 2143 3259 2200 Domini
3305 2151 3480 2204 omni-

1921 2223 2188 2291 potentis,
2240 2238 2336 2278 cur
2360 2239 2427 2280 ex
2479 2226 2902 2297 Seraphinorum
2962 2235 3153 2291 ordine
3211 2253 3348 2296 unus
3404 2243 3471 2297 ad

1922 2312 2116 2367 Isaiam
2164 2315 2359 2369 missus
2411 2317 2593 2382 fuerit,
2638 2331 2979 2393 quantusque
3024 2326 3095 2379 sit
3142 2328 3468 2398 Angeloruui

1919 2422 2176 2462 numerus
2235 2409 2380 2476 (cap.
2417 2408 2527 2477 l3).
2596 2410 2833 2480 Denique
2884 2415 3023 2484 (cap.
3063 2418 3149 2487 H)
3200 2425 3474 2489 corporeis

1921 2497 2263 2581 imaginibus,
2309 2499 2508 2568 quibus
2535 2501 2710 2570 angeli
2757 2503 2809 2556 in
2844 2503 3120 2574 Scriptura
3153 2510 3477 2581 ﬁgurantur,

1921 2575 2228 2659 singillatim
2254 2591 2555 2660 explicatis,
2583 2593 2781 2648 librum
2821 2598 3068 2652 absolvit.

1991 2682 2020 2753 ᾗ
2056 2681 2116 2736 ll.
2147 2681 2299 2736 Liber
2336 2685 2400 2736 de
2438 2684 2792 2740 ecclesiastica
2836 2688 3158 2746 hierarchia.
3197 2724 3265 2733 —
3297 2696 3350 2750 lu
3380 2698 3475 2754 illo

1917 2773 2095 2840 priore
2126 2773 2260 2828 libro
2294 2773 2534 2839 alterius,
2565 2790 2724 2845 quem
2777 2777 2849 2830 De
2879 2780 3227 2837 ecclesiastica
3263 2787 3472 2842 hierar-

1915 2865 2032 2917 chia
2056 2864 2368 2933 inscriptum
2393 2866 2585 2934 voluit,
2618 2867 2963 2924 fundamenta
2986 2873 3201 2940 quidem
3230 2879 3473 2946 iecerat;

1915 2953 2007 3008 sed
2045 2953 2158 3024 ipse
2205 2955 2308 3009 nisi
2345 2949 2612 3010 Timothei
2649 2959 2900 3027 precibus
2945 2962 3135 3029 victus,
3166 2981 3380 3022 manum
3423 2972 3476 3023 ei

1914 3061 1971 3100 se
2002 3060 2108 3101 non
2156 3049 2461 3104 admovisse
2507 3051 2852 3106 testiﬁcatur.
2899 3051 3034 3108 lluic
3068 3065 3248 3110 autem
3281 3058 3469 3114 Timo-

1916 3137 2064 3203 theo,
2099 3155 2164 3193 ne
2191 3143 2444 3208 mysteria
2478 3152 2666 3196 nostra
2693 3158 2796 3196 non
2823 3144 3051 3200 initiatis
3084 3148 3310 3216 aperiat,
3347 3166 3471 3205 cum

1917 3241 1947 3280 a
1993 3225 2114 3282 libri
2166 3229 2247 3308 sui
2293 3231 2557 3300 principio
2606 3233 2789 3287 sedulo
2831 3237 3175 3306 przecepisset
3218 3242 3358 3308 (cap.
3393 3242 3474 3310 1),

1912 3323 2151 3377 ostendit
2182 3338 2288 3392 quo
2317 3340 2378 3378 ex
2408 3324 2550 3379 fonte
2591 3325 2892 3380 hierarchia
2924 3330 3292 3384 ecclesiastica
3340 3333 3466 3386 illu-

1911 3416 2199 3473 strationes
2243 3430 2368 3469 suas
2391 3416 2622 3481 hauriat,
2669 3419 2720 3470 in
2773 3433 2881 3484 quo
2929 3435 3052 3474 cum
3095 3424 3302 3478 caelesti
3339 3441 3468 3482 con-

1912 3507 2116 3570 veniat,
2157 3507 2242 3560 vel
2273 3508 2341 3561 ab
2374 3520 2436 3560 ea
2464 3505 2755 3576 discrepet,
2791 3523 2910 3576 qua:
2945 3510 3016 3563 sit
3051 3511 3167 3580 ejns
3205 3512 3469 3584 deﬁnitio,

1913 3599 2236 3666 principium
2281 3607 2335 3650 ct
2382 3597 2526 3659 ﬁnis,
2567 3612 2631 3652 ac
2673 3599 2888 3652 tandem
2934 3616 3034 3655 cur
3080 3603 3168 3656 illa
3209 3606 3470 3675 symbolis

1913 3686 2205 3756 ﬁgurisque
2252 3685 2527 3752 corporeis
2558 3685 2730 3739 velata
2787 3689 2940 3742 nobis
2998 3691 3258 3746 tradatur.
3313 3693 3472 3751 Post-

1908 3780 2020 3832 haec
2043 3779 2109 3832 ad
2141 3777 2348 3847 singula
2390 3792 2510 3846 qua:
2546 3777 2614 3830 ad
2650 3791 2769 3831 eam
2811 3787 3076 3847 spectant,
3121 3786 3344 3854 propius
3370 3803 3464 3841 ac-

1906 3869 2123 3934 cedens,
2153 3869 2219 3922 de
2248 3869 2602 3922 sacramentis
2619 3868 2873 3936 baptismi
2906 3873 3050 3942 (cap.
3080 3873 3137 3942 ’2)
3163 3883 3216 3928 et
3253 3877 3463 3933 Eucha-

1907 3961 2074 4014 ristia:
2128 3958 2270 4027 (cap.
2307 3958 2384 4028 5),
2414 3958 2480 4014 de
2519 3958 2661 4014 sacri
2705 3962 2964 4030 unguenti
2992 3978 3088 4018 seu
3124 3965 3460 4032 chrismatis,

1906 4049 2000 4102 τοῦ
2038 4049 2209 4120 μύρου
2231 4089 2245 4112 ,
2274 4051 2683 4105 consecratione
2721 4053 2862 4121 (cap.
2905 4053 2962 4122 4)
2985 4094 2999 4118 ,
3025 4055 3090 4108 de
3115 4057 3460 4116 ordinatione

1906 4157 2181 4196 sacrorum
2215 4140 2465 4196 Ecclesiae
2507 4143 2878 4198 ministrorum
2931 4146 3073 4215 (cap.
3106 4147 3184 4218 5),
3221 4150 3460 4222 episcopi

1902 4237 2128 4301 scilicet,
2162 4237 2462 4306 presbyteri
2489 4246 2544 4292 et
2566 4237 2803 4303 diaconi,
2829 4253 2894 4292 ac
2919 4241 2985 4295 de
3009 4241 3235 4297 solemni
3266 4261 3457 4301 mona—

1905 4329 2132 4383 chorum
2176 4326 2511 4397 professione
2557 4328 2700 4397 (cap.
2734 4329 2792 4399 6)
2822 4332 3149 4387 articuititim
3197 4334 3456 4404 disputat.

1907 4420 2002 4473 His
2057 4428 2364 4474 accuratam
2415 4418 2694 4488 subiungit
2745 4422 3212 4488 ciereinoniarum,
3265 4427 3460 4495 quibus

232 4531 355 4568 rum
418 4529 637 4579 nomen,
697 4516 841 4584 quod
893 4515 1086 4569 ultimo
1148 4515 1449 4570 caelestium
1506 4518 1790 4585 spirituum
1824 4542 1864 4598 ο
1903 4520 2236 4567 mortuorum
2291 4526 2516 4580 corpora
2567 4512 2984 4579 sepeliebantur,
3034 4514 3450 4586 descriptionem

227 4605 410 4659 ordini
441 4607 722 4675 speciatim
752 4607 1025 4671 convenit,
1066 4606 1277 4662 caeteris
1316 4606 1786 4662 indiscriminatim

228 4697 306 4751 ita
331 4699 620 4762 tribuatur,
645 4709 704 4753 ut
730 4699 829 4769 ipsi
858 4707 1035 4754 tamen
1059 4699 1287 4758 aliorum
1311 4699 1551 4753 vicissim
1577 4701 1794 4753 nomine

225 4803 510 4858 nunquam
559 4789 915 4859 appellentur.
978 4789 1058 4844 Ad
1108 4789 1422 4860 angelorum
1474 4788 1790 4844 divisionem

227 4883 355 4936 inde
399 4886 542 4951 (cap.
575 4883 648 4951 6)
677 4882 1049 4951 'progreditur,
1089 4892 1252 4952 atque
1293 4883 1528 4936 ostendit
1575 4896 1670 4936 eos
1735 4881 1789 4934 in

225 4986 342 5030 tres
385 4976 740 5040 hierarchias,
785 4983 839 5028 et
888 4974 1134 5044 singulas
1165 4990 1410 5045 quasque
1453 4974 1792 5029 hierarchias

227 5067 284 5122 in
335 5075 448 5121 tres
495 5067 715 5120 ordines
769 5066 848 5125 sic
873 5067 1164 5130 distribui;
1216 5075 1274 5119 ut
1316 5065 1488 5134 prima
1533 5065 1789 5133 Seraphi-

223 5174 420 5213 norunt
473 5158 636 5227 (cap.
697 5158 801 5226 7),
857 5157 1335 5219 Cherubinorum,
1399 5155 1784 5222 Thronorum;

221 5250 465 5304 secunda
519 5264 650 5304 vero
703 5249 1144 5304 Dominationum
1190 5237 1331 5318 (cap.
1370 5246 1469 5315 8),
1498 5245 1785 5312 Virtutum,

226 5341 558 5399 Potestatum
584 5362 599 5408 ;
627 5344 786 5398 tertia
817 5343 1050 5410 denique
1091 5340 1502 5410 Principatuum
1537 5341 1675 5410 (cap.
1704 5339 1784 5408 9),

231 5436 692 5504 Arcbangelorum
739 5445 794 5491 et
835 5435 1161 5506 Angelorum
1203 5434 1420 5488 ordines
1461 5433 1783 5503 complecta-

227 5535 334 5580 tur.
371 5526 575 5581 Deinde
599 5528 742 5595 (cap.
772 5525 858 5595 10)
890 5526 1162 5594 quomodo
1196 5525 1448 5594 quaelibet
1478 5525 1784 5579 hierarchia

223 5626 500 5686 purgetur,
533 5617 857 5676 illustretur,
886 5632 950 5670 ac
986 5615 1314 5685 perﬁciatur,
1361 5615 1644 5680 enucleat;
1671 5615 1786 5684 pla-

224 5720 460 5777 numque
487 5706 619 5762 facit
646 5707 791 5778 (cap.
827 5707 915 5777 11)
948 5722 1045 5762 cur
1072 5721 1260 5763 omnes
1303 5707 1492 5777 Augeli
1527 5707 1778 5761 virtutum

223 5797 534 5855 caelestium
563 5799 809 5858 nomine,
841 5797 980 5864 quod
1008 5799 1247 5854 secundo
1277 5799 1525 5854 secunda:
1569 5797 1777 5852 hierar-

499 5891 764 5951 PATBOL.
799 5890 914 5949 Gn.
975 5881 1078 5942 ΙΙΙ.

1897 4603 2420 4673 expositionemque;
2444 4602 2732 4656 etsubinde
2749 4604 2815 4657 de
2834 4603 3118 4658 infantium
3135 4606 3457 4675 baptismate

1897 4696 2130 4751 disserit.
2156 4694 2292 4748 Tum
2323 4696 2553 4764 denique
2575 4695 2936 4760 Timotheum,
2965 4696 3008 4751 si
3036 4712 3172 4766 quas
3193 4699 3454 4758 clariores

1897 4788 2088 4840 horum
2120 4784 2499 4854 mysteriorum
2531 4785 2868 4855 cognitiones
2897 4788 3109 4855 habeat,
3136 4791 3218 4844 vel
3253 4792 3455 4848 habere

1894 4877 2082 4944 possit,
2129 4884 2187 4928 ut
2216 4889 2307 4928 eas
2343 4889 2528 4930 secum
2573 4876 2833 4933 benevole
2882 4881 3267 4948 communicet,
3305 4884 3454 4941 obte-

1894 4979 2067 5023 statur
2107 4979 2269 5037 atque
2310 4969 2576 5023 obsecrat.

1964 5058 1991 5129 §
2025 5057 2108 5112 Ill.
2133 5057 2286 5112 Liber
2300 5059 2362 5111 de
2385 5057 2575 5111 divinis
2599 5058 2913 5116 nominibus.
2929 5089 3002 5103 -—
3023 5059 3082 5115 In
3114 5063 3273 5117 tertio
3293 5065 3448 5131 libro,

1893 5165 2052 5219 quem
2121 5160 2308 5206 auctor
2376 5159 2561 5205 noster
2615 5161 2736 5220 post
2786 5153 2986 5207 editum
3048 5153 3450 5225 llypotyposeon

1889 5243 2295 5311 theologicarum
2319 5244 2567 5297 volumen
2611 5259 2671 5299 se
2714 5245 3108 5314 conscripsisse
3144 5249 3359 5310 asserit,
3384 5249 3448 5302 de

1889 5338 2183 5392 nominibus
2228 5338 2417 5392 divinis
2459 5337 2697 5407 disputat
2745 5340 2888 5407 (cap.
2935 5340 3009 5409 1).
3055 5337 3146 5394 Ille
3176 5351 3354 5395 autem
3379 5357 3448 5396 ex

1890 5428 2190 5497 Scripturis
2219 5430 2409 5494 sacris,
2447 5431 2538 5484 ubi
2569 5432 2754 5486 omnia
2803 5430 2919 5498 Dei,
2945 5433 3039 5502 qui
3083 5432 3363 5502 ἀνώνυμος
3391 5444 3449 5487 et

1889 5519 2236 5591 πολυώνυμος
2278 5531 2382 5585 est,
2417 5523 2634 5578 nomina
2670 5523 3013 5589 exhibentur,
3065 5531 3444 5591 argumentum

1888 5627 2045 5666 suum
2090 5623 2446 5668 tractaturum
2493 5630 2553 5669 se
2606 5629 2728 5670 esse
2781 5617 3083 5683 prolitctur.
3139 5614 3203 5667 Et
3226 5617 3440 5682 quidem

1885 5705 2112 5774 duplicis
2146 5705 2358 5773 generis
2383 5721 2503 5760 esse
2529 5705 2660 5759 dicit
2683 5707 2826 5775 (cap.
2853 5705 2910 5775 2)
2943 5720 3005 5760 ea
3039 5705 3131 5758 Dci
3175 5704 3394 5758 nomina
3427 5721 3441 5757 :

1883 5798 2008 5864 alia,
2035 5799 2108 5853 uti
2141 5807 2353 5865 vocant,
2378 5798 2624 5855 absoluta
2651 5807 2704 5852 et
2735 5798 3069 5863 essentialia,
3095 5813 3214 5866 quae
3238 5806 3446 5852 natura:

3142 5888 3173 5950 1

1474 6101 2010 6203 ’ὶἽέζίιῦ
