3916 6234
445 338 505 391 Η
1560 334 1621 393 S.
1657 332 2024 391 DlONYSlUS
2058 334 2517 395 AREOPAGITA.

444 450 644 505 divitia:
692 449 973 520 tribusque
1034 451 1393 507 sanctissima:
1441 448 1726 504 Trinitatis
1770 448 2014 517 personis
2044 450 2088 507 A
2119 449 2282 514 ditur,
2315 464 2376 503 ac
2409 448 2783 519 uegationibus
2820 449 2989 519 magis
3029 465 3192 520 quam
3224 452 3675 511 aﬂirmationibus

443 542 645 612 absque
675 542 939 596 divisione
968 542 1075 597 ulla
1108 544 1439 597 conveniunt
1468 559 1483 606 ;
1514 542 1641 607 alia,
1674 541 1749 594 uti
1775 541 2009 607 loquun-

442 644 553 697 tur,
589 632 834 695 relativa,
882 649 1005 703 qua:
1054 634 1351 704 unicuique
1399 648 1644 703 personae
1689 631 2007 701 singillatim

441 724 515 778 ita
553 734 887 792 competunt,
923 733 983 779 ut
1026 724 1180 779 alteri
1236 741 1342 779 non
1387 725 1597 793 possint
1632 723 1876 777 attribui.
1924 723 2004 775 Ad

442 832 499 873 ea
532 832 695 887 porro
742 815 1061 886 explicanda
1110 814 1387 870 Hierothei
1427 815 1711 886 cujusdam
1762 817 2003 886 magistri

436 910 520 964 sui
576 909 714 969 libro
744 908 935 974 utitur,
964 907 1147 978 ibique
1182 908 1326 978 (cap.
1367 908 1421 976 5)
1450 923 1547 963 cur
1576 918 1694 977 post
1745 909 2003 963 eximium

439 997 589 1051 illum
637 997 837 1060 virum,
866 1012 1024 1066 quem
1076 998 1329 1051 maximis
1375 997 1629 1053 laudibus
1678 1006 1924 1057 exornat.
1953 1007 2007 1050 et

436 1103 669 1157 quocum
718 1088 1028 1143 dormitioni
1089 1088 1181 1141 Dei
1232 1087 1523 1143 Geuitricis
1581 1103 1640 1143 se
1692 1087 2003 1142 interfuisse

437 1182 589 1247 dicit,
614 1182 679 1235 ad
702 1180 1091 1235 conﬁciendam
1118 1180 1547 1236 lucubratiouem
1577 1197 1731 1237 suam
1758 1182 2001 1235 animum

437 1271 723 1342 appulerit,
770 1270 963 1340 paucis
1012 1270 1100 1324 ille
1147 1271 1404 1325 declarat.
1438 1272 1572 1326 Post
1615 1274 1727 1327 haec
1760 1271 1900 1341 (cap.
1940 1274 1997 1340 4)

436 1362 647 1433 singula
680 1361 773 1414 Dei
804 1360 1021 1415 nomina
1054 1358 1329 1423 edisserit.
1358 1372 1519 1429 atque
1548 1380 1576 1415 a
1608 1362 1734 1416 boni
1761 1371 1815 1417 et
1850 1363 2001 1417 boni-

438 1456 583 1522 tatis,
612 1452 823 1525 pulchri
849 1460 904 1507 et
931 1451 1373 1523 pulchritudinis,
1404 1454 1627 1518 amoris,
1662 1454 1995 1517 dilectionis,

435 1550 680 1606 amabilis
702 1549 993 1617 dilectique
1022 1547 1360 1616 expositione
1383 1548 1615 1603 orditur.
1642 1545 1781 1601 Hinc
1818 1558 1997 1602 autem

437 1649 653 1710 arrepta
701 1638 1011 1704 occasione,
1044 1638 1308 1707 quasdam
1351 1638 1417 1691 de
1468 1646 1657 1691 natura
1709 1646 1763 1691 et
1791 1638 1998 1708 origine

436 1732 559 1786 mali
606 1730 929 1801 quastioncs
975 1727 1242 1792 enucleat,
1280 1735 1335 1782 et
1371 1728 1641 1796 quomodo
1674 1727 1724 1781 in
1772 1728 1995 1792 angelos

2114 544 2361 613 Cognosci
2407 554 2610 612 potest,
2655 545 2939 614 mysticam
2988 548 3500 615 contemplationem
3549 564 3675 619 per-

2111 628 2296 683 veniat
2330 632 2472 701 (cap.
2505 631 2585 700 2),
2625 646 2788 701 super
2820 649 2906 687 res
2935 649 3125 689 omnes
3170 637 3459 693 sensibiles
3500 649 3553 693 et
3588 641 3673 693 in-

2098 723 2441 784 ,tellectuales
2477 740 2596 781 esse
2637 727 3020 796 assurgendum
3055 728 3196 797 (cap.
3221 730 3297 796 5).
3331 730 3672 787 Manifestum

2109 814 2302 868 deinde
2348 814 2478 869 facit
2521 831 2640 884 quae
2696 826 2876 870 essent
2906 817 3011 871 illa:
3043 821 3379 889 negationes,
3427 838 3519 879 seu
3544 838 3672 893 per-

2111 905 2375 961 lectiones
2417 907 2508 962 Dei
2544 910 2828 977 negativae,
2871 925 3073 979 easque
3108 926 3283 967 rerum
3316 928 3437 968 cum
3464 930 3666 985 corpo-

2107 1014 2322 1053 rearum
2369 1008 2423 1054 et
2462 1000 2821 1065 sensibilium,
2872 1011 2982 1055 tum
3030 1004 3391 1071 spiritualium
3419 1016 3474 1060 et
3502 1008 3669 1062 intel-

2104 1088 2411 1143 lectualium
2459 1091 2602 1161 (cap.
2647 1092 2727 1160 ι),
2768 1107 2887 1161 quae
2942 1095 2994 1147 iu
3046 1095 3156 1149 Deo
3205 1111 3325 1152 esse
3367 1108 3667 1167 nequeunt,

2103 1180 2245 1235 nuda
2272 1188 2327 1235 et
2354 1182 2585 1251 simplici
2614 1186 2963 1239 enarratione
2983 1187 3237 1255 explicat.

2176 1269 2203 1339 §
2235 1269 2296 1322 V.
2322 1270 2593 1337 Epistolw.
2617 1302 2684 1313 —-
2707 1273 2899 1329 Decem
2924 1291 3137 1345 quoque
3162 1256 3403 1345 epistolae
3427 1278 3663 1351 Dionysii

2100 1359 2437 1429 Areopagitas
2454 1376 2644 1416 nomen
2673 1363 3039 1431 praeferentes,
3060 1366 3149 1420 bis
3172 1377 3402 1434 quatuor
3427 1374 3666 1425 auctoris

2102 1454 2275 1505 nostri
2303 1452 2451 1506 libris
2480 1454 2893 1509 subuectuntur.
2938 1454 3140 1511 Harum
3166 1469 3399 1528 quatuor
3423 1463 3658 1530 priores.

2100 1545 2168 1596 ad
2193 1542 2381 1597 Caium
2406 1546 2937 1614 oepaaeuznrdatte,
2963 1548 3293 1604 brevissimae
3313 1562 3457 1618 sunt,
3480 1567 3665 1620 emqtte

2099 1632 2445 1701 epistolarum
2485 1635 2662 1701 potius
2691 1633 3018 1705 fragmenta,
3051 1652 3213 1705 quam
3245 1639 3486 1707 epiStolze
3518 1643 3661 1697 inte-

2100 1738 2209 1791 grae
2249 1724 2518 1779 videntur.
2550 1724 2606 1779 lu
2637 1740 2823 1779 earum
2864 1727 3033 1793 prima
3075 1729 3531 1797 perfectissimam
3565 1732 3659 1788 Dei

432 1795 639 1877 cadere'
686 1820 940 1891 potuerit,
1015 1818 1313 1872 luculenter
1386 1795 1581 1887 aperit.
1640 1816 1993 1886 Prosequitur
2023 1795 2065 1849 Β
2101 1816 2488 1883 cognitionem,
2516 1832 2632 1883 qua:
2661 1832 2691 1870 a
2724 1818 2879 1871 nobis
2907 1795 3087 1889 accipi
3105 1821 3291 1888 possit,
3320 1837 3439 1877 eam
3466 1835 3660 1879 auctor

431 1913 623 1969 deinde
652 1915 794 1981 (cap.
828 1910 882 1981 5)
918 1909 1222 1964 inchoatam
1269 1910 1546 1963 nominum
1596 1909 1687 1964 Dei
1738 1910 1996 1978 explana-

432 2006 652 2070 tionem,
682 2012 736 2058 et
774 2017 967 2058 nomen
1008 2001 1173 2065 cutis,
1209 2000 1354 2071 quod
1391 2002 1495 2055 Deo
1531 2002 1601 2055 ita
1633 1999 1904 2065 tribuitur,
1935 2011 1995 2056 ut

428 2106 742 2151 cteterorum
774 2093 1012 2149 omnium
1041 2093 1218 2162 ipsum
1249 2093 1323 2147 sit
1353 2093 1678 2161 principium
1710 2102 1763 2148 et
1807 2104 1991 2157 causa,

427 2189 495 2243 ad
530 2201 652 2241 eum
707 2194 904 2241 tractat
932 2184 1149 2240 modum
1200 2185 1342 2258 (cap.
1393 2183 1468 2254 6),
1503 2196 1580 2253 ut,
1634 2187 1904 2255 quomodo
1936 2188 1992 2241 in

426 2276 534 2330 Deo
590 2292 762 2330 rerum
808 2275 1038 2329 omnium
1066 2275 1384 2345 exemplaria
1409 2278 1817 2345 prwexstiterint
1846 2315 1862 2342 ,
1916 2277 1990 2331 ibi

425 2380 641 2437 quoque
710 2366 1021 2437 patefaciet.
1107 2365 1350 2436 Explicat
1404 2377 1662 2437 praeterea
1722 2371 1991 2436 quomodo

426 2458 567 2515 Deus
592 2459 697 2513 vita
722 2460 811 2523 sit,
838 2472 867 2512 a
891 2472 1000 2528 quo
1020 2472 1172 2513 suam
1197 2468 1391 2513 caetera
1419 2459 1649 2514 viventia
1674 2460 1945 2531 accipiunt
1970 2478 1986 2515 :

424 2550 695 2618 quomodo
747 2550 889 2619 (cap.
925 2550 981 2619 7)
1032 2553 1098 2604 sit
1133 2550 1397 2619 sapientia
1422 2552 1557 2621 ipsa,
1590 2552 1755 2605 omnis
1778 2554 1985 2619 mentis,

424 2642 669 2705 rationis,
712 2642 1005 2711 sapientia,
1057 2642 1431 2711 intelligentia:
1468 2658 1670 2708 causa;
1718 2645 1989 2713 quomodo

434 2738 579 2805 (cap.
619 2734 674 2805 8)
710 2736 892 2789 omnia
931 2743 1242 2805 cognoscat,
1311 2742 1365 2789 et
1418 2748 1446 2787 a
1481 2740 1747 2791 creaturis
1784 2750 1988 2805 cogno-

422 2834 652 2881 scatur:
690 2825 958 2895 quomodo
1009 2823 1267 2889 Verbum,
1321 2825 1512 2893 Λόγος,
1564 2827 1635 2881 sit
1658 2827 1879 2895 veritas,
1925 2842 1989 2882 ac

423 2918 543 2973 lidei
580 2928 777 2972 nostrae
819 2915 1232 2972 fundamentum
1289 2936 1303 2972 :
1354 2921 1626 2987 quomodo
1663 2936 1729 2975 ex
1778 2922 1987 2976 inﬁnita

417 3010 534 3079 ejus
560 3010 805 3082 potentia,
824 3009 941 3064 aliae
963 3024 1152 3064 omnes
1175 3010 1527 3076 deriventur;
1555 3020 1715 3081 atque
1751 3013 1895 3084 (cap.
1923 3016 1980 3083 9)

2096 1921 2215 1962 esse
2238 1906 2388 1970 dicit,
2415 1922 2533 1977 qum
2562 1923 2623 1962 ex
2658 1910 2935 1964 attributis
2970 1912 3084 1975 ejus
3136 1913 3405 1983 negativis
3436 1932 3532 1984 per
3561 1933 3659 1971 ex-

2095 2017 2312 2063 cessum,
2335 2009 2388 2056 et
2425 2016 2529 2053 non
2558 2002 2818 2070 privative
2850 2002 3098 2058 habetur.
3132 2002 3187 2056 In
3214 2007 3451 2059 secunda
3482 2020 3656 2075 expo-

2096 2094 2172 2147 nit
2194 2094 2446 2163 quomodo
2469 2095 2559 2162 qui
2585 2104 2656 2146 est
2679 2110 2832 2161 super
2856 2097 3053 2159 omnia,
3076 2096 3141 2148 sit
3164 2112 3325 2162 supra
3348 2097 3656 2164 principium

2093 2185 2376 2239 divinitatis
2405 2195 2449 2238 et
2477 2185 2738 2239 bonitatis.
2771 2186 2824 2239 In
2854 2186 3014 2241 tertia
3043 2201 3171 2241 vero
3192 2187 3337 2256 quod
3366 2186 3658 2243 Malachias

2095 2277 2353 2346 propheta
2426 2277 2493 2330 de
2553 2276 2772 2331 Christo
2842 2278 3293 2346 przenuntiaverat
3357 2302 3368 2333 :
3438 2278 3658 2347 Repente

2091 2370 2250 2422 veniet
2271 2369 2340 2421 ad
2364 2368 2609 2437 templum
2634 2378 2874 2423 sanctum
2902 2386 3073 2433 suum,
3100 2371 3200 2426 hoc
3229 2371 3375 2426 brevi
3400 2372 3646 2440 explica-

2091 2460 2237 2514 tione
2289 2460 2693 2530 interpretatur.
2738 2460 2959 2516 Demum
3016 2461 3067 2514 in
3124 2473 3313 2529 quarta
3351 2463 3655 2518 Christum

2093 2546 2255 2601 Deum
2282 2546 2448 2603 fuisse
2475 2558 2529 2603 et
2552 2550 2841 2614 hominem,
2866 2559 2918 2604 et
2940 2549 3257 2623 θεανδρικήν
3283 2554 3652 2622 operationem

2091 2638 2408 2693 exhibuisse
2449 2641 2803 2694 demonstrat.

2158 2728 2353 2797 Quinta
2382 2731 2609 2800 epistola
2641 2730 2829 2785 eodem
2856 2745 2917 2785 ac
2948 2732 3313 2801 praecedentes
3349 2735 3489 2803 stylo
3522 2750 3655 2790 exa-

2092 2832 2227 2884 rata.
2270 2831 2337 2877 ad
2381 2823 2699 2877 Dorotheum
2740 2825 3089 2895 λειτουργὸν
3125 2826 3328 2880 directa
3365 2836 3467 2881 est.
3500 2828 3553 2881 In
3585 2844 3651 2882 ea

2089 2922 2265 2968 autem
2292 2930 2413 2981 qua:
2441 2915 2511 2969 sit
2548 2916 2715 2985 caligo
2756 2915 3149 2970 divina'auctor
3173 2917 3371 2985 aperit,
3405 2916 3651 2988 planum-

2087 3020 2192 3075 que
2233 3004 2365 3061 facit
2401 3014 2529 3059 tunc
2561 3005 2725 3061 Deum
2764 3018 2891 3060 vere
2937 3008 3214 3075 cognosci,
3247 3023 3370 3062 cum
3419 3008 3510 3064 ille
3557 3026 3647 3065 su-

415 3107 533 3175 ejus
569 3106 779 3175 justitia
814 3105 1053 3159 omnium
1112 3120 1300 3160 norma
1335 3104 1430 3169 sit,
1461 3103 1608 3159 salus
1646 3113 1702 3160 et
1763 3108 1976 3162 redem-
2011 3123 2053 3181 ε
2088 3114 2184 3169 per
2223 3112 2437 3153 omnem
2475 3098 2754 3154 scientiam
2790 3107 2845 3153 et
2879 3099 3240 3169 cognitionem
3294 3114 3414 3156 esse
3450 3118 3649 3173 cogno-

426 3197 643 3265 ptio.Ad
686 3197 801 3251 base
829 3211 955 3252 vero
1003 3198 1145 3267 (cap.
1203 3196 1294 3269 10)
1340 3216 1440 3254 cur
1503 3200 1641 3254 Deus
1669 3217 1885 3272 magnus
1930 3214 1979 3256 et

415 3305 632 3359 parvus,
664 3290 803 3343 idem
829 3298 875 3343 et
908 3288 1076 3353 aliud,
1105 3292 1293 3347 similis
1330 3303 1378 3347 et
1410 3294 1687 3347 dissimilis
1715 3294 1927 3350 dicatur
1962 3314 1976 3349 :

415 3395 535 3447 qua:
560 3381 631 3435 sit
660 3379 776 3448 ejus
803 3380 978 3450 quies,
1012 3381 1169 3437 sedes
1200 3394 1252 3437 et
1288 3394 1485 3448 motus,
1536 3399 1636 3439 cur
1678 3387 1982 3441 nominetur

414 3470 656 3540 :cqualis,
699 3470 1063 3539 omnitenens,
1117 3475 1533 3547 παντοκράτωρ,
1584 3478 1830 3547 antiquus
1862 3479 1979 3532 die-

414 3578 555 3627 rum,
588 3563 835 3632 antiquus
863 3573 910 3617 et
956 3580 1116 3617 novus
1134 3582 1153 3629 ;
1196 3565 1381 3636 ibique
1413 3570 1661 3635 temporis
1692 3578 1739 3623 et
1771 3572 1982 3624 aeterni-

414 3656 541 3709 tatis
569 3666 818 3708 naturam
849 3654 1142 3725 explanare
1169 3658 1466 3711 contendit.
1503 3658 1696 3713 Postea
1716 3659 1858 3729 (cap.
1888 3660 1979 3726 Η)

414 3746 481 3800 de
524 3759 655 3814 pace
689 3744 802 3811 Dei,
832 3745 923 3813 qui
964 3746 1140 3801 omnis
1192 3748 1341 3814 pacis
1391 3758 1579 3803 auctor
1607 3758 1713 3815 est,
1743 3751 1978 3817 disserit,

413 3849 641 3903 eamque
665 3832 732 3887 ab
760 3833 1012 3888 omnibus
1053 3835 1353 3890 desiderari
1386 3837 1744 3892 demonstrat.
1778 3838 1982 3896 Dehinc

414 3931 560 4001 (cap.
599 3928 690 3997 12)
730 3927 796 3981 ad
823 3942 889 3982 ea
922 3928 1208 3998 respondet
1239 3942 1357 3996 quae
1399 3928 1712 3985 Timotheus
1746 3930 1870 3986 data
1912 3934 1979 3985 ad

413 4036 535 4076 eum
570 4019 799 4087 epistola
847 4026 1186 4087 poposcerat,
1234 4019 1363 4087 quid
1410 4018 1483 4074 sit
1506 4037 1600 4088 per
1637 4037 1691 4074 se
1717 4037 1849 4088 esse,
1891 4038 1983 4089 per

410 4128 465 4166 se
485 4111 612 4177 vita,
642 4126 733 4179 per
757 4127 810 4165 se
834 4110 1128 4180 sapientia.
1161 4108 1295 4164 Tum
1327 4111 1554 4166 subinde
1586 4112 1650 4166 ad
1677 4113 1978 4166 divinorum

412 4205 689 4258 nominum
764 4201 1200 4272 explanationem
1270 4215 1568 4266 reversus,
1637 4203 1979 4272 perspicuum

410 4294 541 4350 facit
592 4295 737 4364 (cap.
766 4294 860 4364 15)
890 4308 985 4348 cur
1027 4292 1170 4348 Deus
1218 4301 1442 4347 vocetur
1496 4292 1726 4348 Sanctus
1765 4303 1978 4347 sancto-

410 4403 549 4453 rum,
611 4386 721 4441 Rea:
774 4402 991 4457 regum,
1050 4384 1305 4439 Dominus
1354 4386 1778 4453 dominantium,
1837 4385 1977 4443 Deus

2083 3194 2274 3253 scitur.

2152 3284 2231 3337 Ad
2264 3280 2592 3349 Sosipatrum
2623 3280 2971 3349 presbyterum
3004 3290 3156 3335 sexta
3194 3281 3353 3335 missa
3383 3291 3488 3345 est,
3525 3282 3647 3336 illa-

2083 3390 2187 3445 que
2237 3374 2478 3427 omnium
2519 3370 2643 3425 licet
2678 3372 3019 3430 brevissima,
3062 3370 3287 3424 formam
3332 3380 3510 3427 tamen
3547 3375 3613 3426 ha

2083 3466 2171 3519 bet
2194 3462 2451 3533 epistolae.
2485 3461 2597 3517 Hac
2620 3472 2809 3517 auctor
2843 3474 3024 3519 noster
3059 3463 3397 3532 Sosipatrum
3428 3474 3486 3519 ut
3513 3480 3625 3535 ope

2086 3570 2200 3609 ram
2228 3570 2379 3609 suam
2405 3569 2511 3609 non
2548 3566 2654 3608 tam
2691 3555 2742 3608 iu
2773 3555 3059 3621 arguendis
3092 3555 3362 3611 haereticis
3390 3572 3549 3626 quam
3586 3559 3643 3613 in

2084 3650 2309 3703 veritate
2337 3648 2652 3704 stabilienda
2681 3657 2861 3716 ponat,
2894 3649 3063 3702 amice
3090 3658 3290 3704 monet.

2154 3739 2394 3807 Septima
2437 3740 2524 3792 ille
2567 3738 2865 3810 Polycarpo
2901 3741 3168 3811 episcopo,
3239 3742 3329 3811 qui
3376 3742 3548 3820 ipsum
3574 3742 3642 3796 ah

2081 3831 2451 3902 Apollophane
2508 3833 2960 3904 sophista,quod
3014 3834 3296 3902 Opiniones
3361 3837 3639 3906 gentilium

2083 3926 2428 3991 confutando,
2482 3940 2577 3979 eas
2623 3925 2832 3981 sincere
2876 3941 2981 3981 non
3029 3929 3425 4001 proposuisset,
3460 3931 3640 3991 palam

2084 4018 2318 4071 incusari
2361 4017 2728 4081 nuntiaverat,
2772 4019 3100 4087 respondere
3138 4019 3375 4074 videtur.
3413 4022 3499 4074 Ait
3536 4024 3639 4074 ita-

2084 4126 2187 4180 que
2211 4124 2268 4166 se
2304 4126 2426 4165 cum
2460 4113 2723 4166 adversus
2750 4110 2979 4180 gentiles
3009 4111 3329 4179 disputaret,
3364 4127 3450 4166 res
3482 4124 3640 4180 prout

2083 4218 2141 4258 se
2170 4202 2450 4265 haberent,
2483 4216 2607 4255 vere
2636 4215 2846 4271 semper
2874 4200 3149 4267 retulisse;
3174 4200 3640 4273 Polycarpumque

2084 4300 2236 4362 rogat
2282 4300 2341 4344 ut
2386 4290 2743 4361 Apollophani
2796 4290 3062 4359 signiticet
3112 4305 3234 4344 eum
3271 4290 3446 4358 ipsum
3493 4308 3636 4357 esse,

2081 4383 2173 4452 qui
2213 4382 2402 4436 divinis
2449 4382 2701 4437 adversus
2753 4382 2926 4434 diuina
2970 4382 3229 4435 abutitur.
3276 4382 3485 4437 Etenim
3531 4402 3637 4440 nou

408 4482 647 4535 deorum.
670 4478 766 4534 llis
799 4480 872 4534 ita
904 4477 1215 4548 explicatis,
1245 4486 1430 4532 monet
1457 4492 1516 4532 se
1546 4478 1724 4531 divina
1754 4478 1972 4532 nomina
2001 4488 2047 4543 1)
2079 4476 2251 4531 solum
2303 4474 2370 4529 iis
2405 4488 2524 4542 quae
2567 4471 2743 4527 Josua:
2787 4482 2842 4527 et
2883 4472 3127 4527 Ezechire
3173 4475 3505 4543 temporibus
3548 4492 3638 4529 ac-

408 4586 507 4640 pro
532 4571 648 4627 suis
668 4570 891 4636 viribus,
924 4585 1029 4624 uon
1056 4584 1152 4636 pro
1179 4581 1366 4623 eorum
1404 4568 1665 4638 dignitate
1696 4568 1775 4622 sic
1800 4566 1976 4637 expli-

409 4664 621 4729 cuisse,
649 4670 728 4728 ut,
758 4662 801 4718 si
831 4662 960 4732 quid
990 4670 1136 4716 recte
1166 4675 1194 4713 a
1220 4674 1279 4715 se
1301 4660 1499 4714 dictum
1529 4658 1709 4720 luerit,
1734 4658 1784 4713 id
1805 4666 1975 4712 totum

409 4752 464 4807 in
500 4752 666 4809 Deum
696 4753 870 4819 ipsqu
900 4749 1110 4806 refundi
1143 4751 1369 4812 debeat;
1406 4750 1450 4803 si
1481 4750 1609 4818 quid
1645 4763 1774 4803 vero
1799 4748 1975 4802 minus

409 4845 543 4900 recti
572 4852 627 4899 et
681 4842 932 4913 perfecti,
976 4842 1105 4897 illud
1137 4840 1407 4898 Timothei
1453 4842 1647 4909 peritia
1692 4840 1818 4894 velit
1858 4854 1976 4894 esse

406 4944 737 4992 correctum.
770 4936 1013 5005 Spondet
1053 4934 1285 5003 denique
1314 4947 1373 4989 se
1398 4932 1461 4987 de
1505 4932 1786 5002 symbolica
1830 4933 1976 4985 theo-

406 5032 548 5100 logia
576 5038 701 5097 post
730 5029 846 5084 haec
880 5041 999 5083 esse
1024 5026 1375 5095 scripturum,
1420 5034 1584 5096 atque
1613 5025 1688 5080 ita
1712 5024 1848 5081 libro
1876 5040 1973 5079 suo

404 5120 569 5176 linem
602 5121 846 5189 imponit.

473 5210 504 5285 ξ
553 5209 643 5266 IV.
690 5208 842 5265 Liber
895 5211 959 5263 de
1011 5211 1235 5280 mystica
1291 5210 1567 5279 theologia.
1609 5238 1679 5249 —
1707 5208 1969 5277 Quartum

403 5302 628 5367 librum,
680 5300 757 5356 De
809 5301 1031 5371 mystica
1094 5299 1358 5369 theologia
1417 5297 1575 5353 titulo
1616 5297 1966 5367 inscriptum,

400 5402 594 5449 auctor
645 5403 832 5447 noster
902 5390 964 5445 sb
1016 5391 1377 5446 sanctissimae
1424 5388 1708 5444 Trinitatis
1754 5389 1972 5443 invoca-

402 5486 552 5540 tione
601 5484 821 5539 inchoat
855 5482 999 5553 (cap.
1047 5483 1124 5552 l),
1160 5481 1613 5551 Timotheumque
1663 5495 1971 5537 commoue-

400 5573 534 5629 faeit
562 5574 786 5644 mystica
833 5588 959 5628 cum
988 5573 1122 5629 viris
1166 5572 1389 5642 paganis
1430 5586 1536 5627 non
1573 5586 1692 5626 esse
1729 5586 1971 5626 commu-

401 5665 653 5720 nicanda.
689 5663 795 5737 Ipsi
832 5666 1061 5721 subinde
1092 5664 1385 5736 signiﬁcat,
1411 5672 1467 5717 ut
1498 5664 1566 5718 ad
1605 5661 1723 5726 Dei,
1754 5662 1843 5731 qui
1883 5662 1967 5714 in-

402 5755 549 5811 liuite
576 5771 737 5825 supra
770 5772 869 5813 nos
907 5756 1104 5820 elatus,
1148 5758 1411 5812 immensa
1451 5754 1684 5824 caligine
1721 5752 1957 5808 abscon-

2079 4566 2349 4629 ciderant,
2379 4562 2613 4617 insolitis
2643 4562 2899 4616 caelorum
2934 4562 3189 4624 motibus,
3223 4568 3316 4616 sed
3354 4554 3407 4617 in
3442 4565 3637 4634 primis

2078 4654 2358 4724 stupenda,
2401 4667 2562 4721 quam
2613 4651 2903 4720 Heliopoli,
2947 4653 3071 4704 dum
3115 4652 3363 4708 Christus
3410 4655 3635 4709 cruciﬁ-

2078 4753 2318 4812 geretur,
2365 4742 2455 4797 ille
2503 4756 2687 4797 secum
2743 4741 2977 4804 viderat,
3029 4740 3159 4795 solis
3204 4742 3527 4813 defectione,
3567 4746 3635 4799 de

2074 4836 2311 4903 ejusdem
2353 4833 2556 4889 Christi
2601 4833 2883 4887 divinitate
2921 4835 3097 4885 luerat
3136 4834 3439 4889 convictus.
3479 4837 3633 4903 Quod

2076 4925 2172 4994 ipsi
2207 4934 2264 4979 ut
2288 4927 2340 4979 in
2390 4924 2702 4981 memoriam
2739 4933 2976 4989 revocet,
3007 4932 3170 4991 atque
3222 4924 3287 4977 ad
3323 4926 3635 4994 amplexan-

2073 5016 2197 5069 dam
2239 5014 2602 5071 Christianam
2651 5012 2965 5082 religionem
3005 5012 3337 5079 adhortetur,
3380 5017 3633 5070 obsecrat

2073 5117 2128 5160 et
2150 5107 2415 5175 praecipit.

2141 5196 2504 5265 Demophilum
2574 5197 2922 5259 monac/tum,
3007 5195 3099 5265 qui
3173 5196 3522 5264 pmnitentem
3598 5216 3627 5253 a

2070 5287 2353 5341 sacerdote
2388 5284 2725 5351 absolutum,
2762 5286 3045 5354 ipsumque
3091 5284 3424 5341 sacerdotem
3456 5301 3483 5340 a
3519 5302 3654 5356 quo,

2070 5378 2243 5433 fuerat
2267 5377 2567 5441 absolutus,
2596 5376 2785 5432 durius
2812 5384 3163 5440 traetaverat,
3187 5377 3412 5447 epistola
3436 5388 3624 5432 octava

2068 5472 2314 5541 corripit.
2353 5469 2714 5537 Quamobrem
2746 5468 3088 5523 clementiam
3122 5468 3621 5524 mansuetudinem-

2067 5578 2172 5631 que
2209 5564 2571 5625 commendat,
2616 5576 2680 5615 ac
2718 5562 2882 5615 variis
2926 5560 3145 5631 Moysis,
3192 5560 3426 5624 Davidis,
3472 5560 3619 5616 Jose-

2068 5652 2182 5723 phi,
2255 5652 2594 5723 angelorum,
2665 5660 2722 5706 et
2787 5651 2988 5706 Christi
3067 5650 3277 5704 Domini
3362 5650 3623 5718 exemplis

2068 5745 2262 5817 probat
2295 5744 2606 5802 sacerdotes
2634 5759 2666 5801 a
2694 5743 2971 5801 monachis
3009 5757 3115 5797 non
3147 5753 3265 5796 esse
3298 5743 3625 5809 arguendos,
