3916 6234
257 383 319 446 g3
1543 354 2067 415 PROLEGUMENA.
3407 341 3472 394 lt

247 517 415 575 atque
440 509 567 556 ante
594 500 770 569 ipsum
800 496 892 565 qui
920 492 973 547 id
1007 497 1273 545 attentare
1303 498 1464 539 ausus
1504 482 1687 545 fuerit,
1721 482 1807 533 in—
1836 480 1886 538 Α

252 573 469 651 ventum
497 606 617 648 esse
652 589 943 644 neminem.
987 581 1229 649 Denique
1256 585 1597 648 peccatoren:
1640 573 1813 642 paeni-

252 694 455 740 tentem
476 683 546 737 ab
569 682 689 751 ipso
710 694 815 733 non
841 677 1094 732 debuisse
1122 673 1272 740 rejici
1302 672 1436 725 mira
1459 670 1629 725 sancti
1652 667 1811 737 Carpi

248 779 465 834 visione
482 777 838 831 demonstrat.

323 869 578 939 Epistolas
623 881 779 922 nonae
822 866 892 919 ad
934 864 1107 919 Titum
1154 867 1453 933 episcopum
1484 864 1618 916 datae
1662 855 1815 911 initio

246 959 381 1028 quid
432 958 616 1026 figurae
655 954 964 1026 symbolicaa
1006 965 1060 1009 et
1099 968 1394 1024 corporeae,
1438 967 1561 1022 quae
1607 951 1714 1004 Deo
1762 947 1815 998 in

248 1049 540 1119 Scriptura
580 1064 736 1103 sacra
766 1047 1100 1113 tribuuntur,
1129 1046 1457 1115 significent,
1496 1052 1685 1098 auctor
1716 1054 1815 1093 no-

248 1150 369 1196 ster
411 1141 676 1196 enucleat.
720 1140 923 1194 Deinde
965 1154 1027 1193 ea
1059 1154 1180 1207 qua:
1223 1137 1381 1192 Titus
1427 1135 1814 1208 postulaverat,

246 1235 551 1302 explanare
592 1246 907 1302 aggressus,
958 1231 1195 1285 ostendit
1254 1229 1380 1298 quid
1438 1234 1505 1287 sit
1570 1225 1816 1287 ebrielas,

245 1326 580 1390 discubitus,
643 1341 857 1378 somnus
914 1336 963 1378 et
1007 1326 1265 1395 evigilatio
1322 1326 1436 1380 Dei.
1498 1323 1578 1379 Ex
1626 1323 1820 1393 quibus

251 1418 417 1473 facile
458 1417 681 1486 colligas
719 1416 791 1471 ibi
830 1417 961 1471 nihil
1007 1418 1150 1473 aliud
1185 1433 1345 1487 quam
1393 1418 1574 1488 priora
1622 1415 1818 1484 capitis

251 1513 385 1563 noni
418 1508 693 1562 Halachiae
723 1509 1001 1577 pr0pheta3
1026 1508 1191 1562 verba
1219 1506 1499 1576 explicari.

324 1599 382 1654 In
432 1598 659 1668 epistola
711 1600 944 1662 decima,
992 1600 1075 1651 ad.
1104 1598 1369 1652 Joannem
1425 1594 1816 1665 evangelistam,

248 1690 309 1744 in
346 1689 520 1745 insula
539 1687 800 1744 Pathmos
823 1687 1157 1742 exsulantem
1178 1686 1409 1750 directa,
1430 1696 1620 1741 auctor
1641 1692 1824 1739 noster

248 1782 485 1835 celerem
524 1780 601 1834 illi
640 1781 708 1835 ab
743 1779 938 1837 exsilio
968 1780 1020 1833 in
1060 1779 1244 1834 Asiam
1276 1777 1533 1847 reditum,
1559 1775 1738 1846 ibique
1764 1789 1822 1830 se

245 1867 371 1941 ejus
391 1873 679 1941 praesentia
709 1870 1001 1927 fruiturum
1039 1879 1190 1926 certo
1212 1869 1568 1940 praenuntiat.

323 1963 553 2031 Adjecla
603 1972 690 2018 est
734 1965 789 2019 in
841 1963 1113 2018 nonnullis
1155 1960 1480 2015 editionibus
1536 1957 1818 2012 undecima

248 2054 498 2110 auctoris
555 2056 724 2109 nostri
770 2056 839 2108 ad
878 2054 1283 2124 Apollophane»:
1306 2051 1664 2121 philosophum
1709 2050 1821 2117 epi-

248 2146 393 2200 stola
428 2160 445 2199 :
473 2145 566 2201 sed
596 2160 720 2201 cum
747 2159 810 2199 ea
836 2145 931 2199 vix
957 2144 1026 2199 ab
1055 2143 1165 2198 ullo
1195 2142 1428 2213 genuina
1454 2155 1574 2196 esse
1594 2155 1821 2195 censea-

252 2247 366 2299 tur,
405 2238 474 2292 de
507 2238 649 2293 illius
679 2237 934 2300 veritate,
971 2251 1037 2290 ne
1063 2249 1186 2290 cum
1228 2234 1350 2288 aliis
1373 2246 1603 2302 quarum
1652 2231 1821 2299 major

249 2340 341 2385 est
366 2328 671 2394 difﬁcultas,
710 2327 1152 2392 confunderetur,
1188 2326 1240 2380 in
1287 2324 1393 2381 fine
1433 2324 1591 2393 hujus
1620 2323 1824 2379 Disser-

254 2423 484 2477 tationis
522 2421 938 2492 disputabimus.

879 2529 1106 2587 CAPUT
1145 2530 1205 2585 ll.

257 2623 565 2695 Exponilttr
596 2632 765 2679 status
797 2626 1121 2748 quttstiloms,
1152 2636 1197 2677 et
1227 2641 1329 2693 qua
1357 2626 1600 2679 methodo
1625 2633 1823 2679 tracta-

1007 2707 1134 2747 itur.

1007 2707 1134 2747 “Ir.

328 2803 410 2861 De
457 2804 542 2860 his
586 2802 1060 2859 lucubrationibus
1109 2803 1154 2856 si
1185 2818 1251 2856 ex
1300 2802 1417 2870 ipso
1451 2815 1639 2856 earum
1669 2800 1825 2855 testi-

256 2898 447 2953 monio
502 2897 707 2952 feratur
762 2896 1070 2960 sententia,
1124 2905 1338 2948 certum
1397 2903 1484 2948 est
1540 2892 1663 2947 illas
1720 2907 1824 2945 non

257 2991 428 3045 alium
487 3002 647 3057 quam
706 2985 1020 3058 Dionysium
1081 2985 1502 3054 Areopagitam,
1556 2999 1587 3038 a
1650 2983 1823 3039 Paulo

258 3079 510 3150 apostolo
545 3080 611 3135 ad
648 3078 1017 3134 Chr7stianam
1069 3078 1228 3133 fidem
1258 3078 1571 3141 adductum,
1604 3076 1827 3146 ejusque

260 3186 452 3245 postea
504 3174 847 3242 discipulum,
902 3171 1154 3225 habuisse
1212 3180 1516 3226 auctorem.
1595 3168 1826 3223 Verum-
1858 3208 1899 3265 C

263 3267 551 3320 enimvero
591 3280 712 3334 quae
740 3264 810 3319 de
847 3263 1002 3325 solis,
1047 3262 1261 3317 Christo
1299 3262 1580 3324 moriente,
1617 3260 1827 3330 eclipsi,

265 3357 335 3410 de
376 3370 612 3424 corpore
666 3353 908 3423 Deiparar.
948 3352 1185 3421 Virginis
1228 3361 1348 3421 post
1382 3353 1497 3420 ejus
1550 3361 1776 3405 mortem
1803 3368 1833 3405 a

265 3462 326 3502 se
372 3458 429 3501 et
472 3448 540 3502 ab
594 3446 852 3516 apostolis
901 3446 1040 3507 viso,
1085 3445 1152 3499 de
1194 3442 1417 3499 Joannis
1487 3444 1833 3513 evangelistte

265 3540 333 3595 ab
375 3539 573 3594 exsilio
621 3553 871 3609 regressu
921 3537 1196 3598 dicuntur.
1247 3552 1393 3591 easa
1443 3538 1699 3608 Dionysio
1742 3538 1834 3591 illo

267 3630 505 3698 scriptas
524 3642 647 3683 esse
672 3628 913 3682 clamant
948 3636 1009 3683 et
1039 3627 1419 3682 testificantur.
1445 3627 1550 3683 Sed
1582 3627 1711 3681 illud
1741 3642 1836 3680 vo-

267 3732 427 3775 catur
450 3721 506 3775 in
537 3723 970 3776 controversiam
1005 3736 1132 3774 num
1163 3721 1357 3774 horum
1386 3729 1577 3774 auctor
1603 3718 1834 3786 scripto-

272 3830 391 3868 rum
422 3815 469 3869 is
502 3828 632 3868 vere
665 3814 736 3868 sit
770 3814 1117 3883 ArcOpagita,
1167 3826 1330 3881 quem
1371 3826 1429 3865 se
1478 3810 1655 3878 prodit
1690 3826 1705 3863 :
1747 3809 1830 3863 vel

270 3906 533 3960 ementito
561 3905 694 3958 tanti
728 3905 827 3958 viri
870 3905 1093 3958 nomine
1125 3902 1344 3971 scriptis
1391 3902 1504 3956 suis
1537 3900 1829 3954 auctorita-

269 4010 378 4055 tem
434 3997 670 4052 voluerit
722 3996 1041 4050 attribuere.
1100 3994 1225 4049 Haec
1267 4003 1446 4048 autem
1489 3992 1715 4061 quazstio
1766 3993 1835 4046 ob

270 4089 513 4143 auctoris
538 4100 756 4149 nomen,
785 4095 842 4140 et
863 4099 1073 4140 summa
1102 4098 1221 4153 qua:
1249 4084 1300 4137 in
1332 4083 1417 4136 his
1449 4082 1702 4151 operibus
1729 4088 1839 4134 tra-

270 4189 493 4236 ctantur
514 4186 859 4248 argumenta,
888 4176 1025 4230 tanti
1054 4174 1308 4245 ponderis
1336 4180 1392 4228 et
1431 4173 1687 4227 momenti
1722 4170 1834 4224 visa

271 4278 373 4335 est,
413 4280 473 4323 ut
499 4270 591 4323 vix
632 4268 741 4322 alia
784 4267 969 4331 fuerit,
1009 4267 1062 4319 in
1099 4280 1206 4334 qua
1256 4263 1613 4319 examinanda
1658 4260 1835 4316 critici

275 4364 535 4432 majorem
568 4360 906 4429 diligentiam
943 4357 1257 4411 adhibuisse
1289 4356 1591 4409 videantur.

343 4454 514 4509 Porro
549 4459 735 4504 autem
767 4449 905 4502 duas
935 4446 1011 4500 illi
1044 4447 1371 4500 scinduntur
1410 4444 1462 4497 in
1493 4450 1699 4512 partes.
1732 4443 1833 4496 Alii

1913 476 2035 529 duxi
2069 471 2288 541 pedibus
2309 468 2362 523 in
2387 482 2572 522 eorum
2606 464 2802 519 iverint
2838 455 3164 517 sententiam
3185 502 3199 523 ,
3242 474 3470 523 eamque

1915 563 2130 633 plurimi
2160 560 2324 614 variis
2347 555 2828 619 lucubrationibus,
2855 553 2907 608 in
2936 552 3108 606 lucem
3133 549 3315 614 editis,
3341 564 3471 618 pro-

1916 651 2255 723 pngnandam
2291 648 2648 719 susceperint.
2678 646 2878 701 Contra
2908 655 3089 698 tamen
3130 652 3276 697 stant
3304 642 3473 712 aliqui

1916 761 2014 817 pro
2060 743 2427 811 antiquiorum
2476 740 2750 809 opinione,
2803 752 2965 806 quam
3021 733 3249 803 prolixis
3297 734 3464 788 etiam

1920 834 2418 896 Dissertationibus,
2462 833 2515 885 in
2545 832 2733 900 vulgus
2762 843 2870 882 non
2897 829 2970 882 ita
3001 826 3212 897 pridem
3236 826 3476 890 emissis,

1918 928 2218 983 defendunt
2257 939 2321 980 ac
2352 933 2592 979 tuentur.

1989 1020 2114 1076 Haec
2144 1021 2324 1089 itaque
2353 1018 2581 1087 quaestio
2605 1031 2725 1071 cum
2751 1030 2847 1083 pro
2871 1013 3046 1068 ollicio
3074 1022 3261 1067 nostro
3288 1026 3478 1067 rursus

1920 1112 1985 1165 ad
2030 1124 2260 1164 examen
2306 1107 2608 1164 revocanda
2656 1107 2747 1172 sit,
2786 1106 2931 1159 illam
2977 1107 3047 1159 ita
3097 1105 3475 1164 tractabimus,

1920 1208 1999 1263 nt,
2023 1200 2274 1256 omnibus
2302 1199 2581 1267 utriusque
2608 1197 2775 1267 partis
2808 1195 3113 1251 rationibus
3140 1208 3293 1263 aequa
3323 1194 3479 1249 lance

1921 1296 2250 1365 ponderatis,
2289 1308 2474 1349 earum
2509 1293 2613 1345 vim
2656 1300 2712 1345 et
2743 1292 2926 1358 robur,
2977 1299 3073 1344 aut
3117 1289 3393 1344 levitatem
3422 1302 3480 1344 et

1922 1386 2050 1441 vitia
2079 1386 2224 1441 clare
2251 1393 2303 1437 et
2334 1384 2643 1453 perspicue,
2678 1393 2939 1452 quantum
2985 1396 3079 1451 per
3108 1397 3206 1436 nos
3238 1381 3354 1435 fleri
3386 1395 3483 1450 po-

1923 1479 2066 1541 terit,
2113 1476 2527 1546 patefaciamus.
2578 1474 2670 1529 His
2721 1484 2899 1528 autem
2932 1489 2993 1539 ea
3025 1474 3207 1528 omnia
3252 1470 3478 1543 adjicie.

1922 1586 2042 1625 mus
2064 1583 2182 1639 qua:
2225 1568 2290 1622 ad
2336 1566 2657 1621 eliciendam
2702 1565 3242 1633 conﬁrmandamqite
3285 1565 3483 1618 verita-

1924 1672 2030 1717 tem
2060 1671 2115 1718 et
2140 1676 2309 1715 vanas
2336 1660 2576 1729 argutias
2604 1656 2954 1727 depellendas
2980 1658 3150 1727 magis
3177 1658 3483 1711 conducere

1928 1751 2081 1805 nobis
2122 1749 2470 1804 videbuntur.
2516 1746 2759 1815 Denique
2810 1746 2951 1801 hanc
2992 1745 3344 1814 quaestionem
3383 1760 3482 1814 pro

1852 1827 1895 1882 Β
1924 1842 2063 1896 virili
2093 1849 2246 1911 parte
2274 1855 2334 1896 ea
2385 1839 2640 1893 methodo
2663 1836 2949 1891 enucleare
2988 1845 3329 1906 satagemus,
3372 1851 3481 1905 qua

1921 1934 2170 1989 sincerus
2221 1934 2470 1987 veritatis
2520 1938 2734 1985 amator
2786 1930 2853 1984 de
2915 1930 3000 1984 his
3052 1930 3273 2000 scriptis
3323 1943 3482 1984 suum

1920 2026 2092 2095 possit
2131 2023 2341 2079 facilius
2364 2032 2420 2079 et
2453 2022 2657 2077 certius
2690 2018 3135 2087 ferrejudicium.

2542 2133 2769 2189 CAPUT
2809 2134 2892 2189 Ill.

1926 2246 2112 2302 Utrum
2168 2248 2383 2318 quidam
2436 2247 2711 2318 scriptores
2767 2254 2887 2298 ante
2938 2246 3288 2318 Collationem
3339 2246 3482 2301 Con-

1992 2315 2513 2384 stantinopolitanam
2582 2317 2691 2371 Itazc
2768 2330 2926 2384 opera
3010 2315 3261 2384 Dionysio
3338 2320 3487 2370 amt.

1994 2389 2197 2442 buerint
2220 2386 2247 2440 ?

1997 2500 2224 2556 Constat
2269 2500 2488 2569 quidem
2547 2499 2727 2555 omnia
2783 2500 3037 2554 Auctoris
3085 2499 3254 2553 nostri
3310 2499 3485 2568 Opera

1927 2602 2048 2661 post
2084 2590 2442 2647 Collationem
2487 2591 2956 2659 Constantinopoli
3003 2606 3145 2645 anno
3185 2588 3290 2645 553
3337 2591 3510 2645 ham--

1929 2692 2038 2738 tam
2084 2683 2335 2750 Dionysio
2376 2684 2722 2752 Areopagitae
2760 2697 2868 2737 uno
2908 2684 3020 2737 fere
3069 2683 3313 2737 omnium
3359 2679 3506 2738 con-'

1928 2791 2087 2832 sensu
2123 2774 2291 2831 fuisse
2319 2775 2644 2842 atljudicata.
2676 2769 2867 2829 Utrum
2896 2786 3077 2828 autem
3103 2774 3289 2829 eadem
3319 2772 3487 2829 fuerit

1930 2871 2293 2941 antiquiorum
2328 2869 2529 2938 opinio.
2574 2868 2718 2923 inter
2749 2869 2997 2923 eruditos
3035 2868 3335 2922 etiammnn
3373 2868 3487 2923 dis-

1929 2972 2193 3032 ceptatur.
2239 2960 2549 3033 Dionysiani
2602 2961 2748 3014 enim
2797 2959 3103 3015 testimonia
3152 2957 3402 3028 Origenis
3448 2961 3487 3022 ’,

1930 3053 2233 3116 Athanasii,
2275 3052 2563 3106 Clementis
2602 3050 2947 3105 Alexandrini
3003 3058 3058 3104 et
3098 3049 3339 3121 Gregorii
3382 3050 3489 3105 Na—

1934 3144 2170 3200 zianzcni
2212 3145 2254 3209 ¹,
2281 3159 2310 3197 a
2348 3143 2541 3211 quibus
2588 3143 2700 3195 lucc
2749 3141 2945 3210 scripta
2983 3141 3066 3194 vel
3116 3141 3347 3213 Dionysii
3393 3158 3492 3197 nn-

1934 3238 2078 3291 mine
2123 3237 2312 3299 citata,
2353 3235 2433 3289 vel
2480 3234 2714 3288 imlicata
2747 3234 3064 3304 Opinantur,
3110 3236 3389 3305 proferunt
3436 3236 3491 3289 in

1936 3327 2191 3381 medium.
2249 3327 2464 3380 Addunt
2544 3324 2852 3393 Dionysium
2916 3323 3370 3388 Alexandrinum,
3434 3336 3493 3377 ut

1933 3419 2246 3474 Anastasius
2289 3417 2518 3481 Sinaita,
2565 3425 2784 3470 sanctus
2828 3414 3094 3469 Maximus
3172 3425 3228 3468 et
3274 3406 3525 3481 Dicetas:

1933 3512 2222 3567 Choniates
2273 3518 2557 3571 testantur,
2620 3509 2672 3559 in
2725 3507 2909 3560 eadem
2978 3504 3216 3576 Dionysii
3268 3507 3492 3578 scripta.

1936 3603 2309 3658 adnotationes
2335 3609 2390 3654 et
2420 3598 2624 3654 scholia
2650 3596 2906 3656 edidisse.

2009 3696 2114 3752 Sed
2158 3697 2492 3750 contendunt
2534 3707 2723 3747 eorum
2769 3691 3063 3746 adversarii
3106 3706 3278 3761 neque
3306 3690 3496 3761 Orige-

1941 3802 2081 3853 nem,
2134 3800 2307 3854 neque
2350 3783 2727 3846 Athanasium,
2769 3790 2825 3835 ut
2869 3796 3056 3837 omnes
3104 3780 3260 3837 facile
3298 3796 3494 3837 conce-

1937 3882 2091 3941 dunt,
2139 3878 2232 3931 sed
2273 3874 2603 3930 recentiores
2638 3874 2895 3942 quosdam
2936 3872 3151 3941 borum,
3179 3888 3298 3943 qtue
3327 3873 3497 3927 citan-

1938 3977 2042 4029 tur,
2106 3982 2328 4036 operum
2400 3981 2522 4021 esse
2590 3975 2861 4020 auctores.
2917 3967 3189 4032 Quantum
3247 3978 3375 4019 vero
3427 3967 3495 4017 atl

1938 4060 2165 4125 scholia,
2193 4068 2397 4115 certum
2423 4059 2591 4113 videri
2619 4073 2682 4111 ea
2726 4057 2963 4129 Dionysii
3004 4058 3354 4113 Alexandrini
3388 4071 3495 4111 non

1937 4167 2055 4206 esse
2104 4151 2293 4207 fetum.
2346 4151 2603 4205 Eusebius
2651 4150 2851 4204 etenim
2902 4159 3063 4220 atque
3115 4150 3494 4220 Hieronymus,

1936 4245 2027 4315 qui
2054 4242 2402 4298 Alexandrini
2432 4243 2587 4312 hujus
2614 4243 2935 4311 patriarchae
2987 4257 3151 4310 opera
3198 4242 3498 4311 diligentis-

1870 4372 1873 4377 -
1937 4338 2072 4391 sime
2101 4343 2505 4398 recensuerunt,
2538 4335 2738 4389 nullam
2776 4334 2998 4387 omnino
3028 4333 3219 4387 borum
3261 4333 3495 4387 scholio-

1939 4446 2056 4483 rum
2107 4428 2350 4481 fecerunt
2410 4428 2757 4481 mentionem.
2806 4424 2943 4491 Quid
2993 4425 3136 4493 quod
3181 4423 3498 4479 Anastasius

273 4547 542 4618 siquidem
585 4540 787 4611 scripta
832 4541 945 4594 haec
990 4538 1168 4592 omnia
1197 4553 1226 4590 a
1272 4537 1526 4607 Dionysio
1570 4536 1707 4605 ipso,
1741 4550 1834 4589 cu-
1871 4540 1913 4594 ι)
1942 4534 2004 4574 ac
2047 4528 2170 4589 post
2208 4533 2331 4573 eum
2376 4516 2640 4571 Maximus
2678 4518 2821 4570 lnmc
2863 4514 3170 4584 Dionysium
3216 4529 3281 4567 ex
3314 4516 3496 4570 rheto-

270 4641 359 4708 jus
403 4636 620 4691 nomine
673 4631 1065 4694 inscribuntur,
1121 4628 1364 4698 profecta
1414 4642 1533 4681 esse
1588 4636 1836 4684 censent.

275 4734 407 4800 Quae
458 4728 678 4798 quidem
728 4724 911 4794 Opinio
962 4722 1031 4775 ab
1083 4735 1148 4775 eo
1184 4729 1426 4789 tempore
1476 4733 1585 4787 quo
1634 4718 1734 4772 illa:
1782 4719 1835 4772 in

274 4824 465 4890 vulgus
485 4816 828 4890 prodierunt,
866 4824 1039 4880 usque
1072 4812 1139 4864 ad
1180 4809 1449 4864 decimum
1482 4815 1697 4861 sextum
1731 4807 1836 4862 Ec-

275 4914 459 4970 clesiae
506 4908 795 4972 saeculum,
846 4902 1032 4973 paucis
1084 4901 1444 4970 nequidquam
1494 4897 1836 4952 reclamanti-

276 5008 401 5069 bus,
458 5001 602 5071 apud
650 5010 837 5051 omnes
889 4992 1001 5047 fere
1044 4990 1289 5045 invaluit.
1338 4987 1440 5040 Alii
1482 5000 1513 5041 e
1559 4985 1837 5040 contrario

276 5096 464 5149 eadem
518 5104 681 5161 opera
738 5100 863 5139 cum
906 5084 1075 5137 libros
1116 5092 1228 5135 tum
1269 5077 1529 5148 epistolas
1584 5076 1841 5147 Dionysio

274 5184 618 5254 AreOpagitae
668 5183 829 5251 plane
877 5176 1198 5247 penitusque
1260 5172 1600 5242 abjudicant,
1669 5183 1842 5237 eaque

277 5277 582 5334 adulterina
607 5283 663 5328 et
691 5279 840 5327 tanto
877 5268 992 5322 viro
1024 5264 1299 5334 supposita
1331 5276 1454 5317 esse
1478 5261 1839 5315 arbitrantur.

272 5370 429 5427 Hanc
454 5382 587 5422 vero
627 5364 938 5435 opinionem
982 5374 1103 5415 cum
1148 5356 1297 5411 Valla
1325 5364 1380 5410 et
1420 5354 1677 5408 Erasmus
1725 5369 1842 5405 am-

276 5463 478 5532 plexati
520 5458 768 5519 fuissent,
799 5452 1095 5509 acerrimos
1122 5449 1363 5503 omnium
1396 5447 1497 5500 sibi
1536 5446 1835 5500 adversan-

278 5557 413 5610 tium
443 5555 679 5621 impetus
707 5550 1064 5615 exceperunt.
1105 5540 1211 5596 Sed
1242 5540 1278 5594 ii
1320 5539 1533 5594 demum
1564 5536 1636 5591 ita
1683 5534 1838 5589 fracti

278 5654 430 5709 sunt,
473 5653 535 5697 ut
579 5655 719 5711 pene
757 5650 950 5694 omnes
986 5642 1095 5688 tam
1120 5630 1376 5688 Catholici
1422 5643 1584 5701 quam
1622 5629 1837 5682 hetero-

350 5797 368 5828 ³
410 5785 606 5846 llomil.
628 5786 682 5853 2,
714 5785 786 5841 De
812 5791 993 5849 divert.

1943 4625 2060 4663 rum
2090 4623 2316 4663 numero
2357 4608 2665 4676 episcopum
2699 4604 2898 4659 factum
2937 4603 3102 4659 fuisse
3138 4605 3289 4657 aiunt
3323 4605 3344 4635 ⁸
3373 4623 3388 4658 :
3434 4606 3499 4658 At

1940 4716 2160 4769 magnus
2200 4699 2477 4768 Dionysius
2524 4697 2705 4766 (verba
2749 4708 2876 4749 sunt
2922 4696 3216 4764 Anastasii)
3265 4712 3329 4749 ea:
3380 4697 3500 4750 rhe-

1941 4803 2111 4844 torum
2161 4806 2373 4845 numero
2419 4790 2683 4857 episcopus
2739 4788 2938 4855 factus,
2990 4788 3045 4839 in
3095 4786 3339 4853 scltoliis,
3393 4800 3500 4843 elc.

1941 4884 2205 4939 Maximus
2242 4898 2367 4939 vero
2403 4883 2511 4938 ἀπὸ
2551 4883 2812 4953 ρητόρων,
2844 4890 2950 4935 etc.
3000 4881 3157 4949 Atqui
3189 4881 3499 4948 D.onysius,

1941 4988 2234 5047 antequam
2259 4976 2312 5031 in
2343 4977 2650 5045 episcopum
2675 4973 3100 5027 Alexandiinum
3126 4982 3272 5026 esset
3293 4986 3501 5028 assum-

1940 5081 2089 5140 ptus,
2128 5086 2234 5126 non
2270 5069 2594 5124 rhetoricam
2631 5065 3005 5136 profitebatur,
3048 5079 3144 5119 seo
3191 5065 3503 5119 catechest-s

1941 5165 2082 5235 apud
2130 5162 2381 5233 populum
2432 5160 2801 5217 Christianum
2860 5157 3110 5211 habebat.
3175 5155 3315 5224 Quid
3369 5170 3501 5225 ergo

1941 5255 2065 5310 inde
2110 5253 2253 5309 aliud
2292 5252 2530 5324 colligas,
2575 5265 2735 5320 quatn
2790 5251 2905 5303 haec
2937 5247 3139 5302 scholia
3192 5247 3497 5317 conscripta

1943 5346 2109 5403 fuisse
2145 5362 2173 5399 a
2213 5344 2442 5413 quodam
2479 5342 2718 5406 rhetore,
2769 5337 2985 5391 nomine
3029 5337 3304 5407 Dionysio,
3337 5349 3496 5403 quem

1940 5438 2259 5495 Anastasius
2316 5449 2371 5493 et
2433 5434 2699 5490 Maximus
2756 5432 3118 5503 patriarcham
3173 5429 3495 5486 Alexandri-

1945 5549 2071 5588 num
2116 5547 2234 5587 esse
2272 5530 2409 5585 falso
2457 5528 2706 5584 arbitrati
2751 5523 3106 5594 sunt._Neque
3148 5539 3276 5580 vero
3308 5525 3360 5576 in
3394 5523 3499 5576 hoc

1945 5632 2151 5677 tantum
2194 5622 2396 5676 erravit
2436 5619 2782 5683 Anastasius;
2832 5632 2956 5671 nam
3008 5627 3067 5670 ut
3093 5626 3286 5673 caetera
3323 5623 3470 5672 tacea

1103 5787 1124 5819 ⁸
1156 5786 1357 5852 Quwsl.
1402 5785 1471 5839 ad
1516 5781 1759 5836 Antioch.
1837 5780 1857 5811 ³
1895 5777 2051 5834 Tom.
2102 5774 2163 5833 Vl
2213 5774 2347 5829 Bibl.
2382 5770 2632 5839 Patrum,
2672 5786 2794 5843 cap.
2828 5771 2917 5831 12.
