3916 6234
440 371 500 426 l5
1573 371 1626 426 S.
1672 371 1828 427 DION
1839 372 2042 429 YSIUS
2079 373 2535 432 AREOPAGITA.
3361 415 3380 438 ι
3624 380 3688 434 i6

437 505 584 555 unus,
649 489 703 542 in
728 491 916 546 eodem
975 505 1140 559 opere
1202 493 1562 559 Augustinum
1643 509 1742 562 pro
1795 492 2294 567 ChristoAOpcra
2352 495 2615 566 Dionysio
2661 497 3004 566 Areopagitas
3048 496 3316 552 attribuit.
3371 496 3511 552 Ante
3563 514 3686 551 cum

439 585 751 654 sanguinem
792 599 947 637 suum
986 583 1192 640 fudisse
1218 585 1448 640 amrmat
1482 605 1494 641 :
1533 584 1802 652 Facessat,
1835 587 2009 657 inquit

445 683 584 746 (cap.
619 678 694 746 Ι),
742 677 1092 747 Augustinus,
1133 679 1224 748 qui
1263 695 1358 732 suo
1385 681 1642 749 sanguine
1677 681 1731 733 in
1775 682 2005 750 scriptis,

443 771 572 825 έναι
607 770 661 821 in
705 767 915 822 Christo
958 777 1180 822 naturas
1207 770 1550 839 consignavit.
1601 771 1772 826 Porro
1812 788 1873 826 ea
1916 789 2007 826 au-

441 873 649 927 ctorum
696 862 786 931 qui
818 862 1080 916 hactenus
1111 861 1262 916 citati
1289 873 1435 927 sunt,
1459 880 1564 933 pro
1602 865 1841 936 Dionysii
1866 865 2010 935 Ope-

440 955 589 1009 ribus
637 954 970 1020 testimonia,
1023 953 1142 1008 ﬁdei
1185 965 1307 1008 sunt
1348 957 1484 1009 adeo
1511 957 1783 1020 sublesta,
1824 967 1880 1011 ut
1909 959 2004 1011 do-

438 1046 642 1100 ctiores
672 1045 1001 1115 scriptorum
1048 1047 1389 1116 Are0pagitte
1419 1047 1731 1103 defensores
1775 1048 1863 1102 illa
1899 1063 2006 1103 non

437 1147 648 1194 tantum
697 1153 914 1210 urgere,
961 1139 1055 1193 sed
1115 1153 1217 1194 nec
1273 1154 1577 1209 proponere
1626 1155 1838 1210 aequum
1887 1155 2007 1195 esse

435 1231 777 1300 putaverint.

509 1324 618 1380 Nec
670 1325 893 1393 majoris
951 1326 1204 1395 ponderis
1263 1335 1346 1380 est
1391 1325 1536 1379 aliud
1599 1334 2004 1396 argumentum,

439 1419 564 1473 inde
613 1419 856 1482 ductum,
916 1419 1060 1489 quod
1111 1416 1362 1472 Clemens
1407 1417 1815 1473 Alexandrinus
1853 1427 1907 1472 et
1953 1419 2004 1472 in

437 1513 504 1567 iis
545 1525 666 1582 quae
705 1511 772 1566 de
801 1511 911 1568 Deo
935 1510 1032 1582 per
1061 1512 1377 1582 negationes
1407 1513 1786 1582 cognoscendo
1818 1512 2006 1576 tradit,

432 1615 487 1659 et
533 1604 584 1658 in
617 1618 684 1658 eo
723 1603 865 1673 quod
909 1603 1158 1657 homines
1189 1604 1314 1656 vitae
1356 1603 1614 1672 gnosticaa
1655 1601 1888 1665 deditos,
1940 1603 2006 1655 iis

433 1698 524 1767 qui
557 1697 850 1751 anchoram
885 1698 1056 1756 navis,
1093 1704 1150 1748 ut
1184 1694 1249 1747 ad
1278 1709 1398 1749 eam
1433 1696 1723 1758 accedant,
1761 1695 2000 1757 trahunt,

433 1791 792 1861 comparavit,
825 1789 1138 1861 Dionysium
1183 1797 1425 1846 nostrum
1459 1788 1530 1844 sit
1562 1788 1825 1842 imitatus.
1858 1786 2002 1842 Con-

2113 605 2244 646 vero
2271 589 2521 657 Ephraam
2555 589 2866 658 patriarcha
2902 589 3298 646 Antiocheuus.

2181 679 2343 733 Circa
2391 679 2543 733 initia
2589 678 2770 732 saeculi
2815 680 3032 747 septimi
3075 681 3263 735 eadem
3309 682 3411 736 fuit
3438 683 3686 754 Gregorii

2113 771 2288 842 Magni
2331 769 2595 824 sententia
2644 770 2832 824 homil.
2867 770 2937 824 54
2981 771 3033 823 in
3070 770 3330 842 Evangel.
3367 772 3542 830 Luem.
3583 775 3687 832 Eo-

2113 865 2234 917 dem
2283 863 2481 918 sarcnlo
2521 871 2577 917 et
2625 861 2988 917 Monothelitte
3030 862 3292 928 hatretici,
3333 875 3385 919 et
3415 864 3683 921 Catholici

2111 974 2302 1012 omnes
2340 958 2455 1012 sive
2485 958 2537 1010 in
2563 957 2784 1026 synodis
2827 955 3183 1011 Lateranensi
3217 969 3272 1012 et
3297 958 3684 1014 Constantino-

2111 1051 2348 1118 politana
2374 1049 2637 1120 generali,
2665 1050 2781 1103 sive
2806 1049 2859 1102 in
2898 1049 3116 1118 scriptis
3143 1051 3258 1105 suis
3285 1053 3473 1106 eadem
3501 1052 3681 1123 Opera

2114 1142 2377 1212 Dionysio
2427 1141 2768 1210 Areopagitas
2834 1143 3077 1195 tribuunt
3124 1151 3179 1196 ct
3238 1142 3535 1198 vindicant.
3607 1145 3678 1200 Et

2110 1234 2328 1302 quidem
2356 1233 2597 1287 haeretici
2627 1249 2641 1286 ε
2670 1233 2895 1303 Sergius
2925 1233 3087 1302 epist.
3118 1235 3184 1287 ad
3215 1232 3414 1304 Cyrum
3447 1235 3684 1303 patriar-

2111 1328 2266 1380 cham
2324 1325 2657 1391 Alexandr.;
2693 1323 3026 1380 Themistius
3062 1325 3221 1394 epist.
3275 1328 3341 1381 ad
3382 1327 3678 1385 Marcellin.

2111 1419 2382 1490 presbyt.,
2409 1428 2464 1474 et
2501 1417 2692 1486 Steph.
2740 1417 3178 1473 diac.'Catholici
3221 1433 3352 1472 vero
3385 1437 3399 1472 ε
3439 1419 3681 1488 Sophro-

2111 1512 2236 1565 nius
2264 1512 2577 1580 patriarcha
2609 1511 2998 1582 Hierosolym.,
3032 1512 3194 1581 epist.
3221 1513 3289 1565 ad
3319 1512 3504 1581 Serg.;
3539 1512 3682 1583 Aga-

2111 1604 2207 1657 tho
2240 1618 2399 1673 papa,
2439 1606 2600 1673 epist.
2639 1605 2706 1658 ad
2747 1603 3034 1657 Constant.
3070 1601 3373 1672 Pogonat.;
3410 1602 3682 1658 Maximus

2110 1695 2278 1751 abbas
2329 1704 2384 1750 et
2435 1706 2678 1766 martyr,
2738 1695 2790 1748 in
2849 1694 3094 1750 scholiis.
3146 1696 3276 1749 Item
3335 1694 3612 1750 Adrianus
3663 1695 3680 1748 I

2109 1801 2270 1856 papa,
2313 1787 2475 1856 epist.
2509 1787 2573 1840 ad
2602 1786 2786 1840 Carol.
2837 1786 3014 1856 Magn.
3045 1802 3144 1856 pro
3172 1786 3400 1856 septima
3441 1788 3674 1856 synodo.

435 1891 516 1938 tra
544 1883 686 1936 enim
721 1880 960 1936 nonnulli
1003 1880 1508 1951 AreOpagiticorum
1533 1880 1836 1934 adversarii
1868 1895 2000 1935 con-
2037 1877 2076 1935 Β
2107 1879 2203 1935 liis
2239 1879 2458 1948 adjungi
2491 1889 2666 1949 potest
2703 1879 3024 1935 Theodorus
3055 1883 3340 1950 presbyter
3367 1883 3506 1948 apud
3536 1879 3681 1934 Pho-

433 1977 660 2031 tendunt
717 1989 822 2028 non
873 1972 1208 2027 Clementem
1258 1986 1323 2026 ex
1388 1988 1522 2028 vero
1573 1972 1852 2043 Dionysio,
1905 1972 1998 2026 sed

430 2065 977 2138 pseudo-Dionysium
1027 2078 1055 2116 a
1100 2063 1404 2129 Clemente,
1448 2065 1538 2133 qui
1589 2064 1685 2118 illo
1721 2064 2002 2133 antiquior

429 2166 567 2223 erat,
601 2172 663 2213 ea
693 2171 813 2226 qua:
861 2154 1180 2208 referuntur
1224 2169 1350 2208 suos
1404 2155 1695 2209 adduxisse
1742 2155 1795 2208 in
1848 2169 1996 2208 usus.

430 2250 535 2304 Alii
567 2263 698 2304 vero
733 2257 927 2318 putant
975 2246 1090 2302 ﬁeri
1138 2245 1297 2302 facile
1342 2247 1588 2316 potuisse
1634 2257 1692 2300 ut
1735 2255 1994 2316 uterque,

428 2343 530 2395 etsi
564 2340 699 2394 alter
729 2339 888 2394 alteri
919 2338 1142 2393 minime
1171 2348 1350 2404 notus,
1383 2338 1528 2392 illam
1561 2339 1818 2394 anchorae
1848 2337 2001 2391 navis

429 2443 679 2489 attracta:
723 2433 1212 2502 comparationem,
1271 2446 1393 2500 quas
1437 2431 1660 2487 cuilibet
1704 2431 1862 2486 obvia
1896 2441 1996 2493 est,

428 2527 753 2583 adhibuerit.
803 2526 868 2580 Et
910 2540 971 2582 re
1000 2527 1216 2596 quidem
1253 2525 1365 2593 ipsa
1409 2525 1477 2578 ab
1520 2534 1747 2593 utroque
1788 2523 1877 2577 illa
1918 2524 2003 2578 di-

427 2636 585 2676 verso
645 2620 801 2690 plane
857 2620 1158 2674 instituitur
1218 2619 1415 2682 modo,
1465 2626 1520 2673 et
1568 2618 1730 2672 rebus
1776 2623 1998 2673 omnino

426 2714 658 2769 diversis
695 2713 1154 2769 accommodatur.
1187 2709 1340 2777 Quod
1379 2725 1509 2765 vero
1539 2710 1604 2764 de
1636 2709 1747 2765 Deo
1782 2725 1878 2781 per
1901 2726 1996 2765 ne-

426 2809 668 2878 gationes
714 2807 1090 2875 cognoscendo
1137 2805 1388 2870 traditur,
1435 2803 1486 2857 id
1519 2817 1624 2857 non
1671 2804 1850 2857 minus
1881 2803 2000 2856 vui-

425 2916 555 2972 gare
596 2909 678 2955 est
719 2908 774 2954 et
805 2900 1011 2965 tritmn,
1059 2914 1119 2953 ac
1155 2896 1380 2967 proinde
1411 2895 1539 2951 illud
1568 2895 1732 2950 etiam
1761 2896 1932 2966 potuit
1967 2912 1996 2950 a

425 2988 638 3041 duobus
669 2987 1027 3055 scriptoribus
1051 2986 1152 3040 sibi
1192 2986 1425 3041 invicem
1472 2985 1758 3056 incognitis
1791 2987 1999 3056 pariter

415 3079 806 3150 aequaliterque
849 3079 1054 3136 doceri.

495 3173 572 3228 De
599 3172 863 3242 Gregorio
914 3173 1129 3226 demum
1181 3169 1546 3234 Nazianzeno,
1583 3187 1742 3241 quem
1785 3188 1851 3226 ex
1901 3185 1996 3224 au-

424 3265 590 3321 ctoris
641 3265 810 3320 nostri
857 3263 1124 3334 Operibus
1173 3263 1374 3333 aliquid
1417 3261 1712 3318 deﬂorasse
1755 3263 1993 3319 nonnulli

421 3361 796 3424 arbitrantur,
857 3360 1027 3429 major
1081 3358 1270 3428 procul
1331 3358 1498 3414 dubio
1547 3368 1632 3413 est
1683 3357 1988 3412 diliicultas.

421 3454 651 3522 Quidam
677 3453 956 3509 enimvero
983 3453 1173 3508 eadem
1193 3451 1364 3521 Opera
1390 3450 1631 3524 Dionysii
1653 3450 1991 3520 Areopagitae

422 3546 588 3602 fetum
630 3561 752 3602 esse
795 3555 1078 3619 negantes,
1123 3546 1361 3600 fatentur
1401 3559 1463 3598 ea
1511 3559 1540 3598 a
1579 3544 1841 3614 Gregorio
1880 3543 1986 3598 Na-

421 3643 679 3695 zianzeno
730 3639 867 3694 lecta
914 3639 1084 3694 fuisse
1123 3647 1178 3693 et
1213 3635 1579 3708 pervolutata,
1619 3650 1684 3692 ac
1723 3636 1842 3706 ipso
1871 3651 1991 3691 esse

421 3729 744 3798 antiquiora.
789 3727 897 3784 Sed
930 3729 998 3784 de
1051 3730 1137 3784 his
1183 3728 1326 3784 intra
1380 3728 1737 3797 opportunior
1777 3725 1990 3782 dabitur

422 3821 722 3877 disserendi
757 3821 922 3876 locus.

1033 3955 1260 4013 CAPUT
1298 3956 1387 4013 IV.

420 4095 750 4150 Palmarium
791 4096 1285 4164 Areopagiticorum
1329 4099 1717 4164 argumentum,
1747 4104 1812 4142 ea:
1859 4107 1986 4144 con-

486 4168 650 4221 stanti
691 4162 938 4222 undecim'
969 4162 1591 4221 swculorumtraditione
1607 4165 1983 4232 depromptum,

485 4238 823 4307 proponitur.

486 4371 817 4430 Palmarium
855 4370 1037 4441 itaque
1080 4371 1520 4441 praecipuumque
1572 4370 1982 4442 Areopagitica-

414 4483 534 4522 rum
580 4475 912 4523 momentum
958 4469 1084 4524 inde
1132 4469 1351 4523 ducitur
1390 4466 1533 4535 quod
1585 4480 1731 4520 anno
1776 4465 1881 4520 555
1927 4466 1980 4520 in

2107 1973 2240 2026 tium
2268 1971 2319 2024 in
2344 1970 2762 2036 Biblioth.,cod.
2793 1989 2856 2027 ll.
2883 1971 3146 2038 Quamvis
3169 1973 3312 2026 enim
3337 1972 3677 2041 incomperta

2103 2068 2174 2122 sit
2206 2065 2350 2120 illius
2378 2076 2535 2129 aetas,
2573 2067 2988 2136 antiquissimus
3022 2076 3203 2120 tamen
3246 2080 3368 2121 esse
3411 2067 3674 2121 creditur.

2175 2159 2384 2216 Sicculo
2428 2170 2641 2224 octavo,
2682 2157 2919 2213 Joannes
2957 2158 3323 2213 Damascenus
3367 2157 3508 2212 lib.t
3567 2157 3674 2210 Or-

2103 2253 2275 2306 thoztr
2299 2252 2420 2320 βά..
2453 2267 2575 2320 cap.
2611 2250 2701 2317 45,
2730 2262 2785 2305 et
2810 2250 2905 2304 lib.
2939 2266 3001 2314 tt,
3035 2264 3155 2317 cap.
3187 2249 3250 2314 ὃς
3282 2249 3513 2304 Michael
3542 2250 3679 2319 Syn-

2103 2345 2271 2415 gellus
2289 2343 2536 2398 laudatus
2561 2357 2590 2396 a
2617 2343 2903 2398 Theodoro
2925 2343 3136 2396 Studita
3167 2342 3261 2398 lib.
3283 2358 3346 2406 tt,
3365 2343 3524 2413 epist.
3543 2341 3675 2396 illi;

2101 2439 2355 2493 Anastas.
2390 2435 2669 2501 Nissenus,
2702 2434 2904 2501 Quwst.
2931 2436 3000 2489 52
3023 2446 3078 2490 et
3099 2435 3188 2490 52.

2172 2530 2383 2585 Stcculo
2428 2544 2594 2593 nono,
2637 2527 2893 2583 Nicolaus
2926 2529 2941 2582 Ι
2970 2544 3111 2583 sum.
3168 2528 3358 2598 pontii.
3397 2529 3558 2597 epist.
3602 2529 3671 2582 ad

2107 2623 2355 2679 Michael.
2399 2623 2688 2693 imperat.;
2743 2621 2966 2675 Photius
3007 2622 3314 2689 patriarcha
3361 2620 3674 2675 Constanti-

2102 2732 2228 2785 nop.
2287 2716 2340 2770 in
2382 2714 2548 2778 Bibl.,
2597 2713 2718 2768 cod.
2763 2713 2902 2779 231;
2943 2712 3228 2767 Hilduinus
3276 2714 3446 2768 abbas
3483 2713 3669 2768 Sancti

2106 2809 2347 2878 Dionysii
2383 2809 2434 2862 in
2491 2807 2832 2875 Areopagtt.;
2863 2804 3187 2862 Hincmarus
3227 2806 3466 2876 archiep.
3503 2809 3684 2871 Rem,

2100 2901 2256 2970 epist.
2285 2900 2352 2954 ad
2381 2898 2566 2955 Carol.
2603 2898 2794 2963 Calv.;
2826 2897 3148 2954 Anastasius
3190 2897 3472 2962 Biblioth.,
3505 2899 3667 2968 epist.

2099 2993 2166 3045 ad
2206 2991 2474 3047 eumdem.

2171 3081 2380 3136 Sazculo
2412 3081 2642 3144 decimo,
2689 3081 2907 3136 Simeon
2953 3080 3371 3151 Metaphrastes,
3416 3092 3559 3138 orat.
3602 3088 3676 3140 De

2100 3173 2319 3229 dormit.
2377 3173 2639 3243 Deiparze.
2689 3171 2807 3228 Huc
2864 3187 3083 3242 quoque
3131 3174 3387 3228 advocari
3437 3175 3666 3230 forsitan

2100 3271 2325 3333 possunt
2371 3263 2591 3333 quidam
2643 3263 2864 3319 incertae
2903 3264 3083 3320 aetatis
3122 3265 3417 3332 scriptores
3474 3284 3486 3318 :
3520 3265 3670 3320 Elias

2096 3357 2371 3412 Cretensis
2403 3357 2456 3412 in
2487 3365 2631 3411 orat.
2660 3357 2695 3410 2
2725 3357 2901 3412 sancti
2930 3355 3182 3426 Gregorii
3217 3356 3514 3423 Nazianz.;
3557 3360 3668 3413 An-

2099 3450 2275 3504 tonius
2298 3448 2537 3514 Melissa,
2569 3449 2643 3504 lib
2676 3465 2711 3517 ι,
2738 3464 2903 3504 serm.
2947 3448 3036 3512 l9,
3064 3457 3123 3503 et
3145 3448 3236 3502 alii
3267 3450 3530 3504 nonnulli.

2167 3541 2377 3598 Sazcuio
2402 3541 2706 3602 undecimo.
2733 3539 2929 3596 Suidas
2958 3541 3010 3595 in
3049 3540 3419 3595 Cotlectaueis.

2161 3633 2372 3688 Saecula
2413 3633 2755 3694 duodecimo,
2806 3632 3129 3702 Euthymius
3181 3630 3488 3701 Zigabenus
3544 3646 3663 3684 ino-

2091 3727 2296 3780 nachus
2324 3724 2571 3794 Panopl.,
2598 3724 2683 3776 tit.
2717 3737 2776 3789 tt;
2809 3721 2958 3790 llugo
2989 3737 3020 3774 a
3051 3721 3252 3776 Sancto
3280 3721 3520 3786 Victore,
3557 3720 3668 3776 Pe—

2093 3826 2206 3869 trus
2227 3814 2567 3870 Lombardus
2595 3815 2650 3869 in
2678 3828 2719 3869 ιι
2750 3811 3014 3876 Senteut.,
3039 3821 3093 3866 et
3127 3812 3219 3866 alii
3254 3822 3440 3880 postea
3505 3813 3661 3867 theo-

2091 3908 2196 3978 logi
2220 3908 2559 3963 scholastici.

2161 4002 2373 4057 Stcculo
2417 4002 2627 4057 decimo
2659 4000 2852 4065 tertio,
2882 3997 3217 4067 Nicephorus
3248 3995 3523 4056 Callistus.
3560 3997 3656 4054 lib.

2089 4110 2128 4149 ιι
2162 4093 2367 4149 Hister.
2417 4094 2622 4157 eceles.,
2665 4107 2788 4162 cap.
2816 4089 2885 4144 20
2915 4100 2963 4146 et
2991 4089 3098 4154 2‘2;
3133 4089 3199 4142 D.
3227 4087 3462 4143 Thomas
3492 4089 3658 4158 Aqui-

2087 4202 2185 4241 nas
2247 4188 2298 4241 in
2350 4203 2389 4241 ιι
2452 4185 2712 4247 Sement.,
2755 4185 2880 4239 dist.
2935 4183 3021 4246 10,
3064 4191 3261 4250 qtuest.
3305 4181 3357 4244 i,
3402 4190 3506 4234 art.
3555 4181 3654 4242 i2;

2086 4277 2353 4347 Georgius
2385 4277 2794 4348 Pachytncrius,
2837 4276 3167 4343 scriptorum
3211 4272 3451 4344 Dionysii
3497 4285 3657 4342 para-

2085 4372 2354 4438 phrastes.

2155 4464 2368 4520 Saccqu
2397 4464 2610 4521 decimo
2639 4472 2853 4533 quarto,
2880 4464 3201 4521 Theodorus
3221 4463 3576 4519 Prodromus.

413 4557 716 4615 Collatione
757 4558 1361 4629 Constantinopolitana
1397 4558 1513 4611 haec
1543 4555 1781 4611 auctoris
1811 4557 1980 4611 nostri
2017 4571 2060 4625 ι)
2153 4557 2362 4614 Saseulo
2388 4559 2603 4612 decimo
2630 4559 2846 4627 quinto,
2878 4557 3127 4614 Bessario
3169 4556 3454 4614 cardinal..
3505 4555 3596 4609 lib.
3631 4569 3648 4606 ι

411 4654 588 4724 Opera
611 4655 678 4709 ab
698 4652 990 4723 Acephalis
1017 4668 1116 4709 seu
1142 4652 1451 4707 Severianis
1483 4651 1756 4706 haereticis
1787 4650 1979 4704 adver-

411 4762 507 4803 sus
526 4745 859 4802 orthodoxos
875 4744 1117 4814 Dionysii
1147 4743 1488 4812 Areopagitae
1513 4742 1730 4796 nomine
1747 4741 1978 4811 primum

409 4841 598 4900 citata,
648 4835 810 4906 paulo
852 4844 976 4904 post
1020 4836 1088 4888 ab
1137 4833 1268 4904 ipsis
1307 4831 1601 4887 Catholicis
1641 4845 1741 4901 pro
1775 4845 1902 4885 vero
1926 4839 1984 4883 et

409 4930 642 5004 genuino
688 4928 928 4997 ejusdem
982 4925 1218 4996 Dionysii
1270 4923 1381 4979 fetu
1429 4933 1680 4992 suscepta
1726 4930 1870 4988 sunt,
1915 4937 1977 4977 ac

407 5025 629 5080 tandem
681 5036 710 5074 a
758 5022 973 5076 caeteris
1021 5019 1276 5073 omnibus
1323 5015 1614 5084 cujuslibet
1663 5016 1879 5086 generis
1922 5024 1979 5069 et

404 5116 734 5173 eruditionis
756 5112 1113 5184 scriptoribus
1143 5111 1209 5164 ad
1239 5119 1479 5164 nostram
1513 5109 1625 5161 fere
1651 5121 1820 5176 usque
1844 5115 1976 5160 teta-

406 5222 513 5267 tem
537 5210 636 5282 ipsi
670 5207 961 5263 vindicata.
995 5205 1210 5276 Longos
1233 5213 1408 5258 autem
1433 5205 1623 5258 horum
1650 5201 1974 5270 scriptorum

407 5313 597 5358 texunt
617 5301 924 5371 catalogos;
967 5299 1062 5352 sed
1114 5295 1455 5366 singulorum
1484 5292 1819 5358 testimonia,
1859 5299 1972 5344 tum

402 5400 529 5471 quia
559 5395 856 5469 prolixiora
895 5400 1049 5456 sunt,
1077 5398 1192 5443 tum
1227 5388 1352 5457 quia
1397 5387 1463 5441 de
1497 5400 1686 5440 eorum
1732 5385 1970 5440 auctori-

404 5499 515 5544 tate
544 5490 610 5545 lis
644 5487 791 5542 nulla
824 5493 1092 5546 movetur,
1128 5481 1342 5548 integra
1370 5492 1478 5533 non
1517 5477 1829 5541 citabimus,
1861 5477 1971 5530 sin-

400 5584 649 5654 gulorum
681 5595 876 5637 nomen
907 5587 962 5633 et
996 5578 1197 5645 scripta
1227 5573 1500 5644 appellare
1527 5571 1789 5625 contenti.

473 5673 603 5728 POsl
646 5673 1007 5728 Collationem
1061 5670 1251 5738 itaque
1304 5665 1967 5734 Constantinopolitanam

399 5771 544 5823 circa
576 5769 712 5822 sexti
753 5765 934 5821 surculi
968 5766 1127 5822 ﬁnem
1167 5763 1434 5819 Leontius
1453 5759 1762 5830 Byzantius,
1792 5757 1867 5812 lib
1902 5773 1965 5820 ιι,

399 5871 578 5915 contra
629 5857 845 5914 Nestor.
891 5869 938 5914 et
985 5857 1288 5922 Eutychen,
1332 5864 1387 5912 et
1434 5854 1525 5911 lib.
1563 5853 1639 5911 De
1676 5859 1800 5906 sect.
1848 5852 1963 5906 bzcc

2082 4650 2294 4719 Defens.
2316 4648 2554 4712 Platon.,
2580 4663 2703 4716 cap.
2731 4651 2798 4714 5;
2828 4650 3113 4720 Dionysius
3135 4649 3479 4704 Cartlmsian.
3513 4662 3649 4716 prse-

2080 4743 2179 4796 fat.
2209 4744 2260 4795 in
2290 4743 2511 4812 Dionys.
2536 4741 2804 4811 Areopag.

2155 4834 2371 4890 Sacculo
2397 4835 2610 4889 decimo
2649 4834 3088 4898 sexto,Facultas
3131 4831 3440 4902 Theologiae
3480 4831 3637 4884 Pari-

2077 4926 2275 4982 siensis
2324 4931 2376 4980 in
2423 4925 2658 4980 comitiis
2693 4924 3009 4982 Sorbonicis
3049 4925 3347 4978 Lutherum
3393 4931 3450 4977 et
3513 4915 3652 4972 Era-

2077 5029 2272 5083 smum,
2293 5017 2484 5072 eadem
2532 5018 2732 5084 scripta
2777 5030 2806 5068 a
2850 5014 3106 5084 Dionysio
3151 5013 3480 5082 AreOpagita
3523 5027 3648 5079 pro-

2077 5109 2216 5164 fecta
2245 5123 2365 5165 esse
2392 5116 2669 5178 negantes.
2704 5108 3001 5170 damnavit,
3039 5105 3267 5159 alterum
3296 5119 3440 5159 anno
3482 5103 3649 5167 1520,

2077 5201 2307 5256 alterum
2353 5215 2496 5254 anno
2527 5199 2687 5252 i527.
2733 5197 3009 5253 Posterius
3053 5200 3330 5252 decretum
3359 5198 3556 5268 sacpius
3590 5196 3646 5251 in

2077 5292 2309 5357 Erasini,
2340 5292 2437 5360 qui
2467 5305 2532 5346 eo
2559 5290 2893 5358 percellitur,
2925 5289 3193 5360 Operibus
3225 5288 3476 5344 omnibus
3518 5301 3648 5356 per-

2076 5386 2353 5456 vulgatum
2382 5392 2490 5448 est,
2521 5392 2576 5438 et
2617 5382 2838 5435 cuilibet
2875 5381 3118 5436 obvimu.
3161 5380 3320 5434 Prius
3352 5393 3500 5440 vero,
3532 5391 3645 5445 quo

2071 5475 2346 5530 Lutherus
2386 5473 2768 5545 proscribitur,
2802 5472 3064 5526 hactenus
3100 5470 3384 5535 ineditum,
3415 5469 3469 5522 in
3503 5468 3640 5521 Sor-

2074 5571 2227 5624 bonze
2274 5568 2451 5631 libris,
2501 5580 2568 5621 et
2617 5565 2812 5634 quibus
2859 5561 2990 5618 illud
3043 5561 3512 5631 transcripsimus,
3557 5557 3641 5611 his

2071 5662 2249 5716 verbis
2276 5660 2585 5730 concipitur
2620 5680 2631 5714 :
2665 5658 2894 5712 Additur
2921 5668 2971 5711 et
3007 5656 3117 5711 hac
3149 5671 3214 5710 ea:
3241 5656 3375 5708 libro
3407 5654 3470 5705 de
3539 5649 3643 5704 Ca-

2069 5751 2503 5823 ptivit.Babylon.
2543 5769 2561 5803 t
2605 5751 2671 5805 In
2701 5751 2973 5821 Dionysio,
3003 5749 3092 5818 qui
3126 5739 3332 5818 scripsit
3355 5747 3418 5797 de
3446 5743 3636 5798 cmlesti

2069 5846 2392 5910 hierarchia,
2438 5843 2567 5899 nihil
2593 5844 2756 5914 ferme
2801 5851 2876 5896 est
2924 5839 3107 5896 solida:
3168 5836 3478 5892 eruditionis
3526 5848 3544 5886 .'
3587 5843 3635 5884 et
