3916 6234
241 389 307 444 Π
529 415 548 440 ο

1526 377 2051 437 PROLEGOMENA.
3423 365 3478 421 ις

221 505 394 558 ιηιπὶιι
417 511 539 556 sunt
570 501 718 555 illius
743 500 998 554 meditata
1034 501 1090 552 in
1117 499 1339 570 prwfato
1371 497 1528 562 libro,
1559 515 1622 551 at:
1655 514 1797 552 som-
1827 501 1871 555 Α
1902 497 2125 563 poribus
2151 507 2251 549 nec
2281 492 2538 550 ineruditi
2573 504 2670 546 nec
2697 489 2962 558 ignobiles
2985 497 3317 545 exstiterunt
3349 488 3466 547 viri.

219 599 317 650 uiis
361 611 522 662 prape
565 593 858 648 simillima.
904 592 973 646 In
1018 591 1305 662 Theologia
1350 602 1527 646 autem
1575 590 1800 660 mystica

218 688 698 757 perniciosissimus
743 697 841 750 est,
871 685 1228 754 platonisans,
1267 687 1437 753 magis
1471 701 1633 751 quam
1659 684 1802 737 chri—

218 780 536 835 stianizans.
565 777 632 830 In
653 778 1008 832 ecclesiastica
1032 794 1151 831 vero
1190 777 1487 832 hierarchia
1513 776 1648 829 ludit
1669 775 1801 828 alle-

214 873 402 943 goriis,
425 872 566 940 quod
603 880 678 925 est
707 873 1000 925 otiosorum
1029 869 1299 924 hominum
1326 869 1579 923 studium.
1623 886 1642 920 ι
1675 867 1803 920 Hec

214 966 511 1034 propositio
540 973 616 1018 est
651 965 808 1030 falsa,
842 966 1119 1019 temerarie
1153 973 1201 1017 et
1229 972 1540 1031 arroganter
1574 970 1799 1025 asserta,

215 1072 276 1108 ac
304 1057 419 1110 viro
437 1067 642 1119 sancto,
669 1056 861 1124 insigni
888 1056 1183 1110 eruditione
1206 1054 1372 1117 claro,
1395 1052 1620 1121 injuria,
1644 1067 1799 1120 quem

216 1145 579 1201 Damascenus
609 1147 851 1200 divinum
894 1146 1304 1215 Areopagitnm.
1351 1142 1514 1196 Pauli
1565 1142 1803 1211 discipu-

215 1237 322 1290 lum
349 1240 691 1304 acerrimum,
719 1248 768 1294 et
801 1239 894 1294 Dei
918 1239 1372 1309 loquentissimum
1403 1236 1656 1304 appellat.

288 1333 477 1401 Atqui,
541 1333 792 1402 inquiunt
847 1331 1250 1402 AreOpagitici,
1306 1329 1608 1385 verisimile
1665 1328 1799 1383 nulli

216 1424 308 1479 ﬁet
342 1435 422 1479 tot
454 1433 744 1493 tantosque
774 1439 839 1479 ac
867 1432 946 1478 tot
973 1439 1072 1492 per
1095 1428 1292 1478 saecula
1326 1422 1670 1477 doctissimos
1707 1421 1804 1474 ho-

217 1517 416 1582 mines,
492 1515 752 1576 concilia,
824 1530 1066 1570 summos
1126 1514 1446 1584 pontifices,
1508 1514 1802 1581 scriptores

215 1609 484 1672 eruditos,
517 1616 625 1661 tam
647 1621 836 1677 parum
863 1607 1107 1662 accurati
1133 1607 1308 1662 fuisse
1329 1604 1562 1670 criterii,
1583 1605 1796 1660 etomni

213 1701 606 1756 ecclesiastica:
672 1700 914 1753 historiae
980 1699 1209 1754 scientia
1269 1699 1343 1752 ita
1411 1701 1676 1762 orbatos;
1745 1707 1801 1752 ut

216 1794 282 1848 de
335 1793 569 1847 aliorum
618 1793 808 1845 horum
855 1793 1187 1860 scriptorum
1238 1792 1534 1860 qurerendo
1578 1799 1800 1845 auctore

216 1903 286 1942 ne
311 1901 555 1956 unquam
601 1885 818 1953 quidem
867 1884 1262 1954 cogitaverim?
1289 1882 1420 1949 Quis
1454 1882 1506 1937 in
1550 1897 1645 1938 eos
1677 1894 1799 1938 tan-

216 1992 329 2035 tam
377 1980 754 2042 oscitantiam,
809 1979 1183 2047 supinitatem,
1241 1978 1546 2032 caecitatem
1605 1977 1802 2031 cadere

213 2071 466 2138 potuisse
514 2070 615 2124 sibi
650 2085 888 2138 unquam
918 2069 1291 2138 persuadeat?
1322 2067 1424 2122 Tot
1454 2084 1585 2138 ergo
1610 2080 1799 2123 aucto-

213 2167 375 2218 ribus
418 2163 666 2226 scientia,
706 2163 989 2233 dignitate,
1033 2162 1357 2217 auctoritate
1399 2162 1800 2232 prteslantissi-

215 2256 324 2310 mis
353 2256 496 2310 hanc
545 2255 678 2311 tanti
737 2257 941 2311 erroris
990 2264 1174 2308 notam
1224 2255 1442 2309 inurere
1487 2252 1640 2309 nefas
1682 2269 1802 2309 esse

215 2348 352 2403 nulli
379 2349 539 2418 plane
562 2367 668 2405 non
699 2349 1000 2405 videbitur.

844 2465 1071 2522 CAPUT
1117 2466 1184 2522 V.

215 2577 597 2647 Responsiones
645 2580 1277 2653 Antiareopagiticorum,
1327 2593 1373 2636 et
1403 2585 1669 2653 prwcipua
1714 2601 1803 2637 eo-

287 2666 406 2731 rum
443 2653 692 2703 adversus
721 2653 856 2703 hanc
891 2652 1226 2706 traditionem
1272 2652 1583 2723 argumenta
1615 2655 1796 2708 discu-

289 2731 521 2772 tmntur.

286 2810 390 2877 Qui
433 2812 548 2866 haec
589 2811 795 2882 scripta
829 2826 1152 2879 germanum
1183 2813 1427 2885 Dionysii
1457 2817 1800 2887 Areopagitas

215 2918 355 2971 opus
384 2917 510 2958 esse
544 2910 764 2972 negant,
806 2903 960 2957 aiunt
1003 2920 1069 2959 ex
1123 2905 1495 2975 hujuscemodi
1544 2907 1798 2962 traditio-

215 2996 381 3050 nibus
427 3005 482 3049 ut
529 2996 733 3065 aliquid
766 2995 901 3050 certi
942 2996 1195 3052 concludi
1233 2998 1436 3065 possit,
1485 3006 1801 3054 constantes

213 3102 311 3141 eas
340 3101 465 3142 esse
514 3088 716 3142 debere
741 3097 797 3141 et
823 3089 1049 3141 omnino
1090 3097 1401 3156 perpetuas.
1440 3089 1510 3142 At
1543 3089 1684 3143 hanc
1733 3091 1798 3144 de

1904 589 1996 657 qui
2033 601 2155 642 eam
2194 597 2287 641 aut
2321 586 2539 642 dubiam
2572 599 2693 641 esse
2723 584 2998 648 dixerunt,
3024 593 3118 639 aut
3145 598 3334 640 veram
3361 598 3480 640 esse

1903 681 2118 751 penitus
2152 680 2378 735 inliciati
2405 689 2547 735 sunt.

1977 775 2218 829 Tertium
2256 775 2489 844 denique
2521 785 2896 846 argumentum
2933 788 3000 828 ex
3027 787 3092 828 eo
3125 770 3475 842 depromitur,

1904 869 2047 938 quod
2079 883 2136 922 re
2168 867 2433 923 maturius
2462 866 2733 934 discussa,
2767 878 2820 923 et
2845 868 2912 922 ad
2939 865 3231 922 severioris
3261 864 3478 922 critiees

1906 976 2150 1016 normam
2191 961 2510 1030 diligentius
2539 961 2870 1026 examinata,
2897 961 3083 1031 opinio
3130 959 3219 1014 illa
3265 959 3334 1013 ab
3363 971 3463 1012 om-

1903 1054 2063 1110 nibus
2106 1055 2221 1108 fere
2265 1054 2491 1122 hujusce
2545 1054 2721 1109 anatis
2763 1053 3144 1124 scriptoribus,
3187 1053 3234 1108 si
3277 1065 3480 1121 paucos

1906 1156 2114 1202 tantum
2138 1148 2397 1218 excipias,
2425 1147 2622 1215 rejeCta
2651 1147 2865 1202 tandem
2891 1155 2945 1202 et
2969 1146 3188 1216 explosa
3217 1145 3400 1201 fuerit.

1973 1240 2172 1296 Contra
2207 1251 2385 1295 tamen
2417 1241 2786 1311 Areopagitici
2819 1256 2918 1295 nec
2962 1239 3328 1297 recentiorum
3365 1237 3475 1293 cri-

1906 1332 2160 1396 ticorum,
2185 1347 2284 1387 nec
2309 1332 2544 1388 aliorum
2579 1334 2940 1401 quorumdam
2966 1331 3335 1402 antiquiorum
3356 1343 3479 1385 sen-

1906 1425 2152 1487 tentiam,
2182 1431 2262 1479 tot
2291 1423 2619 1492 scriptorum
2648 1440 2674 1477 a
2702 1437 2760 1478 se
2789 1424 3080 1477 citatorum
3102 1422 3310 1492 judicio
3341 1436 3478 1492 pra}.

1904 1514 2187 1569 ferendam
2221 1529 2345 1570 esse
2376 1516 2632 1571 clamant.
2659 1513 2774 1572 Non
2808 1514 3104 1571 dillitentur
3144 1523 3322 1569 tamen
3357 1513 3478 1568 nul-

1904 1606 2012 1661 lam
2035 1606 2270 1679 Operam
2306 1609 2540 1681 Dionysii
2582 1608 2720 1678 apud
2749 1608 3156 1679 antiquissimos
3183 1606 3476 1676 scriptores

1905 1699 2019 1754 tieri
2047 1700 2375 1755 mentionem
2406 1721 2415 1755 :
2452 1699 2545 1754 sed
2572 1710 2953 1771 argumentum
2997 1697 3126 1752 illud
3167 1697 3475 1768 negativum

1903 1808 2022 1848 esse
2048 1794 2254 1860 dicunt,
2277 1808 2342 1847 ac
2365 1793 2591 1863 proinde
2615 1808 2682 1847 ex
2713 1792 2803 1848 illo
2832 1792 2966 1847 nihil
2987 1790 3287 1862 quidquam
3313 1804 3476 1860 posse

1906 1886 2121 1941 contici.

1979 1980 2175 2034 Verum
2219 1979 2427 2034 instant
2468 1980 2793 2040 adversarii,
2838 1987 3000 2049 atque
3029 1992 3094 2034 ex
3136 1977 3238 2032 hac
3285 1989 3474 2030 eorum

1905 2071 2248 2128 confessione
2280 2081 2477 2143 urgent
2525 2072 2674 2127 illam
2723 2081 2802 2126 tot
2847 2069 3176 2139 scriptorum
3222 2067 3475 2123 traditio-

1907 2183 2051 2232 nem,
2079 2182 2198 2236 quze
2232 2181 2329 2234 per
2372 2167 2473 2221 tria
2518 2167 2697 2233 priora
2735 2164 2994 2220 Ecclesia:
3029 2163 3226 2220 saecula
3261 2161 3475 2231 penitus

1903 2258 2108 2324 deﬁcit,
2151 2259 2420 2314 infirmant
2453 2260 2672 2313 omnino
2711 2271 2851 2320 esse,
2879 2255 3104 2311 fractam
3146 2265 3199 2310 et
3227 2252 3478 2310 debilita-

1908 2358 2039 2405 tam.
2071 2348 2170 2405 Cui
2209 2364 2358 2412 vero,
2402 2349 2677 2420 inquiunt,
2719 2348 3000 2419 probabile
3039 2348 3128 2404 lict
3174 2348 3290 2401 haec
3337 2346 3474 2401 tanti

1905 2443 2164 2496 [trementi
2204 2443 2448 2513 tantique
2473 2444 2710 2498 auctoris
2741 2442 2944 2510 scripta
2976 2441 3050 2497 ita
3079 2439 3251 2496 fuisse
3287 2438 3480 2509 deper-

1904 2535 2040 2601 dita,
2069 2546 2128 2588 ut
2161 2544 2270 2589 tam
2307 2535 2466 2606 longo
2497 2536 2760 2605 temporis
2784 2534 2963 2605 spatio
2987 2547 3198 2588 summa
3229 2531 3472 2586 omnium

1903 2627 2173 2683 oblivione
2212 2627 2604 2697 sepelirentur?
2641 2626 2930 2683 Enimvero
2977 2624 3030 2679 hi
3080 2623 3206 2678 libri
3257 2621 3322 2675 ad
3369 2620 3468 2675 Ti-

1906 2722 2205 2787 metheum,
2251 2737 2358 2790 quo
2398 2735 2493 2776 eos
2541 2735 2662 2774 cum
2695 2720 2819 2775 aliis
2851 2718 3106 2774 omnibus
3149 2716 3478 2773 Christiana:

1907 2817 2030 2872 ﬁdei
2075 2825 2424 2871 sacramento
2466 2814 2717 2878 initiatis,
2759 2812 3220 2874 communicaret,
3266 2811 3335 2864 ab
3382 2824 3480 2863 au-

1903 2918 2056 2964 ctore
2084 2907 2236 2963 missi
2267 2916 2412 2961 sunt.
2448 2906 2608 2975 Atqui
2641 2904 2686 2960 si
2721 2919 2808 2958 res
2843 2902 2914 2958 ita
2952 2917 3010 2957 se
3041 2901 3256 2965 habeat,
3290 2897 3478 2954 Timo-

1908 3004 2064 3058 theus
2093 3001 2282 3070 procul
2315 2999 2478 3055 dubio
2513 3008 2572 3054 ut
2606 2998 2641 3053 ii
2682 3013 2786 3052 non
2822 2995 2993 3052 solum
3030 2993 3280 3050 fidelibus
3323 2992 3480 3048 Chri-

1906 3095 2122 3157 stianis,
2167 3093 2260 3150 sed
2302 3093 2466 3147 etiam
2513 3091 2752 3154 clericis,
2786 3104 2850 3143 ac
2888 3088 3161 3157 pracipue
3203 3085 3478 3155 episcopis

212 3179 438 3246 scriptis
469 3178 606 3244 illis,
656 3180 913 3250 Dionysio
941 3179 1288 3249 Areopagitae
1339 3180 1643 3236 tribuendis
1688 3193 1797 3237 tra-

1911 3189 2252 3243 mitterentur
2285 3184 2744 3252 traderenturque
2773 3195 2968 3237 curare
3004 3179 3214 3235 debuit.
3245 3179 3310 3234 Hi
3350 3193 3479 3233 vero

217 3272 481 3327 ditionem
519 3287 619 3328 nec
669 3282 1017 3328 constantem
1075 3273 1245 3328 fuisse
1295 3288 1394 3330 nec
1444 3277 1795 3346 perpetuam.

219 3363 394 3418 tribus
438 3365 777 3433 potissimum
830 3367 1164 3437 argumentis
1212 3368 1580 3422 demonstrari
1631 3382 1793 3437 posse

221 3459 584 3512 contendunt.

290 3548 539 3606 Primum
580 3561 683 3617 est,
708 3554 852 3622 quod
881 3553 998 3608 haec
1037 3555 1227 3609 eadem
1258 3557 1478 3626 scripta,
1521 3575 1642 3628 qua!
1672 3575 1800 3629 pro-

220 3651 339 3709 pter
363 3641 602 3697 auctoris
631 3657 848 3707 nomen,
871 3653 926 3698 et
952 3659 1040 3700 res
1061 3660 1265 3711 sacras,
1291 3662 1354 3702 ac
1378 3649 1535 3717 plane
1560 3649 1796 3714 divinas,

219 3750 344 3803 qua:
385 3735 440 3787 in
485 3735 566 3789 eis
613 3744 1041 3804 pertractantur,
1074 3738 1430 3793 celeberrima
1474 3756 1593 3797 esse
1633 3743 1798 3796 debe-

221 3827 384 3890 bant,
428 3837 482 3881 et
527 3829 775 3882 omnibus
806 3828 1139 3886 Christianis
1193 3832 1510 3896 notissima,
1560 3848 1657 3902 per
1695 3834 1798 3888 tria

223 3928 404 3972 tamen
439 3921 618 3987 priora
652 3919 904 3976 Ecclesiae
939 3922 1137 3976 srecula
1171 3923 1302 3978 nulli
1333 3924 1556 3978 omnino
1583 3927 1796 3996 cognita

223 4010 478 4075 fuerunt,
519 4011 612 4066 sed
643 4013 912 4069 altissimo
959 4017 1331 4083 prmtermissa
1374 4016 1617 4101 silentio,
1650 4029 1794 4075 tene-

222 4101 448 4171 hrisque
471 4101 662 4156 obruta
694 4104 1051 4159 densissimis.

294 4193 438 4258 Quid
489 4194 664 4260 quod,
699 4194 732 4247 ii
773 4195 865 4262 qui
903 4210 1000 4264 per
1028 4211 1092 4249 ea
1145 4206 1386 4267 tempora
1418 4201 1486 4254 de
1536 4201 1798 4274 Dionysio

226 4287 551 4355 Areopagita
609 4285 811 4354 aliquid
851 4288 1127 4342 memoriae
1174 4290 1542 4357 mandarunt,
1579 4294 1662 4348 vel
1705 4299 1796 4364 qui

226 4377 672 4432 accuratissimos
711 4378 1035 4447 scriptorum
1081 4380 1577 4438 ecclesiasticarum
1615 4388 1797 4440 edide-

227 4478 357 4522 runt
403 4469 698 4535 catalogos.
742 4479 870 4538 puta
914 4470 1204 4542 Dionysius
1246 4466 1587 4536 Corinthius,
1627 4477 1792 4533 Euse-

226 4564 373 4622 bius,
416 4561 800 4633 Hieronymus,
836 4565 1036 4619 nullam
1082 4565 1164 4619 vel
1214 4567 1570 4636 epistolarum
1605 4572 1685 4625 vel
1735 4573 1796 4626 li-

231 4659 454 4714 brorum
481 4655 599 4723 ejus
627 4659 956 4712 mentionem
987 4674 1220 4725 unquam
1249 4660 1512 4716 fecerunt.

301 4747 552 4816 Denique
583 4749 616 4801 ii
654 4749 745 4816 qui
773 4763 990 4803 errores
1025 4758 1081 4804 et
1111 4750 1344 4805 haereses
1382 4752 1467 4806 his
1493 4753 1546 4807 in
1577 4755 1795 4824 scriptis

228 4839 483 4910 explosas
507 4839 806 4906 confutant,
837 4841 1092 4894 nimirum
1123 4841 1379 4905 lrenarus,
1406 4843 1792 4912 Tertullianus,

228 4933 563 5002 Cyprianus,
609 4943 770 5003 atque
797 4935 920 4998 alii;
951 4934 1036 4989 vel
1068 4936 1157 5004 qui
1195 4938 1244 4990 in
1279 4937 1466 4993 iisdem
1505 4954 1570 4993 ac
1602 4950 1792 4996 auctor

233 5035 423 5081 noster
461 5028 794 5093 argumentis
831 5026 944 5081 sive
971 5028 1114 5091 ﬁdei,
1140 5030 1252 5083 sive
1285 5029 1584 5101 disciplinae
1613 5034 1795 5089 eccle-

229 5118 466 5172 siastica:
503 5119 797 5172 tractandis
825 5119 1180 5184 desudarunt,
1212 5121 1400 5178 nullibi
1447 5125 1650 5194 scripta
1680 5127 1796 5195 ejus

228 5208 297 5262 ad
327 5207 455 5262 lites
482 5219 613 5260 suas
653 5207 1008 5272 dirimendas,
1036 5209 1103 5262 ad
1137 5209 1497 5267 confutandas
1537 5214 1794 5278 haereses,

233 5300 300 5353 ad
354 5298 642 5352 veritatem
706 5299 1060 5354 astruendam
1111 5299 1483 5357 efficacissima
1533 5313 1589 5357 et
1637 5303 1795 5372 plane

233 5393 569 5456 necessaria,
595 5396 791 5449 citasse
825 5411 1060 5464 unquam
1091 5396 1356 5467 leguntur.

307 5486 624 5541 Secundum
687 5499 874 5543 eorum
954 5495 1281 5544 momentum
1362 5491 1487 5548 inde
1562 5491 1792 5555 eruitur,

233 5581 384 5647 quod
416 5579 484 5632 iis
511 5579 674 5632 etiam
705 5578 917 5632 saeculis
938 5580 1136 5647 quibus
1161 5580 1345 5648 opinio
1367 5581 1436 5637 de
1466 5583 1551 5637 his
1580 5583 1796 5651 scriptis

242 5666 506 5737 Dionysio
544 5665 914 5733 adjudicandis
958 5668 1207 5742 invaluit,
1252 5670 1418 5740 aliqui
1456 5673 1623 5728 variis
1661 5683 1795 5728 tem-

387 5846 403 5875 ⁶
446 5840 686 5898 Proem.
718 5847 768 5896 in
795 5841 1035 5911 Dionysii
1075 5842 1261 5910 Opera.

1905 3282 2199 3352 praecipere
2238 3281 2561 3343 debuerunt,
2597 3289 2654 3333 ut
2694 3276 2852 3344 juxta
2885 3275 3168 3343 antiquum
3223 3273 3480 3328 Ecclesia:

1909 3387 2116 3428 morem
2153 3373 2370 3429 eosdem
2399 3371 2482 3425 vel
2521 3370 2661 3438 apud
2695 3384 2776 3434 se,
2801 3369 2885 3422 vel
2919 3367 2976 3424 iu
3007 3370 3184 3424 sacris
3214 3367 3483 3424 Ecclesia-

1907 3481 2028 3519 rum
2078 3465 2295 3519 scriniis
2327 3455 2645 3518 ass'ervandi
2694 3460 3220 3516 transcriberentur.
3253 3461 3476 3515 Certum

1905 3560 2128 3626 insuper
2157 3557 2370 3610 videtur
2392 3555 2612 3622 aliquod
2637 3568 2826 3620 eorum
2855 3553 3131 3622 exemplar
3158 3570 3188 3607 a
3219 3552 3480 3622 Dionysio

1905 3649 2021 3716 ipso
2046 3645 2304 3700 Ecclesia:
2333 3660 2445 3700 sum
2482 3643 2801 3698 Atheniensi
2837 3642 3005 3699 fuisse
3035 3643 3306 3698 relictum.
3339 3644 3472 3710 Quis

1901 3753 2032 3808 ergo
2077 3737 2409 3793 inliciabitur
2438 3751 2531 3792 eos
2561 3737 2744 3792 statim
2793 3745 2850 3790 ut
2899 3737 3190 3807 Dionysius
3229 3744 3479 3792 mortuus

1901 3838 2007 3892 est,
2039 3827 2424 3883 celeberrimos
2461 3841 2583 3881 esse
2614 3826 2890 3891 debuisse,
2933 3834 2987 3880 et
3019 3827 3272 3882 omnibus
3303 3826 3476 3880 notis-

1900 3923 2066 3976 simos
2084 3923 2107 3974 ?

1974 4015 2081 4071 Sed
2124 4017 2238 4070 lucc
2274 4030 2379 4070 non
2413 4023 2696 4069 morantur
2724 4013 3138 4084 Pachymeren't.
3184 4011 3232 4067 Is
3271 4011 3472 4080 quippe

1902 4107 2082 4161 nullus
2108 4106 2315 4160 dubitat
2345 4106 2460 4159 lucc
2490 4105 2669 4175 Opera
2702 4106 2919 4174 cognita
2951 4104 3115 4159 fuisse
3162 4104 3385 4172 paganis
3416 4111 3473 4157 et

1903 4201 1972 4253 ab
2001 4199 2082 4254 eis
2105 4201 2400 4264 occultata,
2427 4207 2484 4252 ut
2511 4215 2608 4253 suo
2642 4207 2763 4266 post
2791 4199 2902 4252 haec
2933 4199 3149 4251 nomine
3178 4197 3267 4250 illa
3297 4195 3471 4264 publi-

1901 4301 2111 4357 carent,
2145 4301 2198 4345 et
2230 4307 2420 4346 eorum
2462 4301 2644 4359 patres
2687 4292 3019 4346 viderentur.
3051 4289 3334 4344 Sciendum
3365 4300 3470 4353 est,

1902 4384 2077 4452 inquit
2131 4383 2176 4446 ’⁵.
2221 4382 2427 4452 aliquos
2479 4393 2719 4435 externos
2764 4381 3120 4448 philosOphos,
3175 4381 3471 4447 praesertim

1908 4475 2175 4540 Proclum,
2199 4474 2722 4542 contemplationibus
2747 4473 2883 4526 beati
2911 4470 3148 4541 Dionysii
3173 4472 3470 4538 frequenter

1902 4585 2056 4623 usum
2097 4568 2276 4637 fuisse,
2307 4577 2463 4636 atque
2505 4567 2636 4620 adeo
2680 4567 2836 4618 etiam
2871 4566 3025 4618 meris
3059 4565 3184 4629 ipsis
3222 4563 3469 4615 dictioni-

1905 4661 2020 4712 bus.
2047 4655 2180 4711 Inde
2201 4658 2318 4710 licet
2342 4657 2762 4724 apinarioeteres
2785 4655 3116 4722 philosophos
3136 4654 3469 4706 Athenienses

1903 4753 2068 4818 ipsius
2096 4765 2249 4818 opera
2275 4751 2592 4803 vindicantes
2623 4747 2931 4812 occultasse,
2957 4756 3012 4800 ut
3043 4749 3144 4815 ipsi
3173 4747 3471 4800 divinorum

1903 4844 2017 4912 ejus
2045 4843 2298 4897 librorum
2329 4854 2504 4911 patres
2537 4843 2856 4895 viderentur.
2891 4840 3046 4896 Unde
3078 4838 3352 4894 concludit
3375 4855 3471 4892 eos

1905 4951 2000 5004 per
2025 4935 2184 4989 unius
2211 4947 2266 4988 et
2291 4934 2518 4989 alterius
2540 4932 2720 4988 smculi
2750 4933 2984 5003 spatium
3018 4931 3176 4984 facile
3205 4930 3469 4984 abscondi

1905 5027 2146 5095 potuisse
2171 5036 2224 5081 et
2255 5027 2533 5081 occultari.

1973 5121 2040 5172 At
2071 5121 2281 5174 tametsi
2315 5119 2443 5172 illud
2476 5129 2682 5172 certum
2708 5127 2851 5172 esset
2882 5127 2934 5171 et
2967 5115 3333 5181 verissimum,
3362 5130 3470 5170 neu

1904 5213 2024 5267 inde
2062 5229 2239 5266 tamen
2271 5212 2350 5267 vis
2394 5212 2693 5280 argumenti
2732 5212 2841 5264 ullo
2873 5209 3033 5278 plane
3083 5209 3242 5262 modo
3277 5206 3446 5260 minui

1905 5315 2013 5358 tur.
2045 5305 2305 5371 Quamvis
2331 5306 2474 5360 enim
2521 5314 2575 5357 et
2612 5302 2941 5373 philosophi,
2971 5311 3135 5369 atque
3165 5301 3328 5354 etiam
3366 5309 3445 5352 tta-

1906 5397 2058 5453 retici
2101 5411 2326 5462 omnes,
2375 5394 2514 5464 quod
2565 5396 2656 5448 vix
2702 5395 2916 5462 quidem
2967 5403 3050 5448 est
3093 5393 3372 5454 credibile,
3405 5392 3469 5446 de

1901 5487 2242 5544 occultandis
2287 5486 2527 5556 Dionysii
2561 5483 2826 5554 Operibns
2867 5482 3271 5551 conjurassent,
3299 5478 3381 5532 vel
3417 5481 3466 5530 in
3495 5493 3497 5496 ‘

1903 5595 2088 5634 eorum
2114 5581 2276 5635 etiam
2308 5578 2717 5648 COIISpirassent
2747 5577 3181 5635 exstinctionem,
3217 5572 3267 5623 in
3311 5569 3458 5638 plura

1906 5683 2084 5729 tamen
2135 5689 2320 5731 eorum
2353 5669 2708 5740 exemplaria,
2749 5684 2866 5738 qua:
2897 5682 3061 5739 penes
3107 5663 3464 5726 Christianos,
