3916 6234
453 369 517 424 l9
1556 369 1611 426 S.
1656 368 1812 424 ΒΙοΝ
1825 366 2025 423 YSIUS
2064 365 2515 426 AREOPAGITA.
3348 418 3359 425 .
3612 370 3684 424 20

444 486 682 541 maxime
713 500 844 541 vero
875 486 1181 558 episcopos,
1223 489 1306 543 vel
1339 491 1391 545 in
1428 493 1784 561 quarumdam
1832 487 2011 543 Eccle-
2042 506 2087 558 Α
2118 486 2355 541 secundo
2391 494 2448 541 et
2475 460 2638 542 tertio
2687 486 2882 541 seculo
2906 479 3256 554 Christianis,
3286 500 3464 555 neque
3490 485 3681 541 eodem

443 578 648 633 uiarum
680 579 896 634 scriniis
924 582 1131 635 servari
1161 582 1453 647 debebant.
1486 596 1587 638 nec
1623 580 1883 637 invadere
1914 595 2009 649 po-

444 677 689 733 tuerunt,
735 686 833 725 nec
873 686 935 726 ea
970 671 1078 728 illis
1105 674 1335 743 eripere.
1381 675 1519 741 Quid
1545 675 1710 744 quod,
1756 689 1879 730 cum
1912 674 2007 729 illa

441 762 645 832 scripta
675 762 870 817 saeculo
898 774 1051 820 sexto
1083 766 1347 833 producta
1378 774 1524 830 sunt,
1553 780 1744 822 omnes
1776 767 2008 822 incredi-

441 851 531 904 bili
558 851 819 921 applausu
852 867 913 906 ea
949 866 1296 925 exceperunt.
1327 856 1541 926 plurimi
1570 872 1762 929 magno
1784 859 2003 927 quidem

439 941 845 1010 descripserunt
880 943 1085 1011 labore,
1112 960 1176 1000 ac
1201 948 1424 1015 quidam
1450 948 1616 1003 etiam
1656 949 1746 1003 illa
1778 958 1832 1006 et
1864 950 2007 1006 notis

440 1029 783 1089 illustrarunt
816 1044 871 1091 et
900 1038 1155 1093 scholiis?
1187 1039 1297 1095 Cur
1326 1054 1458 1110 ergo
1487 1040 1729 1113 Dionysii
1764 1051 2006 1114 tempore

436 1122 689 1177 eumdem
718 1125 1031 1194 appiausum
1064 1128 1405 1199 similemque
1435 1133 1855 1189 admirationem
1892 1148 2000 1189 non

435 1211 847 1269 excitaverunt?
876 1215 985 1271 Cur
1012 1220 1195 1272 statim
1231 1231 1395 1291 atque
1424 1234 1756 1291 aspexerant
1801 1224 2000 1288 lucem,

435 1299 582 1359 illico
614 1304 665 1358 in
706 1315 887 1364 tantas
917 1308 1271 1369 obscuritatis
1296 1313 1533 1370 latebras
1565 1314 1789 1372 fuerunt
1816 1332 2003 1373 aman-

434 1396 596 1451 data?

505 1488 736 1555 Quidam
781 1491 1146 1565 AreOpagitici
1184 1497 1338 1552 aiunt
1370 1498 1461 1554 illa
1491 1500 1712 1571 quidem
1756 1503 2002 1575 aliquan-

432 1580 524 1635 diu
553 1596 740 1652 sparsa
768 1584 936 1641 fuisse
960 1588 1012 1641 in
1043 1592 1248 1657 vulgus,
1276 1593 1371 1647 sed
1402 1596 1583 1649 omnia
1607 1610 1796 1653 eorum
1824 1613 2002 1654 exem-

430 1674 603 1745 plaria
635 1678 704 1734 ab
730 1680 976 1745 Arianis,
1023 1684 1115 1751 qui
1150 1699 1282 1739 suos
1311 1685 1365 1739 in
1402 1688 1470 1743 iis
1501 1704 1719 1747 errores
1750 1692 2000 1747 damnari

430 1773 721 1843 videbant,
766 1779 849 1836 vcl
898 1781 1203 1850 occultata,
1247 1784 1331 1841 vel
1366 1785 1575 1841 sublata
1615 1802 1647 1842 e
1690 1789 1886 1845 medio.
1932 1790 2001 1842 At

2113 592 2178 633 ac
2207 578 2333 633 aliis
2361 587 2547 648 postea
2576 578 2801 633 fuerunt
2829 578 2883 631 in
2912 579 3106 649 pretio,
3131 592 3308 649 neque
3330 581 3518 636 eadem
3548 595 3679 635 cura

2112 670 2338 741 perlecti
2366 678 2421 725 et
2455 670 2755 725 asservati?
2792 670 3047 741 Nunquid
3094 671 3179 725 his
3219 670 3533 727 hominibus
3559 681 3683 743 post

2109 773 2193 819 tot
2234 778 2500 818 annorum
2539 771 2595 818 et
2634 763 2872 833 plurium
2910 762 3234 819 saeculorum
3276 764 3512 835 spatium
3546 763 3679 820 facti

2109 864 2235 908 sunt
2260 854 2539 921 clariores,
2572 854 2903 925 majorisque
2935 855 3194 925 ponderis
3214 866 3268 910 et
3299 854 3684 912 auctoritatis?

2108 951 2267 1006 Certe
2295 950 2432 1005 liber
2456 951 2533 1005 De
2558 949 2852 1006 ItierarcI-ia
2876 950 3251 1017 ecclesiastica,
3276 952 3367 1007 ubi
3393 950 3682 1005 disseritur

2108 1040 2176 1095 de
2206 1042 2564 1097 sacramentis
2592 1056 2891 1112 eorumque
2930 1042 3300 1107 caeremoniis,
3346 1056 3468 1112 qua:
3495 1042 3679 1110 quoti-

2108 1132 2272 1187 diano
2315 1145 2474 1187 erant
2515 1134 2567 1188 in
2626 1149 2759 1198 usu.
2804 1148 3031 1204 quaeque
3076 1133 3331 1188 omnibus
3379 1133 3679 1201 saepissime

2106 1224 2534 1295 explicabuntur,
2564 1224 2697 1281 nulli
2728 1226 3014 1282 obscurior
3042 1239 3164 1280 esse
3208 1224 3474 1290 debebat,
3522 1233 3677 1291 pote.

2107 1324 2299 1384 ratque
2333 1316 2404 1370 ab
2428 1315 2678 1371 omnibus
2706 1316 2849 1371 haud
2880 1315 3169 1371 difﬁculter
3198 1315 3451 1385 intelligi.
3480 1313 3677 1371 Debuit

2104 1420 2234 1477 ergo
2271 1407 2667 1477 antiquissimis
2693 1406 3020 1463 Christianis
3063 1408 3269 1462 charus
3299 1420 3447 1471 esse,
3479 1415 3533 1459 et
3580 1420 3677 1460 eo—

2104 1516 2223 1556 rum
2254 1501 2353 1557 teri
2392 1502 2674 1567 manibus;
2711 1509 2872 1571 atque
2912 1501 3061 1556 illius
3108 1501 3315 1557 idcirco
3344 1499 3532 1556 debuit
3560 1499 3674 1554 sal-

2104 1601 2211 1647 tem
2262 1594 2552 1663 aliquando
2600 1594 2744 1664 apud
2796 1594 3003 1663 primos
3055 1592 3315 1649 Ecclesiae
3374 1592 3677 1662 scriptores

2105 1683 2221 1738 ﬁeri
2253 1686 2478 1741 mentio.

2172 1774 2299 1833 [lac
2344 1777 2560 1847 quidem
2604 1792 2725 1833 cum
2775 1779 2843 1832 ab
2891 1777 3226 1847 aequioribus
3274 1776 3675 1849 Areopagiticis

429 1863 515 1917 his
550 1867 753 1935 pariter
796 1872 1088 1941 opponitur
1129 1873 1217 1928 illa
1265 1876 1455 1932 saltem
1492 1879 1824 1949 exemplaria
1876 1894 1990 1949 quae

2104 1869 2285 1939 negari
2318 1884 2422 1925 non
2462 1870 2690 1940 possint,
2736 1870 2842 1925 alio
2884 1871 3296 1940 responsionem
3336 1886 3493 1927 suam
3522 1872 3668 1926 deri-

431 1957 574 2025 apud
603 1959 937 2017 orthodoxos
975 1974 1029 2016 et
1071 1965 1123 2018 in
1170 1980 1359 2022 eorum
1403 1968 1661 2025 Ecclesiis
1705 1972 2001 2026 servaban-

432 2056 537 2109 tur,
568 2049 637 2104 ab
664 2050 882 2109 Arianis
930 2070 1026 2109 nec
1070 2058 1309 2126 potuisse
1352 2062 1609 2117 abscondi
1642 2078 1742 2119 nec
1771 2064 1998 2119 auferri.

430 2140 497 2195 Et
523 2154 677 2199 certe
708 2161 813 2201 non
846 2149 1024 2204 minor
1049 2162 1167 2207 erat
1191 2153 1622 2222 Catholicorum,
1655 2157 1723 2212 ad
1767 2173 1831 2213 ea
1864 2160 2001 2213 scri-

432 2244 548 2301 pta,
592 2237 777 2305 quibus
806 2241 1119 2297 orthodoxa:
1149 2244 1395 2301 veritatis
1440 2248 1847 2314 astruebantur,
1885 2266 1998 2304 ma—

434 2326 740 2383 nifestanda
768 2332 933 2387 ardor
963 2344 1019 2390 et
1044 2339 1305 2405 studium,
1333 2354 1491 2408 quam
1523 2342 1903 2397 lnareticorum
1930 2344 1997 2399 ad

430 2417 622 2475 eadem
668 2421 934 2479 abolenda
984 2428 1292 2484 sollicitudo
1332 2440 1389 2484 et
1434 2431 1680 2487 audacia.
1728 2433 1900 2499 Adde,
1950 2434 1995 2488 si

430 2510 584 2576 velis,
629 2514 771 2582 quod
810 2516 999 2572 Ariani
1041 2519 1266 2588 hujusce
1302 2522 1530 2586 fraudis,
1560 2524 1644 2579 vel
1677 2526 1744 2579 ab
1788 2525 1856 2581 iis
1901 2526 1992 2595 qui

426 2612 615 2654 eorum
649 2603 899 2659 haeresum
932 2610 1239 2677 ejurabant,
1276 2614 1413 2667 vela
1443 2614 1765 2684 quihusdam
1802 2618 1995 2673 catho-

426 2688 547 2746 licis
591 2696 958 2764 scriptoribus
993 2700 1222 2758 fuissent
1258 2705 1548 2775 aliquando
1581 2709 1877 2765 insimulati
1910 2722 1996 2766 at-

424 2796 530 2849 que
556 2785 718 2840 etiam
750 2792 1008 2849 convicti.

495 2876 834 2950 Quapropter
870 2884 959 2938 alii
986 2885 1329 2960 AreOpagita:
1360 2892 1672 2950 defensores
1706 2897 1803 2951 has
1839 2896 1990 2953 lucu-

423 2969 723 3039 brationes,
777 2984 961 3049 utpote
1002 2982 1068 3035 de
1132 2983 1294 3040 rebus
1344 2986 1673 3045 diliicillimis
1700 2999 1755 3045 et
1786 2991 1988 3047 obscu-

424 3062 657 3121 rissimis
688 3076 1001 3142 tractantes,
1031 3092 1095 3131 ac
1124 3076 1267 3132 elato
1312 3079 1636 3150 turgidoque
1667 3092 1723 3137 et
1752 3083 1989 3139 obscuro

421 3168 674 3214 cxaratas
723 3161 882 3232 stylo,
929 3182 958 3217 a
1008 3178 1113 3222 tam
1154 3170 1345 3237 paucis
1390 3170 1561 3227 fuisse
1612 3174 1988 3244 pervolutatas

2103 1969 2258 2024 rant,
2305 1962 2569 2032 aiuntque
2619 1963 2672 2017 in
2720 1971 2964 2019 veterum
3019 1973 3302 2019 auctorum
3363 1978 3515 2018 more
3563 1978 3672 2018 nou

2103 2052 2269 2107 fuisse
2315 2063 2377 2109 ut
2423 2055 2491 2109 ad
2543 2068 2766 2109 suorum
2824 2056 3136 2124 dogmatum
3201 2054 3672 2110 conﬁrmationem

2101 2144 2327 2201 aliorum
2380 2145 2692 2201 testimonia
2740 2147 3099 2212 adhiberent,
3133 2148 3236 2200 nisi
3284 2148 3339 2201 id
3391 2148 3667 2202 Itwretico-

2100 2254 2216 2293 rnm
2266 2240 2553 2308 pertinacia
2600 2240 2664 2293 ab
2701 2240 2826 2309 ipsis
2856 2250 3224 2308 extorqueret:
3267 2242 3372 2293 imo
3416 2241 3672 2293 adversus

2096 2330 2222 2397 ﬁdei
2266 2332 2435 2386 hostes
2477 2342 2741 2387 certamen
2770 2348 2835 2386 ea:
2864 2332 2992 2385 solis
3026 2332 3327 2386 divinarum
3373 2332 3670 2385 litterarum

2097 2421 2405 2475 testimoniis
2428 2422 2777 2477 instruebant.
2806 2423 2972 2477 Hinc.
2996 2464 3012 2480 .
3037 2463 3051 2476 .
3084 2440 3177 2477 nec
3202 2424 3529 2478 Athanasius
3558 2424 3673 2492 ipse

2100 2510 2323 2566 Patrum
2356 2515 2756 2569 auctoritatibus
2798 2516 2866 2568 ad
2900 2515 3216 2569 Arianorum
3266 2515 3671 2571 debellationetr

2097 2624 2223 2663 usus
2255 2616 2353 2672 est,
2386 2619 2493 2662 etc.

2166 2698 2221 2753 Si
2271 2715 2358 2755 res
2402 2700 2472 2755 ita
2521 2715 2579 2755 se
2612 2700 2834 2766 haheat,
2869 2709 3063 2772 urgent
3091 2715 3279 2756 eorum
3330 2701 3663 2764 adversarii,

2096 2791 2339 2863 profecto
2382 2791 2674 2863 Dionysius
2718 2793 3043 2863 Areopagita
3087 2792 3363 2864 Operum,
3414 2810 3535 2864 qua:
3587 2795 3666 2849 illi

2094 2884 2420 2946 tribuuntur,
2470 2893 2663 2939 auctor
2709 2883 2817 2938 dici
2866 2899 2969 2938 non
3010 2895 3207 2954 potest.
3248 2886 3337 2941 Ille
3385 2886 3662 2956 siquidem

2094 2992 2198 3032 non
2245 2973 2415 3031 solum
2447 2975 2601 3045 plura
2634 2975 2872 3045 magistri
2902 2976 2981 3029 sui
3016 2976 3315 3045 fragmenta
3348 2977 3659 3048 descripsit,

2095 3069 2188 3126 sed
2219 3068 2449 3125 aliorum
2479 3068 2641 3124 etiam
2671 3068 2802 3123 citat
2837 3069 3237 3135 auctoritatem,
3269 3070 3569 3126 sententias
3601 3080 3660 3125 et

2092 3162 2279 3226 verba,
2313 3170 2440 3231 puta
2485 3160 2695 3229 lgnatii,
2737 3158 2899 3227 Justi,
2932 3160 3333 3226 Bartholomzei,
3369 3162 3667 3218 Clementis

420 3245 717 3317 afﬁrmant,
753 3265 809 3306 ut
844 3257 953 3309 cito
1000 3257 1213 3330 longam
1259 3265 1506 3319 venerint
1534 3266 1587 3321 in
1631 3269 1985 3326 oblivionem.
2017 3245 2058 3303 δ
2093 3252 2430 3325 Philosophi:
2473 3268 2573 3308 "ec
2617 3270 2722 3309 "0"
2755 3253 2914 3323 Carpi
2960 3254 3246 3309 'iSionem-
3289 3253 3428 3321 Qum
3473 3255 3669 3324 Plu"?

421 3338 530 3395 Sed
562 3341 645 3395 illa
687 3350 965 3414 responsio
998 3350 1130 3419 ipsis
1160 3357 1401 3411 auctoris
1436 3359 1606 3413 nostri
1647 3362 1832 3417 verbis
1868 3361 1992 3417 fun-

420 3433 565 3489 ditus
607 3439 777 3491 everti
822 3443 1095 3512 arguitur.
1127 3445 1220 3502 Ille
1252 3438 1488 3521 namque
1519 3462 1709 3520 aperte
1740 3454 1987 3510 declarat

419 3542 495 3616 se
523 3543 677 3583 suum
722 3530 799 3585 De
834 3536 1025 3590 divinis
1068 3541 1363 3596 nominibus
1409 3543 1639 3610 librum,
1678 3546 1733 3601 in
1768 3562 1878 3616 quo
1924 3549 1989 3603 de

420 3614 586 3709 rebus
612 3619 1017 3679 sublimioribus
1039 3637 1093 3680 et
1129 3627 1522 3689 difﬁcilioribus
1553 3614 1811 3704 disputat,
1846 3638 1988 3709 style

418 3706 741 3778 simpliciori
795 3713 1126 3786 ciariorique
1172 3723 1566 3790 conscripsisse
1611 3735 1670 3781 ut
1712 3742 1777 3783 ea
1829 3706 1988 3785 Chri-

418 3798 629 3855 stianos
675 3804 854 3860 minus
887 3808 1159 3875 perfectos
1204 3813 1457 3881 doceret,
1502 3832 1623 3887 quae
1669 3820 1989 3879 Timotheus

419 3890 859 3983 perfectioribus,
882 3909 937 3953 et
970 3900 1037 3956 iis
1069 3905 1161 3971 qui
1194 3906 1513 3963 sublimiora
1542 3914 1788 3983 capiunt,
1820 3917 1988 3973 tradi-

416 3982 571 4079 derat
616 4002 629 4037 :
667 3985 1017 4059 Quapropter,
1062 3994 1239 4066 inquit
1290 3999 1380 4056 ille
1406 4001 1471 4067 δ’,
1522 4021 1616 4059 nos
1655 4022 1859 4079 quoque
1897 4026 1987 4064 seu

414 4076 767 4142 perfecturum
798 4083 1144 4156 seniliumque
1183 4106 1432 4146 sensuum
1468 4076 1812 4167 magistrum,
1854 4103 1987 4157 alte-

415 4181 605 4234 rusque
651 4171 962 4240 scripturas,
1001 4192 1117 4244 quin
1158 4179 1409 4236 divinitus
1459 4186 1754 4255 amatorum
1786 4192 1985 4259 scripta

413 4260 652 4325 proxime
699 4277 1072 4333 assequuntur,
1117 4270 1186 4323 iis
1229 4274 1318 4341 qui
1367 4274 1676 4332 sublimiora
1728 4281 1981 4349 capiunt,

412 4346 562 4401 illum
609 4352 941 4420 assignamus
964 4370 984 4408 :
1024 4372 1117 4411 nos
1145 4375 1263 4414 vero
1304 4364 1471 4416 nostri
1503 4366 1764 4422 similibus
1792 4346 1860 4424 ad
1895 4346 1983 4426 ca;

411 4445 559 4505 ptum
608 4452 844 4497 nostrum
886 4460 964 4499 res
995 4447 1200 4502 divinas
1241 4454 1636 4521 explanavintus
1661 4498 1674 4513 .
1698 4501 1712 4513 .
1733 4500 1747 4514 .
1782 4477 1982 4517 sermo-

413 4546 538 4583 num
594 4548 712 4587 vero
773 4535 1311 4609 introductoriorum,
1366 4563 1458 4601 seu
1516 4550 1785 4619 inferioris
1842 4566 1980 4611 notw

409 4623 684 4677 scientiam
712 4643 773 4680 ac
809 4629 1145 4700 disciplinam
1184 4636 1538 4703 initiantibus,
1565 4652 1720 4713 atque
1751 4646 1978 4704 initiatis

409 4717 702 4768 convenire.
725 4755 739 4770 .
758 4756 772 4770 .
802 4735 865 4772 ne
892 4737 987 4788 pro
1027 4725 1238 4778 modulo
1274 4738 1447 4781 nostra
1479 4730 1627 4795 illos,
1656 4735 1843 4802 quibus
1890 4754 1981 4791 su-

409 4805 652 4861 blimiora
691 4812 841 4865 nobis
868 4816 1251 4884 contemplandi
1285 4820 1512 4887 facultas
1552 4825 1715 4893 deest,
1748 4829 1977 4883 admini-

406 4898 528 4950 culo
568 4901 844 4957 destitutos
890 4916 1209 4975 pateremur,
1242 4912 1311 4964 ad
1357 4915 1688 4970 scribendum
1740 4922 1976 4975 animum

405 4991 727 5059 appulimus.
766 4993 950 5063 Longe
979 5014 1110 5066 ergo
1151 5016 1181 5054 a
1224 5018 1388 5072 scopo
1421 5006 1513 5061 ille
1562 5009 1892 5078 aberrasset,
1928 5015 1974 5067 si

406 5086 673 5138 cotlmrno
720 5089 949 5157 tragico,
991 5102 1047 5145 ut
1085 5094 1378 5162 opinantur
1414 5099 1803 5171 Areopagitici,
1856 5121 1974 5159 am—

406 5178 672 5247 pullisque
721 5189 774 5235 et
825 5181 1004 5235 verbis
1051 5186 1115 5239 ad
1165 5202 1415 5257 pompam
1464 5192 1655 5247 eﬂictis
1711 5197 1977 5265 turgidior

403 5270 523 5337 ejus
557 5270 759 5334 oratio,
803 5273 1058 5330 omnibus
1088 5276 1160 5329 ita
1192 5278 1421 5334 diﬂicilis
1454 5294 1601 5338 esset
1634 5295 1690 5340 et
1719 5288 1976 5357 obscura,

406 5371 525 5415 uta
577 5361 835 5417 librorum
873 5364 990 5432 ejus
1034 5369 1269 5425 lectione
1322 5372 1553 5429 fuissent
1605 5377 1837 5446 quilibet
1878 5382 1972 5435 de-

408 5454 599 5508 territi.

471 5544 738 5602 Caeterum
789 5553 1142 5619 quantumvis
1189 5555 1329 5609 elata
1375 5566 1431 5613 et
1476 5558 1709 5616 dillicilis
1754 5563 1826 5617 sit
1870 5578 1971 5618 au-

403 5636 569 5690 ctoris
612 5639 781 5694 nostri
826 5641 1035 5709 oratio,
1083 5662 1181 5700 cur
1227 5647 1344 5717 ejus
1395 5649 1520 5705 libri
1570 5652 1971 5725 antiquioribus

494 5811 539 5843 δ”
570 5812 638 5866 lle
685 5816 845 5873 divin.
878 5822 1094 5891 nomin.,
1152 5838 1266 5894 cap.
1296 5825 1345 5888 3,
1384 5824 1410 5897 ς
1452 5828 1503 5881 ‘2.

2091 3348 2336 3404 Aliorum
2368 3347 2535 3403 etiam
2581 3347 2864 3418 Opiniones
2910 3347 3115 3411 refert,
3163 3362 3227 3403 ac
3269 3362 3362 3403 eas
3402 3359 3539 3411 quas
3571 3363 3665 3404 ve-

2092 3443 2265 3498 riores
2293 3455 2417 3498 esse
2444 3448 2614 3508 putat,
2647 3440 2760 3510 ipse
2791 3439 3165 3509 amplectitur.

2160 3536 2426 3592 Praeterea
2464 3541 2667 3597 autem,
2693 3547 2793 3587 cur
2825 3531 3083 3597 lrenmus,
3116 3530 3509 3599 'l'ertullianus,
3542 3531 3660 3586 alii-

2089 3645 2194 3699 que
2238 3629 2427 3685 Patres
2477 3626 2647 3683 vatsiis
2698 3626 2933 3696 Dionysii
2984 3626 3361 3696 Areopagitae,
3415 3629 3557 3683 sicut
3603 3638 3663 3683 et

2090 3721 2316 3775 aliorum
2363 3722 2706 3778 decessorum
2754 3732 2974 3773 suorum
3012 3720 3336 3775 testimoniis
3384 3720 3655 3775 adversus

2090 3812 2172 3867 sui
2205 3814 2462 3883 temporis
2490 3814 2773 3869 hzereticos
2803 3826 2919 3868 non
2964 3812 3234 3865 utuntur?
3260 3810 3517 3881 Nunquid
3548 3813 3661 3866 hae-

2092 3904 2385 3960 reticorum
2423 3906 2730 3974 pervicacia
2773 3907 2888 3963 haec
2917 3903 3299 3977 posteriorum
3346 3904 3659 3958 testimonia

2089 3996 2261 4066 magis
2286 4011 2449 4065 quam
2477 3998 2806 4069 Dionysiana
2831 4000 2899 4054 ab
2926 3996 3059 4068 ipsis
3082 3995 3484 4064 extorquebat!
3510 3994 3660 4049 Nun-

2087 4088 2214 4157 quid
2247 4089 2313 4144 ad
2342 4103 2436 4144 eos
2467 4090 2824 4147 confutandos
2851 4092 3033 4147 minus
3071 4087 3331 4162 ponderis
3356 4096 3450 4142 aut
3478 4088 3659 4144 enica-

2086 4179 2267 4237 citatis
2296 4180 2530 4237 habebat
2556 4182 2799 4255 Dionysii
2830 4185 3171 4256 Areopagitae
3214 4200 3380 4256 quam
3423 4180 3655 4242 alierum

2087 4271 2428 4329 auctoritas?

2694 4389 2921 4447 CAPUT
2960 4392 3050 4449 Vl.

2084 4479 2242 4533 Aliud
2274 4479 2877 4554 Antiareopagiticorum
2914 4496 3299 4554 argumentum,
3338 4504 3404 4542 ea:
3435 4488 3651 4544 Eusebii

2222 4563 2270 4605 et
2304 4550 2612 4621 Hieronymi
2643 4554 2848 4607 silentio
2878 4550 3121 4623 petitum,
3148 4560 3503 4614 examinatum

2152 4641 2263 4698 Sed
2326 4657 2457 4713 age,
2506 4653 2672 4709 atque
2729 4646 3239 4718 Areopagiticorum
3306 4651 3654 4709 adversarios

2082 4744 2270 4787 contra
2320 4735 2651 4805 propositam
2689 4750 2878 4790 eorum
2937 4739 3285 4795 traditionem
3320 4743 3501 4798 acrius
3548 4757 3647 4798 ur-

2080 4834 2269 4893 gentes
2307 4827 2616 4882 audiamus.
2649 4826 2845 4883 Dicunt
2889 4831 3071 4899 itaque
3119 4833 3321 4901 scripta
3370 4834 3645 4905 Dionysii,

2081 4917 2328 4985 quamvis
2361 4918 2613 4974 omnibus
2652 4921 2776 4975 aliis
2814 4922 3174 4991 scriptoribus
3222 4924 3455 4979 fuissent
3493 4926 3656 4981 inco-

2080 5011 2249 5077 gnita,
2297 5025 2403 5065 non
2437 5011 2679 5080 potuisse
2721 5022 2897 5066 tamen
2943 5028 3209 5067 summam
3256 5015 3508 5080 Eusebii,
3551 5021 3647 5086 qui

2082 5110 2160 5157 tot
2218 5102 2672 5158 bibliothecarum
2720 5111 2774 5158 et
2838 5104 3246 5171 Ecclesiarum,
3302 5109 3649 5177 maximeque

2081 5196 2454 5257 Atheniensis,
2495 5196 2584 5250 ubi
2616 5210 2828 5250 summa
2869 5212 2998 5250 cura
3034 5200 3307 5253 asservari
3349 5200 3644 5270 debebant,

2080 5287 2280 5342 scrinia
2314 5287 2773 5356 perlustraverat,
2810 5296 2866 5341 et
2892 5289 2983 5355 qui
3021 5287 3073 5340 in
3115 5288 3457 5357 inquirendis
3500 5293 3647 5344 anti-

2081 5382 2331 5449 quiorum
2378 5380 2647 5451 Operibus
2676 5381 2805 5436 nulli
2840 5390 3158 5452 pepercerat
3184 5381 3383 5444 labori,
3413 5383 3647 5452 diligen-

2078 5476 2208 5528 tiam
2246 5473 2457 5545 fugere.
2499 5474 2662 5544 Atqui
2707 5477 2892 5529 omnia
2926 5476 3168 5531 auctoris
3213 5477 3389 5530 nostri
3442 5477 3643 5545 scripta

2076 5566 2305 5623 Eusebio
2344 5577 2469 5622 nota
2514 5584 2623 5622 non
2671 5565 2839 5622 fuisse
2881 5568 3006 5623 inde
3046 5576 3220 5637 patet,
3261 5569 3406 5637 quod
3454 5584 3641 5623 eorum

2076 5658 2262 5714 nullibi
2296 5675 2531 5729 unquam
2565 5661 2898 5717 mentionem
2930 5660 3141 5717 fecerit.
