3916 6234
308 309 352 365 n
1094 290 1097 293 “
1567 301 2102 363 PROLEGOMENA.
3476 303 3547 359 22

378 427 674 487 Baronius.
702 435 756 481 et
784 424 1013 481 scientia
1041 432 1096 481 et
1123 437 1365 495 purpura
1389 419 1874 482 eminentissimus,
1902 426 1949 482 Α
1979 418 2254 485 metipsum
2301 414 2463 471 habeo
2498 429 2517 469 :
2547 432 2847 486 quanquam
2898 416 3139 471 eusebius
3181 414 3444 485 Pamphili
3488 418 3544 470 in

300 531 487 583 aperte
517 529 682 589 negat
707 520 910 588 scripta
936 517 1179 588 Dionysii
1206 517 1440 572 Eusebio
1464 514 1632 570 fuisse
1656 514 1874 584 penitus

296 620 663 679 incomperta.
698 609 809 663 Cur
839 617 1019 661 autem
1051 607 1118 661 de
1155 607 1221 661 iis
1249 604 1515 661 Eusebius
1544 604 1797 667 tacuerit,
1825 603 1872 657 si

298 702 363 755 ab
400 715 468 755 eo
496 701 809 770 quaesieris,
856 702 1146 767 respondet
1183 698 1335 752 illum
1378 696 1517 750 vafri
1559 693 1872 763 versutique

298 789 465 844 animi
497 790 860 858 scriptorem,
900 803 1025 842 cum
1069 788 1326 843 Arianam
1371 786 1642 851 haeresim,
1672 785 1758 841 cui
1791 784 1870 838 fa-

294 880 480 946 vebat,
521 880 609 934 bis
636 878 793 933 libris
835 878 1042 933 destrui
1086 879 1318 945 videret,
1362 892 1460 933 eos
1499 876 1685 933 doloso
1721 876 1869 931 frau-

292 969 627 1038 dulentoque
668 968 886 1024 silentio
916 969 1357 1039 praetermisisse.
1395 967 1595 1023 Verum
1629 969 1743 1023 haec
1769 969 1875 1022 do-s

289 1061 526 1116 ctissimi
568 1061 670 1114 viri
708 1062 991 1131 responsio
1038 1059 1309 1129 Haloixio,
1355 1061 1864 1132 Areopagiticorum

288 1154 567 1208 acerrimo
594 1153 892 1221 defensori,
932 1154 1005 1208 ita
1038 1154 1337 1223 displicuit,
1374 1164 1432 1208 ut
1461 1167 1580 1209 eam
1609 1169 1715 1208 non
1747 1154 1866 1209 sine

287 1245 512 1300 fastidio
564 1246 649 1300 his
702 1247 884 1302 verbis
932 1247 1270 1315 explodat‘:
1318 1245 1460 1300 Nam
1505 1250 1644 1316 quod
1695 1246 1863 1316 aliqui

284 1338 470 1391 dicunt
502 1354 620 1391 eum
648 1339 703 1391 id
739 1339 929 1407 fraude
975 1339 1180 1408 fecisse,
1213 1338 1502 1393 convicium
1543 1348 1690 1408 puto.
1721 1337 1862 1404 Quid

284 1430 425 1482 enim
451 1430 525 1483 ibi
561 1440 670 1483 tam
714 1430 916 1485 clarum
943 1448 1039 1499 pro
1083 1441 1281 1485 «eterna
1320 1431 1519 1485 Christi
1562 1431 1857 1497 divinitate,

281 1521 427 1571 quod
458 1534 562 1571 non
598 1518 760 1571 multo
792 1519 990 1574 clarius
1032 1521 1087 1574 in
1122 1519 1413 1587 Scripturis
1445 1522 1613 1575 sacris
1648 1531 1859 1575 conten-

279 1618 394 1660 tum
428 1612 524 1663 sit.
550 1647 565 1663 .
587 1648 603 1663 .
626 1652 639 1666 .
662 1649 677 1664 .
706 1627 799 1664 nec
830 1612 1037 1664 beatum
1086 1610 1350 1665 [remeam
1381 1611 1518 1665 Filii
1548 1627 1666 1665 cum
1699 1610 1859 1666 Patre

276 1713 538 1755 aeternam
586 1704 977 1758 coexistentiam
1008 1703 1299 1758 clarissime
1338 1704 1630 1774 professum
1664 1706 1857 1758 citare-

1978 512 2153 564 decem
2201 509 2585 566 ecclesiastica:
2634 510 2887 567 Historiae
2926 510 3075 564 libris
3117 511 3349 563 maxime
3397 508 3540 563 nobis

1975 600 2273 668 adjumento
2302 602 2479 671 fuerit.
2507 602 2581 657 lbi
2610 602 2757 657 enim
2788 617 2893 658 non
2938 603 3175 657 obscure
3208 601 3453 655 declarat
3485 616 3542 654 se

1975 692 2180 748 nullum
2212 695 2471 763 praevium
2502 696 2818 766 magistrum
2855 694 3135 759 habuisse,
3176 702 3341 762 atque
3371 693 3541 748 Euse-

1972 782 2118 837 bium
2164 785 2266 855 ipsi
2300 792 2507 840 tautum
2540 786 2779 840 maximo
2809 786 2976 840 fuisse
3010 784 3345 855 adiumento.
3372 782 3438 837 Et
3481 794 3542 838 ro

1970 878 2187 945 quidem
2233 893 2387 944 vera,
2418 889 2645 934 sanctus
2695 879 2782 935 ille
2821 880 3011 936 doctor
3047 878 3409 949 quorumdam
3440 892 3539 933 au-

1969 978 2181 1023 ctorum
2233 970 2483 1026 meminit
2524 985 2756 1040 quorum
2792 971 2941 1025 nulla
2985 981 3167 1026 exstat
3199 970 3341 1041 apud
3371 969 3540 1023 Ευεθο

1965 1061 2115 1116 bium
2148 1063 2622 1120 commemoratio.

2034 1151 2104 1205 At
2135 1152 2361 1207 validius
2386 1151 2611 1207 forsitan
2653 1152 2815 1207 telum
2870 1153 2995 1209 inde
3040 1164 3232 1209 contra
3269 1152 3534 1224 quosdam

1964 1245 2496 1315 Antiareopagiticos
2556 1247 2922 1316 torquebitur,
2978 1245 3071 1316 qui
3118 1246 3233 1301 haec
3292 1244 3535 1318 Dionysii

1962 1336 2138 1405 Opera
2174 1346 2299 1392 ante
2327 1337 2637 1408 Hieronymi
2681 1347 2891 1393 aetatem
2935 1339 3079 1392 edita
3118 1352 3242 1392 esse
3273 1337 3536 1393 confiten-

1962 1438 2092 1484 tur:
2123 1430 2250 1485 hinc
2287 1429 2485 1499 quippe
2514 1429 2799 1485 coniicitur
2828 1428 2916 1483 illa
2951 1428 3304 1499 Hieronymo,
3344 1443 3533 1498 quam-

1960 1520 2041 1573 vis
2071 1522 2137 1574 de
2169 1521 2237 1574 iis
2267 1520 2527 1584 tacuerit,
2583 1521 2824 1590 potuisse
2868 1535 2992 1575 nora
3046 1519 3184 1575 fieri.
3228 1517 3429 1574 Verum
3458 1518 3537 1571 illi

1960 1611 2062 1666 hoc
2089 1610 2195 1665 telo
2225 1612 2445 1666 minime
2479 1625 2539 1666 se
2577 1608 2729 1665 feriri
2781 1609 3160 1673 arbitrantur;
3212 1618 3396 1678 utpme
3443 1623 3530 1676 qui

1960 1701 2123 1771 paulo
2151 1710 2276 1756 ante
2307 1701 2617 1772 Hieronymi
2651 1710 2860 1769 tempus
2888 1715 2950 1755 ea
2984 1701 3035 1753 in
3063 1698 3238 1756 lucem
3266 1698 3535 1769 prodiisse

276 1803 425 1847 runt.
454 1793 551 1849 His
580 1804 761 1848 autem
792 1795 915 1849 addi
948 1805 1129 1865 potest
1155 1794 1511 1850 honorificam
1541 1810 1649 1850 non
1678 1794 1855 1850 solum
1891 1784 1933 1839 Β
1960 1804 2229 1849 asserant.
2301 1793 2644 1863 Quapmpter
2709 1792 2825 1847 haec
2853 1832 2868 1858 ,
2931 1792 3221 1861 inquiunt,
3292 1789 3532 1860 Dionysii

273 1885 490 1953 lremei,
519 1887 612 1940 sed
644 1886 809 1940 etiam
853 1885 1149 1940 Clementis
1180 1885 1564 1952 Alexandrini,
1596 1887 1857 1940 aliorqu-

272 1992 385 2047 que
417 1979 802 2046 plurimorum,
828 1994 964 2048 quos
986 1980 1201 2033 Arianae
1232 1979 1423 2033 haeresi
1453 1979 1612 2046 plane
1640 1988 1856 2033 contra-

273 2067 389 2121 rios
410 2080 534 2121 esse
555 2082 657 2122 suo
691 2067 811 2122 loco
831 2070 1202 2133 ostendemus,
1232 2067 1373 2135 apud
1404 2063 1702 2122 Eusebium
1737 2066 1854 2120 tieri

275 2157 642 2212 mentionem.

343 2248 690 2317 Quapropter
742 2247 1080 2304 contendunt
1128 2248 1215 2301 alii
1270 2262 1333 2303 ex
1378 2246 1470 2301 illo
1517 2245 1738 2301 Eusebii
1787 2247 1853 2303 de

270 2340 520 2411 Dionysii
550 2340 818 2409 Operibus
841 2340 1057 2396 silentio
1092 2340 1227 2395 nihil
1274 2342 1409 2395 certi
1435 2339 1617 2408 colligi
1666 2355 1849 2409 posse,

268 2433 714 2501 quandoquidem
755 2432 850 2488 ille
888 2432 1068 2502 plures
1100 2433 1240 2487 alios
1267 2432 1591 2501 scriptores,
1623 2440 1678 2485 et
1715 2433 1851 2487 scri-

266 2522 379 2589 ptis
404 2530 462 2576 et
492 2523 737 2576 doctrina
763 2522 1178 2588 celeberrimos,
1205 2534 1367 2591 atque
1391 2524 1445 2575 in
1474 2522 1665 2591 primis
1688 2524 1849 2576 Athe-

268 2629 559 2683 nagoram,
590 2630 682 2684 qui
725 2614 982 2669 eximiam
1019 2613 1351 2669 Christianze
1398 2613 1676 2683 religionis
1704 2616 1846 2683 Apo»

264 2706 491 2773 logiam,
521 2716 576 2759 et
608 2706 682 2758 De
711 2715 1038 2760 mortuorum
1079 2708 1455 2760 resurrectione
1496 2707 1695 2762 librum
1729 2707 1845 2763 edi-

263 2800 448 2861 derat,
487 2797 686 2850 tacitus
713 2797 1082 2861 praetermisit.
1114 2795 1266 2864 Quod
1302 2797 1346 2850 si
1381 2798 1589 2853 dixeris
1637 2800 1841 2869 scripta

266 2888 515 2958 Dionysii
561 2897 614 2943 et
655 2889 903 2943 auctoris
952 2889 1202 2954 nomine,
1247 2901 1303 2945 et
1343 2907 1443 2946 suo
1488 2908 1734 2958 numero,
1777 2910 1842 2950 ac

263 2982 401 3051 ipsis
425 2997 547 3051 quae
580 2990 884 3038 tractantur
915 2985 1255 3054 argumentis
1287 2983 1445 3055 longe
1477 2987 1690 3040 caeteris
1723 3001 1840 3040 om-

263 3075 429 3129 nibus
456 3076 655 3144 saepius
683 3077 967 3132 transcribi
995 3077 1270 3141 debuisse,
1309 3078 1579 3148 variisque
1610 3082 1662 3132 in
1700 3079 1834 3134 locis

263 3166 645 3237 multiplicari,
668 3181 984 3238 responsura
1013 3169 1304 3224 confestim
1324 3170 1558 3239 accipies
1587 3171 1832 3225 Athena-

264 3274 414 3328 gorae
439 3259 635 3325 libros,
669 3263 884 3316 tametsi
912 3260 1144 3316 forsitan
1171 3262 1473 3330 breviores,
1498 3264 1591 3330 qui
1624 3279 1653 3317 a
1677 3265 1835 3319 Chri-

262 3352 458 3407 Stianis
508 3361 687 3407 tamen
741 3354 1188 3409 describerentur
1234 3364 1288 3410 et
1335 3355 1836 3425 multiplicarentur

262 3460 369 3498 non
416 3446 603 3499 minus
638 3446 830 3516 dignos
879 3448 1068 3502 videri.
1122 3446 1319 3503 Verum
1354 3460 1638 3519 opponunt
1672 3451 1833 3505 Anti-

260 3538 620 3609 areopagitici
651 3540 894 3608 quadam
921 3540 973 3593 in
1006 3540 1225 3610 scriptis
1250 3541 1492 3613 Dionysii
1521 3558 1828 3607 occurrere,

260 3634 533 3687 nimirum
578 3634 646 3689 de
681 3635 857 3690 sacris
906 3636 1313 3704 Scripturarum
1358 3638 1533 3705 libris,
1565 3640 1631 3693 de
1677 3638 1830 3703 solis,

260 3723 534 3778 inoriente
584 3723 827 3787 Christo,
869 3722 1195 3789 defectione,
1240 3727 1307 3780 de
1336 3727 1736 3783 obdormitione
1767 3728 1828 3782 Β.

259 3815 449 3871 Maria:
473 3815 738 3887 Virginis,
765 3816 978 3884 aliaque
1008 3815 1147 3870 bene
1183 3816 1371 3883 multa,
1401 3832 1520 3886 qua:
1551 3819 1595 3872 si
1634 3819 1685 3872 in
1718 3816 1830 3871 Eu-

258 3909 393 3964 sebii
428 3909 678 3964 notitiam
722 3907 1032 3975 venissent,
1064 3911 1132 3964 ab
1176 3922 1241 3964 eo
1285 3925 1558 3979 nunquam
1605 3921 1829 3980 praeter-

256 4004 400 4059 mitti
428 4014 746 4072 potuerunt.

325 4096 475 4151 Idem
505 4097 748 4151 nonnulli
782 4112 849 4153 ex
880 4097 1216 4167 Hieronymi,
1260 4100 1558 4169 praesertim
1592 4102 1644 4157 in
1687 4101 1826 4158 libro

254 4186 333 4241 De
368 4190 714 4256 scriptoribus
749 4188 1135 4255 ecclesiasticis,
1180 4191 1397 4246 silentio
1445 4205 1825 4263 argumentum

254 4278 504 4332 eliciunt.
545 4278 669 4332 Inde
711 4280 855 4334 enim
895 4280 1228 4335 concludunt
1272 4284 1511 4355 Dionysii
1542 4286 1713 4340 nostri
1746 4286 1825 4340 lu-

252 4370 607 4424 cubrationes
648 4371 746 4439 ipsi
796 4373 1097 4439 incognitas
1146 4374 1337 4437 fuisse,
1383 4392 1485 4431 nec
1533 4388 1660 4432 ante
1706 4379 1824 4447 ejus

1961 1884 2134 1952 Opera
2162 1886 2214 1938 in
2252 1884 2565 1956 ltteronymi
2615 1884 2860 1967 notitiam
2900 1900 3008 1939 non
3056 1894 3340 1949 venerunt,
3368 1892 3535 1952 atque

1961 1977 2050 2033 illa
2109 1978 2163 2032 in
2206 1992 2390 2035 eorum
2444 1990 2671 2031 numero
2715 1988 2841 2032 sunt
2904 1975 3171 2033 censenda
3226 1976 3291 2030 de
3338 1974 3533 2045 quibus

1959 2071 2104 2124 hunc
2136 2071 2190 2126 in
2220 2071 2437 2126 modum
2472 2069 2695 2125 disserit
2726 2070 2745 2101 '
2772 2084 2787 2121 :
2819 2068 2881 2125 Si
2910 2070 3001 2139 qui
3038 2078 3211 2123 autem
3253 2068 3316 2121 de
3347 2070 3411 2120 iis
3439 2082 3527 2136 qui

1958 2179 2119 2232 usque
2144 2163 2301 2217 hodie
2323 2165 2509 2232 scripti
2546 2174 2691 2229 sunt,
2723 2179 2754 2217 a
2784 2178 2866 2216 me
2890 2163 2946 2217 in
2974 2163 3071 2215 hoc
3100 2159 3360 2215 volumine
3386 2174 3525 2227 pra:—

1954 2254 2179 2307 termissi
2209 2263 2353 2319 sunt,
2374 2255 2471 2319 sibi
2500 2256 2664 2324 magis
2694 2270 2853 2323 quam
2906 2253 3041 2306 mihi
3083 2253 3344 2318 imputare
3374 2250 3529 2304 debe-

1954 2348 2101 2401 bunt.
2153 2345 2336 2417 Neque
2373 2349 2511 2401 enim
2556 2347 2782 2401 celantes
2825 2348 3024 2414 scripta
3068 2362 3186 2406 sua,
3214 2345 3277 2396 de
3304 2345 3383 2397 his
3409 2358 3526 2411 qua:

1952 2456 2053 2493 non
2083 2439 2206 2509 legi,
2241 2455 2389 2492 nosse
2410 2438 2593 2507 potui;
2641 2446 2689 2491 et
2725 2438 2865 2507 quod
2897 2437 3019 2489 aliis
3060 2436 3289 2505 forsitan
3330 2436 3399 2488 sit
3433 2452 3525 2489 no-

1950 2544 2081 2596 tum,
2118 2533 2246 2585 ntihi
2288 2535 2346 2585 in
2386 2533 2483 2585 hoc
2533 2543 2797 2585 terrarum
2826 2532 3022 2599 angulo
3066 2530 3226 2600 fuerit
3262 2532 3519 2599 ignotum.

1950 2621 2102 2677 Certe
2134 2639 2257 2676 cum
2296 2623 2507 2692 scriptis
2550 2623 2659 2676 suis
2706 2621 3019 2685 claruerint,
3074 2636 3177 2675 non
3211 2635 3522 2690 magnopere

1947 2718 2114 2770 nostri
2144 2715 2338 2769 silentii
2373 2714 2650 2783 dispendia
2681 2713 3049 2781 suspirabunt.

2016 2812 2220 2867 Contra
2247 2826 2376 2867 vero
2401 2809 2769 2880 Areopagitici
2804 2823 2961 2862 suum
2997 2808 3047 2861 iu
3072 2806 3416 2863 adversarios
3446 2807 3517 2860 ita

1947 2904 2339 2973 retorquebunt
2389 2910 2795 2972 argumentum.
2854 2899 3108 2969 Nunquid
3160 2902 3275 2956 haec
3330 2901 3518 2955 eadem

1941 2997 2161 3064 scripta,
2193 3010 2337 3065 quae,
2371 2994 2503 3063 ipsis
2538 2994 2856 3058 fatentibus,
2913 2994 3097 3047 statim
3129 3002 3289 3063 atque
3319 2992 3517 3047 emissa

1941 3098 2065 3144 sunt
2095 3089 2147 3142 in
2176 3088 2370 3153 lucem,
2424 3088 2675 3142 omnibus
2717 3086 3001 3141 notissima
3049 3100 3171 3141 esse
3212 3096 3516 3153 coeperunt,

1940 3182 2040 3235 soli
2074 3179 2404 3250 Hieronymo
2432 3179 2702 3249 incognita
2757 3178 2950 3234 fuere?
2996 3177 3102 3232 Sed
3147 3176 3515 3245 nequidquam

1936 3272 2179 3326 clamant
2216 3271 2334 3336 alii,
2384 3271 2437 3326 id
2490 3282 2855 3341 re.orquetur.
2908 3270 3129 3325 Certum
3180 3269 3379 3337 quippe
3408 3276 3511 3330 est,

1939 3366 2211 3435 inquiunt,
2270 3363 2471 3430 scripta
2533 3363 2773 3434 Dionysii
2829 3378 2935 3416 non
2985 3360 3053 3414 ab
3110 3359 3364 3413 outnibus
3414 3373 3512 3413 eo—

1936 3460 2057 3514 dem
2096 3460 2256 3513 modo
2287 3457 2585 3524 eodemque
2616 3467 2855 3524 tempore
2888 3455 3054 3508 fuisse
3104 3454 3305 3522 agnita.
3334 3451 3514 3521 Atque

1936 3552 2060 3605 inde
2113 3549 2441 3604 concludunt
2484 3546 2836 3616 Hieronymo,
2890 3544 2941 3598 in
2991 3542 3188 3612 angulo
3241 3552 3509 3596 terrarum

1935 3658 2092 3699 suum
2154 3656 2276 3697 cum
2342 3646 2595 3694 exararet
2651 3639 2892 3703 librum,
2959 3636 3303 3692 delitescenti
3370 3635 3508 3689 nihil

1932 3735 2223 3804 quidquam
2252 3732 2319 3787 de
2343 3732 2409 3787 iis
2434 3729 2806 3786 recentissime
2838 3729 3128 3800 publicatis
3156 3728 3324 3783 luisse
3353 3742 3507 3783 com-

1932 3838 2163 3897 pertum.

2518 3909 2747 3965 CAPUT
2796 3909 2903 3967 VII.

1933 4006 2009 4062 De
2040 4007 2106 4059 iis
2131 4004 2472 4071 scriptoribus
2499 4006 2588 4072 qui
2612 4014 2723 4070 post
2753 4003 3017 4068 publicata
3044 4002 3214 4069 Opera
3240 4001 3504 4073 Dionysii,

2104 4092 2166 4130 ea
2193 4077 2353 4129 dubia
2389 4083 2481 4127 aut
2509 4073 2808 4127 adulterina
2844 4089 2956 4127 esse
2993 4082 3327 4142 putaverunt.

2005 4192 2161 4248 Aliud
2188 4199 2380 4247 contra
2430 4188 2935 4259 Areopagiticorum
2990 4187 3337 4242 traditionem
3382 4202 3502 4242 mo-

1927 4297 2169 4342 mentum
2191 4293 2297 4350 est,
2342 4285 2485 4354 quod
2528 4282 2620 4337 illa
2657 4291 2764 4336 tam
2820 4282 2929 4337 alto
2986 4291 3203 4350 tamque
3244 4280 3505 4335 diuturno

1930 4388 2008 4435 tot
2043 4380 2367 4449 scriptorum
2393 4378 2459 4431 de
2486 4374 2730 4445 Dionysii
2761 4373 2979 4441 scriptis
3016 4371 3233 4427 silentio
3263 4387 3368 4425 non
3412 4387 3501 4425 so-

252 4475 501 4533 tempora
542 4465 868 4534 divulgatas.
910 4468 1077 4535 Quasi
1112 4484 1268 4537 vero,
1299 4472 1555 4539 inquiunt
1582 4473 1822 4541 AreOpa-
1856 4480 1899 4534 Ι)
1929 4471 2039 4525 lum
2065 4473 2242 4541 capite
2272 4469 2558 4525 imminuta
2591 4468 2678 4527 sit,
2711 4480 2896 4520 verum
2934 4463 3058 4518 inde
3100 4464 3264 4519 etiam
3304 4475 3503 4517 concu-

251 4559 430 4627 gitici,
458 4559 565 4613 alia
607 4576 715 4616 non
747 4559 911 4618 fuerit
949 4563 1363 4634 Hieronymiani
1412 4566 1614 4621 silentii
1646 4566 1825 4620 ratio?

250 4648 330 4703 De
381 4651 446 4705 iis
493 4653 639 4705 enim
685 4663 893 4707 tantum
941 4656 1300 4724 scriptoribus
1348 4673 1486 4727 quos
1555 4658 1825 4716 Eusebius

251 4744 703 4797 commemoravit
726 4744 1005 4813 disputare
1029 4747 1412 4803 constituerat.
1442 4749 1547 4805 Sed
1581 4750 1630 4803 id
1656 4752 1823 4805 certis

252 4834 533 4889 rationum
594 4834 951 4894 ﬁrmamentis
998 4838 1068 4893 ab
1112 4839 1243 4908 ipsis
1286 4850 1404 4895 erat
1448 4843 1818 4897 muniendum.

248 4928 429 4981 Aliam
456 4928 657 4998 quippe
685 4939 919 4984 menlem
955 4929 1062 4984 sibi
1095 4928 1266 4985 fuisse
1304 4932 1443 4987 idem
1482 4933 1599 5002 ipse
1630 4931 1823 4988 Hiero-

247 5034 446 5088 nymus
473 5029 660 5089 aperte
690 5030 917 5076 testatur
933 5022 999 5085 ",
1028 5023 1155 5078 dum
1178 5025 1368 5095 ingens
1390 5025 1535 5079 inter
1556 5041 1614 5081 se
1641 5036 1699 5081 et
1725 5043 1823 5093 eos

249 5110 342 5177 qui
370 5110 439 5164 de
486 5111 845 5180 scriptoribus
892 5114 1137 5183 profanis
1180 5116 1456 5186 catalogus
1489 5118 1814 5183 ediderunt,

248 5202 544 5255 discrimen
599 5203 941 5259 intercedere
997 5206 1083 5260 his
1134 5208 1316 5262 verbis
1375 5207 1687 5278 signiﬁcat:
1724 5209 1817 5262 Illi

246 5302 444 5347 seteres
489 5294 740 5349 historias
782 5297 1101 5367 annalesque
1145 5298 1483 5364 replicantes,
1527 5312 1814 5368 posuerunt

244 5388 402 5455 quasi
428 5388 494 5440 de
520 5390 713 5457 ingenti
741 5402 893 5459 prato
918 5407 1021 5444 non
1049 5407 1261 5460 paream
1292 5393 1530 5460 apusculi
1563 5396 1646 5448 sui
1671 5410 1815 5448 coro-

246 5493 370 5531 nans
401 5489 597 5533 texere.
629 5479 741 5550 Ego
768 5483 894 5550 quid
924 5492 1137 5537 acturus
1163 5500 1301 5549 sum,
1328 5485 1419 5554 qui
1447 5486 1649 5539 nullum
1679 5502 1816 5553 prir-

242 5573 385 5625 eium
414 5589 653 5640 sequens,
697 5576 997 5643 pessimum,
1034 5588 1087 5631 ut
1120 5580 1334 5641 dicitur,
1362 5580 1668 5646 magistrum
1701 5596 1811 5631 me-

1929 4564 2095 4618 tiatur
2129 4564 2271 4633 quod
2303 4577 2369 4617 ex
2412 4570 2653 4629 tempore
2683 4573 2792 4628 quo
2818 4557 3024 4627 scripta
3053 4555 3141 4610 illa
3172 4569 3273 4625 pro
3297 4554 3503 4625 Diony-

1926 4657 2097 4713 sianis
2157 4655 2346 4709 haberi
2403 4658 2717 4722 cmperunt,
2772 4649 2973 4705 inventi
3037 4649 3148 4703 sint
3204 4646 3500 4704 identidem

1926 4748 2222 4817 scriptores
2267 4746 2431 4815 aliqui
2476 4745 2569 4815 qui
2613 4745 2666 4798 id
2714 4742 2997 4812 praefracte
3043 4747 3399 4811 negaverunt.
3433 4738 3501 4792 Et

1924 4840 2057 4895 illud
2094 4838 2311 4908 quidem
2333 4838 2569 4907 primum
2610 4834 2831 4906 probari
2873 4849 3033 4904 posse
3079 4841 3272 4904 putant
3303 4831 3498 4905 exlly—

1930 4934 2100 5002 patio,
2130 4932 2221 5000 qui
2252 4931 2305 4984 in
2341 4929 2643 4985 Collatione
2685 4925 3285 4997 Constantinopolitana
3325 4923 3496 4979 Seve—

1931 5024 2100 5079 rianis
2129 5023 2363 5090 Operum
2413 5021 2654 5085 Dionysii
2702 5021 3080 5076 auctoritatem
3113 5018 3499 5087 objicientibus

1926 5118 2009 5171 sic
2044 5120 2337 5186 respondet
2390 5136 2401 5170 :
2452 5115 2561 5169 Illa
2604 5116 2905 5169 testimonia
2945 5128 3063 5182 qua:
3110 5129 3197 5166 vos
3254 5111 3495 5181 Dionysii

1926 5210 2252 5279 AreOpogitte
2273 5224 2384 5263 esse
2423 5209 2619 5273 dicitis,
2644 5209 2781 5261 unde
2814 5207 3028 5276 potestis
3059 5206 3332 5259 ostendere
3371 5219 3492 5257 uera

1923 5319 2055 5368 esse,
2084 5302 2221 5356 sicut
2270 5301 2648 5371 suspicamini?
2700 5301 2745 5355 si
2798 5302 2936 5354 enim
2988 5298 3103 5369 ejus
3151 5305 3341 5361 erant,
3385 5311 3487 5347 non

1921 5396 2209 5464 potuissent
2242 5394 2405 5447 latere
2443 5393 2651 5447 beatunt
2701 5391 2984 5463 Cyrillum.
3037 5390 3179 5456 Quid
3228 5396 3401 5442 autem
3426 5386 3491 5440 de

1923 5487 2069 5539 beato
2091 5483 2288 5555 Cyrillo
2317 5485 2437 5540 dico
2456 5486 2481 5538 ?
2506 5484 2715 5555 quando
2746 5484 2926 5539 beatus
2949 5482 3293 5542 Athanasius,
3317 5482 3366 5535 si
3394 5494 3489 5544 pro

1921 5587 2059 5632 certo
2088 5579 2265 5632 scisset
2296 5578 2410 5647 ejus
2440 5577 2603 5646 fuisse
2623 5619 2638 5646 ,
2674 5588 2795 5633 ante
2822 5578 3000 5631 omnia
3024 5577 3078 5630 in
3107 5573 3330 5629 Nicwno
3358 5586 3487 5625 con~

349 5750 373 5782 '
414 5750 750 5817 Quaest.'5de
767 5755 924 5825 Oper.
964 5757 1022 5813 S.
1060 5756 1321 5827 Dionysii.
1398 5756 1462 5831 ,ν
1486 5754 1565 5816 De
1589 5758 1772 5827 script.
1824 5759 2004 5814 eccles.
2033 5757 2243 5830 Prolog.
2320 5758 2340 5789 ⁶
2370 5757 2503 5815 Ibid.
