3916 6234
435 310 504 366 εὖ
1557 313 1611 370 S.
1655 312 2020 370 DIONYSIUS
2056 311 2511 369 AREOPAGITA.
3578 316 3650 372 ῆι

433 430 556 484 riito
586 434 651 485 de
680 431 1116 486 ronsnbstantials’
1169 428 1425 487 Trinitats
1468 431 1647 484 eadem
1699 429 1991 485 testimonia
2021 434 2068 491 Α
2097 438 2377 482 auctorum
2412 428 2635 484 traditio
2665 443 2762 484 nec
2790 438 3043 499 perpetua
3070 440 3175 495 est,
3224 447 3323 489 nec
3352 442 3648 497 constans;

432 517 731 574 protulisset
757 520 1007 575 adversus
1032 520 1147 575 Arii
1176 521 1391 576 diuersa
1412 519 1720 574 substantia
1749 518 1993 588 blasphe-

434 616 590 666 mias.
618 610 680 667 Si
704 622 877 667 autem
902 613 1077 667 nullus
1101 628 1166 666 ea:
1206 613 1436 682 antiquis
1467 612 1774 666 recordatus
1798 619 1876 666 est
1905 626 1991 677 ea,

433 703 572 756 unde
601 719 738 757 nunc
764 706 980 774 potestis
1003 705 1271 760 ostendere
1295 705 1420 775 quia
1447 704 1593 758 illius
1621 704 1745 766 sint,
1794 704 1988 757 nescio.

435 794 510 847 Es
544 793 850 866 bisilypatii
889 798 1091 856 verbis.
1125 796 1524 851 Catholicorum
1562 796 1780 851 nomine
1807 795 1989 863 prola-

434 885 525 943 tis.
561 885 670 941 duo
696 886 1039 954 colliguntur.
1083 886 1321 942 Primum
1354 887 1570 957 quidem
1615 886 1815 941 nullam
1847 886 1990 956 apud

431 981 684 1048 antiquos
713 981 906 1037 borum
935 980 1168 1051 Operam
1209 980 1405 1037 iactam
1433 983 1780 1040 mentionem.
1813 980 1990 1051 Atque

433 1084 501 1123 ex
535 1069 623 1124 Illa
654 1085 787 1126 sane
818 1070 1017 1141 llipatii
1067 1073 1394 1127 auctoritate
1437 1072 1606 1143 priori
1645 1082 1985 1141 argumento,

430 1175 495 1214 ex
535 1160 751 1217 silentio
770 1163 1141 1234 antiquiorum
1165 1164 1369 1230 petito,
1413 1179 1519 1220 non
1565 1178 1754 1235 parum
1782 1165 1992 1219 accedit

434 1252 646 1311 roboris
676 1263 731 1309 et
760 1255 1108 1313 ﬁrmamenti.
1141 1255 1449 1313 Secundum
1482 1274 1631 1321 vero,
1659 1258 1805 1314 viros
1834 1267 1990 1313 sexto

430 1344 628 1400 saculo
672 1346 1029 1414 peritissimos
1091 1348 1144 1403 in
1208 1363 1272 1404 ea
1331 1348 1500 1404 fuisse
1564 1349 1815 1417 opinione
1876 1348 1989 1405 hac

429 1427 607 1495 Opera
635 1431 935 1488 adulterina
972 1450 1118 1501 esse,
1149 1446 1204 1492 et
1228 1436 1363 1491 falso
1388 1435 1629 1509 Dionysii
1651 1438 1989 1509 Areopagita

429 1521 647 1580 nomine
676 1523 959 1594 inscripta.

497 1612 707 1669 Saculo
738 1618 984 1685 sequenti
1026 1618 1177 1674 divus
1207 1619 1505 1685 Maximus,
1553 1623 1853 1680 acerrimus
1893 1640 1985 1680 eo-

429 1706 676 1759 rumdem
707 1702 943 1774 Operutn
992 1707 1269 1776 defensor,
1319 1710 1524 1767 fatetur
1572 1712 1662 1767 illa
1700 1730 1729 1768 a
1763 1716 1986 1783 quibus-

2094 522 2290 590 quippe
2318 535 2460 591 qua,
2491 520 2571 576 uti
2604 522 2969 591 probavimus.
3021 538 3120 594 per
3162 524 3340 594 priora
3371 534 3491 595 post
3521 525 3651 585 Dio-

2093 614 2232 684 nysii
2262 623 2477 669 atatem
2515 613 2738 680 sacula,
2763 616 2907 686 quod
2952 617 3187 687 primum
3214 616 3653 689 pracipuumque

2095 707 2409 776 requiritur,
2438 710 2662 765 omnino
2685 708 2923 765 deﬁciat.
2954 707 3229 775 Secundo,
3260 722 3434 777 neque
3458 709 3652 764 conci-

2093 795 2161 850 lia
2212 811 2391 866 neque
2429 798 2623 853 summi
2672 799 2988 868 pontiﬁces.
3037 796 3146 851 lata
3190 798 3479 866 aliquando
3506 796 3649 868 lege,

2092 888 2206 942 bac
2262 888 2435 957 Opera
2493 903 2809 957 germanum
2863 888 3105 958 Dionysii
3144 887 3484 959 Areopagita
3511 902 3653 958 opus

2092 993 2212 1034 esse
2234 980 2599 1044 sanciverunt,
2645 981 2739 1035 sed
2781 979 2867 1034 illa
2895 994 2959 1034 eo
2984 982 3246 1034 duntaxat
3276 980 3512 1043 nomine,
3541 993 3655 1049 quo

2092 1070 2357 1139 inscripta
2385 1081 2561 1137 erant,
2611 1071 2861 1125 laudasse
2908 1070 3274 1141 perhibentur.
3323 1070 3477 1125 Nulla
3519 1085 3653 1139 ergo

2092 1165 2413 1221 temeritatis
2436 1174 2561 1220 nota
2591 1164 2657 1221 iis
2689 1165 2948 1221 inurenda
2974 1178 3097 1218 esse
3123 1164 3352 1223 videtur.
3388 1165 3503 1233 qui,
3533 1178 3654 1217 om-

2092 1257 2251 1311 nibus
2290 1256 2570 1326 utriusque
2620 1258 2792 1323 partis
2826 1256 3122 1313 rationibus
3154 1270 3307 1324 aqua
3332 1254 3487 1310 lance
3517 1270 3654 1324 pon-

2091 1347 2317 1412 deratis,
2354 1346 2597 1415 opinioni
2634 1346 2710 1401 illi
2744 1361 2903 1415 quam
2935 1345 3352 1414 probabiliorem
3378 1344 3651 1415 iudicant,

2091 1439 2475 1493 adharendum
2506 1452 2629 1494 esse
2660 1439 2998 1493 censuerint.

2158 1530 2329 1587 Porro
2357 1533 2425 1587 ad
2458 1533 2676 1587 decreta
2718 1529 3036 1597 Sorbonica,
3065 1547 3095 1586 a
3131 1532 3287 1587 nobis
3324 1531 3435 1601 jam
3462 1532 3651 1594 citata,

2088 1623 2231 1691 quod
2256 1632 2489 1692 spectat,
2537 1624 2722 1693 negari
2752 1624 2968 1693 quidem
3002 1639 3106 1679 non
3139 1633 3317 1693 potest
3346 1623 3656 1692 posteriore

2092 1714 2348 1768 adversus
2377 1713 2658 1768 Erasmum
2706 1714 2886 1770 edicto
2917 1715 3065 1769 illum
3099 1714 3346 1785 aliosque
3381 1716 3648 1785 perstrin-

426 1796 551 1850 dam
583 1795 903 1867 Apollinari,
934 1799 1002 1855 ab
1034 1799 1155 1855 aliis
1193 1801 1450 1872 Dionysio
1498 1804 1868 1862 Alexandrino
1897 1818 1980 1862 at-

2090 1807 2163 1876 gi,
2187 1806 2301 1873 qui,
2334 1814 2515 1874 spreta
2553 1806 2823 1862 clarorum
2862 1807 3123 1871 virorum,
3166 1807 3216 1861 id
3268 1816 3353 1863 est
3394 1809 3651 1876 antiquo-

424 1886 608 1943 tribui.

493 1981 705 2036 Saculo
750 1996 890 2039 nono
935 1976 1253 2039 Theodorus
1299 1986 1601 2058 presbyter,
1661 2000 1798 2047 teste
1843 1992 1978 2048 Pho-

423 2073 498 2129 tio
524 2073 574 2140 ',
602 2073 799 2130 librum
835 2089 942 2145 quo
988 2076 1176 2133 eadem
1205 2076 1380 2146 Opera
1418 2080 1707 2149 genuinum
1742 2082 1981 2155 Dionysii

423 2166 593 2221 fetum
626 2181 751 2223 esse
773 2170 1052 2237 probaret,
1084 2173 1437 2242 conscripsit.
1470 2173 1576 2228 Sed
1609 2190 1728 2240 cur,
1764 2179 1980 2243 amabo,

422 2257 490 2313 ad
533 2273 598 2314 ea
647 2258 903 2331 Dionysio
943 2265 1237 2321 asserenda
1287 2265 1482 2336 stylum
1538 2269 1830 2332 convertit,
1880 2270 1982 2324 nisi

419 2349 551 2418 quia
583 2350 649 2405 de
680 2352 787 2409 illis
835 2352 976 2411 inter
1024 2356 1266 2412 eruditos
1316 2360 1543 2427 quastio
1596 2370 1715 2415 erat
1755 2372 1811 2417 et
1850 2378 1981 2418 con-

422 2442 728 2497 troversia?
769 2444 896 2513 quid
952 2459 1081 2502 vero
1134 2449 1277 2515 quod
1336 2448 1561 2505 Pbotius
1606 2454 1723 2520 ipse
1764 2467 1830 2508 ex
1879 2456 1983 2511 hoc

419 2532 562 2589 libro
591 2543 825 2603 quatuor
851 2544 1060 2591 tantum
1091 2539 1382 2609 descripsit
1416 2555 1761 2613 argumenta,
1787 2548 1983 2616 quibus

420 2624 765 2693 potissimum
796 2626 882 2681 illa
912 2626 1086 2697 Opera
1121 2630 1380 2703 Dionysio
1412 2636 1692 2705 supposita
1735 2651 1855 2695 esse
1885 2640 1985 2696 de-

422 2714 905 2770 monstrabantur?
945 2715 1073 2772 inde
1116 2721 1265 2775 enim
1312 2722 1529 2791 quidam
1567 2723 1802 2786 inferunt
1835 2727 1981 2787 Pho—

420 2804 556 2859 tiunt
586 2804 761 2874 ipsum
793 2806 968 2863 eidem
998 2810 1281 2866 sententia
1302 2813 1710 2889 subscripsisse.
1744 2822 1812 2878 Et
1834 2834 1981 2881 certe

330 2986 333 2989 Δ
419 2897 746 2955 Possevinus
768 2900 814 2969 ⁸,
854 2902 961 2960 isto
988 2903 1495 2977 Areopagiticomm
1532 2928 1795 2987 assertor,
1826 2918 1893 2977 de
1917 2936 1980 2976 ea

421 2991 598 3050 Photii
632 2995 885 3064 opinione
912 2997 992 3052 sic
1027 3008 1343 3069 pronuntiat
1376 3027 1389 3062 :
1430 3008 1603 3080 Opera
1631 3011 1696 3065 Β.
1741 3012 1980 3084 Dionysii

418 3102 477 3144 ut
508 3092 956 3163 pseu'lepigrapha
984 3092 1227 3153 sidentur
1252 3100 1317 3153 ab
1348 3116 1406 3154 eo
1437 3103 1627 3157 notari.

498 3202 739 3274 Denique
780 3210 978 3265 saculo
1025 3210 1234 3266 decimo
1283 3210 1472 3281 quinto
1507 3222 1563 3267 et
1604 3215 1978 3282 sequentibus,

419 3296 512 3353 ubi
544 3299 660 3360 hac
693 3307 923 3375 quaestio
970 3305 1279 3377 diligentius
1335 3305 1528 3375 agitari
1575 3308 1761 3378 capit,
1805 3309 1981 3365 critici

421 3389 721 3462 doctiores,
748 3398 1089 3465 paucissimis
1133 3406 1341 3453 tantum
1370 3400 1632 3471 exceptis,
1658 3402 1838 3455 omnia
1867 3403 1980 3457 hac

420 3484 597 3557 Opera
634 3488 891 3558 Dionysio
918 3488 1257 3561 Areopagita
1286 3491 1442 3559 plane
1472 3493 1792 3562 penitusque
1827 3495 1982 3565 abju-

416 3578 689 3634 dicarunt.

490 3668 589 3725 His
636 3672 889 3726 omnibus
930 3673 1233 3730 reclamant
1285 3674 1672 3745 Areopagitici,
1724 3675 1981 3745 aiuntque

417 3760 593 3831 Opera
652 3761 895 3835 Dionysii
940 3765 995 3819 in
1049 3765 1348 3821 Collatione
1382 3767 1980 3838 Constantinopolitana

422 3852 588 3935 l‘pisse
621 3854 854 3923 primum
901 3853 1117 3923 quidem
1165 3856 1478 3924 repudiata;
1528 3858 1621 3911 sed
1667 3855 1759 3911 ubi
1790 3855 1981 3911 Patres

419 3959 534 4000 rem
587 3946 971 4001 examinarunt
1015 3946 1304 4014 maturius,
1346 3946 1436 4001 illa
1488 3947 1676 4003 eadem
1723 3956 1979 4017 tauquam

416 4050 547 4092 vera
577 4045 632 4092 et
653 4052 909 4107 germana
954 4036 1087 4091 tanti
1137 4037 1241 4091 viri
1282 4039 1484 4107 scripta
1535 4040 1796 4093 ambabus
1836 4038 1980 4094 ulnis

417 4128 710 4198 amplexati
741 4138 893 4185 sunt.
921 4128 1075 4196 Quod
1122 4130 1188 4183 ad
1231 4139 1458 4185 cateros
1487 4131 1702 4195 attinet,
1736 4132 1771 4186 ii
1809 4141 1977 4196 certe,

417 4221 684 4291 inquiunt,
724 4222 1037 4291 paucissimi
1087 4237 1184 4290 per
1213 4230 1287 4276 tot
1332 4222 1653 4277 saculorum
1697 4224 1977 4278 intervalla

415 4324 742 4379 occurrunt;
797 4329 897 4370 nec
926 4314 1000 4370 illi
1033 4313 1219 4383 procul
1263 4314 1428 4369 dubio
1455 4329 1579 4369 cum
1610 4321 1689 4369 tot
1720 4314 1984 4370 concilio—

419 4414 536 4459 rum
581 4413 640 4459 et
687 4406 947 4460 Sorbona
1000 4405 1268 4471 decretis,
1322 4404 1552 4458 summis
1607 4404 1979 4472 pontiﬁcibus,

2092 1913 2209 1951 rum
2239 1897 2496 1954 Ecclesia
2524 1896 2765 1964 Patrum,
2807 1900 3149 1966 auctoritate,
3194 1901 3375 1954 omnia
3410 1900 3652 1970 Dionysii

2089 1991 2261 2045 nostri
2298 1988 2470 2060 Opera
2498 1993 2789 2047 temerario
2819 2007 2949 2048 sane
2975 2002 3030 2047 et
3062 1992 3386 2062 imprudenti
3431 1993 3649 2046 novita-

2088 2091 2203 2137 tum
2234 2084 2416 2138 studio
2445 2082 2783 2155 Areopagita
2810 2083 2970 2154 plane
3008 2084 3331 2153 penitusque
3371 2082 3653 2152 abjudica-

2085 2178 2239 2233 bant.
2281 2179 2351 2232 At
2389 2178 2570 2246 priore
2615 2186 2803 2232 contra
2843 2176 3139 2231 Lutherum
3182 2177 3422 2243 decreto,
3483 2178 3529 2231 is
3579 2192 3649 2231 ea

2085 2267 2430 2336 potissimum
2463 2267 2529 2322 de
2560 2282 2744 2333 causa,
2787 2277 2843 2323 et
2881 2268 3233 2325 meritissimo
3279 2270 3495 2337 quidem
3525 2268 3651 2337 jure

2088 2361 2506 2426 condemnatur,
2550 2361 2721 2430 quod,
2778 2361 3051 2430 impietate
3091 2362 3525 2430 impudentiaque
3556 2365 3643 2416 in-

2087 2453 2377 2521 tolerabili,
2420 2468 2526 2509 non
2553 2454 2729 2511 solum
2758 2465 3070 2524 usurpatam
3103 2457 3172 2512 ab
3203 2467 3423 2513 auctore
3452 2467 3646 2513 nostro

2085 2559 2151 2600 ex
2183 2544 2265 2601 sui
2294 2545 2552 2617 temporis
2592 2549 2806 2618 Ingenio
2834 2556 2889 2603 et
2930 2562 3081 2603 more
3116 2546 3386 2602 scribendi
3434 2549 3646 2601 metho-

2074 2638 2234 2707 dtnn,
2267 2642 2359 2697 sed
2391 2641 2644 2695 traditam
2679 2653 2895 2709 quoque
2928 2639 2996 2693 ab
3030 2640 3146 2709 ipso
3173 2639 3490 2695 orthodoxa
3517 2638 3647 2694 ﬁdei

2086 2734 2390 2791 doctrinam
2424 2733 2508 2787 vir
2539 2734 2930 2788 audacissimus
2968 2731 3293 2788 conculcare
3318 2741 3375 2788 et
3398 2747 3643 2802 pessum-

2086 2825 2217 2879 dare
2239 2837 2403 2879 ausus
2427 2822 2517 2877 sit.
2541 2821 2666 2877 Hac
2692 2835 2822 2890 ergo
2848 2820 3105 2875 Sorbona
3129 2819 3371 2881 decreta,
3392 2819 3647 2889 inquiunt

2085 2915 2591 2985 Autiareopagitici,
2642 2913 2845 2967 nullam
2902 2912 3164 2967 censoria
3204 2911 3514 2966 severitatis
3545 2924 3647 2964 no-

2088 3018 2194 3063 tam
2225 3008 2291 3062 iis
2330 3007 2578 3069 inurunt,
2601 3007 2717 3074 qui,
2757 3003 2908 3058 salvo
2938 3018 3152 3072 semper
3179 3003 3359 3059 debito
3394 3001 3647 3057 Patribus

2088 3100 2294 3153 honore
2316 3106 2373 3152 et
2403 3096 2729 3160 reverentia,
2777 3108 2875 3149 nec
2920 3102 3146 3158 temere,
3193 3093 3285 3148 sed
3337 3092 3546 3148 ratione
3592 3103 3650 3146 et

2079 3192 2307 3263 judicio,
2337 3205 2437 3246 nec
2467 3190 2574 3245 ullo
2597 3188 2851 3244 novitatis
2878 3186 3081 3251 studio,
3130 3187 3223 3241 sed
3251 3186 3467 3240 sincero
3498 3185 3610 3240 veri
3622 3217 3645 3226 -

2085 3283 2211 3337 tatis
2238 3295 2445 3347 amore,
2472 3282 2538 3336 ab
2579 3279 2801 3349 antiqua
2839 3277 3097 3348 plurium,
3141 3278 3233 3332 sed
3264 3292 3370 3332 non
3402 3277 3648 3332 omnium

2084 3374 2337 3443 Opinione
2368 3372 2644 3428 recedunt.

2659 3484 2882 3542 CAPUT
2924 3484 3054 3540 VIII.

2083 3580 2404 3652 Argumenta
2434 3595 2499 3632 ea:
2534 3580 2660 3648 ipsis
2702 3577 2931 3652 auctoris
2968 3573 3221 3641 Operibus
3243 3575 3518 3652 desumpta
3555 3589 3651 3652 saf-

2150 3648 2483 3720 penduntur;
2537 3666 2600 3703 ac
2649 3650 2879 3717 primum
2945 3654 3255 3716 argumenta
3309 3648 3646 3713 Areopagiti-

2150 3736 2351 3775 corum.

2152 3837 2449 3891 Excussum
2488 3843 2571 3889 est
2617 3834 2882 3888 hactenus
2923 3833 3159 3902 primum
3197 3830 3505 3902 argumenti
3548 3846 3645 3899 ge-

2084 3945 2205 3993 nus,
2232 3943 2337 3998 quo
2390 3928 2626 3998 Dionysii
2673 3926 2849 3996 Opera
2884 3926 2985 3994 ipsi
3036 3925 3268 3981 aliorum
3313 3923 3649 3979 auctoritate

2083 4020 2165 4075 vel
2185 4028 2518 4083 asseruntur,
2537 4019 2617 4074 vel
2640 4018 3013 4086 abjudicantur
3033 4034 3049 4084 ;
3076 4032 3218 4072 nunc
3234 4017 3301 4071 ad
3325 4016 3643 4081 secundum,

2083 4118 2225 4186 quod
2252 4128 2317 4169 ex
2370 4112 2616 4182 ipsismet
2667 4110 2810 4165 illius
2857 4108 3125 4181 Operibus
3169 4110 3387 4179 petitur,
3439 4109 3648 4164 exarui-

2083 4207 2317 4263 nandum
2349 4207 2694 4262 accedamus.
2749 4203 2886 4258 illud
2938 4211 3120 4257 autem
3159 4203 3445 4271 utriusque
3472 4202 3648 4271 partis

2082 4301 2320 4357 fautores
2344 4314 2440 4370 pro
2465 4314 2561 4355 sua
2592 4298 2794 4368 quique
2817 4295 3071 4366 opinione
3100 4294 3336 4349 militare
3370 4294 3643 4348 arbitran-

2086 4403 2193 4447 tur.
2244 4392 2312 4447 Et
2362 4396 2537 4461 primo
2593 4390 2838 4460 quidem,
2893 4388 2937 4442 si
2983 4386 3379 4456 Areopagiticis
3424 4385 3651 4449 credas,

418 4495 670 4552 Patribus
724 4497 959 4566 aliisque
1011 4495 1407 4565 scriptoribus,
1460 4496 1550 4564 qui
1602 4497 1717 4551 hac
1775 4496 1976 4565 scripta

2090 4484 2310 4539 materia
2345 4482 2602 4552 Operum,
2635 4481 2828 4552 stylus,
2878 4479 3100 4544 locutio,
3145 4492 3210 4533 ac
3249 4477 3477 4545 denique
3503 4476 3644 4531 scri-

420 4589 676 4660 Dionysio
728 4589 1042 4655 adjutlicant
1099 4589 1180 4643 vel
1220 4602 1466 4653 numero,
1519 4587 1605 4641 vel
1650 4588 1975 4653 eruditione,

415 4682 851 4737 velauetoritate
885 4680 1259 4750 comparandi,
1313 4681 1482 4734 multo
1529 4680 1707 4734 minus
1752 4689 1977 4749 antepo-

415 4771 576 4829 ne'ndi
604 4771 878 4827 videntur.
936 4770 1088 4837 Quod
1119 4770 1163 4824 si
1214 4778 1267 4825 et
1309 4784 1547 4824 summos
1582 4768 1896 4839 pontiﬁces,
1921 4780 1977 4824 et

416 4864 671 4921 Ecclesia
718 4863 943 4931 Patres,
981 4865 1222 4935 aliosque
1267 4878 1456 4918 omnes
1501 4872 1557 4917 et
1606 4862 1870 4917 cacitatis
1923 4875 1977 4917 et

413 4957 618 5013 erroris
660 4971 894 5027 arguere
938 4959 1161 5020 audeas,
1225 4973 1403 5014 nonne
1447 4966 1671 5027 prastat
1724 4973 1847 5012 cum
1898 4967 1977 5012 tot

415 5049 691 5119 tantisque
721 5049 853 5106 viris
888 5050 941 5105 in
972 5064 1240 5115 errorem,
1276 5051 1322 5105 si
1351 5053 1422 5105 ita
1450 5050 1593 5120 loqui
1633 5051 1716 5106 fas
1746 5059 1852 5115 est,
1893 5050 1976 5105 in-

412 5140 562 5208 duci,
585 5155 750 5212 quam
787 5143 1143 5212 quorumdam
1174 5142 1509 5206 criticorum,
1542 5142 1766 5196 forsitan
1803 5143 1972 5196 auda-

410 5232 647 5300 ciorum,
674 5234 984 5304 opinionem
1011 5235 1224 5292 illorum
1255 5235 1512 5301 praferre
1543 5234 1787 5303 judicio?

481 5324 693 5383 Instant
720 5337 900 5385 tamen
927 5329 1169 5384 adversa
1212 5329 1384 5398 partis
1433 5336 1728 5383 sectatores
1758 5341 1972 5382 omnem

412 5416 571 5490 hujus
596 5420 989 5490 reSponsionis,
1030 5418 1428 5489 quantumlibet
1478 5417 1732 5488 ponderis
1776 5415 1978 5471 habere

411 5512 680 5578 videatur,
734 5514 842 5566 vim
891 5512 1162 5580 roburque
1186 5510 1382 5580 duplici
1429 5523 1497 5564 ex
1538 5522 1708 5565 causa
1755 5509 1976 5563 omnino

411 5603 585 5671 frangi
630 5612 685 5659 et
733 5603 1028 5660 debilitari.
1081 5602 1264 5657 Primo
1298 5602 1513 5672 quidem
1562 5601 1716 5669 .quia
1761 5601 1971 5672 objecta

462 5786 503 5828 -'
532 5783 671 5839 Bibl.
700 5788 821 5841 cod.
852 5801 890 5842 ι.
968 5785 988 5815 ⁸
1018 5784 1276 5855 Apparat.
1306 5798 1476 5849 sacer,
1504 5778 1665 5836 verbo
1696 5775 1937 5831 Photius.

2089 4575 2291 4639 ptiouis
2327 4583 2557 4643 tempus,
2588 4588 2696 4628 non
2726 4571 2890 4627 alium
2918 4582 3104 4623 eorum
3137 4582 3299 4637 quam
3328 4567 3641 4636 Dionysium

2084 4668 2463 4737 AreOpagitam
2520 4674 2799 4735 parentem
2866 4674 2987 4716 esse
3049 4662 3304 4729 produnt.
3389 4657 3645 4712 Materies

2085 4772 2317 4828 namque
2341 4773 2434 4813 seu
2459 4764 2839 4826 argumentum
2889 4749 3327 4807 lucubrationum
3360 4750 3503 4805 Deus
3533 4759 3651 4812 est,

2084 4852 2343 4913 Trinitas,
2389 4846 2585 4919 angeli,
2625 4845 2891 4908 Ecclesia,
2940 4842 3198 4899 Ecclesia
3251 4841 3514 4905 ministri,
3547 4856 3640 4895 sa-

2083 4952 2390 5009 cramenta;
2417 4956 2537 5008 qua
2567 4939 2816 4995 subtilem
2841 4936 3239 5007 philosophum,
3273 4948 3639 5002 magnumque

2081 5039 2384 5108 theologum
2422 5039 2475 5092 in
2529 5030 2914 5090 sublimissimo
2962 5039 3281 5100 argumento
3329 5036 3637 5082 versantem

2080 5139 2313 5201 arguunt
2365 5138 2420 5185 et
2446 5128 2709 5184 indicant.
2763 5124 2948 5195 Stylus
2982 5132 3161 5177 autem
3205 5130 3259 5175 et
3308 5119 3510 5175 locutio
3538 5118 3637 5173 viri

2079 5237 2163 5281 ρει
2188 5227 2238 5279 in
2274 5223 2436 5279 rebus
2469 5220 2667 5276 divinis
2692 5227 2748 5274 et
2772 5217 2943 5274 sacris
2981 5215 3310 5272 meditandis
3329 5212 3634 5276 exercitati,

2079 5317 2171 5386 qui
2204 5331 2363 5371 voces
2386 5329 2553 5369 novas
2577 5328 2641 5366 ac
2670 5310 2969 5379 singulares
3007 5308 3073 5362 ad
3104 5323 3311 5373 rerum,
3342 5304 3637 5374 cateroqui

2080 5406 2564 5478 inexplicabilium,
2593 5401 3063 5457 adumbrationem
3094 5399 3298 5469 ﬁngere
3337 5406 3393 5452 et
3420 5410 3640 5465 compo—

2080 5515 2209 5556 nere
2229 5508 2452 5555 coactus
2481 5507 2586 5553 est.
2636 5495 2876 5565 Tempus
2905 5493 3138 5563 denique
3168 5490 3481 5560 scriptionis
3532 5506 3640 5545 au-

2085 5604 2285 5648 ctorem
2310 5585 2557 5662 apostolis
2579 5585 2706 5658 ipsis
2736 5599 3033 5656 eorumque
3074 5581 3351 5653 discipulis
3395 5593 3637 5636 coavum
