3916 6234
209 307 282 364 εδ
1523 300 2061 360 PROLEGOMENA.
3404 309 3475 366 sc

213 431 405 493 aperte
457 421 819 475 demonstrat.
879 420 1093 475 Etenim
1145 420 1237 475 ille
1292 434 1352 475 se
1380 420 1534 486 solis,
1579 420 1797 475 Christo
1828 426 1871 481 Α
1907 420 1954 476 l.
1981 420 2182 475 Omnes
2211 430 2335 474 ante
2357 418 2647 474 Baronium
2671 419 2987 488 scriptores,
3009 435 3130 474 cum
3152 420 3326 477 Graeci
3359 432 3471 478 tum

212 517 482 585 patiente,
528 515 894 571 defectionem
940 516 1165 580 vidisse,
1212 530 1278 571 ac
1313 525 1499 585 postea
1549 513 1700 569 Pauli
1739 524 1796 569 et

213 609 497 665 llierothei
524 608 824 678 disciplina:
858 609 1141 676 traditum,
1170 608 1367 664 deinde
1395 622 1520 663 cum
1565 615 1793 677 aposto-

212 707 279 760 lis
305 720 483 761 sacra:
516 704 755 775 Virginis
795 703 979 760 Marite
1003 705 1282 775 exsequiis
1310 714 1366 760 et
1410 702 1588 758 funeri
1619 703 1794 757 inter-

211 800 404 863 fuisse,
435 812 501 853 ac
524 798 744 854 tandem
774 797 843 852 ad
868 796 1134 854 Joannem
1173 797 1478 868 apostolum
1510 797 1564 853 in
1614 793 1792 850 insula

212 891 479 945 Patbmos
507 888 847 946 exsulantem
875 889 1088 945 litteras
1121 890 1335 946 dedisse
1358 890 1667 960 profitetur.
1695 889 1793 942 At-

209 982 298 1050 qtti
340 984 463 1038 haec
494 985 677 1038 omnia
732 997 913 1053 neque
954 982 1214 1054 Dionysio
1259 983 1584 1046 Corinthio,
1618 996 1792 1051 neque

208 1073 472 1144 Dionysio
495 1073 867 1129 Alexandrino
886 1115 901 1139 ,
934 1088 1111 1143 neque
1139 1074 1229 1130 ulli
1252 1074 1344 1128 alii
1383 1073 1660 1144 Dionysio,
1684 1072 1789 1127 nisi

206 1165 557 1235 Areopagitas
592 1165 944 1222 conveniunt.
978 1166 1070 1221 ille
1099 1182 1233 1238 ergo
1256 1165 1403 1221 solus
1429 1166 1621 1221 horum
1649 1165 1790 1235 Ope-

208 1270 351 1318 rum,
408 1270 534 1325 quae
578 1271 775 1312 nomen
826 1257 945 1327 ejus
994 1257 1048 1311 in
1101 1256 1492 1325 manuscriptis
1533 1257 1790 1311 omnibus

206 1360 329 1400 cum
362 1344 597 1411 Graecis,
630 1358 743 1401 tum
774 1347 984 1403 Latinis
1015 1348 1295 1419 praefixum
1326 1362 1547 1417 semper
1578 1347 1785 1402 habue-

206 1446 354 1502 runt,
384 1453 588 1508 parens
616 1448 674 1494 et
712 1450 902 1495 auctor
930 1440 1195 1497 dicendus
1218 1449 1320 1496 est.
1362 1440 1426 1495 Et
1455 1448 1604 1497 certe
1634 1438 1788 1494 nefas

200 1546 325 1585 esse
360 1532 587 1585 videtur
623 1531 789 1586 istum
829 1540 1106 1588 auctorem
1138 1534 1192 1587 in
1231 1531 1518 1589 fmdissimi
1563 1534 1785 1588 menda-

197 1621 296 1689 cii,
326 1621 563 1679 fallaciae
604 1633 657 1678 et
687 1624 965 1694 sacrilega:
1009 1624 1386 1681 simulationis
1413 1626 1782 1696 suspicionem

198 1726 434 1780 vocare,
482 1714 701 1783 quando
754 1716 970 1784 quidem
1013 1716 1213 1785 scripta
1271 1716 1390 1786 ejus
1444 1731 1548 1771 non
1612 1717 1783 1772 solum

198 1806 401 1875 ubique
452 1804 797 1860 sanctitatem
839 1805 1070 1874 spirant,
1126 1806 1220 1861 sed
1257 1821 1322 1861 ea
1368 1808 1531 1863 etiam
1578 1823 1699 1863 cum
1734 1808 1787 1861 itt

199 1898 596 1953 tuonaSIerium
626 1907 681 1957 et
708 1899 898 1953 urbem
944 1898 1064 1967 ejus
1117 1898 1337 1954 nomine
1366 1913 1530 1970 prope
1551 1898 1791 1955 Parisios

196 1990 363 2056 dit-ta,
408 2002 854 2062 asportarentur,
894 1995 1062 2050 variis
1115 1997 1529 2053 infirmitatibus
1568 1998 1621 2053 in
1656 1997 1789 2053 tanti

194 2084 295 2137 viri
326 2085 595 2141 honorem
636 2088 934 2157 applicata,
988 2088 1171 2145 multis
1208 2090 1469 2146 divinitus
1507 2091 1788 2147 honestata

192 2179 317 2224 sunt
349 2174 656 2230 miraculis.

260 2265 365 2332 Qui
394 2281 529 2321 vero
567 2282 634 2322 ex
672 2269 902 2325 adversa
951 2280 1099 2327 stant
1125 2280 1311 2342 parte,
1364 2272 1417 2327 hi
1462 2274 1789 2344 respondent

194 2360 478 2415 materiam
507 2363 691 2432 operis
728 2363 798 2417 ab
834 2362 941 2419 alio
968 2378 1123 2434 :Pque
1160 2378 1224 2418 ac
1250 2364 1509 2436 Dionysio
1543 2366 1787 2435 Areopa-

194 2451 299 2520 gita
333 2455 566 2509 tractari
617 2455 879 2526 potuisse,
921 2456 1121 2527 stylum
1174 2465 1353 2510 autem
1384 2466 1437 2512 et
1459 2456 1784 2513 locutionem

196 2546 443 2617 Dionysii
514 2546 861 2619 Areopagitae
914 2548 999 2603 bis
1058 2550 1113 2604 itt
1182 2548 1402 2618 scriptis
1457 2550 1784 2620 deprehendi

194 2639 349 2705 plane
371 2640 699 2710 penitusque
741 2640 1071 2695 inﬁciantur.
1110 2641 1372 2698 Fatentur
1415 2641 1633 2713 quidem
1678 2656 1783 2695 au-

192 2744 403 2787 ctorem
439 2733 697 2787 nonnulla
741 2735 807 2787 iis
849 2734 1145 2790 inseruisse
1178 2736 1376 2804 quibus
1429 2751 1488 2791 se
1512 2736 1789 2806 apostolo-

193 2838 308 2877 rum
337 2824 676 2893 temporibus
706 2824 931 2890 vixisse,
973 2834 1027 2881 et
1062 2825 1216 2881 Pauli
1255 2826 1577 2897 discipulum
1616 2826 1786 2883 fuisse

194 2915 427 2970 incautis
455 2916 879 2986 simplicioribus
909 2919 1292 2987 persuaderet;
1328 2919 1421 2975 sed
1449 2921 1784 2977 contendunt

193 3007 341 3074 plura
370 3007 428 3061 in
463 3008 659 3062 iistlem
692 3008 964 3079 Operibus
999 3011 1368 3079 imprudenter
1406 3013 1475 3067 ab
1518 3026 1584 3068 eo
1633 3013 1783 3082 adje-

1898 513 2097 581 Latini,
2141 513 2193 568 in
2228 528 2291 569 ea
2330 514 2548 568 fuerunt
2578 512 2872 567 sententia.
2935 512 2992 566 9..
3045 513 3253 567 Auctor
3290 523 3473 569 noster

1900 609 2067 663 tradit
2087 608 2429 663 TimOthettm
2454 609 2752 679 episcopali
2775 609 3041 680 dignitate
3064 609 3469 680 inauguratum,

1896 710 2059 771 atque
2088 701 2157 756 ab
2185 716 2251 756 eo
2278 700 2455 770 Opera
2486 716 2582 757 sua
2608 701 2722 755 vult
2762 702 3065 756 examinari
3106 709 3162 755 et
3196 700 3463 770 castigari.

1896 794 1949 848 '5.
1998 794 2143 849 Idem
2186 796 2300 865 ipse
2354 802 2543 849 auctor
2582 794 2637 848 in
2686 794 2909 862 epistola
2960 795 3028 848 ad
3055 794 3261 859 Titum,
3305 808 3467 864 quem

1893 885 2160 941 Baronius
2206 884 2405 954 aliique
2443 885 2804 954 Areopagitici
2842 884 3165 953 discipulum
3196 893 3251 938 et
3300 885 3471 938 comi-

1898 988 2002 1033 tem
2061 977 2210 1033 Pauli
2266 978 2435 1033 fuisse
2497 977 2847 1043 concedunt,
2908 976 3154 1045 ejusdem
3199 977 3468 1034 Timothei

1892 1070 2163 1126 meminit.
2229 1070 2284 1125 4.
2340 1070 2396 1125 ln
2446 1071 2702 1127 omnibus
2755 1071 3139 1140 manuscriptis
3194 1072 3472 1127 codicibus

1893 1160 2211 1217 Timotheus
2254 1162 2343 1217 ille
2386 1163 2714 1231 Ephesittum
2746 1162 3115 1231 episcopatum
3138 1200 3155 1226 ,
3186 1163 3272 1216 cui
3306 1162 3471 1216 disci-

1893 1251 2049 1321 pulus
2093 1250 2242 1305 Pauli
2285 1250 2521 1321 praefuit,
2563 1251 2802 1306 tenuisse
2858 1261 3219 1307 memoratur.
3275 1251 3332 1307 5.
3358 1252 3465 1308 De»

1892 1345 2054 1412 nique
2081 1353 2273 1399 auctor
2300 1352 2501 1410 noster,
2551 1345 2628 1397 uti
2680 1344 2948 1408 diximus,
3000 1358 3059 1398 se
3096 1343 3471 1413 apostolorum

1888 1436 2237 1505 ejusdemque
2297 1436 2523 1504 proinde
2568 1434 2837 1491 Timothei
2892 1436 3223 1505 temporibus
3264 1436 3472 1490 vixisse

1882 1525 2117 1594 jactitat.
2154 1525 2250 1581 His
2279 1536 2456 1582 autem
2488 1529 2790 1583 rationibus
2829 1538 2886 1583 et
2910 1527 3036 1582 illud
3059 1542 3275 1597 quoque
3306 1527 3466 1582 refel-

1890 1619 2041 1685 litur,
2086 1623 2231 1689 quod
2275 1629 2397 1689 post
2437 1620 2857 1690 pseudo-Dextri
2912 1619 3217 1675 Chronicon
3265 1635 3472 1690 propu-

1888 1721 2018 1785 gnat
2064 1712 2343 1780 Bivarius,
2388 1712 2533 1769 hunc
2569 1713 2917 1768 Timotheum
2969 1729 3076 1767 non
3140 1713 3302 1766 alium
3347 1726 3469 1766 esse

1892 1823 2055 1877 quam
2102 1806 2402 1878 Eugenium
2452 1807 2806 1873 Toletanum,
2859 1807 2946 1861 cui
2995 1815 3216 1876 propter
3268 1807 3464 1875 ingenii

1890 1898 2272 1955 excellentiam
2298 1914 2492 1954 nomen
2522 1899 2793 1973 Timothei
2827 1899 3138 1967 impositum
3166 1910 3272 1955 est.

1963 1993 2069 2049 Sed
2124 1995 2318 2049 horum
2364 1994 2603 2050 vicissim
2647 1993 3148 2064 Areopagiticorum
3193 2006 3466 2050 momenta

1891 2084 2016 2139 inde
2055 2085 2200 2140 haud
2222 2084 2491 2140 diﬂicilius
2533 2094 2873 2149 evertuntur,
2917 2087 3063 2155 quod
3118 2085 3463 2155 Evangelinm

1887 2188 1943 2233 et
1998 2180 2379 2250 Apocalypsim
2440 2181 2667 2237 Joannis
2729 2182 3000 2252 apostoli,
3056 2189 3217 2251 atque
3271 2181 3465 2250 lgnatii

1888 2270 2197 2338 epistolam,
2228 2286 2348 2341 qua:
2378 2280 2501 2341 post
2548 2271 2820 2326 Timothei
2871 2282 3098 2327 mortem
3148 2270 3293 2327 edita
3319 2279 3466 2334 sunt,

1891 2363 1943 2416 in
1976 2364 2218 2417 auctoris
2248 2365 2420 2418 nostri
2463 2363 2705 2434 scriptis,
2744 2372 2802 2417 ut
2848 2362 2987 2417 infra
3019 2364 3285 2428 dicemus,
3317 2361 3467 2416 clare

1890 2454 2325 2524 nominatimque
2374 2456 2636 2511 citentur.
2671 2456 2964 2511 Enimvero
3014 2455 3129 2510 sola
3171 2454 3467 2525 lgnatianaa

1891 2548 2143 2617 epistolae
2174 2552 2364 2615 verba,
2394 2563 2517 2619 quae
2548 2549 2616 2605 ab
2648 2565 2712 2605 eo
2739 2565 2868 2605 vere
2896 2550 3247 2618 transcripta.
3282 2563 3383 2603 nec
3409 2548 3462 2601 in

1890 2649 2096 2696 textum
2121 2642 2239 2712 ejus
2267 2643 2476 2698 intrusa
2509 2658 2629 2697 esse
2655 2641 3172 2708 demonstrabimus,
3204 2642 3253 2696 id
3278 2653 3465 2711 aperte

1885 2738 2161 2795 evincunt.

1957 2830 2125 2887 Addit
2159 2829 2427 2887 Baronius
2470 2833 2613 2902 quod
2662 2832 2981 2887 Timotheus
3019 2831 3109 2886 ille
3140 2832 3212 2884 ab
3240 2840 3463 2885 auctore

1888 2935 2080 2979 nostro
2118 2939 2261 2995 saepe
2290 2930 2446 2993 παῖς,
2492 2942 2640 2995 puer,
2684 2934 2934 2979 vocatur.
2978 2925 3051 2979 At
3088 2924 3456 2989 Timotheum,

1883 3014 2039 3070 Pauli
2089 3017 2437 3087 discipulum,
2482 3034 2511 3072 a
2554 3018 2810 3087 Dionysio
2854 3017 3202 3088 Are0pagita,
3252 3030 3317 3077 eo
3363 3030 3460 3071 no-

192 3108 298 3164 cta,
331 3100 535 3168 quibus
558 3114 622 3153 ea
666 3099 826 3168 longe
845 3110 971 3170 post
1014 3103 1386 3171 apostolorum
1433 3112 1490 3158 et
1538 3104 1773 3178 Dionysii
1803 3116 1845 3174 ο
1882 3112 2028 3165 mine
2066 3111 2449 3180 compellatum
2480 3128 2600 3169 esse
2632 3114 2763 3167 nulli
2794 3112 3092 3167 verisimile
3136 3112 3454 3165 videbitur:

190 3191 537 3260 Areopagitae
565 3199 783 3248 aetatem
813 3192 1079 3261 prodiisse
1102 3193 1304 3250 invicte
1342 3197 1768 3254 demonstratur.

195 3281 381 3338 Utrum
432 3295 615 3338 autem
655 3284 746 3349 id,
796 3285 873 3339 uti
920 3286 1236 3355 epinantur,
1285 3291 1450 3344 certis
1498 3292 1772 3347 rationum

192 3377 483 3431 momentis
539 3377 773 3446 probare
818 3378 1053 3449 possint,
1102 3395 1133 3434 a
1188 3381 1343 3439 nobis
1391 3392 1475 3438 est
1520 3393 1774 3440 accurate

189 3469 622 3538 ponderandum.

796 3586 1023 3646 CAPUT
1062 3588 1154 3644 IX.

187 3676 513 3753 Argumenta
582 3679 1188 3753 Antiareopagiticorum
1245 3685 1653 3753 examinantur;
1722 3698 1772 3742 et

252 3750 489 3826 primum
515 3751 749 3819 quidem,
773 3754 894 3805 inde
910 3750 1131 3807 ductum
1160 3755 1297 3826 quod
1339 3754 1461 3809 libri
1498 3750 1771 3814 Timotheo

254 3820 643 3874 inscribuntur.

250 3931 499 3987 Primum
518 3933 1131 4005 Antiareopagiticorum
1167 3950 1521 4008 momentum,
1556 3958 1621 3996 ex
1654 3942 1767 4013 ipsa

184 4022 473 4092 librorum,
513 4027 603 4094 qui
650 4025 937 4083 Timotheo
984 4041 1381 4099 nuncupantur,
1417 4032 1769 4104 inscriptione

184 4116 421 4171 ducitur.
453 4118 665 4173 Auctor
694 4134 841 4174 enim
869 4128 1055 4176 noster
1078 4122 1131 4176 in
1162 4122 1303 4178 libro
1345 4125 1420 4179 De
1447 4128 1642 4182 divinis
1670 4146 1765 4182 no-

183 4211 412 4265 minibus
440 4212 728 4281 epistolam
770 4214 960 4285 lgnatii
1016 4216 1336 4273 Antiocheui
1382 4221 1650 4291 episcOpi,
1690 4224 1767 4276 uti

184 4305 318 4359 infra
347 4304 592 4371 dicetur,
634 4315 689 4360 et
732 4305 990 4376 laudavit,
1027 4317 1081 4362 et
1114 4309 1386 4379 ipsissima
1430 4312 1575 4367 illius
1600 4316 1764 4369 verba

183 4397 387 4453 retulit.
417 4397 582 4468 Ergo,
610 4397 881 4466 inquiunt,
906 4399 995 4455 hic
1020 4399 1159 4455 liber
1179 4400 1489 4469 Timotheo,
1512 4405 1604 4474 qui
1637 4407 1763 4460 dum

1880 3200 1936 3253 Ν
1940 3217 2025 3255 am
2052 3203 2341 3273 episwpus,
2364 3205 2539 3275 inquit
2564 3204 2829 3261 Baronius
2846 3206 2886 3270 ’,
2909 3205 3268 3273 coepiscopum
3288 3204 3457 3255 nomi-

1879 3309 2005 3347 nare
2030 3297 2360 3351 consuevisse
2393 3298 2627 3367 fratrem.
2676 3313 2779 3350 non
2816 3297 3008 3365 ﬁlium,
3039 3296 3181 3348 mille
3207 3293 3457 3360 exemplis

1876 3395 2008 3438 esset
2039 3384 2197 3454 facile
2228 3392 2605 3441 demonstrare.
2633 3387 2802 3455 Hujus
2836 3386 3138 3456 argumenti
3168 3382 3454 3438 diﬂiculta-

1879 3491 1963 3534 tes
2007 3488 2066 3533 ut
2108 3478 2322 3534 solvant
2376 3479 2463 3533 alii
2493 3478 2881 3548 Areopagitici,
2920 3480 3102 3531 varias
3139 3487 3452 3546 congerunt

1878 3570 2290 3640 responsiones.
2324 3570 2390 3623 Et
2414 3571 2588 3641 primo
2632 3570 2851 3639 quidem
2888 3570 3074 3624 dicunt
3104 3569 3452 3624 Timotheum

1878 3662 1956 3715 sic
1999 3661 2201 3728 vocari,
2243 3662 2367 3730 quia
2394 3662 2482 3716 ille
2519 3661 2586 3716 ad
2617 3676 2777 3731 quem
2807 3661 3033 3729 Paulus,
3071 3661 3244 3715 Nerva
3280 3661 3451 3731 impe-

1876 3764 2053 3820 rante,
2083 3755 2195 3808 haec
2226 3755 2447 3824 scripsit
2495 3755 2549 3808 in
2586 3755 2794 3809 verba:
2832 3754 3001 3809 Nemo
3046 3756 3452 3809 adolescentiam

1873 3858 2019 3900 tuam
2053 3857 2348 3901 contemnat
2381 3849 2447 3913 πθ,
2481 3849 2739 3918 Dionysio
2768 3849 3091 3919 Areopagita
3116 3847 3301 3917 junior
3327 3862 3454 3902 esse

1874 3940 2109 3994 videtur.
2142 3940 2195 3995 2.
2248 3940 2565 3996 Timotheus
2619 3942 2671 3995 in
2724 3940 3063 4010 philosophia
3102 3949 3157 3995 et
3203 3940 3449 3995 saeculari

1873 4032 2156 4102 disciplina
2204 4033 2357 4101 cujus
2393 4035 2579 4089 rudior
2610 4044 2764 4102 erat,
2800 4044 2962 4104 atque
2990 4036 3156 4089 etiam
3186 4033 3240 4088 in
3278 4033 3450 4087 subli-

1874 4123 2046 4178 miore
2078 4126 2343 4196 theologia
2374 4126 2691 4197 Dionysium
2748 4128 2983 4182 habebat
3021 4141 3117 4198 pro
3166 4126 3447 4203 magistro,

1870 4227 1924 4271 et
1953 4215 2101 4270 illum
2149 4217 2346 4271 absens
2398 4233 2493 4288 per
2532 4219 2747 4274 litteras
2796 4219 3132 4274 consulebat.
3192 4216 3247 4271 ‘5.
3309 4219 3445 4274 Cum

1872 4308 2196 4363 Timotheus
2224 4310 2359 4364 satis
2392 4321 2540 4366 esset
2586 4321 2781 4365 natura
2831 4311 3053 4365 timidus
3082 4320 3137 4365 et
3168 4308 3448 4380 pusillani-

1874 4405 1998 4470 mis,
2034 4422 2139 4460 non
2170 4416 2378 4460 tantum
2418 4407 2641 4462 doctore
2664 4408 2929 4468 scientire,
2964 4408 3057 4460 sed
3081 4405 3243 4460 etiam
3275 4405 3448 4458 virtu-

180 4506 239 4542 ea
266 4490 463 4561 lgnatii
511 4490 744 4560 epistola
789 4491 914 4547 data
947 4502 1054 4560 est,
1082 4493 1195 4565 jam
1244 4506 1472 4551 mortem
1527 4473 1760 4565 obierat,
1798 4473 1841 4527 θ
1874 4501 1942 4554 tis
1970 4509 2025 4554 et
2054 4501 2378 4553 constantia:
2408 4499 2687 4568 indigebat
2712 4499 2995 4568 magistro.

182 4600 284 4639 non
314 4585 493 4653 potuit
525 4585 774 4640 inscribi.

245 4678 349 4733 llic
382 4695 491 4735 non
518 4679 757 4735 minima:
782 4680 1117 4735 diliicttltatis
1145 4682 1322 4737 nodus
1350 4683 1761 4756 Areopagiticos

142 4758 147 4765 ’
180 4771 471 4840 plurimum
503 4772 686 4839 torsit,
722 4783 890 4843 atque
919 4783 977 4828 ut
1017 4758 1192 4829 ab‘co
1232 4791 1291 4831 se
1323 4779 1631 4847 expediant,
1667 4797 1761 4835 va-

181 4865 285 4919 rias
312 4880 376 4922 se
408 4875 631 4922 vertunt
667 4867 722 4922 in
753 4878 956 4939 partes.
1002 4867 1254 4923 Nonnulli
1298 4871 1442 4925 enim
1489 4887 1612 4927 cum
1658 4872 1760 4926 Ba-

179 4959 331 5014 ronio
366 4960 580 5029 opinati
618 4970 744 5016 sunt
785 4962 931 5019 hunc
957 4962 1302 5021 Timotheum
1347 4979 1451 5019 non
1478 4981 1599 5020 eum
1640 4983 1763 5023 esse

176 5053 263 5121 qui
295 5050 451 5106 Pauli
481 5051 776 5122 discipulus
802 5053 925 5120 fuit,
959 5056 1053 5110 sed
1079 5056 1246 5111 alium
1268 5058 1555 5127 quemdam
1579 5059 1762 5129 junio-

177 5158 289 5198 rem
318 5184 334 5209 ,
382 5142 654 5199 Pudentis
703 5150 969 5203 senatoris
1017 5149 1221 5216 filium,
1272 5150 1428 5220 cujus
1470 5167 1666 5208 nomen
1702 5154 1755 5207 in

175 5234 487 5291 Romanum
538 5238 1009 5312 Martyrologium,
1042 5254 1096 5299 et
1139 5245 1192 5299 in
1226 5244 1328 5301 SS.
1368 5243 1653 5314 Perpetuae
1702 5252 1760 5300 et

177 5327 483 5385 Felicitatis
534 5331 671 5385 Acta
727 5332 981 5391 refertur.
1029 5335 1132 5390 Alii
1175 5349 1206 5390 e
1256 5337 1533 5391 contrario
1577 5334 1763 5389 Timo-

179 5422 361 5475 theum
387 5422 540 5477 illum
564 5439 751 5479 verum
778 5426 924 5481 Pauli
948 5429 1267 5500 discipulum
1293 5430 1465 5486 fuisse
1485 5440 1758 5497 asserunt,

178 5524 226 5567 et
281 5513 506 5570 Barouii
546 5518 862 5586 opinionem
915 5520 1000 5575 his
1052 5522 1377 5591 impugnant
1433 5524 1758 5579 rationibus.

187 5696 611 5837 7".Athaninum
670 5697 849 5770 109,5
885 5700 971 5756 56.

1054 5702 1094 5731 ¹⁰
1128 5700 1145 5755 l
1178 5701 1319 5757 Tim.
1351 5719 1410 5757 tt.

1490 5703 1528 5735 “
1562 5704 1681 5759 Lib.
1712 5703 1785 5759 De
1816 5706 1929 5758 cael.
1962 5706 2158 5763 hierar.
2192 5722 2310 5777 cap.
2344 5706 2396 5761 9.

1944 4592 2137 4647 Verum
2163 4608 2272 4661 quo
2304 4607 2541 4661 unquam
2573 4592 2822 4660 exemplo
2862 4591 3182 4660 probabitur
3226 4591 3443 4659 episco-

1864 4698 1990 4753 pum
2028 4682 2096 4737 ab
2122 4684 2228 4738 alio
2253 4684 2509 4751 episcopo
2534 4683 2653 4736 ideo
2681 4698 2908 4750 puerum
2939 4685 3146 4749 vocari,
3180 4684 3323 4753 quod
3352 4683 3442 4737 ille

1867 4776 1920 4829 in
1952 4774 2289 4846 philosophia
2340 4784 2395 4827 et
2443 4774 2694 4828 saeculari
2760 4773 3051 4844 disciplina
3103 4775 3173 4828 sit
3230 4775 3438 4829 rudior.

1868 4867 2070 4921 Deinde
2100 4883 2207 4937 quo
2240 4868 2424 4922 itidem
2476 4879 2799 4936 argumento
2848 4868 3197 4936 persuadebis
3250 4867 3441 4922 Timo-

1867 4961 2051 5015 theum
2100 4961 2152 5015 itt
2186 4964 2251 5017 iis
2276 4963 2521 5017 scientiis
2549 4963 2715 5016 fuisse
2744 4961 3000 5031 Dionysio
3050 4962 3350 5024 rudiorcm,
3377 4978 3440 5015 ac

1865 5068 1987 5106 eum
2017 5053 2068 5106 in
2116 5053 2437 5108 sublimiore
2484 5052 2753 5120 theologia
2801 5050 3056 5104 habuisse
3115 5064 3213 5118 pro
3262 5048 3433 5117 magi-

1864 5158 1979 5204 stro
2005 5147 2028 5201 ἲ
2057 5148 2215 5203 Certe
2250 5147 2539 5217 Dionysius
2581 5144 2726 5197 illum
2781 5153 2930 5197 tanta
2967 5142 3274 5196 eruditione
3293 5155 3441 5209 praeo-

1867 5241 2036 5295 ditntn
2066 5243 2308 5311 agnovit,
2335 5250 2396 5295 ut
2434 5241 2786 5311 perfectiores
2825 5238 2943 5307 ejus
2977 5236 3318 5301 cognitiones
3345 5248 3435 5288 se-

1868 5350 1993 5388 cum
2039 5338 2452 5402 conttnunicari,
2484 5347 2539 5392 et
2580 5336 2780 5405 scripta
2834 5348 2931 5387 sua
2963 5332 3030 5384 ah
3063 5347 3127 5385 eo
3158 5328 3435 5384 emendari

1867 5428 2151 5482 voluerit:
2208 5430 2355 5483 [liud
2407 5446 2632 5500 quoque,
2706 5426 2985 5497 inquiebat
3048 5424 3433 5494 Dionysius“,

1863 5523 2146 5592 pontiﬁcio:
2177 5534 2281 5577 tum
2295 5524 2523 5578 scicntia:
2551 5524 3090 5577 commemorabimus.
3118 5519 3183 5573 Et
3207 5518 3335 5571 alibi
3356 5516 3431 5571 ":

2498 5707 2539 5738 ¹¹
2586 5707 2705 5763 Lib.
2744 5706 2816 5762 De
2859 5705 3038 5760 cccles.
3074 5703 3274 5757 hierar.
3305 5720 3428 5775 cap.
