3916 6234
478 323 548 378 27
1647 330 1704 386 S.
1756 328 2139 386 DIONYSIUS.
2161 327 2618 385 ABEOPAGITA.
3651 336 3729 392 28

483 440 826 498 Communs'ca
852 430 1016 515 igitur
1054 456 1103 500 et
1132 452 1190 501 tu
1223 446 1351 501 mihi
1406 448 1764 517 perfectiorem
1821 449 2058 502 illustra-
2091 458 2135 511 Α
2166 462 2403 517 pueros:
2442 446 2624 510 Pueri,
2685 446 2919 515 nunquid
2968 446 3373 513 pulmentarium
3399 448 3598 503 habetis
3631 452 3673 485 ι’
3704 454 3732 503 Y

484 537 701 602 tionem,
751 551 901 602 etc.;
937 549 1101 609 alque
1150 540 1257 593 alio
1300 543 1351 595 in
1383 542 1519 596 libro
1542 541 1585 572 ¹³
1620 585 1630 595 .
1659 539 1778 594 Erit
1814 543 2061 595 nimiani-

484 630 608 682 tatis
632 640 738 683 tua:
775 632 1038 701 corrigere
1073 648 1176 686 non
1218 643 1400 699 sponte
1424 635 1771 703 ignorantem,
1805 636 2060 689 rationes-

482 739 583 792 que
608 738 885 792 suggerere
907 725 1109 779 discere
1138 728 1387 793 cupienti.

559 813 776 869 Scimus
798 817 1014 885 quidem
1038 819 1348 888 Dionysium
1376 834 1405 872 a
1437 818 1727 875 Timotheo
1756 821 1823 876 de
1848 837 1905 877 re
1932 836 2059 891 qua-

485 901 612 957 dam
688 906 989 976 theologica
1060 908 1227 962 fuisse
1285 908 1576 978 aliquando
1640 912 2055 981 interrogatum,

486 1004 548 1046 nt
600 994 743 1049 hunc
789 997 840 1050 in
877 1000 1093 1052 modum
1149 1000 1238 1053 ille
1294 1009 1525 1055 testatus
1556 1011 1641 1055 est
1674 1003 1715 1032 ίδ
1749 1023 1758 1057 :
1802 1001 1908 1057 Sed
1937 1004 2056 1071 quia

486 1083 625 1138 alias
655 1102 736 1138 me
771 1103 864 1151 per
912 1090 1186 1157 epistolam
1230 1093 1591 1161 interrogasti,
1645 1093 1775 1161 quid
1806 1093 2056 1162 appellent

484 1192 578 1244 per
604 1194 659 1231 se
687 1194 821 1241 esse,
851 1197 944 1247 per
990 1198 1045 1235 se
1073 1182 1257 1247 vitam,
1310 1201 1404 1251 per
1444 1202 1500 1237 se
1545 1186 1876 1253 sapientiam,
1908 1196 1954 1238 et
1982 1194 2058 1238 te.

484 1286 605 1321 cum
648 1272 728 1323 ais
776 1272 1043 1326 dubitasse
1089 1276 1348 1339 quomodo
1398 1274 1564 1328 Deum
1602 1276 1889 1343 aliquando
1934 1292 2056 1329 voco

485 1377 575 1427 per
603 1377 658 1415 se
707 1364 886 1427 vitam,
937 1366 1228 1449 gliquando
1278 1383 1394 1419 vero
1449 1367 1745 1435 effectorem
1803 1370 1942 1423 vitta.
1990 1369 2058 1422 At

486 1449 608 1517 quis
652 1453 846 1507 merito
907 1455 1031 1509 inde
1072 1456 1295 1525 colligat
1330 1456 1676 1512 Timotheum
1725 1458 1776 1511 in
1811 1458 2057 1527 philoso-

484 1544 663 1611 phicis
688 1547 850 1602 rebus
882 1548 1134 1620 Dionysio
1162 1551 1463 1616 rudiorem,
1502 1566 1623 1605 eum
1650 1551 1701 1605 in
1740 1551 2057 1620 theologicis

484 1636 740 1691 habuisse
764 1653 864 1707 pro
909 1641 1174 1709 magistro
1204 1642 1227 1692 ‘!
1266 1639 1537 1709 Nunquid,
1569 1640 1694 1709 quia
1723 1641 2056 1708 Augustinus

486 1724 895 1799 Hieronymum,
951 1740 1116 1800 atque
1164 1729 1261 1784 alii
1313 1731 1551 1799 episcopi
1607 1730 1741 1783 alios
1768 1730 2055 1799 episcopos

482 1818 551 1873 de
603 1822 767 1876 rebus
822 1823 1163 1893 theologicis,
1210 1824 1315 1887 vel,
1364 1826 1407 1879 si
1434 1822 1585 1889 velis,
1639 1822 2054 1892 philosophicis,
2088 1804 2130 1859 Β

482 1913 893 1978 consuluerunt,
947 1914 1014 1968 iis
1061 1915 1329 1978 rudiores,
1385 1930 1684 1982 eorumque
1739 1914 2055 1983 discipulos,

479 2014 578 2059 aut
607 2003 675 2058 ab
723 2003 829 2057 illis
871 2003 1106 2058 ﬁliorum
1162 2006 1383 2059 nomine
1416 2015 1637 2059 vocatos
1686 2004 1849 2058 fuisse
1876 2005 2050 2059 dicen-

481 2098 608 2150 dum
649 2111 734 2152 εει
761 2097 931 2152 ?H:nc
961 2108 1111 2152 certe
1156 2098 1333 2151 nullus
1385 2109 1617 2168 unquam
1647 2099 1803 2165 dixit,
1835 2098 1928 2152 sed
1960 2113 2059 2153 nec

480 2189 773 2241 somniavit
804 2204 1064 2258 unquam.

554 2281 685 2348 Quis
742 2291 921 2335 autem
992 2282 1092 2336 sibi
1150 2282 1475 2351 persuadeat
1525 2280 1867 2337 Timotheum
1923 2284 2057 2339 adeo

482 2383 681 2427 natura
714 2373 884 2428 fuisse
934 2373 1179 2428 timidum
1204 2384 1256 2428 et
1284 2373 1703 2443 pusillanimem,
1741 2386 1797 2429 ut
1825 2375 1912 2429 ille
1938 2393 2054 2430 ma-

480 2467 652 2534 gistro
673 2466 894 2520 virtutis
925 2476 980 2520 et
1002 2468 1326 2522 constantiae
1377 2467 1687 2536 indiguerit,
1720 2483 1883 2538 quem
1918 2468 2054 2523 Pau-

480 2559 563 2613 lus
590 2559 856 2627 laborum,
890 2561 1169 2626 itinerum,
1218 2561 1612 2629 periculorum,
1660 2562 2052 2631 Suppliciorum

478 2652 731 2704 comitem
764 2650 971 2712 habuit.
1005 2666 1164 2719 quem
1218 2651 1413 2706 Paulus
1458 2652 1524 2704 ad
1555 2652 1689 2706 alios
1715 2652 2047 2706 conﬁrman-

480 2744 579 2795 dos
609 2742 801 2797 misit:
851 2742 1116 2808 Misimus,
1164 2744 1337 2813 inquit
1379 2746 1605 2811 ipsemet
1642 2743 1860 2808 Paulus,
1887 2743 2057 2798 Timo-

478 2834 656 2886 theum
688 2833 907 2902 fratrem
952 2845 1213 2901 nostrum,
1237 2844 1284 2887 et
1317 2837 1616 2889 ministrum
1654 2837 1747 2889 Dei
1792 2836 1847 2888 in
1876 2833 2054 2888 Evan-

481 2925 617 2994 gsiio
654 2924 871 2991 Christi,
899 2927 967 2981 ad
1017 2928 1406 2994 conﬁrmandos
1448 2943 1559 2993 vos,
1599 2937 1649 2981 et
1700 2927 2055 2981 exhortandos

482 3033 579 3084 pro
615 3016 720 3084 ﬁde
746 3027 937 3082 restra,
960 3028 1013 3069 ut
1043 3035 1193 3072 nemo
1218 3027 1445 3071 vestrum
1496 3026 1769 3071 moveatur
1799 3018 1852 3071 in
1883 3017 2047 3070 tribu-

479 3106 766 3159 lationibus
804 3107 867 3162 ⁸⁵.
896 3105 1263 3177 Siccineergo
1293 3110 1358 3161 ad
1387 3107 1523 3161 alios
1554 3108 1609 3159 in
1628 3107 2055 3161 tribulationibus

481 3198 872 3260 renﬁrmandos
915 3209 964 3252 et
1008 3202 1381 3266 exhortandos,
1428 3200 1723 3254 mittendus
1751 3210 1866 3253 erat
1891 3200 2053 3254 homo

481 3300 690 3345 natura:
716 3292 917 3346 timidae
945 3301 1001 3345 et
1033 3292 1435 3361 pusillanimis?

552 3383 741 3437 Restat
765 3385 929 3453 igitur
962 3394 1020 3437 ut
1070 3385 1391 3439 Timotheus
1432 3386 1635 3440 idcirco
1661 3400 1795 3455 puer
1820 3385 2052 3451 dicatur,

479 3475 622 3542 quod
677 3474 938 3546 Dionysio
986 3484 1149 3530 aetate
1206 3476 1370 3531 fuerit
1425 3478 1629 3546 junior.
1661 3477 1725 3531 Et
1752 3477 1805 3531 id
1837 3477 2052 3544 quidem

481 3565 606 3621 inde
637 3569 946 3621 conﬁrmari
992 3577 1194 3637 potest,
1242 3569 1370 3637 quia
1418 3569 1759 3632 Ambrosius,
1811 3568 1886 3621 uti
1922 3567 2051 3622 olim

480 3662 927 3727 observabamus,
957 3664 1334 3717 Constantium
1374 3664 1683 3733 episcopum
1719 3662 1811 3716 ﬁlii
1838 3662 2053 3715 nomine

480 3753 831 3822 appellaverit
855 3754 920 3809 “.
946 3755 1262 3811 Commendo
1298 3757 1416 3820 tibi,
1463 3755 1562 3823 fili,
1597 3754 1905 3821 Ecclesium,
1937 3770 2055 3822 qua:

478 3856 554 3899 est
584 3848 652 3898 ad
682 3844 880 3898 Forum
922 3847 1170 3900 Cornelii.
1205 3848 1402 3902 Verum
1428 3847 1745 3900 Timotheus
1769 3858 1895 3899 ante
1928 3844 2054 3898 Dio-

484 3938 626 4007 nysii
654 3939 1073 3993 conversionem
1104 3953 1207 3991 non
1242 3938 1415 3993 solum
1446 3938 1773 3993 Christianas
1805 3937 2053 4007 religioni

483 4045 680 4084 nomen
713 4032 957 4093 dederat,
988 4031 1082 4084 sed
1113 4030 1264 4083 Pauli
1299 4045 1513 4098 quoque
1541 4039 1595 4084 et
1616 4029 1913 4098 discipulus
1939 4038 2058 4083 erat

482 4134 539 4176 et
562 4136 769 4177 comes.
800 4122 1008 4176 Deinde
1034 4137 1156 4175 cum
1200 4121 1486 4197 Dionysius
1510 4122 1714 4191 scripta
1745 4136 1840 4175 sua
1872 4121 2057 4175 elucu-

481 4218 688 4281 litaret,
722 4229 945 4279 annum,
972 4224 1032 4268 ut
1064 4214 1322 4279 diximus,
1370 4215 1800 4281 nonagesimum,
1828 4214 1910 4267 vel
1941 4213 2054 4266 for-

483 4311 627 4364 sitan
671 4307 1028 4364 centesimum
1070 4308 1258 4361 debuit
1296 4306 1582 4377 attingere,
1613 4322 1714 4361 nec
1742 4306 2056 4359 Timetheus

484 4412 611 4458 tunc
635 4404 982 4473 octogenario
1035 4402 1214 4455 minor
1256 4410 1397 4456 erat.
1429 4400 1541 4454 Fac
1592 4413 1772 4455 tatnen
1819 4416 1941 4454 eum
1971 4415 2058 4453 se-

483 4498 919 4566 ptuagenarium,
979 4495 1065 4549 vel
1118 4498 1283 4550 etiam
1342 4494 1757 4563 sexagenarium
1814 4502 2053 4547 tantum-

482 4590 647 4643 modo
718 4587 903 4653 t'uisse,
973 4588 1215 4657 nunquid
1292 4587 1577 4657 cpiscopus
1652 4586 2052 4652 nonagenarius

483 4680 645 4734 alium
680 4689 787 4734 tam
812 4690 1077 4751 provecta:
1102 4678 1278 4734 aetatis
1305 4679 1639 4747 episcopum,
1675 4678 1761 4745 qui
1790 4678 1899 4747 jam
1927 4686 2051 4729 ante

485 4787 611 4826 eum
638 4772 1005 4828 Christianam
1039 4772 1353 4841 religionem
1386 4769 1749 4839 amplexatus,
1779 4778 1834 4823 et
1859 4769 2055 4824 deinde

484 4863 636 4918 Pauli
677 4864 903 4933 apostoli
954 4878 1136 4917 comes
1165 4870 1219 4915 et
1247 4860 1545 4929 discipulus
1589 4858 1785 4920 fuerat,
1835 4852 2052 4911 nomine

486 4957 580 5009 lilii
632 4956 933 5025 appellasse
990 4956 1293 5009 credendus
1324 4966 1409 5009 est
1444 4953 1684 5023 ?Neque
1735 4952 1802 5007 ad
1853 4953 1904 5006 id
1948 4951 2056 5005 ullo

486 5050 647 5103 modo
688 5049 821 5102 facit
891 5050 1164 5103 Ambrosii
1229 5046 1558 5117 exemplum,
1614 5044 2055 5115 quandoquidem

483 5139 836 5195 Constantius
877 5140 1018 5193 inter
1056 5140 1285 5195 clericos
1318 5138 1749 5193 Mediolanenses
1784 5138 1883 5191 sub
1914 5135 2056 5204 ejus—

483 5234 607 5285 dem
640 5231 915 5293 Ambrosii
951 5231 1262 5300 magisterio
1313 5230 1599 5294 educatus,
1650 5244 1772 5282 cum
1818 5227 1885 5280 ad
1931 5241 2053 5279 eum

2160 539 2382 592 Addunt
2413 537 2743 593 Clementem
2765 538 3186 593 Alexandrinum
3213 554 3402 595 omnes
3432 543 3731 598 universim

2160 628 2503 684 Christianos
2554 631 2744 685 eodem
2800 630 3016 685 nomine
3056 646 3435 701 nuncupasse;
3465 638 3729 703 quoniam

2159 718 2455 776 Christiani
2504 722 2573 778 ob
2614 738 2822 777 morum
2871 723 3274 792 simplicitatem
3317 735 3373 780 et
3397 728 3726 783 suavitatem

2161 811 2265 865 hoc
2288 827 2348 866 se
2377 812 2608 868 invicem
2661 828 2949 881 puerorum
2981 815 3199 868 nomine
3244 817 3570 873 vocitabant.
3614 818 3725 873 Sed

2161 901 2212 955 id
2242 902 2465 958 omnino
2499 903 2614 958 leve
2636 914 2723 958 est
2744 913 2799 959 et
2832 904 3131 959 inﬁrmum.
3181 905 3315 962 Nam
3355 908 3609 979 episcopo
3641 911 3725 965 fas

2161 1008 2265 1046 non
2300 1003 2419 1049 erat
2469 994 2634 1048 alium
2676 995 2985 1064 episcOpum
3022 998 3209 1051 eodem
3253 1000 3413 1054 modo
3437 1014 3544 1069 quo
3564 1000 3725 1055 Chri-

2159 1095 2276 1140 stus
2300 1084 2598 1156 discipulos
2635 1102 2762 1143 suos
2820 1088 3068 1151 vocabat,
3121 1087 3320 1157 alloqui
3344 1098 3398 1143 et
3423 1089 3723 1159 appellare.

2158 1175 2408 1233 Clemens
2445 1192 2575 1232 vero
2630 1194 2735 1232 non
2789 1179 2999 1234 idcirco
3028 1179 3368 1234 Christianos
3396 1195 3594 1251 pueros
3626 1195 3730 1235 no-

2159 1273 2351 1336 minat,
2382 1274 2524 1342 quod
2568 1273 2601 1326 ii
2640 1272 2743 1327 hac
2787 1282 2972 1327 mutua
3008 1274 3369 1342 appellatione
3412 1290 3531 1331 sese
3582 1278 3724 1331 invi-

2157 1380 2277 1420 cem
2328 1366 2757 1436 alloquerentur,
2813 1367 2906 1421 sed
2956 1367 3081 1435 quia
3113 1366 3201 1420 ille
3231 1367 3377 1423 libro
3404 1383 3504 1422 suo
3529 1366 3728 1423 Ρωάι-

2158 1460 2274 1527 gogi
2302 1458 2511 1513 titulum
2555 1458 2845 1513 indiderat.
2892 1458 3061 1514 Porro
3089 1470 3266 1515 autem
3301 1462 3401 1517 etsi
3428 1460 3727 1516 Christiani

2159 1562 2282 1603 sese
2345 1549 2573 1604 invicem
2625 1565 2819 1619 pueros
2864 1560 3147 1615 vocarent,
3201 1565 3306 1605 non
3361 1553 3394 1605 ii
3442 1562 3620 1606 tamen
3670 1554 3730 1607 in

2159 1639 2378 1708 scriptis
2432 1641 2546 1694 suis
2603 1640 2837 1709 aliquem
2884 1653 3152 1709 provectae
3200 1642 3381 1695 aetatis
3427 1642 3732 1707 hominem,

2160 1730 2407 1795 scientia,
2458 1732 2744 1803 dignitate,
2824 1732 3116 1788 virtutibus
3165 1733 3456 1789 celebrem.
3509 1743 3563 1787 et
3611 1734 3732 1803 epi-

2160 1831 2383 1889 scopatu
2436 1834 2679 1887 auctum,
2716 1839 2781 1878 eo
2824 1824 3045 1878 nomine
3092 1824 3392 1894 appellasse
3446 1825 3593 1881 ullibi
3643 1826 3729 1881 le‘

2160 1925 2381 1984 guntur.

2777 2028 3003 2084 CAPUT
3044 2028 3108 2082 X.

2160 2139 2515 2193 Examinatur
2586 2142 2873 2194 secundum
2931 2152 3314 2210 argumentum,
3379 2160 3442 2197 ea:
3486 2145 3636 2198 libris
3678 2157 3733 2199 et

2225 2211 2566 2331 ‘sIcriptoribus
2603 2213 2769 2265 sacris
2817 2213 2907 2281 qui
2940 2214 3002 2265 ab
3030 2223 3245 2266 auctore
3274 2224 3449 2268 nostra
3493 2217 3734 2269 citantur

2263 2290 2573 2331 esumntnm.

2263 2290 2573 2348 esumptum.

2231 2368 2349 2423 Jam
2383 2386 2516 2426 vero
2542 2373 2586 2427 si
2618 2388 2647 2426 a
2687 2374 2947 2428 librorum
2972 2376 3324 2446 inscriptione
3346 2379 3413 2432 ad
3434 2392 3622 2433 eorum
3652 2378 3734 2432 le-

2159 2461 2390 2515 ctionem
2454 2473 2815 2528 transeamus,
2876 2476 3168 2520 occurrent
3237 2468 3438 2536 passim
3507 2468 3630 2521 libri
3673 2477 3733 2521 et

2158 2552 2451 2619 scriptores
2477 2554 2545 2607 ab
2567 2563 2794 2607 auctore
2848 2564 3034 2608 nostro
3064 2553 3236 2619 citati,
3268 2556 3359 2622 qui
3408 2569 3530 2609 eum
3559 2555 3733 2608 Areo-

2159 2646 2393 2714 pagitam
2423 2660 2527 2698 non
2560 2660 2679 2700 esse
2710 2647 2847 2700 satis
2877 2655 3063 2715 aperte
3111 2646 3485 2700 demonstrare
3506 2646 3732 2701 videan-

2160 2747 2264 2789 tur.
2289 2737 2382 2791 llle
2412 2738 2555 2791 enim
2584 2739 2855 2802 eumdem,
2912 2739 3003 2806 qui
3036 2754 3178 2792 nunc
3207 2739 3276 2792 ab
3300 2739 3554 2793 omnibus
3588 2739 3725 2793 reci-

2158 2827 2321 2894 pitur,
2354 2842 2569 2882 sacrum
2618 2828 2815 2881 divina:
2866 2828 3162 2896 Scriptura:
3212 2842 3476 2882 canonem
3500 2828 3733 2883 exhibet

2156 2930 2212 2972 et
2246 2929 2623 2987 reprmsentat.
2652 2920 2811 2988 Atqui
2835 2934 3007 2973 canon
3037 2920 3127 2974 ille
3156 2918 3569 2990 Scripturarum
3598 2921 3733 2975 Dio-

2160 3013 2298 3081 nysii
2358 3022 2600 3080 tempore
2658 3012 2895 3067 nondum
2925 3022 3043 3067 erat
3075 3011 3346 3082 perfectus
3390 3022 3444 3067 et
3475 3012 3733 3083 obsigna-

2162 3115 2267 3158 tus.
2296 3103 2675 3173 Apocalypsim
2708 3118 2961 3172 namque,
3012 3103 3307 3182 Epistolam
3352 3103 3499 3158 Pauli
3530 3106 3595 3159 ad
3622 3103 3733 3159 lle-

2159 3196 2355 3261 bracos,
2388 3198 2680 3250 secundam
2705 3194 2951 3261 Joannis,
2977 3205 3031 3249 et
3059 3196 3211 3250 luds:
3239 3196 3556 3266 Epistulam,
3587 3210 3733 3264 quas

2160 3286 2248 3340 ille
2307 3287 2454 3341 hunc
2502 3286 2670 3341 refert
2718 3287 2771 3340 in
2821 3301 3110 3351 canonem,
3164 3288 3232 3341 ab
3275 3289 3465 3341 eodem
3509 3288 3731 3350 plurimi

2157 3377 2535 3433 excludebant.
2606 3378 2807 3432 Deinde
2855 3376 3092 3432 Joannes
3141 3378 3517 3449 Apocalypsim
3548 3394 3731 3443 suam,

2156 3484 2281 3524 cum
2318 3469 2369 3521 in
2424 3468 2596 3522 insula
2626 3467 2843 3521 Patmos
2878 3468 3154 3523 exsularet
3177 3508 3191 3533 ,
3229 3468 3282 3522 id
3315 3480 3398 3524 est
3428 3471 3576 3524 circa
3629 3485 3733 3522 an-

2160 3574 2288 3612 num
2318 3560 2516 3615 Christi
2543 3559 2611 3613 94
2658 3559 2739 3615 vel
2795 3558 2883 3623 95,
2938 3561 3129 3625 edidit,
3184 3560 3538 3631 Evangelium
3594 3574 3733 3614 vero

2157 3663 2279 3723 post
2307 3668 2486 3717 suum,
2519 3662 2576 3705 ut
2605 3653 2788 3721 plures
2818 3653 3175 3717 arbitrantur,
3204 3654 3272 3706 ab
3311 3655 3499 3708 eodem
3532 3658 3733 3711 exsilio

2160 3745 2418 3810 reditum,
2453 3744 2557 3797 hoc
2588 3753 2672 3796 est
2722 3757 2828 3795 non
2864 3752 2991 3794 ante
3021 3758 3219 3796 annum
3249 3741 3340 3806 98,
3368 3743 3567 3813 publici
3596 3745 3733 3800 fecit

2157 3848 2279 3887 esse
2298 3833 2458 3900 juris.
2488 3833 2583 3887 llis
2630 3833 2767 3886 adde
2819 3831 2987 3885 libros
3045 3832 3164 3887 illos
3189 3849 3218 3885 a
3248 3834 3502 3903 Dionysio
3527 3850 3640 3890 non
3670 3846 3733 3889 ut

2161 3941 2328 3980 novos
2358 3940 2710 3992 recenterquu
2758 3927 2932 3979 editos
2978 3926 3161 3981 citari.
3214 3924 3364 3981 Unde
3390 3926 3733 3981 concludunt

2157 4034 2281 4072 eum
2310 4019 2399 4072 vix
2432 4027 2556 4073 ante
2605 4033 2807 4071 annum
2856 4018 3059 4073 Christi
3096 4019 3457 4073 centesimum
3506 4021 3736 4089 scriptis

2157 4112 2270 4165 suis
2297 4126 2512 4165 manum
2565 4111 2895 4165 admovisse.
2944 4112 3013 4165 At
3046 4120 3155 4165 tum
3185 4111 3473 4181 Dionysius
3512 4112 3603 4167 ille
3628 4128 3731 4165 an-

2160 4218 2285 4257 num
2313 4203 2491 4256 aetatis
2535 4216 2648 4256 suae
2704 4204 3112 4274 nonagesimum
3149 4205 3361 4273 agebat,
3401 4206 3601 4274 quippe
3634 4208 3731 4275 qui

2158 4299 2373 4352 Christo
2395 4299 2654 4366 patiente,
2682 4306 2739 4350 ut
2763 4297 2893 4351 solis
2922 4296 3165 4367 eclipsim
3191 4300 3529 4363 observaret,
3556 4315 3734 4355 annos

2159 4390 2399 4458 quinque
2453 4403 2616 4456 supra
2670 4388 2854 4458 viginti
2916 4388 3221 4455 explevisse
3274 4390 3550 4443 credatur.
3595 4392 3736 4456 Quis

2162 4491 2341 4535 autem
2370 4480 2472 4535 sibi
2507 4480 2665 4533 facile
2722 4482 3046 4548 persuadeat
3090 4480 3268 4533 virum
3295 4481 3360 4533 ab
3388 4481 3607 4537 ineunte
3636 4481 3731 4548 ju-

2160 4582 2381 4627 ventute
2440 4571 2891 4634 eruditissimum,
2952 4571 3019 4625 ad
3085 4570 3250 4625 libros
3304 4573 3731 4628 conscribendos

2165 4675 2293 4719 tunc
2336 4664 2574 4717 animum
2632 4662 2926 4731 appulisse,
2986 4679 3108 4718 cum
3163 4664 3278 4734 ipse
3327 4665 3735 4735 nonagenarius

2163 4764 2304 4810 esset
2324 4768 2379 4809 et
2406 4754 2554 4809 senio
2580 4755 2882 4808 confectus.

2236 4849 2341 4904 Sed
2373 4849 2459 4902 bis
2491 4848 2792 4902 rationibus
2812 4880 2823 4897 ς
2845 4848 3066 4903 minime
3091 4849 3157 4903 de
3183 4850 3453 4904 sententia
3481 4864 3577 4903 sua
3605 4865 3730 4903 mo-

2165 4954 2361 4997 ventur
2387 4939 2773 5010 Areopagitici.
2812 4940 2928 4993 Non
2954 4942 3098 4995 enim
3144 4940 3445 4995 dillitentur
3486 4940 3575 4992 diu
3606 4942 3734 5009 qui-

2164 5036 2284 5089 dem
2311 5035 2377 5089 de
2409 5034 2666 5089 libroruin
2721 5032 3109 5086 canonicorum
3160 5047 3383 5085 numero
3416 5031 3582 5085 fuisse
3612 5031 3733 5085 dis-

2164 5135 2407 5196 putatum
2429 5165 2445 5189 ,
2477 5126 2572 5177 sed
2613 5124 2795 5190 negari
2838 5136 3172 5190 nequaquam
3201 5136 3365 5191 posse
3387 5122 3542 5175 aiunt
3570 5120 3732 5189 quin,

2164 5220 2309 5273 sicut
2342 5216 2584 5271 nonnulli
2615 5214 2879 5284 quosdam
2913 5213 3080 5267 libros
3106 5228 3172 5266 ex
3216 5228 3372 5267 sacro
3400 5228 3611 5267 canone
3641 5226 3734 5266 re-

484 5322 705 5392 scripsit
730 5323 873 5377 idem
924 5322 1268 5387 Ambrosius,
1294 5322 1348 5376 in
1387 5323 1700 5392 episcopum
1754 5334 1942 5375 recens
1971 5333 2059 5372 as-
2151 5310 2439 5377 .iiciehant,
2473 5306 2546 5360 ita
2579 5307 2745 5359 etiam
2801 5304 3017 5371 quidam
3073 5303 3164 5356 alii
3208 5318 3303 5357 eos
3334 5317 3523 5357 omnes
3546 5301 3639 5371 qui
3674 5303 3731 5356 in

484 5423 733 5483 sumptus
763 5414 961 5469 fuerat.

556 5506 766 5561 Instant
792 5505 956 5573 aliqui
1004 5504 1280 5560 Christum
1333 5503 1628 5574 discipulos
1670 5517 1799 5557 suos
1830 5514 2055 5556 vocasse

559 5714 601 5744 ¹³
634 5712 751 5766 Lib.
802 5710 879 5764 De
923 5710 1087 5765 divin.
1164 5726 1386 5773 nonum,
1443 5725 1563 5776 cap.
1612 5708 1698 5766 15.
1734 5707 1841 5778 ξι.

490 5784 534 5815 ⁸⁸
571 5786 724 5838 Amb.
761 5783 915 5851 epist.
946 5781 1002 5846 '2,
1034 5796 1183 5835 now
1213 5782 1342 5835 edit.
1421 5781 1458 5811 ¹⁷
1488 5779 1643 5836 Joan.
1674 5794 1786 5844 xxi,
1820 5778 1871 5833 5.

1971 5704 2012 5737 ¹⁶
2048 5702 2165 5761 Lib.
2226 5700 2300 5756 De
2341 5700 2506 5756 dit-in.
2554 5697 2775 5764 nomin.,
2817 5710 2935 5765 cap.
2969 5695 3056 5752 ll.

2158 5402 2406 5457 eumdem
2432 5412 2694 5455 canonem
2727 5412 2871 5450 nunc
2916 5396 3284 5463 ascribuntur,
3317 5411 3417 5465 pro
3444 5396 3732 5449 canonicis

2160 5494 2436 5550 habendos
2464 5508 2582 5547 esse
2635 5490 2957 5559 putaverint.
3018 5487 3201 5558 Neque
3251 5490 3396 5543 enim
3451 5488 3727 5556 quoddam

3161 5694 3206 5726 ¹⁹
3240 5694 3257 5749 l
3288 5691 3533 5749 Thessal.
3568 5703 3634 5758 tt,
3670 5692 3725 5745 3.
