  <div class='ocr_page' id='page_1' title='image "/cluster/home/n/w/nwhite01/storage/ocr_20150623/3/nnc1.0046978666/022.png"; bbox 0 0 3916 6234; ppageno 0'>
   <div class='ocr_carea' id='block_1_1' title="bbox 191 361 3419 434">
    <p class='ocr_par' dir='ltr' id='par_1_1' title="bbox 191 361 3419 434">
     <span class='ocr_line' id='line_1_1' title="bbox 191 361 3419 434; baseline 0.005 -17"><span class='ocrx_word' id='word_1_1' title='bbox 191 361 260 417; x_wconf 66' lang='lat'><strong>29</strong></span> <span class='ocrx_word' id='word_1_2' title='bbox 1499 368 2030 430; x_wconf 73' lang='lat' dir='ltr'><strong>PROLEGOMENA.</strong></span> <span class='ocrx_word' id='word_1_3' title='bbox 3348 379 3419 434; x_wconf 76' lang='lat'><strong>30</strong></span> 
     </span>
    </p>
   </div>
   <div class='ocr_carea' id='block_1_2' title="bbox 194 460 3418 546">
    <p class='ocr_par' dir='ltr' id='par_1_2' title="bbox 194 460 3418 546">
     <span class='ocr_line' id='line_1_2' title="bbox 194 460 3418 546; baseline 0.003 -33"><span class='ocrx_word' id='word_1_4' title='bbox 194 460 491 530; x_wconf 78' lang='lat' dir='ltr'><strong>aliquando</strong></span> <span class='ocrx_word' id='word_1_5' title='bbox 522 471 734 533; x_wconf 90' lang='lat' dir='ltr'><strong>tempus</strong></span> <span class='ocrx_word' id='word_1_6' title='bbox 756 462 927 522; x_wconf 85' lang='lat' dir='ltr'><strong>fuisse</strong></span> <span class='ocrx_word' id='word_1_7' title='bbox 946 464 1053 522; x_wconf 85' lang='lat' dir='ltr'><strong>dici</strong></span> <span class='ocrx_word' id='word_1_8' title='bbox 1079 475 1259 536; x_wconf 85' lang='lat' dir='ltr'><strong>potest</strong></span> <span class='ocrx_word' id='word_1_9' title='bbox 1281 483 1389 538; x_wconf 90' lang='lat' dir='ltr'><strong>quo</strong></span> <span class='ocrx_word' id='word_1_10' title='bbox 1415 484 1604 526; x_wconf 89' lang='lat' dir='ltr'><strong>omnes</strong></span> <span class='ocrx_word' id='word_1_11' title='bbox 1634 487 1757 528; x_wconf 93' lang='lat' dir='ltr'><strong>cum</strong></span> <span class='ocrx_word' id='word_1_12' title='bbox 1785 478 1832 534; x_wconf 79' lang='grc' dir='ltr'><strong>Α</strong></span> <span class='ocrx_word' id='word_1_13' title='bbox 1862 474 2000 529; x_wconf 89' lang='lat' dir='ltr'><strong>stola</strong></span> <span class='ocrx_word' id='word_1_14' title='bbox 2043 472 2114 528; x_wconf 88' lang='lat' dir='ltr'><strong>ab</strong></span> <span class='ocrx_word' id='word_1_15' title='bbox 2136 474 2274 543; x_wconf 85' lang='lat' dir='ltr'><strong>ipso,</strong></span> <span class='ocrx_word' id='word_1_16' title='bbox 2316 486 2439 528; x_wconf 90' lang='lat' dir='ltr'><strong>cum</strong></span> <span class='ocrx_word' id='word_1_17' title='bbox 2476 473 2543 527; x_wconf 87' lang='lat' dir='ltr'><strong>ad</strong></span> <span class='ocrx_word' id='word_1_18' title='bbox 2576 473 2891 544; x_wconf 79' lang='lat' dir='ltr'><strong>martyrium</strong></span> <span class='ocrx_word' id='word_1_19' title='bbox 2921 471 3230 546; x_wconf 61' lang='lat' dir='ltr'><strong>duceretur,</strong></span> <span class='ocrx_word' id='word_1_20' title='bbox 3273 483 3418 523; x_wconf 89' lang='lat' dir='ltr'><strong>anno</strong></span> 
     </span>
    </p>
   </div>
   <div class='ocr_carea' id='block_1_3' title="bbox 198 548 1760 631">
    <p class='ocr_par' dir='ltr' id='par_1_3' title="bbox 198 548 1760 631">
     <span class='ocr_line' id='line_1_3' title="bbox 198 548 1760 631; baseline 0.01 -29"><span class='ocrx_word' id='word_1_21' title='bbox 198 548 479 617; x_wconf 70' lang='lat' dir='ltr'><strong>Ecclesiae,</strong></span> <span class='ocrx_word' id='word_1_22' title='bbox 509 558 622 604; x_wconf 88' lang='lat' dir='ltr'><strong>tum</strong></span> <span class='ocrx_word' id='word_1_23' title='bbox 645 551 940 607; x_wconf 74' lang='lat' dir='ltr'><strong>Christiani</strong></span> <span class='ocrx_word' id='word_1_24' title='bbox 976 555 1142 611; x_wconf 87' lang='lat' dir='ltr'><strong>libros</strong></span> <span class='ocrx_word' id='word_1_25' title='bbox 1179 558 1438 628; x_wconf 84' lang='lat' dir='ltr'><strong>quosdam</strong></span> <span class='ocrx_word' id='word_1_26' title='bbox 1467 560 1760 631; x_wconf 70' lang='lat' dir='ltr'><strong>Scriptura:</strong></span> 
     </span>
    </p>
   </div>
   <div class='ocr_carea' id='block_1_4' title="bbox 194 642 1760 706">
    <p class='ocr_par' dir='ltr' id='par_1_4' title="bbox 194 642 1760 706">
     <span class='ocr_line' id='line_1_4' title="bbox 194 642 1760 706; baseline 0.009 -14"><span class='ocrx_word' id='word_1_27' title='bbox 194 642 249 694; x_wconf 91' lang='lat' dir='ltr'><strong>in</strong></span> <span class='ocrx_word' id='word_1_28' title='bbox 280 654 442 695; x_wconf 85' lang='lat' dir='ltr'><strong>sacro</strong></span> <span class='ocrx_word' id='word_1_29' title='bbox 472 656 684 697; x_wconf 85' lang='lat' dir='ltr'><strong>canone</strong></span> <span class='ocrx_word' id='word_1_30' title='bbox 713 658 822 699; x_wconf 90' lang='lat' dir='ltr'><strong>non</strong></span> <span class='ocrx_word' id='word_1_31' title='bbox 860 648 1175 702; x_wconf 78' lang='lat' dir='ltr'><strong>censuerint</strong></span> <span class='ocrx_word' id='word_1_32' title='bbox 1225 664 1343 705; x_wconf 90' lang='lat' dir='ltr'><strong>esse</strong></span> <span class='ocrx_word' id='word_1_33' title='bbox 1373 653 1760 706; x_wconf 83' lang='lat' dir='ltr'><strong>numerandos.</strong></span> 
     </span>
    </p>
   </div>
   <div class='ocr_carea' id='block_1_5' title="bbox 194 728 1761 811">
    <p class='ocr_par' dir='ltr' id='par_1_5' title="bbox 194 728 1761 811">
     <span class='ocr_line' id='line_1_5' title="bbox 194 728 1761 811; baseline 0.01 -28"><span class='ocrx_word' id='word_1_34' title='bbox 194 728 335 795; x_wconf 83' lang='lat' dir='ltr'><strong>Quid</strong></span> <span class='ocrx_word' id='word_1_35' title='bbox 363 745 495 802; x_wconf 89' lang='lat' dir='ltr'><strong>ergo</strong></span> <span class='ocrx_word' id='word_1_36' title='bbox 533 735 782 802; x_wconf 79' lang='lat' dir='ltr'><strong>prohibet</strong></span> <span class='ocrx_word' id='word_1_37' title='bbox 816 739 1105 805; x_wconf 87' lang='lat' dir='ltr'><strong>quominus</strong></span> <span class='ocrx_word' id='word_1_38' title='bbox 1137 738 1464 811; x_wconf 80' lang='lat' dir='ltr'><strong>Areopagita</strong></span> <span class='ocrx_word' id='word_1_39' title='bbox 1505 741 1590 798; x_wconf 86' lang='lat' dir='ltr'><strong>his</strong></span> <span class='ocrx_word' id='word_1_40' title='bbox 1622 756 1761 811; x_wconf 61' lang='lat' dir='ltr'><strong>pra!-</strong></span> 
     </span>
    </p>
   </div>
   <div class='ocr_carea' id='block_1_6' title="bbox 193 822 1761 896">
    <p class='ocr_par' dir='ltr' id='par_1_6' title="bbox 193 822 1761 896">
     <span class='ocr_line' id='line_1_6' title="bbox 193 822 1761 896; baseline 0.008 -19"><span class='ocrx_word' id='word_1_41' title='bbox 193 822 377 878; x_wconf 88' lang='lat' dir='ltr'><strong>huerit</strong></span> <span class='ocrx_word' id='word_1_42' title='bbox 425 839 727 893; x_wconf 80' lang='lat' dir='ltr'><strong>assensum,</strong></span> <span class='ocrx_word' id='word_1_43' title='bbox 758 828 851 896; x_wconf 87' lang='lat' dir='ltr'><strong>qui</strong></span> <span class='ocrx_word' id='word_1_44' title='bbox 896 842 1055 884; x_wconf 87' lang='lat' dir='ltr'><strong>sacro</strong></span> <span class='ocrx_word' id='word_1_45' title='bbox 1083 845 1290 887; x_wconf 82' lang='lat' dir='ltr'><strong>canone</strong></span> <span class='ocrx_word' id='word_1_46' title='bbox 1329 847 1425 888; x_wconf 91' lang='lat' dir='ltr'><strong>eos</strong></span> <span class='ocrx_word' id='word_1_47' title='bbox 1476 847 1667 889; x_wconf 90' lang='lat' dir='ltr'><strong>omnes</strong></span> <span class='ocrx_word' id='word_1_48' title='bbox 1694 834 1761 889; x_wconf 86' lang='lat' dir='ltr'><strong>li-</strong></span> 
     </span>
    </p>
   </div>
   <div class='ocr_carea' id='block_1_7' title="bbox 196 914 1762 1061">
    <p class='ocr_par' dir='ltr' id='par_1_7' title="bbox 196 914 1762 1061">
     <span class='ocr_line' id='line_1_7' title="bbox 196 914 1762 1061; baseline 0.01 -95"><span class='ocrx_word' id='word_1_49' title='bbox 196 914 347 1061; x_wconf 54' lang='lat'><strong>:25,</strong></span> <span class='ocrx_word' id='word_1_50' title='bbox 381 917 473 983; x_wconf 91' lang='lat' dir='ltr'><strong>qui</strong></span> <span class='ocrx_word' id='word_1_51' title='bbox 505 931 650 973; x_wconf 89' lang='lat' dir='ltr'><strong>nunc</strong></span> <span class='ocrx_word' id='word_1_52' title='bbox 670 917 1043 989; x_wconf 85' lang='lat' dir='ltr'><strong>assignantur,</strong></span> <span class='ocrx_word' id='word_1_53' title='bbox 1074 922 1341 979; x_wconf 75' lang='lat' dir='ltr'><strong>contineri</strong></span> <span class='ocrx_word' id='word_1_54' title='bbox 1368 938 1469 993; x_wconf 91' lang='lat' dir='ltr'><strong>pro</strong></span> <span class='ocrx_word' id='word_1_55' title='bbox 1490 934 1639 981; x_wconf 90' lang='lat' dir='ltr'><strong>certo</strong></span> <span class='ocrx_word' id='word_1_56' title='bbox 1664 926 1762 980; x_wconf 91' lang='lat' dir='ltr'><strong>ha-</strong></span> 
     </span>
     <span class='ocr_line' id='line_1_8' title="bbox 301 1008 445 1060; baseline 0.007 -1"><span class='ocrx_word' id='word_1_57' title='bbox 301 1008 445 1060; x_wconf 81' lang='lat' dir='ltr'><strong>ant?</strong></span> 
     </span>
    </p>
   </div>
   <div class='ocr_carea' id='block_1_8' title="bbox 301 1008 445 1060">
    <p class='ocr_par' dir='ltr' id='par_1_8' title="bbox 301 1008 445 1060">
     <span class='ocr_line' id='line_1_9' title="bbox 301 1008 445 1060; baseline 0.007 -1"><span class='ocrx_word' id='word_1_58' title='bbox 301 1008 445 1060; x_wconf 81' lang='lat' dir='ltr'><strong>ant?</strong></span> 
     </span>
    </p>
   </div>
   <div class='ocr_carea' id='block_1_9' title="bbox 260 1095 1762 1175">
    <p class='ocr_par' dir='ltr' id='par_1_9' title="bbox 260 1095 1762 1175">
     <span class='ocr_line' id='line_1_10' title="bbox 260 1095 1762 1175; baseline 0.009 -27"><span class='ocrx_word' id='word_1_59' title='bbox 260 1095 420 1162; x_wconf 87' lang='lat' dir='ltr'><strong>Quod</strong></span> <span class='ocrx_word' id='word_1_60' title='bbox 445 1097 513 1151; x_wconf 88' lang='lat' dir='ltr'><strong>ad</strong></span> <span class='ocrx_word' id='word_1_61' title='bbox 540 1096 766 1155; x_wconf 83' lang='lat' dir='ltr'><strong>Joannis</strong></span> <span class='ocrx_word' id='word_1_62' title='bbox 790 1100 1141 1171; x_wconf 87' lang='lat' dir='ltr'><strong>Evangelium</strong></span> <span class='ocrx_word' id='word_1_63' title='bbox 1184 1104 1436 1172; x_wconf 91' lang='lat' dir='ltr'><strong>pertinet,</strong></span> <span class='ocrx_word' id='word_1_64' title='bbox 1460 1105 1506 1159; x_wconf 87' lang='lat' dir='ltr'><strong>si</strong></span> <span class='ocrx_word' id='word_1_65' title='bbox 1531 1104 1711 1175; x_wconf 87' lang='lat' dir='ltr'><strong>plures</strong></span> <span class='ocrx_word' id='word_1_66' title='bbox 1732 1121 1762 1162; x_wconf 91' lang='lat' dir='ltr'><strong>e</strong></span> 
     </span>
    </p>
   </div>
   <div class='ocr_carea' id='block_1_10' title="bbox 193 1184 1762 1263">
    <p class='ocr_par' dir='ltr' id='par_1_10' title="bbox 193 1184 1762 1263">
     <span class='ocr_line' id='line_1_11' title="bbox 193 1184 1762 1263; baseline 0.008 -26"><span class='ocrx_word' id='word_1_67' title='bbox 193 1184 535 1242; x_wconf 83' lang='lat' dir='ltr'><strong>doctioribus</strong></span> <span class='ocrx_word' id='word_1_68' title='bbox 560 1188 766 1244; x_wconf 87' lang='lat' dir='ltr'><strong>criticis</strong></span> <span class='ocrx_word' id='word_1_69' title='bbox 801 1190 930 1245; x_wconf 91' lang='lat' dir='ltr'><strong>illud</strong></span> <span class='ocrx_word' id='word_1_70' title='bbox 954 1192 1021 1247; x_wconf 91' lang='lat' dir='ltr'><strong>ab</strong></span> <span class='ocrx_word' id='word_1_71' title='bbox 1066 1193 1312 1261; x_wconf 89' lang='lat' dir='ltr'><strong>apostolo</strong></span> <span class='ocrx_word' id='word_1_72' title='bbox 1360 1204 1484 1263; x_wconf 88' lang='lat' dir='ltr'><strong>post</strong></span> <span class='ocrx_word' id='word_1_73' title='bbox 1530 1195 1762 1250; x_wconf 86' lang='lat' dir='ltr'><strong>reditum</strong></span> 
     </span>
    </p>
   </div>
   <div class='ocr_carea' id='block_1_11' title="bbox 196 1276 1762 1353">
    <p class='ocr_par' dir='ltr' id='par_1_11' title="bbox 196 1276 1762 1353">
     <span class='ocr_line' id='line_1_12' title="bbox 196 1276 1762 1353; baseline 0.006 -23"><span class='ocrx_word' id='word_1_74' title='bbox 196 1292 357 1330; x_wconf 89' lang='lat' dir='ltr'><strong>suum</strong></span> <span class='ocrx_word' id='word_1_75' title='bbox 388 1276 459 1332; x_wconf 88' lang='lat' dir='ltr'><strong>ab</strong></span> <span class='ocrx_word' id='word_1_76' title='bbox 504 1278 698 1333; x_wconf 76' lang='lat' dir='ltr'><strong>exsilio</strong></span> <span class='ocrx_word' id='word_1_77' title='bbox 745 1282 1007 1349; x_wconf 89' lang='lat' dir='ltr'><strong>scriptum</strong></span> <span class='ocrx_word' id='word_1_78' title='bbox 1054 1284 1367 1353; x_wconf 85' lang='lat' dir='ltr'><strong>opinantur,</strong></span> <span class='ocrx_word' id='word_1_79' title='bbox 1405 1300 1509 1340; x_wconf 93' lang='lat' dir='ltr'><strong>non</strong></span> <span class='ocrx_word' id='word_1_80' title='bbox 1561 1287 1762 1343; x_wconf 87' lang='lat' dir='ltr'><strong>desunt</strong></span> 
     </span>
    </p>
   </div>
   <div class='ocr_carea' id='block_1_12' title="bbox 193 1368 1758 1437">
    <p class='ocr_par' dir='ltr' id='par_1_12' title="bbox 193 1368 1758 1437">
     <span class='ocr_line' id='line_1_13' title="bbox 193 1368 1758 1437; baseline 0.006 -16"><span class='ocrx_word' id='word_1_81' title='bbox 193 1368 359 1422; x_wconf 88' lang='lat' dir='ltr'><strong>etiam</strong></span> <span class='ocrx_word' id='word_1_82' title='bbox 398 1369 493 1437; x_wconf 92' lang='lat' dir='ltr'><strong>qui</strong></span> <span class='ocrx_word' id='word_1_83' title='bbox 541 1379 594 1425; x_wconf 93' lang='lat' dir='ltr'><strong>et</strong></span> <span class='ocrx_word' id='word_1_84' title='bbox 640 1371 769 1425; x_wconf 91' lang='lat' dir='ltr'><strong>illud</strong></span> <span class='ocrx_word' id='word_1_85' title='bbox 804 1381 959 1426; x_wconf 85' lang='lat' dir='ltr'><strong>antea</strong></span> <span class='ocrx_word' id='word_1_86' title='bbox 995 1383 1274 1429; x_wconf 78' lang='lat' dir='ltr'><strong>exaratum</strong></span> <span class='ocrx_word' id='word_1_87' title='bbox 1321 1390 1443 1430; x_wconf 89' lang='lat' dir='ltr'><strong>esse</strong></span> <span class='ocrx_word' id='word_1_88' title='bbox 1491 1387 1758 1432; x_wconf 89' lang='lat' dir='ltr'><strong>asserant.</strong></span> 
     </span>
    </p>
   </div>
   <div class='ocr_carea' id='block_1_13' title="bbox 195 1458 1763 1534">
    <p class='ocr_par' dir='ltr' id='par_1_13' title="bbox 195 1458 1763 1534">
     <span class='ocr_line' id='line_1_14' title="bbox 195 1458 1763 1534; baseline 0.007 -22"><span class='ocrx_word' id='word_1_89' title='bbox 195 1458 305 1513; x_wconf 85' lang='lat' dir='ltr'><strong>Sed</strong></span> <span class='ocrx_word' id='word_1_90' title='bbox 351 1460 555 1528; x_wconf 88' lang='lat' dir='ltr'><strong>quovis</strong></span> <span class='ocrx_word' id='word_1_91' title='bbox 590 1470 833 1530; x_wconf 89' lang='lat' dir='ltr'><strong>tempore</strong></span> <span class='ocrx_word' id='word_1_92' title='bbox 883 1465 1145 1534; x_wconf 91' lang='lat' dir='ltr'><strong>scriptum</strong></span> <span class='ocrx_word' id='word_1_93' title='bbox 1177 1480 1297 1520; x_wconf 90' lang='lat' dir='ltr'><strong>esse</strong></span> <span class='ocrx_word' id='word_1_94' title='bbox 1342 1467 1578 1533; x_wconf 91' lang='lat' dir='ltr'><strong>dicatur,</strong></span> <span class='ocrx_word' id='word_1_95' title='bbox 1627 1468 1763 1523; x_wconf 86' lang='lat' dir='ltr'><strong>nihil</strong></span> 
     </span>
    </p>
   </div>
   <div class='ocr_carea' id='block_1_14' title="bbox 190 1551 1761 1631">
    <p class='ocr_par' dir='ltr' id='par_1_14' title="bbox 190 1551 1761 1631">
     <span class='ocr_line' id='line_1_15' title="bbox 190 1551 1761 1631; baseline 0.009 -30"><span class='ocrx_word' id='word_1_96' title='bbox 190 1559 365 1615; x_wconf 89' lang='lat' dir='ltr'><strong>vetat,</strong></span> <span class='ocrx_word' id='word_1_97' title='bbox 402 1551 656 1619; x_wconf 89' lang='lat' dir='ltr'><strong>inquiunt</strong></span> <span class='ocrx_word' id='word_1_98' title='bbox 677 1554 1067 1624; x_wconf 84' lang='lat' dir='ltr'><strong>Areopagitici,</strong></span> <span class='ocrx_word' id='word_1_99' title='bbox 1090 1558 1379 1626; x_wconf 90' lang='lat' dir='ltr'><strong>quominus</strong></span> <span class='ocrx_word' id='word_1_100' title='bbox 1402 1559 1531 1615; x_wconf 92' lang='lat' dir='ltr'><strong>illud</strong></span> <span class='ocrx_word' id='word_1_101' title='bbox 1565 1561 1761 1631; x_wconf 89' lang='lat' dir='ltr'><strong>ipsum,</strong></span> 
     </span>
    </p>
   </div>
   <div class='ocr_carea' id='block_1_15' title="bbox 190 1644 1759 1720">
    <p class='ocr_par' dir='ltr' id='par_1_15' title="bbox 190 1644 1759 1720">
     <span class='ocr_line' id='line_1_16' title="bbox 190 1644 1759 1720; baseline 0.006 -25"><span class='ocrx_word' id='word_1_102' title='bbox 190 1649 358 1711; x_wconf 82' lang='lat' dir='ltr'><strong>atque</strong></span> <span class='ocrx_word' id='word_1_103' title='bbox 414 1644 584 1699; x_wconf 87' lang='lat' dir='ltr'><strong>etiam</strong></span> <span class='ocrx_word' id='word_1_104' title='bbox 635 1645 877 1715; x_wconf 85' lang='lat' dir='ltr'><strong>ejusdem</strong></span> <span class='ocrx_word' id='word_1_105' title='bbox 928 1646 1155 1702; x_wconf 86' lang='lat' dir='ltr'><strong>Joannis</strong></span> <span class='ocrx_word' id='word_1_106' title='bbox 1196 1648 1552 1720; x_wconf 78' lang='lat' dir='ltr'><strong>Apocalypsis</strong></span> <span class='ocrx_word' id='word_1_107' title='bbox 1603 1652 1759 1708; x_wconf 90' lang='lat' dir='ltr'><strong>citari</strong></span> 
     </span>
    </p>
   </div>
   <div class='ocr_carea' id='block_1_16' title="bbox 188 1735 1761 1810">
    <p class='ocr_par' dir='ltr' id='par_1_16' title="bbox 188 1735 1761 1810">
     <span class='ocr_line' id='line_1_17' title="bbox 188 1735 1761 1810; baseline 0.007 -23"><span class='ocrx_word' id='word_1_108' title='bbox 188 1735 532 1803; x_wconf 85' lang='lat' dir='ltr'><strong>potuerinta</strong></span> <span class='ocrx_word' id='word_1_109' title='bbox 582 1737 859 1806; x_wconf 89' lang='lat' dir='ltr'><strong>Dionysio,</strong></span> <span class='ocrx_word' id='word_1_110' title='bbox 913 1738 1004 1807; x_wconf 92' lang='lat' dir='ltr'><strong>qui</strong></span> <span class='ocrx_word' id='word_1_111' title='bbox 1060 1744 1376 1797; x_wconf 87' lang='lat' dir='ltr'><strong>centenario</strong></span> <span class='ocrx_word' id='word_1_112' title='bbox 1435 1742 1607 1810; x_wconf 83' lang='lat' dir='ltr'><strong>major</strong></span> <span class='ocrx_word' id='word_1_113' title='bbox 1661 1743 1761 1799; x_wconf 85' lang='lat' dir='ltr'><strong>sub</strong></span> 
     </span>
    </p>
   </div>
   <div class='ocr_carea' id='block_1_17' title="bbox 1860 559 3418 633">
    <p class='ocr_par' dir='ltr' id='par_1_17' title="bbox 1860 559 3418 633">
     <span class='ocr_line' id='line_1_18' title="bbox 1860 559 3418 633; baseline -0.004 -13"><span class='ocrx_word' id='word_1_114' title='bbox 1860 565 2086 629; x_wconf 79' lang='lat' dir='ltr'><strong>Christi,</strong></span> <span class='ocrx_word' id='word_1_115' title='bbox 2127 574 2187 619; x_wconf 92' lang='lat' dir='ltr'><strong>ut</strong></span> <span class='ocrx_word' id='word_1_116' title='bbox 2235 580 2397 633; x_wconf 86' lang='lat' dir='ltr'><strong>supra</strong></span> <span class='ocrx_word' id='word_1_117' title='bbox 2453 565 2813 629; x_wconf 85' lang='lat' dir='ltr'><strong>ostendimus,</strong></span> <span class='ocrx_word' id='word_1_118' title='bbox 2862 562 2962 617; x_wconf 72' lang='lat'><strong>107</strong></span> <span class='ocrx_word' id='word_1_119' title='bbox 3010 569 3099 615; x_wconf 90' lang='lat' dir='ltr'><strong>aut</strong></span> <span class='ocrx_word' id='word_1_120' title='bbox 3150 561 3274 625; x_wconf 76' lang='grc'><strong>108,</strong></span> <span class='ocrx_word' id='word_1_121' title='bbox 3317 559 3418 613; x_wconf 83' lang='lat' dir='ltr'><strong>fuit</strong></span> 
     </span>
    </p>
   </div>
   <div class='ocr_carea' id='block_1_18' title="bbox 1861 654 3419 726">
    <p class='ocr_par' dir='ltr' id='par_1_18' title="bbox 1861 654 3419 726">
     <span class='ocr_line' id='line_1_19' title="bbox 1861 654 3419 726; baseline -0.004 -16"><span class='ocrx_word' id='word_1_122' title='bbox 1861 665 2102 711; x_wconf 80' lang='lat' dir='ltr'><strong>exarata.</strong></span> <span class='ocrx_word' id='word_1_123' title='bbox 2136 657 2305 712; x_wconf 90' lang='lat' dir='ltr'><strong>Porro</strong></span> <span class='ocrx_word' id='word_1_124' title='bbox 2334 666 2516 710; x_wconf 91' lang='lat' dir='ltr'><strong>autem</strong></span> <span class='ocrx_word' id='word_1_125' title='bbox 2547 670 2613 710; x_wconf 85' lang='lat' dir='ltr'><strong>ea</strong></span> <span class='ocrx_word' id='word_1_126' title='bbox 2637 672 2815 726; x_wconf 91' lang='lat' dir='ltr'><strong>neque</strong></span> <span class='ocrx_word' id='word_1_127' title='bbox 2848 664 2958 709; x_wconf 89' lang='lat' dir='ltr'><strong>tam</strong></span> <span class='ocrx_word' id='word_1_128' title='bbox 3000 654 3108 707; x_wconf 92' lang='lat' dir='ltr'><strong>cito</strong></span> <span class='ocrx_word' id='word_1_129' title='bbox 3138 654 3191 706; x_wconf 91' lang='lat' dir='ltr'><strong>in</strong></span> <span class='ocrx_word' id='word_1_130' title='bbox 3223 664 3419 706; x_wconf 87' lang='lat' dir='ltr'><strong>manus</strong></span> 
     </span>
    </p>
   </div>
   <div class='ocr_carea' id='block_1_19' title="bbox 1860 745 3416 819">
    <p class='ocr_par' dir='ltr' id='par_1_19' title="bbox 1860 745 3416 819">
     <span class='ocr_line' id='line_1_20' title="bbox 1860 745 3416 819; baseline -0.006 -18"><span class='ocrx_word' id='word_1_131' title='bbox 1860 747 2099 819; x_wconf 86' lang='lat' dir='ltr'><strong>Dionysii</strong></span> <span class='ocrx_word' id='word_1_132' title='bbox 2133 748 2317 803; x_wconf 89' lang='lat' dir='ltr'><strong>venire</strong></span> <span class='ocrx_word' id='word_1_133' title='bbox 2362 749 2557 818; x_wconf 90' lang='lat' dir='ltr'><strong>potuit,</strong></span> <span class='ocrx_word' id='word_1_134' title='bbox 2604 760 2779 816; x_wconf 89' lang='lat' dir='ltr'><strong>neque</strong></span> <span class='ocrx_word' id='word_1_135' title='bbox 2822 745 2913 799; x_wconf 92' lang='lat' dir='ltr'><strong>ille</strong></span> <span class='ocrx_word' id='word_1_136' title='bbox 2961 758 3080 798; x_wconf 92' lang='lat' dir='ltr'><strong>eam</strong></span> <span class='ocrx_word' id='word_1_137' title='bbox 3117 751 3175 797; x_wconf 92' lang='lat' dir='ltr'><strong>ut</strong></span> <span class='ocrx_word' id='word_1_138' title='bbox 3202 754 3416 804; x_wconf 89' lang='lat' dir='ltr'><strong>novam,</strong></span> 
     </span>
    </p>
   </div>
   <div class='ocr_carea' id='block_1_20' title="bbox 1860 830 3417 910">
    <p class='ocr_par' dir='ltr' id='par_1_20' title="bbox 1860 830 3417 910">
     <span class='ocr_line' id='line_1_21' title="bbox 1860 830 3417 910; baseline -0.006 -17"><span class='ocrx_word' id='word_1_139' title='bbox 1860 847 1915 893; x_wconf 94' lang='lat' dir='ltr'><strong>et</strong></span> <span class='ocrx_word' id='word_1_140' title='bbox 1944 852 1973 892; x_wconf 92' lang='lat' dir='ltr'><strong>a</strong></span> <span class='ocrx_word' id='word_1_141' title='bbox 1997 838 2184 908; x_wconf 86' lang='lat' dir='ltr'><strong>paucis</strong></span> <span class='ocrx_word' id='word_1_142' title='bbox 2206 839 2503 910; x_wconf 77' lang='lat' dir='ltr'><strong>cognitam,</strong></span> <span class='ocrx_word' id='word_1_143' title='bbox 2549 837 2644 892; x_wconf 88' lang='lat' dir='ltr'><strong>sed</strong></span> <span class='ocrx_word' id='word_1_144' title='bbox 2671 844 2729 891; x_wconf 90' lang='lat' dir='ltr'><strong>ut</strong></span> <span class='ocrx_word' id='word_1_145' title='bbox 2761 846 3034 905; x_wconf 85' lang='lat' dir='ltr'><strong>receptam</strong></span> <span class='ocrx_word' id='word_1_146' title='bbox 3071 833 3138 888; x_wconf 87' lang='lat' dir='ltr'><strong>ab</strong></span> <span class='ocrx_word' id='word_1_147' title='bbox 3165 830 3417 887; x_wconf 84' lang='lat' dir='ltr'><strong>omnibus</strong></span> 
     </span>
    </p>
   </div>
   <div class='ocr_carea' id='block_1_21' title="bbox 1860 924 3419 998">
    <p class='ocr_par' dir='ltr' id='par_1_21' title="bbox 1860 924 3419 998">
     <span class='ocr_line' id='line_1_22' title="bbox 1860 924 3419 998; baseline -0.006 -14"><span class='ocrx_word' id='word_1_148' title='bbox 1860 930 2013 993; x_wconf 86' lang='lat' dir='ltr'><strong>citat,</strong></span> <span class='ocrx_word' id='word_1_149' title='bbox 2067 929 2336 997; x_wconf 82' lang='lat' dir='ltr'><strong>verbaque</strong></span> <span class='ocrx_word' id='word_1_150' title='bbox 2382 929 2500 998; x_wconf 88' lang='lat' dir='ltr'><strong>ejus</strong></span> <span class='ocrx_word' id='word_1_151' title='bbox 2538 926 2877 982; x_wconf 83' lang='lat' dir='ltr'><strong>transcribit.</strong></span> <span class='ocrx_word' id='word_1_152' title='bbox 2926 924 3062 978; x_wconf 86' lang='lat' dir='ltr'><strong>Hinc</strong></span> <span class='ocrx_word' id='word_1_153' title='bbox 3112 937 3241 990; x_wconf 90' lang='lat' dir='ltr'><strong>ergo</strong></span> <span class='ocrx_word' id='word_1_154' title='bbox 3284 935 3419 976; x_wconf 87' lang='lat' dir='ltr'><strong>con-</strong></span> 
     </span>
    </p>
   </div>
   <div class='ocr_carea' id='block_1_22' title="bbox 1860 1012 3416 1087">
    <p class='ocr_par' dir='ltr' id='par_1_22' title="bbox 1860 1012 3416 1087">
     <span class='ocr_line' id='line_1_23' title="bbox 1860 1012 3416 1087; baseline -0.007 -12"><span class='ocrx_word' id='word_1_155' title='bbox 1860 1020 2047 1076; x_wconf 89' lang='lat' dir='ltr'><strong>cludas</strong></span> <span class='ocrx_word' id='word_1_156' title='bbox 2106 1035 2330 1076; x_wconf 84' lang='lat' dir='ltr'><strong>necesse</strong></span> <span class='ocrx_word' id='word_1_157' title='bbox 2389 1028 2474 1074; x_wconf 90' lang='lat' dir='ltr'><strong>est</strong></span> <span class='ocrx_word' id='word_1_158' title='bbox 2545 1017 2785 1087; x_wconf 80' lang='lat' dir='ltr'><strong>Dionysii</strong></span> <span class='ocrx_word' id='word_1_159' title='bbox 2860 1015 3056 1070; x_wconf 93' lang='lat' dir='ltr'><strong>librum</strong></span> <span class='ocrx_word' id='word_1_160' title='bbox 3104 1012 3178 1067; x_wconf 78' lang='lat' dir='ltr'><strong>De</strong></span> <span class='ocrx_word' id='word_1_161' title='bbox 3227 1012 3416 1066; x_wconf 70' lang='lat' dir='ltr'><strong>divinis</strong></span> 
     </span>
    </p>
   </div>
   <div class='ocr_carea' id='block_1_23' title="bbox 1861 1103 3415 1167">
    <p class='ocr_par' dir='ltr' id='par_1_23' title="bbox 1861 1103 3415 1167">
     <span class='ocr_line' id='line_1_24' title="bbox 1861 1103 3415 1167; baseline -0.005 -1"><span class='ocrx_word' id='word_1_162' title='bbox 1861 1112 2156 1167; x_wconf 71' lang='lat' dir='ltr'><strong>nominibus</strong></span> <span class='ocrx_word' id='word_1_163' title='bbox 2205 1126 2309 1167; x_wconf 92' lang='lat' dir='ltr'><strong>non</strong></span> <span class='ocrx_word' id='word_1_164' title='bbox 2352 1122 2479 1166; x_wconf 87' lang='lat' dir='ltr'><strong>ante</strong></span> <span class='ocrx_word' id='word_1_165' title='bbox 2521 1125 2719 1166; x_wconf 89' lang='lat' dir='ltr'><strong>annum</strong></span> <span class='ocrx_word' id='word_1_166' title='bbox 2752 1107 2855 1164; x_wconf 77' lang='lat' dir='ltr'><strong>llo</strong></span> <span class='ocrx_word' id='word_1_167' title='bbox 2880 1108 3135 1163; x_wconf 88' lang='lat' dir='ltr'><strong>emissum</strong></span> <span class='ocrx_word' id='word_1_168' title='bbox 3165 1103 3333 1163; x_wconf 88' lang='lat' dir='ltr'><strong>fuisse</strong></span> <span class='ocrx_word' id='word_1_169' title='bbox 3361 1104 3415 1159; x_wconf 91' lang='lat' dir='ltr'><strong>in</strong></span> 
     </span>
    </p>
   </div>
   <div class='ocr_carea' id='block_1_24' title="bbox 1860 1204 2056 1259">
    <p class='ocr_par' dir='ltr' id='par_1_24' title="bbox 1860 1204 2056 1259">
     <span class='ocr_line' id='line_1_25' title="bbox 1860 1204 2056 1259; baseline -0.005 -1"><span class='ocrx_word' id='word_1_170' title='bbox 1860 1204 2056 1259; x_wconf 85' lang='lat' dir='ltr'><strong>lucem.</strong></span> 
     </span>
    </p>
   </div>
   <div class='ocr_carea' id='block_1_25' title="bbox 1932 1289 3419 1364">
    <p class='ocr_par' dir='ltr' id='par_1_25' title="bbox 1932 1289 3419 1364">
     <span class='ocr_line' id='line_1_26' title="bbox 1932 1289 3419 1364; baseline -0.003 -18"><span class='ocrx_word' id='word_1_171' title='bbox 1932 1293 2278 1364; x_wconf 84' lang='lat' dir='ltr'><strong>Respondent</strong></span> <span class='ocrx_word' id='word_1_172' title='bbox 2300 1294 2523 1364; x_wconf 90' lang='lat' dir='ltr'><strong>quidam</strong></span> <span class='ocrx_word' id='word_1_173' title='bbox 2552 1291 2917 1363; x_wconf 82' lang='lat' dir='ltr'><strong>Areopagitici</strong></span> <span class='ocrx_word' id='word_1_174' title='bbox 2948 1289 3265 1360; x_wconf 82' lang='lat' dir='ltr'><strong>Dionysium</strong></span> <span class='ocrx_word' id='word_1_175' title='bbox 3296 1294 3419 1357; x_wconf 86' lang='lat' dir='ltr'><strong>post</strong></span> 
     </span>
    </p>
   </div>
   <div class='ocr_carea' id='block_1_26' title="bbox 1859 1380 3420 1457">
    <p class='ocr_par' dir='ltr' id='par_1_26' title="bbox 1859 1380 3420 1457">
     <span class='ocr_line' id='line_1_27' title="bbox 1859 1380 3420 1457; baseline -0.006 -16"><span class='ocrx_word' id='word_1_176' title='bbox 1859 1386 2049 1457; x_wconf 90' lang='lat' dir='ltr'><strong>lgnatii</strong></span> <span class='ocrx_word' id='word_1_177' title='bbox 2081 1396 2308 1443; x_wconf 91' lang='lat' dir='ltr'><strong>mortem</strong></span> <span class='ocrx_word' id='word_1_178' title='bbox 2327 1388 2491 1441; x_wconf 90' lang='lat' dir='ltr'><strong>vitam</strong></span> <span class='ocrx_word' id='word_1_179' title='bbox 2517 1401 2665 1441; x_wconf 88' lang='lat' dir='ltr'><strong>suam</strong></span> <span class='ocrx_word' id='word_1_180' title='bbox 2691 1383 3011 1455; x_wconf 79' lang='lat' dir='ltr'><strong>produxisse</strong></span> <span class='ocrx_word' id='word_1_181' title='bbox 3040 1395 3057 1446; x_wconf 85' lang='lat'><strong>;</strong></span> <span class='ocrx_word' id='word_1_182' title='bbox 3083 1380 3420 1450; x_wconf 87' lang='lat' dir='ltr'><strong>proindeque</strong></span> 
     </span>
    </p>
   </div>
   <div class='ocr_carea' id='block_1_27' title="bbox 1860 1469 3419 1547">
    <p class='ocr_par' dir='ltr' id='par_1_27' title="bbox 1860 1469 3419 1547">
     <span class='ocr_line' id='line_1_28' title="bbox 1860 1469 3419 1547; baseline -0.008 -13"><span class='ocrx_word' id='word_1_183' title='bbox 1860 1477 2115 1545; x_wconf 85' lang='lat' dir='ltr'><strong>epistolas</strong></span> <span class='ocrx_word' id='word_1_184' title='bbox 2143 1478 2263 1547; x_wconf 87' lang='lat' dir='ltr'><strong>ejus</strong></span> <span class='ocrx_word' id='word_1_185' title='bbox 2305 1478 2495 1533; x_wconf 89' lang='lat' dir='ltr'><strong>abillo</strong></span> <span class='ocrx_word' id='word_1_186' title='bbox 2539 1477 2781 1546; x_wconf 89' lang='lat' dir='ltr'><strong>potuisse</strong></span> <span class='ocrx_word' id='word_1_187' title='bbox 2837 1473 3064 1528; x_wconf 89' lang='lat' dir='ltr'><strong>laudari.</strong></span> <span class='ocrx_word' id='word_1_188' title='bbox 3108 1470 3213 1525; x_wconf 88' lang='lat' dir='ltr'><strong>Sed</strong></span> <span class='ocrx_word' id='word_1_189' title='bbox 3247 1470 3323 1524; x_wconf 91' lang='lat' dir='ltr'><strong>illi</strong></span> <span class='ocrx_word' id='word_1_190' title='bbox 3350 1469 3419 1523; x_wconf 91' lang='lat' dir='ltr'><strong>de</strong></span> 
     </span>
    </p>
   </div>
   <div class='ocr_carea' id='block_1_28' title="bbox 1861 1560 3416 1638">
    <p class='ocr_par' dir='ltr' id='par_1_28' title="bbox 1861 1560 3416 1638">
     <span class='ocr_line' id='line_1_29' title="bbox 1861 1560 3416 1638; baseline -0.007 -13"><span class='ocrx_word' id='word_1_191' title='bbox 1861 1569 2129 1625; x_wconf 87' lang='lat' dir='ltr'><strong>soliditate</strong></span> <span class='ocrx_word' id='word_1_192' title='bbox 2185 1568 2344 1638; x_wconf 87' lang='lat' dir='ltr'><strong>hujus</strong></span> <span class='ocrx_word' id='word_1_193' title='bbox 2383 1566 2773 1637; x_wconf 90' lang='lat' dir='ltr'><strong>responsionis,</strong></span> <span class='ocrx_word' id='word_1_194' title='bbox 2807 1580 2970 1634; x_wconf 88' lang='lat' dir='ltr'><strong>quam</strong></span> <span class='ocrx_word' id='word_1_195' title='bbox 3021 1578 3147 1618; x_wconf 89' lang='lat' dir='ltr'><strong>cum</strong></span> <span class='ocrx_word' id='word_1_196' title='bbox 3178 1560 3416 1629; x_wconf 87' lang='lat' dir='ltr'><strong>ejusdem</strong></span> 
     </span>
    </p>
   </div>
   <div class='ocr_carea' id='block_1_29' title="bbox 1862 1658 3417 1734">
    <p class='ocr_par' dir='ltr' id='par_1_29' title="bbox 1862 1658 3417 1734">
     <span class='ocr_line' id='line_1_30' title="bbox 1862 1658 3417 1734; baseline -0.007 -17"><span class='ocrx_word' id='word_1_197' title='bbox 1862 1663 2101 1734; x_wconf 80' lang='lat' dir='ltr'><strong>Dionysii</strong></span> <span class='ocrx_word' id='word_1_198' title='bbox 2133 1664 2186 1716; x_wconf 93' lang='lat' dir='ltr'><strong>in</strong></span> <span class='ocrx_word' id='word_1_199' title='bbox 2216 1661 2421 1716; x_wconf 85' lang='lat' dir='ltr'><strong>Gallias</strong></span> <span class='ocrx_word' id='word_1_200' title='bbox 2438 1662 2670 1715; x_wconf 88' lang='lat' dir='ltr'><strong>adventu</strong></span> <span class='ocrx_word' id='word_1_201' title='bbox 2701 1658 3001 1714; x_wconf 90' lang='lat' dir='ltr'><strong>conciliare</strong></span> <span class='ocrx_word' id='word_1_202' title='bbox 3042 1670 3146 1709; x_wconf 91' lang='lat' dir='ltr'><strong>non</strong></span> <span class='ocrx_word' id='word_1_203' title='bbox 3175 1662 3417 1725; x_wconf 90' lang='lat' dir='ltr'><strong>possunt,</strong></span> 
     </span>
    </p>
   </div>
   <div class='ocr_carea' id='block_1_30' title="bbox 1861 1745 3418 1822">
    <p class='ocr_par' dir='ltr' id='par_1_30' title="bbox 1861 1745 3418 1822">
     <span class='ocr_line' id='line_1_31' title="bbox 1861 1745 3418 1822; baseline -0.008 -14"><span class='ocrx_word' id='word_1_204' title='bbox 1861 1754 2076 1822; x_wconf 88' lang='lat' dir='ltr'><strong>penitus</strong></span> <span class='ocrx_word' id='word_1_205' title='bbox 2134 1752 2457 1814; x_wconf 82' lang='lat' dir='ltr'><strong>dillldentes,</strong></span> <span class='ocrx_word' id='word_1_206' title='bbox 2513 1752 2581 1805; x_wconf 88' lang='lat' dir='ltr'><strong>ad</strong></span> <span class='ocrx_word' id='word_1_207' title='bbox 2625 1750 2785 1803; x_wconf 90' lang='lat' dir='ltr'><strong>aliam</strong></span> <span class='ocrx_word' id='word_1_208' title='bbox 2844 1748 3030 1804; x_wconf 84' lang='lat' dir='ltr'><strong>statim</strong></span> <span class='ocrx_word' id='word_1_209' title='bbox 3080 1745 3418 1814; x_wconf 88' lang='lat' dir='ltr'><strong>confugiunt,</strong></span> 
     </span>
    </p>
   </div>
   <div class='ocr_carea' id='block_1_31' title="bbox 191 1826 1762 1915">
    <p class='ocr_par' dir='ltr' id='par_1_31' title="bbox 191 1826 1761 1902">
     <span class='ocr_line' id='line_1_32' title="bbox 191 1826 1761 1902; baseline 0.004 -21"><span class='ocrx_word' id='word_1_210' title='bbox 191 1826 440 1895; x_wconf 87' lang='lat' dir='ltr'><strong>Trajaui,</strong></span> <span class='ocrx_word' id='word_1_211' title='bbox 474 1829 579 1893; x_wconf 86' lang='lat' dir='ltr'><strong>vel,</strong></span> <span class='ocrx_word' id='word_1_212' title='bbox 620 1829 775 1898; x_wconf 77' lang='lat' dir='ltr'><strong>juxta</strong></span> <span class='ocrx_word' id='word_1_213' title='bbox 827 1829 983 1894; x_wconf 87' lang='lat' dir='ltr'><strong>alios,</strong></span> <span class='ocrx_word' id='word_1_214' title='bbox 1024 1832 1124 1886; x_wconf 91' lang='lat' dir='ltr'><strong>sub</strong></span> <span class='ocrx_word' id='word_1_215' title='bbox 1166 1833 1390 1887; x_wconf 86' lang='lat' dir='ltr'><strong>Adriani</strong></span> <span class='ocrx_word' id='word_1_216' title='bbox 1424 1833 1650 1902; x_wconf 89' lang='lat' dir='ltr'><strong>imperio</strong></span> <span class='ocrx_word' id='word_1_217' title='bbox 1684 1835 1761 1888; x_wconf 86' lang='lat' dir='ltr'><strong>vi-</strong></span> 
     </span>
    </p>
   </div>
   <div class='ocr_carea' id='block_1_32' title="bbox 1868 1826 3419 1915">
    <p class='ocr_par' dir='ltr' id='par_1_32' title="bbox 1868 1836 3419 1915">
     <span class='ocr_line' id='line_1_33' title="bbox 1868 1836 3419 1915; baseline -0.006 -17"><span class='ocrx_word' id='word_1_218' title='bbox 1868 1846 2125 1915; x_wconf 88' lang='lat' dir='ltr'><strong>aiuntque</strong></span> <span class='ocrx_word' id='word_1_219' title='bbox 2154 1843 2468 1914; x_wconf 85' lang='lat' dir='ltr'><strong>Dionysium</strong></span> <span class='ocrx_word' id='word_1_220' title='bbox 2518 1842 2719 1911; x_wconf 90' lang='lat' dir='ltr'><strong>scripta</strong></span> <span class='ocrx_word' id='word_1_221' title='bbox 2747 1855 2843 1895; x_wconf 88' lang='lat' dir='ltr'><strong>sua</strong></span> <span class='ocrx_word' id='word_1_222' title='bbox 2874 1841 2928 1893; x_wconf 92' lang='lat' dir='ltr'><strong>in</strong></span> <span class='ocrx_word' id='word_1_223' title='bbox 2964 1838 3174 1894; x_wconf 63' lang='lat' dir='ltr'><strong>Graecia</strong></span> <span class='ocrx_word' id='word_1_224' title='bbox 3203 1836 3419 1906; x_wconf 85' lang='lat' dir='ltr'><strong>quidem</strong></span> 
     </span>
    </p>
   </div>
   <div class='ocr_carea' id='block_1_33' title="bbox 189 1922 1065 1977">
    <p class='ocr_par' dir='ltr' id='par_1_33' title="bbox 189 1922 1065 1977">
     <span class='ocr_line' id='line_1_34' title="bbox 189 1922 1065 1977; baseline 0.002 -3"><span class='ocrx_word' id='word_1_225' title='bbox 189 1930 301 1974; x_wconf 81' lang='lat' dir='ltr'><strong>tam</strong></span> <span class='ocrx_word' id='word_1_226' title='bbox 334 1936 466 1975; x_wconf 88' lang='lat' dir='ltr'><strong>cum</strong></span> <span class='ocrx_word' id='word_1_227' title='bbox 494 1931 668 1977; x_wconf 90' lang='lat' dir='ltr'><strong>morte</strong></span> <span class='ocrx_word' id='word_1_228' title='bbox 690 1922 1065 1977; x_wconf 88' lang='lat' dir='ltr'><strong>commutavit.</strong></span> 
     </span>
    </p>
   </div>
   <div class='ocr_carea' id='block_1_34' title="bbox 256 2011 1760 2088">
    <p class='ocr_par' dir='ltr' id='par_1_34' title="bbox 256 2011 1760 2088">
     <span class='ocr_line' id='line_1_35' title="bbox 256 2011 1760 2088; baseline 0.005 -23"><span class='ocrx_word' id='word_1_229' title='bbox 256 2011 566 2067; x_wconf 86' lang='lat' dir='ltr'><strong>Fatendum</strong></span> <span class='ocrx_word' id='word_1_230' title='bbox 612 2013 832 2082; x_wconf 90' lang='lat' dir='ltr'><strong>quidem</strong></span> <span class='ocrx_word' id='word_1_231' title='bbox 882 2023 965 2070; x_wconf 87' lang='lat' dir='ltr'><strong>est</strong></span> <span class='ocrx_word' id='word_1_232' title='bbox 1001 2015 1144 2084; x_wconf 86' lang='lat' dir='ltr'><strong>quod</strong></span> <span class='ocrx_word' id='word_1_233' title='bbox 1189 2016 1235 2071; x_wconf 87' lang='lat' dir='ltr'><strong>si</strong></span> <span class='ocrx_word' id='word_1_234' title='bbox 1270 2019 1373 2071; x_wconf 92' lang='lat' dir='ltr'><strong>hoc</strong></span> <span class='ocrx_word' id='word_1_235' title='bbox 1424 2017 1760 2088; x_wconf 69' lang='lat' dir='ltr'><strong>Dionysianze</strong></span> 
     </span>
    </p>
   </div>
   <div class='ocr_carea' id='block_1_35' title="bbox 188 2105 1762 2180">
    <p class='ocr_par' dir='ltr' id='par_1_35' title="bbox 188 2105 1762 2180">
     <span class='ocr_line' id='line_1_36' title="bbox 188 2105 1762 2180; baseline 0.006 -23"><span class='ocrx_word' id='word_1_236' title='bbox 188 2105 387 2159; x_wconf 85' lang='lat' dir='ltr'><strong>mortis</strong></span> <span class='ocrx_word' id='word_1_237' title='bbox 439 2112 649 2173; x_wconf 89' lang='lat' dir='ltr'><strong>tempus</strong></span> <span class='ocrx_word' id='word_1_238' title='bbox 697 2107 865 2161; x_wconf 88' lang='lat' dir='ltr'><strong>certis</strong></span> <span class='ocrx_word' id='word_1_239' title='bbox 926 2108 1197 2162; x_wconf 87' lang='lat' dir='ltr'><strong>rationum</strong></span> <span class='ocrx_word' id='word_1_240' title='bbox 1247 2110 1533 2164; x_wconf 90' lang='lat' dir='ltr'><strong>momentis</strong></span> <span class='ocrx_word' id='word_1_241' title='bbox 1580 2120 1762 2180; x_wconf 87' lang='lat' dir='ltr'><strong>posset</strong></span> 
     </span>
    </p>
   </div>
   <div class='ocr_carea' id='block_1_36' title="bbox 190 2195 1760 2270">
    <p class='ocr_par' dir='ltr' id='par_1_36' title="bbox 190 2195 1760 2270">
     <span class='ocr_line' id='line_1_37' title="bbox 190 2195 1760 2270; baseline 0.004 -19"><span class='ocrx_word' id='word_1_242' title='bbox 190 2195 536 2263; x_wconf 80' lang='lat' dir='ltr'><strong>conﬁrmari,</strong></span> <span class='ocrx_word' id='word_1_243' title='bbox 566 2197 745 2251; x_wconf 91' lang='lat' dir='ltr'><strong>omnis</strong></span> <span class='ocrx_word' id='word_1_244' title='bbox 797 2198 980 2266; x_wconf 90' lang='lat' dir='ltr'><strong>procul</strong></span> <span class='ocrx_word' id='word_1_245' title='bbox 1025 2198 1189 2254; x_wconf 91' lang='lat' dir='ltr'><strong>dubio</strong></span> <span class='ocrx_word' id='word_1_246' title='bbox 1213 2199 1512 2255; x_wconf 88' lang='lat' dir='ltr'><strong>solveretur</strong></span> <span class='ocrx_word' id='word_1_247' title='bbox 1540 2201 1760 2270; x_wconf 88' lang='lat' dir='ltr'><strong>hujusce</strong></span> 
     </span>
    </p>
   </div>
   <div class='ocr_carea' id='block_1_37' title="bbox 192 2287 1758 2361">
    <p class='ocr_par' dir='ltr' id='par_1_37' title="bbox 192 2287 1758 2361">
     <span class='ocr_line' id='line_1_38' title="bbox 192 2287 1758 2361; baseline 0.003 -20"><span class='ocrx_word' id='word_1_248' title='bbox 192 2287 528 2342; x_wconf 76' lang='lat' dir='ltr'><strong>difﬁcultatis</strong></span> <span class='ocrx_word' id='word_1_249' title='bbox 555 2288 751 2342; x_wconf 91' lang='lat' dir='ltr'><strong>nodus.</strong></span> <span class='ocrx_word' id='word_1_250' title='bbox 789 2287 894 2342; x_wconf 89' lang='lat' dir='ltr'><strong>Sed</strong></span> <span class='ocrx_word' id='word_1_251' title='bbox 919 2291 1254 2344; x_wconf 91' lang='lat' dir='ltr'><strong>contendunt</strong></span> <span class='ocrx_word' id='word_1_252' title='bbox 1281 2290 1758 2361; x_wconf 85' lang='lat' dir='ltr'><strong>Antiareopagitici</strong></span> 
     </span>
    </p>
   </div>
   <div class='ocr_carea' id='block_1_38' title="bbox 191 2379 1761 2450">
    <p class='ocr_par' dir='ltr' id='par_1_38' title="bbox 191 2379 1761 2450">
     <span class='ocr_line' id='line_1_39' title="bbox 191 2379 1761 2450; baseline 0.003 -18"><span class='ocrx_word' id='word_1_253' title='bbox 191 2379 511 2449; x_wconf 84' lang='lat' dir='ltr'><strong>Dionysium</strong></span> <span class='ocrx_word' id='word_1_254' title='bbox 544 2387 666 2448; x_wconf 89' lang='lat' dir='ltr'><strong>post</strong></span> <span class='ocrx_word' id='word_1_255' title='bbox 710 2379 1001 2433; x_wconf 88' lang='lat' dir='ltr'><strong>Domitiani</strong></span> <span class='ocrx_word' id='word_1_256' title='bbox 1035 2379 1379 2450; x_wconf 88' lang='lat' dir='ltr'><strong>imperatoris</strong></span> <span class='ocrx_word' id='word_1_257' title='bbox 1411 2390 1654 2449; x_wconf 90' lang='lat' dir='ltr'><strong>tempora</strong></span> <span class='ocrx_word' id='word_1_258' title='bbox 1679 2384 1761 2437; x_wconf 89' lang='lat' dir='ltr'><strong>vi-</strong></span> 
     </span>
    </p>
   </div>
   <div class='ocr_carea' id='block_1_39' title="bbox 194 2469 1762 2540">
    <p class='ocr_par' dir='ltr' id='par_1_39' title="bbox 194 2469 1762 2540">
     <span class='ocr_line' id='line_1_40' title="bbox 194 2469 1762 2540; baseline 0.004 -17"><span class='ocrx_word' id='word_1_259' title='bbox 194 2479 302 2523; x_wconf 87' lang='lat' dir='ltr'><strong>tam</strong></span> <span class='ocrx_word' id='word_1_260' title='bbox 331 2484 446 2524; x_wconf 91' lang='lat' dir='ltr'><strong>non</strong></span> <span class='ocrx_word' id='word_1_261' title='bbox 474 2470 819 2539; x_wconf 79' lang='lat' dir='ltr'><strong>produxisse.</strong></span> <span class='ocrx_word' id='word_1_262' title='bbox 864 2469 1016 2537; x_wconf 85' lang='lat' dir='ltr'><strong>Quod</strong></span> <span class='ocrx_word' id='word_1_263' title='bbox 1048 2471 1267 2540; x_wconf 90' lang='lat' dir='ltr'><strong>quidem</strong></span> <span class='ocrx_word' id='word_1_264' title='bbox 1295 2474 1369 2527; x_wconf 91' lang='lat' dir='ltr'><strong>ita</strong></span> <span class='ocrx_word' id='word_1_265' title='bbox 1394 2482 1606 2528; x_wconf 87' lang='lat' dir='ltr'><strong>certqu</strong></span> <span class='ocrx_word' id='word_1_266' title='bbox 1640 2489 1762 2531; x_wconf 89' lang='lat' dir='ltr'><strong>esse</strong></span> 
     </span>
    </p>
   </div>
   <div class='ocr_carea' id='block_1_40' title="bbox 192 2560 1756 2632">
    <p class='ocr_par' dir='ltr' id='par_1_40' title="bbox 192 2560 1756 2632">
     <span class='ocr_line' id='line_1_41' title="bbox 192 2560 1756 2632; baseline 0.005 -18"><span class='ocrx_word' id='word_1_267' title='bbox 192 2562 403 2625; x_wconf 88' lang='lat' dir='ltr'><strong>volunt,</strong></span> <span class='ocrx_word' id='word_1_268' title='bbox 428 2570 487 2614; x_wconf 90' lang='lat' dir='ltr'><strong>ut</strong></span> <span class='ocrx_word' id='word_1_269' title='bbox 514 2574 619 2615; x_wconf 92' lang='lat' dir='ltr'><strong>non</strong></span> <span class='ocrx_word' id='word_1_270' title='bbox 658 2560 831 2616; x_wconf 90' lang='lat' dir='ltr'><strong>solum</strong></span> <span class='ocrx_word' id='word_1_271' title='bbox 866 2563 1222 2617; x_wconf 88' lang='lat' dir='ltr'><strong>accuratioris</strong></span> <span class='ocrx_word' id='word_1_272' title='bbox 1249 2564 1455 2618; x_wconf 89' lang='lat' dir='ltr'><strong>criterii</strong></span> <span class='ocrx_word' id='word_1_273' title='bbox 1483 2574 1756 2632; x_wconf 88' lang='lat' dir='ltr'><strong>auctores,</strong></span> 
     </span>
    </p>
   </div>
   <div class='ocr_carea' id='block_1_41' title="bbox 194 2653 1762 2728">
    <p class='ocr_par' dir='ltr' id='par_1_41' title="bbox 194 2653 1762 2728">
     <span class='ocr_line' id='line_1_42' title="bbox 194 2653 1762 2728; baseline 0.004 -22"><span class='ocrx_word' id='word_1_274' title='bbox 194 2654 287 2708; x_wconf 88' lang='lat' dir='ltr'><strong>sed</strong></span> <span class='ocrx_word' id='word_1_275' title='bbox 317 2668 511 2708; x_wconf 89' lang='lat' dir='ltr'><strong>eorum</strong></span> <span class='ocrx_word' id='word_1_276' title='bbox 551 2653 715 2708; x_wconf 90' lang='lat' dir='ltr'><strong>etiam</strong></span> <span class='ocrx_word' id='word_1_277' title='bbox 760 2654 853 2723; x_wconf 87' lang='lat' dir='ltr'><strong>qui</strong></span> <span class='ocrx_word' id='word_1_278' title='bbox 881 2655 1079 2725; x_wconf 90' lang='lat' dir='ltr'><strong>scripta</strong></span> <span class='ocrx_word' id='word_1_279' title='bbox 1132 2654 1388 2727; x_wconf 85' lang='lat' dir='ltr'><strong>Dionysio</strong></span> <span class='ocrx_word' id='word_1_280' title='bbox 1422 2658 1762 2728; x_wconf 66' lang='lat' dir='ltr'><strong>Areopagitae</strong></span> 
     </span>
    </p>
   </div>
   <div class='ocr_carea' id='block_1_42' title="bbox 196 2745 1759 2818">
    <p class='ocr_par' dir='ltr' id='par_1_42' title="bbox 196 2745 1759 2818">
     <span class='ocr_line' id='line_1_43' title="bbox 196 2745 1759 2818; baseline 0.005 -23"><span class='ocrx_word' id='word_1_281' title='bbox 196 2745 497 2809; x_wconf 76' lang='lat' dir='ltr'><strong>vindicant,</strong></span> <span class='ocrx_word' id='word_1_282' title='bbox 526 2760 635 2800; x_wconf 90' lang='lat' dir='ltr'><strong>non</strong></span> <span class='ocrx_word' id='word_1_283' title='bbox 669 2745 829 2814; x_wconf 86' lang='lat' dir='ltr'><strong>pauci</strong></span> <span class='ocrx_word' id='word_1_284' title='bbox 859 2745 986 2800; x_wconf 92' lang='lat' dir='ltr'><strong>huic</strong></span> <span class='ocrx_word' id='word_1_285' title='bbox 1024 2746 1264 2816; x_wconf 79' lang='lat' dir='ltr'><strong>Opinioni</strong></span> <span class='ocrx_word' id='word_1_286' title='bbox 1321 2748 1759 2818; x_wconf 89' lang='lat' dir='ltr'><strong>subscripserint.</strong></span> 
     </span>
    </p>
   </div>
   <div class='ocr_carea' id='block_1_43' title="bbox 193 2834 1762 2909">
    <p class='ocr_par' dir='ltr' id='par_1_43' title="bbox 193 2834 1762 2909">
     <span class='ocr_line' id='line_1_44' title="bbox 193 2834 1762 2909; baseline 0.003 -19"><span class='ocrx_word' id='word_1_287' title='bbox 193 2834 461 2890; x_wconf 69' lang='lat' dir='ltr'><strong>Caeterum</strong></span> <span class='ocrx_word' id='word_1_288' title='bbox 513 2851 637 2890; x_wconf 88' lang='lat' dir='ltr'><strong>cum</strong></span> <span class='ocrx_word' id='word_1_289' title='bbox 679 2845 891 2904; x_wconf 88' lang='lat' dir='ltr'><strong>tempus</strong></span> <span class='ocrx_word' id='word_1_290' title='bbox 914 2837 1250 2907; x_wconf 84' lang='lat' dir='ltr'><strong>Dionysianae</strong></span> <span class='ocrx_word' id='word_1_291' title='bbox 1296 2840 1487 2895; x_wconf 89' lang='lat' dir='ltr'><strong>mortis</strong></span> <span class='ocrx_word' id='word_1_292' title='bbox 1521 2854 1606 2904; x_wconf 85' lang='lat' dir='ltr'><strong>ea,</strong></span> <span class='ocrx_word' id='word_1_293' title='bbox 1644 2856 1762 2909; x_wconf 72' lang='lat' dir='ltr'><strong>qua:</strong></span> 
     </span>
    </p>
   </div>
   <div class='ocr_carea' id='block_1_44' title="bbox 193 2926 1761 2993">
    <p class='ocr_par' dir='ltr' id='par_1_44' title="bbox 193 2926 1761 2993">
     <span class='ocr_line' id='line_1_45' title="bbox 193 2926 1761 2993; baseline 0.003 -13"><span class='ocrx_word' id='word_1_294' title='bbox 193 2942 413 2981; x_wconf 90' lang='lat' dir='ltr'><strong>omnem</strong></span> <span class='ocrx_word' id='word_1_295' title='bbox 447 2926 603 2982; x_wconf 89' lang='lat' dir='ltr'><strong>tollat</strong></span> <span class='ocrx_word' id='word_1_296' title='bbox 645 2926 1029 2993; x_wconf 77' lang='lat' dir='ltr'><strong>difﬁcultatem,</strong></span> <span class='ocrx_word' id='word_1_297' title='bbox 1077 2930 1348 2983; x_wconf 79' lang='lat' dir='ltr'><strong>evidentia</strong></span> <span class='ocrx_word' id='word_1_298' title='bbox 1400 2930 1761 2987; x_wconf 91' lang='lat' dir='ltr'><strong>demonstrari</strong></span> 
     </span>
    </p>
   </div>
   <div class='ocr_carea' id='block_1_45' title="bbox 196 3024 1764 3091">
    <p class='ocr_par' dir='ltr' id='par_1_45' title="bbox 196 3024 1764 3091">
     <span class='ocr_line' id='line_1_46' title="bbox 196 3024 1764 3091; baseline 0.004 -19"><span class='ocrx_word' id='word_1_299' title='bbox 196 3028 459 3088; x_wconf 84' lang='lat' dir='ltr'><strong>nequeat,</strong></span> <span class='ocrx_word' id='word_1_300' title='bbox 514 3034 581 3074; x_wconf 92' lang='lat' dir='ltr'><strong>eo</strong></span> <span class='ocrx_word' id='word_1_301' title='bbox 636 3030 786 3075; x_wconf 88' lang='lat' dir='ltr'><strong>certe</strong></span> <span class='ocrx_word' id='word_1_302' title='bbox 859 3031 1175 3091; x_wconf 88' lang='lat' dir='ltr'><strong>argumento</strong></span> <span class='ocrx_word' id='word_1_303' title='bbox 1239 3036 1344 3075; x_wconf 91' lang='lat' dir='ltr'><strong>non</strong></span> <span class='ocrx_word' id='word_1_304' title='bbox 1417 3024 1764 3078; x_wconf 85' lang='lat' dir='ltr'><strong>revincentur</strong></span> 
     </span>
    </p>
   </div>
   <div class='ocr_carea' id='block_1_46' title="bbox 192 3112 1127 3184">
    <p class='ocr_par' dir='ltr' id='par_1_46' title="bbox 192 3112 1127 3184">
     <span class='ocr_line' id='line_1_47' title="bbox 192 3112 1127 3184; baseline 0 -19"><span class='ocrx_word' id='word_1_305' title='bbox 192 3126 383 3166; x_wconf 85' lang='lat' dir='ltr'><strong>omnes</strong></span> <span class='ocrx_word' id='word_1_306' title='bbox 408 3113 911 3184; x_wconf 84' lang='lat' dir='ltr'><strong>Areopagiticorum</strong></span> <span class='ocrx_word' id='word_1_307' title='bbox 944 3112 1127 3168; x_wconf 84' lang='lat' dir='ltr'><strong>animi.</strong></span> 
     </span>
    </p>
   </div>
   <div class='ocr_carea' id='block_1_47' title="bbox 261 3202 1760 3274">
    <p class='ocr_par' dir='ltr' id='par_1_47' title="bbox 261 3202 1760 3274">
     <span class='ocr_line' id='line_1_48' title="bbox 261 3202 1760 3274; baseline 0.004 -18"><span class='ocrx_word' id='word_1_308' title='bbox 261 3202 607 3273; x_wconf 82' lang='lat' dir='ltr'><strong>Quapropter</strong></span> <span class='ocrx_word' id='word_1_309' title='bbox 654 3218 754 3258; x_wconf 92' lang='lat' dir='ltr'><strong>nec</strong></span> <span class='ocrx_word' id='word_1_310' title='bbox 802 3203 941 3273; x_wconf 91' lang='lat' dir='ltr'><strong>apud</strong></span> <span class='ocrx_word' id='word_1_311' title='bbox 984 3218 1079 3259; x_wconf 90' lang='lat' dir='ltr'><strong>eos</strong></span> <span class='ocrx_word' id='word_1_312' title='bbox 1104 3205 1223 3274; x_wconf 90' lang='lat' dir='ltr'><strong>plus</strong></span> <span class='ocrx_word' id='word_1_313' title='bbox 1254 3204 1451 3261; x_wconf 89' lang='lat' dir='ltr'><strong>valebit</strong></span> <span class='ocrx_word' id='word_1_314' title='bbox 1479 3214 1533 3261; x_wconf 86' lang='lat' dir='ltr'><strong>et</strong></span> <span class='ocrx_word' id='word_1_315' title='bbox 1556 3208 1661 3263; x_wconf 90' lang='lat' dir='ltr'><strong>alia</strong></span> <span class='ocrx_word' id='word_1_316' title='bbox 1684 3209 1760 3262; x_wconf 89' lang='lat' dir='ltr'><strong>si-</strong></span> 
     </span>
    </p>
   </div>
   <div class='ocr_carea' id='block_1_48' title="bbox 193 3295 1761 3366">
    <p class='ocr_par' dir='ltr' id='par_1_48' title="bbox 193 3295 1761 3366">
     <span class='ocr_line' id='line_1_49' title="bbox 193 3295 1761 3366; baseline 0.002 -14"><span class='ocrx_word' id='word_1_317' title='bbox 193 3297 339 3353; x_wconf 85' lang='lat' dir='ltr'><strong>milis</strong></span> <span class='ocrx_word' id='word_1_318' title='bbox 383 3295 810 3366; x_wconf 77' lang='lat' dir='ltr'><strong>argumentatio,</strong></span> <span class='ocrx_word' id='word_1_319' title='bbox 860 3296 986 3350; x_wconf 88' lang='lat' dir='ltr'><strong>inde</strong></span> <span class='ocrx_word' id='word_1_320' title='bbox 1036 3298 1201 3365; x_wconf 89' lang='lat' dir='ltr'><strong>petita</strong></span> <span class='ocrx_word' id='word_1_321' title='bbox 1238 3297 1379 3366; x_wconf 90' lang='lat' dir='ltr'><strong>quod</strong></span> <span class='ocrx_word' id='word_1_322' title='bbox 1421 3299 1474 3353; x_wconf 91' lang='lat' dir='ltr'><strong>in</strong></span> <span class='ocrx_word' id='word_1_323' title='bbox 1504 3298 1761 3355; x_wconf 89' lang='lat' dir='ltr'><strong>librorum</strong></span> 
     </span>
    </p>
   </div>
   <div class='ocr_carea' id='block_1_49' title="bbox 192 3387 1766 3461">
    <p class='ocr_par' dir='ltr' id='par_1_49' title="bbox 192 3387 1766 3461">
     <span class='ocr_line' id='line_1_50' title="bbox 192 3387 1766 3461; baseline 0.001 -16"><span class='ocrx_word' id='word_1_324' title='bbox 192 3391 696 3459; x_wconf 81' lang='lat' dir='ltr'><strong>manuscriptorum</strong></span> <span class='ocrx_word' id='word_1_325' title='bbox 744 3387 987 3442; x_wconf 90' lang='lat' dir='ltr'><strong>omnium</strong></span> <span class='ocrx_word' id='word_1_326' title='bbox 1027 3388 1197 3444; x_wconf 89' lang='lat' dir='ltr'><strong>titulis</strong></span> <span class='ocrx_word' id='word_1_327' title='bbox 1223 3400 1415 3445; x_wconf 91' lang='lat' dir='ltr'><strong>auctor</strong></span> <span class='ocrx_word' id='word_1_328' title='bbox 1435 3393 1628 3445; x_wconf 87' lang='lat' dir='ltr'><strong>noster</strong></span> <span class='ocrx_word' id='word_1_329' title='bbox 1657 3393 1766 3461; x_wconf 88' lang='lat' dir='ltr'><strong>epi-</strong></span> 
     </span>
    </p>
   </div>
   <div class='ocr_carea' id='block_1_50' title="bbox 192 3480 1765 3552">
    <p class='ocr_par' dir='ltr' id='par_1_50' title="bbox 192 3480 1765 3552">
     <span class='ocr_line' id='line_1_51' title="bbox 192 3480 1765 3552; baseline 0.001 -15"><span class='ocrx_word' id='word_1_330' title='bbox 192 3497 392 3552; x_wconf 82' lang='lat' dir='ltr'><strong>scopus</strong></span> <span class='ocrx_word' id='word_1_331' title='bbox 419 3481 770 3536; x_wconf 81' lang='lat' dir='ltr'><strong>Atheniensis</strong></span> <span class='ocrx_word' id='word_1_332' title='bbox 817 3482 1165 3536; x_wconf 88' lang='lat' dir='ltr'><strong>inscribatur.</strong></span> <span class='ocrx_word' id='word_1_333' title='bbox 1217 3480 1402 3551; x_wconf 87' lang='lat' dir='ltr'><strong>Neque</strong></span> <span class='ocrx_word' id='word_1_334' title='bbox 1442 3482 1586 3536; x_wconf 92' lang='lat' dir='ltr'><strong>enim</strong></span> <span class='ocrx_word' id='word_1_335' title='bbox 1626 3483 1765 3538; x_wconf 87' lang='lat' dir='ltr'><strong>ullus</strong></span> 
     </span>
    </p>
   </div>
   <div class='ocr_carea' id='block_1_51' title="bbox 194 3566 1761 3638">
    <p class='ocr_par' dir='ltr' id='par_1_51' title="bbox 194 3566 1761 3638">
     <span class='ocr_line' id='line_1_52' title="bbox 194 3566 1761 3638; baseline -0.003 -13"><span class='ocrx_word' id='word_1_336' title='bbox 194 3582 342 3627; x_wconf 88' lang='lat' dir='ltr'><strong>certa</strong></span> <span class='ocrx_word' id='word_1_337' title='bbox 369 3571 599 3625; x_wconf 92' lang='lat' dir='ltr'><strong>omnino</strong></span> <span class='ocrx_word' id='word_1_338' title='bbox 630 3584 695 3623; x_wconf 91' lang='lat' dir='ltr'><strong>ac</strong></span> <span class='ocrx_word' id='word_1_339' title='bbox 728 3568 887 3638; x_wconf 89' lang='lat' dir='ltr'><strong>plane</strong></span> <span class='ocrx_word' id='word_1_340' title='bbox 933 3567 1171 3623; x_wconf 91' lang='lat' dir='ltr'><strong>evidenti</strong></span> <span class='ocrx_word' id='word_1_341' title='bbox 1197 3566 1517 3635; x_wconf 89' lang='lat' dir='ltr'><strong>probatione</strong></span> <span class='ocrx_word' id='word_1_342' title='bbox 1540 3569 1761 3623; x_wconf 84' lang='lat' dir='ltr'><strong>demon-</strong></span> 
     </span>
    </p>
   </div>
   <div class='ocr_carea' id='block_1_52' title="bbox 193 3659 1765 3731">
    <p class='ocr_par' dir='ltr' id='par_1_52' title="bbox 193 3659 1765 3731">
     <span class='ocr_line' id='line_1_53' title="bbox 193 3659 1765 3731; baseline -0.001 -15"><span class='ocrx_word' id='word_1_343' title='bbox 193 3664 393 3717; x_wconf 88' lang='lat' dir='ltr'><strong>stravit</strong></span> <span class='ocrx_word' id='word_1_344' title='bbox 456 3661 701 3731; x_wconf 88' lang='lat' dir='ltr'><strong>quandiu</strong></span> <span class='ocrx_word' id='word_1_345' title='bbox 751 3659 1042 3731; x_wconf 89' lang='lat' dir='ltr'><strong>Dionysius</strong></span> <span class='ocrx_word' id='word_1_346' title='bbox 1095 3660 1483 3714; x_wconf 86' lang='lat' dir='ltr'><strong>Atheniensem</strong></span> <span class='ocrx_word' id='word_1_347' title='bbox 1529 3660 1765 3715; x_wconf 91' lang='lat' dir='ltr'><strong>tenuerit</strong></span> 
     </span>
    </p>
   </div>
   <div class='ocr_carea' id='block_1_53' title="bbox 192 3750 1767 3825">
    <p class='ocr_par' dir='ltr' id='par_1_53' title="bbox 192 3750 1767 3825">
     <span class='ocr_line' id='line_1_54' title="bbox 192 3750 1767 3825; baseline -0.003 -18"><span class='ocrx_word' id='word_1_348' title='bbox 192 3755 594 3825; x_wconf 89' lang='lat' dir='ltr'><strong>episcopatum,</strong></span> <span class='ocrx_word' id='word_1_349' title='bbox 626 3762 721 3805; x_wconf 88' lang='lat' dir='ltr'><strong>aut</strong></span> <span class='ocrx_word' id='word_1_350' title='bbox 748 3765 854 3820; x_wconf 92' lang='lat' dir='ltr'><strong>quo</strong></span> <span class='ocrx_word' id='word_1_351' title='bbox 883 3762 1124 3820; x_wconf 88' lang='lat' dir='ltr'><strong>tempore</strong></span> <span class='ocrx_word' id='word_1_352' title='bbox 1154 3750 1269 3804; x_wconf 88' lang='lat' dir='ltr'><strong>sive</strong></span> <span class='ocrx_word' id='word_1_353' title='bbox 1296 3759 1590 3818; x_wconf 87' lang='lat' dir='ltr'><strong>spontanea</strong></span> <span class='ocrx_word' id='word_1_354' title='bbox 1615 3752 1767 3805; x_wconf 85' lang='lat' dir='ltr'><strong>abdi-</strong></span> 
     </span>
    </p>
   </div>
   <div class='ocr_carea' id='block_1_54' title="bbox 192 3841 1766 3911">
    <p class='ocr_par' dir='ltr' id='par_1_54' title="bbox 192 3841 1766 3911">
     <span class='ocr_line' id='line_1_55' title="bbox 192 3841 1766 3911; baseline -0.004 -11"><span class='ocrx_word' id='word_1_355' title='bbox 192 3847 413 3900; x_wconf 86' lang='lat' dir='ltr'><strong>catione</strong></span> <span class='ocrx_word' id='word_1_356' title='bbox 439 3845 559 3898; x_wconf 87' lang='lat' dir='ltr'><strong>sive</strong></span> <span class='ocrx_word' id='word_1_357' title='bbox 586 3854 762 3897; x_wconf 90' lang='lat' dir='ltr'><strong>morte</strong></span> <span class='ocrx_word' id='word_1_358' title='bbox 795 3857 893 3897; x_wconf 89' lang='lat' dir='ltr'><strong>sua</strong></span> <span class='ocrx_word' id='word_1_359' title='bbox 923 3841 1072 3896; x_wconf 91' lang='lat' dir='ltr'><strong>illum</strong></span> <span class='ocrx_word' id='word_1_360' title='bbox 1111 3842 1325 3895; x_wconf 90' lang='lat' dir='ltr'><strong>tandem</strong></span> <span class='ocrx_word' id='word_1_361' title='bbox 1358 3842 1653 3911; x_wconf 91' lang='lat' dir='ltr'><strong>reliquerit.</strong></span> <span class='ocrx_word' id='word_1_362' title='bbox 1680 3841 1766 3895; x_wconf 89' lang='lat' dir='ltr'><strong>ln-</strong></span> 
     </span>
    </p>
   </div>
   <div class='ocr_carea' id='block_1_55' title="bbox 192 3932 1765 4005">
    <p class='ocr_par' dir='ltr' id='par_1_55' title="bbox 192 3932 1765 4005">
     <span class='ocr_line' id='line_1_56' title="bbox 192 3932 1765 4005; baseline -0.003 -14"><span class='ocrx_word' id='word_1_363' title='bbox 192 3948 403 3992; x_wconf 86' lang='lat' dir='ltr'><strong>certum</strong></span> <span class='ocrx_word' id='word_1_364' title='bbox 434 3936 602 4005; x_wconf 80' lang='lat' dir='ltr'><strong>igitur</strong></span> <span class='ocrx_word' id='word_1_365' title='bbox 647 3932 1040 4005; x_wconf 83' lang='lat' dir='ltr'><strong>Areopagiticis</strong></span> <span class='ocrx_word' id='word_1_366' title='bbox 1088 3933 1355 3987; x_wconf 90' lang='lat' dir='ltr'><strong>videbitur</strong></span> <span class='ocrx_word' id='word_1_367' title='bbox 1386 3949 1512 3986; x_wconf 90' lang='lat' dir='ltr'><strong>num</strong></span> <span class='ocrx_word' id='word_1_368' title='bbox 1561 3934 1765 4004; x_wconf 83' lang='lat' dir='ltr'><strong>Diony-</strong></span> 
     </span>
    </p>
   </div>
   <div class='ocr_carea' id='block_1_56' title="bbox 192 4024 1765 4097">
    <p class='ocr_par' dir='ltr' id='par_1_56' title="bbox 192 4024 1765 4097">
     <span class='ocr_line' id='line_1_57' title="bbox 192 4024 1765 4097; baseline -0.001 -16"><span class='ocrx_word' id='word_1_369' title='bbox 192 4030 305 4082; x_wconf 87' lang='lat' dir='ltr'><strong>sius</strong></span> <span class='ocrx_word' id='word_1_370' title='bbox 332 4036 464 4097; x_wconf 91' lang='lat' dir='ltr'><strong>post</strong></span> <span class='ocrx_word' id='word_1_371' title='bbox 483 4024 661 4080; x_wconf 89' lang='lat' dir='ltr'><strong>editos</strong></span> <span class='ocrx_word' id='word_1_372' title='bbox 688 4040 719 4078; x_wconf 88' lang='lat' dir='ltr'><strong>a</strong></span> <span class='ocrx_word' id='word_1_373' title='bbox 753 4024 961 4079; x_wconf 77' lang='lat' dir='ltr'><strong>Joanne</strong></span> <span class='ocrx_word' id='word_1_374' title='bbox 1008 4024 1358 4095; x_wconf 84' lang='lat' dir='ltr'><strong>Apocalypsis</strong></span> <span class='ocrx_word' id='word_1_375' title='bbox 1394 4034 1448 4079; x_wconf 92' lang='lat' dir='ltr'><strong>et</strong></span> <span class='ocrx_word' id='word_1_376' title='bbox 1486 4024 1765 4095; x_wconf 82' lang='lat' dir='ltr'><strong>Evangelii</strong></span> 
     </span>
    </p>
   </div>
   <div class='ocr_carea' id='block_1_57' title="bbox 193 4113 1763 4183">
    <p class='ocr_par' dir='ltr' id='par_1_57' title="bbox 193 4113 1763 4183">
     <span class='ocr_line' id='line_1_58' title="bbox 193 4113 1763 4183; baseline -0.002 -12"><span class='ocrx_word' id='word_1_377' title='bbox 193 4118 367 4171; x_wconf 84' lang='lat' dir='ltr'><strong>libros</strong></span> <span class='ocrx_word' id='word_1_378' title='bbox 405 4113 731 4170; x_wconf 83' lang='lat' dir='ltr'><strong>Atheniensi</strong></span> <span class='ocrx_word' id='word_1_379' title='bbox 785 4113 1118 4183; x_wconf 88' lang='lat' dir='ltr'><strong>episcopatui</strong></span> <span class='ocrx_word' id='word_1_380' title='bbox 1166 4114 1413 4168; x_wconf 87' lang='lat' dir='ltr'><strong>nuntium</strong></span> <span class='ocrx_word' id='word_1_381' title='bbox 1445 4130 1551 4169; x_wconf 92' lang='lat' dir='ltr'><strong>non</strong></span> <span class='ocrx_word' id='word_1_382' title='bbox 1598 4116 1763 4170; x_wconf 90' lang='lat' dir='ltr'><strong>remi-</strong></span> 
     </span>
    </p>
   </div>
   <div class='ocr_carea' id='block_1_58' title="bbox 193 4207 1765 4277">
    <p class='ocr_par' dir='ltr' id='par_1_58' title="bbox 193 4207 1765 4277">
     <span class='ocr_line' id='line_1_59' title="bbox 193 4207 1765 4277; baseline -0.003 -11"><span class='ocrx_word' id='word_1_383' title='bbox 193 4212 351 4266; x_wconf 88' lang='lat' dir='ltr'><strong>serit.</strong></span> <span class='ocrx_word' id='word_1_384' title='bbox 402 4209 534 4263; x_wconf 67' lang='lat' dir='ltr'><strong>llaec</strong></span> <span class='ocrx_word' id='word_1_385' title='bbox 592 4209 775 4276; x_wconf 89' lang='lat' dir='ltr'><strong>itaque</strong></span> <span class='ocrx_word' id='word_1_386' title='bbox 817 4207 1203 4277; x_wconf 88' lang='lat' dir='ltr'><strong>probationum</strong></span> <span class='ocrx_word' id='word_1_387' title='bbox 1256 4207 1599 4261; x_wconf 86' lang='lat' dir='ltr'><strong>ﬁrmamenta</strong></span> <span class='ocrx_word' id='word_1_388' title='bbox 1626 4207 1765 4277; x_wconf 91' lang='lat' dir='ltr'><strong>apud</strong></span> 
     </span>
    </p>
   </div>
   <div class='ocr_carea' id='block_1_59' title="bbox 192 4299 1764 4368">
    <p class='ocr_par' dir='ltr' id='par_1_59' title="bbox 192 4299 1764 4368">
     <span class='ocr_line' id='line_1_60' title="bbox 192 4299 1764 4368; baseline -0.004 -10"><span class='ocrx_word' id='word_1_389' title='bbox 192 4317 287 4358; x_wconf 89' lang='lat' dir='ltr'><strong>eos</strong></span> <span class='ocrx_word' id='word_1_390' title='bbox 330 4311 553 4356; x_wconf 87' lang='lat' dir='ltr'><strong>tantum</strong></span> <span class='ocrx_word' id='word_1_391' title='bbox 590 4301 698 4353; x_wconf 90' lang='lat' dir='ltr'><strong>vim</strong></span> <span class='ocrx_word' id='word_1_392' title='bbox 734 4299 1025 4366; x_wconf 88' lang='lat' dir='ltr'><strong>habebunt,</strong></span> <span class='ocrx_word' id='word_1_393' title='bbox 1053 4299 1171 4368; x_wconf 90' lang='lat' dir='ltr'><strong>qui,</strong></span> <span class='ocrx_word' id='word_1_394' title='bbox 1197 4299 1298 4354; x_wconf 90' lang='lat' dir='ltr'><strong>soli</strong></span> <span class='ocrx_word' id='word_1_395' title='bbox 1341 4299 1552 4353; x_wconf 87' lang='lat' dir='ltr'><strong>veritati</strong></span> <span class='ocrx_word' id='word_1_396' title='bbox 1598 4299 1764 4353; x_wconf 90' lang='lat' dir='ltr'><strong>litan-</strong></span> 
     </span>
    </p>
   </div>
   <div class='ocr_carea' id='block_1_60' title="bbox 196 4389 1766 4462">
    <p class='ocr_par' dir='ltr' id='par_1_60' title="bbox 196 4389 1766 4462">
     <span class='ocr_line' id='line_1_61' title="bbox 196 4389 1766 4462; baseline 0.003 -18"><span class='ocrx_word' id='word_1_397' title='bbox 196 4405 297 4459; x_wconf 88' lang='lat' dir='ltr'><strong>tes,</strong></span> <span class='ocrx_word' id='word_1_398' title='bbox 332 4391 456 4446; x_wconf 83' lang='lat' dir='ltr'><strong>illas</strong></span> <span class='ocrx_word' id='word_1_399' title='bbox 481 4390 822 4460; x_wconf 86' lang='lat' dir='ltr'><strong>Dionysianae</strong></span> <span class='ocrx_word' id='word_1_400' title='bbox 847 4390 1089 4445; x_wconf 69' lang='lat' dir='ltr'><strong>historiae</strong></span> <span class='ocrx_word' id='word_1_401' title='bbox 1116 4389 1481 4457; x_wconf 83' lang='lat' dir='ltr'><strong>dillicultates,</strong></span> <span class='ocrx_word' id='word_1_402' title='bbox 1515 4394 1766 4462; x_wconf 81' lang='lat' dir='ltr'><strong>Sepositis</strong></span> 
     </span>
    </p>
   </div>
   <div class='ocr_carea' id='block_1_61' title="bbox 193 4482 1340 4554">
    <p class='ocr_par' dir='ltr' id='par_1_61' title="bbox 193 4482 1340 4554">
     <span class='ocr_line' id='line_1_62' title="bbox 193 4482 1340 4554; baseline -0.001 -16"><span class='ocrx_word' id='word_1_403' title='bbox 193 4485 435 4554; x_wconf 86' lang='lat' dir='ltr'><strong>partium</strong></span> <span class='ocrx_word' id='word_1_404' title='bbox 472 4482 691 4549; x_wconf 88' lang='lat' dir='ltr'><strong>studiis,</strong></span> <span class='ocrx_word' id='word_1_405' title='bbox 712 4483 948 4539; x_wconf 88' lang='lat' dir='ltr'><strong>enodare</strong></span> <span class='ocrx_word' id='word_1_406' title='bbox 977 4484 1340 4537; x_wconf 90' lang='lat' dir='ltr'><strong>conabuntur.</strong></span> 
     </span>
    </p>
   </div>
   <div class='ocr_carea' id='block_1_62' title="bbox 800 4594 1163 4652">
    <p class='ocr_par' dir='ltr' id='par_1_62' title="bbox 800 4594 1163 4652">
     <span class='ocr_line' id='line_1_63' title="bbox 800 4594 1163 4652; baseline -0.011 0"><span class='ocrx_word' id='word_1_407' title='bbox 800 4595 1025 4652; x_wconf 81' lang='lat' dir='ltr'><strong>CAPUT</strong></span> <span class='ocrx_word' id='word_1_408' title='bbox 1073 4594 1163 4649; x_wconf 86' lang='lat' dir='ltr'><strong>XI.</strong></span> 
     </span>
    </p>
   </div>
   <div class='ocr_carea' id='block_1_63' title="bbox 198 4687 1763 4759">
    <p class='ocr_par' dir='ltr' id='par_1_63' title="bbox 198 4687 1763 4759">
     <span class='ocr_line' id='line_1_64' title="bbox 198 4687 1763 4759; baseline -0.003 -13"><span class='ocrx_word' id='word_1_409' title='bbox 198 4692 442 4748; x_wconf 79' lang='lat' dir='ltr'><strong>Tertium</strong></span> <span class='ocrx_word' id='word_1_410' title='bbox 472 4700 859 4759; x_wconf 78' lang='lat' dir='ltr'><strong>argumentum,</strong></span> <span class='ocrx_word' id='word_1_411' title='bbox 911 4704 975 4742; x_wconf 81' lang='lat' dir='ltr'><strong>ea:</strong></span> <span class='ocrx_word' id='word_1_412' title='bbox 1009 4688 1172 4740; x_wconf 85' lang='lat' dir='ltr'><strong>citata</strong></span> <span class='ocrx_word' id='word_1_413' title='bbox 1214 4687 1384 4741; x_wconf 83' lang='lat' dir='ltr'><strong>sancti</strong></span> <span class='ocrx_word' id='word_1_414' title='bbox 1412 4687 1630 4756; x_wconf 80' lang='lat' dir='ltr'><strong>Ignatii,</strong></span> <span class='ocrx_word' id='word_1_415' title='bbox 1653 4689 1763 4757; x_wconf 82' lang='lat' dir='ltr'><strong>epi-</strong></span> 
     </span>
    </p>
   </div>
   <div class='ocr_carea' id='block_1_64' title="bbox 416 4759 1548 4830">
    <p class='ocr_par' dir='ltr' id='par_1_64' title="bbox 416 4759 1548 4830">
     <span class='ocr_line' id='line_1_65' title="bbox 416 4759 1548 4830; baseline -0.004 -17"><span class='ocrx_word' id='word_1_416' title='bbox 416 4763 559 4830; x_wconf 87' lang='lat' dir='ltr'><strong>scopi</strong></span> <span class='ocrx_word' id='word_1_417' title='bbox 596 4759 923 4822; x_wconf 80' lang='lat' dir='ltr'><strong>Antiocheui,</strong></span> <span class='ocrx_word' id='word_1_418' title='bbox 964 4759 1276 4810; x_wconf 78' lang='lat' dir='ltr'><strong>auctoritate</strong></span> <span class='ocrx_word' id='word_1_419' title='bbox 1312 4759 1548 4826; x_wconf 78' lang='lat' dir='ltr'><strong>petitum.</strong></span> 
     </span>
    </p>
   </div>
   <div class='ocr_carea' id='block_1_65' title="bbox 263 4846 1765 4917">
    <p class='ocr_par' dir='ltr' id='par_1_65' title="bbox 263 4846 1765 4917">
     <span class='ocr_line' id='line_1_66' title="bbox 263 4846 1765 4917; baseline -0.004 -8"><span class='ocrx_word' id='word_1_420' title='bbox 263 4853 507 4909; x_wconf 84' lang='lat' dir='ltr'><strong>Gravius</strong></span> <span class='ocrx_word' id='word_1_421' title='bbox 526 4863 656 4905; x_wconf 83' lang='lat' dir='ltr'><strong>sane</strong></span> <span class='ocrx_word' id='word_1_422' title='bbox 689 4857 879 4903; x_wconf 89' lang='lat' dir='ltr'><strong>contra</strong></span> <span class='ocrx_word' id='word_1_423' title='bbox 905 4848 1244 4917; x_wconf 73' lang='lat' dir='ltr'><strong>Areopagitze</strong></span> <span class='ocrx_word' id='word_1_424' title='bbox 1269 4846 1586 4902; x_wconf 73' lang='lat' dir='ltr'><strong>defensores</strong></span> <span class='ocrx_word' id='word_1_425' title='bbox 1617 4850 1765 4904; x_wconf 91' lang='lat' dir='ltr'><strong>erui-</strong></span> 
     </span>
    </p>
   </div>
   <div class='ocr_carea' id='block_1_66' title="bbox 199 4939 1763 5015">
    <p class='ocr_par' dir='ltr' id='par_1_66' title="bbox 199 4939 1763 5015">
     <span class='ocr_line' id='line_1_67' title="bbox 199 4939 1763 5015; baseline -0.001 -16"><span class='ocrx_word' id='word_1_426' title='bbox 199 4953 286 4999; x_wconf 89' lang='lat' dir='ltr'><strong>tur</strong></span> <span class='ocrx_word' id='word_1_427' title='bbox 310 4952 700 5015; x_wconf 82' lang='lat' dir='ltr'><strong>argumentum</strong></span> <span class='ocrx_word' id='word_1_428' title='bbox 725 4954 793 4994; x_wconf 77' lang='lat' dir='ltr'><strong>ex</strong></span> <span class='ocrx_word' id='word_1_429' title='bbox 824 4939 1044 5009; x_wconf 89' lang='lat' dir='ltr'><strong>epistola</strong></span> <span class='ocrx_word' id='word_1_430' title='bbox 1076 4940 1289 5008; x_wconf 79' lang='lat' dir='ltr'><strong>lgnatii,</strong></span> <span class='ocrx_word' id='word_1_431' title='bbox 1316 4940 1548 5010; x_wconf 89' lang='lat' dir='ltr'><strong>episcopi</strong></span> <span class='ocrx_word' id='word_1_432' title='bbox 1576 4942 1763 4999; x_wconf 85' lang='lat' dir='ltr'><strong>Antio-</strong></span> 
     </span>
    </p>
   </div>
   <div class='ocr_carea' id='block_1_67' title="bbox 200 5033 1766 5103">
    <p class='ocr_par' dir='ltr' id='par_1_67' title="bbox 200 5033 1766 5103">
     <span class='ocr_line' id='line_1_68' title="bbox 200 5033 1766 5103; baseline -0.003 -9"><span class='ocrx_word' id='word_1_433' title='bbox 200 5037 387 5103; x_wconf 69' lang='lat' dir='ltr'><strong>ebeni,</strong></span> <span class='ocrx_word' id='word_1_434' title='bbox 436 5035 510 5089; x_wconf 87' lang='lat' dir='ltr'><strong>ad</strong></span> <span class='ocrx_word' id='word_1_435' title='bbox 548 5034 840 5096; x_wconf 72' lang='lat' dir='ltr'><strong>Romanos,</strong></span> <span class='ocrx_word' id='word_1_436' title='bbox 890 5048 1053 5102; x_wconf 89' lang='lat' dir='ltr'><strong>quam</strong></span> <span class='ocrx_word' id='word_1_437' title='bbox 1101 5042 1295 5088; x_wconf 87' lang='lat' dir='ltr'><strong>auctor</strong></span> <span class='ocrx_word' id='word_1_438' title='bbox 1345 5042 1529 5088; x_wconf 91' lang='lat' dir='ltr'><strong>noster</strong></span> <span class='ocrx_word' id='word_1_439' title='bbox 1558 5033 1612 5087; x_wconf 93' lang='lat' dir='ltr'><strong>in</strong></span> <span class='ocrx_word' id='word_1_440' title='bbox 1654 5035 1766 5089; x_wconf 71' lang='grc' dir='ltr'><strong>Ιιειξε</strong></span> 
     </span>
    </p>
   </div>
   <div class='ocr_carea' id='block_1_68' title="bbox 200 5126 1769 5198">
    <p class='ocr_par' dir='ltr' id='par_1_68' title="bbox 200 5126 1769 5198">
     <span class='ocr_line' id='line_1_69' title="bbox 200 5126 1769 5198; baseline -0.002 -13"><span class='ocrx_word' id='word_1_441' title='bbox 200 5133 371 5186; x_wconf 84' lang='lat' dir='ltr'><strong>verba</strong></span> <span class='ocrx_word' id='word_1_442' title='bbox 414 5130 616 5185; x_wconf 76' lang='lat' dir='ltr'><strong>citasse</strong></span> <span class='ocrx_word' id='word_1_443' title='bbox 643 5128 954 5198; x_wconf 85' lang='lat' dir='ltr'><strong>perhibetur</strong></span> <span class='ocrx_word' id='word_1_444' title='bbox 985 5128 1028 5159; x_wconf 77' lang='grc'><strong>⁸⁸</strong></span> <span class='ocrx_word' id='word_1_445' title='bbox 1056 5141 1071 5180; x_wconf 92' lang='lat'><strong>:</strong></span> <span class='ocrx_word' id='word_1_446' title='bbox 1102 5126 1324 5196; x_wconf 74' lang='grc' dir='ltr'><strong>Γράφει</strong></span> <span class='ocrx_word' id='word_1_447' title='bbox 1354 5126 1421 5180; x_wconf 81' lang='grc' dir='ltr'><strong>δὲ</strong></span> <span class='ocrx_word' id='word_1_448' title='bbox 1441 5127 1538 5181; x_wconf 81' lang='grc' dir='ltr'><strong>καὶ</strong></span> <span class='ocrx_word' id='word_1_449' title='bbox 1561 5131 1594 5182; x_wconf 81' lang='grc' dir='ltr'><em>ὁ</em></span> <span class='ocrx_word' id='word_1_450' title='bbox 1615 5128 1769 5193; x_wconf 85' lang='grc' dir='ltr'><strong>θεῖος</strong></span> 
     </span>
    </p>
   </div>
   <div class='ocr_carea' id='block_1_69' title="bbox 212 5218 1772 5295">
    <p class='ocr_par' dir='ltr' id='par_1_69' title="bbox 212 5218 1772 5295">
     <span class='ocr_line' id='line_1_70' title="bbox 212 5218 1772 5295; baseline -0.004 -16"><span class='ocrx_word' id='word_1_451' title='bbox 212 5224 552 5295; x_wconf 72' lang='grc' dir='ltr'><strong>Ἰττάτιοςοι</strong></span> <span class='ocrx_word' id='word_1_452' title='bbox 588 5221 796 5289; x_wconf 76' lang='grc' dir='ltr'><strong>Ὀἐμὸς</strong></span> <span class='ocrx_word' id='word_1_453' title='bbox 819 5221 962 5288; x_wconf 77' lang='grc' dir='ltr'><strong>ἔρως</strong></span> <span class='ocrx_word' id='word_1_454' title='bbox 984 5219 1361 5293; x_wconf 80' lang='grc' dir='ltr'><strong>ἐσταύρωται.</strong></span> <span class='ocrx_word' id='word_1_455' title='bbox 1405 5237 1425 5270; x_wconf 83' lang='grc'><strong>›</strong></span> <span class='ocrx_word' id='word_1_456' title='bbox 1466 5218 1659 5274; x_wconf 81' lang='lat' dir='ltr'><strong>Scribit</strong></span> <span class='ocrx_word' id='word_1_457' title='bbox 1682 5237 1772 5274; x_wconf 86' lang='lat' dir='ltr'><strong>au-</strong></span> 
     </span>
    </p>
   </div>
   <div class='ocr_carea' id='block_1_70' title="bbox 202 5310 1764 5382">
    <p class='ocr_par' dir='ltr' id='par_1_70' title="bbox 202 5310 1764 5382">
     <span class='ocr_line' id='line_1_71' title="bbox 202 5310 1764 5382; baseline -0.003 -13"><span class='ocrx_word' id='word_1_458' title='bbox 202 5327 304 5369; x_wconf 83' lang='lat' dir='ltr'><strong>tem</strong></span> <span class='ocrx_word' id='word_1_459' title='bbox 333 5326 385 5370; x_wconf 80' lang='lat' dir='ltr'><strong>et</strong></span> <span class='ocrx_word' id='word_1_460' title='bbox 410 5316 564 5369; x_wconf 76' lang='lat' dir='ltr'><strong>divus</strong></span> <span class='ocrx_word' id='word_1_461' title='bbox 585 5312 869 5382; x_wconf 84' lang='lat' dir='ltr'><strong>Ignatius:</strong></span> <span class='ocrx_word' id='word_1_462' title='bbox 898 5328 916 5361; x_wconf 75' lang='grc' dir='ltr'>ι</span> <span class='ocrx_word' id='word_1_463' title='bbox 950 5310 1112 5362; x_wconf 80' lang='lat' dir='ltr'><strong>Amor</strong></span> <span class='ocrx_word' id='word_1_464' title='bbox 1132 5325 1275 5363; x_wconf 84' lang='lat' dir='ltr'><strong>meus</strong></span> <span class='ocrx_word' id='word_1_465' title='bbox 1304 5311 1589 5378; x_wconf 74' lang='lat' dir='ltr'><strong>cruciﬁxus</strong></span> <span class='ocrx_word' id='word_1_466' title='bbox 1608 5322 1705 5365; x_wconf 84' lang='lat' dir='ltr'><strong>est.</strong></span> <span class='ocrx_word' id='word_1_467' title='bbox 1745 5330 1764 5364; x_wconf 78' lang='grc' dir='ltr'><strong><em>ι</em></strong></span> 
     </span>
    </p>
   </div>
   <div class='ocr_carea' id='block_1_71' title="bbox 204 5400 1767 5472">
    <p class='ocr_par' dir='ltr' id='par_1_71' title="bbox 204 5400 1767 5472">
     <span class='ocr_line' id='line_1_72' title="bbox 204 5400 1767 5472; baseline -0.003 -11"><span class='ocrx_word' id='word_1_468' title='bbox 204 5409 298 5462; x_wconf 81' lang='lat' dir='ltr'><strong>llis</strong></span> <span class='ocrx_word' id='word_1_469' title='bbox 327 5417 517 5462; x_wconf 88' lang='lat' dir='ltr'><strong>autem</strong></span> <span class='ocrx_word' id='word_1_470' title='bbox 546 5404 729 5459; x_wconf 87' lang='lat' dir='ltr'><strong>verbis</strong></span> <span class='ocrx_word' id='word_1_471' title='bbox 772 5402 1021 5457; x_wconf 88' lang='lat' dir='ltr'><strong>laudatur</strong></span> <span class='ocrx_word' id='word_1_472' title='bbox 1052 5401 1254 5470; x_wconf 89' lang='lat' dir='ltr'><strong>aliquid</strong></span> <span class='ocrx_word' id='word_1_473' title='bbox 1302 5402 1371 5456; x_wconf 91' lang='lat' dir='ltr'><strong>ab</strong></span> <span class='ocrx_word' id='word_1_474' title='bbox 1408 5400 1619 5472; x_wconf 87' lang='lat' dir='ltr'><strong>lgnatio</strong></span> <span class='ocrx_word' id='word_1_475' title='bbox 1662 5416 1767 5457; x_wconf 90' lang='lat' dir='ltr'><strong>non</strong></span> 
     </span>
    </p>
   </div>
   <div class='ocr_carea' id='block_1_72' title="bbox 200 5492 1769 5565">
    <p class='ocr_par' dir='ltr' id='par_1_72' title="bbox 200 5492 1769 5565">
     <span class='ocr_line' id='line_1_73' title="bbox 200 5492 1769 5565; baseline -0.004 -10"><span class='ocrx_word' id='word_1_476' title='bbox 200 5501 438 5564; x_wconf 86' lang='lat' dir='ltr'><strong>dictum,</strong></span> <span class='ocrx_word' id='word_1_477' title='bbox 491 5497 587 5552; x_wconf 87' lang='lat' dir='ltr'><strong>sed</strong></span> <span class='ocrx_word' id='word_1_478' title='bbox 642 5495 904 5565; x_wconf 85' lang='lat' dir='ltr'><strong>scriptum</strong></span> <span class='ocrx_word' id='word_1_479' title='bbox 941 5492 1128 5563; x_wconf 86' lang='lat' dir='ltr'><strong>;quod</strong></span> <span class='ocrx_word' id='word_1_480' title='bbox 1184 5492 1393 5556; x_wconf 91' lang='lat' dir='ltr'><strong>nullibi,</strong></span> <span class='ocrx_word' id='word_1_481' title='bbox 1444 5493 1545 5546; x_wconf 85' lang='lat' dir='ltr'><strong>nisi</strong></span> <span class='ocrx_word' id='word_1_482' title='bbox 1601 5492 1655 5546; x_wconf 89' lang='lat' dir='ltr'><strong>iu</strong></span> <span class='ocrx_word' id='word_1_483' title='bbox 1706 5509 1769 5548; x_wconf 86' lang='lat' dir='ltr'><strong>ea</strong></span> 
     </span>
    </p>
   </div>
   <div class='ocr_carea' id='block_1_73' title="bbox 199 5580 1765 5659">
    <p class='ocr_par' dir='ltr' id='par_1_73' title="bbox 199 5580 1765 5659">
     <span class='ocr_line' id='line_1_74' title="bbox 199 5580 1765 5659; baseline -0.008 -17"><span class='ocrx_word' id='word_1_484' title='bbox 199 5604 363 5659; x_wconf 76' lang='lat' dir='ltr'><strong>quam</strong></span> <span class='ocrx_word' id='word_1_485' title='bbox 389 5589 623 5644; x_wconf 89' lang='lat' dir='ltr'><strong>citamus</strong></span> <span class='ocrx_word' id='word_1_486' title='bbox 650 5584 876 5655; x_wconf 87' lang='lat' dir='ltr'><strong>epistola</strong></span> <span class='ocrx_word' id='word_1_487' title='bbox 908 5584 1151 5638; x_wconf 88' lang='lat' dir='ltr'><strong>invenire</strong></span> <span class='ocrx_word' id='word_1_488' title='bbox 1194 5591 1295 5641; x_wconf 89' lang='lat' dir='ltr'><strong>est.</strong></span> <span class='ocrx_word' id='word_1_489' title='bbox 1328 5582 1488 5652; x_wconf 88' lang='lat' dir='ltr'><strong>Atqui</strong></span> <span class='ocrx_word' id='word_1_490' title='bbox 1518 5580 1630 5641; x_wconf 72' lang='lat' dir='ltr'><strong>haec</strong></span> <span class='ocrx_word' id='word_1_491' title='bbox 1651 5587 1765 5655; x_wconf 84' lang='lat' dir='ltr'><strong>cpi.</strong></span> 
     </span>
    </p>
   </div>
   <div class='ocr_carea' id='block_1_74' title="bbox 275 5768 1514 5840">
    <p class='ocr_par' dir='ltr' id='par_1_74' title="bbox 275 5768 1514 5840">
     <span class='ocr_line' id='line_1_75' title="bbox 275 5768 1514 5840; baseline 0 -15"><span class='ocrx_word' id='word_1_492' title='bbox 275 5774 317 5805; x_wconf 80' lang='grc'><em>³³</em></span> <span class='ocrx_word' id='word_1_493' title='bbox 354 5770 479 5827; x_wconf 72' lang='grc' dir='ltr'><strong>ιιι).</strong></span> <span class='ocrx_word' id='word_1_494' title='bbox 516 5769 594 5824; x_wconf 79' lang='lat' dir='ltr'><strong>De</strong></span> <span class='ocrx_word' id='word_1_495' title='bbox 636 5770 798 5824; x_wconf 73' lang='lat' dir='ltr'><strong>divin.</strong></span> <span class='ocrx_word' id='word_1_496' title='bbox 855 5769 1083 5839; x_wconf 58' lang='lat' dir='ltr'><strong>uomitu,</strong></span> <span class='ocrx_word' id='word_1_497' title='bbox 1122 5783 1238 5837; x_wconf 85' lang='lat' dir='ltr'><strong>cap.</strong></span> <span class='ocrx_word' id='word_1_498' title='bbox 1272 5769 1324 5835; x_wconf 72' lang='lat' dir='ltr'><strong>t,</strong></span> <span class='ocrx_word' id='word_1_499' title='bbox 1364 5768 1391 5840; x_wconf 68' lang='grc' dir='ltr'><strong>ς</strong></span> <span class='ocrx_word' id='word_1_500' title='bbox 1432 5769 1514 5825; x_wconf 62' lang='grc' dir='ltr'><strong>ιῖ.</strong></span> 
     </span>
    </p>
   </div>
   <div class='ocr_carea' id='block_1_75' title="bbox 1861 1926 3419 2002">
    <p class='ocr_par' dir='ltr' id='par_1_75' title="bbox 1861 1926 3419 2002">
     <span class='ocr_line' id='line_1_76' title="bbox 1861 1926 3419 2002; baseline -0.01 -9"><span class='ocrx_word' id='word_1_501' title='bbox 1861 1937 2120 2001; x_wconf 90' lang='lat' dir='ltr'><strong>edidisse,</strong></span> <span class='ocrx_word' id='word_1_502' title='bbox 2154 1935 2249 1990; x_wconf 87' lang='lat' dir='ltr'><strong>sed</strong></span> <span class='ocrx_word' id='word_1_503' title='bbox 2296 1949 2360 1988; x_wconf 87' lang='lat' dir='ltr'><strong>ea</strong></span> <span class='ocrx_word' id='word_1_504' title='bbox 2408 1932 2753 2002; x_wconf 87' lang='lat' dir='ltr'><strong>postmodum</strong></span> <span class='ocrx_word' id='word_1_505' title='bbox 2787 1931 2855 1985; x_wconf 88' lang='lat' dir='ltr'><strong>ab</strong></span> <span class='ocrx_word' id='word_1_506' title='bbox 2904 1931 3019 2000; x_wconf 89' lang='lat' dir='ltr'><strong>ipso</strong></span> <span class='ocrx_word' id='word_1_507' title='bbox 3052 1929 3103 1981; x_wconf 90' lang='lat' dir='ltr'><strong>in</strong></span> <span class='ocrx_word' id='word_1_508' title='bbox 3132 1927 3320 1982; x_wconf 82' lang='lat' dir='ltr'><strong>Galliis</strong></span> <span class='ocrx_word' id='word_1_509' title='bbox 3344 1926 3419 1979; x_wconf 87' lang='lat' dir='ltr'><strong>ita</strong></span> 
     </span>
    </p>
   </div>
   <div class='ocr_carea' id='block_1_76' title="bbox 1862 2017 3422 2096">
    <p class='ocr_par' dir='ltr' id='par_1_76' title="bbox 1862 2017 3422 2096">
     <span class='ocr_line' id='line_1_77' title="bbox 1862 2017 3422 2096; baseline -0.008 -14"><span class='ocrx_word' id='word_1_510' title='bbox 1862 2027 2140 2096; x_wconf 84' lang='lat' dir='ltr'><strong>recognita</strong></span> <span class='ocrx_word' id='word_1_511' title='bbox 2162 2035 2327 2094; x_wconf 86' lang='lat' dir='ltr'><strong>atque</strong></span> <span class='ocrx_word' id='word_1_512' title='bbox 2360 2032 2672 2086; x_wconf 87' lang='lat' dir='ltr'><strong>retractata,</strong></span> <span class='ocrx_word' id='word_1_513' title='bbox 2691 2021 2830 2075; x_wconf 90' lang='lat' dir='ltr'><strong>utiis</strong></span> <span class='ocrx_word' id='word_1_514' title='bbox 2854 2036 2918 2074; x_wconf 85' lang='lat' dir='ltr'><strong>ex</strong></span> <span class='ocrx_word' id='word_1_515' title='bbox 2943 2019 3162 2073; x_wconf 88' lang='lat' dir='ltr'><strong>Joannis</strong></span> <span class='ocrx_word' id='word_1_516' title='bbox 3184 2017 3422 2083; x_wconf 85' lang='lat' dir='ltr'><strong>Evange-</strong></span> 
     </span>
    </p>
   </div>
   <div class='ocr_carea' id='block_1_77' title="bbox 1863 2107 3419 2194">
    <p class='ocr_par' dir='ltr' id='par_1_77' title="bbox 1863 2107 3419 2194">
     <span class='ocr_line' id='line_1_78' title="bbox 1863 2107 3419 2194; baseline -0.009 -21"><span class='ocrx_word' id='word_1_517' title='bbox 1863 2121 1932 2174; x_wconf 93' lang='lat' dir='ltr'><strong>lio</strong></span> <span class='ocrx_word' id='word_1_518' title='bbox 1970 2128 2023 2172; x_wconf 91' lang='lat' dir='ltr'><strong>et</strong></span> <span class='ocrx_word' id='word_1_519' title='bbox 2053 2117 2370 2194; x_wconf 85' lang='lat' dir='ltr'><strong>Apocalypsi</strong></span> <span class='ocrx_word' id='word_1_520' title='bbox 2416 2125 2578 2194; x_wconf 56' lang='lat' dir='ltr'><strong>atque</strong></span> <span class='ocrx_word' id='word_1_521' title='bbox 2624 2128 2690 2168; x_wconf 82' lang='lat' dir='ltr'><strong>ex</strong></span> <span class='ocrx_word' id='word_1_522' title='bbox 2752 2111 2941 2181; x_wconf 86' lang='lat' dir='ltr'><strong>lgnatii</strong></span> <span class='ocrx_word' id='word_1_523' title='bbox 2990 2107 3216 2173; x_wconf 83' lang='lat' dir='ltr'><strong>epistola</strong></span> <span class='ocrx_word' id='word_1_524' title='bbox 3263 2107 3419 2176; x_wconf 89' lang='lat' dir='ltr'><strong>plura</strong></span> 
     </span>
    </p>
   </div>
   <div class='ocr_carea' id='block_1_78' title="bbox 1863 2192 3420 2271">
    <p class='ocr_par' dir='ltr' id='par_1_78' title="bbox 1863 2192 3420 2271">
     <span class='ocr_line' id='line_1_79' title="bbox 1863 2192 3420 2271; baseline -0.009 -8"><span class='ocrx_word' id='word_1_525' title='bbox 1863 2207 2175 2263; x_wconf 87' lang='lat' dir='ltr'><strong>testimonia</strong></span> <span class='ocrx_word' id='word_1_526' title='bbox 2198 2192 2490 2261; x_wconf 74' lang='lat' dir='ltr'><strong>addiderit.</strong></span> <span class='ocrx_word' id='word_1_527' title='bbox 2540 2192 2736 2257; x_wconf 51' lang='lat' dir='ltr'><strong>verum</strong></span> <span class='ocrx_word' id='word_1_528' title='bbox 2764 2203 2825 2257; x_wconf 81' lang='lat' dir='ltr'><strong>id</strong></span> <span class='ocrx_word' id='word_1_529' title='bbox 2858 2201 3027 2271; x_wconf 88' lang='lat' dir='ltr'><strong>gratis</strong></span> <span class='ocrx_word' id='word_1_530' title='bbox 3053 2201 3278 2270; x_wconf 73' lang='lat' dir='ltr'><strong>omnino</strong></span> <span class='ocrx_word' id='word_1_531' title='bbox 3316 2197 3420 2250; x_wconf 87' lang='lat' dir='ltr'><strong>lin-</strong></span> 
     </span>
    </p>
   </div>
   <div class='ocr_carea' id='block_1_79' title="bbox 1862 2287 3422 2369">
    <p class='ocr_par' dir='ltr' id='par_1_79' title="bbox 1862 2287 3422 2369">
     <span class='ocr_line' id='line_1_80' title="bbox 1862 2287 3422 2369; baseline -0.008 -17"><span class='ocrx_word' id='word_1_532' title='bbox 1862 2303 2024 2369; x_wconf 89' lang='lat' dir='ltr'><strong>gitur.</strong></span> <span class='ocrx_word' id='word_1_533' title='bbox 2052 2298 2185 2353; x_wconf 84' lang='lat' dir='ltr'><strong>Nam</strong></span> <span class='ocrx_word' id='word_1_534' title='bbox 2218 2297 2266 2352; x_wconf 91' lang='lat' dir='ltr'><strong>si</strong></span> <span class='ocrx_word' id='word_1_535' title='bbox 2301 2311 2467 2366; x_wconf 90' lang='lat' dir='ltr'><strong>opera</strong></span> <span class='ocrx_word' id='word_1_536' title='bbox 2510 2294 2747 2365; x_wconf 80' lang='lat' dir='ltr'><strong>Dionysii</strong></span> <span class='ocrx_word' id='word_1_537' title='bbox 2776 2294 2844 2348; x_wconf 90' lang='lat' dir='ltr'><strong>ab</strong></span> <span class='ocrx_word' id='word_1_538' title='bbox 2870 2307 2934 2346; x_wconf 91' lang='lat' dir='ltr'><strong>eo</strong></span> <span class='ocrx_word' id='word_1_539' title='bbox 2964 2292 3015 2345; x_wconf 91' lang='lat' dir='ltr'><strong>in</strong></span> <span class='ocrx_word' id='word_1_540' title='bbox 3046 2289 3236 2344; x_wconf 91' lang='lat' dir='ltr'><strong>Galliis</strong></span> <span class='ocrx_word' id='word_1_541' title='bbox 3289 2287 3422 2341; x_wconf 84' lang='lat' dir='ltr'><strong>fuis-</strong></span> 
     </span>
    </p>
   </div>
   <div class='ocr_carea' id='block_1_80' title="bbox 1862 2380 3423 2457">
    <p class='ocr_par' dir='ltr' id='par_1_80' title="bbox 1862 2380 3423 2457">
     <span class='ocr_line' id='line_1_81' title="bbox 1862 2380 3423 2457; baseline -0.009 -9"><span class='ocrx_word' id='word_1_542' title='bbox 1862 2401 1983 2449; x_wconf 91' lang='lat' dir='ltr'><strong>sent</strong></span> <span class='ocrx_word' id='word_1_543' title='bbox 2027 2405 2239 2454; x_wconf 86' lang='lat' dir='ltr'><strong>recusa,</strong></span> <span class='ocrx_word' id='word_1_544' title='bbox 2288 2388 2379 2443; x_wconf 90' lang='lat' dir='ltr'><strong>ille</strong></span> <span class='ocrx_word' id='word_1_545' title='bbox 2426 2386 2613 2457; x_wconf 91' lang='lat' dir='ltr'><strong>procul</strong></span> <span class='ocrx_word' id='word_1_546' title='bbox 2670 2386 2834 2439; x_wconf 91' lang='lat' dir='ltr'><strong>dubio</strong></span> <span class='ocrx_word' id='word_1_547' title='bbox 2863 2384 2917 2437; x_wconf 92' lang='lat' dir='ltr'><strong>in</strong></span> <span class='ocrx_word' id='word_1_548' title='bbox 2950 2382 3128 2452; x_wconf 90' lang='lat' dir='ltr'><strong>populi</strong></span> <span class='ocrx_word' id='word_1_549' title='bbox 3175 2381 3259 2436; x_wconf 92' lang='lat' dir='ltr'><strong>sui</strong></span> <span class='ocrx_word' id='word_1_550' title='bbox 3288 2380 3423 2434; x_wconf 91' lang='lat' dir='ltr'><strong>alio-</strong></span> 
     </span>
    </p>
   </div>
   <div class='ocr_carea' id='block_1_81' title="bbox 1863 2472 3421 2551">
    <p class='ocr_par' dir='ltr' id='par_1_81' title="bbox 1863 2472 3421 2551">
     <span class='ocr_line' id='line_1_82' title="bbox 1863 2472 3421 2551; baseline -0.01 -13"><span class='ocrx_word' id='word_1_551' title='bbox 1863 2497 2089 2551; x_wconf 89' lang='lat' dir='ltr'><strong>rumque</strong></span> <span class='ocrx_word' id='word_1_552' title='bbox 2132 2479 2383 2535; x_wconf 88' lang='lat' dir='ltr'><strong>solatium</strong></span> <span class='ocrx_word' id='word_1_553' title='bbox 2423 2487 2666 2534; x_wconf 89' lang='lat' dir='ltr'><strong>curasset</strong></span> <span class='ocrx_word' id='word_1_554' title='bbox 2705 2492 2769 2530; x_wconf 89' lang='lat' dir='ltr'><strong>ea</strong></span> <span class='ocrx_word' id='word_1_555' title='bbox 2806 2476 2860 2530; x_wconf 92' lang='lat' dir='ltr'><strong>in</strong></span> <span class='ocrx_word' id='word_1_556' title='bbox 2906 2473 3153 2527; x_wconf 87' lang='lat' dir='ltr'><strong>Latinam</strong></span> <span class='ocrx_word' id='word_1_557' title='bbox 3184 2472 3421 2539; x_wconf 65' lang='lat' dir='ltr'><strong>linguam</strong></span> 
     </span>
    </p>
   </div>
   <div class='ocr_carea' id='block_1_82' title="bbox 1862 2553 3427 2641">
    <p class='ocr_par' dir='ltr' id='par_1_82' title="bbox 1862 2553 3427 2641">
     <span class='ocr_line' id='line_1_83' title="bbox 1862 2553 3427 2641; baseline -0.009 -15"><span class='ocrx_word' id='word_1_558' title='bbox 1862 2573 1998 2626; x_wconf 86' lang='lat' dir='ltr'><strong>verti</strong></span> <span class='ocrx_word' id='word_1_559' title='bbox 2025 2580 2080 2625; x_wconf 92' lang='lat' dir='ltr'><strong>et</strong></span> <span class='ocrx_word' id='word_1_560' title='bbox 2127 2553 2414 2641; x_wconf 78' lang='lat' dir='ltr'><strong>publicari,</strong></span> <span class='ocrx_word' id='word_1_561' title='bbox 2469 2578 2633 2637; x_wconf 90' lang='lat' dir='ltr'><strong>atque</strong></span> <span class='ocrx_word' id='word_1_562' title='bbox 2667 2564 2883 2636; x_wconf 90' lang='lat' dir='ltr'><strong>plurimi</strong></span> <span class='ocrx_word' id='word_1_563' title='bbox 2935 2563 3250 2618; x_wconf 90' lang='lat' dir='ltr'><strong>eorumdem</strong></span> <span class='ocrx_word' id='word_1_564' title='bbox 3285 2559 3427 2629; x_wconf 89' lang='lat' dir='ltr'><strong>Ope-</strong></span> 
     </span>
    </p>
   </div>
   <div class='ocr_carea' id='block_1_83' title="bbox 1863 2652 3426 2726">
    <p class='ocr_par' dir='ltr' id='par_1_83' title="bbox 1863 2652 3426 2726">
     <span class='ocr_line' id='line_1_84' title="bbox 1863 2652 3426 2726; baseline -0.008 -8"><span class='ocrx_word' id='word_1_565' title='bbox 1863 2678 1981 2718; x_wconf 88' lang='lat' dir='ltr'><strong>rnm</strong></span> <span class='ocrx_word' id='word_1_566' title='bbox 2026 2663 2232 2717; x_wconf 83' lang='lat' dir='ltr'><strong>inventi</strong></span> <span class='ocrx_word' id='word_1_567' title='bbox 2280 2661 2510 2716; x_wconf 81' lang='lat' dir='ltr'><strong>fuissent</strong></span> <span class='ocrx_word' id='word_1_568' title='bbox 2549 2660 2600 2713; x_wconf 92' lang='lat' dir='ltr'><strong>in</strong></span> <span class='ocrx_word' id='word_1_569' title='bbox 2634 2661 2699 2713; x_wconf 88' lang='lat' dir='ltr'><strong>iis</strong></span> <span class='ocrx_word' id='word_1_570' title='bbox 2732 2655 3050 2726; x_wconf 89' lang='lat' dir='ltr'><strong>regionibus</strong></span> <span class='ocrx_word' id='word_1_571' title='bbox 3076 2665 3130 2708; x_wconf 90' lang='lat' dir='ltr'><strong>et</strong></span> <span class='ocrx_word' id='word_1_572' title='bbox 3155 2652 3346 2707; x_wconf 81' lang='lat' dir='ltr'><strong>Latina</strong></span> <span class='ocrx_word' id='word_1_573' title='bbox 3368 2661 3426 2708; x_wconf 90' lang='lat' dir='ltr'><strong>et</strong></span> 
     </span>
    </p>
   </div>
   <div class='ocr_carea' id='block_1_84' title="bbox 1863 2745 3424 2812">
    <p class='ocr_par' dir='ltr' id='par_1_84' title="bbox 1863 2745 3424 2812">
     <span class='ocr_line' id='line_1_85' title="bbox 1863 2745 3424 2812; baseline -0.008 0"><span class='ocrx_word' id='word_1_574' title='bbox 1863 2756 2050 2812; x_wconf 68' lang='lat' dir='ltr'><strong>Grieca</strong></span> <span class='ocrx_word' id='word_1_575' title='bbox 2095 2770 2258 2811; x_wconf 88' lang='lat' dir='ltr'><strong>manu</strong></span> <span class='ocrx_word' id='word_1_576' title='bbox 2304 2754 2512 2809; x_wconf 80' lang='lat' dir='ltr'><strong>exarati</strong></span> <span class='ocrx_word' id='word_1_577' title='bbox 2562 2752 2799 2807; x_wconf 89' lang='lat' dir='ltr'><strong>codices.</strong></span> <span class='ocrx_word' id='word_1_578' title='bbox 2826 2748 2968 2803; x_wconf 87' lang='lat' dir='ltr'><strong>Nulli</strong></span> <span class='ocrx_word' id='word_1_579' title='bbox 3010 2757 3189 2803; x_wconf 90' lang='lat' dir='ltr'><strong>tamen</strong></span> <span class='ocrx_word' id='word_1_580' title='bbox 3215 2745 3290 2801; x_wconf 87' lang='lat' dir='ltr'><strong>ibi</strong></span> <span class='ocrx_word' id='word_1_581' title='bbox 3317 2762 3424 2800; x_wconf 91' lang='lat' dir='ltr'><strong>un-</strong></span> 
     </span>
    </p>
   </div>
   <div class='ocr_carea' id='block_1_85' title="bbox 1862 2838 3425 2917">
    <p class='ocr_par' dir='ltr' id='par_1_85' title="bbox 1862 2838 3425 2917">
     <span class='ocr_line' id='line_1_86' title="bbox 1862 2838 3425 2917; baseline -0.008 -15"><span class='ocrx_word' id='word_1_582' title='bbox 1862 2863 2023 2917; x_wconf 89' lang='lat' dir='ltr'><strong>quam</strong></span> <span class='ocrx_word' id='word_1_583' title='bbox 2058 2846 2258 2916; x_wconf 84' lang='lat' dir='ltr'><strong>reperti</strong></span> <span class='ocrx_word' id='word_1_584' title='bbox 2285 2856 2452 2900; x_wconf 88' lang='lat' dir='ltr'><strong>sunt:</strong></span> <span class='ocrx_word' id='word_1_585' title='bbox 2492 2845 2584 2898; x_wconf 88' lang='lat' dir='ltr'><strong>sed</strong></span> <span class='ocrx_word' id='word_1_586' title='bbox 2616 2843 2825 2913; x_wconf 82' lang='lat' dir='ltr'><strong>priores</strong></span> <span class='ocrx_word' id='word_1_587' title='bbox 2870 2855 2935 2894; x_wconf 82' lang='lat' dir='ltr'><strong>ex</strong></span> <span class='ocrx_word' id='word_1_588' title='bbox 2985 2838 3208 2895; x_wconf 90' lang='lat' dir='ltr'><strong>Oriente</strong></span> <span class='ocrx_word' id='word_1_589' title='bbox 3238 2852 3425 2905; x_wconf 81' lang='lat' dir='ltr'><strong>aspor-</strong></span> 
     </span>
    </p>
   </div>
   <div class='ocr_carea' id='block_1_86' title="bbox 1864 2930 3421 3005">
    <p class='ocr_par' dir='ltr' id='par_1_86' title="bbox 1864 2930 3421 3005">
     <span class='ocr_line' id='line_1_87' title="bbox 1864 2930 3421 3005; baseline -0.01 -11"><span class='ocrx_word' id='word_1_590' title='bbox 1864 2939 1982 3003; x_wconf 88' lang='lat' dir='ltr'><strong>tati,</strong></span> <span class='ocrx_word' id='word_1_591' title='bbox 2034 2937 2219 2993; x_wconf 66' lang='lat' dir='ltr'><strong>Graece</strong></span> <span class='ocrx_word' id='word_1_592' title='bbox 2271 2936 2459 3005; x_wconf 91' lang='lat' dir='ltr'><strong>scripti</strong></span> <span class='ocrx_word' id='word_1_593' title='bbox 2512 2942 2671 2988; x_wconf 89' lang='lat' dir='ltr'><strong>erant</strong></span> <span class='ocrx_word' id='word_1_594' title='bbox 2720 2948 2736 2997; x_wconf 89' lang='lat'><strong>;</strong></span> <span class='ocrx_word' id='word_1_595' title='bbox 2794 2946 2892 2985; x_wconf 91' lang='lat' dir='ltr'><strong>nec</strong></span> <span class='ocrx_word' id='word_1_596' title='bbox 2937 2930 3184 2984; x_wconf 83' lang='lat' dir='ltr'><strong>Latinam</strong></span> <span class='ocrx_word' id='word_1_597' title='bbox 3234 2942 3421 2981; x_wconf 87' lang='lat' dir='ltr'><strong>eorum</strong></span> 
     </span>
    </p>
   </div>
   <div class='ocr_carea' id='block_1_87' title="bbox 1865 3016 3421 3096">
    <p class='ocr_par' dir='ltr' id='par_1_87' title="bbox 1865 3016 3421 3096">
     <span class='ocr_line' id='line_1_88' title="bbox 1865 3016 3421 3096; baseline -0.009 -15"><span class='ocrx_word' id='word_1_598' title='bbox 1865 3030 2187 3092; x_wconf 89' lang='lat' dir='ltr'><strong>versionem,</strong></span> <span class='ocrx_word' id='word_1_599' title='bbox 2216 3042 2279 3083; x_wconf 88' lang='lat' dir='ltr'><strong>ea</strong></span> <span class='ocrx_word' id='word_1_600' title='bbox 2301 3041 2419 3096; x_wconf 69' lang='lat' dir='ltr'><strong>quia</strong></span> <span class='ocrx_word' id='word_1_601' title='bbox 2444 3040 2473 3078; x_wconf 90' lang='lat' dir='ltr'><strong>a</strong></span> <span class='ocrx_word' id='word_1_602' title='bbox 2499 3023 2706 3078; x_wconf 91' lang='lat' dir='ltr'><strong>Joanne</strong></span> <span class='ocrx_word' id='word_1_603' title='bbox 2752 3022 2918 3075; x_wconf 88' lang='lat' dir='ltr'><strong>Scoto</strong></span> <span class='ocrx_word' id='word_1_604' title='bbox 2975 3019 3117 3073; x_wconf 91' lang='lat' dir='ltr'><strong>edita</strong></span> <span class='ocrx_word' id='word_1_605' title='bbox 3149 3024 3256 3081; x_wconf 91' lang='lat' dir='ltr'><strong>est,</strong></span> <span class='ocrx_word' id='word_1_606' title='bbox 3283 3016 3421 3069; x_wconf 87' lang='lat' dir='ltr'><strong>anti-</strong></span> 
     </span>
    </p>
   </div>
   <div class='ocr_carea' id='block_1_88' title="bbox 1788 3107 3425 3219">
    <p class='ocr_par' dir='ltr' id='par_1_88' title="bbox 1788 3107 3425 3219">
     <span class='ocr_line' id='line_1_89' title="bbox 1788 3107 3425 3219; baseline -0.011 -43"><span class='ocrx_word' id='word_1_607' title='bbox 1788 3160 1831 3219; x_wconf 72' lang='lat' dir='ltr'><strong><em>C</em></strong></span> <span class='ocrx_word' id='word_1_608' title='bbox 1863 3122 2110 3191; x_wconf 76' lang='lat' dir='ltr'><strong>quioretn</strong></span> <span class='ocrx_word' id='word_1_609' title='bbox 2165 3120 2443 3174; x_wconf 85' lang='lat' dir='ltr'><strong>habemus.</strong></span> <span class='ocrx_word' id='word_1_610' title='bbox 2497 3116 2707 3170; x_wconf 88' lang='lat' dir='ltr'><strong>Deinde</strong></span> <span class='ocrx_word' id='word_1_611' title='bbox 2746 3113 2924 3167; x_wconf 86' lang='lat' dir='ltr'><strong>nullus</strong></span> <span class='ocrx_word' id='word_1_612' title='bbox 2974 3124 3209 3176; x_wconf 90' lang='lat' dir='ltr'><strong>unquam</strong></span> <span class='ocrx_word' id='word_1_613' title='bbox 3249 3107 3425 3219; x_wconf 75' lang='lat' dir='ltr'><strong>Opera</strong></span> 
     </span>
    </p>
   </div>
   <div class='ocr_carea' id='block_1_89' title="bbox 1866 3200 3425 3276">
    <p class='ocr_par' dir='ltr' id='par_1_89' title="bbox 1866 3200 3425 3276">
     <span class='ocr_line' id='line_1_90' title="bbox 1866 3200 3425 3276; baseline -0.012 -7"><span class='ocrx_word' id='word_1_614' title='bbox 1866 3229 1961 3269; x_wconf 87' lang='lat' dir='ltr'><strong>sua</strong></span> <span class='ocrx_word' id='word_1_615' title='bbox 2033 3212 2328 3276; x_wconf 87' lang='lat' dir='ltr'><strong>recensuit,</strong></span> <span class='ocrx_word' id='word_1_616' title='bbox 2390 3225 2455 3263; x_wconf 88' lang='lat' dir='ltr'><strong>ac</strong></span> <span class='ocrx_word' id='word_1_617' title='bbox 2508 3210 2561 3262; x_wconf 91' lang='lat' dir='ltr'><strong>in</strong></span> <span class='ocrx_word' id='word_1_618' title='bbox 2611 3220 2799 3261; x_wconf 92' lang='lat' dir='ltr'><strong>eorum</strong></span> <span class='ocrx_word' id='word_1_619' title='bbox 2854 3203 3223 3272; x_wconf 77' lang='lat' dir='ltr'><strong>recognitione</strong></span> <span class='ocrx_word' id='word_1_620' title='bbox 3271 3200 3425 3267; x_wconf 91' lang='lat' dir='ltr'><strong>plura</strong></span> 
     </span>
    </p>
   </div>
   <div class='ocr_carea' id='block_1_90' title="bbox 1866 3291 3427 3376">
    <p class='ocr_par' dir='ltr' id='par_1_90' title="bbox 1866 3291 3427 3376">
     <span class='ocr_line' id='line_1_91' title="bbox 1866 3291 3427 3376; baseline -0.013 -15"><span class='ocrx_word' id='word_1_621' title='bbox 1866 3306 2064 3376; x_wconf 86' lang='lat' dir='ltr'><strong>adjecit</strong></span> <span class='ocrx_word' id='word_1_622' title='bbox 2118 3318 2278 3366; x_wconf 87' lang='lat' dir='ltr'><strong>nova,</strong></span> <span class='ocrx_word' id='word_1_623' title='bbox 2332 3301 2463 3371; x_wconf 87' lang='lat' dir='ltr'><strong>quin</strong></span> <span class='ocrx_word' id='word_1_624' title='bbox 2516 3300 2585 3353; x_wconf 88' lang='lat' dir='ltr'><strong>de</strong></span> <span class='ocrx_word' id='word_1_625' title='bbox 2656 3298 2739 3351; x_wconf 90' lang='lat' dir='ltr'><strong>his</strong></span> <span class='ocrx_word' id='word_1_626' title='bbox 2791 3296 3022 3350; x_wconf 82' lang='lat' dir='ltr'><strong>lectores</strong></span> <span class='ocrx_word' id='word_1_627' title='bbox 3063 3291 3260 3346; x_wconf 88' lang='lat' dir='ltr'><strong>alicubi</strong></span> <span class='ocrx_word' id='word_1_628' title='bbox 3306 3304 3427 3343; x_wconf 85' lang='lat' dir='ltr'><strong>mo-</strong></span> 
     </span>
    </p>
   </div>
   <div class='ocr_carea' id='block_1_91' title="bbox 1864 3383 3414 3453">
    <p class='ocr_par' dir='ltr' id='par_1_91' title="bbox 1864 3383 3414 3453">
     <span class='ocr_line' id='line_1_92' title="bbox 1864 3383 3414 3453; baseline -0.014 -2"><span class='ocrx_word' id='word_1_629' title='bbox 1864 3396 2047 3451; x_wconf 89' lang='lat' dir='ltr'><strong>nuerit</strong></span> <span class='ocrx_word' id='word_1_630' title='bbox 2099 3408 2248 3448; x_wconf 86' lang='lat' dir='ltr'><strong>suos.</strong></span> <span class='ocrx_word' id='word_1_631' title='bbox 2294 3388 2494 3445; x_wconf 82' lang='lat' dir='ltr'><strong>Nullibi</strong></span> <span class='ocrx_word' id='word_1_632' title='bbox 2548 3398 2724 3442; x_wconf 88' lang='lat' dir='ltr'><strong>tamen</strong></span> <span class='ocrx_word' id='word_1_633' title='bbox 2792 3383 2931 3453; x_wconf 90' lang='lat' dir='ltr'><strong>apud</strong></span> <span class='ocrx_word' id='word_1_634' title='bbox 2984 3389 3263 3435; x_wconf 88' lang='lat' dir='ltr'><strong>auctorem</strong></span> <span class='ocrx_word' id='word_1_635' title='bbox 3315 3394 3414 3431; x_wconf 90' lang='lat' dir='ltr'><strong>no-</strong></span> 
     </span>
    </p>
   </div>
   <div class='ocr_carea' id='block_1_92' title="bbox 1865 3470 3427 3549">
    <p class='ocr_par' dir='ltr' id='par_1_92' title="bbox 1865 3470 3427 3549">
     <span class='ocr_line' id='line_1_93' title="bbox 1865 3470 3427 3549; baseline -0.012 -7"><span class='ocrx_word' id='word_1_636' title='bbox 1865 3498 2039 3543; x_wconf 91' lang='lat' dir='ltr'><strong>strum</strong></span> <span class='ocrx_word' id='word_1_637' title='bbox 2084 3494 2306 3541; x_wconf 79' lang='lat' dir='ltr'><strong>exstant</strong></span> <span class='ocrx_word' id='word_1_638' title='bbox 2359 3481 2585 3549; x_wconf 90' lang='lat' dir='ltr'><strong>hujusce</strong></span> <span class='ocrx_word' id='word_1_639' title='bbox 2634 3474 3021 3533; x_wconf 89' lang='lat' dir='ltr'><strong>admonitionis</strong></span> <span class='ocrx_word' id='word_1_640' title='bbox 3065 3472 3296 3541; x_wconf 84' lang='lat' dir='ltr'><strong>vestigia</strong></span> <span class='ocrx_word' id='word_1_641' title='bbox 3344 3470 3427 3525; x_wconf 86' lang='lat' dir='ltr'><strong>vel</strong></span> 
     </span>
    </p>
   </div>
   <div class='ocr_carea' id='block_1_93' title="bbox 1864 3588 2025 3634">
    <p class='ocr_par' dir='ltr' id='par_1_93' title="bbox 1864 3588 2025 3634">
     <span class='ocr_line' id='line_1_94' title="bbox 1864 3588 2025 3634; baseline -0.012 -1"><span class='ocrx_word' id='word_1_642' title='bbox 1864 3588 2025 3634; x_wconf 58' lang='grc'><strong>11013.</strong></span> 
     </span>
    </p>
   </div>
   <div class='ocr_carea' id='block_1_94' title="bbox 1936 3657 3431 3741">
    <p class='ocr_par' dir='ltr' id='par_1_94' title="bbox 1936 3657 3431 3741">
     <span class='ocr_line' id='line_1_95' title="bbox 1936 3657 3431 3741; baseline -0.01 -15"><span class='ocrx_word' id='word_1_643' title='bbox 1936 3671 2030 3726; x_wconf 82' lang='lat' dir='ltr'><strong>llis</strong></span> <span class='ocrx_word' id='word_1_644' title='bbox 2075 3671 2238 3741; x_wconf 89' lang='lat' dir='ltr'><strong>igitur</strong></span> <span class='ocrx_word' id='word_1_645' title='bbox 2289 3664 2740 3737; x_wconf 87' lang='lat' dir='ltr'><strong>responsionibus</strong></span> <span class='ocrx_word' id='word_1_646' title='bbox 2787 3662 2855 3717; x_wconf 88' lang='lat' dir='ltr'><strong>ab</strong></span> <span class='ocrx_word' id='word_1_647' title='bbox 2891 3661 3013 3716; x_wconf 89' lang='lat' dir='ltr'><strong>aliis</strong></span> <span class='ocrx_word' id='word_1_648' title='bbox 3040 3657 3431 3729; x_wconf 79' lang='lat' dir='ltr'><strong>Areopagitica:</strong></span> 
     </span>
    </p>
   </div>
   <div class='ocr_carea' id='block_1_95' title="bbox 1865 3751 3430 3834">
    <p class='ocr_par' dir='ltr' id='par_1_95' title="bbox 1865 3751 3430 3834">
     <span class='ocr_line' id='line_1_96' title="bbox 1865 3751 3430 3834; baseline -0.011 -15"><span class='ocrx_word' id='word_1_649' title='bbox 1865 3763 2140 3834; x_wconf 91' lang='lat' dir='ltr'><strong>opinionis</strong></span> <span class='ocrx_word' id='word_1_650' title='bbox 2169 3760 2471 3815; x_wconf 80' lang='lat' dir='ltr'><strong>fautoribus</strong></span> <span class='ocrx_word' id='word_1_651' title='bbox 2518 3758 2601 3812; x_wconf 88' lang='lat' dir='ltr'><strong>vel</strong></span> <span class='ocrx_word' id='word_1_652' title='bbox 2638 3754 2834 3822; x_wconf 89' lang='lat' dir='ltr'><strong>spretis</strong></span> <span class='ocrx_word' id='word_1_653' title='bbox 2875 3754 2958 3809; x_wconf 87' lang='lat' dir='ltr'><strong>vel</strong></span> <span class='ocrx_word' id='word_1_654' title='bbox 2991 3753 3232 3817; x_wconf 91' lang='lat' dir='ltr'><strong>omissis,</strong></span> <span class='ocrx_word' id='word_1_655' title='bbox 3263 3751 3430 3804; x_wconf 87' lang='lat' dir='ltr'><strong>auda-</strong></span> 
     </span>
    </p>
   </div>
   <div class='ocr_carea' id='block_1_96' title="bbox 1866 3842 3431 3916">
    <p class='ocr_par' dir='ltr' id='par_1_96' title="bbox 1866 3842 3431 3916">
     <span class='ocr_line' id='line_1_97' title="bbox 1866 3842 3431 3916; baseline -0.01 -7"><span class='ocrx_word' id='word_1_656' title='bbox 1866 3864 1983 3909; x_wconf 89' lang='lat' dir='ltr'><strong>cter</strong></span> <span class='ocrx_word' id='word_1_657' title='bbox 2031 3852 2304 3908; x_wconf 81' lang='lat' dir='ltr'><strong>al&#39;tirmant</strong></span> <span class='ocrx_word' id='word_1_658' title='bbox 2351 3852 2520 3906; x_wconf 89' lang='lat' dir='ltr'><strong>citata</strong></span> <span class='ocrx_word' id='word_1_659' title='bbox 2568 3848 2859 3916; x_wconf 71' lang='lat' dir='ltr'><strong>Ignatiaua:</strong></span> <span class='ocrx_word' id='word_1_660' title='bbox 2904 3845 3145 3915; x_wconf 57' lang='lat' dir='ltr'><strong>epistolas</strong></span> <span class='ocrx_word' id='word_1_661' title='bbox 3167 3843 3332 3897; x_wconf 88' lang='lat' dir='ltr'><strong>verba</strong></span> <span class='ocrx_word' id='word_1_662' title='bbox 3361 3842 3431 3895; x_wconf 89' lang='lat' dir='ltr'><strong>ab</strong></span> 
     </span>
    </p>
   </div>
   <div class='ocr_carea' id='block_1_97' title="bbox 1868 3936 3432 4019">
    <p class='ocr_par' dir='ltr' id='par_1_97' title="bbox 1868 3936 3432 4019">
     <span class='ocr_line' id='line_1_98' title="bbox 1868 3936 3432 4019; baseline -0.01 -18"><span class='ocrx_word' id='word_1_663' title='bbox 1868 3946 2052 4016; x_wconf 87' lang='lat' dir='ltr'><strong>aliquo</strong></span> <span class='ocrx_word' id='word_1_664' title='bbox 2107 3944 2374 4019; x_wconf 63' lang='lat' dir='ltr'><strong>insciente</strong></span> <span class='ocrx_word' id='word_1_665' title='bbox 2401 3951 2457 3997; x_wconf 91' lang='lat' dir='ltr'><strong>et</strong></span> <span class='ocrx_word' id='word_1_666' title='bbox 2508 3955 2691 3995; x_wconf 92' lang='lat' dir='ltr'><strong>rerum</strong></span> <span class='ocrx_word' id='word_1_667' title='bbox 2737 3940 2927 4008; x_wconf 83' lang='lat' dir='ltr'><strong>ignaro</strong></span> <span class='ocrx_word' id='word_1_668' title='bbox 2978 3936 3351 4011; x_wconf 78' lang='lat' dir='ltr'><strong>imprudenter</strong></span> <span class='ocrx_word' id='word_1_669' title='bbox 3377 3942 3432 3988; x_wconf 92' lang='lat' dir='ltr'><strong>et</strong></span> 
     </span>
    </p>
   </div>
   <div class='ocr_carea' id='block_1_98' title="bbox 1868 4026 3424 4107">
    <p class='ocr_par' dir='ltr' id='par_1_98' title="bbox 1868 4026 3424 4107">
     <span class='ocr_line' id='line_1_99' title="bbox 1868 4026 3424 4107; baseline -0.009 -15"><span class='ocrx_word' id='word_1_670' title='bbox 1868 4039 2047 4107; x_wconf 91' lang='lat' dir='ltr'><strong>inepte</strong></span> <span class='ocrx_word' id='word_1_671' title='bbox 2090 4037 2144 4091; x_wconf 93' lang='lat' dir='ltr'><strong>in</strong></span> <span class='ocrx_word' id='word_1_672' title='bbox 2198 4034 2433 4106; x_wconf 91' lang='lat' dir='ltr'><strong>Dionysii</strong></span> <span class='ocrx_word' id='word_1_673' title='bbox 2480 4033 2690 4088; x_wconf 89' lang='lat' dir='ltr'><strong>intrusa</strong></span> <span class='ocrx_word' id='word_1_674' title='bbox 2753 4041 2985 4087; x_wconf 84' lang='lat' dir='ltr'><strong>textum.</strong></span> <span class='ocrx_word' id='word_1_675' title='bbox 3033 4030 3100 4083; x_wconf 88' lang='lat' dir='ltr'><strong>Et</strong></span> <span class='ocrx_word' id='word_1_676' title='bbox 3121 4029 3176 4083; x_wconf 92' lang='lat' dir='ltr'><strong>id</strong></span> <span class='ocrx_word' id='word_1_677' title='bbox 3206 4026 3424 4096; x_wconf 91' lang='lat' dir='ltr'><strong>quidem</strong></span> 
     </span>
    </p>
   </div>
   <div class='ocr_carea' id='block_1_99' title="bbox 1867 4122 3428 4200">
    <p class='ocr_par' dir='ltr' id='par_1_99' title="bbox 1867 4122 3428 4200">
     <span class='ocr_line' id='line_1_100' title="bbox 1867 4122 3428 4200; baseline -0.01 -15"><span class='ocrx_word' id='word_1_678' title='bbox 1867 4131 2111 4200; x_wconf 86' lang='lat' dir='ltr'><strong>pluribus</strong></span> <span class='ocrx_word' id='word_1_679' title='bbox 2146 4128 2438 4183; x_wconf 88' lang='lat' dir='ltr'><strong>momentis</strong></span> <span class='ocrx_word' id='word_1_680' title='bbox 2472 4125 2839 4182; x_wconf 89' lang='lat' dir='ltr'><strong>demonstrari</strong></span> <span class='ocrx_word' id='word_1_681' title='bbox 2886 4138 3045 4193; x_wconf 90' lang='lat' dir='ltr'><strong>posse</strong></span> <span class='ocrx_word' id='word_1_682' title='bbox 3072 4122 3428 4175; x_wconf 87' lang='lat' dir='ltr'><strong>arbitrantur.</strong></span> 
     </span>
    </p>
   </div>
   <div class='ocr_carea' id='block_1_100' title="bbox 1867 4206 3433 4287">
    <p class='ocr_par' dir='ltr' id='par_1_100' title="bbox 1867 4206 3433 4287">
     <span class='ocr_line' id='line_1_101' title="bbox 1867 4206 3433 4287; baseline -0.01 -12"><span class='ocrx_word' id='word_1_683' title='bbox 1867 4221 2134 4281; x_wconf 88' lang='lat' dir='ltr'><strong>Primum.</strong></span> <span class='ocrx_word' id='word_1_684' title='bbox 2162 4218 2286 4287; x_wconf 87' lang='lat' dir='ltr'><strong>quia</strong></span> <span class='ocrx_word' id='word_1_685' title='bbox 2330 4217 2467 4271; x_wconf 89' lang='lat' dir='ltr'><strong>nihil</strong></span> <span class='ocrx_word' id='word_1_686' title='bbox 2491 4217 2555 4271; x_wconf 90' lang='lat' dir='ltr'><strong>ad</strong></span> <span class='ocrx_word' id='word_1_687' title='bbox 2590 4212 2833 4284; x_wconf 87' lang='lat' dir='ltr'><strong>Dionysii</strong></span> <span class='ocrx_word' id='word_1_688' title='bbox 2865 4218 3243 4280; x_wconf 88' lang='lat' dir='ltr'><strong>argumentum</strong></span> <span class='ocrx_word' id='word_1_689' title='bbox 3268 4206 3433 4260; x_wconf 88' lang='lat' dir='ltr'><strong>facie-</strong></span> 
     </span>
    </p>
   </div>
   <div class='ocr_carea' id='block_1_101' title="bbox 1866 4299 3431 4381">
    <p class='ocr_par' dir='ltr' id='par_1_101' title="bbox 1866 4299 3431 4381">
     <span class='ocr_line' id='line_1_102' title="bbox 1866 4299 3431 4381; baseline -0.013 -13"><span class='ocrx_word' id='word_1_690' title='bbox 1866 4313 1959 4370; x_wconf 85' lang='lat' dir='ltr'><strong>bat</strong></span> <span class='ocrx_word' id='word_1_691' title='bbox 1992 4309 2214 4381; x_wconf 70' lang='lat' dir='ltr'><strong>pra-fata</strong></span> <span class='ocrx_word' id='word_1_692' title='bbox 2270 4309 2457 4379; x_wconf 86' lang='lat' dir='ltr'><strong>lgnatii</strong></span> <span class='ocrx_word' id='word_1_693' title='bbox 2511 4308 2830 4362; x_wconf 83' lang='lat' dir='ltr'><strong>auctoritas.</strong></span> <span class='ocrx_word' id='word_1_694' title='bbox 2895 4301 3181 4371; x_wconf 86' lang='lat' dir='ltr'><strong>Dionysius</strong></span> <span class='ocrx_word' id='word_1_695' title='bbox 3229 4299 3431 4352; x_wconf 88' lang='lat' dir='ltr'><strong>etenim</strong></span> 
     </span>
    </p>
   </div>
   <div class='ocr_carea' id='block_1_102' title="bbox 1869 4391 3437 4472">
    <p class='ocr_par' dir='ltr' id='par_1_102' title="bbox 1869 4391 3437 4472">
     <span class='ocr_line' id='line_1_103' title="bbox 1869 4391 3437 4472; baseline -0.01 -16"><span class='ocrx_word' id='word_1_696' title='bbox 1869 4402 1939 4456; x_wconf 89' lang='lat' dir='ltr'><strong>ibi</strong></span> <span class='ocrx_word' id='word_1_697' title='bbox 1968 4407 2157 4472; x_wconf 87' lang='lat' dir='ltr'><strong>probat</strong></span> <span class='ocrx_word' id='word_1_698' title='bbox 2184 4414 2370 4454; x_wconf 90' lang='lat' dir='ltr'><strong>vocem</strong></span> <span class='ocrx_word' id='word_1_699' title='bbox 2408 4397 2570 4470; x_wconf 74' lang='grc' dir='ltr'><strong>ἔρως,</strong></span> <span class='ocrx_word' id='word_1_700' title='bbox 2600 4412 2774 4459; x_wconf 86' lang='lat' dir='ltr'><strong>amor,</strong></span> <span class='ocrx_word' id='word_1_701' title='bbox 2803 4391 2945 4463; x_wconf 86' lang='lat' dir='ltr'><strong>apud</strong></span> <span class='ocrx_word' id='word_1_702' title='bbox 2973 4406 3158 4445; x_wconf 88' lang='lat' dir='ltr'><strong>sacros</strong></span> <span class='ocrx_word' id='word_1_703' title='bbox 3181 4398 3437 4442; x_wconf 83' lang='lat' dir='ltr'><strong>auctores</strong></span> 
     </span>
    </p>
   </div>
   <div class='ocr_carea' id='block_1_103' title="bbox 1789 4480 3433 4560">
    <p class='ocr_par' dir='ltr' id='par_1_103' title="bbox 1789 4480 3433 4560">
     <span class='ocr_line' id='line_1_104' title="bbox 1789 4480 3433 4560; baseline -0.011 -11"><span class='ocrx_word' id='word_1_704' title='bbox 1789 4488 1840 4549; x_wconf 91' lang='lat' dir='ltr'><strong>D</strong></span> <span class='ocrx_word' id='word_1_705' title='bbox 1869 4494 1924 4548; x_wconf 86' lang='lat' dir='ltr'><strong>in</strong></span> <span class='ocrx_word' id='word_1_706' title='bbox 1954 4496 2154 4549; x_wconf 90' lang='lat' dir='ltr'><strong>bonam</strong></span> <span class='ocrx_word' id='word_1_707' title='bbox 2185 4500 2395 4560; x_wconf 88' lang='lat' dir='ltr'><strong>partetn</strong></span> <span class='ocrx_word' id='word_1_708' title='bbox 2425 4490 2620 4557; x_wconf 87' lang='lat' dir='ltr'><strong>accipi.</strong></span> <span class='ocrx_word' id='word_1_709' title='bbox 2674 4488 2837 4556; x_wconf 74' lang='lat' dir='ltr'><strong>Atqui</strong></span> <span class='ocrx_word' id='word_1_710' title='bbox 2871 4485 3063 4540; x_wconf 85' lang='lat' dir='ltr'><strong>eadem</strong></span> <span class='ocrx_word' id='word_1_711' title='bbox 3113 4497 3218 4536; x_wconf 82' lang='lat' dir='ltr'><strong>vox</strong></span> <span class='ocrx_word' id='word_1_712' title='bbox 3244 4482 3295 4533; x_wconf 92' lang='lat' dir='ltr'><strong>in</strong></span> <span class='ocrx_word' id='word_1_713' title='bbox 3331 4480 3433 4532; x_wconf 88' lang='lat' dir='ltr'><strong>hac</strong></span> 
     </span>
    </p>
   </div>
   <div class='ocr_carea' id='block_1_104' title="bbox 1870 4576 3435 4653">
    <p class='ocr_par' dir='ltr' id='par_1_104' title="bbox 1870 4576 3435 4653">
     <span class='ocr_line' id='line_1_105' title="bbox 1870 4576 3435 4653; baseline -0.01 -15"><span class='ocrx_word' id='word_1_714' title='bbox 1870 4584 1984 4653; x_wconf 88' lang='lat' dir='ltr'><strong>ipsa</strong></span> <span class='ocrx_word' id='word_1_715' title='bbox 2020 4581 2213 4653; x_wconf 86' lang='lat' dir='ltr'><strong>lgnatii</strong></span> <span class='ocrx_word' id='word_1_716' title='bbox 2261 4579 2489 4650; x_wconf 90' lang='lat' dir='ltr'><strong>epistola</strong></span> <span class='ocrx_word' id='word_1_717' title='bbox 2518 4593 2613 4647; x_wconf 86' lang='lat' dir='ltr'><strong>pro</strong></span> <span class='ocrx_word' id='word_1_718' title='bbox 2660 4576 3097 4644; x_wconf 90' lang='lat' dir='ltr'><strong>concupiscentia</strong></span> <span class='ocrx_word' id='word_1_719' title='bbox 3144 4585 3435 4638; x_wconf 86' lang='lat' dir='ltr'><strong>amoreque</strong></span> 
     </span>
    </p>
   </div>
   <div class='ocr_carea' id='block_1_105' title="bbox 1869 4666 3436 4740">
    <p class='ocr_par' dir='ltr' id='par_1_105' title="bbox 1869 4666 3436 4740">
     <span class='ocr_line' id='line_1_106' title="bbox 1869 4666 3436 4740; baseline -0.008 -10"><span class='ocrx_word' id='word_1_720' title='bbox 1869 4675 2114 4730; x_wconf 89' lang='lat' dir='ltr'><strong>terrestri</strong></span> <span class='ocrx_word' id='word_1_721' title='bbox 2160 4682 2471 4740; x_wconf 86' lang='lat' dir='ltr'><strong>usurpatur.</strong></span> <span class='ocrx_word' id='word_1_722' title='bbox 2524 4670 2795 4734; x_wconf 88' lang='lat' dir='ltr'><strong>Secundo,</strong></span> <span class='ocrx_word' id='word_1_723' title='bbox 2849 4668 2976 4737; x_wconf 90' lang='lat' dir='ltr'><strong>quia</strong></span> <span class='ocrx_word' id='word_1_724' title='bbox 3027 4667 3127 4721; x_wconf 90' lang='lat' dir='ltr'><strong>hac</strong></span> <span class='ocrx_word' id='word_1_725' title='bbox 3173 4666 3436 4735; x_wconf 88' lang='lat' dir='ltr'><strong>pericope</strong></span> 
     </span>
    </p>
   </div>
   <div class='ocr_carea' id='block_1_106' title="bbox 1868 4757 3513 4833">
    <p class='ocr_par' dir='ltr' id='par_1_106' title="bbox 1868 4757 3513 4833">
     <span class='ocr_line' id='line_1_107' title="bbox 1868 4757 3513 4833; baseline -0.009 -11"><span class='ocrx_word' id='word_1_726' title='bbox 1868 4776 1925 4822; x_wconf 90' lang='lat' dir='ltr'><strong>et</strong></span> <span class='ocrx_word' id='word_1_727' title='bbox 1965 4765 2233 4821; x_wconf 86' lang='lat' dir='ltr'><strong>sententia</strong></span> <span class='ocrx_word' id='word_1_728' title='bbox 2284 4762 2471 4833; x_wconf 83' lang='lat' dir='ltr'><strong>lgnatii</strong></span> <span class='ocrx_word' id='word_1_729' title='bbox 2523 4767 2756 4830; x_wconf 88' lang='lat' dir='ltr'><strong>dempta,</strong></span> <span class='ocrx_word' id='word_1_730' title='bbox 2816 4759 3010 4813; x_wconf 89' lang='lat' dir='ltr'><strong>melius</strong></span> <span class='ocrx_word' id='word_1_731' title='bbox 3061 4757 3162 4811; x_wconf 90' lang='lat' dir='ltr'><strong>sibi</strong></span> <span class='ocrx_word' id='word_1_732' title='bbox 3200 4757 3435 4809; x_wconf 70' lang='lat' dir='ltr'><strong>coharret</strong></span> <span class='ocrx_word' id='word_1_733' title='bbox 3512 4758 3513 4761; x_wconf 68' lang='grc'><em>“</em></span> 
     </span>
    </p>
   </div>
   <div class='ocr_carea' id='block_1_107' title="bbox 1872 4847 3434 4928">
    <p class='ocr_par' dir='ltr' id='par_1_107' title="bbox 1872 4847 3434 4928">
     <span class='ocr_line' id='line_1_108' title="bbox 1872 4847 3434 4928; baseline -0.008 -16"><span class='ocrx_word' id='word_1_734' title='bbox 1872 4857 2112 4928; x_wconf 90' lang='lat' dir='ltr'><strong>Dionysii</strong></span> <span class='ocrx_word' id='word_1_735' title='bbox 2141 4856 2336 4912; x_wconf 89' lang='lat' dir='ltr'><strong>oratio.</strong></span> <span class='ocrx_word' id='word_1_736' title='bbox 2398 4854 2608 4916; x_wconf 87' lang='lat' dir='ltr'><strong>Tertio,</strong></span> <span class='ocrx_word' id='word_1_737' title='bbox 2644 4852 3014 4907; x_wconf 88' lang='lat' dir='ltr'><strong>testimonium</strong></span> <span class='ocrx_word' id='word_1_738' title='bbox 3065 4850 3192 4905; x_wconf 91' lang='lat' dir='ltr'><strong>illud</strong></span> <span class='ocrx_word' id='word_1_739' title='bbox 3243 4847 3434 4918; x_wconf 86' lang='lat' dir='ltr'><strong>lgnatii</strong></span> 
     </span>
    </p>
   </div>
   <div class='ocr_carea' id='block_1_108' title="bbox 1870 4940 3439 5015">
    <p class='ocr_par' dir='ltr' id='par_1_108' title="bbox 1870 4940 3439 5015">
     <span class='ocr_line' id='line_1_109' title="bbox 1870 4940 3439 5015; baseline -0.009 -8"><span class='ocrx_word' id='word_1_740' title='bbox 1870 4954 2012 5007; x_wconf 91' lang='lat' dir='ltr'><strong>inter</strong></span> <span class='ocrx_word' id='word_1_741' title='bbox 2044 4951 2221 5006; x_wconf 90' lang='lat' dir='ltr'><strong>media</strong></span> <span class='ocrx_word' id='word_1_742' title='bbox 2259 4962 2430 5003; x_wconf 68' lang='lat' dir='ltr'><strong>sacra:</strong></span> <span class='ocrx_word' id='word_1_743' title='bbox 2483 4947 2780 5015; x_wconf 84' lang='lat' dir='ltr'><strong>Scripturae</strong></span> <span class='ocrx_word' id='word_1_744' title='bbox 2833 4944 3146 4998; x_wconf 89' lang='lat' dir='ltr'><strong>testimonia</strong></span> <span class='ocrx_word' id='word_1_745' title='bbox 3203 4940 3439 4995; x_wconf 88' lang='lat' dir='ltr'><strong>absurde</strong></span> 
     </span>
    </p>
   </div>
   <div class='ocr_carea' id='block_1_109' title="bbox 1869 5033 3431 5107">
    <p class='ocr_par' dir='ltr' id='par_1_109' title="bbox 1869 5033 3431 5107">
     <span class='ocr_line' id='line_1_110' title="bbox 1869 5033 3431 5107; baseline -0.009 -8"><span class='ocrx_word' id='word_1_746' title='bbox 1869 5045 2090 5100; x_wconf 91' lang='lat' dir='ltr'><strong>omnino</strong></span> <span class='ocrx_word' id='word_1_747' title='bbox 2135 5042 2452 5097; x_wconf 86' lang='lat' dir='ltr'><strong>collocatur.</strong></span> <span class='ocrx_word' id='word_1_748' title='bbox 2503 5039 2661 5093; x_wconf 88' lang='lat' dir='ltr'><strong>Certe</strong></span> <span class='ocrx_word' id='word_1_749' title='bbox 2709 5036 3025 5107; x_wconf 91' lang='lat' dir='ltr'><strong>prudentior</strong></span> <span class='ocrx_word' id='word_1_750' title='bbox 3070 5033 3356 5103; x_wconf 82' lang='lat' dir='ltr'><strong>Dionysius</strong></span> <span class='ocrx_word' id='word_1_751' title='bbox 3384 5044 3431 5086; x_wconf 86' lang='lat' dir='ltr'><strong>et</strong></span> 
     </span>
    </p>
   </div>
   <div class='ocr_carea' id='block_1_110' title="bbox 1870 5127 3440 5206">
    <p class='ocr_par' dir='ltr' id='par_1_110' title="bbox 1870 5127 3440 5206">
     <span class='ocr_line' id='line_1_111' title="bbox 1870 5127 3440 5206; baseline -0.011 -15"><span class='ocrx_word' id='word_1_752' title='bbox 1870 5145 1993 5206; x_wconf 88' lang='lat' dir='ltr'><strong>post</strong></span> <span class='ocrx_word' id='word_1_753' title='bbox 2041 5134 2220 5188; x_wconf 88' lang='lat' dir='ltr'><strong>omnia</strong></span> <span class='ocrx_word' id='word_1_754' title='bbox 2278 5132 2474 5185; x_wconf 66' lang='lat' dir='ltr'><strong>divinae</strong></span> <span class='ocrx_word' id='word_1_755' title='bbox 2529 5130 2826 5198; x_wconf 68' lang='lat' dir='ltr'><strong>Scripturte</strong></span> <span class='ocrx_word' id='word_1_756' title='bbox 2882 5127 3212 5188; x_wconf 89' lang='lat' dir='ltr'><strong>testimonia,</strong></span> <span class='ocrx_word' id='word_1_757' title='bbox 3276 5134 3440 5192; x_wconf 84' lang='lat' dir='ltr'><strong>atque</strong></span> 
     </span>
    </p>
   </div>
   <div class='ocr_carea' id='block_1_111' title="bbox 1871 5215 3432 5295">
    <p class='ocr_par' dir='ltr' id='par_1_111' title="bbox 1871 5215 3432 5295">
     <span class='ocr_line' id='line_1_112' title="bbox 1871 5215 3432 5295; baseline -0.01 -13"><span class='ocrx_word' id='word_1_758' title='bbox 1871 5230 2031 5282; x_wconf 88' lang='lat' dir='ltr'><strong>etiam</strong></span> <span class='ocrx_word' id='word_1_759' title='bbox 2062 5236 2182 5295; x_wconf 92' lang='lat' dir='ltr'><strong>post</strong></span> <span class='ocrx_word' id='word_1_760' title='bbox 2234 5226 2425 5279; x_wconf 86' lang='lat' dir='ltr'><strong>allatas</strong></span> <span class='ocrx_word' id='word_1_761' title='bbox 2469 5238 2500 5277; x_wconf 88' lang='lat' dir='ltr'><strong>a</strong></span> <span class='ocrx_word' id='word_1_762' title='bbox 2529 5237 2587 5277; x_wconf 88' lang='lat' dir='ltr'><strong>se</strong></span> <span class='ocrx_word' id='word_1_763' title='bbox 2616 5223 2813 5276; x_wconf 91' lang='lat' dir='ltr'><strong>ibidem</strong></span> <span class='ocrx_word' id='word_1_764' title='bbox 2863 5218 3136 5274; x_wconf 89' lang='lat' dir='ltr'><strong>llierothei</strong></span> <span class='ocrx_word' id='word_1_765' title='bbox 3193 5215 3432 5284; x_wconf 81' lang='lat' dir='ltr'><strong>magistri</strong></span> 
     </span>
    </p>
   </div>
   <div class='ocr_carea' id='block_1_112' title="bbox 1872 5312 3436 5382">
    <p class='ocr_par' dir='ltr' id='par_1_112' title="bbox 1872 5312 3436 5382">
     <span class='ocr_line' id='line_1_113' title="bbox 1872 5312 3436 5382; baseline -0.009 -6"><span class='ocrx_word' id='word_1_766' title='bbox 1872 5323 1954 5376; x_wconf 82' lang='lat' dir='ltr'><strong>sui</strong></span> <span class='ocrx_word' id='word_1_767' title='bbox 1999 5322 2354 5375; x_wconf 84' lang='lat' dir='ltr'><strong>auctoritates</strong></span> <span class='ocrx_word' id='word_1_768' title='bbox 2380 5320 2428 5373; x_wconf 91' lang='lat' dir='ltr'><strong>ei</strong></span> <span class='ocrx_word' id='word_1_769' title='bbox 2459 5320 2635 5373; x_wconf 92' lang='lat' dir='ltr'><strong>locum</strong></span> <span class='ocrx_word' id='word_1_770' title='bbox 2667 5317 2926 5371; x_wconf 83' lang='lat' dir='ltr'><strong>dedisset.</strong></span> <span class='ocrx_word' id='word_1_771' title='bbox 2956 5313 3201 5382; x_wconf 83' lang='lat' dir='ltr'><strong>Denique</strong></span> <span class='ocrx_word' id='word_1_772' title='bbox 3251 5312 3436 5380; x_wconf 87' lang='lat' dir='ltr'><strong>perio-</strong></span> 
     </span>
    </p>
   </div>
   <div class='ocr_carea' id='block_1_113' title="bbox 1878 5400 3431 5480">
    <p class='ocr_par' dir='ltr' id='par_1_113' title="bbox 1878 5400 3431 5480">
     <span class='ocr_line' id='line_1_114' title="bbox 1878 5400 3431 5480; baseline -0.01 -15"><span class='ocrx_word' id='word_1_773' title='bbox 1878 5412 1975 5465; x_wconf 88' lang='lat' dir='ltr'><strong>dus</strong></span> <span class='ocrx_word' id='word_1_774' title='bbox 2005 5425 2123 5480; x_wconf 72' lang='lat' dir='ltr'><strong>qua:</strong></span> <span class='ocrx_word' id='word_1_775' title='bbox 2152 5410 2294 5463; x_wconf 90' lang='lat' dir='ltr'><strong>hanc</strong></span> <span class='ocrx_word' id='word_1_776' title='bbox 2320 5407 2511 5476; x_wconf 88' lang='lat' dir='ltr'><strong>lgnatii</strong></span> <span class='ocrx_word' id='word_1_777' title='bbox 2540 5407 2863 5460; x_wconf 89' lang='lat' dir='ltr'><strong>sententiam</strong></span> <span class='ocrx_word' id='word_1_778' title='bbox 2913 5404 3203 5465; x_wconf 88' lang='lat' dir='ltr'><strong>antecedit,</strong></span> <span class='ocrx_word' id='word_1_779' title='bbox 3234 5400 3431 5453; x_wconf 5' lang='lat' dir='ltr'><strong>falsitas</strong></span> 
     </span>
    </p>
   </div>
   <div class='ocr_carea' id='block_1_114' title="bbox 1880 5491 3436 5568">
    <p class='ocr_par' dir='ltr' id='par_1_114' title="bbox 1880 5491 3436 5568">
     <span class='ocr_line' id='line_1_115' title="bbox 1880 5491 3436 5568; baseline -0.007 -14"><span class='ocrx_word' id='word_1_780' title='bbox 1880 5510 1984 5554; x_wconf 91' lang='lat' dir='ltr'><strong>tem</strong></span> <span class='ocrx_word' id='word_1_781' title='bbox 2014 5501 2254 5554; x_wconf 90' lang='lat' dir='ltr'><strong>continet</strong></span> <span class='ocrx_word' id='word_1_782' title='bbox 2297 5500 2716 5568; x_wconf 80' lang='lat' dir='ltr'><strong>putidissimam,</strong></span> <span class='ocrx_word' id='word_1_783' title='bbox 2747 5504 2801 5551; x_wconf 87' lang='lat' dir='ltr'><strong>et</strong></span> <span class='ocrx_word' id='word_1_784' title='bbox 2829 5508 3051 5550; x_wconf 87' lang='lat' dir='ltr'><strong>auctore</strong></span> <span class='ocrx_word' id='word_1_785' title='bbox 3083 5505 3189 5547; x_wconf 85' lang='lat' dir='ltr'><strong>tam</strong></span> <span class='ocrx_word' id='word_1_786' title='bbox 3224 5491 3436 5545; x_wconf 85' lang='lat' dir='ltr'><strong>erudito</strong></span> 
     </span>
    </p>
   </div>
   <div class='ocr_carea' id='block_1_115' title="bbox 1877 5584 3436 5663">
    <p class='ocr_par' dir='ltr' id='par_1_115' title="bbox 1877 5584 3436 5663">
     <span class='ocr_line' id='line_1_116' title="bbox 1877 5584 3436 5663; baseline -0.003 -19"><span class='ocrx_word' id='word_1_787' title='bbox 1877 5606 2097 5662; x_wconf 67' lang='lat' dir='ltr'><strong>prorsus</strong></span> <span class='ocrx_word' id='word_1_788' title='bbox 2136 5592 2425 5663; x_wconf 86' lang='lat' dir='ltr'><strong>indignam.</strong></span> <span class='ocrx_word' id='word_1_789' title='bbox 2465 5591 2593 5647; x_wconf 63' lang='lat' dir='ltr'><strong>Hinc</strong></span> <span class='ocrx_word' id='word_1_790' title='bbox 2632 5600 2809 5646; x_wconf 89' lang='lat' dir='ltr'><strong>autem</strong></span> <span class='ocrx_word' id='word_1_791' title='bbox 2861 5590 3113 5661; x_wconf 86' lang='lat' dir='ltr'><strong>periodus</strong></span> <span class='ocrx_word' id='word_1_792' title='bbox 3138 5587 3220 5641; x_wconf 85' lang='lat' dir='ltr'><strong>bis</strong></span> <span class='ocrx_word' id='word_1_793' title='bbox 3258 5584 3436 5641; x_wconf 80' lang='lat' dir='ltr'><strong>verbis</strong></span> 
     </span>
    </p>
   </div>
  </div>
