3916 6234
203 343 275 399 ss
323 400 336 410 _
1543 338 2077 395 PROLEGOMENA.
3382 351 3451 405 3,4

193 455 440 518 srriniis,
473 467 528 508 et
555 457 935 525 episcoporum
972 456 1318 512 bibliothecis
1368 457 1640 510 asservari
1672 457 1771 509 de-
1805 463 1843 517 A
1882 466 2027 517 runt,
2061 465 2118 507 ut
2150 455 2354 510 nullum
2382 470 2570 510 eorum
2598 458 2875 514 exstiterit
2898 470 3199 530 vestigium.
3232 463 3336 518 Sed
3368 466 3452 520 his

196 549 423 603 hebant.
474 545 587 599 Cur
635 563 765 614 ergo
819 547 977 613 hujus
1026 550 1222 601 summi
1270 549 1396 612 viri,
1455 548 1544 616 qui
1587 547 1776 616 μέγας

193 634 371 703 ἥλιος
425 638 757 707 appellatur,
802 638 976 706 Opera
1025 642 1192 695 tantis
1241 641 1474 696 tenebris
1524 651 1776 708 tantaque

175 730 472 785 oblivione
516 731 714 785 obruta
763 741 915 794 sunt,
972 743 1029 786 ttt
1066 735 1269 787 nullum
1333 748 1521 788 eorum
1571 734 1670 787 nisi
1723 734 1773 785 in

180 823 440 878 auctoris
495 824 669 876 nostri
730 825 952 892 scriptis
987 826 1274 894 vestigium
1324 824 1775 894 supersitTQuid

187 912 337 977 mod
371 919 430 964 et
478 912 598 981 ipsa
653 913 927 970 Hierothei
983 917 1290 969 testimonia
1345 931 1449 969 non
1479 916 1584 969 alio
1611 929 1773 984 quam

177 1003 445 1057 auctoris
476 1005 650 1058 nostri
697 1005 838 1075 stylo
874 1016 1096 1060 exarata
1126 1007 1429 1061 videntur?
1455 1005 1597 1061 Idem
1627 1007 1774 1061 enim

180 1093 235 1144 in
298 1096 560 1165 utrisque
619 1107 676 1152 et
728 1099 1004 1169 ingenium
1070 1109 1125 1152 et
1173 1099 1395 1162 locutio,
1465 1108 1775 1167 ceteraque

183 1189 375 1240 omnia
437 1189 541 1242 sibi
600 1190 759 1258 plane
807 1191 1007 1246 similia
1058 1191 1361 1262 legentibus
1386 1193 1564 1258 prima
1597 1190 1776 1245 fronte

183 1293 514 1335 occurrunt.
545 1282 621 1336 Ex
650 1285 848 1352 quibus
891 1298 992 1336 non
1045 1287 1333 1337 temeraria
1391 1298 1614 1351 prorsus
1644 1299 1776 1338 con-

179 1369 402 1434 iectura
448 1376 685 1442 capitur,
738 1376 906 1430 libros
959 1376 1237 1430 llierothei
1311 1391 1610 1446 nunquam,
1663 1377 1768 1431 nisi

182 1461 549 1533 Dionysianis
586 1466 638 1518 in
665 1466 1150 1530 lucubrationibus,
1179 1468 1354 1522 editos
1382 1468 1432 1520 in
1455 1468 1653 1522 lucem.

252 1554 338 1605 Ad
375 1553 498 1608 haec
530 1569 684 1619 vero,
732 1567 924 1610 auctor
979 1567 1166 1613 noster
1227 1572 1331 1612 non
1388 1559 1563 1612 solum
1617 1557 1770 1627 plura

182 1642 607 1713 incognitarum
660 1648 940 1701 hominum
993 1650 1247 1718 producit
1307 1651 1642 1715 testimonia,
1675 1652 1771 1704 sed

183 1737 370 1789 varias
429 1740 598 1791 etiam
642 1740 925 1795 doctorum
959 1742 1236 1796 hominum
1265 1743 1550 1812 Opiniones
1578 1745 1648 1798 ita
1685 1760 1770 1798 re-

1879 560 2068 614 parum
2125 547 2251 599 moti
2308 562 2495 600 eorum
2552 551 2878 616 adversarii,
2935 553 3259 622 argnuntde
3292 556 3452 610 rebus

1877 636 2094 702 quidem
2127 651 2246 704 quae
2294 639 2360 691 ad
2395 637 2518 692 ﬁdei
2580 641 2887 694 doctrinam
2935 643 3250 711 pertinent,
3285 647 3452 701 fuisse

1880 742 2097 796 semper
2137 728 2188 781 in
2220 728 2463 784 Ecclesia
2508 731 2574 784 ab
2604 731 2876 785 haereticis
2923 734 3154 802 agitatas
3193 738 3452 803 quaestio-—

1880 835 2006 884 nes;
2055 830 2108 874 at
2137 823 2203 874 de
2233 821 2395 874 rebus
2437 838 2557 890 quae
2605 823 2750 876 inter
2795 825 3074 892 apostolos
3123 827 3342 895 publice
3377 829 3454 883 rl-

1878 922 2048 980 tuque
2081 912 2310 966 solemni
2352 923 2586 980 peractae
2613 923 2760 980 sunt,
2786 929 3032 985 quasque
3061 933 3252 972 omnes
3280 920 3348 972 ab
3367 918 3454 974 eis

1877 1018 2178 1072 eorumque
2236 1005 2402 1059 sociis
2455 1015 2706 1074 poterant
2764 1005 2922 1060 facile
2963 1008 3197 1072 edoceri,
3246 1010 3451 1066 nullam

1877 1097 1942 1149 de
1973 1109 2079 1164 qua
2107 1096 2158 1149 in
2187 1097 2408 1164 scriptis
2438 1098 2828 1166 disputaretur,
2872 1101 3022 1153 nasci
3053 1103 3297 1167 potuisse
3324 1103 3444 1157 dis-

1876 1188 2207 1241 sensionem.
2242 1187 2414 1241 Porro
2473 1188 2648 1257 Opera
2705 1189 3003 1255 Hierothei,
3056 1207 3121 1246 ac
3166 1192 3452 1248 Bartholo—

1877 1277 2021 1340 anei,
2051 1285 2106 1330 et
2140 1274 2301 1341 Justi,
2355 1293 2458 1330 non
2519 1287 2815 1346 potuerunt
2879 1289 3028 1334 tanta
3093 1281 3359 1338 facilitate
3386 1296 3452 1337 ac

1875 1367 2107 1420 aliorum
2159 1366 2569 1422 lucubrationes
2634 1369 2908 1423 oblivione
2956 1381 3217 1439 perpetua
3266 1373 3448 1426 obrui.

1879 1457 2108 1512 Constat
2146 1458 2346 1528 quippe
2368 1474 2451 1523 ea,
2489 1461 2530 1514 si
2575 1461 2826 1530 Dionysio
2871 1462 3181 1527 credamus,
3243 1463 3296 1516 in
3331 1462 3453 1529 ejus

1873 1563 1936 1603 ac
1964 1547 2236 1603 Timothei
2267 1564 2463 1603 manus
2490 1548 2743 1603 venisse:
2801 1564 2900 1603 nec
2935 1549 3158 1603 dubiant
3199 1561 3283 1606 est
3319 1553 3447 1619 quin

1877 1643 1965 1694 illa
2014 1657 2135 1695 cum
2196 1641 2441 1710 plurimis
2473 1681 2487 1704 ,
2549 1656 2578 1694 a
2628 1642 2826 1711 quibus
2879 1657 3092 1695 summa
3146 1657 3273 1696 cura
3318 1659 3438 1697 con-

1873 1735 2082 1788 servari
2150 1735 2497 1798 debuerunt,
2561 1735 2875 1787 censuerint
2949 1749 3070 1789 esse
3145 1736 3451 1789 communi-

181 1825 311 1890 lert,
345 1837 406 1881 ut
435 1829 503 1883 iis
533 1835 910 1887 tantummodo
958 1847 1096 1901 quas
1139 1848 1266 1888 vero
1303 1803 1600 1905 .propiores
1645 1851 1767 1891 esse
1801 1803 1841 1858 Β
1870 1827 2062 1881 calida-

179 1921 564 1989 exist-imabat,
622 1939 682 1978 se
732 1926 1013 1981 adhaerere
1065 1937 1317 1982 testetur.
1378 1928 1477 1983 Ubi
1517 1930 1661 1984 enim
1700 1930 1767 1985 de

181 2012 478 2082 Serapbim
509 2016 652 2083 quod
691 2014 758 2068 ad
801 2016 990 2069 lsaiam
1040 2018 1263 2072 missum
1294 2028 1400 2079 est,
1428 2019 1713 2074 disserit"
1748 2039 1762 2075 :

181 2095 479 2162 Nonnulli,
535 2102 731 2170 inquit,
759 2103 917 2171 juxta
963 2106 1282 2176 assignatam
1313 2109 1380 2160 de
1414 2109 1646 2162 omnium
1675 2111 1764 2164 in-

179 2189 605 2257 telligentiarum
683 2195 1044 2248 communione
1115 2196 1472 2263 deﬁnitionem
1520 2198 1764 2256 aiunt....

177 2282 329 2333 Alius
355 2284 482 2334 item
518 2282 662 2335 haud
690 2285 976 2338 admodum
1024 2288 1364 2356 incongruam
1396 2290 1523 2341 mihi
1547 2291 1766 2344 tradidit

179 2372 530 2428 solutionem.
588 2375 769 2429 Aiebat
811 2378 972 2440 enim,
1020 2390 1127 2432 etc.
1178 2380 1242 2431 Et
1270 2381 1335 2433 de
1365 2381 1565 2450 hymno
1590 2382 1680 2450 qui
1713 2384 1762 2435 in

181 2464 346 2519 missa
379 2467 626 2520 ﬁdelium
655 2471 977 2525 cantabatur
1003 2473 1048 2502 ²¹
1079 2489 1094 2525 :
1129 2471 1282 2526 Hunc
1314 2483 1487 2526 autem
1519 2476 1765 2543 hymnum

179 2556 273 2609 alii
302 2560 484 2612 laudis
531 2561 818 2627 canticum,
861 2563 955 2617 alii
1007 2563 1275 2634 religionis
1327 2566 1641 2635 symbolum,
1668 2568 1765 2620 alii

181 2651 430 2720 denique,
475 2669 592 2706 mea
620 2655 830 2724 quidem
878 2659 1158 2721 sententia,
1210 2659 1600 2711 Itierarchicam
1650 2660 1763 2714 Eu-

179 2745 520 2809 eharistiam,
557 2754 663 2800 etc.
697 2744 764 2798 Et
796 2748 860 2798 de
891 2746 1322 2816 Seraphinorunt
1355 2751 1455 2804 alis
1481 2751 1567 2803 ":
1599 2749 1764 2806 Senus

184 2841 322 2904 alas,
349 2855 488 2909 quas
525 2838 759 2908 Eloquia
795 2852 1223 2901 commemorant.
1277 2858 1381 2896 non
1403 2844 1648 2897 existimo
1673 2861 1762 2896 sa-

181 2948 327 2984 crum
365 2947 645 2986 numerum
680 2933 950 2998 denotare,
984 2945 1041 2986 ut
1082 2937 1394 3005 quibusdam
1426 2936 1646 3004 placuit,
1673 2937 1763 2990 sed

180 3022 323 3087 ipsas
383 3023 636 3076 rirtutes.
692 3021 957 3091 Denique,
992 3035 1051 3078 ut
1094 3035 1286 3078 caetera
1345 3035 1645 3089 taceamus,
1697 3026 1764 3080 de

2457 1941 2686 1996 CAPUT
2724 1941 2858 1995 Xlll.

1871 2030 2124 2098 Quintum
2151 2043 2544 2101 argumentum,
2589 2050 2652 2087 ea:
2702 2035 2878 2087 citatis
2910 2035 2973 2086 ab
3017 2045 3231 2087 auctore
3268 2042 3448 2087 nostro

2325 2106 2699 2158 traditionibus
2742 2107 2982 2172 petitum.

1936 2198 2098 2252 Aliud
2131 2208 2317 2253 contra
2361 2197 2601 2269 Dionysii
2659 2197 2891 2265 Operum
2924 2197 3259 2268 γνηπιότητα
3285 2212 3447 2267 argu-

1869 2301 2111 2344 mentum
2173 2291 2518 2359 suppeditant
2567 2289 2910 2349 traditioues.
2941 2305 3079 2356 quas
3124 2288 3212 2342 ille
3241 2290 3307 2342 ab
3350 2303 3448 2341 an-

1870 2383 2020 2451 tiquo
2062 2393 2312 2452 tempore
2340 2385 2404 2437 ad
2447 2397 2599 2436 suam
2639 2390 2853 2436 attatent
2897 2382 3155 2435 deductas
3209 2395 3332 2435 esse
3367 2390 3450 2434 te-

1867 2475 2155 2529 stiﬁcatur.
2192 2476 2264 2528 De
2304 2473 2763 2544 baptizandorunt
2801 2474 2945 2526 enim
2976 2472 3264 2525 infantium
3296 2486 3448 2525 more

1871 2569 1984 2620 haec
2021 2568 2243 2621 tradidit
2276 2580 2472 2620 attetor
2498 2575 2689 2620 noster
2712 2565 2797 2619 ’δε
2839 2563 2955 2618 [Iac
2986 2565 3050 2618 de
3091 2581 3144 2616 re
3167 2563 3224 2615 id
3247 2579 3450 2632 quoque

1865 2661 2105 2721 dicimus,
2161 2661 2300 2728 quod
2331 2660 2613 2726 deiformes
2636 2669 2982 2726 pra'ceptores
3031 2656 3196 2709 nostri
3219 2655 3284 2707 ab
3306 2657 3451 2706 anti-

1865 2769 1967 2821 qua
1995 2753 2285 2806 traditione
2325 2752 2474 2805 nobis
2528 2751 2996 2818 transcripserunt.
3043 2748 3188 2820 Πρὸς
3211 2749 3309 2819 τῆς
3343 2748 3446 2818 ἁρ-

1864 2845 2025 2914 χαίας
2058 2842 2317 2914 μαθόντες
2350 2842 2718 2913 παραδόσεως.
2750 2842 2817 2894 At
2845 2841 2896 2894 id
2926 2849 3082 2895 certe
3113 2855 3142 2892 a
3183 2840 3441 2910 Dionysio

1864 2935 2189 3004 Areopagita
2219 2935 2323 2989 dici
2353 2949 2695 3003 nequaquam
2728 2932 2928 3002 potuit.

1935 3027 2226 3082 Enimvero
2255 3027 2505 3095 quamvis
2541 3041 2660 3080 mos
2712 3027 2801 3080 ille
2833 3026 2900 3079 ab
2929 3024 3192 3092 apostolis
3233 3023 3447 3078 derive-

180 3113 450 3170 eleetione
479 3115 662 3168 sancti
712 3113 949 3170 Matthiae
1001 3117 1117 3171 haec
1175 3117 1340 3171 habet
1375 3140 1384 3171 :
1424 3116 1555 3170 Cum
1583 3129 1761 3172 autem
1796 3137 1843 3200 ο
1874 3129 1985 3183 tur,
2020 3120 2282 3189 Dionysio
2310 3128 2487 3172 tamen
2540 3117 2881 3188 Areopagitae
2909 3119 2977 3170 ab
3027 3117 3244 3184 antiqua
3281 3116 3446 3169 tradi-

177 3202 240 3256 de
261 3204 443 3258 divina
472 3205 569 3258 illa
593 3215 734 3260 sorte
756 3222 873 3275 qute
897 3208 1146 3261 divinitus
1178 3225 1333 3275 super
1363 3208 1641 3262 Matt/tiam
1672 3226 1758 3262 ce-

177 3298 326 3364 cidit,
357 3299 456 3352 alii
480 3299 547 3353 ab
577 3298 697 3352 aliis
727 3315 840 3353 meo
887 3299 1094 3369 quidem
1119 3299 1328 3366 judicio
1371 3315 1474 3351 non
1499 3309 1633 3352 recte
1656 3299 1744 3352 di-

176 3408 325 3445 rersa
348 3394 636 3454 senserint,
673 3409 842 3446 meum
893 3393 1002 3459 ipse
1030 3393 1340 3445 sententiam
1387 3408 1660 3452 exponam.
1691 3394 1761 3448 At

176 3499 304 3537 vero
327 3484 456 3554 quis
484 3483 715 3538 inducat
745 3484 846 3539 sibi
890 3484 940 3538 in
973 3485 1214 3538 animum
1260 3484 1577 3553 apostolims
1626 3493 1760 3538 tent-

176 3576 404 3643 poribus
460 3575 810 3632 Christianos
865 3577 1122 3646 virosque
1177 3575 1509 3644 apostolicos
1565 3578 1616 3630 in
1651 3588 1758 3631 tam

174 3670 360 3724 varias
403 3669 564 3724 hisce
610 3671 677 3724 de
712 3669 875 3725 rebus
927 3671 1133 3725 abiisse
1186 3669 1668 3740 opiniones?Quis
1695 3671 1762 3724 de

173 3777 254 3826 eo,
286 3777 402 3831 quo
433 3760 693 3816 Matthias
723 3763 776 3816 in
815 3763 1109 3833 proditoris
1156 3761 1308 3816 Jud:e
1339 3764 1514 3816 locum
1545 3776 1759 3816 assum-

175 3865 294 3921 ptus
324 3866 417 3910 est
450 3856 639 3922 modo,
669 3855 956 3924 divinaque
985 3854 1102 3922 ejus
1155 3863 1304 3910 sorte
1359 3863 1414 3909 et
1468 3854 1760 3920 elec1ione,

175 3959 388 4003 tantum
462 3947 611 4002 inter
672 3961 769 4001 eos
837 3946 1164 4012 dissidiutn,
1239 3955 1551 4015 tantamque
1596 3947 1764 4004 fuisse

175 4038 514 4094 discordiam
551 4036 893 4092 crediderit?
920 4035 1171 4106 Nunquid
1203 4038 1568 4106 apostolorum
1599 4039 1764 4094 disci-

173 4130 278 4198 puli
323 4131 399 4183 ah
444 4128 583 4198 ipsis
615 4144 723 4183 non
778 4129 1083 4182 didicerant
1138 4129 1412 4198 quomodo
1466 4145 1528 4183 ea
1567 4131 1763 4185 electio

176 4223 314 4278 facta
342 4222 553 4277 fuerit?
602 4221 712 4276 Fac
752 4228 933 4275 autem
977 4221 1043 4276 de
1074 4234 1136 4275 ea
1168 4221 1303 4275 nihil
1330 4223 1397 4275 ab
1427 4223 1506 4276 eis
1538 4239 1764 4293 accepe-

179 4315 306 4381 rint,
339 4323 498 4370 certe
551 4313 586 4367 ii
645 4315 714 4368 ab
758 4313 882 4368 aliis
906 4313 1273 4382 apostolorum
1302 4315 1487 4379 sociis,
1525 4327 1764 4370 autsuc-

177 4408 512 4473 cessoribus,
567 4409 661 4478 qui
697 4408 876 4463 adhuc
924 4408 978 4462 in
1022 4407 1162 4462 vivis
1185 4417 1378 4474 erant,
1421 4419 1632 4478 poterat
1667 4424 1761 4465 eo-

1867 3215 2012 3268 tione
2035 3229 2143 3266 non
2175 3213 2530 3265 transmissus
2558 3217 2661 3265 est.
2712 3210 2859 3274 Quos
2895 3209 3038 3263 enim
3065 3209 3154 3263 ille
3183 3209 3266 3262 vir
3294 3223 3443 3263 sum-

1866 3321 2008 3371 mus,
2040 3321 2067 3360 a
2102 3305 2269 3358 Paulo
2294 3304 2417 3359 fidei
2445 3304 2773 3357 Christianae
2805 3303 3156 3371 dogtnatibus
3181 3302 3440 3364 imbutus,

1863 3407 2235 3467 praeceptores
2297 3395 2499 3450 habere
2560 3395 2757 3463 potuit,
2816 3395 2905 3464 qui
2971 3393 3046 3446 illi
3107 3407 3311 3447 morem
3341 3393 3440 3446 ba-

1863 3490 2101 3558 ptizandi
2160 3488 2397 3543 infantes
2448 3489 2517 3542 ab
2580 3487 2801 3555 antiqua
2851 3484 3143 3539 traditione
3192 3485 3441 3554 praescri-

1865 3582 2109 3651 pserint?

1934 3675 2119 3744 Neque
2170 3675 2375 3730 dixeris
2431 3689 2619 3729 vocem
2649 3673 2887 3745 ἀρχαίας
2911 3689 3016 3727 non
3046 3688 3144 3743 pro
3183 3672 3435 3742 antiqua,

1865 3771 1957 3823 sed
1988 3771 2162 3834 prima
2210 3767 2503 3822 traditione
2533 3767 2890 3836 significanda
2920 3775 3256 3833 usurpatam.
3284 3764 3444 3818 Nullo

1869 3863 2070 3931 quippe
2142 3875 2379 3929 unquam
2432 3859 2680 3930 exemplo
2731 3875 2919 3914 vocem
2983 3859 3220 3930 ἀρχαίας
3271 3859 3336 3912 ad
3387 3859 3441 3912 id

1864 3954 2034 4022 quod,
2070 3953 2393 4021 interposito
2424 3953 2662 4013 nemine,
2696 3949 2764 4004 ab
2805 3951 2990 4020 aliquo
3014 3960 3297 4020 acceptum
3328 3961 3439 4013 eat,

1863 4044 2280 4114 significandum
2313 4045 2467 4098 nllibi
2498 4043 2639 4112 apud
2689 4041 2909 4097 Graecos
2955 4043 3252 4110 scriptores
3281 4041 3438 4094 adhi-

1866 4139 2030 4192 bitam
2094 4136 2262 4191 fuisse
2329 4134 2672 4205 probabitur.
2733 4133 2866 4199 Quis
2922 4147 3054 4202 ergo
3120 4132 3438 4203 Dionysium

1862 4230 2246 4296 Areopagitam
2283 4226 2384 4280 hac
2415 4239 2548 4279 voce
2589 4234 2779 4280 contra
2829 4234 3103 4293 receptam
3158 4225 3226 4277 ab
3256 4224 3433 4276 omni-

1864 4319 1966 4373 bus
1996 4319 2142 4372 illius
2170 4317 2629 4386 significationem
2658 4331 2814 4370 usum
2855 4330 3000 4382 esse,
3051 4315 3193 4368 nulla
3227 4315 3437 4370 ratione

1865 4411 2023 4464 allata
2051 4412 2173 4464 aliis
2213 4411 2376 4464 facile
2404 4407 2794 4478 persuadebit?

178 4515 294 4555 rum
332 4501 719 4571 unusquisque
770 4500 838 4554 de
879 4515 942 4556 ea
997 4500 1265 4556 electione
1302 4502 1376 4556 ita
1410 4503 1614 4558 certior
1645 4504 1758 4558 fieri
1794 4502 1836 4556 D
1937 4501 2046 4555 Sed
2076 4516 2194 4571 age,
2224 4511 2278 4554 et
2310 4501 2599 4554 videamus
2625 4509 2804 4552 utrum
2838 4511 2901 4551 ea
2931 4497 3141 4551 veriora
3174 4497 3286 4552 sint
3311 4512 3432 4564 qua

178 4604 234 4648 ut
301 4594 484 4650 nullus
583 4603 729 4650 esset
820 4593 1176 4648 dissensionis
1265 4596 1759 4666 disputationisque

177 4687 346 4741 locus.

239 4778 618 4848 Areopagitici
653 4793 683 4832 e
711 4780 991 4834 contrario
1037 4779 1280 4833 clamant
1331 4780 1399 4832 ab
1429 4779 1544 4848 ipso
1578 4779 1760 4835 Eccle-

178 4875 268 4926 siae
304 4872 588 4925 nascentis
610 4871 859 4935 exordio,
888 4871 1166 4925 diabolieis
1192 4869 1399 4923 artibus
1427 4869 1592 4925 fuisse
1619 4873 1760 4924 inter

174 4963 544 5029 Christianos,
580 4971 638 5015 ut
664 4971 897 5016 testatur
942 4961 1165 5026 Paulus,
1213 4961 1451 5014 ha>reses
1496 4969 1548 5014 et
1606 4959 1758 5014 schi-

177 5053 666 5116 smata,scissuras
723 5064 779 5107 et
832 5053 1220 5107 dissensiones.
1268 5052 1413 5106 Nihil
1462 5067 1610 5120 ergo,
1661 5053 1754 5104 in-

171 5145 392 5217 quiunt,
458 5145 657 5198 mirum
713 5153 795 5199 est
829 5145 873 5198 si
906 5144 1142 5214 DiOnysii
1205 5154 1447 5212 tempore
1501 5144 1569 5195 de
1600 5154 1751 5196 sorte

175 5253 291 5306 qua:
320 5235 521 5291 cecidit
543 5250 709 5305 super
731 5234 1124 5299 Matthiam,sit
1149 5236 1499 5302 disputatum.
1529 5233 1603 5287 De
1626 5233 1750 5287 Ilie-

177 5328 354 5383 rothei
389 5342 524 5381 vero
559 5327 907 5396 aliorumque
968 5327 1118 5380 libris
1186 5326 1478 5393 deperditis
1507 5325 1638 5378 nihil
1666 5334 1751 5378 est

175 5423 314 5492 quod
349 5420 523 5492 magis
540 5421 780 5484 mireris,
809 5418 1247 5490 quandoquidem
1275 5419 1503 5488 plurima
1534 5426 1748 5485 aposto-

176 5517 344 5571 lorum
374 5518 728 5584 virorumque
777 5515 1201 5584 apostolicorutn
1235 5513 1434 5581 scripta
1471 5511 1542 5563 ita
1569 5511 1746 5578 perie—

243 5718 286 5749 ”
319 5716 398 5773 De
422 5717 617 5771 cwlest.
641 5715 922 5777 hieran/2.,
956 5729 1076 5780 cap.
1104 5713 1189 5767 15.

183 5787 462 5852 hicrarclu,
519 5802 636 5854 cup.
674 5786 724 5852 7,
760 5784 787 5856 §
839 5787 922 5839 Η.

1267 5715 1310 5742 ²¹
1346 5711 1422 5765 De
1452 5711 1730 5764 ecclesiast.
1767 5709 2051 5769 Itierarclt.,
2090 5725 2209 5778 cap.
2241 5711 2324 5765 15.

1024 5786 1068 5815 ³⁵
1100 5787 1174 5839 De
1221 5784 1484 5837 ltierarclt.
1535 5780 1748 5845 eccles.,
1797 5796 1912 5850 cap.
1953 5780 1999 5843 1,
2040 5780 2067 5850 §
2102 5781 2152 5834 4.

1863 4603 2056 4648 auctor
2103 4602 2287 4648 noster
2339 4592 2404 4647 de
2463 4592 2584 4645 aliis
2637 4589 2985 4660 dogmatibus
3031 4589 3132 4643 sibi
3187 4589 3432 4652 traditis,

1864 4686 2006 4742 haud
2037 4685 2349 4740 dubitanter
2376 4683 2611 4737 allii-mat
2651 4682 2695 4712 ’⁵
2727 4701 2740 4734 :
2801 4680 3034 4736 Maxime
3070 4698 3208 4744 vero,
3241 4682 3315 4735 ita
3341 4682 3430 4736 ille

1861 4776 2124 4845 loquitur,
2152 4776 2253 4827 ista
2284 4774 2500 4827 oracula
2533 4773 2756 4825 dicimus
2789 4787 2906 4840 qua:
2954 4789 2986 4824 α
3031 4773 3196 4825 sacris
3239 4775 3428 4826 nostris

1861 4867 2246 4928 initiatoribus,
2289 4865 2466 4916 divino
2505 4862 2706 4930 Spiritu
2771 4863 2984 4932 amatis,
3035 4865 3087 4915 in
3133 4861 3426 4931 Scripturis

1859 4960 2030 5012 sacris
2079 4959 2326 5025 librisque
2373 4957 2680 5026 theologicis
2727 4959 2923 5009 tradita
2969 4957 3116 5008 nobis
3156 4967 3301 5021 sunt,
3351 4957 3427 5008 uti

1858 5060 1907 5102 et
1943 5049 2036 5102 illa
2083 5065 2199 5117 qua:
2230 5049 2293 5101 ab
2331 5048 2515 5101 iisdem
2557 5048 2684 5100 viris
2729 5047 2923 5100 sanctis
2968 5046 3266 5110 subtiliori,
3325 5063 3424 5099 non

1858 5142 2068 5194 omnino
2101 5140 2285 5193 dissita
2347 5139 2410 5192 ab
2459 5141 2641 5193 ordine
2689 5139 2922 5204 calesti,
2973 5138 3327 5192 insinuatione
3365 5141 3426 5190 de

1855 5242 2026 5285 mente
2048 5232 2101 5283 in
2128 5242 2375 5296 mentem,
2408 5231 2670 5284 mediante
2721 5231 2870 5283 verba
2930 5245 3178 5298 corporeo
3217 5228 3421 5298 quidem

1857 5323 1972 5386 illo,
2003 5321 2158 5376 simul
2185 5331 2360 5375 tamen
2391 5323 2764 5388 immateriato,
2801 5323 2916 5375 sine
2963 5322 3246 5389 scriptione
3269 5319 3422 5372 insti—

1855 5425 2050 5468 tutores
2080 5416 2243 5467 nostri
2262 5431 2416 5467 sacra
2445 5415 2676 5483 quadam
2700 5415 3030 5467 traductione
3056 5422 3177 5466 sunt
3206 5412 3376 5465 edocti
3399 5423 3420 5462 :

1853 5508 2068 5577 γραφῆς
2092 5507 2245 5570 ἐκτὸς
2271 5507 2318 5558 οἱ
2351 5505 2721 5576 καθηγεμόνες
2763 5507 2921 5577 ἡμῶν
2963 5505 3301 5576 ἐμυήθησαν.
3341 5499 3417 5555 lbi

2401 5711 2446 5742 ³³
2471 5709 2610 5768 Ibid.
2645 5725 2765 5780 cap.
2791 5708 2843 5778 4,
2922 5707 2966 5737 ³⁸
2987 5705 3103 5760 Lib.
3131 5705 3207 5759 De
3227 5704 3414 5762 cccles.
