3916 6234
462 337 534 394 315
1599 328 1654 386 S.
1700 327 2072 389 DIONYSIUS
2109 331 2568 391 ABEOPAGITA.
3637 335 3715 392 56

464 453 623 524 plane
652 457 709 506 et
731 448 968 504 dilucide
1000 462 1106 502 non
1137 456 1397 516 scriptam
1435 455 1832 503 commemorat
1860 445 2030 498 tradi-
2061 449 2109 505 Α
2136 444 2203 498 ad
2256 455 2367 500 tres
2421 447 2614 500 divina:
2656 446 2942 503 Trinitatis
2995 461 3256 517 personas
3312 439 3715 518 signiﬁcandas

467 547 690 609 tionem,
744 558 905 611 quam
934 542 1002 596 de
1029 552 1213 596 mente
1256 542 1312 596 in
1345 551 1577 595 mentem
1615 544 1682 594 ad
1723 555 1787 595 se
1843 541 2032 595 tradu-

462 644 605 689 ctam
635 649 757 689 esse
808 634 1028 688 asserit.
1084 632 1315 698 Verum,
1358 634 1551 686 amabo
1581 648 1698 696 vos,
1748 643 2033 702 poteratne

467 726 752 793 Dionysius
780 724 1131 795 Areopagita,
1159 724 1311 778 Pauli
1343 723 1666 791 discipulus,
1688 723 1869 779 verbis
1897 724 2035 779 adeo

463 819 742 889 expressis
780 817 1052 871 allirmare
1074 832 1133 871 se
1160 817 1500 871 institutores
1525 832 1588 870 ac
1619 818 1910 887 magistros
1933 817 2033 871 ha-

466 910 647 965 buisse
667 910 757 979 qui
786 908 1108 964 hierarchize
1132 908 1518 964 ecclesiasticae
1543 908 1793 964 ordinem
1815 910 1884 965 ab
1913 909 2035 965 aliis

463 1002 585 1056 sine
614 1002 913 1069 scriptione
959 998 1296 1054 didicerint?

544 1092 731 1161 Neque
762 1107 915 1155 vero,
938 1091 1082 1160 quod
1112 1090 1307 1143 mirum
1369 1098 1472 1157 est,
1514 1090 1583 1145 ibi
1633 1089 2030 1155 tantummodo,

465 1187 558 1241 sed
576 1185 701 1239 alibi
720 1200 831 1238 non
868 1182 1035 1239 semel
1061 1184 1251 1238 eodem
1287 1183 1593 1238 traditionis
1614 1193 1937 1251 argumento
1964 1183 2033 1237 ad

466 1289 532 1329 ea
556 1290 673 1343 qua:
687 1275 907 1329 dixerat
929 1273 1302 1327 conﬁrmanda
1322 1282 1514 1342 sponte
1548 1287 1644 1328 sua
1683 1273 1872 1327 utitur.
1896 1273 2031 1327 Nam

464 1365 557 1420 ubi
590 1365 659 1419 de
693 1365 1038 1419 sanctissimo
1075 1364 1362 1418 Trinitatis
1391 1364 1651 1433 mysterio
1697 1379 1803 1418 non
1856 1365 2031 1419 minus

464 1455 748 1510 enucleate
789 1464 847 1509 et
881 1457 1169 1523 perspicue
1200 1469 1266 1509 ac
1288 1454 1381 1508 alii
1414 1461 1538 1523 post
1567 1454 1838 1508 Nicmnam
1868 1468 2034 1525 syno-

464 1544 590 1596 dum
624 1541 839 1608 Patres,
869 1544 1204 1612 disputat",
1236 1542 1389 1606 Ha'c,
1425 1544 1621 1613 inquit,
1654 1544 1863 1613 aliaque
1891 1559 2033 1614 qua:-

461 1634 583 1688 libet
619 1635 833 1703 deiﬁcat
867 1636 1094 1701 lumina,
1129 1652 1247 1705 qua:
1288 1632 1583 1704 Scripturis
1639 1652 1867 1690 consona
1910 1651 2032 1689 san-

461 1730 531 1782 cti
572 1728 743 1781 nostri
778 1738 1123 1796 prtrceptores
1163 1743 1365 1780 arcana
1420 1727 1569 1780 nobis
1599 1729 2029 1793 interpretatione

460 1821 817 1876 tradiderunt.
869 1834 1066 1887 nosque
1135 1819 1407 1872 hausimus
1463 1836 1481 1874 :
1536 1818 1726 1874 Graace
1794 1820 2028 1889 legitur,

460 1919 666 1987 κρυφῑα
686 1911 1001 1981 παράδοσις,
1024 1923 1224 1966 secreta
1256 1914 1497 1967 traditio.
1521 1914 1587 1966 Et
1608 1913 1768 1982 paulo
1795 1913 1935 1967 infra
1961 1915 2029 1981 ’⁷,

463 2006 793 2077 Theologiae
828 2016 1020 2059 nostra?
1064 2004 1364 2058 traditionis
1392 2016 1704 2059 auctores...
1731 2007 2031 2075 assignant-

459 2115 559 2169 que
581 2098 872 2167 Scripturis
889 2097 1056 2152 sacris
1082 2096 1373 2151 insistendo
1406 2097 1663 2152 nonnulla
1690 2099 1845 2151 dicta:
1876 2098 2029 2151 unio-

462 2189 517 2242 ni
557 2204 795 2256 propria,
822 2187 1160 2256 vicissimque
1193 2188 1547 2241 distinctioni.
1578 2186 1643 2241 lli
1683 2203 1812 2258 ergo
1841 2197 2032 2243 aucto-

462 2294 573 2345 res,
603 2280 709 2347 vel,
750 2288 807 2333 ut
848 2278 1036 2336 Graece
1085 2279 1366 2346 scribitur,
1397 2278 1747 2347 Bsolortxﬁc
1771 2279 2031 2347 παραδό-

459 2388 616 2439 σεως
667 2372 1049 2442 ἱερομςὲσται,
1106 2372 1290 2427 divina
1339 2372 1645 2436 attributa,
1688 2374 1865 2441 inquit
1916 2373 2030 2441 ille,

461 2473 858 2530 enodavernnt,
918 2465 1208 2535 Scripturis
1252 2467 1420 2520 sacris
1469 2467 1785 2533 insistendo,
1835 2468 1942 2534 vel,
1971 2478 2033 2522 ut

463 2561 616 2628 prius
643 2560 879 2621 dixerat,
914 2557 1201 2626 Scripturis
1234 2574 1468 2613 consona
1501 2561 1786 2613 tradendo.
1815 2559 2029 2614 Illorum

461 2666 595 2722 ergo
629 2651 699 2705 ibi
748 2650 954 2720 profert
1001 2650 1334 2713 testimonia,
1362 2649 1457 2719 qui
1506 2659 1629 2719 post
1678 2650 1853 2705 editos
1894 2650 2031 2706 Novi

464 2742 707 2799 Ftederis
735 2743 923 2807 libros,
955 2756 1020 2795 ac
1063 2742 1115 2795 in
1146 2741 1336 2810 primis
1364 2741 1746 2811 Apocalypsin]
1775 2753 1829 2796 et
1852 2742 2029 2797 Evan-

461 2834 662 2905 gelium
689 2832 945 2898 Joannis,
977 2848 1096 2902 quas
1127 2832 1325 2886 ibidem
1378 2832 1447 2887 ab
1474 2847 1539 2887 eo
1567 2833 1880 2901 laudantur,
1906 2834 2029 2890 inde

463 2927 813 2981 auctoritates
845 2925 913 2979 ad
946 2923 1366 2993 theologicorum
1413 2925 1480 2978 de
1529 2926 1716 2979 divina
1762 2926 2030 2981 Trinitate

463 3018 778 3089 dogmatum
810 3016 1207 3086 expositionem
1242 3014 1560 3070 alierebant.
1584 3016 1684 3081 Qui
1715 3032 1846 3088 ergo
1868 3026 2027 3071 erant

2138 537 2333 606 saepius
2372 539 2816 606 usurpat".Kat
2844 541 2971 611 μὴν,
3020 540 3195 608 inquit
3254 539 3362 605 ille,
3413 538 3493 592 ὅτι
3535 541 3715 611 μονάς

2135 629 2251 680 ἐστι
2283 630 2377 681 καὶ
2412 627 2539 692 ὲνὰς
2581 629 3030 700 τρισυπόστατος.
3072 630 3139 685 Ει
3167 629 3290 685 alibi
3312 631 3712 702 ¹⁹εὼςτριάδει

2135 721 2191 775 δὲ
2218 722 2306 775 διὰ
2344 722 2444 793 τὴν
2481 723 2924 793 τρισυπόστατον.
2960 723 3059 779 Ubi
3085 739 3215 779 vero
3246 725 3314 779 de
3346 740 3708 794 personarum

2137 814 2443 868 divinarum
2484 816 2994 871 circuminsessione
3022 818 3262 887 loquitur
3280 816 3326 850 ³⁸
3354 836 3369 873 :
3399 817 3509 871 τῶν
3537 818 3697 891 ἐναρ-

2134 900 2305 971 χικῶν
2330 903 2697 967 ὑποστάσεων,
2727 907 2916 975 inquit.
2941 906 3102 976 Atqui
3130 908 3310 963 nullus
3322 920 3448 964 ante
3470 909 3711 964 Alexan-

2140 996 2350 1049 drinam
2401 997 2691 1066 synodum,
2725 1014 2869 1052 anno
2912 999 3016 1053 362
3044 1009 3312 1067 coactam,
3354 1017 3419 1058 ea
3462 1017 3624 1069 voce,
3657 1005 3708 1058 si

2137 1085 2350 1143 Socrati
2384 1090 2518 1144 ﬁdes
2549 1090 2918 1157 habeatur’”,
2954 1096 3020 1149 ad
3049 1096 3104 1151 id
3124 1097 3542 1167 signiﬁcandum
3572 1114 3715 1154 usus

2110 1187 2219 1232 rest
2253 1197 2267 1232 :
2303 1179 2562 1236 Caeterum
2593 1184 2843 1253 episcOpi,
2875 1185 3124 1242 Socratis
3147 1189 3313 1244 verba
3346 1198 3493 1254 sunt,
3533 1191 3715 1260 quiin

2133 1268 2495 1326 Alexandrino
2539 1274 2764 1327 concilio
2809 1277 3050 1339 aderant,
3079 1280 3215 1331 hanc
3255 1289 3514 1346 prwterea
3557 1296 3715 1349 qure—

2133 1362 2353 1415 slionem
2401 1363 2681 1431 diligenter
2706 1366 3097 1431 examinarunt,
3121 1370 3185 1421 de
3224 1368 3523 1423 substantia
3553 1372 3715 1424 scili-

2134 1461 2212 1506 cet
2243 1463 2290 1507 et
2317 1453 2656 1523 hypostasi...
2687 1453 2829 1520 Quid
2867 1467 3045 1511 autem
3080 1474 3175 1513 nos
3228 1461 3293 1513 de
3320 1460 3623 1514 substantia
3653 1473 3711 1515 et

2134 1542 2410 1612 hypostasi
2464 1545 2827 1613 didicerimus,
2887 1548 3023 1602 nihil
3072 1559 3207 1603 vetat
3255 1552 3539 1619 quominus
3593 1553 3715 1605 Iure

2135 1636 2354 1692 breviter
2391 1653 2731 1707 exponamus.
2763 1639 2867 1706 Qui
2897 1638 3137 1697 ercam
3164 1644 3304 1697 inter
3338 1642 3552 1698 Graecos
3582 1646 3718 1712 phio-

2135 1728 2429 1798 losophiam
2460 1732 2817 1797 tradiderunt,
2841 1735 3194 1788 substantiam
3220 1737 3431 1805 quidem
3455 1736 3715 1803 plurimis

2132 1824 2301 1876 modis
2334 1823 2676 1892 deﬁnierunt,
2708 1826 3045 1895 hypostaseos
3087 1844 3207 1881 vero
3240 1827 3443 1882 nullam
3478 1845 3715 1898 prorsus

2131 1917 2447 1969 mentionem
2477 1917 2666 1985 fecere,
2693 1928 2797 1972 etc.
2851 1917 3214 1991 Hieronymus
3250 1934 3380 1975 vero
3411 1923 3479 1975 de
3506 1921 3714 1976 eadem

2132 2018 2290 2070 voce,
2323 2015 2503 2059 utrum
2544 2008 2854 2075 usurpanda
2892 2006 3057 2075 foret,
3094 2011 3425 2065 sententiam
3478 2010 3716 2066 Damasi

2133 2111 2284 2166 papae
2334 2096 2667 2162 sciscitatus,
2713 2099 2793 2152 ait
2818 2099 2858 2129 "
2892 2116 2906 2152 :
2942 2099 3073 2155 Tota
3100 2102 3444 2156 stecularium
3490 2102 3715 2156 littera-

2134 2206 2251 2243 rum
2279 2190 2457 2244 schola
2487 2190 2620 2244 nihil
2675 2190 2827 2244 aliud
2875 2193 3225 2263 hypostasim,
3258 2195 3363 2249 nisi
3395 2196 3569 2249 usiam
3603 2210 3714 2247 no—

2133 2283 2277 2336 vit...
2314 2281 2611 2336 Taceantur
2663 2292 2767 2335 tres
2821 2283 3149 2352 hypostases,
3182 2286 3229 2338 si
3263 2284 3460 2353 placet,
3494 2292 3545 2337 et
3595 2300 3712 2337 una

2134 2382 2391 2427 teneatur.
2417 2373 2666 2428 Nondum
2696 2388 2828 2443 ergo
2881 2372 3197 2446 Hieronymi
3229 2385 3474 2443 tempore
3499 2390 3563 2431 ea
3598 2392 3710 2430 vox

2134 2470 2350 2529 recepto
2388 2464 2528 2532 apud
2578 2478 2768 2518 omnes
2822 2464 2876 2517 in
2928 2478 3025 2518 usu
3067 2474 3206 2529 erat,
3260 2480 3359 2520 nec
3390 2464 3714 2519 inconsulto

2134 2568 2348 2608 summo
2394 2555 2670 2623 pontiﬁce,
2709 2572 2771 2612 ea
2820 2567 3041 2612 sanctus
3093 2558 3284 2613 doctor
3327 2559 3405 2613 uti
3446 2573 3507 2612 se
3540 2571 3715 2627 posse

2130 2645 2517 2704 arbitrabatur.

2206 2736 2313 2793 Sed
2350 2739 2637 2810 insurgunt
2688 2742 3074 2814 Areopagitici,
3121 2746 3445 2816 magnisque
3496 2745 3708 2800 animis

2133 2831 2565 2887 adversariorum
2618 2833 2723 2887 tela
2779 2835 3157 2899 retundentes,
3194 2849 3406 2892 certum
3450 2852 3573 2893 esse
3624 2839 3718 2892 di-

2131 2925 2670 2979 cuntAntenicaenos
2727 2924 2919 2979 Patres
2979 2927 3033 2980 in
3088 2928 3419 2997 asserenda,
3470 2944 3596 2997 quae
3640 2932 3717 2985 de

2134 3016 2497 3071 sanctissimae
2525 3016 2811 3073 Trinitatis
2847 3020 3110 3090 mysterio
3157 3021 3227 3075 ab
3246 3023 3567 3078 orthodoxis
3592 3033 3714 3078 tra-

463 3110 499 3164 ii
536 3109 779 3180 Dionysii
810 3108 1152 3177 Areopagitae
1184 3109 1591 3178 praeceptores?
1623 3107 1872 3177 Nunquid
1904 3108 2030 3165 Hie-
2056 3123 2099 3183 ο
2136 3109 2306 3173 ditur,
2335 3110 2581 3163 doctrina
2615 3120 2723 3164 tam
2775 3121 3089 3167 constantes
3120 3111 3311 3178 luisse,
3360 3123 3416 3168 ut
3460 3131 3528 3169 eo
3561 3127 3711 3171 tem-

464 3200 723 3255 rotheus?
751 3198 858 3253 Sed
888 3199 935 3254 is
965 3199 1032 3254 ab
1083 3198 1174 3253 illo
1214 3212 1433 3266 semper
1486 3199 1845 3263 nominatim,
1888 3218 2027 3269 prat-

459 3304 637 3362 ceptor
662 3303 839 3348 noster
865 3292 1188 3361 appellatur.
1225 3292 1283 3347 Si
1324 3306 1456 3361 ergo
1490 3291 1640 3346 illum
1673 3293 1756 3346 his
1799 3293 1852 3346 in
1890 3293 2028 3348 locis

461 3388 673 3452 laudat,
698 3395 755 3440 et
783 3385 919 3440 alios
965 3384 1155 3454 procul
1209 3384 1376 3439 dubio
1428 3384 1603 3439 eidem
1656 3383 1926 3453 adjungit.
1958 3385 2030 3438 At

460 3491 625 3546 porro
653 3477 962 3545 quicunque
995 3476 1213 3529 tandem
1258 3472 1466 3527 fuerint
1489 3474 1832 3543 Areopagitae
1859 3475 2032 3543 magi-

461 3580 584 3637 stri,
619 3585 715 3626 eos
766 3580 915 3624 certe
976 3579 1181 3623 tantum
1241 3569 1374 3623 citat
1417 3569 1506 3636 qui
1550 3578 1669 3637 post
1725 3569 2031 3636 publicatos

460 3662 816 3734 Apocalypsis
869 3670 923 3715 et
976 3659 1252 3729 Evangelii
1302 3660 1531 3740 Joannis
1588 3660 1758 3715 libros
1791 3660 1863 3713 ita
1896 3661 2031 3715 scri-

461 3765 688 3823 pserunt
714 3762 771 3807 ut
801 3768 896 3808 eos
929 3753 982 3806 in
1030 3753 1273 3806 omnium
1328 3767 1521 3805 manus
1567 3760 1623 3804 et
1660 3752 2025 3821 cognitionem

464 3832 694 3899 venisse.
710 3845 934 3898 omnino
974 3858 1299 3912 persuasum
1332 3842 1619 3896 haberent.
1656 3842 1868 3896 Rursus
1898 3856 2030 3897 vero

463 3947 661 3991 auctor
685 3946 869 3990 noster
903 3935 993 3988 illa
1029 3943 1423 4003 praeceptorum
1448 3947 1674 3986 suorum
1697 3932 1894 4002 Opera,
1921 3948 2027 3987 non

467 4042 526 4085 ut
556 4044 748 4084 recens
778 4027 949 4093 edita,
998 4027 1090 4081 sed
1149 4025 1400 4080 omnibus
1444 4024 1766 4092 plerumque
1811 4026 2030 4093 cognita

464 4120 727 4177 laudavit.
762 4118 916 4174 Unde
948 4118 1131 4186 quivis
1161 4116 1321 4171 facile
1353 4114 1626 4183 intelligat
1661 4128 1853 4167 onmes
1893 4116 2032 4168 scri-

466 4213 641 4283 ptoris
673 4211 849 4267 nostri
879 4208 1291 4263 lucubrationes
1318 4216 1372 4260 et
1400 4207 1575 4261 serius
1608 4220 1768 4274 quam
1793 4206 2033 4259 creditur

464 4304 754 4375 prodiisse,
785 4316 883 4356 nec
909 4301 1221 4371 Dionysium
1247 4297 1630 4368 Areopagitam
1663 4298 1905 4366 potuisse
1939 4312 2031 4352 co-

465 4414 581 4452 l'lllll
610 4411 729 4452 0886
758 4404 1063 4450 auctorem.

1036 4504 1264 4562 CAPUT
1307 4504 1443 4559 XIV.

465 4625 683 4682 Sextum
740 4631 1130 4694 argumentum,
1185 4636 1248 4674 ex
1296 4620 1363 4694 iis
1416 4633 1543 4694 quin
1584 4617 1655 4694 de
1697 4617 2028 4668 sanctissimo

537 4688 824 4750 Trinitatis
843 4692 1091 4763 mysterio
1120 4690 1461 4757 personisque
1489 4688 1681 4741 divinis
1711 4697 1900 4739 auctor
1928 4702 2025 4740 no-

533 4776 640 4821 ster
670 4764 911 4828 tradidit,
939 4763 1289 4828 desumptum.
1330 4811 1334 4815 .

532 4860 668 4914 Illud
699 4867 879 4912 autem
925 4853 1339 4925 probationibus
1366 4852 1477 4921 jam
1525 4851 1774 4905 adductis
1823 4850 2034 4905 accedit

464 4948 969 5017 ﬁrmamenti,quod
1007 4960 1110 4999 non
1129 4945 1302 4999 solum
1326 4943 1670 5008 Hierotheus,
1695 4951 1753 4997 ut
1773 4942 2028 5005 diximus,

464 5046 532 5100 de
555 5042 845 5097 Trinitatis
893 5039 1155 5109 mysterio
1189 5036 1497 5091 clarissime
1524 5035 1778 5096 disserat,
1811 5035 1906 5088 sed
1936 5049 2034 5087 no-

464 5143 577 5191 star
600 5133 764 5187 etiam
789 5130 1076 5201 Dionysius
1108 5139 1492 5197 prmeeptorem
1517 5142 1671 5181 suum
1704 5132 2031 5195 praeeuntem

465 5228 544 5285 ita
592 5225 960 5294 subsequatur
995 5230 1054 5274 ut
1080 5230 1309 5289 uterque
1339 5230 1461 5288 post
1509 5228 1683 5271 ortam
1718 5226 1773 5270 et
1802 5215 2033 5269 damna-

461 5329 577 5378 um
627 5318 956 5372 Arianorum
1013 5312 1262 5369 haeresim
1316 5310 1564 5364 videatur
1623 5310 1921 5376 disputare.
1982 5306 2031 5360 Is

461 5410 611 5470 enim
668 5423 777 5463 non
827 5419 986 5463 secus
1021 5419 1091 5459 ac
1130 5402 1460 5457 ilicrotheus
1506 5414 1697 5454 vocem
1734 5399 2030 5468 hypostasis

531 5597 577 5629 ’⁸
606 5596 724 5654 Lib.
777 5593 848 5647 De
877 5592 1039 5647 divin.
1102 5604 1269 5656 nom,
1312 5603 1432 5657 cap.
1473 5588 1522 5646 1.
1555 5587 1583 5656 ς
1619 5584 1673 5664 4.
1707 5583 1749 5615 ⁸⁷
1790 5580 2031 5659 lbid.,_c:

536 5685 632 5728 ιιι..
660 5681 782 5728 cap.
811 5666 863 5716 l.
948 5662 992 5692 “
1026 5660 1191 5723 Ibid.,
1224 5674 1344 5728 cap.
1377 5660 1432 5713 2.
1494 5656 1588 5728 _’°:
1612 5654 1734 5728 Lib,
1773 5647 2031 5728 nullan

2146 5574 2202 5627 2.
2280 5570 2324 5601 ’⁸
2378 5570 2451 5623 De
2479 5566 2669 5619 cwlest.
2715 5563 3002 5625 hierarch.,
3049 5577 3169 5631 cap.
3196 5560 3249 5614 5.
3350 5563 3395 5594 ¹⁹
3427 5562 3507 5618 De
3536 5566 3719 5622 divin.

2177 5655 2299 5728 “19°
2463 5636 2505 5728 '_‘
2538 5636 2708 5728 593?"
2734 5632 2934 5728 512‘“)
2967 5632 3302 5728 "eun-“1'
3336 5633 3397 5728 Ρη
3448 5633 3721 5728 Ξθῖξεέμ

466 5684 632 5731 nam,
660 5681 782 5736 cap.
811 5666 891 5736 l.__
948 5666 992 5736 ς
1026 5666 1191 5723 Ibid.,
1224 5674 1344 5728 cap.
1377 5666 1432 5713 2.
1494 5666 1589 5736 ’³υλ
1612 5666 1712 5734 ιιιιι

467 5723 689 5805 Propos.
728 5723 897 5792 'P-auli
950 5730 1246 5790 Samosat..
1294 5723 1439 5783 'tom.
1492 5725 1511 5780 l
1550 5723 1756 5781 Coucil.
1794 5755 1821 5787 δ

464 5821 501 5871 ι,
532 5806 589 5860 ὅ.

1874 5716 1921 5751 ³³
1954 5701 2281 5772 Theodorei.
2341 5709 2433 5764 lib.
2473 5721 2492 5761 ι
2532 5704 2704 5771 Hist.,
2758 5717 2876 5773 cap.
2901 5701 2958 5755 4.

2133 3213 2266 3266 pore
2288 3214 2395 3267 quo
2428 3201 2591 3255 Arius
2618 3202 2867 3256 haeresim
2900 3218 3054 3256 suam
3103 3204 3463 3261 disseminare
3510 3211 3711 3278 cmpit.

2135 3288 2224 3344 ille
2252 3305 2390 3343 nova
2441 3290 2812 3361 hactenusque
2854 3293 3092 3347 inaudita
3142 3294 3394 3365 dogmata
3444 3312 3715 3367 spargere

2133 3380 2500 3442 insimulatus,
2565 3383 2634 3437 ab
2673 3382 2924 3437 omnibus
2952 3392 3141 3439 contra
3195 3386 3311 3455 ejus
3363 3387 3713 3457 impietatem

2134 3472 2208 3525 sit
2236 3471 2614 3528 reclamatum.
2647 3472 2789 3526 Nulli
2822 3483 3081 3542 prazterea
3119 3476 3344 3529 dubium
3379 3492 3502 3533 esse
3544 3494 3717 3547 posse

2136 3563 2410 3633 inquiunt,
2441 3566 2571 3633 quin
2600 3565 2828 3634 apostoli
2859 3571 3196 3622 adorandum
3223 3570 3356 3623 illud
3379 3572 3715 3641 mysterium

2133 3654 2486 3718 Christianis,
2514 3655 2816 3723 praesertim
2849 3654 3288 3725 perfectioribus,
3312 3676 3418 3714 non
3445 3661 3715 3727 obscure,

2132 3748 2226 3803 sed
2248 3747 2394 3801 clare
2422 3756 2476 3801 et
2528 3748 2813 3818 perspicue
2842 3751 3216 3817 exposuerint,
3245 3766 3451 3822 eosque
3498 3756 3553 3808 in
3602 3759 3717 3811 hac

2136 3846 2245 3892 tam
2276 3838 2507 3893 diﬁicilis
2538 3838 2781 3909 mysterii
2828 3839 3076 3892 doctrina
3119 3840 3382 3897 adversus
3416 3856 3719 3901 nascentes

2135 3928 2371 3983 haereses
2399 3928 2712 3991 muniendo,
2760 3926 2892 3981 nihil
2928 3929 3059 3997 ipsis
3096 3930 3424 3999 reliquerint
3449 3936 3717 3989 obscuri—

2136 4022 2336 4076 tatibus
2368 4020 2685 4074 involutum.
2721 4018 2857 4085 Quid
2890 4033 3020 4088 ergo
3050 4021 3246 4075 mirum
3292 4023 3339 4076 si
3387 4024 3715 4095 Dionysius,

2138 4111 2291 4166 Pauli
2317 4111 2635 4179 discipulus,
2669 4120 2721 4163 et
2747 4110 3098 4180 philosophiae
3122 4112 3573 4182 callentissimus,
3594 4128 3715 4172 tra-

2135 4203 2301 4257 ditam
2320 4201 2560 4267 ejusdem
2584 4201 2826 4269 mysterii
2853 4201 3182 4268 doctrinam,
3202 4217 3313 4272 prae
3343 4208 3560 4262 caeteris
3582 4209 3719 4263 aliis

2136 4295 2519 4365 scriptoribus,
2572 4294 2753 4348 verbis
2805 4292 3126 4363 explicuerit
3202 4295 3534 4354 clarioribus
3589 4316 3719 4355 ma-

2137 4384 2325 4454 gisque
2356 4383 2783 4455 philosophicis?

2206 4476 2375 4531 Porro
2405 4488 2580 4529 autem
2606 4478 2857 4545 quamvis
2884 4491 3012 4532 usus
3040 4477 3199 4548 hujus
3227 4482 3379 4535 verbi
3405 4482 3718 4551 hypostasis

2134 4577 2259 4622 ante
2288 4568 2558 4623 Niczenam
2588 4567 2852 4636 synodum
2903 4584 3007 4623 non
3044 4580 3189 4624 esset
3224 4572 3298 4625 ita
3352 4554 3614 4641 frequens
3646 4592 3719 4630 ac

2134 4661 2502 4729 promiscuus,
2530 4667 2749 4713 constat
2781 4667 2960 4713 tamen
2994 4675 3115 4714 eam
3167 4675 3357 4716 vocem
3390 4665 3460 4719 ab
3505 4664 3717 4734 aliqui—

2134 4755 2239 4807 bus
2270 4760 2584 4819 usurpatam
2618 4749 2803 4803 fuisse.
2859 4749 3072 4804 Etenim
3121 4750 3417 4821 Dionysius
3462 4756 3719 4810 Alexan-

2136 4843 2331 4897 drinus
2360 4857 2481 4897 eam
2522 4842 2694 4909 ipsam
2725 4838 3019 4907 aliquando
3055 4841 3374 4896 adhibuisse
3406 4845 3607 4912 legitur
3642 4847 3716 4901 ³².

2138 4933 2446 4987 Alexander
2470 4946 2620 4996 vero,
2681 4930 3023 4985 Alexandria:
3073 4931 3385 5001 episcOpus,
3418 4937 3488 4990 ad
3540 4938 3719 4993 alium

2138 5020 2540 5081 Alexandrum,
2593 5017 3093 5088 ConstantinOpolis
3143 5023 3463 5092 episcopum
3492 5064 3508 5090 ,
3569 5034 3726 5087 seri-

2140 5110 2379 5166 beas";
2420 5109 2724 5178 Propriam,
2779 5109 2971 5178 inquit,
3027 5112 3351 5179 hypostusim
3397 5116 3720 5183 declaravit,

2141 5204 2316 5257 dicens
2341 5240 2354 5254 .
2393 5219 2412 5251 ε
2445 5198 2510 5252 1η
2537 5199 2792 5267 principio
2820 5208 2935 5252 erat
2972 5197 3224 5266 Verbum,
3250 5213 3297 5255 et
3342 5201 3574 5259 Verbum
3602 5221 3723 5260 erat

2141 5296 2283 5366 apud
2315 5296 2479 5348 Deum
2516 5291 2610 5356 ⁸⁸,ι
2636 5300 2743 5345 etc.
2765 5289 3006 5358 Denique
3032 5292 3116 5346 his
3140 5292 3291 5347 Pauli
3323 5297 3507 5351 verbis
3542 5315 3725 5369 χαρα-

2139 5390 2280 5461 κτὴρ
2307 5388 2405 5448 τῆς
2446 5382 2789 5443 ὑποστάσεως
2830 5381 2994 5435 αὐτοῦ
3038 5383 3119 5449 ³³,
3170 5399 3464 5450 personam
3532 5388 3723 5445 Patris

3350 5563 3395 5594 ¹⁹
3427 5562 3507 5618 De
3536 5566 3719 5622 divin.

3051 5701 3097 5733 “
3142 5701 3302 5758 Joan.
3336 5718 3375 5758 ι.
3458 5703 3504 5735 ³⁸
3544 5701 3723 5762 Hebr.
