3916 6234
158 377 222 431 37
1478 370 2009 429 PROLEGOMENA.
3342 373 3414 429 38

157 490 344 543 a-terni
380 486 736 557 designatam
770 502 891 543 esse
934 489 1167 544 Basilius
1221 489 1292 554 ³⁸,
1342 499 1396 544 et
1430 490 1681 543 laudatus
1709 504 1736 541 a
1771 494 1813 555 Α
1918 485 2158 554 Denique
2194 485 2338 554 quod
2380 486 2535 540 aiunt
2573 495 2853 542 auctorem
2894 497 3139 545 nostrum
3175 491 3412 562 primum

157 580 576 649 Theophylacto
605 579 907 649 Gregorius
939 580 1223 652 Nyssenus
1248 583 1539 637 aliirmant.
1569 583 1741 636 Caete-

157 687 305 735 rum,
366 671 631 739 quamvis
687 672 1021 725 concedatur
1066 672 1270 726 nullum
1317 683 1444 728 ante
1501 673 1739 744 Dionysii

156 774 405 831 tempora
438 762 615 816 fuisse
637 760 796 829 hujus
827 764 973 816 verbi
1030 778 1223 828 usum,
1256 762 1534 819 fatendum
1561 773 1741 818 tamen

153 865 236 908 est
267 856 421 909 inter
456 855 810 911 Christianos
835 856 1116 911 exstitisse
1161 858 1419 927 aiiquem,
1470 874 1499 911 a
1528 873 1642 927 quo
1672 860 1741 913 il—

157 944 247 998 lud
272 946 520 1013 primum
569 948 801 1016 coeperit
850 950 1129 1017 usurpari.
1162 948 1301 1015 Quid
1332 965 1462 1021 ergo
1490 952 1742 1022 prohibet

154 1035 459 1102 quominus
507 1034 823 1106 Dionysius,
844 1070 860 1093 J
884 1038 968 1090 vir
1001 1039 1388 1108 philosophica:
1439 1040 1742 1111 disciplina:

155 1125 559 1193 peritissimus,
588 1128 683 1196 qui
720 1127 948 1197 hujusce
982 1131 1158 1194 vocis,
1195 1132 1264 1185 ab
1312 1131 1609 1188 Aristotele
1644 1134 1744 1187 ali-

155 1220 284 1274 cubi
317 1222 571 1287 traditas,
597 1222 708 1276 vim
742 1233 993 1289 noverat,
1028 1225 1117 1278 illa
1150 1227 1339 1280 eodem
1396 1242 1462 1281 ac
1510 1227 1598 1283 ille
1625 1229 1743 1297 phi—

156 1310 515 1378 losopborum
548 1313 825 1383 princeps,
859 1329 1019 1369 sensu
1054 1325 1110 1369 et
1164 1316 1569 1386 significatione
1630 1319 1742 1388 pri-

156 1418 274 1456 mus
300 1402 463 1458 inter
496 1403 842 1461 Christianos
879 1422 1011 1462 usus
1038 1421 1160 1462 esse
1183 1409 1435 1463 dicatur?

219 1494 431 1549 Contra
482 1506 664 1553 tamen
705 1509 901 1569 urgent
945 1500 1260 1568 instantque
1302 1502 1545 1556 adversm
1572 1504 1743 1572 partis

154 1584 425 1651 fautores,
467 1588 616 1657 quod
658 1592 906 1659 quamvis
957 1591 1295 1648 Antenicaeni
1336 1594 1531 1651 Patres
1585 1598 1743 1652 Chri-

153 1692 293 1737 stum
336 1684 634 1739 Dominum
690 1700 878 1741 verum
938 1689 1106 1743 Deum
1132 1731 1147 1754 ,
1200 1690 1380 1746 Patris
1420 1693 1609 1746 aeterni
1653 1693 1743 1746 Fi—

154 1774 304 1841 lium,
357 1777 607 1846 ejusdem
633 1793 759 1834 cum
788 1796 855 1835 eo
906 1783 1241 1847 substantiae,
1273 1785 1487 1856 Ipsique
1514 1799 1738 1842 coaeter-

154 1882 279 1919 num
334 1882 467 1922 esse
506 1877 563 1922 et
619 1871 950 1928 crediderint
1000 1882 1058 1930 et
1101 1877 1404 1943 docuerint,
1437 1884 1506 1935 ab
1547 1896 1733 1936 eorum
1773 1852 1814 1910 Β

156 1969 333 2014 tamen
386 1962 621 2016 nemine
651 1962 718 2016 de
747 1966 997 2033 personis
1034 1968 1255 2032 divinis,
1296 1969 1626 2041 illarumque
1658 1984 1742 2027 at-

157 2051 379 2106 tributis
400 2063 460 2106 et
480 2054 749 2119 relativis,
802 2066 863 2111 ut
910 2058 1232 2129 loquuntur,
1276 2073 1333 2117 et
1358 2065 1746 2121 essentialibns

158 2152 259 2196 tam
314 2144 471 2200 clare
516 2155 573 2201 et
611 2147 923 2215 enucleate,
972 2162 1135 2221 atque
1176 2154 1245 2209 ab
1294 2164 1514 2211 auctore
1557 2167 1746 2212 nostro

155 2235 496 2305 disputatum
546 2253 782 2309 unquam
829 2241 1012 2299 fuerit.
1046 2245 1108 2299 Et
1144 2261 1300 2311 sane,
1333 2247 1608 2315 inquiunt,
1648 2264 1745 2303 cur

154 2328 187 2380 ii
240 2329 337 2396 qui
363 2338 495 2397 post
545 2332 864 2403 Dionysium
892 2335 1119 2390 edendis
1167 2336 1741 2394 lucubrationibusse—

155 2422 331 2476 eundo
354 2431 417 2476 et
439 2424 609 2478 tertio
633 2425 889 2482 Ecclesia:
916 2428 1117 2483 sacculo
1137 2445 1357 2500 operam
1385 2431 1606 2497 dedere,
1636 2449 1739 2487 non

152 2515 373 2568 eosdem
434 2532 500 2570 ac
548 2517 640 2572 ille
677 2520 745 2573 de
785 2520 967 2575 divina
1012 2521 1283 2577 Trinitate
1330 2538 1609 2579 Sermones
1645 2525 1743 2577 ha-

152 2603 432 2658 buerunt?
455 2606 570 2661 Cur
598 2609 779 2663 nullus
817 2611 1110 2680 aliquando
1144 2612 1288 2668 illius
1327 2622 1743 2685 autpraeccpto-

160 2695 233 2748 ris
259 2695 383 2765 ejus
416 2696 698 2755 Hierothei
731 2703 1034 2771 exemplum
1055 2714 1277 2758 secutus
1305 2707 1431 2760 est?

220 2786 360 2853 Quae
384 2802 521 2843 vero
534 2790 599 2843 ad
630 2792 972 2860 probandum
997 2793 1143 2848 vocis
1165 2794 1559 2864 ὑποστάσεως
1583 2814 1737 2853 usum

151 2880 531 2946 adducuntur,
568 2897 635 2938 ea
671 2883 808 2938 nihil
848 2884 1049 2942 habere
1079 2888 1334 2942 videntur
1367 2889 1659 2945 soliditatis
1685 2903 1738 2946 et

149 2974 516 3030 ﬁrmamenti.
564 2976 863 3047 Epistolam
904 2978 1048 3034 enim
1092 2979 1340 3053 Dionysii
1378 2983 1733 3040 Alexandrini

150 3066 254 3134 ipsi
278 3069 618 3136 suppositam
646 3071 1117 3143 adulterinamque
1143 3088 1269 3129 esse
1300 3077 1483 3131 critici
1520 3079 1738 3134 doctio-

1843 577 2075 632 fbrsitan
2122 576 2317 642 fuisse,
2350 594 2378 630 a
2412 593 2520 647 quo
2550 579 2740 632 eadem
2775 594 2878 633 vox
2916 595 3079 634 sensu
3114 595 3414 637 memorato

1843 679 2070 739 accepta
2112 671 2203 737 sit,
2234 671 2404 739 gratis
2454 671 2677 726 omnino
2723 672 2962 742 fingitur.
2991 672 3186 729 Noster
3214 677 3413 747 quippe

1843 770 2057 826 auctor,
2091 770 2148 815 ut
2172 761 2396 815 cuilibet
2429 764 2594 817 citata
2623 762 2741 816 loca
2783 767 3125 833 percurrenti
3156 767 3415 836 planissi-

1846 865 1989 903 mum
2041 851 2157 915 fiet,
2216 853 2283 906 de
2326 866 2389 906 ea
2444 853 2524 907 sic
2553 852 2814 923 diSpntat,
2845 868 2911 909 ac
2952 856 2996 909 si
3031 870 3227 913 sensus
3250 874 3413 928 quem

1845 942 1918 995 illi
1952 943 2166 1007 trilmit,
2198 943 2330 997 nulli
2363 944 2586 998 omnino
2626 946 2958 1015 incognitus,
3001 958 3249 1019 receptus
3266 962 3415 1008 esset

1841 1038 1908 1090 ab
1936 1034 2210 1091 omnibus.

1913 1126 2103 1198 Neque
2162 1129 2229 1183 ad
2257 1145 2371 1184 rem
2401 1130 2532 1185 facit
2568 1128 2783 1183 laudata
2810 1145 2916 1185 uno
2957 1130 3010 1184 in
3052 1131 3171 1185 loco
3202 1130 3412 1185 Aristo-

1846 1220 1965 1275 telis
2009 1222 2330 1278 auctoritas.
2371 1222 2444 1276 Ea
2494 1222 2693 1290 quippe
2727 1221 2867 1290 apud
2896 1223 3105 1291 primos
3155 1221 3415 1277 Ecclesiae

1845 1311 2034 1367 Patres
2087 1313 2288 1367 nullius
2316 1322 2437 1367 erat
2474 1314 2757 1380 momenti,
2790 1315 2991 1383 quippe
3044 1315 3135 1383 qui
3172 1315 3415 1384 philoso-
3486 1354 3493 1357 -

1843 1403 1982 1472 phiae
2028 1403 2280 1473 dogmata
2334 1415 2732 1473 respuerentet
2777 1419 3218 1474 aspernarentur.
3243 1406 3415 1461 Porro

1844 1503 2021 1548 autem
2041 1496 2085 1549 si
2138 1496 2263 1563 quid
2295 1512 2550 1553 successu
2584 1502 2841 1568 temporis
2864 1515 2929 1553 ex
2964 1500 3053 1554 illa
3096 1501 3414 1564 hauserunt,

1842 1583 2084 1639 Platonis
2139 1588 2317 1653 potius
2353 1603 2516 1656 quam
2547 1590 2860 1645 Aristotelis
2897 1590 3095 1659 placita
3122 1602 3177 1645 et
3208 1590 3414 1645 doctri-

1845 1693 1968 1731 nam
1999 1686 2129 1732 sunt
2154 1676 2471 1748 amplexati.

2444 1796 2672 1853 CAPUT
2700 1796 2810 1854 XV.

1850 1904 2066 1961 Sextum
2117 1921 2507 1981 argumentum,
2546 1929 2611 1966 ea;
2640 1913 2706 1966 iis
2740 1928 2859 1981 qua:
2905 1925 3090 1967 auctor
3134 1925 3308 1968 noster
3347 1918 3415 1969 de

1918 1980 2186 2033 monachis
2228 1997 2513 2055 eorumque
2556 1983 2689 2037 votis
2712 1980 2774 2035 ac
2818 1986 3038 2038 solemni
3079 1986 3412 2055 professione

1913 2060 2193 2109 memorat.
2218 2051 2479 2109 elicitum.

1918 2140 2010 2194 llla
2036 2156 2165 2196 vero
2198 2152 2474 2198 auctorem
2505 2154 2747 2200 nostrum
2780 2155 2905 2215 post
2948 2146 3186 2217 Dionysii
3236 2146 3411 2202 Areo-

1847 2233 2038 2301 pagitae
2058 2237 2481 2295 :etatemvixisse
2517 2238 2822 2293 luculenter
2858 2239 3256 2305 demonstrant,
3288 2254 3411 2308 quae

1845 2330 1913 2375 ab
1944 2336 2009 2376 eo
2036 2322 2185 2377 hisce
2210 2334 2262 2377 tn
2287 2323 2753 2382 lucubrationibus
2781 2331 2845 2383 de
2874 2332 3259 2385 monachorum
3287 2347 3412 2400 pro-

1845 2411 2081 2469 fessione
2131 2424 2187 2471 et
2243 2416 2435 2471 ordine
2486 2420 2810 2487 produntur.
2856 2423 2931 2477 lbi
2976 2423 3122 2476 enim
3168 2423 3258 2478 ille
3301 2440 3407 2478 non

1844 2505 2079 2561 obscure
2107 2507 2268 2563 docet
2296 2509 2441 2565 hunc
2467 2513 2857 2567 monachorum
2888 2515 3131 2569 ordinem
3161 2526 3285 2569 ante
3313 2531 3410 2569 sna

1846 2606 2086 2668 tempora
2145 2601 2313 2656 fuisse
2366 2603 2705 2667 institutum;
2747 2605 3022 2674 traditque
3061 2607 3407 2674 apertiseime

1842 2700 2030 2740 eorum
2063 2688 2459 2757 professionem
2489 2708 2554 2747 ac
2580 2705 2701 2748 vota
2745 2697 3041 2750 monastica
3077 2696 3410 2752 solemnibus

1842 2790 1905 2829 ac
1935 2780 2187 2846 publicis,
2233 2797 2337 2837 non
2388 2800 2546 2841 secus
2586 2801 2650 2839 ac
2684 2787 2885 2841 smculo
2911 2789 3101 2857 quinto
3133 2798 3187 2845 et
3229 2798 3407 2853 sexto,

1841 2870 2181 2927 catremoniis
2239 2872 2407 2930 fuisse
2437 2878 2658 2932 emissa.
2703 2880 2772 2933 At
2831 2889 3197 2950 praeterquam
3263 2880 3407 2949 quod

1842 2961 2083 3029 priorum
2128 2963 2390 3022 Ecclesiae
2424 2970 2747 3025 saeculorum
2798 2972 3115 3040 scriptores,
3161 2983 3322 3042 atque
3370 2974 3406 3027 ii

1840 3051 2004 3107 etiam
2036 3053 2135 3124 ipsi
2166 3058 2258 3125 qui
2288 3059 2357 3112 de
2382 3060 2608 3130 singulis
2640 3062 3078 3116 Christianorum
3124 3063 3407 3117 ordinibus

152 3174 243 3212 res
287 3159 459 3215 facile
492 3174 821 3232 agnoscunt.
847 3163 1031 3220 Altera
1072 3181 1204 3223 vero
1242 3168 1467 3226 alterius
1491 3172 1733 3244 Dionysii
1766 3196 1811 3257 ο
2175 3148 2733 3257 ἱξειξξεηξῐϐωροτψυε
2764 3154 3176 3257 disseruerunt,
3200 3155 3404 3257 nullam

149 3251 385 3319 epistola
437 3268 549 3321 quo
605 3263 853 3325 tempore
897 3258 1097 3327 scripta
1144 3261 1236 3327 sit,
1280 3261 1460 3319 nullus
1508 3264 1737 3322 definire

149 3353 363 3411 potest.
403 3343 677 3402 Baronius
710 3349 932 3417 quidem
979 3349 1122 3405 illam
1160 3368 1305 3409 anno
1350 3355 1490 3421 328,
1518 3373 1626 3426 quo
1645 3360 1738 3414 Li-

148 3438 281 3492 cinii
316 3448 556 3494 mortem
594 3441 909 3511 consignat,
936 3444 1120 3500 datam
1163 3448 1449 3514 opinatur;
1486 3455 1580 3505 sed
1627 3468 1736 3505 rut-

150 3544 287 3584 noso
331 3530 537 3584 nititur
570 3529 946 3589 fundamento.
986 3533 1121 3591 Nam
1169 3537 1411 3595 Licinius
1452 3556 1558 3597 non
1594 3558 1737 3600 anno

150 3620 280 3684 328,
325 3620 427 3677 sed
454 3620 582 3687 524,
611 3632 672 3677 ut
713 3627 1072 3683 accuratioris
1113 3630 1324 3685 criterii
1377 3633 1737 3702 scriptoribus

149 3714 395 3778 videtur,
442 3712 616 3767 vitam
662 3714 861 3772 ﬁnivit.
894 3716 1095 3774 Demus
1146 3730 1327 3775 tamen
1362 3720 1734 3779 Alexandrum

150 3820 217 3860 eo
244 3819 362 3874 quo
414 3805 533 3860 vult
566 3804 837 3863 Batonius
869 3819 1115 3881 tempore
1142 3826 1296 3867 suam
1335 3828 1593 3870 exarasse
1624 3818 1738 3885 epi-

152 3898 390 3964 stolam;
423 3899 557 3969 quid
607 3901 776 3955 inde?
818 3900 961 3957 Nulli
1011 3919 1143 3959 sane
1177 3906 1375 3959 mirum
1424 3922 1544 3963 esse
1579 3909 1739 3963 debet

151 4003 342 4043 vocem
393 3989 692 4058 hypostasis
750 3992 820 4046 ab
849 3992 1068 4048 homine
1111 3994 1499 4051 Alexandrinae
1543 4000 1738 4069 synodi

153 4081 501 4150 temporibus
548 4082 689 4137 adeo
712 4083 913 4151 vicino,
941 4085 1114 4142 fuisse
1157 4097 1515 4158 usurpatam;
1552 4092 1646 4146 sed
1675 4092 1739 4145 il-

153 4171 242 4225 lud
278 4186 421 4226 sane
469 4172 790 4238 mirabilius,
832 4175 976 4245 quod
1031 4179 1211 4234 nullus
1259 4181 1515 4255 scriptor,
1543 4191 1603 4236 ut
1639 4183 1740 4237 Pc-

155 4269 333 4323 tavius
368 4270 620 4323 ostendit
650 4270 717 4336 ",
749 4271 834 4325 his
864 4272 1000 4326 tanti
1050 4274 1152 4327 viri
1184 4274 1452 4344 vestigiis,
1480 4277 1581 4331 nisi
1614 4288 1737 4346 post

151 4360 587 4415 Alexandrinam
629 4363 897 4433 synodum
940 4367 1305 4419 insistendum
1338 4382 1460 4421 esse
1508 4377 1738 4437 putave-

154 4451 239 4505 rit.
269 4449 434 4517 Quod
466 4460 618 4505 certe
652 4468 816 4521 quam
849 4468 1039 4522 parum
1084 4469 1149 4509 ea
1174 4470 1273 4509 vox
1308 4457 1529 4512 ineunte
1559 4473 1741 4513 saecu-

1847 3238 2134 3293 monastici
2182 3241 2394 3296 ordinis
2444 3246 2907 3301 monachorumve
2950 3246 3303 3319 professionis
3331 3246 3411 3300 fe.

1843 3339 1969 3380 cere
1996 3328 2355 3396 mentionem,
2386 3342 2538 3387 certe
2566 3334 2785 3402 quidam
2807 3337 3160 3392 eruditissimi
3185 3347 3240 3391 et
3269 3351 3409 3391 anu-

1841 3420 2090 3487 quissimi
2122 3439 2305 3478 rerum
2358 3429 2791 3482 monasticarum
2840 3430 3184 3501 indagatores
3219 3448 3405 3486 earum

1840 3514 2107 3585 originem
2137 3516 2204 3571 ad
2244 3516 2463 3583 Paulos,
2493 3519 2763 3575 Antonios
2800 3522 3236 3592 Pachomiosque
3266 3525 3404 3581 refe-

1844 3616 1989 3660 runt.
2015 3606 2113 3663 His
2140 3624 2269 3679 ergo
2298 3619 2490 3664 auctor
2542 3621 2729 3667 noster
2758 3616 3029 3682 posterior
3078 3631 3199 3671 eSse
3224 3618 3405 3681 debet,

1841 3715 1941 3755 nec
1967 3700 2252 3773 Dionysius
2280 3704 2606 3773 Areopagita
2624 3705 2732 3759 dici
2766 3716 2963 3775 petest.

1912 3793 2276 3864 Areopagitici
2308 3804 2484 3849 tamen
2512 3797 2658 3850 hunc
2685 3813 2790 3853 non
2818 3799 3029 3870 exiguae
3073 3802 3405 3861 dilﬁcultatis

1841 3888 2042 3942 nodum
2076 3889 2219 3942 haud
2244 3888 2532 3944 diliiculter
2560 3905 2621 3946 se
2662 3892 2876 3948 solvere
2913 3896 3271 3962 arbitrantur,
3302 3898 3404 3953 du-

1840 3979 1995 4048 plicis
2024 3980 2412 4036 monachorum
2444 3984 2658 4051 generis
2681 3984 3054 4041 distinctione.
3078 3987 3237 4043 Aliud
3260 3992 3403 4044 enim

1840 4084 1964 4125 esse
1994 4071 2150 4126 aiunt
2177 4088 2348 4143 genus
2397 4075 2796 4129 cmnobitarum
2828 4090 2882 4130 et
2915 4079 3287 4145 eremitarum,
3309 4083 3402 4149 qui

1841 4180 1871 4219 a
1906 4164 2062 4234 plebe
2102 4181 2324 4236 prorsus
2350 4168 2567 4233 secreti,
2598 4176 2654 4221 et
2692 4183 2723 4221 a
2763 4176 3085 4224 caeterorum
3112 4172 3403 4227 hominum

1842 4259 2104 4313 societate
2153 4261 2423 4329 separati,
2486 4263 2538 4314 in
2601 4264 2945 4318 monasteriis
2987 4274 3041 4318 et
3091 4266 3404 4330 coenobiis,

1843 4350 1933 4405 vel
1966 4352 2017 4404 in
2070 4352 2225 4404 silvis
2270 4360 2324 4405 et
2369 4354 2648 4407 montibus
2699 4355 2867 4407 vitam
2906 4358 3265 4411 monasticam
3310 4358 3405 4412 de-

1841 4444 2063 4513 gebant.
2122 4442 2231 4498 llus
2261 4443 2503 4497 fatentur
2559 4455 2716 4515 longe
2754 4454 2874 4515 post
2898 4448 3137 4516 Dionysii
3165 4459 3403 4515 aetatem,

151 4540 203 4597 ιο
247 4549 479 4610 quarm,
517 4550 682 4613 atque
718 4559 749 4597 α
810 4544 1034 4599 [animi
1080 4548 1292 4601 εωευιίε
1337 4551 1730 4618 superioribus,
1766 4566 1817 4628 υ
1846 4553 1945 4593 nec
1984 4546 2106 4592 ante
2154 4537 2332 4600 Pauli,
2363 4536 2584 4590 Antonii
2626 4548 2682 4592 et
2724 4536 3006 4593 Pachomii
3040 4552 3282 4611 tempora
3315 4558 3407 4598 or-

152 4632 356 4688 usitata
385 4642 554 4695 esset,
589 4643 776 4703 aperte
812 4636 1168 4693 demonstrat.

217 4724 335 4782 Nec
358 4726 487 4795 plus
534 4727 749 4782 roboris
774 4735 829 4780 et
869 4730 1070 4784 virium
1108 4730 1242 4788 illud
1278 4732 1462 4801 habet,
1493 4736 1637 4805 quod
1668 4750 1732 4791 ea

152 4834 252 4876 vox
283 4831 344 4875 et
383 4821 440 4874 in
456 4818 702 4889 Epistola
731 4822 799 4875 ad
821 4820 1077 4877 llebraeos
1102 4839 1411 4888 occurrere,
1438 4836 1492 4882 et
1521 4842 1551 4881 a
1582 4826 1736 4883 Basi-

152 4910 223 4967 lio
278 4911 669 4982 Gregorioque
715 4928 879 4969 sensu
927 4914 1257 4986 Dionysiano
1296 4917 1557 4986 explicari
1595 4919 1735 4989 obji-

151 5004 313 5058 citur.
381 5001 629 5071 Uterque
679 5004 828 5059 enim
874 5004 1115 5061 Basilius
1157 5017 1213 5063 et
1248 5007 1548 5078 Gregorius
1616 5020 1735 5079 post

151 5090 441 5149 Nicetium
500 5094 793 5150 concilium
841 5097 1147 5167 scripsere;
1195 5109 1359 5169 atque
1394 5100 1447 5154 bi
1481 5116 1603 5155 eam
1640 5117 1733 5156 vo-

148 5201 266 5242 cem
318 5202 495 5244 sensu
556 5190 896 5259 temporibus
954 5192 1069 5248 suis
1128 5193 1332 5248 usitato
1387 5191 1734 5264 interpretati

149 5288 299 5334 sunt.
360 5277 564 5334 Nullus
616 5291 796 5337 autem
829 5292 957 5338 ante
993 5283 1124 5339 illud
1161 5284 1453 5340 concilium
1486 5287 1732 5341 eamdem

149 5368 299 5427 Pauli
345 5387 542 5428 vocem
597 5373 671 5429 ita
702 5380 916 5432 censuit
951 5392 1073 5433 esse
1123 5379 1528 5447 explicandam.
1574 5380 1640 5434 Et
1682 5381 1734 5435 id

150 5465 374 5533 quidem
413 5467 491 5520 ita
532 5478 745 5523 certum
777 5478 882 5537 est,
912 5479 973 5525 ut
1011 5474 1064 5525 in
1100 5471 1296 5527 Latina
1327 5471 1569 5541 ejusdem
1594 5472 1735 5527 Pau-

152 5556 271 5614 lina
298 5560 553 5630 epistolae
578 5564 834 5619 versione
856 5604 873 5629 ,
908 5580 1012 5619 vox
1049 5564 1242 5621 Grzeca
1264 5566 1608 5631 ὑπόστασις
1632 5582 1735 5619 non

154 5666 244 5718 per
264 5653 533 5708 Latinam
585 5656 904 5726 hypostasis,
937 5657 1032 5712 sed
1072 5658 1247 5727 ﬁgura
1271 5658 1581 5712 substantia:
1612 5658 1737 5713 red-

157 5745 262 5800 dita
291 5748 543 5816 legatur.

1844 4638 1956 4683 tum
1994 4629 2267 4683 habuisse.
2299 4629 2456 4682 Aliud
2490 4644 2616 4683 vero
2667 4632 3003 4686 contendunt
3047 4632 3212 4689 fuisse
3234 4650 3406 4704 genus

1845 4723 2257 4786 monachorum,
2288 4724 2378 4789 qui
2414 4736 2540 4791 pars
2591 4724 2774 4791 pepuli
2834 4725 3126 4795 praecipua.
3162 4738 3216 4782 et
3275 4728 3405 4785 illu-

1851 4815 2010 4871 strior
2030 4814 2212 4886 gregis
2237 4816 2436 4870 Christi
2465 4817 2667 4884 portio,
2699 4817 2840 4871 inter
2863 4818 3034 4873 laicos
3065 4820 3136 4873 ita
3177 4836 3404 4890 compu-

1844 4906 2120 4977 tabantur,
2185 4918 2243 4961 ut
2294 4909 2505 4976 primus
2552 4909 2631 4964 eis
2679 4910 2733 4963 in
2773 4911 2963 4979 synaxi
3006 4922 3126 4978 post
3152 4912 3408 4968 Ecclesia:

1843 5003 2121 5055 ministros
2167 5002 2477 5069 assignatus
2522 5011 2667 5055 esset
2716 5002 2889 5057 locus.
2921 5003 2999 5056 Illi
3027 5018 3193 5073 porro
3220 5005 3406 5075 priva~
3464 5044 3471 5055 ι

1842 5095 1936 5148 tim
1984 5097 2037 5149 in
2085 5095 2200 5150 suis
2229 5095 2442 5149 urbium
2499 5094 2731 5160 azdibus,
2764 5095 2847 5149 vel
2890 5096 3050 5151 simul
3084 5099 3137 5152 in
3165 5099 3405 5168 collegiis

1841 5189 2005 5243 vitam
2037 5204 2228 5258 puram
2261 5197 2313 5243 et
2350 5198 2582 5255 castam,
2613 5200 2781 5260 atque
2811 5206 2841 5245 a
2872 5191 3019 5246 curis
3049 5192 3280 5247 terrenis
3307 5207 3404 5246 ex-

1842 5280 2105 5351 peditam,
2137 5282 2338 5351 unique
2388 5282 2500 5336 Deo
2540 5284 2902 5352 mancipatam
2941 5286 3190 5354 agebant.
3218 5284 3406 5339 Mona—

1839 5375 1974 5429 chos
2024 5383 2209 5427 autem
2262 5374 2397 5429 istos
2428 5376 2766 5443 temporibus
2820 5377 3194 5446 apostolorum
3233 5376 3406 5431 exsti-

1843 5465 1975 5520 tisse
1996 5465 2210 5532 dicunt,
2234 5479 2438 5534 eosque
2483 5481 2605 5521 esse
2630 5477 2907 5533 asserunt,
2932 5470 3000 5525 de
3025 5470 3219 5537 quibus
3245 5465 3404 5522 Philo

1841 5553 2058 5611 Iudaeus
2087 5555 2234 5610 illum
2266 5556 2501 5611 instituit
2522 5571 2855 5625 sermonem,
2877 5561 2969 5629 qui
3000 5560 3066 5615 ab
3090 5557 3319 5613 Eusebio
3349 5556 3402 5610 in

1841 5647 2084 5703 Historia
2107 5649 2152 5680 ³⁸
2181 5663 2275 5703 sua
2302 5653 2670 5722 transcriptus
2703 5662 2811 5707 est.

1912 5743 2099 5815 Neque
2137 5743 2342 5798 dixeris
2401 5742 2521 5807 bos,
2570 5758 2705 5811 quos
2748 5741 2904 5800 Philo
2932 5759 3040 5801 non
3087 5740 3401 5806 monachos,

259 5863 307 5896 ³⁸
339 5863 521 5936 Epist.
543 5863 638 5929 ιδ,
669 5865 737 5923 ad
784 5865 1011 5939 Gregor.
1048 5865 1207 5940 Nysa.
1282 5866 1327 5900 ⁸⁷
1357 5865 1605 5938 Theolog.
1639 5866 1738 5939 Dog

1850 5874 1907 5935 l.,
1936 5877 2054 5933 cap.
2082 5859 2134 5916 1.
2214 5858 2259 5893 ⁸³
2287 5857 2407 5915 Lib.
2439 5873 2500 5927 il,
2551 5873 2664 5930 rap.
2692 5860 2779 5915 ΓΙ.
