3916 6234
501 347 569 403 39
1640 339 1694 395 S.
1738 338 2111 396 DIONYSIUS
2148 339 2606 398 AREOPAGITA.
3689 354 3760 404 ἆυ

503 453 595 508 sed
632 454 980 523 therapeutas
1004 462 1183 521 vocat,
1201 468 1399 509 revera
1432 454 1730 510 monachos
1758 470 1864 510 non
1888 454 2082 518 fuisse,
2114 460 2161 517 Α
2191 456 2277 507 ubi
2309 458 2486 509 omnia
2536 462 2582 511 is
2625 458 2715 526 qui
2756 459 3021 521 initiatur,
3057 460 3323 528 professus
3361 470 3461 526 est,
3509 466 3758 519 sacerdos

503 546 597 602 sed
625 544 886 609 ludaicm,
920 561 1267 615 nequaquam
1314 562 1442 601 vero
1464 547 1793 601 Christianae
1833 547 2082 613 religioni

502 638 773 702 addictos,
820 648 979 706 alque
1019 640 1315 694 Eusebium
1367 642 1467 695 hac
1524 641 1575 693 in
1624 654 1703 703 re,
1729 649 1788 693 ut
1835 641 2084 695 eruditus

501 732 627 800 ejus
655 731 927 801 interpres
956 731 1206 787 Valesius
1236 735 1508 796 observat,
1531 747 1671 785 vano
1698 746 1889 786 errore
1918 732 2083 787 fuisse

503 825 810 896 deceptum.
846 825 927 877 Ab
956 824 1357 894 AreOpagiticis
1387 828 1532 878 enim
1561 826 1750 879 audies
1777 824 1952 878 nullas
1986 840 2080 892 pe-

506 920 764 988 nitusque
813 916 1034 971 frivolas
1089 934 1209 973 esse
1259 919 1462 974 Valesii
1503 921 1769 974 adversus
1803 929 2080 974 auctorem

506 1026 663 1065 suum
712 1013 1084 1081 probationes.
1144 1013 1210 1065 Et
1261 1021 1428 1078 certe,
1468 1014 1751 1084 inquiunt,
1792 1013 2079 1078 Eusebius,

503 1108 589 1161 vir
617 1122 843 1161 summa:
887 1106 1214 1161 eruditionis
1248 1107 1299 1161 in
1329 1108 1697 1176 dignoscenda
1732 1108 2080 1176 therapeuta-

507 1215 623 1252 rum
657 1199 917 1268 religione
942 1240 956 1263 ,
985 1208 1094 1251 tam
1129 1199 1301 1267 turpis
1344 1185 1790 1254 hallucinationis
1820 1213 1925 1251 non
1959 1199 2079 1254 sine

506 1287 831 1342 temeritatis
860 1300 981 1342 nota
1003 1299 1182 1358 potest
1216 1289 1472 1343 insimula
1486 1288 1789 1343 ri.Adduut
1814 1298 2076 1359 praeterea

504 1380 889 1451 Hieronymum
924 1382 1050 1437 huic
1084 1384 1305 1437 Eusebii
1345 1382 1413 1436 de
1448 1382 1762 1438 Christiana
1784 1384 2079 1452 therapeu-

503 1484 679 1527 tarum
756 1477 1016 1543 religione
1081 1474 1324 1542 opinioni
1376 1479 1491 1530 lucc
1562 1476 1955 1545 subscripsisse
2022 1477 2075 1531 in

502 1566 661 1619 verba
688 1566 769 1621 "2
807 1564 993 1631 I’Iiilo,
1032 1568 1207 1621 uidens
1260 1568 1601 1623 Alexandria:
1628 1570 1850 1637 primam
1888 1568 2070 1623 Eccle-

497 1660 631 1712 siam
660 1661 832 1712 adhuc
879 1660 1278 1727 Judaizantem,
1328 1665 1483 1733 quasi
1546 1663 1601 1715 in
1656 1662 1866 1715 laudem
1905 1664 2073 1731 gentis

497 1766 607 1801 sua:
644 1748 834 1802 librum
868 1766 1024 1817 super
1070 1767 1251 1805 eorum
1293 1752 1683 1805 conversatione
1706 1752 1937 1819 scripsit.

570 1841 639 1895 At
668 1856 802 1895 sane
842 1841 1209 1912 Areopagitici
1241 1843 1614 1913 therapeutas,
1647 1842 1694 1897 si
1727 1842 1845 1898 fieri
1871 1843 2065 1913 possit,

496 1936 820 1989 Christianae
848 1935 1097 2006 religioni
1125 1951 1319 1989 nomen
1359 1937 1575 1992 dedisse
1604 1937 1820 1992 invictis
1845 1936 2067 1989 demon-

496 2036 673 2082 strent
716 2028 1083 2098 argumentis,
1131 2044 1226 2098 per
1273 2045 1371 2083 nos
1415 2029 1558 2082 licet.
1598 2030 1703 2083 Sed
1743 2028 1865 2081 illos
1898 2029 2065 2082 vitam

495 2116 888 2181 monasticam,
948 2116 1127 2185 qualis
1172 2118 1240 2171 ab
1276 2127 1501 2173 auctore
1562 2130 1751 2173 nostro
1800 2117 2067 2173 describi-

496 2215 604 2272 tur,
637 2207 925 2275 aliquando
958 2209 1200 2275 duxisse,
1234 2210 1380 2263 nullo
1433 2226 1693 2280 unquam,
1720 2221 1777 2265 ut
1825 2221 2064 2281 putatur,

493 2300 836 2369 antiquitatis
888 2301 1219 2355 monimento
1280 2302 1606 2372 probabunt.
1653 2302 1816 2358 Missa
1862 2303 2063 2357 etenim

492 2391 725 2461 primum
779 2408 841 2447 ea
904 2392 1133 2449 facimus
1181 2409 1300 2462 quia
1337 2395 1577 2464 scriptor
1611 2404 1797 2449 noster
1844 2395 1910 2449 de
1951 2394 2066 2448 Mo-

491 2486 682 2541 nachis
703 2487 818 2541 Suis
859 2486 1103 2550 tradidit,
1135 2501 1229 2541 eos
1282 2500 1388 2538 non
1422 2486 1473 2538 in
1508 2486 1751 2552 urbibus,
1788 2488 1880 2541 sed
1907 2496 2061 2539 extra

491 2580 653 2634 urbes
694 2594 1010 2650 progressos
1036 2620 1051 2644 ,
1101 2580 1156 2635 in
1196 2580 1369 2635 hortis
1405 2580 1704 2649 agellisque
1734 2580 1965 2651 degisse,
2000 2595 2063 2633 ac

492 2672 719 2740 proinde
764 2670 1122 2734 Autonianis,
1161 2673 1304 2741 quod
1339 2673 1429 2725 alii
1476 2680 1693 2741 negant,
1718 2670 1887 2726 fuisse
1910 2670 2062 2724 simi-

489 2764 587 2819 les.
614 2762 749 2817 Illud
801 2775 980 2819 autem
1032 2765 1374 2830 potissimum
1420 2766 1718 2833 quatrimus
1756 2778 1854 2817 cur
1892 2762 2060 2817 Euse-

491 2857 612 2910 bius
639 2856 729 2925 qui
764 2866 915 2910 tanto
949 2858 1068 2912 uisu
1132 2857 1489 2920 tlterapeutas
1516 2852 1874 2909 Philonianos
1897 2854 2059 2909 Chri-

491 2949 685 3005 stianis
724 2952 1162 3006 annumerandos
1222 2965 1343 3005 esse
1392 2950 1627 3019 probare
1662 2958 1891 3003 conatus
1936 2959 2053 3014 est,

486 3051 709 3104 eosdem
742 3045 930 3101 nullibi
957 3044 1156 3100 dixerit
1189 3045 1488 3097 monachos
1512 3042 1698 3105 fuisse,
1727 3042 1811 3096 vel
1841 3058 2058 3099 succes-

485 3159 641 3198 sores
677 3141 954 3205 habuisse,
984 3138 1076 3209 qui
1106 3138 1370 3202 vestibus,
1402 3147 1649 3201 tonsura,
1678 3137 1821 3191 votis
1854 3136 2049 3191 solem-
2080 3147 2127 3211 ο

488 3238 673 3299 nibus,
712 3248 777 3288 ac
822 3231 1038 3287 vivendi
1080 3229 1295 3285 ratione
1325 3230 1392 3284 ab
1438 3228 1697 3285 oumibus
1725 3228 2055 3283 Christianis

485 3328 706 3396 secreti,
729 3327 1109 3397 perfectiorem
1140 3324 1266 3379 vitae
1305 3321 1629 3376 monasticae
1655 3335 1901 3373 normam
1929 3333 2057 3388 pro-

483 3423 795 3479 fitebantur.
833 3419 943 3474 Cur
965 3418 1349 3489 Hieronymus,
1379 3423 1565 3468 tantus
1592 3412 1904 3467 monasticae
1930 3426 2057 3481 pro-

485 3514 734 3567 fessionis
762 3506 1110 3580 praedicator;
1132 3508 1353 3563 eosdem
1388 3505 1739 3574 therapeutas
1779 3503 1829 3557 iu
1866 3518 2054 3556 mona-

482 3609 710 3661 chorum
737 3618 1021 3658 numerum
1056 3618 1162 3657 nou
1202 3598 1391 3664 refert,
1426 3597 1659 3666 illosque
1693 3611 1813 3649 cum
1840 3595 2054 3650 caeteris

481 3698 739 3754 omnibus
773 3697 964 3767 prima:
1006 3692 1265 3748 Ecclesia:
1301 3690 1630 3745 Christianis
1673 3688 1963 3753 permiscet
1999 3696 2053 3740 et

483 3789 803 3845 confundit?
848 3788 1004 3844 Nulla
1028 3786 1215 3857 procul
1252 3784 1416 3838 dubio
1447 3782 1551 3836 alia
1582 3783 1718 3836 ratio
1745 3780 1923 3834 afferri
1960 3794 2052 3848 po-

485 3882 634 3947 tet-it,
656 3894 819 3950 quam
856 3892 954 3932 nec
988 3877 1335 3946 therapeutas
1367 3873 1522 3927 initio
1557 3872 1830 3925 nascentis
1862 3871 2052 3924 Eccle-

483 3976 605 4038 siae,
636 3987 736 4027 nec
779 3971 916 4025 ullos
964 3969 1304 4024 Christianos
1343 3965 1583 4037 Dionysii
1634 3973 1877 4034 tempore
1920 3963 2051 4017 tales

482 4067 783 4120 monachos
820 4063 1011 4128 fuisse,
1049 4060 1239 4131 quales
1290 4059 1358 4113 ab
1382 4070 1606 4112 auctore
1630 4063 1817 4110 nostro
1848 4070 2048 4111 memo-

483 4170 694 4213 rantur.

550 4254 727 4321 Atque
764 4250 893 4303 illud
930 4247 1149 4320 quidem
1180 4261 1246 4301 eo
1284 4260 1472 4300 rursus
1514 4239 1823 4297 conﬁrmari
1848 4248 2046 4307 potest,

478 4348 621 4415 quod
677 4345 1038 4399 meuasticum
1093 4341 1404 4394 institutum
1458 4353 1564 4391 non
1599 4333 1849 4390 ferebant
1874 4347 2046 4401 prima

478 4438 817 4491 saevientium
880 4437 1146 4490 adversus
1214 4430 1559 4488 Christianos
1607 4427 2044 4497 persecutionum

2186 561 2303 598 eum
2335 547 2489 614 signo
2507 548 2678 601 crucis
2701 549 3063 617 consignatum
3086 552 3334 605 tondet...
3360 554 3601 622 omnique
3620 568 3759 609 ueste

2186 639 2447 701 detracta,
2496 656 2616 692 eum
2659 641 2771 693 alia
2814 643 3012 695 induit.
3037 642 3172 708 Quis
3218 653 3398 700 autem
3435 646 3628 717 primis
3655 649 3753 704 Ec-

2186 728 2365 782 clesia:
2413 730 2748 800 temporibus
2781 735 3101 787 monachum
3121 734 3353 803 aliquem
3385 747 3533 793 veste
3550 748 3605 794 et
3629 748 3758 795 ton-

2185 832 2311 873 sura
2335 819 2404 874 ab
2442 820 2565 876 aliis
2597 822 2925 877 Christiana;
2970 825 3250 894 religionis
3299 827 3611 887 hominibus
3638 832 3755 886 dis~

2184 922 2417 977 cretum,
2473 914 2525 965 in
2584 914 2802 980 publico
2844 917 3165 981 visum,aut
3189 932 3218 971 a
3251 920 3477 989 paganis
3506 930 3749 991 captum,

2184 1015 2517 1073 tortumque,
2556 1016 2652 1060 aut
2677 1017 2933 1088 necatum
2975 1013 3251 1066 memoriae
3277 1014 3571 1082 aliquando
3592 1031 3752 1070 man-

2182 1098 2371 1150 davit?
2416 1097 2671 1163 Ubinam,
2710 1116 2918 1171 quaeso,
2962 1102 3247 1173 collegium
3284 1106 3526 1175 aliquod,
3560 1108 3613 1161 in
3637 1123 3752 1179 quo

2181 1190 2435 1245 monachi
2466 1193 2625 1246 simul
2657 1194 2821 1248 vitam
2853 1195 3141 1265 degerent,
3188 1214 3218 1251 a
3259 1199 3488 1267 paganis
3518 1211 3614 1255 aut
3639 1202 3746 1256 im-

2178 1286 2530 1354 peratoribus
2562 1289 2859 1354 praedatum
2890 1300 3247 1345 auteversum
3274 1293 3505 1361 legitur?
3525 1292 3584 1348 Si
3610 1298 3745 1365 quid

2179 1378 2262 1432 his
2314 1394 2421 1433 non
2467 1394 2691 1434 omnino
2738 1382 2992 1437 absimile
3028 1385 3079 1437 in
3121 1384 3451 1452 quibusdam
3483 1389 3745 1457 martyris

2178 1472 2408 1541 alicujus
2433 1473 2586 1527 Actis
2612 1487 2902 1528 occurrere
2927 1475 3152 1539 dixeris,
3187 1488 3442 1546 arguetur
3478 1480 3746 1535 continuo

2177 1566 2269 1621 illa
2308 1580 2404 1620 nec
2421 1567 2653 1633 genuina
2683 1580 2803 1621 esse
2831 1580 2932 1621 nec
2954 1569 3191 1633 sincera,
3226 1570 3467 1639 nihilque
3496 1571 3563 1624 de
3605 1580 3744 1627 tem-

2173 1671 2306 1726 pore
2359 1673 2467 1725 quo
2499 1669 2705 1731 martyr
2734 1658 2824 1715 ille
2858 1661 3079 1725 obierit,
3111 1664 3181 1718 ab
3211 1678 3400 1718 eorum
3449 1665 3744 1735 scriptori-

2178 1749 2277 1802 bus
2307 1759 2460 1804 certo
2485 1752 2723 1806 definiri.

2245 1840 2431 1894 Tradit
2475 1844 2712 1911 denique
2746 1856 2939 1899 auctor
2983 1854 3168 1899 noster
3208 1860 3401 1901 nomen
3433 1848 3732 1919 therapeu-

2171 1942 2238 1988 tte
2264 1943 2318 1988 et
2339 1937 2586 1990 monachi
2624 1951 2721 1990 suo
2749 1945 2993 2006 tempore
3026 1938 3212 1993 tritum
3240 1950 3293 1994 et
3315 1942 3540 2013 vulgare
3568 1943 3739 1999 fuisse

2170 2037 2335 2093 atque
2366 2043 2395 2081 a
2425 2030 2852 2099 pmceptoribus
2883 2032 2997 2086 suis
3023 2032 3156 2087 illud
3180 2032 3531 2100 Christianis,
3565 2039 3735 2092 ritum

2170 2120 2531 2175 monasticum
2604 2122 2919 2178 solemniter
2983 2127 3402 2195 profitentibus,
3450 2130 3729 2184 inditum:

2172 2208 2314 2264 Hinc
2361 2212 2529 2265 sancti
2560 2225 2905 2282 praeceptores
2947 2219 3131 2282 nostri,
3181 2218 3377 2286 inquit,
3425 2221 3617 2275 divinis
3643 2240 3735 2276 eos

2169 2300 2612 2369 appellationibus
2667 2313 2789 2356 sunt
2837 2307 3096 2373 prosecuti
3127 2307 3261 2361 :alii
3302 2310 3512 2378 quidem
3545 2311 3731 2365 thera-

2164 2401 2369 2457 peutas,
2422 2392 2517 2445 alii
2567 2410 2689 2448 vero
2740 2396 3021 2461 monachos
3070 2400 3504 2465 appellaverunt:
3534 2405 3584 2457 οἱ
3626 2405 3734 2475 μὲν

2165 2478 2523 2551 θεραπευτὰς,
2572 2486 2620 2536 οἱ
2660 2485 2717 2537 δὲ
2762 2487 3027 2557 μοναχοὺς
3054 2486 3426 2559 ὀνομάζοντες.
3471 2493 3728 2560 Quinam,

2164 2574 2415 2640 obsecro,
2466 2588 2591 2630 esse
2643 2587 2898 2644 poterant
2952 2578 3007 2632 hi
3053 2579 3291 2651 Dionysii
3340 2597 3729 2653 praeceptores,

2162 2665 2254 2734 qui
2292 2681 2355 2720 ea
2407 2666 2625 2719 nomina
2657 2668 3134 2738 appellationesque
3163 2674 3369 2726 divinas
3413 2675 3521 2730 illis
3547 2677 3731 2747 impo-

2161 2755 2500 2812 suere‘lNou
2557 2758 2714 2813 Philo
2765 2761 3005 2829 quidem.
3039 2762 3089 2816 ls
3130 2765 3299 2828 enim,
3345 2765 3566 2824 Iudaeus
3590 2783 3728 2827 cum

2161 2858 2330 2915 esset,
2389 2864 2419 2901 a
2474 2848 2728 2921 Dionysio
2769 2853 3094 2924 Areopagita
3150 2866 3406 2925 tanquam
3459 2876 3599 2915 unus
3653 2879 3728 2919 ex

2161 2941 2364 2996 sanctis
2398 2944 2820 3011 pmceptoribus
2850 2948 2965 3001 suis
2995 2949 3201 3003 laudari
3233 2965 3339 3004 non
3372 2955 3564 3019 potuit.
3590 2954 3728 3022 Qui-

2162 3046 2289 3087 nam
2339 3046 2472 3105 ergo
2516 3036 2583 3088 ab
2623 3050 2689 3091 eo
2743 3049 3105 3108 praeceptores
3151 3043 3535 3110 appellantur?
3580 3044 3724 3099 Num

2161 3122 2487 3181 llierotheus
2541 3127 2624 3181 vel
2673 3129 2784 3193 alii,
2816 3145 3047 3199 quorum
3106 3149 3298 3189 nomen
3335 3138 3559 3202 excidit,
3593 3155 3727 3195 eva-

2162 3219 2390 3288 nuitque
2421 3220 2680 3275 memoria
2704 3221 2728 3274 ἲ
2752 3220 2859 3277 Sed
2887 3223 2941 3277 hi
2972 3226 3086 3279 suis
3118 3227 3452 3295 temporibus
3477 3231 3728 3287 celebres

2158 3326 2279 3367 esse
2333 3312 2658 3379 debuerunt,
2719 3322 2776 3369 et
2808 3317 3065 3372 omnibus
3100 3317 3257 3374 facile
3295 3321 3430 3375 noti.
3452 3322 3563 3376 Cur
3587 3338 3728 3392 ergo

2158 3405 2247 3461 isti
2295 3405 2399 3460 soli
2450 3420 2573 3461 cum
2633 3407 2900 3476 discipulo
2947 3424 3046 3465 suo
3090 3410 3343 3482 Dionysio
3389 3414 3723 3485 Areopagitas

2156 3500 2353 3569 primo,
2387 3503 2624 3557 secundo
2671 3505 2938 3574 tertioque
2986 3503 3240 3561 Ecclesiae
3287 3508 3487 3562 saeculo
3530 3524 3725 3563 mona-

2156 3594 2381 3647 chorum
2408 3595 2645 3661 nomina,
2690 3597 2964 3663 ordinem,
2998 3607 3202 3652 statum
3227 3642 3241 3666 ,
3294 3599 3720 3667 professionem,

2157 3694 2305 3751 vota,
2333 3696 2632 3751 tonsuram,
2667 3698 2873 3744 vestem
2907 3700 2961 3744 et
2990 3691 3214 3759 collegia
3244 3692 3724 3745 memoraverunt?

2157 3776 2320 3831 Certe
2350 3793 2472 3833 cum
2503 3778 2591 3832 alii
2621 3781 2920 3849 scriptores
2958 3794 3053 3850 per
3094 3792 3201 3836 tam
3233 3782 3392 3853 longa
3423 3784 3587 3838 trium
3616 3799 3725 3838 sae--

2154 3868 2396 3922 culorum
2436 3872 2608 3939 spatia
2652 3872 2843 3926 horum
2870 3876 3111 3929 omnium
3149 3891 3486 3947 nequaquam
3524 3878 3722 3930 memi-

2153 3962 2357 4026 nerint,
2400 3964 2454 4018 id
2486 3978 2615 4018 sane
2666 3976 2984 4037 argumento
3014 3983 3120 4023 non
3166 3968 3443 4024 levissimo
3468 3981 3553 4025 est
3580 3980 3725 4025 tem-

2154 4069 2286 4124 pore
2318 4055 2557 4127 Dionysii
2593 4058 2767 4114 nullos
2802 4060 3085 4117 exstitisse
3116 4061 3494 4132 hujuscemodi
3526 4078 3735 4118 mona-

2154 4147 2286 4203 chos
2317 4157 2372 4203 et
2398 4151 2770 4221 therapeutas.

2735 4267 2962 4323 CAPUT
2989 4268 3127 4323 XVI.

2152 4356 2531 4438 Argumentum
2590 4363 2885 4425 septimum,
2936 4378 3001 4415 ea:
3047 4366 3376 4419 caeremoniis
3423 4365 3723 4434 ritibusque

2221 4436 2406 4492 sacris,
2422 4446 2551 4499 quos
2566 4444 2749 4484 auctor
2766 4443 2938 4485 noster
2954 4436 3234 4499 recensuit,
3258 4436 3641 4505 depromptum.

482 4537 747 4599 tempora.
781 4528 912 4594 Quis
939 4529 1084 4581 enim
1115 4525 1217 4581 sibi
1257 4523 1584 4593 persuadeat
1623 4530 1885 4590 tyrannos
1926 4518 2045 4572 ido—
2079 4494 2124 4549 υ
2223 4517 2455 4577 Maxima
2510 4524 2956 4577 caeremoniarum
3004 4524 3313 4591 multitudo,
3348 4494 3723 4599 solemnisque

480 4618 763 4687 lorumque
802 4617 1057 4683 cultores,
1092 4616 1182 4685 qui
1217 4630 1425 4669 summa
1459 4613 1782 4669 crudelitate
1808 4612 1858 4665 in
1881 4607 2043 4664 Chri-

476 4710 688 4765 stianos
742 4724 932 4764 omnes
970 4708 1388 4780 grassabantur,
1421 4720 1515 4760 eos
1565 4705 1785 4775 impune
1834 4701 2041 4766 tulisse,

476 4805 566 4873 qui
600 4805 652 4858 in
682 4804 927 4874 collegiis
980 4804 1348 4858 communiter
1395 4803 1676 4867 degentes,
1728 4805 1949 4853 tonsura
1988 4807 2044 4850 et

480 4910 627 4954 veste
659 4896 1083 4967 perfectiorique
1133 4895 1348 4950 vivendi
1381 4907 1579 4964 genere
1628 4890 1843 4947 caeteris
1883 4889 2042 4945 Chri-

477 4994 675 5047 stianis
732 4992 1061 5046 illustriores
1091 4999 1270 5046 erant.
1318 4973 1598 5055 Sacerdos,
1628 4987 1802 5055 inquit
1850 4994 2045 5039 auctor

476 5095 683 5147 noster,
709 5092 815 5137 stat
851 5085 917 5136 ad
967 5083 1208 5135 altare...
1249 5079 1306 5134 Is
1349 5091 1526 5133 autent
1562 5081 1651 5147 qui
1682 5087 2041 5143 consecratur,

474 5189 578 5231 stat
611 5188 725 5247 post
747 5179 1177 5231 sacerdotem....
1206 5192 1368 5244 supra
1393 5174 1541 5227 illaut
1588 5173 1863 5242 mysticam
1892 5172 2041 5224 invo-

472 5268 732 5320 cationem
776 5265 1132 5335 prosequenti.
1166 5264 1286 5330 Qua
1312 5264 1486 5333 ﬁnita,
1524 5265 1769 5317 sacerdos
1792 5262 2042 5315 accedens

475 5369 623 5430 rogat
656 5360 825 5427 ipsum
858 5362 1111 5428 primum,
1136 5375 1206 5412 an
1234 5359 1474 5412 omnibus
1517 5358 1668 5411 rebus
1696 5356 1923 5410 dividuis
1952 5371 2038 5409 re-

474 5454 703 5518 nuntiet,
729 5469 832 5507 non
860 5453 1033 5507 solum
1058 5452 1221 5517 vitiis,
1250 5453 1340 5507 sed
1365 5452 1523 5505 etiam
1549 5449 2037 5520 imaginationibus.

478 5545 677 5599 Deinde
709 5548 920 5611 exponit
957 5548 1036 5600 illi
1057 5550 1220 5600 uitam
1256 5544 1712 5614 perfectissimam,
1739 5549 2038 5596 contestans

474 5635 621 5688 illam
640 5637 826 5691 debere
854 5637 1081 5691 mediam
1099 5636 1301 5691 vivendi
1329 5637 1581 5689 rationem
1609 5651 1876 5706 superare.
1906 5630 2037 5696 Qua:

549 5808 593 5837 ⁸⁸
618 5805 694 5860 De
722 5809 902 5877 script.
934 5809 1123 5865 eccles.

2152 4623 2345 4663 earum
2381 4619 2674 4678 apparatus
2713 4620 2767 4667 et
2812 4627 3044 4681 pompa,
3069 4615 3267 4682 quibus
3303 4623 3497 4670 auctor
3530 4628 3725 4673 noster

2152 4712 2493 4756 sacramenta
2545 4692 2912 4771 baptismatis,
2959 4706 3367 4761 chrismationis
3403 4718 3459 4762 et
3500 4707 3723 4764 Eucha-

2154 4793 2325 4846 ristiae
2346 4793 2543 4848 confici
2570 4804 2625 4848 et
2651 4793 3043 4859 administrari,
3065 4795 3284 4851 missam
3324 4797 3722 4867 liturgiamque

2150 4885 2441 4951 celebrari,
2478 4896 2535 4941 et
2566 4897 2901 4941 mortuorum
2933 4904 3158 4958 corpora
3197 4892 3413 4959 sepeliri
3437 4895 3718 4963 perhibet,

2148 4996 2271 5035 eum
2301 4979 2561 5051 Dionysio
2598 4982 2925 5050 Areopagita
2967 4983 3328 5051 posteriorem
3368 5000 3492 5040 esse
3519 5001 3720 5042 rursus

2148 5074 2385 5144 produnt
2413 5082 2469 5127 et
2496 5074 2895 5128 demonstrant.
2940 5075 3034 5129 Ille
3068 5076 3345 5130 enimvero
3395 5079 3493 5133 hos
3520 5093 3718 5133 omnes

2147 5170 2285 5225 ritus
2312 5182 2411 5222 nec
2434 5167 2631 5221 minori
2673 5182 2925 5233 numero,
2966 5182 3065 5223 nec
3095 5169 3291 5224 minori
3339 5169 3714 5236 solemnitate,

2148 5277 2312 5332 quam
2364 5276 2487 5316 cum
2528 5259 2771 5314 Ecclesia
2819 5276 2953 5329 pace
2989 5260 3357 5330 placidissima
3408 5261 3716 5331 fruebatur,

2150 5368 2270 5419 suo,
2305 5353 2406 5407 hoc
2465 5362 2569 5418 est,
2601 5361 2662 5407 ut
2711 5352 2829 5419 ipse
2864 5354 3043 5423 lingit,
3070 5352 3425 5409 acerbissimo
3462 5366 3601 5420 pene
3632 5355 3719 5407 in-

2149 5444 2493 5500 credibilium
2545 5445 2892 5500 vexationum
2928 5453 3175 5516 tempore
3207 5460 3237 5499 a
3263 5444 3597 5501 Christianis
3620 5448 3721 5499 atl-

2149 5536 2323 5592 hiberi
2354 5536 2535 5592 solere
2561 5537 2853 5605 signiﬁcat.

2214 5628 2333 5686 Non
2392 5628 2696 5687 difﬁtentur
2758 5632 2979 5703 quidem
3049 5629 3414 5701 Areopagiticj
3469 5636 3715 5698 plurium
