3916 6234
120 318 131 327 -
222 298 286 350 Η
1588 273 1820 335 13301.13l

1929 269 2123 326 ltENA.
3396 261 3469 317 4‘1

222 376 673 463 (memoriarum
697 403 1029 460 mentionem
1057 399 1199 472 apud
1227 398 1542 471 Dionysium
1571 394 1782 458 haberi;
1813 398 1859 452 Α
1890 390 1982 443 libi
2026 396 2239 454 quoque
2294 378 2535 449 reperies
2602 388 2710 432 tam
2769 377 3107 472 frequentem
3162 376 3327 431 fuisse
3385 380 3468 472 his

219 504 316 556 sed
340 500 680 555 contendunt
706 513 802 552 eas
846 482 1219 565 apostolorum
1252 503 1500 560 tempore
1531 492 1792 561 paulatim

223 593 528 655 institutas,
565 600 624 645 et
662 590 965 643 traditione
993 586 1297 655 apostolica
1329 585 1399 638 ad
1424 585 1564 637 alios
1604 583 1678 637 ita
1712 583 1798 636 de-

222 684 450 746 rivatas,
482 692 543 735 ut
598 680 843 750 Dionysii
899 677 1144 744 eiusdem
1191 685 1374 740 :ctate,
1403 676 1456 729 iu
1480 690 1605 729 eum
1635 690 1798 742 quem

226 776 317 828 ille
363 773 653 832 describit,
685 785 973 825 numerum
1017 769 1160 823 haud
1212 767 1503 822 difficulter
1549 780 1802 821 crescere

225 868 526 932 potuerint.
573 864 743 918 Porro
795 874 973 917 autem
1027 862 1350 925 Christiani,
1385 863 1460 915 uti
1506 861 1583 913 illi
1638 869 1801 913 autu—

228 970 399 1020 mant,
435 959 503 1013 iis
548 958 744 1012 ritibus
785 967 895 1010 tum
925 956 1239 1020 utebantur,
1268 970 1414 1017 cum,
1462 955 1800 1023 persecutio-

228 1067 356 1105 num
388 1052 577 1105 furore
625 1052 713 1105 vel
751 1052 924 1120 sopito
967 1051 1051 1104 vel
1083 1050 1353 1119 mitigato,
1400 1063 1637 1119 synaxes
1678 1063 1807 1102 suas

228 1146 361 1198 tutis
385 1145 439 1197 in
469 1143 605 1198 locis
634 1143 1039 1211 agerelicebat.
1063 1143 1194 1207 Quae
1217 1141 1434 1209 quidem
1469 1151 1527 1193 ut
1551 1141 1804 1209 probent,

227 1237 513 1288 adducunt
545 1234 866 1288 testimonia
903 1234 1246 1299 Tertulliani,
1278 1234 1368 1302 qui
1399 1234 1664 1301 baptisma
1698 1246 1804 1286 non

229 1326 586 1394 paucioribus
630 1341 791 1394 quam
828 1334 1017 1379 auctor
1048 1338 1239 1379 noster
1262 1326 1609 1379 cmremoniis
1634 1326 1806 1378 admi-

231 1419 531 1470 nistratum
596 1426 899 1471 asseverat.
934 1417 1170 1470 Basilius
1204 1431 1335 1469 vero
1378 1430 1473 1470 eas
1502 1431 1532 1468 δ
1561 1414 1723 1469 tacita
1754 1424 1811 1468 et

227 1509 447 1562 occulta
483 1509 779 1563 traditione
810 1509 875 1562 ad
905 1523 1058 1562 suam
1093 1523 1264 1577 usque
1292 1515 1507 1560 aetatem
1541 1506 1810 1559 deductas

226 1616 353 1655 esse
388 1610 648 1656 testatur.
683 1599 796 1655 Nec
828 1600 989 1654 aliter
1020 1615 1153 1654 sane
1190 1600 1376 1676 dehis
1404 1608 1573 1667 atque
1598 1598 1721 1651 aliis
1746 1598 1813 1650 li—

228 1695 426 1765 turgia:
448 1694 647 1749 ritibus
672 1694 945 1748 sentiebat
967 1693 1107 1746 idem
1129 1691 1503 1748 Tertullianus
1526 1693 1572 1723 ιθ
1601 1714 1612 1747 :
1641 1691 1805 1758 Quas,

230 1785 441 1852 inquit,
481 1786 597 1837 sine
649 1784 810 1837 ullius
858 1782 1153 1852 Scriptura:
1214 1784 1598 1849 instrumento,
1639 1782 1807 1836 solius

227 1876 546 1928 traditionis
610 1875 789 1939 titulo,
842 1875 1030 1928 exinde
1073 1875 1469 1928 consuetudinis
1519 1874 1812 1943 patrocinio

225 1966 648 2021 vindicamus...
678 1966 888 2019 Harum
930 1977 978 2019 et
1007 1967 1240 2019 aliarum
1277 1967 1539 2037 ejusmodi
1569 1966 1810 2034 discipli-

228 2072 428 2108 narum
490 2058 537 2109 si
592 2056 756 2126 legem
784 2059 1109 2127 expostules,
1141 2063 1539 2138 scripturarum
1612 2059 1821 2113 nullam

226 2146 467 2200 invenies
494 2161 515 2198 :
545 2151 761 2202 traditio
792 2151 889 2202 tibi
918 2152 1267 2216 praetenditur
1296 2157 1532 2217 auctrix,
1584 2170 1810 2207 consue-

228 2239 362 2291 tudo
413 2239 807 2306 conﬁrmauit,
860 2252 909 2295 et
968 2242 1101 2309 ﬁdes
1147 2244 1489 2298 observatrix.
1536 2244 1811 2299 Rationem

232 2332 547 2396 traditioni,
605 2336 993 2397 consuetudini,
1042 2334 1167 2403 ﬁdei
1224 2338 1679 2404 patrocinaturam
1723 2348 1815 2392 aut

231 2424 344 2489 ipse
378 2426 689 2489 perspicies,
716 2436 809 2479 aut
830 2430 895 2479 ab
922 2428 1121 2494 aliqua,
1142 2430 1234 2499 qui
1254 2430 1591 2496 perspexerit,
1619 2431 1807 2485 disces.

234 2512 435 2583 Neque
469 2515 560 2568 hic
612 2518 877 2586 quosdam
916 2518 1091 2575 audiri
1124 2518 1310 2575 volunt
1360 2519 1820 2591 Antiareopugiti-

235 2622 357 2672 cos,
404 2609 520 2677 qui,
558 2610 720 2663 nullis
764 2609 1181 2678 probationibus
1230 2613 1381 2679 freti,
1423 2612 1687 2684 quasdam
1716 2628 1823 2666 cae-

237 2700 525 2753 remonias
552 2700 900 2771 Dionysianis
928 2712 1091 2772 atque
1136 2706 1451 2773 apostolicis
1483 2704 1820 2775 temporibus

239 2787 296 2840 in
331 2804 435 2841 usu
461 2788 630 2844 fuisse
653 2791 914 2846 audacter
946 2794 1281 2848 inﬁciantur.

315 2880 713 2937 Verumtamen
758 2884 890 2939 illud
924 2886 1191 2941 adversus
1241 2888 1657 2958 Areopagiticos
1699 2888 1822 2956 jure

241 2971 453 3025 merito
475 2982 722 3042 urgetur,
747 2975 892 3042 quod
914 2975 1059 3030 sicut
1102 2985 1298 3030 auctor
1324 2989 1509 3031 nos-ter
1531 2977 1822 3031 nonnullos

1901 477 2229 546 temporibus
2258 472 2435 527 thuris
2458 485 2637 534 usum,
2667 484 2769 524 nec
2794 478 2874 522 tot
2895 468 3193 523 suﬂitiones
3235 480 3368 539 quot
3403 471 3474 524 ab

1900 581 2122 625 auctore
2152 577 2337 621 nostro
2374 566 2460 620 his
2484 564 2667 618 verbis
2696 562 3006 616 referuntur
3031 576 3047 614 :
3078 560 3332 631 Pontifex
3351 579 3470 631 pre-

1900 678 2009 714 cem
2033 675 2237 712 sacram
2287 658 2356 709 ad
2393 662 2562 708 altare
2609 652 2706 706 Dei
2731 652 3111 714 celebraturus,
3144 653 3208 704 ab
3240 653 3469 721 ejusdem

1900 751 2153 821 sufﬁtione
2196 749 2405 802 initium
2457 746 2682 812 faciens,
2738 745 3035 798 universum
3093 746 3280 797 circuit
3323 746 3471 797 chori

1901 845 2179 905 ambitum,
2210 844 2370 895 donec
2418 855 2627 892 rursum
2659 838 2727 890 ad
2759 840 2929 892 altare
2964 838 3193 892 divinum
3247 840 3472 899 rediens,

1904 946 2012 991 etc.
2062 934 2349 988 Enimvero
2392 934 2761 1001 Athenagoras
2813 932 2857 961 “
2908 940 2964 985 et
3024 931 3393 986 Tertullianus
3431 932 3476 962 “

1904 1027 2242 1082 Christianos
2283 1042 2456 1095 neque
2511 1026 2671 1079 thure
2705 1040 2879 1093 neque
2908 1023 3085 1079 sumtu
3127 1025 3235 1078 Deo
3262 1024 3475 1079 sacrili-

1906 1134 2060 1175 casse
2119 1128 2402 1174 testantur.
2466 1119 2667 1174 Censet
2732 1120 2948 1188 quidem
3013 1119 3477 1175 eminentissimus

1908 1210 2201 1265 cardinalis
2231 1210 2372 1264 Bona
2403 1225 2496 1265 eos
2526 1226 2645 1266 esse
2674 1210 3056 1281 intelligendos
3083 1212 3147 1266 de
3178 1225 3327 1264 more
3356 1210 3479 1264 thus

1910 1302 2156 1357 adolendi
2182 1302 2370 1356 eodem
2398 1302 2526 1367 ritu,
2555 1302 2740 1355 habitu
2772 1309 2825 1355 et
2862 1310 3143 1369 apparatu,
3174 1316 3280 1369 quo
3303 1301 3479 1368 agitur

1911 1392 2049 1460 apud
2079 1390 2244 1444 idola.
2282 1389 2389 1444 Sed
2419 1392 2614 1444 summi
2640 1391 2741 1444 viri
2774 1405 2906 1456 pace
2931 1392 3111 1445 dicere
3146 1390 3324 1453 liceat,
3352 1390 3480 1443 illud

1912 1480 2223 1533 accuratius
2268 1478 2546 1534 observari
2591 1480 2808 1545 debere,
2834 1483 2979 1549 quod
3029 1481 3219 1535 scribit
3266 1478 3483 1535 Ter‘tulo

1914 1570 2456 1639 lianus,Christianos
2482 1571 2693 1624 duabus
2719 1572 2785 1625 de
2807 1573 2985 1626 causis
3013 1573 3135 1625 thus
3159 1572 3481 1635 adolevisse,

1917 1662 2169 1716 nimirum
2192 1661 2506 1716 Christianis
2531 1664 2857 1731 sepeliendis,
2888 1675 2932 1717 et
2960 1682 3077 1718 cum
3099 1666 3232 1718 odor
3256 1665 3484 1735 alicujus

1842 1733 1882 1788 Β
1912 1754 2013 1808 loci
2042 1755 2339 1823 offenderit.
2393 1753 2505 1807 Hac
2532 1755 2731 1809 etenim
2788 1755 2984 1824 duplici
3015 1757 3331 1826 exceptione
3372 1733 3487 1826 pla-

1914 1862 2041 1900 num
2091 1848 2183 1901 ille
2234 1848 2384 1911 facit,
2444 1847 2525 1900 vel
2585 1848 2714 1902 alibi
2768 1850 2892 1903 thus
2947 1866 2975 1903 a
3013 1849 3339 1905 Christianis
3378 1867 3484 1907 non

1914 1940 2172 2006 oblatum,
2212 1940 2293 1993 vel
2351 1942 2543 1996 saltem
2590 1956 2694 1996 non
2727 1944 2887 1996 toties
2930 1943 3236 1998 adhibitum
3276 1948 3491 2014 quoties

1916 2032 1985 2085 ab
2018 2042 2238 2087 auctore
2274 2047 2457 2087 nostro
2507 2046 2781 2091 narratur.
2832 2035 2941 2090 Fac
3000 2045 3179 2091 tamen
3214 2054 3277 2091 ea
3306 2042 3488 2095 omnia

1917 2121 2220 2177 suIIimenta
2249 2133 2379 2178 tunc
2401 2125 2574 2181 fuisse
2605 2129 2657 2181 iu
2687 2143 2809 2181 usu.
2841 2128 2911 2182 At
2934 2130 3141 2195 nullus,
3184 2134 3399 2199 Opinor,
3435 2134 3489 2188 in

1918 2219 2156 2271 animum
2205 2219 2307 2273 sibi
2367 2220 2525 2273 facile
2570 2220 2880 2286 induxerit,
2911 2237 2972 2275 ea
3024 2221 3076 2274 in
3126 2233 3205 2278 tot
3248 2226 3492 2282 ecclesiae

1920 2309 2163 2376 partibus
2210 2318 2341 2378 quot
2381 2320 2573 2364 auctor
2609 2322 2795 2364 noster
2852 2312 3099 2383 designat
3125 2352 3140 2378 ,
3184 2314 3350 2369 fuisse
3393 2318 3492 2372 ad-

1924 2399 2112 2453 hibita.
2147 2400 2400 2470 Nunquid
2451 2403 2594 2455 enim
2625 2405 2813 2472 primis
2864 2407 3203 2459 s:evicntium
3233 2418 3494 2477 tyranno-

1923 2509 2040 2547 rum
2076 2494 2410 2561 temporibus
2438 2493 2767 2549 Christianis
2798 2505 2957 2548 erant
2978 2497 3245 2561 ecclesia),
3270 2514 3392 2566 qua:
3415 2507 3497 2552 tot

1921 2586 2187 2653 partibus,
2210 2590 2400 2651 choro,
2444 2587 2700 2642 narthece
2724 2589 3084 2656 sacristiaque
3136 2592 3497 2648 constarent!

1992 2678 2131 2747 Quid
2181 2694 2343 2753 porro
2375 2681 2541 2753 priori
2592 2680 2849 2739 Ecclesiae
2880 2682 3076 2740 saeculo
3132 2685 3313 2742 minus
3339 2688 3497 2743 audi-

1932 2780 2077 2834 tum,
2132 2788 2293 2840 quam
2334 2772 2451 2827 haec
2490 2773 2802 2829 chrismatis
2850 2778 3207 2831 consecrandi
3237 2794 3498 2843 caeremo-

1930 2866 2055 2918 nia?
2083 2862 2332 2932 Pontifex
2352 2907 2367 2932 ,
2393 2866 2569 2934 inquit
2599 2876 2789 2919 auctor
2829 2878 3015 2922 noster
3040 2867 3121 2932 “,
3153 2880 3362 2937 accepto
3394 2888 3498 2925 un-

1927 2965 2117 3025 guento
2138 2998 2153 3019 ,
2178 2958 2325 3026 ponit
2367 2975 2521 3027 super
2557 2960 2723 3013 altare
2752 2960 3026 3014 duodecim
3072 2962 3242 3015 sacris
3274 2964 3374 3016 alis
3405 2964 3499 3017 ob-

238 3077 649 3121 commemoral
698 3070 859 3134 mus,
888 3069 981 3137 qui
1016 3069 1108 3122 ma
1150 3070 1328 3139 prima
1380 3069 1639 3124 Ecclesia,
1662 3079 1821 3125 male
1849 3063 1892 3122 (ς
1926 3046 2176 3102 velatum.
2203 3049 2337 3114 Quis
2362 3042 2523 3102 ritum
2577 3050 2726 3103 illum
2759 3051 2824 3104 ab
2871 3052 3132 3120 apostolis
3156 3053 3496 3117 ordinatum,

240 3173 437 3212 revera
469 3159 751 3228 vigebant,
785 3161 860 3215 ita
884 3162 1068 3231 plures
1099 3162 1239 3217 alios
1271 3173 1547 3228 recenset,
1574 3164 1667 3233 qui
1703 3174 1825 3232 post

245 3252 646 3322 Dionysianum
714 3270 889 3308 aevum
956 3255 1227 3324 originem
1294 3256 1621 3310 habuerunt.
1693 3255 1826 3322 Quis

243 3346 399 3399 enim
428 3346 731 3400 verisimile
778 3362 902 3402 esse
950 3350 1228 3414 putaverit
1266 3348 1502 3419 Dionysii
1530 3365 1647 3405 aevo
1670 3361 1829 3405 cate-6

244 3436 557 3493 chumenos
601 3440 1045 3511 ptenitentesque
1099 3443 1353 3512 publicos
1392 3442 1695 3507 exstitisse,
1732 3443 1825 3512 qui

246 3535 371 3593 post
402 3540 688 3583 Sacrarum
723 3529 1131 3599 Scripturarum
1188 3533 1453 3589 lectiones
1497 3535 1826 3603 ejicerentur

245 3633 315 3671 ex
342 3620 625 3674 ecclesia?
667 3622 743 3675 De
785 3623 869 3677 his
899 3631 1078 3677 tamen
1124 3623 1204 3678 sic
1246 3625 1443 3678 scribit
1488 3635 1679 3679 auctor
1726 3641 1830 3679 no-

253 3722 370 3766 ster
395 3711 438 3744 δι
473 3733 484 3766 :
523 3710 695 3766 Porro
726 3715 1124 3767 catechumenos
1151 3725 1197 3768 et
1225 3730 1619 3784 energumenos,
1642 3731 1831 3783 eosque

247 3804 342 3870 qui
368 3805 678 3869 paenitentia
702 3803 992 3867 ducuntur,
1009 3814 1361 3858 sacrosancta:
1374 3805 1685 3859 hierarchia:
1708 3821 1822 3858 mos

251 3897 461 3961 patitur
490 3896 684 3946 audire
739 3911 952 3948 sacram
978 3896 1331 3964 psalmodiam
1369 3896 1705 3966 divinumque
1744 3914 1833 3950 sa-

252 4002 473 4038 crarum
519 3985 923 4055 Scripturarum
980 3990 1340 4042 recitationem
1372 4002 1393 4041 .'
1433 4006 1613 4043 verum
1656 3992 1725 4042 ad
1771 4005 1832 4041 ea

252 4093 373 4147 qua
404 4078 652 4145 deinceps
681 4090 977 4148 sequuntur
998 4081 1266 4148 sacrificia
1291 4081 1693 4150 spectaculaque
1737 4096 1831 4133 ne-

252 4185 564 4237 quaquam,
618 4182 728 4225 etc.
781 4168 893 4225 Nec
948 4172 1139 4226 leviter
1189 4176 1567 4242 praztereunda
1609 4182 1693 4229 est
1733 4188 1831 4227 vos

253 4260 450 4315 Graeca
474 4263 701 4331 θεσμός
733 4278 856 4331 qua:
900 4265 972 4318 ibi
1018 4265 1247 4333 legitur;
1278 4268 1416 4321 idem
1446 4269 1646 4337 quippe
1674 4275 1837 4321 sonat

255 4368 322 4406 ac
352 4354 561 4407 sanctio
590 4365 685 4407 aut
734 4372 843 4409 mos
874 4368 1036 4410 vetus.
1071 4358 1331 4423 Quaenam
1372 4370 1579 4425 autem,
1633 4361 1833 4415 amabo

261 4454 338 4507 te,
391 4447 629 4504 sauctio.
660 4457 756 4500 aut
782 4446 905 4514 quis
936 4464 1054 4503 mos
1096 4460 1250 4503 vetus
1277 4460 1491 4518 poterat
1514 4466 1541 4503 a
1575 4450 1833 4521 Dionysio

260 4537 470 4601 notari,
504 4552 628 4606 qua:
675 4540 745 4592 ab
792 4540 928 4607 ipsis
980 4542 1242 4611 apostolis
1273 4560 1379 4599 non
1417 4545 1527 4599 sint
1551 4545 1836 4613 profecta?

256 4627 334 4683 At
360 4629 513 4684 nullo
532 4645 669 4685 sane
700 4632 1044 4700 antiquitatis
1066 4644 1163 4688 aut
1185 4651 1357 4691 sacrae
1389 4635 1689 4707 Scriptura:
1716 4655 1838 4694 mo-

263 4720 513 4775 nimento
556 4724 815 4777 ostendes
867 4723 1028 4778 latam
1085 4728 1154 4781 ab
1200 4729 1466 4797 apostolis
1506 4730 1704 4801 legem,
1751 4733 1837 4787 vel

265 4825 476 4863 morem
516 4812 583 4865 ab
613 4813 694 4867 eis
745 4813 1044 4883 inductum,
1070 4833 1200 4885 quo
1247 4821 1627 4875 catechumeni
1657 4832 1712 4877 et
1741 4838 1840 4893 pu-

262 4902 396 4958 blici
435 4905 769 4973 pmnitentes
819 4909 986 4976 priori
1038 4910 1216 4964 missae
1272 4913 1410 4980 parti
1459 4914 1745 4981 adessent,
1781 4924 1838 4970 et

259 5006 392 5064 post
418 4998 537 5051 haec
568 5000 732 5054 missa
757 4999 993 5055 ﬁdelium
1024 5003 1506 5061 interdicerentur.
1534 5008 1833 5076 Enumera,

263 5090 310 5143 si
360 5092 523 5152 velis,
569 5106 709 5161 quos
754 5094 985 5163 apostoli
1031 5110 1332 5166 eorumque
1361 5113 1704 5155 successores
1734 5101 1835 5155 viri

263 5183 554 5250 apostolici
579 5185 998 5242 catechumenos
1021 5187 1345 5258 baptismate
1368 5191 1637 5246 ablueriut
1654 5233 1668 5256 ,
1700 5209 1836 5262 quos

264 5274 606 5330 absolverint
661 5277 907 5347 publicos
956 5282 1319 5349 pmnitentes,
1356 5299 1454 5338 nec
1484 5284 1648 5338 ullum
1680 5300 1836 5354 repe-

267 5383 378 5421 ries
417 5381 581 5436 quem
633 5369 718 5425 his
746 5386 983 5438 unquam
1027 5374 1233 5442 legibus
1264 5376 1531 5429 voluerint
1567 5379 1833 5432 coerceri.

333 5460 541 5515 Evolve
586 5463 771 5529 etiam,
822 5464 869 5518 si
902 5474 1092 5532 vacat,
1156 5482 1345 5523 omnes
1398 5469 1586 5536 libros,
1620 5483 1721 5524 nec
1753 5469 1838 5523 ul-

334 5671 382 5703 “
420 5668 544 5725 Lib.
586 5670 663 5742 De
698 5688 891 5726 corona
917 5670 1099 5739 milit.,
1143 5688 1260 5742 cap.
1287 5673 1340 5728 5.
1416 5674 1461 5705 ⁸¹
1495 5673 1570 5728 De
1599 5674 1777 5728 eccles.
1803 5673 2090 5737 Itierarc/t.,
2140 5689 2259 5741 cap.
2315 5672 2369 5727 5.

1929 3144 2018 3200 vel
2067 3144 2136 3197 ab
2168 3144 2481 3213 apostolicis
2526 3145 2660 3198 viris
2690 3145 3036 3198 observatum
3092 3145 3260 3199 luisse
3293 3162 3497 3200 memo-

1932 3238 2025 3291 riae
2076 3254 2314 3307 unquam
2378 3237 2657 3306 prodidit?
2713 3238 2943 3291 Dicesne
2992 3253 3112 3292 eum
3179 3239 3499 3294 Atheniensi

1931 3331 2184 3385 Ecclesia?
2227 3331 2504 3399 proprium
2538 3329 2703 3383 fuisse
2742 3341 2795 3383 et
2836 3330 3202 3398 peculiarem?
3227 3330 3330 3385 Sed
3364 3345 3500 3384 cavo

1932 3430 1991 3473 ut
2016 3420 2163 3473 salva
2194 3420 2301 3473 sint
2333 3419 2574 3488 Dionysii
2604 3420 2946 3487 ArcOpagitaa
2996 3418 3237 3485 scripta?
3263 3417 3312 3470 Is
3351 3418 3496 3470 enim

1931 3516 2141 3582 pritnus
2188 3513 2596 3566 Atheniensium
2653 3512 2941 3579 episcopus
2978 3510 3099 3563 fuit.
3153 3512 3355 3565 Auctor
3402 3525 3500 3564 au-

1935 3616 2042 3658 tem
2089 3617 2274 3659 noster
2304 3608 2372 3659 de
2404 3606 2504 3658 hoc
2546 3606 2675 3668 ritu,
2724 3621 2829 3659 non
2878 3615 2934 3658 ut
2967 3620 3106 3659 novo
3145 3614 3203 3658 et
3255 3614 3498 3664 recente,

1933 3708 2098 3766 atque
2130 3712 2159 3749 a
2208 3712 2265 3751 se
2310 3698 2578 3762 instituto,
2620 3698 2711 3751 sed
2768 3700 2836 3752 ab
2884 3697 3006 3751 aliis
3057 3698 3255 3765 ubique
3301 3698 3504 3752 usitato

1939 3790 2202 3858 loquitur.
2238 3787 2363 3843 Haec
2414 3789 2578 3857 igitur
2611 3790 2752 3844 illius
2784 3792 2987 3860 scripta
3042 3791 3305 3866 Dionysii,
3328 3793 3503 3844 Areo-

1935 3883 2291 3951 pagitaefetus
2318 3897 2442 3937 esse
2482 3898 2589 3937 non
2624 3893 2867 3951 possunt.

2006 3972 2282 4030 Addamus
2311 3974 2543 4043 denique
2576 3974 2629 4028 id
2660 3990 2689 4028 a
2731 3977 2844 4029 veri
2874 3975 3054 4045 specie
3080 3988 3305 4043 prorsus
3335 3975 3507 4029 videri

1936 4068 2193 4131 alienum,
2245 4069 2387 4136 quod
2438 4077 2648 4122 mortua
2683 4068 3120 4123 Christianorum
3152 4084 3379 4137 corpora
3438 4069 3507 4123 iis

1936 4160 2204 4223 omnibus,
2236 4175 2372 4229 quas
2424 4159 2512 4213 ille
2544 4160 2718 4215 adhuc
2773 4172 3026 4216 recenset
3054 4161 3123 4226 ι’,
3163 4163 3506 4218 caeremoniis

1938 4254 2185 4307 mandata
2215 4251 2504 4320 sepultura:
2548 4251 2768 4309 fuerint.
2796 4252 2888 4307 Eas
2913 4254 3203 4322 siquidem,
3244 4269 3367 4308 cum
3400 4254 3505 4309 Ec-

1939 4346 2119 4400 clesiis
2168 4347 2421 4400 omnibus
2461 4360 2564 4413 pax
2604 4359 2815 4398 summa
2865 4346 3350 4415 tranquilliusque
3380 4348 3508 4404 data

1942 4447 2044 4501 est,
2094 4452 2193 4491 nec
2232 4437 2415 4505 plures
2459 4436 2698 4498 fuerunt,
2754 4448 2856 4489 nec
2887 4437 3057 4504 magis
3097 4436 3389 4491 solemnes.
3435 4441 3507 4492 At

1943 4531 2165 4600 paganis
2207 4529 2460 4583 omnibus
2504 4528 2862 4582 intolerabilis
2891 4542 3115 4597 prorsus
3152 4526 3345 4583 fuisset
3397 4538 3503 4583 tam

1945 4620 2226 4691 magnifica
2278 4621 2486 4675 funeris
2530 4621 3024 4690 exsequiarumque
3072 4621 3504 4677 Christianarum

1944 4728 2161 4783 pompa,
2188 4729 2289 4768 nec
2322 4714 2487 4768 ullum
2518 4714 2755 4784 Dionysii
2791 4728 2907 4767 aevo
2944 4713 3314 4768 Christianum
3344 4717 3509 4772 tantis

1946 4807 2317 4874 parentalibus
2342 4807 2490 4875 justa
2542 4810 2656 4862 suis
2694 4808 3018 4873 solventem,
3051 4812 3117 4862 ab
3143 4806 3379 4863 ethnicis
3405 4808 3509 4863 ali—

1940 4898 2158 4966 quando
2186 4899 2582 4967 deprehensum
2614 4899 2782 4952 fuisse
2814 4899 3152 4966 perhibetur.

2513 4991 2740 5047 CAPUT
2787 4990 2947 5046 XVII.

1941 5088 2317 5153 Argumentum
2368 5094 2603 5138 octavum
2633 5124 2647 5147 ,
2700 5100 2764 5138 ea;
2811 5084 3044 5138 auctoris
3088 5083 3222 5154 stylo
3267 5092 3510 5153 petitum.

2012 5178 2088 5232 De
2113 5179 2355 5233 auctoris
2384 5181 2558 5232 nostri
2589 5177 2730 5247 stylo
2763 5177 3018 5231 nonnulla
3049 5178 3163 5245 jam
3188 5179 3514 5243 perstrinxi-

1942 5289 2086 5339 mus,
2109 5274 2552 5341 osmndimusquc
2573 5271 2984 5341 Areopagiticos
3015 5271 3147 5323 nihil
3177 5271 3229 5324 in
3247 5285 3312 5325 eo
3339 5272 3517 5325 anim-

1943 5369 2242 5422 advertisse
2305 5369 2446 5437 quod
2495 5382 2599 5422 non
2650 5369 2721 5422 sit
2777 5381 2906 5421 vere
2966 5364 3390 5433 Dionysianum,
3452 5378 3515 5416 ac

1946 5464 2062 5516 viro
2120 5462 2417 5530 apostolico
2467 5460 2625 5527 plane
2670 5460 2891 5528 dignum
2936 5459 3265 5525 omninoque
3315 5469 3515 5508 conve-

2448 5670 2492 5700 δ’
2527 5669 2743 5738 Apolog.
2778 5670 2848 5721 ad
2886 5669 3130 5738 imperat.
3210 5662 3256 5692 ⁸³
3287 5659 3509 5729 Αρο(ο].

266 5757 385 5810 cap.
414 5742 507 5807 50,
549 5755 604 5795 et
634 5741 726 5795 lib.
758 5743 829 5795 De
860 5735 1225 5811 corona,’cap:
1253 5746 1339 5801 10.
1415 5744 1463 5778 “
1485 5743 1604 5801 Lib.
1620 5743 1695 5800 De
1729 5745 1909 5800 eccles.
1939 5735 2223 5813 bimarem;
2250 5755 2370 5810 cap.
2403 5741 2455 5795 3.
2532 5741 2580 5772 ’⁸³
2607 5735 2776 5805 lbid.,
2812 5753 2932 5806 cap.
2959 5735 3011 5791 7.

598 5838 866 5897 PATBOL.
910 5834 1027 5895 Gn.
1086 5832 1194 5891 IlI.
