  <div class='ocr_page' id='page_1' title='image "/cluster/home/n/w/nwhite01/storage/ocr_20150623/3/nnc1.0046978666/029.png"; bbox 0 0 3916 6234; ppageno 0'>
   <div class='ocr_carea' id='block_1_1' title="bbox 435 284 2507 349">
    <p class='ocr_par' dir='ltr' id='par_1_1' title="bbox 435 284 2507 349">
     <span class='ocr_line' id='line_1_1' title="bbox 435 284 2507 349; baseline -0.002 0"><span class='ocrx_word' id='word_1_1' title='bbox 435 295 503 349; x_wconf 53' lang='grc' dir='ltr'><strong>ιζ</strong></span> <span class='ocrx_word' id='word_1_2' title='bbox 1524 287 1586 349; x_wconf 83' lang='lat' dir='ltr'><strong>S.</strong></span> <span class='ocrx_word' id='word_1_3' title='bbox 1627 286 2003 347; x_wconf 77' lang='lat' dir='ltr'><strong>DIONYSIUS</strong></span> <span class='ocrx_word' id='word_1_4' title='bbox 2042 284 2507 346; x_wconf 74' lang='lat' dir='ltr'><strong>AREOPAGITA.</strong></span> 
     </span>
    </p>
   </div>
   <div class='ocr_carea' id='block_1_2' title="bbox 3608 292 3692 347">
    <p class='ocr_par' dir='ltr' id='par_1_2' title="bbox 3608 292 3692 347">
     <span class='ocr_line' id='line_1_2' title="bbox 3608 292 3692 347; baseline 0 0"><span class='ocrx_word' id='word_1_5' title='bbox 3608 292 3692 347; x_wconf 66' lang='grc' dir='ltr'><strong><em>ιι</em></strong></span> 
     </span>
    </p>
   </div>
   <div class='ocr_carea' id='block_1_3' title="bbox 431 403 3696 480">
    <p class='ocr_par' dir='ltr' id='par_1_3' title="bbox 431 403 3696 480">
     <span class='ocr_line' id='line_1_3' title="bbox 431 403 3696 480; baseline -0.002 -16"><span class='ocrx_word' id='word_1_6' title='bbox 431 412 611 465; x_wconf 75' lang='lat' dir='ltr'><strong>ulcus.</strong></span> <span class='ocrx_word' id='word_1_7' title='bbox 636 406 964 477; x_wconf 87' lang='lat' dir='ltr'><strong>Scriptionis</strong></span> <span class='ocrx_word' id='word_1_8' title='bbox 985 408 1183 463; x_wconf 90' lang='lat' dir='ltr'><strong>etenim</strong></span> <span class='ocrx_word' id='word_1_9' title='bbox 1220 408 1364 463; x_wconf 90' lang='lat' dir='ltr'><strong>illius</strong></span> <span class='ocrx_word' id='word_1_10' title='bbox 1395 421 1566 478; x_wconf 87' lang='lat' dir='ltr'><strong>genus</strong></span> <span class='ocrx_word' id='word_1_11' title='bbox 1594 409 1872 480; x_wconf 85' lang='lat' dir='ltr'><strong>stylusque</strong></span> <span class='ocrx_word' id='word_1_12' title='bbox 1899 423 2004 462; x_wconf 92' lang='lat' dir='ltr'><strong>non</strong></span> <span class='ocrx_word' id='word_1_13' title='bbox 2035 413 2083 469; x_wconf 78' lang='grc' dir='ltr'><strong>Α</strong></span> <span class='ocrx_word' id='word_1_14' title='bbox 2111 414 2339 475; x_wconf 88' lang='lat' dir='ltr'><strong>possunt</strong></span> <span class='ocrx_word' id='word_1_15' title='bbox 2391 419 2628 474; x_wconf 84' lang='lat' dir='ltr'><strong>unquam</strong></span> <span class='ocrx_word' id='word_1_16' title='bbox 2687 408 2923 476; x_wconf 78' lang='lat' dir='ltr'><strong>assequi.</strong></span> <span class='ocrx_word' id='word_1_17' title='bbox 2975 403 3114 473; x_wconf 81' lang='lat' dir='ltr'><strong>Quid</strong></span> <span class='ocrx_word' id='word_1_18' title='bbox 3146 404 3287 474; x_wconf 86' lang='lat' dir='ltr'><strong>quod</strong></span> <span class='ocrx_word' id='word_1_19' title='bbox 3336 420 3511 476; x_wconf 87' lang='lat' dir='ltr'><strong>neque</strong></span> <span class='ocrx_word' id='word_1_20' title='bbox 3545 403 3696 460; x_wconf 70' lang='grc' dir='ltr'><strong>Τετ-</strong></span> 
     </span>
    </p>
   </div>
   <div class='ocr_carea' id='block_1_4' title="bbox 428 496 1999 567">
    <p class='ocr_par' dir='ltr' id='par_1_4' title="bbox 428 496 1999 567">
     <span class='ocr_line' id='line_1_4' title="bbox 428 496 1999 567; baseline -0.002 -14"><span class='ocrx_word' id='word_1_21' title='bbox 428 496 660 567; x_wconf 77' lang='lat' dir='ltr'><strong>simplex</strong></span> <span class='ocrx_word' id='word_1_22' title='bbox 691 498 942 567; x_wconf 87' lang='lat' dir='ltr'><strong>quidem,</strong></span> <span class='ocrx_word' id='word_1_23' title='bbox 974 499 1069 554; x_wconf 88' lang='lat' dir='ltr'><strong>sed</strong></span> <span class='ocrx_word' id='word_1_24' title='bbox 1098 498 1300 563; x_wconf 82' lang='lat' dir='ltr'><strong>elatus,</strong></span> <span class='ocrx_word' id='word_1_25' title='bbox 1331 509 1384 551; x_wconf 92' lang='lat' dir='ltr'><strong>et</strong></span> <span class='ocrx_word' id='word_1_26' title='bbox 1414 513 1509 567; x_wconf 89' lang='lat' dir='ltr'><strong>pro</strong></span> <span class='ocrx_word' id='word_1_27' title='bbox 1536 498 1869 553; x_wconf 87' lang='lat' dir='ltr'><strong>sublimitate</strong></span> <span class='ocrx_word' id='word_1_28' title='bbox 1907 512 1999 551; x_wconf 88' lang='lat' dir='ltr'><strong>ar-</strong></span> 
     </span>
    </p>
   </div>
   <div class='ocr_carea' id='block_1_5' title="bbox 428 587 2002 659">
    <p class='ocr_par' dir='ltr' id='par_1_5' title="bbox 428 587 2002 659">
     <span class='ocr_line' id='line_1_5' title="bbox 428 587 2002 659; baseline -0.001 -18"><span class='ocrx_word' id='word_1_29' title='bbox 428 590 675 659; x_wconf 89' lang='lat' dir='ltr'><strong>gumenti</strong></span> <span class='ocrx_word' id='word_1_30' title='bbox 704 589 979 656; x_wconf 73' lang='lat' dir='ltr'><strong>sublimis,</strong></span> <span class='ocrx_word' id='word_1_31' title='bbox 1018 604 1201 644; x_wconf 90' lang='lat' dir='ltr'><strong>rerum</strong></span> <span class='ocrx_word' id='word_1_32' title='bbox 1234 590 1474 643; x_wconf 90' lang='lat' dir='ltr'><strong>omnium</strong></span> <span class='ocrx_word' id='word_1_33' title='bbox 1502 590 1567 643; x_wconf 93' lang='lat' dir='ltr'><strong>de</strong></span> <span class='ocrx_word' id='word_1_34' title='bbox 1602 589 1799 655; x_wconf 84' lang='lat' dir='ltr'><strong>quibus</strong></span> <span class='ocrx_word' id='word_1_35' title='bbox 1822 587 2002 657; x_wconf 80' lang='lat' dir='ltr'><strong>agitur</strong></span> 
     </span>
    </p>
   </div>
   <div class='ocr_carea' id='block_1_6' title="bbox 427 678 1998 751">
    <p class='ocr_par' dir='ltr' id='par_1_6' title="bbox 427 678 1998 751">
     <span class='ocr_line' id='line_1_6' title="bbox 427 678 1998 751; baseline -0.001 -16"><span class='ocrx_word' id='word_1_36' title='bbox 427 680 677 751; x_wconf 89' lang='lat' dir='ltr'><strong>dignitati</strong></span> <span class='ocrx_word' id='word_1_37' title='bbox 732 680 1115 750; x_wconf 77' lang='lat' dir='ltr'><strong>maiestatique</strong></span> <span class='ocrx_word' id='word_1_38' title='bbox 1181 681 1405 750; x_wconf 86' lang='lat' dir='ltr'><strong>pulchre</strong></span> <span class='ocrx_word' id='word_1_39' title='bbox 1463 682 1774 749; x_wconf 89' lang='lat' dir='ltr'><strong>respondet.</strong></span> <span class='ocrx_word' id='word_1_40' title='bbox 1828 678 1998 734; x_wconf 78' lang='lat' dir='ltr'><strong>Porro</strong></span> 
     </span>
    </p>
   </div>
   <div class='ocr_carea' id='block_1_7' title="bbox 430 773 1999 845">
    <p class='ocr_par' dir='ltr' id='par_1_7' title="bbox 430 773 1999 845">
     <span class='ocr_line' id='line_1_7' title="bbox 430 773 1999 845; baseline -0.003 -14"><span class='ocrx_word' id='word_1_41' title='bbox 430 776 545 832; x_wconf 71' lang='lat' dir='ltr'><strong>haec</strong></span> <span class='ocrx_word' id='word_1_42' title='bbox 574 775 698 845; x_wconf 80' lang='lat' dir='ltr'><strong>styli</strong></span> <span class='ocrx_word' id='word_1_43' title='bbox 732 775 1045 830; x_wconf 89' lang='lat' dir='ltr'><strong>sublimitas</strong></span> <span class='ocrx_word' id='word_1_44' title='bbox 1084 776 1476 830; x_wconf 85' lang='lat' dir='ltr'><strong>obscuritatem</strong></span> <span class='ocrx_word' id='word_1_45' title='bbox 1508 775 1738 844; x_wconf 86' lang='lat' dir='ltr'><strong>peperit.</strong></span> <span class='ocrx_word' id='word_1_46' title='bbox 1787 773 1880 827; x_wconf 91' lang='lat' dir='ltr'><strong>Illa</strong></span> <span class='ocrx_word' id='word_1_47' title='bbox 1912 782 1999 827; x_wconf 82' lang='lat' dir='ltr'><strong>ta-</strong></span> 
     </span>
    </p>
   </div>
   <div class='ocr_carea' id='block_1_8' title="bbox 429 866 1995 938">
    <p class='ocr_par' dir='ltr' id='par_1_8' title="bbox 429 866 1995 938">
     <span class='ocr_line' id='line_1_8' title="bbox 429 866 1995 938; baseline -0.002 -16"><span class='ocrx_word' id='word_1_48' title='bbox 429 882 553 923; x_wconf 90' lang='lat' dir='ltr'><strong>men</strong></span> <span class='ocrx_word' id='word_1_49' title='bbox 584 881 690 921; x_wconf 93' lang='lat' dir='ltr'><strong>non</strong></span> <span class='ocrx_word' id='word_1_50' title='bbox 736 882 800 921; x_wconf 81' lang='lat' dir='ltr'><strong>ex</strong></span> <span class='ocrx_word' id='word_1_51' title='bbox 845 866 1085 938; x_wconf 78' lang='lat' dir='ltr'><strong>Dionysii</strong></span> <span class='ocrx_word' id='word_1_52' title='bbox 1135 868 1429 937; x_wconf 87' lang='lat' dir='ltr'><strong>imperitia,</strong></span> <span class='ocrx_word' id='word_1_53' title='bbox 1458 868 1550 921; x_wconf 85' lang='lat' dir='ltr'><strong>sed</strong></span> <span class='ocrx_word' id='word_1_54' title='bbox 1585 881 1652 921; x_wconf 81' lang='lat' dir='ltr'><strong>ex</strong></span> <span class='ocrx_word' id='word_1_55' title='bbox 1677 880 1743 921; x_wconf 92' lang='lat' dir='ltr'><strong>eo</strong></span> <span class='ocrx_word' id='word_1_56' title='bbox 1774 866 1995 936; x_wconf 90' lang='lat' dir='ltr'><strong>potissi-</strong></span> 
     </span>
    </p>
   </div>
   <div class='ocr_carea' id='block_1_9' title="bbox 430 956 1997 1028">
    <p class='ocr_par' dir='ltr' id='par_1_9' title="bbox 430 956 1997 1028">
     <span class='ocr_line' id='line_1_9' title="bbox 430 956 1997 1028; baseline 0.001 -19"><span class='ocrx_word' id='word_1_57' title='bbox 430 973 575 1010; x_wconf 87' lang='lat' dir='ltr'><strong>umm</strong></span> <span class='ocrx_word' id='word_1_58' title='bbox 603 967 723 1011; x_wconf 89' lang='lat' dir='ltr'><strong>orta</strong></span> <span class='ocrx_word' id='word_1_59' title='bbox 754 969 863 1022; x_wconf 84' lang='lat' dir='ltr'><strong>est,</strong></span> <span class='ocrx_word' id='word_1_60' title='bbox 891 959 1033 1026; x_wconf 89' lang='lat' dir='ltr'><strong>quod</strong></span> <span class='ocrx_word' id='word_1_61' title='bbox 1069 958 1183 1027; x_wconf 91' lang='lat' dir='ltr'><strong>ipse</strong></span> <span class='ocrx_word' id='word_1_62' title='bbox 1216 959 1316 1012; x_wconf 88' lang='lat' dir='ltr'><strong>hoc</strong></span> <span class='ocrx_word' id='word_1_63' title='bbox 1343 958 1618 1012; x_wconf 87' lang='lat' dir='ltr'><strong>scribendi</strong></span> <span class='ocrx_word' id='word_1_64' title='bbox 1651 972 1849 1028; x_wconf 90' lang='lat' dir='ltr'><strong>genere</strong></span> <span class='ocrx_word' id='word_1_65' title='bbox 1888 956 1997 1011; x_wconf 90' lang='lat' dir='ltr'><strong>dif-</strong></span> 
     </span>
    </p>
   </div>
   <div class='ocr_carea' id='block_1_10' title="bbox 434 1048 1997 1117">
    <p class='ocr_par' dir='ltr' id='par_1_10' title="bbox 434 1048 1997 1117">
     <span class='ocr_line' id='line_1_10' title="bbox 434 1048 1997 1117; baseline 0.001 -14"><span class='ocrx_word' id='word_1_66' title='bbox 434 1048 564 1103; x_wconf 86' lang='lat' dir='ltr'><strong>ficili</strong></span> <span class='ocrx_word' id='word_1_67' title='bbox 595 1059 651 1103; x_wconf 93' lang='lat' dir='ltr'><strong>et</strong></span> <span class='ocrx_word' id='word_1_68' title='bbox 681 1050 938 1117; x_wconf 90' lang='lat' dir='ltr'><strong>obscuro,</strong></span> <span class='ocrx_word' id='word_1_69' title='bbox 970 1062 1028 1104; x_wconf 92' lang='lat' dir='ltr'><strong>ut</strong></span> <span class='ocrx_word' id='word_1_70' title='bbox 1066 1053 1143 1104; x_wconf 87' lang='lat' dir='ltr'><strong>ait</strong></span> <span class='ocrx_word' id='word_1_71' title='bbox 1172 1052 1330 1105; x_wconf 90' lang='lat' dir='ltr'><strong>divus</strong></span> <span class='ocrx_word' id='word_1_72' title='bbox 1365 1048 1625 1117; x_wconf 87' lang='lat' dir='ltr'><strong>Thomas,</strong></span> <span class='ocrx_word' id='word_1_73' title='bbox 1649 1065 1800 1105; x_wconf 90' lang='lat' dir='ltr'><strong>sacra</strong></span> <span class='ocrx_word' id='word_1_74' title='bbox 1832 1060 1887 1104; x_wconf 91' lang='lat' dir='ltr'><strong>et</strong></span> <span class='ocrx_word' id='word_1_75' title='bbox 1917 1050 1997 1104; x_wconf 90' lang='lat' dir='ltr'><strong>di-</strong></span> 
     </span>
    </p>
   </div>
   <div class='ocr_carea' id='block_1_11' title="bbox 429 1140 1995 1213">
    <p class='ocr_par' dir='ltr' id='par_1_11' title="bbox 429 1140 1995 1213">
     <span class='ocr_line' id='line_1_11' title="bbox 429 1140 1995 1213; baseline 0.003 -21"><span class='ocrx_word' id='word_1_76' title='bbox 429 1143 554 1194; x_wconf 89' lang='lat' dir='ltr'><strong>vina</strong></span> <span class='ocrx_word' id='word_1_77' title='bbox 591 1140 868 1210; x_wconf 79' lang='lat' dir='ltr'><strong>religionis</strong></span> <span class='ocrx_word' id='word_1_78' title='bbox 899 1153 1099 1197; x_wconf 64' lang='lat' dir='ltr'><strong>nostra:</strong></span> <span class='ocrx_word' id='word_1_79' title='bbox 1130 1144 1379 1209; x_wconf 78' lang='lat' dir='ltr'><strong>dogmata</strong></span> <span class='ocrx_word' id='word_1_80' title='bbox 1406 1152 1461 1196; x_wconf 90' lang='lat' dir='ltr'><strong>et</strong></span> <span class='ocrx_word' id='word_1_81' title='bbox 1485 1144 1744 1213; x_wconf 84' lang='lat' dir='ltr'><strong>mysteria</strong></span> <span class='ocrx_word' id='word_1_82' title='bbox 1771 1141 1995 1212; x_wconf 79' lang='lat' dir='ltr'><strong>paganis</strong></span> 
     </span>
    </p>
   </div>
   <div class='ocr_carea' id='block_1_12' title="bbox 422 1233 1403 1289">
    <p class='ocr_par' dir='ltr' id='par_1_12' title="bbox 422 1233 1403 1289">
     <span class='ocr_line' id='line_1_12' title="bbox 422 1233 1403 1289; baseline 0.003 -4"><span class='ocrx_word' id='word_1_83' title='bbox 422 1243 477 1285; x_wconf 90' lang='lat' dir='ltr'><strong>ct</strong></span> <span class='ocrx_word' id='word_1_84' title='bbox 508 1233 815 1289; x_wconf 81' lang='lat' dir='ltr'><strong>inﬁdelibus</strong></span> <span class='ocrx_word' id='word_1_85' title='bbox 845 1233 1119 1288; x_wconf 89' lang='lat' dir='ltr'><strong>occultare</strong></span> <span class='ocrx_word' id='word_1_86' title='bbox 1149 1234 1403 1289; x_wconf 90' lang='lat' dir='ltr'><strong>voluerit.</strong></span> 
     </span>
    </p>
   </div>
   <div class='ocr_carea' id='block_1_13' title="bbox 490 1324 1995 1395">
    <p class='ocr_par' dir='ltr' id='par_1_13' title="bbox 490 1324 1995 1395">
     <span class='ocr_line' id='line_1_13' title="bbox 490 1324 1995 1395; baseline 0 -17"><span class='ocrx_word' id='word_1_87' title='bbox 490 1325 978 1395; x_wconf 80' lang='lat' dir='ltr'><strong>AntiareOpagitici</strong></span> <span class='ocrx_word' id='word_1_88' title='bbox 1030 1340 1161 1382; x_wconf 89' lang='lat' dir='ltr'><strong>vero</strong></span> <span class='ocrx_word' id='word_1_89' title='bbox 1206 1336 1431 1381; x_wconf 87' lang='lat' dir='ltr'><strong>censent</strong></span> <span class='ocrx_word' id='word_1_90' title='bbox 1483 1324 1617 1379; x_wconf 89' lang='lat' dir='ltr'><strong>nihil</strong></span> <span class='ocrx_word' id='word_1_91' title='bbox 1660 1326 1849 1380; x_wconf 91' lang='lat' dir='ltr'><strong>eodem</strong></span> <span class='ocrx_word' id='word_1_92' title='bbox 1898 1340 1995 1379; x_wconf 90' lang='lat' dir='ltr'><strong>au-</strong></span> 
     </span>
    </p>
   </div>
   <div class='ocr_carea' id='block_1_14' title="bbox 419 1418 1995 1490">
    <p class='ocr_par' dir='ltr' id='par_1_14' title="bbox 419 1418 1995 1490">
     <span class='ocr_line' id='line_1_14' title="bbox 419 1418 1995 1490; baseline 0.001 -19"><span class='ocrx_word' id='word_1_93' title='bbox 419 1418 589 1471; x_wconf 88' lang='lat' dir='ltr'><strong>ctoris</strong></span> <span class='ocrx_word' id='word_1_94' title='bbox 638 1419 808 1473; x_wconf 88' lang='lat' dir='ltr'><strong>nostri</strong></span> <span class='ocrx_word' id='word_1_95' title='bbox 840 1418 980 1488; x_wconf 86' lang='lat' dir='ltr'><strong>stylo</strong></span> <span class='ocrx_word' id='word_1_96' title='bbox 1008 1421 1309 1490; x_wconf 82' lang='lat' dir='ltr'><strong>excogitari</strong></span> <span class='ocrx_word' id='word_1_97' title='bbox 1360 1433 1517 1489; x_wconf 87' lang='lat' dir='ltr'><strong>posse</strong></span> <span class='ocrx_word' id='word_1_98' title='bbox 1542 1419 1886 1486; x_wconf 70' lang='lat' dir='ltr'><strong>Areopagitai</strong></span> <span class='ocrx_word' id='word_1_99' title='bbox 1915 1421 1995 1473; x_wconf 86' lang='lat' dir='ltr'><strong>vi-</strong></span> 
     </span>
    </p>
   </div>
   <div class='ocr_carea' id='block_1_15' title="bbox 423 1511 1990 1583">
    <p class='ocr_par' dir='ltr' id='par_1_15' title="bbox 423 1511 1990 1583">
     <span class='ocr_line' id='line_1_15' title="bbox 423 1511 1990 1583; baseline 0.003 -20"><span class='ocrx_word' id='word_1_100' title='bbox 423 1511 580 1580; x_wconf 87' lang='lat' dir='ltr'><strong>rique</strong></span> <span class='ocrx_word' id='word_1_101' title='bbox 608 1511 891 1581; x_wconf 83' lang='lat' dir='ltr'><strong>apostolici</strong></span> <span class='ocrx_word' id='word_1_102' title='bbox 942 1513 1182 1567; x_wconf 86' lang='lat' dir='ltr'><strong>orationi</strong></span> <span class='ocrx_word' id='word_1_103' title='bbox 1212 1514 1382 1581; x_wconf 88' lang='lat' dir='ltr'><strong>magis</strong></span> <span class='ocrx_word' id='word_1_104' title='bbox 1413 1528 1721 1583; x_wconf 85' lang='lat' dir='ltr'><strong>repugnans</strong></span> <span class='ocrx_word' id='word_1_105' title='bbox 1752 1526 1806 1567; x_wconf 89' lang='lat' dir='ltr'><strong>et</strong></span> <span class='ocrx_word' id='word_1_106' title='bbox 1858 1529 1990 1568; x_wconf 90' lang='lat' dir='ltr'><strong>con-</strong></span> 
     </span>
    </p>
   </div>
   <div class='ocr_carea' id='block_1_16' title="bbox 420 1601 1991 1672">
    <p class='ocr_par' dir='ltr' id='par_1_16' title="bbox 420 1601 1991 1672">
     <span class='ocr_line' id='line_1_16' title="bbox 420 1601 1991 1672; baseline 0.003 -18"><span class='ocrx_word' id='word_1_107' title='bbox 420 1603 668 1656; x_wconf 90' lang='lat' dir='ltr'><strong>trarium.</strong></span> <span class='ocrx_word' id='word_1_108' title='bbox 696 1601 885 1656; x_wconf 79' lang='lat' dir='ltr'><strong>Tantae</strong></span> <span class='ocrx_word' id='word_1_109' title='bbox 916 1603 1175 1658; x_wconf 89' lang='lat' dir='ltr'><strong>nimirum</strong></span> <span class='ocrx_word' id='word_1_110' title='bbox 1229 1603 1389 1657; x_wconf 90' lang='lat' dir='ltr'><strong>molis</strong></span> <span class='ocrx_word' id='word_1_111' title='bbox 1421 1613 1507 1657; x_wconf 91' lang='lat' dir='ltr'><strong>est</strong></span> <span class='ocrx_word' id='word_1_112' title='bbox 1555 1604 1622 1657; x_wconf 92' lang='lat' dir='ltr'><strong>de</strong></span> <span class='ocrx_word' id='word_1_113' title='bbox 1649 1603 1808 1659; x_wconf 90' lang='lat' dir='ltr'><strong>unius</strong></span> <span class='ocrx_word' id='word_1_114' title='bbox 1849 1606 1991 1672; x_wconf 85' lang='lat' dir='ltr'><strong>ejus-</strong></span> 
     </span>
    </p>
   </div>
   <div class='ocr_carea' id='block_1_17' title="bbox 418 1694 1985 1766">
    <p class='ocr_par' dir='ltr' id='par_1_17' title="bbox 418 1694 1985 1766">
     <span class='ocr_line' id='line_1_17' title="bbox 418 1694 1985 1766; baseline 0.001 -19"><span class='ocrx_word' id='word_1_115' title='bbox 418 1696 650 1764; x_wconf 85' lang='lat' dir='ltr'><strong>demque</strong></span> <span class='ocrx_word' id='word_1_116' title='bbox 688 1696 974 1765; x_wconf 88' lang='lat' dir='ltr'><strong>scriptoris</strong></span> <span class='ocrx_word' id='word_1_117' title='bbox 1005 1696 1144 1766; x_wconf 82' lang='lat' dir='ltr'><strong>stylo</strong></span> <span class='ocrx_word' id='word_1_118' title='bbox 1179 1705 1383 1748; x_wconf 91' lang='lat' dir='ltr'><strong>certam</strong></span> <span class='ocrx_word' id='word_1_119' title='bbox 1437 1694 1579 1748; x_wconf 88' lang='lat' dir='ltr'><strong>ferre</strong></span> <span class='ocrx_word' id='word_1_120' title='bbox 1627 1695 1985 1748; x_wconf 81' lang='lat' dir='ltr'><strong>sententiam!</strong></span> 
     </span>
    </p>
   </div>
   <div class='ocr_carea' id='block_1_18' title="bbox 2107 496 3689 565">
    <p class='ocr_par' dir='ltr' id='par_1_18' title="bbox 2107 496 3689 565">
     <span class='ocr_line' id='line_1_18' title="bbox 2107 496 3689 565; baseline -0.001 -14"><span class='ocrx_word' id='word_1_121' title='bbox 2107 497 2388 561; x_wconf 90' lang='lat' dir='ltr'><strong>tullianus,</strong></span> <span class='ocrx_word' id='word_1_122' title='bbox 2418 509 2598 564; x_wconf 90' lang='lat' dir='ltr'><strong>neque</strong></span> <span class='ocrx_word' id='word_1_123' title='bbox 2656 496 2795 550; x_wconf 91' lang='lat' dir='ltr'><strong>ullus</strong></span> <span class='ocrx_word' id='word_1_124' title='bbox 2848 512 3081 565; x_wconf 89' lang='lat' dir='ltr'><strong>unquam</strong></span> <span class='ocrx_word' id='word_1_125' title='bbox 3128 498 3364 563; x_wconf 89' lang='lat' dir='ltr'><strong>scriptor</strong></span> <span class='ocrx_word' id='word_1_126' title='bbox 3387 511 3450 551; x_wconf 91' lang='lat' dir='ltr'><strong>ea</strong></span> <span class='ocrx_word' id='word_1_127' title='bbox 3483 496 3689 561; x_wconf 77' lang='lat' dir='ltr'><strong>verba,</strong></span> 
     </span>
    </p>
   </div>
   <div class='ocr_carea' id='block_1_19' title="bbox 2104 589 3691 660">
    <p class='ocr_par' dir='ltr' id='par_1_19' title="bbox 2104 589 3691 660">
     <span class='ocr_line' id='line_1_19' title="bbox 2104 589 3691 660; baseline -0.001 -17"><span class='ocrx_word' id='word_1_128' title='bbox 2104 605 2226 659; x_wconf 68' lang='lat' dir='ltr'><strong>quae</strong></span> <span class='ocrx_word' id='word_1_129' title='bbox 2279 589 2651 657; x_wconf 86' lang='lat' dir='ltr'><strong>apostolorum</strong></span> <span class='ocrx_word' id='word_1_130' title='bbox 2707 589 3247 660; x_wconf 82' lang='lat' dir='ltr'><strong>Christianorumque</strong></span> <span class='ocrx_word' id='word_1_131' title='bbox 3276 589 3517 643; x_wconf 88' lang='lat' dir='ltr'><strong>omnium</strong></span> <span class='ocrx_word' id='word_1_132' title='bbox 3576 604 3691 644; x_wconf 73' lang='lat' dir='ltr'><strong>usu</strong></span> 
     </span>
    </p>
   </div>
   <div class='ocr_carea' id='block_1_20' title="bbox 2102 681 3693 752">
    <p class='ocr_par' dir='ltr' id='par_1_20' title="bbox 2102 681 3693 752">
     <span class='ocr_line' id='line_1_20' title="bbox 2102 681 3693 752; baseline -0.001 -15"><span class='ocrx_word' id='word_1_133' title='bbox 2102 690 2424 737; x_wconf 90' lang='lat' dir='ltr'><strong>consecrata</strong></span> <span class='ocrx_word' id='word_1_134' title='bbox 2454 690 2632 745; x_wconf 86' lang='lat' dir='ltr'><strong>erant,</strong></span> <span class='ocrx_word' id='word_1_135' title='bbox 2686 682 2851 736; x_wconf 90' lang='lat' dir='ltr'><strong>missa</strong></span> <span class='ocrx_word' id='word_1_136' title='bbox 2904 681 3147 736; x_wconf 75' lang='lat' dir='ltr'><strong>fecerunt</strong></span> <span class='ocrx_word' id='word_1_137' title='bbox 3182 692 3242 735; x_wconf 89' lang='lat' dir='ltr'><strong>ut</strong></span> <span class='ocrx_word' id='word_1_138' title='bbox 3272 682 3339 736; x_wconf 87' lang='lat' dir='ltr'><strong>iis</strong></span> <span class='ocrx_word' id='word_1_139' title='bbox 3380 682 3483 736; x_wconf 86' lang='lat' dir='ltr'><strong>alia</strong></span> <span class='ocrx_word' id='word_1_140' title='bbox 3522 682 3693 752; x_wconf 80' lang='lat' dir='ltr'><strong>peni-</strong></span> 
     </span>
    </p>
   </div>
   <div class='ocr_carea' id='block_1_21' title="bbox 2104 774 3692 844">
    <p class='ocr_par' dir='ltr' id='par_1_21' title="bbox 2104 774 3692 844">
     <span class='ocr_line' id='line_1_21' title="bbox 2104 774 3692 844; baseline 0.001 -16"><span class='ocrx_word' id='word_1_141' title='bbox 2104 784 2191 828; x_wconf 91' lang='lat' dir='ltr'><strong>tus</strong></span> <span class='ocrx_word' id='word_1_142' title='bbox 2213 774 2551 842; x_wconf 89' lang='lat' dir='ltr'><strong>incomperta</strong></span> <span class='ocrx_word' id='word_1_143' title='bbox 2584 775 2785 844; x_wconf 91' lang='lat' dir='ltr'><strong>ubique</strong></span> <span class='ocrx_word' id='word_1_144' title='bbox 2809 774 3167 829; x_wconf 73' lang='lat' dir='ltr'><strong>sufﬁcerent?</strong></span> <span class='ocrx_word' id='word_1_145' title='bbox 3190 776 3395 829; x_wconf 84' lang='lat' dir='ltr'><strong>Auctor</strong></span> <span class='ocrx_word' id='word_1_146' title='bbox 3424 790 3550 829; x_wconf 90' lang='lat' dir='ltr'><strong>vero</strong></span> <span class='ocrx_word' id='word_1_147' title='bbox 3580 789 3692 829; x_wconf 85' lang='lat' dir='ltr'><strong>no—</strong></span> 
     </span>
    </p>
   </div>
   <div class='ocr_carea' id='block_1_22' title="bbox 2104 867 3683 937">
    <p class='ocr_par' dir='ltr' id='par_1_22' title="bbox 2104 867 3683 937">
     <span class='ocr_line' id='line_1_22' title="bbox 2104 867 3683 937; baseline -0.001 -18"><span class='ocrx_word' id='word_1_148' title='bbox 2104 878 2219 920; x_wconf 90' lang='lat' dir='ltr'><strong>ster</strong></span> <span class='ocrx_word' id='word_1_149' title='bbox 2268 881 2429 920; x_wconf 89' lang='lat' dir='ltr'><strong>voces</strong></span> <span class='ocrx_word' id='word_1_150' title='bbox 2474 867 2737 935; x_wconf 76' lang='lat' dir='ltr'><strong>episcopi,</strong></span> <span class='ocrx_word' id='word_1_151' title='bbox 2789 869 3077 937; x_wconf 73' lang='lat' dir='ltr'><strong>presbyteri</strong></span> <span class='ocrx_word' id='word_1_152' title='bbox 3126 877 3182 921; x_wconf 91' lang='lat' dir='ltr'><strong>et</strong></span> <span class='ocrx_word' id='word_1_153' title='bbox 3237 868 3484 932; x_wconf 84' lang='lat' dir='ltr'><strong>diaconi,</strong></span> <span class='ocrx_word' id='word_1_154' title='bbox 3513 868 3683 936; x_wconf 85' lang='lat' dir='ltr'><strong>quasi</strong></span> 
     </span>
    </p>
   </div>
   <div class='ocr_carea' id='block_1_23' title="bbox 2100 958 3688 1030">
    <p class='ocr_par' dir='ltr' id='par_1_23' title="bbox 2100 958 3688 1030">
     <span class='ocr_line' id='line_1_23' title="bbox 2100 958 3688 1030; baseline 0 -17"><span class='ocrx_word' id='word_1_155' title='bbox 2100 958 2371 1013; x_wconf 87' lang='lat' dir='ltr'><strong>obsoletas</strong></span> <span class='ocrx_word' id='word_1_156' title='bbox 2423 961 2691 1029; x_wconf 89' lang='lat' dir='ltr'><strong>repudiat.</strong></span> <span class='ocrx_word' id='word_1_157' title='bbox 2722 962 2908 1030; x_wconf 88' lang='lat' dir='ltr'><strong>eisque</strong></span> <span class='ocrx_word' id='word_1_158' title='bbox 2956 975 3168 1027; x_wconf 89' lang='lat' dir='ltr'><strong>semper</strong></span> <span class='ocrx_word' id='word_1_159' title='bbox 3207 961 3468 1029; x_wconf 87' lang='lat' dir='ltr'><strong>subrogat</strong></span> <span class='ocrx_word' id='word_1_160' title='bbox 3506 963 3688 1013; x_wconf 80' lang='lat' dir='ltr'><strong>verba</strong></span> 
     </span>
    </p>
   </div>
   <div class='ocr_carea' id='block_1_24' title="bbox 2101 1050 3689 1122">
    <p class='ocr_par' dir='ltr' id='par_1_24' title="bbox 2101 1050 3689 1122">
     <span class='ocr_line' id='line_1_24' title="bbox 2101 1050 3689 1122; baseline 0 -20"><span class='ocrx_word' id='word_1_161' title='bbox 2101 1050 2371 1121; x_wconf 80' lang='grc' dir='ltr'><strong>ῑεράρχαι,</strong></span> <span class='ocrx_word' id='word_1_162' title='bbox 2402 1051 2638 1121; x_wconf 72' lang='grc' dir='ltr'><strong>ἱερεῖςθι</strong></span> <span class='ocrx_word' id='word_1_163' title='bbox 2664 1051 2965 1122; x_wconf 83' lang='grc' dir='ltr'><strong>λειτουργοί</strong></span> <span class='ocrx_word' id='word_1_164' title='bbox 2998 1072 3009 1106; x_wconf 90' lang='lat'><strong>:</strong></span> <span class='ocrx_word' id='word_1_165' title='bbox 3041 1066 3226 1106; x_wconf 81' lang='lat' dir='ltr'><strong>sacros</strong></span> <span class='ocrx_word' id='word_1_166' title='bbox 3255 1060 3435 1103; x_wconf 85' lang='lat' dir='ltr'><strong>autem</strong></span> <span class='ocrx_word' id='word_1_167' title='bbox 3466 1052 3689 1103; x_wconf 74' lang='lat' dir='ltr'><strong>utrius-</strong></span> 
     </span>
    </p>
   </div>
   <div class='ocr_carea' id='block_1_25' title="bbox 2097 1139 3683 1209">
    <p class='ocr_par' dir='ltr' id='par_1_25' title="bbox 2097 1139 3683 1209">
     <span class='ocr_line' id='line_1_25' title="bbox 2097 1139 3683 1209; baseline -0.001 -16"><span class='ocrx_word' id='word_1_168' title='bbox 2097 1155 2200 1209; x_wconf 91' lang='lat' dir='ltr'><strong>que</strong></span> <span class='ocrx_word' id='word_1_169' title='bbox 2231 1140 2476 1194; x_wconf 65' lang='lat' dir='ltr'><strong>Fiederis</strong></span> <span class='ocrx_word' id='word_1_170' title='bbox 2531 1140 2699 1195; x_wconf 88' lang='lat' dir='ltr'><strong>libros</strong></span> <span class='ocrx_word' id='word_1_171' title='bbox 2734 1141 2957 1196; x_wconf 88' lang='lat' dir='ltr'><strong>citando</strong></span> <span class='ocrx_word' id='word_1_172' title='bbox 3007 1156 3167 1195; x_wconf 86' lang='lat' dir='ltr'><strong>voces</strong></span> <span class='ocrx_word' id='word_1_173' title='bbox 3221 1139 3526 1207; x_wconf 80' lang='lat' dir='ltr'><strong>Scriptura,</strong></span> <span class='ocrx_word' id='word_1_174' title='bbox 3578 1148 3683 1192; x_wconf 68' lang='lat' dir='ltr'><strong>aut</strong></span> 
     </span>
    </p>
   </div>
   <div class='ocr_carea' id='block_1_26' title="bbox 2097 1234 3678 1304">
    <p class='ocr_par' dir='ltr' id='par_1_26' title="bbox 2097 1234 3678 1304">
     <span class='ocr_line' id='line_1_26' title="bbox 2097 1234 3678 1304; baseline -0.003 -15"><span class='ocrx_word' id='word_1_175' title='bbox 2097 1235 2378 1303; x_wconf 75' lang='lat' dir='ltr'><strong>Scriptura</strong></span> <span class='ocrx_word' id='word_1_176' title='bbox 2437 1248 2615 1297; x_wconf 77' lang='lat' dir='ltr'><strong>sacra,</strong></span> <span class='ocrx_word' id='word_1_177' title='bbox 2660 1235 2980 1304; x_wconf 83' lang='lat' dir='ltr'><strong>evangelica,</strong></span> <span class='ocrx_word' id='word_1_178' title='bbox 3026 1238 3304 1301; x_wconf 82' lang='lat' dir='ltr'><strong>scriptorcs</strong></span> <span class='ocrx_word' id='word_1_179' title='bbox 3353 1234 3521 1299; x_wconf 86' lang='lat' dir='ltr'><strong>sacri,</strong></span> <span class='ocrx_word' id='word_1_180' title='bbox 3585 1234 3678 1286; x_wconf 84' lang='lat' dir='ltr'><strong>vel</strong></span> 
     </span>
    </p>
   </div>
   <div class='ocr_carea' id='block_1_27' title="bbox 2097 1325 3681 1397">
    <p class='ocr_par' dir='ltr' id='par_1_27' title="bbox 2097 1325 3681 1397">
     <span class='ocr_line' id='line_1_27' title="bbox 2097 1325 3681 1397; baseline -0.003 -15"><span class='ocrx_word' id='word_1_181' title='bbox 2097 1327 2426 1395; x_wconf 90' lang='lat' dir='ltr'><strong>scriptorum</strong></span> <span class='ocrx_word' id='word_1_182' title='bbox 2473 1328 2691 1381; x_wconf 90' lang='lat' dir='ltr'><strong>nomina</strong></span> <span class='ocrx_word' id='word_1_183' title='bbox 2739 1330 2980 1395; x_wconf 90' lang='lat' dir='ltr'><strong>respuit,</strong></span> <span class='ocrx_word' id='word_1_184' title='bbox 3032 1343 3097 1383; x_wconf 91' lang='lat' dir='ltr'><strong>ac</strong></span> <span class='ocrx_word' id='word_1_185' title='bbox 3131 1342 3230 1397; x_wconf 92' lang='lat' dir='ltr'><strong>pro</strong></span> <span class='ocrx_word' id='word_1_186' title='bbox 3273 1329 3355 1380; x_wconf 70' lang='lat' dir='ltr'><strong>eis</strong></span> <span class='ocrx_word' id='word_1_187' title='bbox 3382 1325 3681 1381; x_wconf 68' lang='lat' dir='ltr'><strong>substituit</strong></span> 
     </span>
    </p>
   </div>
   <div class='ocr_carea' id='block_1_28' title="bbox 2096 1420 3671 1490">
    <p class='ocr_par' dir='ltr' id='par_1_28' title="bbox 2096 1420 3671 1490">
     <span class='ocr_line' id='line_1_28' title="bbox 2096 1420 3671 1490; baseline -0.001 -18"><span class='ocrx_word' id='word_1_188' title='bbox 2096 1420 2259 1473; x_wconf 91' lang='lat' dir='ltr'><strong>verba</strong></span> <span class='ocrx_word' id='word_1_189' title='bbox 2291 1420 2582 1489; x_wconf 51' lang='lat' dir='ltr'><strong>theologiam</strong></span> <span class='ocrx_word' id='word_1_190' title='bbox 2628 1430 2681 1473; x_wconf 90' lang='lat' dir='ltr'><strong>et</strong></span> <span class='ocrx_word' id='word_1_191' title='bbox 2717 1421 2965 1490; x_wconf 76' lang='lat' dir='ltr'><strong>theologi,</strong></span> <span class='ocrx_word' id='word_1_192' title='bbox 3008 1420 3092 1474; x_wconf 89' lang='lat' dir='ltr'><strong>vel</strong></span> <span class='ocrx_word' id='word_1_193' title='bbox 3142 1421 3317 1473; x_wconf 78' lang='lat' dir='ltr'><strong>divina</strong></span> <span class='ocrx_word' id='word_1_194' title='bbox 3353 1420 3671 1483; x_wconf 77' lang='lat' dir='ltr'><strong>illustratio,</strong></span> 
     </span>
    </p>
   </div>
   <div class='ocr_carea' id='block_1_29' title="bbox 2094 1506 3671 1582">
    <p class='ocr_par' dir='ltr' id='par_1_29' title="bbox 2094 1506 3671 1582">
     <span class='ocr_line' id='line_1_29' title="bbox 2094 1506 3671 1582; baseline -0.002 -17"><span class='ocrx_word' id='word_1_195' title='bbox 2094 1519 2147 1565; x_wconf 89' lang='lat' dir='ltr'><strong>et</strong></span> <span class='ocrx_word' id='word_1_196' title='bbox 2172 1512 2347 1566; x_wconf 82' lang='lat' dir='ltr'><strong>divino</strong></span> <span class='ocrx_word' id='word_1_197' title='bbox 2383 1512 2595 1564; x_wconf 73' lang='lat' dir='ltr'><strong>numine</strong></span> <span class='ocrx_word' id='word_1_198' title='bbox 2622 1513 2805 1582; x_wconf 66' lang='lat' dir='ltr'><strong>afﬂati,</strong></span> <span class='ocrx_word' id='word_1_199' title='bbox 2850 1522 2945 1565; x_wconf 88' lang='lat' dir='ltr'><strong>aut</strong></span> <span class='ocrx_word' id='word_1_200' title='bbox 2996 1512 3135 1565; x_wconf 85' lang='lat' dir='ltr'><strong>sacri</strong></span> <span class='ocrx_word' id='word_1_201' title='bbox 3176 1512 3493 1565; x_wconf 83' lang='lat' dir='ltr'><strong>initiatores.</strong></span> <span class='ocrx_word' id='word_1_202' title='bbox 3516 1506 3671 1563; x_wconf 88' lang='lat' dir='ltr'><strong>Nihil</strong></span> 
     </span>
    </p>
   </div>
   <div class='ocr_carea' id='block_1_30' title="bbox 2092 1600 3673 1674">
    <p class='ocr_par' dir='ltr' id='par_1_30' title="bbox 2092 1600 3673 1674">
     <span class='ocr_line' id='line_1_30' title="bbox 2092 1600 3673 1674; baseline -0.002 -18"><span class='ocrx_word' id='word_1_203' title='bbox 2092 1619 2225 1672; x_wconf 87' lang='lat' dir='ltr'><strong>ergo</strong></span> <span class='ocrx_word' id='word_1_204' title='bbox 2259 1604 2312 1656; x_wconf 91' lang='lat' dir='ltr'><strong>in</strong></span> <span class='ocrx_word' id='word_1_205' title='bbox 2354 1605 2598 1658; x_wconf 87' lang='lat' dir='ltr'><strong>auctoris</strong></span> <span class='ocrx_word' id='word_1_206' title='bbox 2627 1604 2804 1659; x_wconf 86' lang='lat' dir='ltr'><strong>nostri</strong></span> <span class='ocrx_word' id='word_1_207' title='bbox 2833 1604 2995 1674; x_wconf 84' lang='lat' dir='ltr'><strong>style,</strong></span> <span class='ocrx_word' id='word_1_208' title='bbox 3024 1603 3167 1673; x_wconf 93' lang='lat' dir='ltr'><strong>quod</strong></span> <span class='ocrx_word' id='word_1_209' title='bbox 3188 1616 3313 1656; x_wconf 88' lang='lat' dir='ltr'><strong>cum</strong></span> <span class='ocrx_word' id='word_1_210' title='bbox 3342 1600 3673 1655; x_wconf 76' lang='lat' dir='ltr'><strong>Tertulliani</strong></span> 
     </span>
    </p>
   </div>
   <div class='ocr_carea' id='block_1_31' title="bbox 2091 1692 3674 1766">
    <p class='ocr_par' dir='ltr' id='par_1_31' title="bbox 2091 1692 3674 1766">
     <span class='ocr_line' id='line_1_31' title="bbox 2091 1692 3674 1766; baseline -0.001 -18"><span class='ocrx_word' id='word_1_211' title='bbox 2091 1695 2265 1761; x_wconf 85' lang='lat' dir='ltr'><strong>libris,</strong></span> <span class='ocrx_word' id='word_1_212' title='bbox 2296 1697 2576 1766; x_wconf 91' lang='lat' dir='ltr'><strong>multoque</strong></span> <span class='ocrx_word' id='word_1_213' title='bbox 2607 1698 2787 1750; x_wconf 89' lang='lat' dir='ltr'><strong>minus</strong></span> <span class='ocrx_word' id='word_1_214' title='bbox 2815 1711 2937 1749; x_wconf 91' lang='lat' dir='ltr'><strong>cum</strong></span> <span class='ocrx_word' id='word_1_215' title='bbox 2962 1694 3205 1764; x_wconf 83' lang='lat' dir='ltr'><strong>Apostoli</strong></span> <span class='ocrx_word' id='word_1_216' title='bbox 3236 1692 3491 1762; x_wconf 86' lang='lat' dir='ltr'><strong>Epistolis</strong></span> <span class='ocrx_word' id='word_1_217' title='bbox 3514 1707 3674 1747; x_wconf 81' lang='lat' dir='ltr'><strong>coni-</strong></span> 
     </span>
    </p>
   </div>
   <div class='ocr_carea' id='block_1_32' title="bbox 417 1767 3020 1858">
    <p class='ocr_par' dir='ltr' id='par_1_32' title="bbox 417 1767 3020 1858">
     <span class='ocr_line' id='line_1_32' title="bbox 417 1767 3020 1858; baseline 0.001 -19"><span class='ocrx_word' id='word_1_218' title='bbox 417 1785 691 1854; x_wconf 87' lang='lat' dir='ltr'><strong>Quantum</strong></span> <span class='ocrx_word' id='word_1_219' title='bbox 729 1796 909 1841; x_wconf 85' lang='lat' dir='ltr'><strong>autem</strong></span> <span class='ocrx_word' id='word_1_220' title='bbox 944 1788 1030 1841; x_wconf 91' lang='lat' dir='ltr'><strong>hic</strong></span> <span class='ocrx_word' id='word_1_221' title='bbox 1090 1785 1445 1856; x_wconf 81' lang='lat' dir='ltr'><strong>Dionysianus</strong></span> <span class='ocrx_word' id='word_1_222' title='bbox 1494 1786 1765 1840; x_wconf 88' lang='lat' dir='ltr'><strong>scribendi</strong></span> <span class='ocrx_word' id='word_1_223' title='bbox 1800 1787 1990 1841; x_wconf 88' lang='lat' dir='ltr'><strong>modus</strong></span> <span class='ocrx_word' id='word_1_224' title='bbox 2021 1767 2063 1823; x_wconf 78' lang='grc' dir='ltr'><strong>Β</strong></span> <span class='ocrx_word' id='word_1_225' title='bbox 2091 1789 2220 1858; x_wconf 90' lang='lat' dir='ltr'><strong>poni</strong></span> <span class='ocrx_word' id='word_1_226' title='bbox 2246 1797 2435 1857; x_wconf 88' lang='lat' dir='ltr'><strong>queat,</strong></span> <span class='ocrx_word' id='word_1_227' title='bbox 2456 1803 2747 1843; x_wconf 87' lang='lat' dir='ltr'><strong>occurrere</strong></span> <span class='ocrx_word' id='word_1_228' title='bbox 2779 1786 3020 1841; x_wconf 81' lang='lat' dir='ltr'><strong>videtur.</strong></span> 
     </span>
    </p>
   </div>
   <div class='ocr_carea' id='block_1_33' title="bbox 415 1877 1990 1949">
    <p class='ocr_par' dir='ltr' id='par_1_33' title="bbox 415 1877 1990 1949">
     <span class='ocr_line' id='line_1_33' title="bbox 415 1877 1990 1949; baseline -0.002 -16"><span class='ocrx_word' id='word_1_229' title='bbox 415 1881 483 1933; x_wconf 84' lang='lat' dir='ltr'><strong>ab</strong></span> <span class='ocrx_word' id='word_1_230' title='bbox 534 1880 844 1949; x_wconf 75' lang='lat' dir='ltr'><strong>apostolicae</strong></span> <span class='ocrx_word' id='word_1_231' title='bbox 890 1878 1156 1933; x_wconf 85' lang='lat' dir='ltr'><strong>orationis</strong></span> <span class='ocrx_word' id='word_1_232' title='bbox 1213 1877 1387 1932; x_wconf 81' lang='lat' dir='ltr'><strong>forma</strong></span> <span class='ocrx_word' id='word_1_233' title='bbox 1436 1877 1752 1938; x_wconf 89' lang='lat' dir='ltr'><strong>abhorreat,</strong></span> <span class='ocrx_word' id='word_1_234' title='bbox 1812 1878 1865 1930; x_wconf 92' lang='lat' dir='ltr'><strong>hi</strong></span> <span class='ocrx_word' id='word_1_235' title='bbox 1895 1878 1990 1931; x_wconf 91' lang='lat' dir='ltr'><strong>de-</strong></span> 
     </span>
    </p>
   </div>
   <div class='ocr_carea' id='block_1_34' title="bbox 417 1970 1987 2039">
    <p class='ocr_par' dir='ltr' id='par_1_34' title="bbox 417 1970 1987 2039">
     <span class='ocr_line' id='line_1_34' title="bbox 417 1970 1987 2039; baseline -0.001 -14"><span class='ocrx_word' id='word_1_236' title='bbox 417 1980 727 2026; x_wconf 89' lang='lat' dir='ltr'><strong>monstrant</strong></span> <span class='ocrx_word' id='word_1_237' title='bbox 748 1986 811 2025; x_wconf 77' lang='lat' dir='ltr'><strong>ex</strong></span> <span class='ocrx_word' id='word_1_238' title='bbox 843 1970 983 2024; x_wconf 87' lang='lat' dir='ltr'><strong>mira</strong></span> <span class='ocrx_word' id='word_1_239' title='bbox 1015 1970 1157 2024; x_wconf 88' lang='lat' dir='ltr'><strong>illius</strong></span> <span class='ocrx_word' id='word_1_240' title='bbox 1193 1970 1429 2034; x_wconf 80' lang='lat' dir='ltr'><strong>luxurie,</strong></span> <span class='ocrx_word' id='word_1_241' title='bbox 1473 1972 1670 2039; x_wconf 65' lang='lat' dir='ltr'><strong>sacpius</strong></span> <span class='ocrx_word' id='word_1_242' title='bbox 1692 1970 1987 2024; x_wconf 87' lang='lat' dir='ltr'><strong>cothurnos</strong></span> 
     </span>
    </p>
   </div>
   <div class='ocr_carea' id='block_1_35' title="bbox 416 2062 1986 2136">
    <p class='ocr_par' dir='ltr' id='par_1_35' title="bbox 416 2062 1986 2136">
     <span class='ocr_line' id='line_1_35' title="bbox 416 2062 1986 2136; baseline -0.001 -18"><span class='ocrx_word' id='word_1_243' title='bbox 416 2074 472 2118; x_wconf 89' lang='lat' dir='ltr'><strong>et</strong></span> <span class='ocrx_word' id='word_1_244' title='bbox 500 2064 878 2136; x_wconf 87' lang='lat' dir='ltr'><strong>dithyrambos</strong></span> <span class='ocrx_word' id='word_1_245' title='bbox 903 2063 1363 2132; x_wconf 78' lang='lat' dir='ltr'><strong>Supergrediente.</strong></span> <span class='ocrx_word' id='word_1_246' title='bbox 1388 2062 1535 2117; x_wconf 88' lang='lat' dir='ltr'><strong>Nihil</strong></span> <span class='ocrx_word' id='word_1_247' title='bbox 1556 2064 1755 2132; x_wconf 83' lang='lat' dir='ltr'><strong>quippe</strong></span> <span class='ocrx_word' id='word_1_248' title='bbox 1778 2062 1986 2116; x_wconf 87' lang='lat' dir='ltr'><strong>auctori</strong></span> 
     </span>
    </p>
   </div>
   <div class='ocr_carea' id='block_1_36' title="bbox 414 2154 1985 2225">
    <p class='ocr_par' dir='ltr' id='par_1_36' title="bbox 414 2154 1985 2225">
     <span class='ocr_line' id='line_1_36' title="bbox 414 2154 1985 2225; baseline -0.003 -15"><span class='ocrx_word' id='word_1_249' title='bbox 414 2168 608 2211; x_wconf 88' lang='lat' dir='ltr'><strong>nostro</strong></span> <span class='ocrx_word' id='word_1_250' title='bbox 661 2157 793 2210; x_wconf 79' lang='lat' dir='ltr'><strong>satis</strong></span> <span class='ocrx_word' id='word_1_251' title='bbox 836 2156 1209 2225; x_wconf 84' lang='lat' dir='ltr'><strong>magniﬁcum,</strong></span> <span class='ocrx_word' id='word_1_252' title='bbox 1244 2154 1486 2208; x_wconf 83' lang='lat' dir='ltr'><strong>inﬂatum</strong></span> <span class='ocrx_word' id='word_1_253' title='bbox 1508 2195 1522 2220; x_wconf 95' lang='lat'><strong>,</strong></span> <span class='ocrx_word' id='word_1_254' title='bbox 1559 2154 1857 2223; x_wconf 85' lang='lat' dir='ltr'><strong>turgidum.</strong></span> <span class='ocrx_word' id='word_1_255' title='bbox 1888 2155 1985 2222; x_wconf 88' lang='lat' dir='ltr'><strong>hy-</strong></span> 
     </span>
    </p>
   </div>
   <div class='ocr_carea' id='block_1_37' title="bbox 414 2242 1982 2316">
    <p class='ocr_par' dir='ltr' id='par_1_37' title="bbox 414 2242 1982 2316">
     <span class='ocr_line' id='line_1_37' title="bbox 414 2242 1982 2316; baseline -0.004 -15"><span class='ocrx_word' id='word_1_256' title='bbox 414 2246 773 2316; x_wconf 88' lang='lat' dir='ltr'><strong>perbolicum.</strong></span> <span class='ocrx_word' id='word_1_257' title='bbox 807 2243 1155 2313; x_wconf 86' lang='lat' dir='ltr'><strong>Supcrlativa</strong></span> <span class='ocrx_word' id='word_1_258' title='bbox 1182 2244 1282 2313; x_wconf 91' lang='lat' dir='ltr'><strong>ipsi</strong></span> <span class='ocrx_word' id='word_1_259' title='bbox 1319 2258 1425 2297; x_wconf 92' lang='lat' dir='ltr'><strong>non</strong></span> <span class='ocrx_word' id='word_1_260' title='bbox 1462 2242 1757 2306; x_wconf 79' lang='lat' dir='ltr'><strong>sufﬁciunt,</strong></span> <span class='ocrx_word' id='word_1_261' title='bbox 1788 2243 1882 2297; x_wconf 90' lang='lat' dir='ltr'><strong>sed</strong></span> <span class='ocrx_word' id='word_1_262' title='bbox 1920 2258 1982 2297; x_wconf 86' lang='lat' dir='ltr'><strong>ea</strong></span> 
     </span>
    </p>
   </div>
   <div class='ocr_carea' id='block_1_38' title="bbox 414 2333 1984 2405">
    <p class='ocr_par' dir='ltr' id='par_1_38' title="bbox 414 2333 1984 2405">
     <span class='ocr_line' id='line_1_38' title="bbox 414 2333 1984 2405; baseline -0.001 -16"><span class='ocrx_word' id='word_1_263' title='bbox 414 2347 623 2389; x_wconf 90' lang='lat' dir='ltr'><strong>tantum</strong></span> <span class='ocrx_word' id='word_1_264' title='bbox 658 2344 921 2405; x_wconf 90' lang='lat' dir='ltr'><strong>quantum</strong></span> <span class='ocrx_word' id='word_1_265' title='bbox 953 2343 1130 2403; x_wconf 91' lang='lat' dir='ltr'><strong>potest</strong></span> <span class='ocrx_word' id='word_1_266' title='bbox 1155 2346 1209 2389; x_wconf 92' lang='lat' dir='ltr'><strong>et</strong></span> <span class='ocrx_word' id='word_1_267' title='bbox 1251 2345 1415 2402; x_wconf 90' lang='lat' dir='ltr'><strong>auget</strong></span> <span class='ocrx_word' id='word_1_268' title='bbox 1447 2344 1500 2388; x_wconf 90' lang='lat' dir='ltr'><strong>et</strong></span> <span class='ocrx_word' id='word_1_269' title='bbox 1535 2333 1784 2388; x_wconf 82' lang='lat' dir='ltr'><strong>intendit.</strong></span> <span class='ocrx_word' id='word_1_270' title='bbox 1813 2334 1984 2387; x_wconf 82' lang='lat' dir='ltr'><strong>Voces</strong></span> 
     </span>
    </p>
   </div>
   <div class='ocr_carea' id='block_1_39' title="bbox 417 2425 1981 2492">
    <p class='ocr_par' dir='ltr' id='par_1_39' title="bbox 417 2425 1981 2492">
     <span class='ocr_line' id='line_1_39' title="bbox 417 2425 1981 2492; baseline -0.001 -11"><span class='ocrx_word' id='word_1_271' title='bbox 417 2429 646 2482; x_wconf 86' lang='lat' dir='ltr'><strong>usitatas</strong></span> <span class='ocrx_word' id='word_1_272' title='bbox 666 2467 682 2492; x_wconf 90' lang='lat'><strong>,</strong></span> <span class='ocrx_word' id='word_1_273' title='bbox 710 2440 872 2481; x_wconf 87' lang='lat' dir='ltr'><strong>sacro</strong></span> <span class='ocrx_word' id='word_1_274' title='bbox 903 2428 1179 2480; x_wconf 87' lang='lat' dir='ltr'><strong>nascentis</strong></span> <span class='ocrx_word' id='word_1_275' title='bbox 1207 2425 1463 2480; x_wconf 73' lang='lat' dir='ltr'><strong>Ecclesia:</strong></span> <span class='ocrx_word' id='word_1_276' title='bbox 1500 2440 1597 2478; x_wconf 89' lang='lat' dir='ltr'><strong>usu</strong></span> <span class='ocrx_word' id='word_1_277' title='bbox 1630 2435 1981 2480; x_wconf 89' lang='lat' dir='ltr'><strong>consecratas</strong></span> 
     </span>
    </p>
   </div>
   <div class='ocr_carea' id='block_1_40' title="bbox 414 2514 1983 2588">
    <p class='ocr_par' dir='ltr' id='par_1_40' title="bbox 414 2514 1983 2588">
     <span class='ocr_line' id='line_1_40' title="bbox 414 2514 1983 2588; baseline -0.004 -16"><span class='ocrx_word' id='word_1_278' title='bbox 414 2527 775 2588; x_wconf 83' lang='lat' dir='ltr'><strong>aspernatur,</strong></span> <span class='ocrx_word' id='word_1_279' title='bbox 809 2532 873 2570; x_wconf 89' lang='lat' dir='ltr'><strong>ac</strong></span> <span class='ocrx_word' id='word_1_280' title='bbox 921 2531 1089 2571; x_wconf 90' lang='lat' dir='ltr'><strong>novas</strong></span> <span class='ocrx_word' id='word_1_281' title='bbox 1130 2517 1501 2584; x_wconf 84' lang='lat' dir='ltr'><strong>liaetenusque</strong></span> <span class='ocrx_word' id='word_1_282' title='bbox 1563 2514 1867 2576; x_wconf 90' lang='lat' dir='ltr'><strong>inauditas,</strong></span> <span class='ocrx_word' id='word_1_283' title='bbox 1899 2524 1983 2566; x_wconf 89' lang='lat' dir='ltr'><strong>at-</strong></span> 
     </span>
    </p>
   </div>
   <div class='ocr_carea' id='block_1_41' title="bbox 411 2605 1982 2679">
    <p class='ocr_par' dir='ltr' id='par_1_41' title="bbox 411 2605 1982 2679">
     <span class='ocr_line' id='line_1_41' title="bbox 411 2605 1982 2679; baseline -0.004 -16"><span class='ocrx_word' id='word_1_284' title='bbox 411 2626 519 2679; x_wconf 91' lang='lat' dir='ltr'><strong>que</strong></span> <span class='ocrx_word' id='word_1_285' title='bbox 564 2611 632 2663; x_wconf 88' lang='lat' dir='ltr'><strong>ad</strong></span> <span class='ocrx_word' id='word_1_286' title='bbox 677 2622 928 2677; x_wconf 90' lang='lat' dir='ltr'><strong>pompam</strong></span> <span class='ocrx_word' id='word_1_287' title='bbox 961 2609 1191 2671; x_wconf 84' lang='lat' dir='ltr'><strong>ellictas,</strong></span> <span class='ocrx_word' id='word_1_288' title='bbox 1250 2606 1303 2659; x_wconf 90' lang='lat' dir='ltr'><strong>in</strong></span> <span class='ocrx_word' id='word_1_289' title='bbox 1336 2620 1523 2659; x_wconf 88' lang='lat' dir='ltr'><strong>earum</strong></span> <span class='ocrx_word' id='word_1_290' title='bbox 1558 2605 1737 2659; x_wconf 88' lang='lat' dir='ltr'><strong>locum</strong></span> <span class='ocrx_word' id='word_1_291' title='bbox 1781 2606 1982 2659; x_wconf 83' lang='lat' dir='ltr'><strong>substi-</strong></span> 
     </span>
    </p>
   </div>
   <div class='ocr_carea' id='block_1_42' title="bbox 413 2696 1982 2766">
    <p class='ocr_par' dir='ltr' id='par_1_42' title="bbox 413 2696 1982 2766">
     <span class='ocr_line' id='line_1_42' title="bbox 413 2696 1982 2766; baseline -0.004 -11"><span class='ocrx_word' id='word_1_292' title='bbox 413 2704 540 2757; x_wconf 91' lang='lat' dir='ltr'><strong>tuit.</strong></span> <span class='ocrx_word' id='word_1_293' title='bbox 580 2700 785 2755; x_wconf 86' lang='lat' dir='ltr'><strong>Horum</strong></span> <span class='ocrx_word' id='word_1_294' title='bbox 832 2708 1014 2752; x_wconf 89' lang='lat' dir='ltr'><strong>autem</strong></span> <span class='ocrx_word' id='word_1_295' title='bbox 1050 2698 1293 2752; x_wconf 90' lang='lat' dir='ltr'><strong>omnium</strong></span> <span class='ocrx_word' id='word_1_296' title='bbox 1345 2696 1648 2766; x_wconf 85' lang='lat' dir='ltr'><strong>cataloguin</strong></span> <span class='ocrx_word' id='word_1_297' title='bbox 1685 2706 1982 2750; x_wconf 75' lang='lat' dir='ltr'><strong>contexere</strong></span> 
     </span>
    </p>
   </div>
   <div class='ocr_carea' id='block_1_43' title="bbox 409 2789 1983 2866">
    <p class='ocr_par' dir='ltr' id='par_1_43' title="bbox 409 2789 1983 2866">
     <span class='ocr_line' id='line_1_43' title="bbox 409 2789 1983 2866; baseline -0.006 -17"><span class='ocrx_word' id='word_1_298' title='bbox 409 2809 592 2866; x_wconf 67' lang='lat' dir='ltr'><strong>operae</strong></span> <span class='ocrx_word' id='word_1_299' title='bbox 641 2793 871 2861; x_wconf 88' lang='lat' dir='ltr'><strong>pretium</strong></span> <span class='ocrx_word' id='word_1_300' title='bbox 907 2806 1012 2845; x_wconf 92' lang='lat' dir='ltr'><strong>non</strong></span> <span class='ocrx_word' id='word_1_301' title='bbox 1045 2800 1150 2853; x_wconf 91' lang='lat' dir='ltr'><strong>est,</strong></span> <span class='ocrx_word' id='word_1_302' title='bbox 1182 2789 1623 2859; x_wconf 88' lang='lat' dir='ltr'><strong>quandoquidem</strong></span> <span class='ocrx_word' id='word_1_303' title='bbox 1652 2802 1714 2841; x_wconf 89' lang='lat' dir='ltr'><strong>ea</strong></span> <span class='ocrx_word' id='word_1_304' title='bbox 1766 2803 1873 2842; x_wconf 92' lang='lat' dir='ltr'><strong>uno</strong></span> <span class='ocrx_word' id='word_1_305' title='bbox 1906 2789 1983 2841; x_wconf 86' lang='lat' dir='ltr'><strong>iii-</strong></span> 
     </span>
    </p>
   </div>
   <div class='ocr_carea' id='block_1_44' title="bbox 411 2878 1976 2946">
    <p class='ocr_par' dir='ltr' id='par_1_44' title="bbox 411 2878 1976 2946">
     <span class='ocr_line' id='line_1_44' title="bbox 411 2878 1976 2946; baseline -0.006 -7"><span class='ocrx_word' id='word_1_306' title='bbox 411 2886 550 2939; x_wconf 91' lang='lat' dir='ltr'><strong>tuitu</strong></span> <span class='ocrx_word' id='word_1_307' title='bbox 581 2885 634 2937; x_wconf 90' lang='lat' dir='ltr'><strong>in</strong></span> <span class='ocrx_word' id='word_1_308' title='bbox 659 2882 902 2938; x_wconf 85' lang='lat' dir='ltr'><strong>Corderii</strong></span> <span class='ocrx_word' id='word_1_309' title='bbox 932 2880 1282 2936; x_wconf 76' lang='lat' dir='ltr'><strong>Onomastlco</strong></span> <span class='ocrx_word' id='word_1_310' title='bbox 1300 2886 1461 2946; x_wconf 90' lang='lat' dir='ltr'><strong>atque</strong></span> <span class='ocrx_word' id='word_1_311' title='bbox 1486 2878 1976 2942; x_wconf 79' lang='lat' dir='ltr'><strong>observationibus,</strong></span> 
     </span>
    </p>
   </div>
   <div class='ocr_carea' id='block_1_45' title="bbox 410 2973 1981 3052">
    <p class='ocr_par' dir='ltr' id='par_1_45' title="bbox 410 2973 1981 3052">
     <span class='ocr_line' id='line_1_45' title="bbox 410 2973 1981 3052; baseline -0.004 -17"><span class='ocrx_word' id='word_1_312' title='bbox 410 2980 864 3052; x_wconf 81' lang='lat' dir='ltr'><strong>Dionysianorum</strong></span> <span class='ocrx_word' id='word_1_313' title='bbox 910 2991 1136 3046; x_wconf 82' lang='lat' dir='ltr'><strong>operum</strong></span> <span class='ocrx_word' id='word_1_314' title='bbox 1189 2974 1413 3030; x_wconf 88' lang='lat' dir='ltr'><strong>editioni</strong></span> <span class='ocrx_word' id='word_1_315' title='bbox 1463 2975 1725 3043; x_wconf 85' lang='lat' dir='ltr'><strong>adjectis,</strong></span> <span class='ocrx_word' id='word_1_316' title='bbox 1757 2973 1981 3030; x_wconf 83' lang='lat' dir='ltr'><strong>cuilibet</strong></span> 
     </span>
    </p>
   </div>
   <div class='ocr_carea' id='block_1_46' title="bbox 406 3070 1029 3141">
    <p class='ocr_par' dir='ltr' id='par_1_46' title="bbox 406 3070 1029 3141">
     <span class='ocr_line' id='line_1_46' title="bbox 406 3070 1029 3141; baseline -0.008 -14"><span class='ocrx_word' id='word_1_317' title='bbox 406 3086 636 3127; x_wconf 85' lang='lat' dir='ltr'><strong>cernere</strong></span> <span class='ocrx_word' id='word_1_318' title='bbox 666 3070 903 3141; x_wconf 88' lang='lat' dir='ltr'><strong>proclive</strong></span> <span class='ocrx_word' id='word_1_319' title='bbox 928 3079 1029 3124; x_wconf 92' lang='lat' dir='ltr'><strong>est.</strong></span> 
     </span>
    </p>
   </div>
   <div class='ocr_carea' id='block_1_47' title="bbox 477 3148 2049 3234">
    <p class='ocr_par' dir='ltr' id='par_1_47' title="bbox 477 3148 2049 3234">
     <span class='ocr_line' id='line_1_47' title="bbox 477 3148 2049 3234; baseline -0.005 -15"><span class='ocrx_word' id='word_1_320' title='bbox 477 3164 663 3234; x_wconf 81' lang='lat' dir='ltr'><strong>Neque</strong></span> <span class='ocrx_word' id='word_1_321' title='bbox 715 3163 919 3218; x_wconf 79' lang='lat' dir='ltr'><strong>dixeris</strong></span> <span class='ocrx_word' id='word_1_322' title='bbox 972 3169 1350 3232; x_wconf 88' lang='lat' dir='ltr'><strong>argumentum</strong></span> <span class='ocrx_word' id='word_1_323' title='bbox 1411 3160 1464 3212; x_wconf 94' lang='lat' dir='ltr'><strong>in</strong></span> <span class='ocrx_word' id='word_1_324' title='bbox 1517 3173 1625 3226; x_wconf 93' lang='lat' dir='ltr'><strong>quo</strong></span> <span class='ocrx_word' id='word_1_325' title='bbox 1683 3156 1975 3227; x_wconf 81' lang='lat' dir='ltr'><strong>Dionysius</strong></span> <span class='ocrx_word' id='word_1_326' title='bbox 2006 3148 2049 3170; x_wconf 75' lang='grc'><strong>“⁴</strong></span> 
     </span>
    </p>
   </div>
   <div class='ocr_carea' id='block_1_48' title="bbox 406 3249 1974 3320">
    <p class='ocr_par' dir='ltr' id='par_1_48' title="bbox 406 3249 1974 3320">
     <span class='ocr_line' id='line_1_48' title="bbox 406 3249 1974 3320; baseline -0.006 -10"><span class='ocrx_word' id='word_1_327' title='bbox 406 3257 756 3320; x_wconf 83' lang='lat' dir='ltr'><strong>versabatur,</strong></span> <span class='ocrx_word' id='word_1_328' title='bbox 791 3255 932 3308; x_wconf 91' lang='lat' dir='ltr'><strong>hanc</strong></span> <span class='ocrx_word' id='word_1_329' title='bbox 962 3255 1030 3307; x_wconf 92' lang='lat' dir='ltr'><strong>ab</strong></span> <span class='ocrx_word' id='word_1_330' title='bbox 1051 3268 1117 3307; x_wconf 94' lang='lat' dir='ltr'><strong>eo</strong></span> <span class='ocrx_word' id='word_1_331' title='bbox 1143 3252 1391 3319; x_wconf 76' lang='lat' dir='ltr'><strong>exegisse</strong></span> <span class='ocrx_word' id='word_1_332' title='bbox 1418 3249 1835 3314; x_wconf 87' lang='lat' dir='ltr'><strong>sublimitatem,</strong></span> <span class='ocrx_word' id='word_1_333' title='bbox 1868 3264 1974 3317; x_wconf 92' lang='lat' dir='ltr'><strong>qua</strong></span> 
     </span>
    </p>
   </div>
   <div class='ocr_carea' id='block_1_49' title="bbox 406 3340 1975 3412">
    <p class='ocr_par' dir='ltr' id='par_1_49' title="bbox 406 3340 1975 3412">
     <span class='ocr_line' id='line_1_49' title="bbox 406 3340 1975 3412; baseline -0.006 -10"><span class='ocrx_word' id='word_1_334' title='bbox 406 3357 556 3402; x_wconf 87' lang='lat' dir='ltr'><strong>certe</strong></span> <span class='ocrx_word' id='word_1_335' title='bbox 598 3345 945 3401; x_wconf 86' lang='lat' dir='ltr'><strong>sublimiores</strong></span> <span class='ocrx_word' id='word_1_336' title='bbox 975 3352 1030 3398; x_wconf 93' lang='lat' dir='ltr'><strong>et</strong></span> <span class='ocrx_word' id='word_1_337' title='bbox 1078 3344 1187 3398; x_wconf 89' lang='lat' dir='ltr'><strong>Deo</strong></span> <span class='ocrx_word' id='word_1_338' title='bbox 1239 3342 1514 3412; x_wconf 89' lang='lat' dir='ltr'><strong>digniores</strong></span> <span class='ocrx_word' id='word_1_339' title='bbox 1571 3340 1722 3394; x_wconf 89' lang='lat' dir='ltr'><strong>ideas</strong></span> <span class='ocrx_word' id='word_1_340' title='bbox 1762 3354 1827 3394; x_wconf 89' lang='lat' dir='ltr'><strong>ac</strong></span> <span class='ocrx_word' id='word_1_341' title='bbox 1881 3355 1975 3395; x_wconf 92' lang='lat' dir='ltr'><strong>co-</strong></span> 
     </span>
    </p>
   </div>
   <div class='ocr_carea' id='block_1_50' title="bbox 403 3430 1977 3511">
    <p class='ocr_par' dir='ltr' id='par_1_50' title="bbox 403 3430 1977 3511">
     <span class='ocr_line' id='line_1_50' title="bbox 403 3430 1977 3511; baseline -0.006 -19"><span class='ocrx_word' id='word_1_342' title='bbox 403 3438 697 3511; x_wconf 85' lang='lat' dir='ltr'><strong>gitationes</strong></span> <span class='ocrx_word' id='word_1_343' title='bbox 747 3434 1060 3491; x_wconf 88' lang='lat' dir='ltr'><strong>hominibus</strong></span> <span class='ocrx_word' id='word_1_344' title='bbox 1110 3435 1353 3487; x_wconf 87' lang='lat' dir='ltr'><strong>traderet</strong></span> <span class='ocrx_word' id='word_1_345' title='bbox 1401 3431 1824 3501; x_wconf 90' lang='lat' dir='ltr'><strong>iuspiraretque.</strong></span> <span class='ocrx_word' id='word_1_346' title='bbox 1860 3430 1977 3483; x_wconf 85' lang='lat' dir='ltr'><strong>Pri-</strong></span> 
     </span>
    </p>
   </div>
   <div class='ocr_carea' id='block_1_51' title="bbox 405 3519 1977 3595">
    <p class='ocr_par' dir='ltr' id='par_1_51' title="bbox 405 3519 1977 3595">
     <span class='ocr_line' id='line_1_51' title="bbox 405 3519 1977 3595; baseline -0.007 -11"><span class='ocrx_word' id='word_1_347' title='bbox 405 3546 552 3584; x_wconf 89' lang='lat' dir='ltr'><strong>mum</strong></span> <span class='ocrx_word' id='word_1_348' title='bbox 603 3528 747 3582; x_wconf 90' lang='lat' dir='ltr'><strong>enim</strong></span> <span class='ocrx_word' id='word_1_349' title='bbox 774 3527 825 3581; x_wconf 93' lang='lat' dir='ltr'><strong>id</strong></span> <span class='ocrx_word' id='word_1_350' title='bbox 854 3526 960 3581; x_wconf 90' lang='lat' dir='ltr'><strong>dici</strong></span> <span class='ocrx_word' id='word_1_351' title='bbox 1001 3539 1346 3595; x_wconf 84' lang='lat' dir='ltr'><strong>nequaquam</strong></span> <span class='ocrx_word' id='word_1_352' title='bbox 1380 3530 1558 3592; x_wconf 88' lang='lat' dir='ltr'><strong>potest</strong></span> <span class='ocrx_word' id='word_1_353' title='bbox 1616 3523 1682 3577; x_wconf 92' lang='lat' dir='ltr'><strong>de</strong></span> <span class='ocrx_word' id='word_1_354' title='bbox 1712 3523 1848 3575; x_wconf 88' lang='lat' dir='ltr'><strong>libro</strong></span> <span class='ocrx_word' id='word_1_355' title='bbox 1901 3519 1977 3573; x_wconf 86' lang='lat' dir='ltr'><strong>De</strong></span> 
     </span>
    </p>
   </div>
   <div class='ocr_carea' id='block_1_52' title="bbox 402 3615 1974 3683">
    <p class='ocr_par' dir='ltr' id='par_1_52' title="bbox 402 3615 1974 3683">
     <span class='ocr_line' id='line_1_52' title="bbox 402 3615 1974 3683; baseline -0.006 -8"><span class='ocrx_word' id='word_1_356' title='bbox 402 3619 701 3676; x_wconf 78' lang='lat' dir='ltr'><strong>hierarcltia</strong></span> <span class='ocrx_word' id='word_1_357' title='bbox 734 3618 1121 3683; x_wconf 77' lang='lat' dir='ltr'><strong>ecclesiastica,</strong></span> <span class='ocrx_word' id='word_1_358' title='bbox 1152 3617 1241 3672; x_wconf 89' lang='lat' dir='ltr'><strong>ubi</strong></span> <span class='ocrx_word' id='word_1_359' title='bbox 1290 3615 1378 3670; x_wconf 93' lang='lat' dir='ltr'><strong>ille</strong></span> <span class='ocrx_word' id='word_1_360' title='bbox 1410 3616 1649 3683; x_wconf 88' lang='lat' dir='ltr'><strong>disputat</strong></span> <span class='ocrx_word' id='word_1_361' title='bbox 1694 3618 1759 3669; x_wconf 91' lang='lat' dir='ltr'><strong>de</strong></span> <span class='ocrx_word' id='word_1_362' title='bbox 1785 3628 1974 3668; x_wconf 86' lang='lat' dir='ltr'><strong>sacra-</strong></span> 
     </span>
    </p>
   </div>
   <div class='ocr_carea' id='block_1_53' title="bbox 405 3708 1977 3778">
    <p class='ocr_par' dir='ltr' id='par_1_53' title="bbox 405 3708 1977 3778">
     <span class='ocr_line' id='line_1_53' title="bbox 405 3708 1977 3778; baseline -0.003 -12"><span class='ocrx_word' id='word_1_363' title='bbox 405 3710 603 3767; x_wconf 85' lang='lat' dir='ltr'><strong>mentis</strong></span> <span class='ocrx_word' id='word_1_364' title='bbox 632 3712 911 3777; x_wconf 88' lang='lat' dir='ltr'><strong>sacrisque</strong></span> <span class='ocrx_word' id='word_1_365' title='bbox 972 3709 1167 3763; x_wconf 83' lang='lat' dir='ltr'><strong>ritibus</strong></span> <span class='ocrx_word' id='word_1_366' title='bbox 1197 3722 1317 3778; x_wconf 77' lang='lat' dir='ltr'><strong>qua&#39;:</strong></span> <span class='ocrx_word' id='word_1_367' title='bbox 1348 3709 1671 3777; x_wconf 88' lang='lat' dir='ltr'><strong>quotidiano</strong></span> <span class='ocrx_word' id='word_1_368' title='bbox 1724 3723 1821 3763; x_wconf 89' lang='lat' dir='ltr'><strong>usu</strong></span> <span class='ocrx_word' id='word_1_369' title='bbox 1869 3708 1977 3762; x_wconf 86' lang='lat' dir='ltr'><strong>Ire-</strong></span> 
     </span>
    </p>
   </div>
   <div class='ocr_carea' id='block_1_54' title="bbox 402 3798 1974 3871">
    <p class='ocr_par' dir='ltr' id='par_1_54' title="bbox 402 3798 1974 3871">
     <span class='ocr_line' id='line_1_54' title="bbox 402 3798 1974 3871; baseline -0.003 -15"><span class='ocrx_word' id='word_1_370' title='bbox 402 3801 825 3871; x_wconf 88' lang='lat' dir='ltr'><strong>quentabantur,</strong></span> <span class='ocrx_word' id='word_1_371' title='bbox 855 3813 1081 3867; x_wconf 65' lang='lat' dir='ltr'><strong>quaeque</strong></span> <span class='ocrx_word' id='word_1_372' title='bbox 1109 3798 1345 3868; x_wconf 88' lang='lat' dir='ltr'><strong>simplici</strong></span> <span class='ocrx_word' id='word_1_373' title='bbox 1374 3798 1734 3869; x_wconf 87' lang='lat' dir='ltr'><strong>popularique</strong></span> <span class='ocrx_word' id='word_1_374' title='bbox 1762 3798 1974 3852; x_wconf 88' lang='lat' dir='ltr'><strong>metho-</strong></span> 
     </span>
    </p>
   </div>
   <div class='ocr_carea' id='block_1_55' title="bbox 405 3889 1971 3959">
    <p class='ocr_par' dir='ltr' id='par_1_55' title="bbox 405 3889 1971 3959">
     <span class='ocr_line' id='line_1_55' title="bbox 405 3889 1971 3959; baseline -0.002 -12"><span class='ocrx_word' id='word_1_375' title='bbox 405 3897 477 3947; x_wconf 92' lang='lat' dir='ltr'><strong>do</strong></span> <span class='ocrx_word' id='word_1_376' title='bbox 507 3890 833 3946; x_wconf 87' lang='lat' dir='ltr'><strong>tardioribus</strong></span> <span class='ocrx_word' id='word_1_377' title='bbox 858 3891 1184 3945; x_wconf 89' lang='lat' dir='ltr'><strong>Christianis</strong></span> <span class='ocrx_word' id='word_1_378' title='bbox 1217 3904 1374 3959; x_wconf 75' lang='lat' dir='ltr'><strong>teque</strong></span> <span class='ocrx_word' id='word_1_379' title='bbox 1408 3905 1473 3943; x_wconf 91' lang='lat' dir='ltr'><strong>ac</strong></span> <span class='ocrx_word' id='word_1_380' title='bbox 1497 3889 1849 3957; x_wconf 87' lang='lat' dir='ltr'><strong>peritioribus</strong></span> <span class='ocrx_word' id='word_1_381' title='bbox 1875 3893 1971 3944; x_wconf 88' lang='lat' dir='ltr'><strong>de-</strong></span> 
     </span>
    </p>
   </div>
   <div class='ocr_carea' id='block_1_56' title="bbox 404 3984 1976 4055">
    <p class='ocr_par' dir='ltr' id='par_1_56' title="bbox 404 3984 1976 4055">
     <span class='ocr_line' id='line_1_56' title="bbox 404 3984 1976 4055; baseline -0.004 -13"><span class='ocrx_word' id='word_1_382' title='bbox 404 3987 610 4042; x_wconf 84' lang='lat' dir='ltr'><strong>bebant</strong></span> <span class='ocrx_word' id='word_1_383' title='bbox 661 3984 949 4055; x_wconf 81' lang='lat' dir='ltr'><strong>explicari.</strong></span> <span class='ocrx_word' id='word_1_384' title='bbox 1006 3984 1210 4039; x_wconf 91' lang='lat' dir='ltr'><strong>Deinde</strong></span> <span class='ocrx_word' id='word_1_385' title='bbox 1251 3984 1539 4039; x_wconf 88' lang='lat' dir='ltr'><strong>consilium</strong></span> <span class='ocrx_word' id='word_1_386' title='bbox 1592 3985 1830 4039; x_wconf 90' lang='lat' dir='ltr'><strong>auctoris</strong></span> <span class='ocrx_word' id='word_1_387' title='bbox 1878 4000 1976 4036; x_wconf 82' lang='lat' dir='ltr'><strong>no-</strong></span> 
     </span>
    </p>
   </div>
   <div class='ocr_carea' id='block_1_57' title="bbox 402 4074 1974 4141">
    <p class='ocr_par' dir='ltr' id='par_1_57' title="bbox 402 4074 1974 4141">
     <span class='ocr_line' id='line_1_57' title="bbox 402 4074 1974 4141; baseline -0.004 -8"><span class='ocrx_word' id='word_1_388' title='bbox 402 4078 529 4141; x_wconf 88' lang='lat' dir='ltr'><strong>stri,</strong></span> <span class='ocrx_word' id='word_1_389' title='bbox 552 4078 628 4131; x_wconf 92' lang='lat' dir='ltr'><strong>uti</strong></span> <span class='ocrx_word' id='word_1_390' title='bbox 650 4075 1081 4141; x_wconf 88' lang='lat' dir='ltr'><strong>observavimus,</strong></span> <span class='ocrx_word' id='word_1_391' title='bbox 1102 4085 1222 4130; x_wconf 91' lang='lat' dir='ltr'><strong>erat</strong></span> <span class='ocrx_word' id='word_1_392' title='bbox 1244 4075 1329 4129; x_wconf 87' lang='lat' dir='ltr'><strong>liis</strong></span> <span class='ocrx_word' id='word_1_393' title='bbox 1361 4076 1415 4128; x_wconf 91' lang='lat' dir='ltr'><strong>in</strong></span> <span class='ocrx_word' id='word_1_394' title='bbox 1430 4074 1584 4129; x_wconf 91' lang='lat' dir='ltr'><strong>libris</strong></span> <span class='ocrx_word' id='word_1_395' title='bbox 1605 4075 1819 4129; x_wconf 88' lang='lat' dir='ltr'><strong>clariori</strong></span> <span class='ocrx_word' id='word_1_396' title='bbox 1844 4075 1974 4128; x_wconf 89' lang='lat' dir='ltr'><strong>sim-</strong></span> 
     </span>
    </p>
   </div>
   <div class='ocr_carea' id='block_1_58' title="bbox 408 4167 1973 4241">
    <p class='ocr_par' dir='ltr' id='par_1_58' title="bbox 408 4167 1973 4241">
     <span class='ocr_line' id='line_1_58' title="bbox 408 4167 1973 4241; baseline -0.003 -16"><span class='ocrx_word' id='word_1_397' title='bbox 408 4170 734 4241; x_wconf 90' lang='lat' dir='ltr'><strong>pliciorique</strong></span> <span class='ocrx_word' id='word_1_398' title='bbox 756 4170 1003 4223; x_wconf 89' lang='lat' dir='ltr'><strong>oratione</strong></span> <span class='ocrx_word' id='word_1_399' title='bbox 1041 4181 1105 4221; x_wconf 89' lang='lat' dir='ltr'><strong>ea</strong></span> <span class='ocrx_word' id='word_1_400' title='bbox 1147 4167 1478 4223; x_wconf 86' lang='lat' dir='ltr'><strong>Christianis</strong></span> <span class='ocrx_word' id='word_1_401' title='bbox 1508 4168 1686 4221; x_wconf 87' lang='lat' dir='ltr'><strong>minus</strong></span> <span class='ocrx_word' id='word_1_402' title='bbox 1716 4168 1973 4235; x_wconf 86' lang='lat' dir='ltr'><strong>perfectis</strong></span> 
     </span>
    </p>
   </div>
   <div class='ocr_carea' id='block_1_59' title="bbox 403 4257 1970 4332">
    <p class='ocr_par' dir='ltr' id='par_1_59' title="bbox 403 4257 1970 4332">
     <span class='ocr_line' id='line_1_59' title="bbox 403 4257 1970 4332; baseline -0.003 -16"><span class='ocrx_word' id='word_1_403' title='bbox 403 4275 707 4332; x_wconf 78' lang='lat' dir='ltr'><strong>exponere,</strong></span> <span class='ocrx_word' id='word_1_404' title='bbox 735 4260 935 4329; x_wconf 88' lang='lat' dir='ltr'><strong>quibus</strong></span> <span class='ocrx_word' id='word_1_405' title='bbox 977 4258 1335 4323; x_wconf 90' lang='lat' dir='ltr'><strong>Ilierotheus,</strong></span> <span class='ocrx_word' id='word_1_406' title='bbox 1368 4266 1670 4328; x_wconf 59' lang='lat' dir='ltr'><strong>praeceptor</strong></span> <span class='ocrx_word' id='word_1_407' title='bbox 1696 4257 1811 4325; x_wconf 88' lang='lat' dir='ltr'><strong>ejus</strong></span> <span class='ocrx_word' id='word_1_408' title='bbox 1830 4298 1844 4321; x_wconf 90' lang='lat'><strong>,</strong></span> <span class='ocrx_word' id='word_1_409' title='bbox 1878 4276 1970 4313; x_wconf 85' lang='lat' dir='ltr'><strong>su—</strong></span> 
     </span>
    </p>
   </div>
   <div class='ocr_carea' id='block_1_60' title="bbox 400 4350 1971 4418">
    <p class='ocr_par' dir='ltr' id='par_1_60' title="bbox 400 4350 1971 4418">
     <span class='ocr_line' id='line_1_60' title="bbox 400 4350 1971 4418; baseline -0.003 -10"><span class='ocrx_word' id='word_1_410' title='bbox 400 4354 637 4408; x_wconf 86' lang='lat' dir='ltr'><strong>blimiori</strong></span> <span class='ocrx_word' id='word_1_411' title='bbox 688 4362 743 4407; x_wconf 91' lang='lat' dir='ltr'><strong>et</strong></span> <span class='ocrx_word' id='word_1_412' title='bbox 788 4350 1091 4406; x_wconf 85' lang='lat' dir='ltr'><strong>obscuriori</strong></span> <span class='ocrx_word' id='word_1_413' title='bbox 1140 4351 1415 4405; x_wconf 89' lang='lat' dir='ltr'><strong>scribendi</strong></span> <span class='ocrx_word' id='word_1_414' title='bbox 1452 4364 1649 4418; x_wconf 85' lang='lat' dir='ltr'><strong>genere</strong></span> <span class='ocrx_word' id='word_1_415' title='bbox 1698 4350 1971 4418; x_wconf 86' lang='lat' dir='ltr'><strong>perfectos</strong></span> 
     </span>
    </p>
   </div>
   <div class='ocr_carea' id='block_1_61' title="bbox 404 4440 1964 4513">
    <p class='ocr_par' dir='ltr' id='par_1_61' title="bbox 404 4440 1964 4513">
     <span class='ocr_line' id='line_1_61' title="bbox 404 4440 1964 4513; baseline -0.006 -11"><span class='ocrx_word' id='word_1_416' title='bbox 404 4447 697 4503; x_wconf 83' lang='lat' dir='ltr'><strong>imbuerat.</strong></span> <span class='ocrx_word' id='word_1_417' title='bbox 722 4444 919 4500; x_wconf 86' lang='lat' dir='ltr'><strong>Debuit</strong></span> <span class='ocrx_word' id='word_1_418' title='bbox 961 4444 1125 4513; x_wconf 84' lang='lat' dir='ltr'><strong>igitur</strong></span> <span class='ocrx_word' id='word_1_419' title='bbox 1158 4444 1251 4497; x_wconf 93' lang='lat' dir='ltr'><strong>ille</strong></span> <span class='ocrx_word' id='word_1_420' title='bbox 1278 4442 1419 4513; x_wconf 83' lang='lat' dir='ltr'><strong>stylo</strong></span> <span class='ocrx_word' id='word_1_421' title='bbox 1450 4442 1691 4497; x_wconf 89' lang='lat' dir='ltr'><strong>scribere</strong></span> <span class='ocrx_word' id='word_1_422' title='bbox 1719 4440 1964 4511; x_wconf 84' lang='lat' dir='ltr'><strong>populari</strong></span> 
     </span>
    </p>
   </div>
   <div class='ocr_carea' id='block_1_62' title="bbox 402 4534 1869 4604">
    <p class='ocr_par' dir='ltr' id='par_1_62' title="bbox 402 4534 1869 4604">
     <span class='ocr_line' id='line_1_62' title="bbox 402 4534 1869 4604; baseline -0.003 -16"><span class='ocrx_word' id='word_1_423' title='bbox 402 4546 459 4589; x_wconf 92' lang='lat' dir='ltr'><strong>et</strong></span> <span class='ocrx_word' id='word_1_424' title='bbox 484 4536 667 4604; x_wconf 90' lang='lat' dir='ltr'><strong>plano,</strong></span> <span class='ocrx_word' id='word_1_425' title='bbox 705 4535 997 4604; x_wconf 84' lang='lat' dir='ltr'><strong>verbisque</strong></span> <span class='ocrx_word' id='word_1_426' title='bbox 1017 4537 1096 4589; x_wconf 87' lang='lat' dir='ltr'><strong>uti</strong></span> <span class='ocrx_word' id='word_1_427' title='bbox 1125 4536 1359 4603; x_wconf 85' lang='lat' dir='ltr'><strong>receptis</strong></span> <span class='ocrx_word' id='word_1_428' title='bbox 1387 4543 1442 4586; x_wconf 92' lang='lat' dir='ltr'><strong>et</strong></span> <span class='ocrx_word' id='word_1_429' title='bbox 1471 4534 1869 4587; x_wconf 90' lang='lat' dir='ltr'><strong>communibus.</strong></span> 
     </span>
    </p>
   </div>
   <div class='ocr_carea' id='block_1_63' title="bbox 474 4623 1968 4701">
    <p class='ocr_par' dir='ltr' id='par_1_63' title="bbox 474 4623 1968 4701">
     <span class='ocr_line' id='line_1_63' title="bbox 474 4623 1968 4701; baseline -0.004 -18"><span class='ocrx_word' id='word_1_430' title='bbox 474 4630 633 4686; x_wconf 90' lang='lat' dir='ltr'><strong>Dices</strong></span> <span class='ocrx_word' id='word_1_431' title='bbox 684 4630 940 4701; x_wconf 89' lang='lat' dir='ltr'><strong>Dionysio</strong></span> <span class='ocrx_word' id='word_1_432' title='bbox 973 4628 1201 4683; x_wconf 90' lang='lat' dir='ltr'><strong>forsitan</strong></span> <span class='ocrx_word' id='word_1_433' title='bbox 1235 4628 1377 4681; x_wconf 87' lang='lat' dir='ltr'><strong>idem</strong></span> <span class='ocrx_word' id='word_1_434' title='bbox 1415 4626 1682 4680; x_wconf 90' lang='lat' dir='ltr'><strong>accidisse</strong></span> <span class='ocrx_word' id='word_1_435' title='bbox 1734 4639 1798 4679; x_wconf 89' lang='lat' dir='ltr'><strong>ac</strong></span> <span class='ocrx_word' id='word_1_436' title='bbox 1832 4623 1968 4678; x_wconf 78' lang='lat' dir='ltr'><strong>Ter-</strong></span> 
     </span>
    </p>
   </div>
   <div class='ocr_carea' id='block_1_64' title="bbox 403 4718 1969 4791">
    <p class='ocr_par' dir='ltr' id='par_1_64' title="bbox 403 4718 1969 4791">
     <span class='ocr_line' id='line_1_64' title="bbox 403 4718 1969 4791; baseline -0.004 -15"><span class='ocrx_word' id='word_1_437' title='bbox 403 4723 628 4778; x_wconf 90' lang='lat' dir='ltr'><strong>tulliano</strong></span> <span class='ocrx_word' id='word_1_438' title='bbox 676 4723 910 4791; x_wconf 89' lang='lat' dir='ltr'><strong>aliisque</strong></span> <span class='ocrx_word' id='word_1_439' title='bbox 966 4720 1321 4789; x_wconf 86' lang='lat' dir='ltr'><strong>scriptoribus</strong></span> <span class='ocrx_word' id='word_1_440' title='bbox 1380 4718 1652 4774; x_wconf 87' lang='lat' dir='ltr'><strong>nonnullis</strong></span> <span class='ocrx_word' id='word_1_441' title='bbox 1687 4759 1701 4783; x_wconf 94' lang='lat'><strong>,</strong></span> <span class='ocrx_word' id='word_1_442' title='bbox 1746 4720 1836 4787; x_wconf 92' lang='lat' dir='ltr'><strong>qui</strong></span> <span class='ocrx_word' id='word_1_443' title='bbox 1865 4758 1881 4784; x_wconf 88' lang='lat'><strong>,</strong></span> <span class='ocrx_word' id='word_1_444' title='bbox 1912 4736 1969 4770; x_wconf 87' lang='lat' dir='ltr'><strong>a-</strong></span> 
     </span>
    </p>
   </div>
   <div class='ocr_carea' id='block_1_65' title="bbox 400 4812 1967 4884">
    <p class='ocr_par' dir='ltr' id='par_1_65' title="bbox 400 4812 1967 4884">
     <span class='ocr_line' id='line_1_65' title="bbox 400 4812 1967 4884; baseline -0.002 -16"><span class='ocrx_word' id='word_1_445' title='bbox 400 4815 598 4869; x_wconf 91' lang='lat' dir='ltr'><strong>crioris</strong></span> <span class='ocrx_word' id='word_1_446' title='bbox 628 4814 829 4884; x_wconf 88' lang='lat' dir='ltr'><strong>ingenii</strong></span> <span class='ocrx_word' id='word_1_447' title='bbox 864 4815 987 4882; x_wconf 85' lang='lat' dir='ltr'><strong>igne</strong></span> <span class='ocrx_word' id='word_1_448' title='bbox 1019 4813 1250 4881; x_wconf 75' lang='lat' dir='ltr'><strong>abrepti,</strong></span> <span class='ocrx_word' id='word_1_449' title='bbox 1285 4812 1456 4867; x_wconf 84' lang='lat' dir='ltr'><strong>libros</strong></span> <span class='ocrx_word' id='word_1_450' title='bbox 1504 4827 1636 4868; x_wconf 80' lang='lat' dir='ltr'><strong>suos</strong></span> <span class='ocrx_word' id='word_1_451' title='bbox 1668 4814 1810 4882; x_wconf 88' lang='lat' dir='ltr'><strong>stylo</strong></span> <span class='ocrx_word' id='word_1_452' title='bbox 1836 4828 1967 4867; x_wconf 82' lang='lat' dir='ltr'><strong>exa-</strong></span> 
     </span>
    </p>
   </div>
   <div class='ocr_carea' id='block_1_66' title="bbox 404 4903 1967 4977">
    <p class='ocr_par' dir='ltr' id='par_1_66' title="bbox 404 4903 1967 4977">
     <span class='ocr_line' id='line_1_66' title="bbox 404 4903 1967 4977; baseline -0.005 -12"><span class='ocrx_word' id='word_1_453' title='bbox 404 4917 665 4965; x_wconf 85' lang='lat' dir='ltr'><strong>raverunt</strong></span> <span class='ocrx_word' id='word_1_454' title='bbox 698 4906 994 4977; x_wconf 89' lang='lat' dir='ltr'><strong>singulari,</strong></span> <span class='ocrx_word' id='word_1_455' title='bbox 1035 4905 1323 4974; x_wconf 88' lang='lat' dir='ltr'><strong>verbisque</strong></span> <span class='ocrx_word' id='word_1_456' title='bbox 1376 4904 1457 4958; x_wconf 88' lang='lat' dir='ltr'><strong>usi</strong></span> <span class='ocrx_word' id='word_1_457' title='bbox 1510 4912 1638 4958; x_wconf 88' lang='lat' dir='ltr'><strong>sunt</strong></span> <span class='ocrx_word' id='word_1_458' title='bbox 1694 4903 1967 4957; x_wconf 82' lang='lat' dir='ltr'><strong>inusitatis</strong></span> 
     </span>
    </p>
   </div>
   <div class='ocr_carea' id='block_1_67' title="bbox 399 4996 1970 5068">
    <p class='ocr_par' dir='ltr' id='par_1_67' title="bbox 399 4996 1970 5068">
     <span class='ocr_line' id='line_1_67' title="bbox 399 4996 1970 5068; baseline -0.002 -14"><span class='ocrx_word' id='word_1_459' title='bbox 399 5015 466 5054; x_wconf 87' lang='lat' dir='ltr'><strong>ac</strong></span> <span class='ocrx_word' id='word_1_460' title='bbox 503 4999 662 5068; x_wconf 80' lang='lat' dir='ltr'><strong>plane</strong></span> <span class='ocrx_word' id='word_1_461' title='bbox 694 4999 1075 5054; x_wconf 85' lang='lat' dir='ltr'><strong>insolentibus.</strong></span> <span class='ocrx_word' id='word_1_462' title='bbox 1108 4998 1306 5053; x_wconf 78' lang='lat' dir='ltr'><strong>Verum</strong></span> <span class='ocrx_word' id='word_1_463' title='bbox 1359 5008 1780 5065; x_wconf 91' lang='lat' dir='ltr'><strong>quantocunque</strong></span> <span class='ocrx_word' id='word_1_464' title='bbox 1844 4996 1970 5065; x_wconf 89' lang='lat' dir='ltr'><strong>igne</strong></span> 
     </span>
    </p>
   </div>
   <div class='ocr_carea' id='block_1_68' title="bbox 396 5086 1969 5162">
    <p class='ocr_par' dir='ltr' id='par_1_68' title="bbox 396 5086 1969 5162">
     <span class='ocr_line' id='line_1_68' title="bbox 396 5086 1969 5162; baseline -0.008 -8"><span class='ocrx_word' id='word_1_465' title='bbox 396 5099 681 5154; x_wconf 78' lang='lat' dir='ltr'><strong>incensum</strong></span> <span class='ocrx_word' id='word_1_466' title='bbox 712 5094 879 5149; x_wconf 85' lang='lat' dir='ltr'><strong>fuerit</strong></span> <span class='ocrx_word' id='word_1_467' title='bbox 908 5086 1155 5162; x_wconf 84' lang='lat' dir='ltr'><strong>Dionysii</strong></span> <span class='ocrx_word' id='word_1_468' title='bbox 1183 5092 1521 5161; x_wconf 66' lang='lat' dir='ltr'><strong>Areopagitae</strong></span> <span class='ocrx_word' id='word_1_469' title='bbox 1548 5099 1755 5159; x_wconf 79' lang='lat' dir='ltr'><strong>pectus,</strong></span> <span class='ocrx_word' id='word_1_470' title='bbox 1783 5090 1830 5147; x_wconf 89' lang='lat' dir='ltr'><strong>is</strong></span> <span class='ocrx_word' id='word_1_471' title='bbox 1880 5103 1969 5143; x_wconf 86' lang='lat' dir='ltr'><strong>sa-</strong></span> 
     </span>
    </p>
   </div>
   <div class='ocr_carea' id='block_1_69' title="bbox 397 5182 1969 5252">
    <p class='ocr_par' dir='ltr' id='par_1_69' title="bbox 397 5182 1969 5252">
     <span class='ocr_line' id='line_1_69' title="bbox 397 5182 1969 5252; baseline -0.006 -9"><span class='ocrx_word' id='word_1_472' title='bbox 397 5202 468 5243; x_wconf 93' lang='lat' dir='ltr'><strong>ne</strong></span> <span class='ocrx_word' id='word_1_473' title='bbox 494 5197 605 5242; x_wconf 90' lang='lat' dir='ltr'><strong>tam</strong></span> <span class='ocrx_word' id='word_1_474' title='bbox 654 5185 969 5240; x_wconf 87' lang='lat' dir='ltr'><strong>immaniter</strong></span> <span class='ocrx_word' id='word_1_475' title='bbox 996 5199 1025 5236; x_wconf 91' lang='lat' dir='ltr'><strong>a</strong></span> <span class='ocrx_word' id='word_1_476' title='bbox 1078 5197 1242 5252; x_wconf 89' lang='lat' dir='ltr'><strong>scopo</strong></span> <span class='ocrx_word' id='word_1_477' title='bbox 1272 5198 1381 5239; x_wconf 92' lang='lat' dir='ltr'><strong>non</strong></span> <span class='ocrx_word' id='word_1_478' title='bbox 1418 5182 1594 5252; x_wconf 89' lang='lat' dir='ltr'><strong>potuit</strong></span> <span class='ocrx_word' id='word_1_479' title='bbox 1620 5183 1880 5236; x_wconf 86' lang='lat' dir='ltr'><strong>aberrare</strong></span> <span class='ocrx_word' id='word_1_480' title='bbox 1910 5190 1969 5234; x_wconf 90' lang='lat' dir='ltr'><strong>ut</strong></span> 
     </span>
    </p>
   </div>
   <div class='ocr_carea' id='block_1_70' title="bbox 399 5274 1969 5348">
    <p class='ocr_par' dir='ltr' id='par_1_70' title="bbox 399 5274 1969 5348">
     <span class='ocr_line' id='line_1_70' title="bbox 399 5274 1969 5348; baseline -0.008 -10"><span class='ocrx_word' id='word_1_481' title='bbox 399 5286 453 5338; x_wconf 91' lang='lat' dir='ltr'><strong>in</strong></span> <span class='ocrx_word' id='word_1_482' title='bbox 495 5282 652 5337; x_wconf 91' lang='lat' dir='ltr'><strong>libris</strong></span> <span class='ocrx_word' id='word_1_483' title='bbox 676 5295 813 5348; x_wconf 89' lang='lat' dir='ltr'><strong>quos</strong></span> <span class='ocrx_word' id='word_1_484' title='bbox 866 5277 1295 5345; x_wconf 87' lang='lat' dir='ltr'><strong>simplicioribus</strong></span> <span class='ocrx_word' id='word_1_485' title='bbox 1334 5274 1659 5329; x_wconf 87' lang='lat' dir='ltr'><strong>Christianis</strong></span> <span class='ocrx_word' id='word_1_486' title='bbox 1686 5275 1969 5343; x_wconf 89' lang='lat' dir='ltr'><strong>minusque</strong></span> 
     </span>
    </p>
   </div>
   <div class='ocr_carea' id='block_1_71' title="bbox 394 5367 1965 5444">
    <p class='ocr_par' dir='ltr' id='par_1_71' title="bbox 394 5367 1965 5444">
     <span class='ocr_line' id='line_1_71' title="bbox 394 5367 1965 5444; baseline -0.007 -16"><span class='ocrx_word' id='word_1_487' title='bbox 394 5373 657 5444; x_wconf 87' lang='lat' dir='ltr'><strong>perfectis</strong></span> <span class='ocrx_word' id='word_1_488' title='bbox 687 5371 997 5435; x_wconf 89' lang='lat' dir='ltr'><strong>scribebat,</strong></span> <span class='ocrx_word' id='word_1_489' title='bbox 1030 5378 1235 5423; x_wconf 88' lang='lat' dir='ltr'><strong>tantam</strong></span> <span class='ocrx_word' id='word_1_490' title='bbox 1267 5370 1532 5423; x_wconf 86' lang='lat' dir='ltr'><strong>orationis</strong></span> <span class='ocrx_word' id='word_1_491' title='bbox 1574 5367 1965 5421; x_wconf 90' lang='lat' dir='ltr'><strong>sublimitatem</strong></span> 
     </span>
    </p>
   </div>
   <div class='ocr_carea' id='block_1_72' title="bbox 394 5457 1968 5535">
    <p class='ocr_par' dir='ltr' id='par_1_72' title="bbox 394 5457 1968 5535">
     <span class='ocr_line' id='line_1_72' title="bbox 394 5457 1968 5535; baseline -0.006 -17"><span class='ocrx_word' id='word_1_492' title='bbox 394 5476 451 5518; x_wconf 94' lang='lat' dir='ltr'><strong>et</strong></span> <span class='ocrx_word' id='word_1_493' title='bbox 475 5463 1006 5535; x_wconf 81' lang='lat' dir='ltr'><strong>grandiloquentiam</strong></span> <span class='ocrx_word' id='word_1_494' title='bbox 1049 5462 1250 5530; x_wconf 88' lang='lat' dir='ltr'><strong>ubique</strong></span> <span class='ocrx_word' id='word_1_495' title='bbox 1281 5458 1584 5513; x_wconf 73' lang='lat' dir='ltr'><strong>aliectaret.</strong></span> <span class='ocrx_word' id='word_1_496' title='bbox 1639 5457 1746 5512; x_wconf 88' lang='lat' dir='ltr'><strong>Sed</strong></span> <span class='ocrx_word' id='word_1_497' title='bbox 1774 5460 1850 5511; x_wconf 90' lang='lat' dir='ltr'><strong>sic</strong></span> <span class='ocrx_word' id='word_1_498' title='bbox 1877 5474 1968 5512; x_wconf 86' lang='lat' dir='ltr'><strong>er-</strong></span> 
     </span>
    </p>
   </div>
   <div class='ocr_carea' id='block_1_73' title="bbox 393 5550 1968 5623">
    <p class='ocr_par' dir='ltr' id='par_1_73' title="bbox 393 5550 1968 5623">
     <span class='ocr_line' id='line_1_73' title="bbox 393 5550 1968 5623; baseline -0.008 -11"><span class='ocrx_word' id='word_1_499' title='bbox 393 5571 519 5613; x_wconf 83' lang='lat' dir='ltr'><strong>rare</strong></span> <span class='ocrx_word' id='word_1_500' title='bbox 565 5555 788 5623; x_wconf 81' lang='lat' dir='ltr'><strong>fallique</strong></span> <span class='ocrx_word' id='word_1_501' title='bbox 808 5552 1157 5609; x_wconf 89' lang='lat' dir='ltr'><strong>solentmale</strong></span> <span class='ocrx_word' id='word_1_502' title='bbox 1204 5552 1382 5607; x_wconf 89' lang='lat' dir='ltr'><strong>feriati</strong></span> <span class='ocrx_word' id='word_1_503' title='bbox 1433 5551 1703 5615; x_wconf 89' lang='lat' dir='ltr'><strong>homines,</strong></span> <span class='ocrx_word' id='word_1_504' title='bbox 1746 5550 1839 5619; x_wconf 90' lang='lat' dir='ltr'><strong>qui</strong></span> <span class='ocrx_word' id='word_1_505' title='bbox 1872 5563 1968 5618; x_wconf 89' lang='lat' dir='ltr'><strong>pu-</strong></span> 
     </span>
    </p>
   </div>
   <div class='ocr_carea' id='block_1_74' title="bbox 394 5644 1965 5702">
    <p class='ocr_par' dir='ltr' id='par_1_74' title="bbox 394 5644 1965 5702">
     <span class='ocr_line' id='line_1_74' title="bbox 394 5644 1965 5702; baseline -0.005 0"><span class='ocrx_word' id='word_1_506' title='bbox 394 5649 594 5702; x_wconf 86' lang='lat' dir='ltr'><strong>nienda</strong></span> <span class='ocrx_word' id='word_1_507' title='bbox 623 5648 931 5702; x_wconf 88' lang='lat' dir='ltr'><strong>temeritate</strong></span> <span class='ocrx_word' id='word_1_508' title='bbox 962 5647 1116 5701; x_wconf 86' lang='lat' dir='ltr'><strong>libris</strong></span> <span class='ocrx_word' id='word_1_509' title='bbox 1147 5647 1261 5701; x_wconf 88' lang='lat' dir='ltr'><strong>suis</strong></span> <span class='ocrx_word' id='word_1_510' title='bbox 1291 5660 1480 5700; x_wconf 89' lang='lat' dir='ltr'><strong>eorum</strong></span> <span class='ocrx_word' id='word_1_511' title='bbox 1513 5646 1731 5698; x_wconf 88' lang='lat' dir='ltr'><strong>nomina</strong></span> <span class='ocrx_word' id='word_1_512' title='bbox 1770 5644 1965 5696; x_wconf 89' lang='lat' dir='ltr'><strong>inscri-</strong></span> 
     </span>
    </p>
   </div>
   <div class='ocr_carea' id='block_1_75' title="bbox 396 5735 1967 5811">
    <p class='ocr_par' dir='ltr' id='par_1_75' title="bbox 396 5735 1967 5811">
     <span class='ocr_line' id='line_1_75' title="bbox 396 5735 1967 5811; baseline -0.004 -16"><span class='ocrx_word' id='word_1_513' title='bbox 396 5740 556 5807; x_wconf 83' lang='lat' dir='ltr'><strong>bunt,</strong></span> <span class='ocrx_word' id='word_1_514' title='bbox 586 5755 817 5809; x_wconf 89' lang='lat' dir='ltr'><strong>quorum</strong></span> <span class='ocrx_word' id='word_1_515' title='bbox 874 5755 974 5796; x_wconf 90' lang='lat' dir='ltr'><strong>nec</strong></span> <span class='ocrx_word' id='word_1_516' title='bbox 1030 5741 1307 5811; x_wconf 88' lang='lat' dir='ltr'><strong>ingenium</strong></span> <span class='ocrx_word' id='word_1_517' title='bbox 1343 5752 1441 5792; x_wconf 94' lang='lat' dir='ltr'><strong>nec</strong></span> <span class='ocrx_word' id='word_1_518' title='bbox 1470 5736 1742 5793; x_wconf 89' lang='lat' dir='ltr'><strong>scribendi</strong></span> <span class='ocrx_word' id='word_1_519' title='bbox 1777 5735 1967 5788; x_wconf 87' lang='lat' dir='ltr'><strong>modos</strong></span> 
     </span>
    </p>
   </div>
   <div class='ocr_carea' id='block_1_76' title="bbox 2159 1873 3669 1945">
    <p class='ocr_par' dir='ltr' id='par_1_76' title="bbox 2159 1873 3669 1945">
     <span class='ocr_line' id='line_1_76' title="bbox 2159 1873 3669 1945; baseline -0.001 -18"><span class='ocrx_word' id='word_1_520' title='bbox 2159 1874 2348 1945; x_wconf 84' lang='lat' dir='ltr'><strong>Neque</strong></span> <span class='ocrx_word' id='word_1_521' title='bbox 2401 1877 2619 1931; x_wconf 86' lang='lat' dir='ltr'><strong>tandem</strong></span> <span class='ocrx_word' id='word_1_522' title='bbox 2678 1877 2947 1932; x_wconf 86' lang='lat' dir='ltr'><strong>orationis</strong></span> <span class='ocrx_word' id='word_1_523' title='bbox 2995 1876 3141 1929; x_wconf 91' lang='lat' dir='ltr'><strong>illius</strong></span> <span class='ocrx_word' id='word_1_524' title='bbox 3190 1874 3507 1930; x_wconf 85' lang='lat' dir='ltr'><strong>obscuritas</strong></span> <span class='ocrx_word' id='word_1_525' title='bbox 3539 1873 3669 1927; x_wconf 88' lang='lat' dir='ltr'><strong>ideo</strong></span> 
     </span>
    </p>
   </div>
   <div class='ocr_carea' id='block_1_77' title="bbox 2088 1971 3666 2045">
    <p class='ocr_par' dir='ltr' id='par_1_77' title="bbox 2088 1971 3666 2045">
     <span class='ocr_line' id='line_1_77' title="bbox 2088 1971 3666 2045; baseline -0.003 -19"><span class='ocrx_word' id='word_1_526' title='bbox 2088 1973 2398 2027; x_wconf 76' lang='lat' dir='ltr'><strong>excusanda</strong></span> <span class='ocrx_word' id='word_1_527' title='bbox 2433 1974 2674 2043; x_wconf 88' lang='lat' dir='ltr'><strong>estquod</strong></span> <span class='ocrx_word' id='word_1_528' title='bbox 2698 1973 2992 2045; x_wconf 80' lang='lat' dir='ltr'><strong>Dionysius</strong></span> <span class='ocrx_word' id='word_1_529' title='bbox 3013 1972 3189 2042; x_wconf 90' lang='lat' dir='ltr'><strong>Opera</strong></span> <span class='ocrx_word' id='word_1_530' title='bbox 3224 1987 3321 2028; x_wconf 86' lang='lat' dir='ltr'><strong>sua</strong></span> <span class='ocrx_word' id='word_1_531' title='bbox 3350 1971 3666 2025; x_wconf 78' lang='lat' dir='ltr'><strong>inﬁdelibus</strong></span> 
     </span>
    </p>
   </div>
   <div class='ocr_carea' id='block_1_78' title="bbox 2088 2063 3662 2121">
    <p class='ocr_par' dir='ltr' id='par_1_78' title="bbox 2088 2063 3662 2121">
     <span class='ocr_line' id='line_1_78' title="bbox 2088 2063 3662 2121; baseline -0.001 -4"><span class='ocrx_word' id='word_1_532' title='bbox 2088 2073 2141 2117; x_wconf 91' lang='lat' dir='ltr'><strong>et</strong></span> <span class='ocrx_word' id='word_1_533' title='bbox 2166 2078 2272 2118; x_wconf 90' lang='lat' dir='ltr'><strong>non</strong></span> <span class='ocrx_word' id='word_1_534' title='bbox 2303 2065 2539 2119; x_wconf 86' lang='lat' dir='ltr'><strong>initiatis</strong></span> <span class='ocrx_word' id='word_1_535' title='bbox 2567 2065 2883 2120; x_wconf 88' lang='lat' dir='ltr'><strong>occultanda</strong></span> <span class='ocrx_word' id='word_1_536' title='bbox 2904 2080 3025 2121; x_wconf 79' lang='lat' dir='ltr'><strong>esse</strong></span> <span class='ocrx_word' id='word_1_537' title='bbox 3052 2066 3348 2121; x_wconf 87' lang='lat' dir='ltr'><strong>censuerit.</strong></span> <span class='ocrx_word' id='word_1_538' title='bbox 3368 2063 3503 2118; x_wconf 90' lang='lat' dir='ltr'><strong>Nam</strong></span> <span class='ocrx_word' id='word_1_539' title='bbox 3531 2079 3662 2118; x_wconf 87' lang='lat' dir='ltr'><strong>cum</strong></span> 
     </span>
    </p>
   </div>
   <div class='ocr_carea' id='block_1_79' title="bbox 2085 2157 3664 2226">
    <p class='ocr_par' dir='ltr' id='par_1_79' title="bbox 2085 2157 3664 2226">
     <span class='ocr_line' id='line_1_79' title="bbox 2085 2157 3664 2226; baseline -0.002 -14"><span class='ocrx_word' id='word_1_540' title='bbox 2085 2157 2436 2221; x_wconf 83' lang='lat' dir='ltr'><strong>Christianis,</strong></span> <span class='ocrx_word' id='word_1_541' title='bbox 2466 2159 2545 2213; x_wconf 92' lang='lat' dir='ltr'><strong>uti</strong></span> <span class='ocrx_word' id='word_1_542' title='bbox 2586 2159 2844 2222; x_wconf 78' lang='lat' dir='ltr'><strong>diximus,</strong></span> <span class='ocrx_word' id='word_1_543' title='bbox 2878 2158 3188 2214; x_wconf 89' lang='lat' dir='ltr'><strong>rudioribus</strong></span> <span class='ocrx_word' id='word_1_544' title='bbox 3214 2159 3505 2226; x_wconf 88' lang='lat' dir='ltr'><strong>minusque</strong></span> <span class='ocrx_word' id='word_1_545' title='bbox 3533 2173 3664 2226; x_wconf 84' lang='lat' dir='ltr'><strong>per-</strong></span> 
     </span>
    </p>
   </div>
   <div class='ocr_carea' id='block_1_80' title="bbox 2087 2248 3659 2319">
    <p class='ocr_par' dir='ltr' id='par_1_80' title="bbox 2087 2248 3659 2319">
     <span class='ocr_line' id='line_1_80' title="bbox 2087 2248 3659 2319; baseline -0.002 -17"><span class='ocrx_word' id='word_1_546' title='bbox 2087 2248 2253 2303; x_wconf 83' lang='lat' dir='ltr'><strong>fectis</strong></span> <span class='ocrx_word' id='word_1_547' title='bbox 2279 2250 2581 2318; x_wconf 74' lang='lat' dir='ltr'><strong>scripserit,</strong></span> <span class='ocrx_word' id='word_1_548' title='bbox 2610 2263 2672 2303; x_wconf 91' lang='lat' dir='ltr'><strong>ea</strong></span> <span class='ocrx_word' id='word_1_549' title='bbox 2703 2249 2888 2319; x_wconf 92' lang='lat' dir='ltr'><strong>procul</strong></span> <span class='ocrx_word' id='word_1_550' title='bbox 2932 2250 3097 2304; x_wconf 87' lang='lat' dir='ltr'><strong>dubio</strong></span> <span class='ocrx_word' id='word_1_551' title='bbox 3142 2264 3243 2304; x_wconf 91' lang='lat' dir='ltr'><strong>nec</strong></span> <span class='ocrx_word' id='word_1_552' title='bbox 3274 2248 3423 2303; x_wconf 86' lang='lat' dir='ltr'><strong>inani</strong></span> <span class='ocrx_word' id='word_1_553' title='bbox 3454 2249 3659 2301; x_wconf 87' lang='lat' dir='ltr'><strong>obscu-</strong></span> 
     </span>
    </p>
   </div>
   <div class='ocr_carea' id='block_1_81' title="bbox 2087 2339 3658 2411">
    <p class='ocr_par' dir='ltr' id='par_1_81' title="bbox 2087 2339 3658 2411">
     <span class='ocr_line' id='line_1_81' title="bbox 2087 2339 3658 2411; baseline -0.003 -16"><span class='ocrx_word' id='word_1_554' title='bbox 2087 2354 2256 2410; x_wconf 90' lang='lat' dir='ltr'><strong>raque</strong></span> <span class='ocrx_word' id='word_1_555' title='bbox 2313 2342 2811 2411; x_wconf 87' lang='lat' dir='ltr'><strong>grandiloquentla,</strong></span> <span class='ocrx_word' id='word_1_556' title='bbox 2852 2356 2953 2394; x_wconf 90' lang='lat' dir='ltr'><strong>nec</strong></span> <span class='ocrx_word' id='word_1_557' title='bbox 3002 2341 3232 2396; x_wconf 87' lang='lat' dir='ltr'><strong>vocibus</strong></span> <span class='ocrx_word' id='word_1_558' title='bbox 3282 2339 3549 2402; x_wconf 87' lang='lat' dir='ltr'><strong>insolitis,</strong></span> <span class='ocrx_word' id='word_1_559' title='bbox 3587 2353 3658 2390; x_wconf 89' lang='lat' dir='ltr'><strong>ac</strong></span> 
     </span>
    </p>
   </div>
   <div class='ocr_carea' id='block_1_82' title="bbox 2084 2432 3657 2503">
    <p class='ocr_par' dir='ltr' id='par_1_82' title="bbox 2084 2432 3657 2503">
     <span class='ocr_line' id='line_1_82' title="bbox 2084 2432 3657 2503; baseline -0.006 -16"><span class='ocrx_word' id='word_1_560' title='bbox 2084 2448 2226 2488; x_wconf 87' lang='lat' dir='ltr'><strong>vano</strong></span> <span class='ocrx_word' id='word_1_561' title='bbox 2252 2432 2519 2488; x_wconf 69' lang='lat' dir='ltr'><strong>ali‘ectata:</strong></span> <span class='ocrx_word' id='word_1_562' title='bbox 2540 2448 2748 2503; x_wconf 74' lang='lat' dir='ltr'><strong>pompa:</strong></span> <span class='ocrx_word' id='word_1_563' title='bbox 2778 2433 2961 2487; x_wconf 90' lang='lat' dir='ltr'><strong>studio</strong></span> <span class='ocrx_word' id='word_1_564' title='bbox 2982 2432 3291 2497; x_wconf 88' lang='lat' dir='ltr'><strong>fabricatis,</strong></span> <span class='ocrx_word' id='word_1_565' title='bbox 3320 2432 3415 2484; x_wconf 88' lang='lat' dir='ltr'><strong>sed</strong></span> <span class='ocrx_word' id='word_1_566' title='bbox 3440 2445 3657 2484; x_wconf 80' lang='lat' dir='ltr'><strong>summa</strong></span> 
     </span>
    </p>
   </div>
   <div class='ocr_carea' id='block_1_83' title="bbox 2084 2519 3656 2597">
    <p class='ocr_par' dir='ltr' id='par_1_83' title="bbox 2084 2519 3656 2597">
     <span class='ocr_line' id='line_1_83' title="bbox 2084 2519 3656 2597; baseline -0.008 -15"><span class='ocrx_word' id='word_1_567' title='bbox 2084 2528 2499 2597; x_wconf 83' lang='lat' dir='ltr'><strong>perspicuitate,</strong></span> <span class='ocrx_word' id='word_1_568' title='bbox 2535 2526 2826 2594; x_wconf 88' lang='lat' dir='ltr'><strong>verbisque</strong></span> <span class='ocrx_word' id='word_1_569' title='bbox 2845 2526 3091 2580; x_wconf 86' lang='lat' dir='ltr'><strong>omnium</strong></span> <span class='ocrx_word' id='word_1_570' title='bbox 3124 2540 3225 2577; x_wconf 91' lang='lat' dir='ltr'><strong>usu</strong></span> <span class='ocrx_word' id='word_1_571' title='bbox 3259 2521 3499 2593; x_wconf 86' lang='lat' dir='ltr'><strong>receptis</strong></span> <span class='ocrx_word' id='word_1_572' title='bbox 3521 2519 3656 2573; x_wconf 91' lang='lat' dir='ltr'><strong>nul-</strong></span> 
     </span>
    </p>
   </div>
   <div class='ocr_carea' id='block_1_84' title="bbox 2085 2619 3191 2691">
    <p class='ocr_par' dir='ltr' id='par_1_84' title="bbox 2085 2619 3191 2691">
     <span class='ocr_line' id='line_1_84' title="bbox 2085 2619 3191 2691; baseline -0.001 -17"><span class='ocrx_word' id='word_1_573' title='bbox 2085 2621 2229 2691; x_wconf 91' lang='lat' dir='ltr'><strong>lique</strong></span> <span class='ocrx_word' id='word_1_574' title='bbox 2255 2620 2545 2691; x_wconf 83' lang='lat' dir='ltr'><strong>incognitis</strong></span> <span class='ocrx_word' id='word_1_575' title='bbox 2586 2619 2981 2674; x_wconf 88' lang='lat' dir='ltr'><strong>conscribenda</strong></span> <span class='ocrx_word' id='word_1_576' title='bbox 3014 2625 3191 2673; x_wconf 89' lang='lat' dir='ltr'><strong>erant.</strong></span> 
     </span>
    </p>
   </div>
   <div class='ocr_carea' id='block_1_85' title="bbox 2642 2723 3084 2780">
    <p class='ocr_par' dir='ltr' id='par_1_85' title="bbox 2642 2723 3084 2780">
     <span class='ocr_line' id='line_1_85' title="bbox 2642 2723 3084 2780; baseline -0.002 0"><span class='ocrx_word' id='word_1_577' title='bbox 2642 2724 2872 2780; x_wconf 79' lang='lat' dir='ltr'><strong>CAPUT</strong></span> <span class='ocrx_word' id='word_1_578' title='bbox 2897 2723 3084 2779; x_wconf 78' lang='lat' dir='ltr'><strong>XVIII.</strong></span> 
     </span>
    </p>
   </div>
   <div class='ocr_carea' id='block_1_86' title="bbox 2081 2837 3655 2912">
    <p class='ocr_par' dir='ltr' id='par_1_86' title="bbox 2081 2837 3655 2912">
     <span class='ocr_line' id='line_1_86' title="bbox 2081 2837 3655 2912; baseline -0.007 -17"><span class='ocrx_word' id='word_1_579' title='bbox 2081 2842 2157 2896; x_wconf 84' lang='lat' dir='ltr'><strong>De</strong></span> <span class='ocrx_word' id='word_1_580' title='bbox 2186 2842 2465 2895; x_wconf 81' lang='lat' dir='ltr'><strong>levioribus</strong></span> <span class='ocrx_word' id='word_1_581' title='bbox 2513 2841 2857 2912; x_wconf 85' lang='lat' dir='ltr'><strong>quorumdam</strong></span> <span class='ocrx_word' id='word_1_582' title='bbox 2907 2837 3516 2912; x_wconf 68' lang='lat' dir='ltr'><strong>Antiareopagiticorum</strong></span> <span class='ocrx_word' id='word_1_583' title='bbox 3551 2851 3655 2912; x_wconf 80' lang='lat' dir='ltr'><strong>ar-</strong></span> 
     </span>
    </p>
   </div>
   <div class='ocr_carea' id='block_1_87' title="bbox 2150 2906 3659 2980">
    <p class='ocr_par' dir='ltr' id='par_1_87' title="bbox 2150 2906 3659 2980">
     <span class='ocr_line' id='line_1_87' title="bbox 2150 2906 3659 2980; baseline -0.006 -17"><span class='ocrx_word' id='word_1_584' title='bbox 2150 2923 2430 2980; x_wconf 82' lang='lat' dir='ltr'><strong>gumentis,</strong></span> <span class='ocrx_word' id='word_1_585' title='bbox 2463 2923 2509 2963; x_wconf 87' lang='lat' dir='ltr'><strong>et</strong></span> <span class='ocrx_word' id='word_1_586' title='bbox 2526 2906 2811 2977; x_wconf 51' lang='lat' dir='ltr'><strong>&#39;postrcmis</strong></span> <span class='ocrx_word' id='word_1_587' title='bbox 2840 2908 3332 2980; x_wconf 69' lang='lat' dir='ltr'><strong>Areopagiticorunt</strong></span> <span class='ocrx_word' id='word_1_588' title='bbox 3375 2906 3659 2980; x_wconf 74' lang='lat' dir='ltr'><strong>probatiq-</strong></span> 
     </span>
    </p>
   </div>
   <div class='ocr_carea' id='block_1_88' title="bbox 2152 2976 3663 3043">
    <p class='ocr_par' dir='ltr' id='par_1_88' title="bbox 2152 2976 3663 3043">
     <span class='ocr_line' id='line_1_88' title="bbox 2152 2976 3663 3043; baseline -0.005 -10"><span class='ocrx_word' id='word_1_589' title='bbox 2152 2976 2340 3043; x_wconf 68' lang='lat' dir='ltr'><strong>uibus;</strong></span> <span class='ocrx_word' id='word_1_590' title='bbox 2367 2998 2433 3033; x_wconf 83' lang='lat' dir='ltr'><strong>an</strong></span> <span class='ocrx_word' id='word_1_591' title='bbox 2460 2976 2544 3033; x_wconf 82' lang='lat' dir='ltr'><strong>hic</strong></span> <span class='ocrx_word' id='word_1_592' title='bbox 2571 2992 2755 3032; x_wconf 88' lang='lat' dir='ltr'><strong>auctor</strong></span> <span class='ocrx_word' id='word_1_593' title='bbox 2782 2979 3040 3031; x_wconf 82' lang='lat' dir='ltr'><strong>mendacii</strong></span> <span class='ocrx_word' id='word_1_594' title='bbox 3067 2977 3418 3038; x_wconf 83' lang='lat' dir='ltr'><strong>accusandus,</strong></span> <span class='ocrx_word' id='word_1_595' title='bbox 3450 2984 3498 3027; x_wconf 87' lang='lat' dir='ltr'><strong>et</strong></span> <span class='ocrx_word' id='word_1_596' title='bbox 3518 2976 3663 3026; x_wconf 69' lang='lat' dir='ltr'><strong>scri-</strong></span> 
     </span>
    </p>
   </div>
   <div class='ocr_carea' id='block_1_89' title="bbox 2148 3050 3203 3119">
    <p class='ocr_par' dir='ltr' id='par_1_89' title="bbox 2148 3050 3203 3119">
     <span class='ocr_line' id='line_1_89' title="bbox 2148 3050 3203 3119; baseline -0.003 -16"><span class='ocrx_word' id='word_1_597' title='bbox 2148 3062 2239 3119; x_wconf 83' lang='lat' dir='ltr'><strong>pta</strong></span> <span class='ocrx_word' id='word_1_598' title='bbox 2267 3051 2381 3119; x_wconf 85' lang='lat' dir='ltr'><strong>ejus</strong></span> <span class='ocrx_word' id='word_1_599' title='bbox 2403 3052 2507 3103; x_wconf 83' lang='lat' dir='ltr'><strong>sint</strong></span> <span class='ocrx_word' id='word_1_600' title='bbox 2538 3050 2811 3103; x_wconf 82' lang='lat' dir='ltr'><strong>miraculis</strong></span> <span class='ocrx_word' id='word_1_601' title='bbox 2845 3052 3203 3102; x_wconf 80' lang='lat' dir='ltr'><strong>cohonestata.</strong></span> 
     </span>
    </p>
   </div>
   <div class='ocr_carea' id='block_1_90' title="bbox 2150 3158 3660 3229">
    <p class='ocr_par' dir='ltr' id='par_1_90' title="bbox 2150 3158 3660 3229">
     <span class='ocr_line' id='line_1_90' title="bbox 2150 3158 3660 3229; baseline -0.004 -12"><span class='ocrx_word' id='word_1_602' title='bbox 2150 3161 2405 3229; x_wconf 58' lang='lat' dir='ltr'><strong>Quaedam</strong></span> <span class='ocrx_word' id='word_1_603' title='bbox 2456 3162 2560 3215; x_wconf 85' lang='lat' dir='ltr'><strong>alia</strong></span> <span class='ocrx_word' id='word_1_604' title='bbox 2593 3168 2909 3227; x_wconf 89' lang='lat' dir='ltr'><strong>argumenta</strong></span> <span class='ocrx_word' id='word_1_605' title='bbox 2939 3159 3007 3213; x_wconf 90' lang='lat' dir='ltr'><strong>ab</strong></span> <span class='ocrx_word' id='word_1_606' title='bbox 3033 3159 3306 3228; x_wconf 89' lang='lat' dir='ltr'><strong>aliquibus</strong></span> <span class='ocrx_word' id='word_1_607' title='bbox 3349 3158 3660 3213; x_wconf 77' lang='lat' dir='ltr'><strong>Antiareo-</strong></span> 
     </span>
    </p>
   </div>
   <div class='ocr_carea' id='block_1_91' title="bbox 2081 3250 3657 3324">
    <p class='ocr_par' dir='ltr' id='par_1_91' title="bbox 2081 3250 3657 3324">
     <span class='ocr_line' id='line_1_91' title="bbox 2081 3250 3657 3324; baseline -0.004 -15"><span class='ocrx_word' id='word_1_608' title='bbox 2081 3257 2333 3324; x_wconf 87' lang='lat' dir='ltr'><strong>pagiticis</strong></span> <span class='ocrx_word' id='word_1_609' title='bbox 2383 3255 2734 3310; x_wconf 82' lang='lat' dir='ltr'><strong>heterodoxis</strong></span> <span class='ocrx_word' id='word_1_610' title='bbox 2763 3250 3081 3315; x_wconf 85' lang='lat' dir='ltr'><strong>afferuntur,</strong></span> <span class='ocrx_word' id='word_1_611' title='bbox 3111 3267 3232 3321; x_wconf 68' lang='lat' dir='ltr'><strong>quae</strong></span> <span class='ocrx_word' id='word_1_612' title='bbox 3274 3253 3403 3321; x_wconf 89' lang='lat' dir='ltr'><strong>quia</strong></span> <span class='ocrx_word' id='word_1_613' title='bbox 3434 3251 3521 3304; x_wconf 91' lang='lat' dir='ltr'><strong>vel</strong></span> <span class='ocrx_word' id='word_1_614' title='bbox 3566 3250 3657 3303; x_wconf 85' lang='lat' dir='ltr'><strong>le-</strong></span> 
     </span>
    </p>
   </div>
   <div class='ocr_carea' id='block_1_92' title="bbox 2079 3346 3653 3413">
    <p class='ocr_par' dir='ltr' id='par_1_92' title="bbox 2079 3346 3653 3413">
     <span class='ocr_line' id='line_1_92' title="bbox 2079 3346 3653 3413; baseline -0.005 -11"><span class='ocrx_word' id='word_1_615' title='bbox 2079 3349 2300 3402; x_wconf 90' lang='lat' dir='ltr'><strong>vissima</strong></span> <span class='ocrx_word' id='word_1_616' title='bbox 2333 3356 2480 3413; x_wconf 90' lang='lat' dir='ltr'><strong>sunt,</strong></span> <span class='ocrx_word' id='word_1_617' title='bbox 2511 3347 2595 3401; x_wconf 90' lang='lat' dir='ltr'><strong>vel</strong></span> <span class='ocrx_word' id='word_1_618' title='bbox 2631 3347 2845 3399; x_wconf 88' lang='lat' dir='ltr'><strong>veritati</strong></span> <span class='ocrx_word' id='word_1_619' title='bbox 2887 3356 3159 3413; x_wconf 68' lang='lat' dir='ltr'><strong>certaeque</strong></span> <span class='ocrx_word' id='word_1_620' title='bbox 3210 3346 3653 3399; x_wconf 76' lang='lat' dir='ltr'><strong>orthodoxorum</strong></span> 
     </span>
    </p>
   </div>
   <div class='ocr_carea' id='block_1_93' title="bbox 2080 3438 3657 3507">
    <p class='ocr_par' dir='ltr' id='par_1_93' title="bbox 2080 3438 3657 3507">
     <span class='ocr_line' id='line_1_93' title="bbox 2080 3438 3657 3507; baseline -0.006 -11"><span class='ocrx_word' id='word_1_621' title='bbox 2080 3442 2343 3496; x_wconf 65' lang='lat' dir='ltr'><strong>doctrinm</strong></span> <span class='ocrx_word' id='word_1_622' title='bbox 2370 3450 2425 3493; x_wconf 95' lang='lat' dir='ltr'><strong>et</strong></span> <span class='ocrx_word' id='word_1_623' title='bbox 2457 3439 2736 3493; x_wconf 91' lang='lat' dir='ltr'><strong>traditioni</strong></span> <span class='ocrx_word' id='word_1_624' title='bbox 2762 3438 2939 3507; x_wconf 90' lang='lat' dir='ltr'><strong>palam</strong></span> <span class='ocrx_word' id='word_1_625' title='bbox 2980 3438 3350 3507; x_wconf 85' lang='lat' dir='ltr'><strong>refragantur,</strong></span> <span class='ocrx_word' id='word_1_626' title='bbox 3386 3438 3453 3490; x_wconf 90' lang='lat' dir='ltr'><strong>iis</strong></span> <span class='ocrx_word' id='word_1_627' title='bbox 3478 3449 3657 3489; x_wconf 76' lang='lat' dir='ltr'><strong>excu-</strong></span> 
     </span>
    </p>
   </div>
   <div class='ocr_carea' id='block_1_94' title="bbox 2081 3530 3653 3597">
    <p class='ocr_par' dir='ltr' id='par_1_94' title="bbox 2081 3530 3653 3597">
     <span class='ocr_line' id='line_1_94' title="bbox 2081 3530 3653 3597; baseline -0.003 -10"><span class='ocrx_word' id='word_1_628' title='bbox 2081 3532 2283 3588; x_wconf 91' lang='lat' dir='ltr'><strong>tiendis</strong></span> <span class='ocrx_word' id='word_1_629' title='bbox 2306 3541 2360 3587; x_wconf 92' lang='lat' dir='ltr'><strong>et</strong></span> <span class='ocrx_word' id='word_1_630' title='bbox 2389 3532 2743 3587; x_wconf 88' lang='lat' dir='ltr'><strong>recensendis</strong></span> <span class='ocrx_word' id='word_1_631' title='bbox 2765 3532 3015 3585; x_wconf 88' lang='lat' dir='ltr'><strong>lubenter</strong></span> <span class='ocrx_word' id='word_1_632' title='bbox 3036 3532 3476 3597; x_wconf 85' lang='lat' dir='ltr'><strong>supersedemus.</strong></span> <span class='ocrx_word' id='word_1_633' title='bbox 3505 3530 3653 3596; x_wconf 81' lang='lat' dir='ltr'><strong>Quid</strong></span> 
     </span>
    </p>
   </div>
   <div class='ocr_carea' id='block_1_95' title="bbox 2077 3622 3651 3689">
    <p class='ocr_par' dir='ltr' id='par_1_95' title="bbox 2077 3622 3651 3689">
     <span class='ocr_line' id='line_1_95' title="bbox 2077 3622 3651 3689; baseline -0.004 -11"><span class='ocrx_word' id='word_1_634' title='bbox 2077 3626 2243 3686; x_wconf 90' lang='lat' dir='ltr'><strong>enim,</strong></span> <span class='ocrx_word' id='word_1_635' title='bbox 2296 3632 2356 3677; x_wconf 95' lang='lat' dir='ltr'><strong>ut</strong></span> <span class='ocrx_word' id='word_1_636' title='bbox 2404 3633 2603 3678; x_wconf 58' lang='lat' dir='ltr'><strong>castera</strong></span> <span class='ocrx_word' id='word_1_637' title='bbox 2655 3633 2956 3689; x_wconf 90' lang='lat' dir='ltr'><strong>taceamus,</strong></span> <span class='ocrx_word' id='word_1_638' title='bbox 3000 3622 3175 3677; x_wconf 76' lang='lat' dir='ltr'><strong>levius</strong></span> <span class='ocrx_word' id='word_1_639' title='bbox 3226 3636 3293 3677; x_wconf 93' lang='lat' dir='ltr'><strong>eo</strong></span> <span class='ocrx_word' id='word_1_640' title='bbox 3342 3629 3651 3684; x_wconf 85' lang='lat' dir='ltr'><strong>momento,</strong></span> 
     </span>
    </p>
   </div>
   <div class='ocr_carea' id='block_1_96' title="bbox 2076 3713 3654 3785">
    <p class='ocr_par' dir='ltr' id='par_1_96' title="bbox 2076 3713 3654 3785">
     <span class='ocr_line' id='line_1_96' title="bbox 2076 3713 3654 3785; baseline -0.003 -17"><span class='ocrx_word' id='word_1_641' title='bbox 2076 3717 2221 3785; x_wconf 88' lang='lat' dir='ltr'><strong>quod</strong></span> <span class='ocrx_word' id='word_1_642' title='bbox 2276 3714 2451 3784; x_wconf 87' lang='lat' dir='ltr'><strong>plenis</strong></span> <span class='ocrx_word' id='word_1_643' title='bbox 2492 3716 2684 3770; x_wconf 88' lang='lat' dir='ltr'><strong>buccis</strong></span> <span class='ocrx_word' id='word_1_644' title='bbox 2713 3722 3071 3781; x_wconf 87' lang='lat' dir='ltr'><strong>concrepant,</strong></span> <span class='ocrx_word' id='word_1_645' title='bbox 3102 3714 3409 3768; x_wconf 89' lang='lat' dir='ltr'><strong>doctrinam</strong></span> <span class='ocrx_word' id='word_1_646' title='bbox 3440 3713 3509 3766; x_wconf 91' lang='lat' dir='ltr'><strong>de</strong></span> <span class='ocrx_word' id='word_1_647' title='bbox 3543 3726 3654 3764; x_wconf 79' lang='lat' dir='ltr'><strong>an-</strong></span> 
     </span>
    </p>
   </div>
   <div class='ocr_carea' id='block_1_97' title="bbox 2076 3804 3655 3876">
    <p class='ocr_par' dir='ltr' id='par_1_97' title="bbox 2076 3804 3655 3876">
     <span class='ocr_line' id='line_1_97' title="bbox 2076 3804 3655 3876; baseline -0.004 -16"><span class='ocrx_word' id='word_1_648' title='bbox 2076 3806 2321 3876; x_wconf 89' lang='lat' dir='ltr'><strong>gelorum</strong></span> <span class='ocrx_word' id='word_1_649' title='bbox 2381 3805 2710 3861; x_wconf 87' lang='lat' dir='ltr'><strong>liierarchiis</strong></span> <span class='ocrx_word' id='word_1_650' title='bbox 2761 3815 2816 3858; x_wconf 91' lang='lat' dir='ltr'><strong>et</strong></span> <span class='ocrx_word' id='word_1_651' title='bbox 2857 3804 3165 3869; x_wconf 82' lang='lat' dir='ltr'><strong>ordinibus,</strong></span> <span class='ocrx_word' id='word_1_652' title='bbox 3206 3817 3328 3873; x_wconf 71' lang='lat' dir='ltr'><strong>quae</strong></span> <span class='ocrx_word' id='word_1_653' title='bbox 3374 3813 3483 3855; x_wconf 88' lang='lat' dir='ltr'><strong>tam</strong></span> <span class='ocrx_word' id='word_1_654' title='bbox 3510 3815 3655 3855; x_wconf 82' lang='lat' dir='ltr'><strong>enu-</strong></span> 
     </span>
    </p>
   </div>
   <div class='ocr_carea' id='block_1_98' title="bbox 2076 3890 3653 3961">
    <p class='ocr_par' dir='ltr' id='par_1_98' title="bbox 2076 3890 3653 3961">
     <span class='ocr_line' id='line_1_98' title="bbox 2076 3890 3653 3961; baseline -0.004 -11"><span class='ocrx_word' id='word_1_655' title='bbox 2076 3896 2252 3950; x_wconf 88' lang='lat' dir='ltr'><strong>cleate</strong></span> <span class='ocrx_word' id='word_1_656' title='bbox 2282 3896 2349 3948; x_wconf 93' lang='lat' dir='ltr'><strong>ab</strong></span> <span class='ocrx_word' id='word_1_657' title='bbox 2375 3903 2599 3948; x_wconf 90' lang='lat' dir='ltr'><strong>auctore</strong></span> <span class='ocrx_word' id='word_1_658' title='bbox 2646 3902 2836 3947; x_wconf 88' lang='lat' dir='ltr'><strong>nostro</strong></span> <span class='ocrx_word' id='word_1_659' title='bbox 2886 3891 3211 3960; x_wconf 86' lang='lat' dir='ltr'><strong>explicatur,</strong></span> <span class='ocrx_word' id='word_1_660' title='bbox 3261 3890 3502 3961; x_wconf 86' lang='lat' dir='ltr'><strong>Dionysii</strong></span> <span class='ocrx_word' id='word_1_661' title='bbox 3537 3905 3653 3945; x_wconf 70' lang='lat' dir='ltr'><strong>saa-</strong></span> 
     </span>
    </p>
   </div>
   <div class='ocr_carea' id='block_1_99' title="bbox 2076 3982 3653 4053">
    <p class='ocr_par' dir='ltr' id='par_1_99' title="bbox 2076 3982 3653 4053">
     <span class='ocr_line' id='line_1_99' title="bbox 2076 3982 3653 4053; baseline -0.005 -11"><span class='ocrx_word' id='word_1_662' title='bbox 2076 3986 2200 4042; x_wconf 92' lang='lat' dir='ltr'><strong>culo</strong></span> <span class='ocrx_word' id='word_1_663' title='bbox 2260 3986 2429 4039; x_wconf 83' lang='lat' dir='ltr'><strong>fuisse</strong></span> <span class='ocrx_word' id='word_1_664' title='bbox 2476 3984 2907 4052; x_wconf 85' lang='lat' dir='ltr'><strong>incompertam?</strong></span> <span class='ocrx_word' id='word_1_665' title='bbox 2949 3982 3092 4036; x_wconf 85' lang='lat' dir='ltr'><strong>Nihil</strong></span> <span class='ocrx_word' id='word_1_666' title='bbox 3127 3985 3325 4053; x_wconf 81' lang='lat' dir='ltr'><strong>quippe</strong></span> <span class='ocrx_word' id='word_1_667' title='bbox 3348 3983 3417 4036; x_wconf 90' lang='lat' dir='ltr'><strong>de</strong></span> <span class='ocrx_word' id='word_1_668' title='bbox 3439 3982 3525 4036; x_wconf 90' lang='lat' dir='ltr'><strong>his</strong></span> <span class='ocrx_word' id='word_1_669' title='bbox 3557 3982 3653 4036; x_wconf 84' lang='lat' dir='ltr'><strong>ille</strong></span> 
     </span>
    </p>
   </div>
   <div class='ocr_carea' id='block_1_100' title="bbox 2075 4074 3649 4147">
    <p class='ocr_par' dir='ltr' id='par_1_100' title="bbox 2075 4074 3649 4147">
     <span class='ocr_line' id='line_1_100' title="bbox 2075 4074 3649 4147; baseline -0.005 -12"><span class='ocrx_word' id='word_1_670' title='bbox 2075 4081 2279 4143; x_wconf 91' lang='lat' dir='ltr'><strong>docuit,</strong></span> <span class='ocrx_word' id='word_1_671' title='bbox 2313 4078 2455 4147; x_wconf 90' lang='lat' dir='ltr'><strong>quod</strong></span> <span class='ocrx_word' id='word_1_672' title='bbox 2483 4092 2547 4131; x_wconf 80' lang='lat' dir='ltr'><strong>ex</strong></span> <span class='ocrx_word' id='word_1_673' title='bbox 2583 4076 2883 4145; x_wconf 89' lang='lat' dir='ltr'><strong>Scripturis</strong></span> <span class='ocrx_word' id='word_1_674' title='bbox 2910 4077 3087 4129; x_wconf 89' lang='lat' dir='ltr'><strong>sacris</strong></span> <span class='ocrx_word' id='word_1_675' title='bbox 3114 4090 3180 4129; x_wconf 92' lang='lat' dir='ltr'><strong>ac</strong></span> <span class='ocrx_word' id='word_1_676' title='bbox 3210 4077 3452 4130; x_wconf 79' lang='lat' dir='ltr'><strong>maxime</strong></span> <span class='ocrx_word' id='word_1_677' title='bbox 3483 4074 3649 4129; x_wconf 87' lang='lat' dir='ltr'><strong>Pauli</strong></span> 
     </span>
    </p>
   </div>
   <div class='ocr_carea' id='block_1_101' title="bbox 2076 4165 3647 4242">
    <p class='ocr_par' dir='ltr' id='par_1_101' title="bbox 2076 4165 3647 4242">
     <span class='ocr_line' id='line_1_101' title="bbox 2076 4165 3647 4242; baseline -0.005 -15"><span class='ocrx_word' id='word_1_678' title='bbox 2076 4173 2334 4242; x_wconf 85' lang='lat' dir='ltr'><strong>Epistolis</strong></span> <span class='ocrx_word' id='word_1_679' title='bbox 2359 4171 2614 4240; x_wconf 90' lang='lat' dir='ltr'><strong>primitus</strong></span> <span class='ocrx_word' id='word_1_680' title='bbox 2643 4184 2748 4223; x_wconf 91' lang='lat' dir='ltr'><strong>non</strong></span> <span class='ocrx_word' id='word_1_681' title='bbox 2766 4168 3059 4236; x_wconf 88' lang='lat' dir='ltr'><strong>acceperit.</strong></span> <span class='ocrx_word' id='word_1_682' title='bbox 3089 4165 3207 4221; x_wconf 88' lang='lat' dir='ltr'><strong>Non</strong></span> <span class='ocrx_word' id='word_1_683' title='bbox 3255 4167 3398 4221; x_wconf 90' lang='lat' dir='ltr'><strong>imus</strong></span> <span class='ocrx_word' id='word_1_684' title='bbox 3423 4168 3647 4236; x_wconf 87' lang='lat' dir='ltr'><strong>quidem</strong></span> 
     </span>
    </p>
   </div>
   <div class='ocr_carea' id='block_1_102' title="bbox 2074 4260 3650 4331">
    <p class='ocr_par' dir='ltr' id='par_1_102' title="bbox 2074 4260 3650 4331">
     <span class='ocr_line' id='line_1_102' title="bbox 2074 4260 3650 4331; baseline -0.005 -11"><span class='ocrx_word' id='word_1_685' title='bbox 2074 4266 2288 4321; x_wconf 86' lang='lat' dir='ltr'><strong>inficias</strong></span> <span class='ocrx_word' id='word_1_686' title='bbox 2318 4265 2471 4318; x_wconf 91' lang='lat' dir='ltr'><strong>illum</strong></span> <span class='ocrx_word' id='word_1_687' title='bbox 2506 4276 2605 4330; x_wconf 92' lang='lat' dir='ltr'><strong>pro</strong></span> <span class='ocrx_word' id='word_1_688' title='bbox 2631 4261 2831 4331; x_wconf 91' lang='lat' dir='ltr'><strong>ingenii</strong></span> <span class='ocrx_word' id='word_1_689' title='bbox 2857 4261 2940 4313; x_wconf 91' lang='lat' dir='ltr'><strong>sui</strong></span> <span class='ocrx_word' id='word_1_690' title='bbox 2969 4260 3195 4325; x_wconf 89' lang='lat' dir='ltr'><strong>viribus,</strong></span> <span class='ocrx_word' id='word_1_691' title='bbox 3224 4274 3285 4314; x_wconf 82' lang='lat' dir='ltr'><strong>ea</strong></span> <span class='ocrx_word' id='word_1_692' title='bbox 3309 4275 3433 4329; x_wconf 61' lang='lat' dir='ltr'><strong>quae</strong></span> <span class='ocrx_word' id='word_1_693' title='bbox 3459 4275 3525 4313; x_wconf 83' lang='lat' dir='ltr'><strong>ex</strong></span> <span class='ocrx_word' id='word_1_694' title='bbox 3558 4274 3650 4313; x_wconf 86' lang='lat' dir='ltr'><strong>sa-</strong></span> 
     </span>
    </p>
   </div>
   <div class='ocr_carea' id='block_1_103' title="bbox 2075 4352 3648 4423">
    <p class='ocr_par' dir='ltr' id='par_1_103' title="bbox 2075 4352 3648 4423">
     <span class='ocr_line' id='line_1_103' title="bbox 2075 4352 3648 4423; baseline -0.005 -9"><span class='ocrx_word' id='word_1_695' title='bbox 2075 4360 2187 4416; x_wconf 92' lang='lat' dir='ltr'><strong>cris</strong></span> <span class='ocrx_word' id='word_1_696' title='bbox 2210 4358 2449 4413; x_wconf 89' lang='lat' dir='ltr'><strong>fontibus</strong></span> <span class='ocrx_word' id='word_1_697' title='bbox 2480 4358 2757 4418; x_wconf 89' lang='lat' dir='ltr'><strong>hauserat,</strong></span> <span class='ocrx_word' id='word_1_698' title='bbox 2790 4352 3265 4416; x_wconf 85' lang='lat' dir='ltr'><strong>fusiusenodasse,</strong></span> <span class='ocrx_word' id='word_1_699' title='bbox 3291 4363 3459 4423; x_wconf 91' lang='lat' dir='ltr'><strong>atque</strong></span> <span class='ocrx_word' id='word_1_700' title='bbox 3474 4354 3648 4407; x_wconf 88' lang='lat' dir='ltr'><strong>etiam</strong></span> 
     </span>
    </p>
   </div>
   <div class='ocr_carea' id='block_1_104' title="bbox 2074 4446 3651 4521">
    <p class='ocr_par' dir='ltr' id='par_1_104' title="bbox 2074 4446 3651 4521">
     <span class='ocr_line' id='line_1_104' title="bbox 2074 4446 3651 4521; baseline -0.004 -15"><span class='ocrx_word' id='word_1_701' title='bbox 2074 4450 2516 4521; x_wconf 85' lang='lat' dir='ltr'><strong>ainplilicavisse.</strong></span> <span class='ocrx_word' id='word_1_702' title='bbox 2547 4449 2653 4502; x_wconf 86' lang='lat' dir='ltr'><strong>Sed</strong></span> <span class='ocrx_word' id='word_1_703' title='bbox 2687 4447 2816 4502; x_wconf 91' lang='lat' dir='ltr'><strong>nulli</strong></span> <span class='ocrx_word' id='word_1_704' title='bbox 2852 4447 3045 4500; x_wconf 85' lang='lat' dir='ltr'><strong>mirum</strong></span> <span class='ocrx_word' id='word_1_705' title='bbox 3064 4446 3238 4500; x_wconf 80' lang='lat' dir='ltr'><strong>videri</strong></span> <span class='ocrx_word' id='word_1_706' title='bbox 3265 4447 3426 4500; x_wconf 92' lang='lat' dir='ltr'><strong>debet</strong></span> <span class='ocrx_word' id='word_1_707' title='bbox 3464 4446 3651 4501; x_wconf 88' lang='lat' dir='ltr'><strong>homi-</strong></span> 
     </span>
    </p>
   </div>
   <div class='ocr_carea' id='block_1_105' title="bbox 2078 4537 3653 4607">
    <p class='ocr_par' dir='ltr' id='par_1_105' title="bbox 2078 4537 3653 4607">
     <span class='ocr_line' id='line_1_105' title="bbox 2078 4537 3653 4607; baseline -0.004 -9"><span class='ocrx_word' id='word_1_708' title='bbox 2078 4558 2201 4598; x_wconf 91' lang='lat' dir='ltr'><strong>nem</strong></span> <span class='ocrx_word' id='word_1_709' title='bbox 2257 4544 2477 4596; x_wconf 86' lang='lat' dir='ltr'><strong>doctuin</strong></span> <span class='ocrx_word' id='word_1_710' title='bbox 2521 4550 2576 4591; x_wconf 92' lang='lat' dir='ltr'><strong>et</strong></span> <span class='ocrx_word' id='word_1_711' title='bbox 2621 4537 2984 4607; x_wconf 85' lang='lat' dir='ltr'><strong>ingeniosum,</strong></span> <span class='ocrx_word' id='word_1_712' title='bbox 3036 4538 3316 4607; x_wconf 89' lang='lat' dir='ltr'><strong>multaque</strong></span> <span class='ocrx_word' id='word_1_713' title='bbox 3350 4539 3653 4593; x_wconf 70' lang='lat' dir='ltr'><strong>Platonica:</strong></span> 
     </span>
    </p>
   </div>
   <div class='ocr_carea' id='block_1_106' title="bbox 2072 4626 3654 4702">
    <p class='ocr_par' dir='ltr' id='par_1_106' title="bbox 2072 4626 3654 4702">
     <span class='ocr_line' id='line_1_106' title="bbox 2072 4626 3654 4702; baseline -0.001 -17"><span class='ocrx_word' id='word_1_714' title='bbox 2072 4630 2434 4702; x_wconf 64' lang='lat' dir='ltr'><strong>philosophiae</strong></span> <span class='ocrx_word' id='word_1_715' title='bbox 2488 4627 2802 4681; x_wconf 86' lang='lat' dir='ltr'><strong>eruditione</strong></span> <span class='ocrx_word' id='word_1_716' title='bbox 2861 4626 3163 4691; x_wconf 89' lang='lat' dir='ltr'><strong>imbutum,</strong></span> <span class='ocrx_word' id='word_1_717' title='bbox 3206 4630 3273 4681; x_wconf 93' lang='lat' dir='ltr'><strong>de</strong></span> <span class='ocrx_word' id='word_1_718' title='bbox 3326 4628 3654 4684; x_wconf 69' lang='lat' dir='ltr'><strong>cmlestibus</strong></span> 
     </span>
    </p>
   </div>
   <div class='ocr_carea' id='block_1_107' title="bbox 2073 4716 3649 4789">
    <p class='ocr_par' dir='ltr' id='par_1_107' title="bbox 2073 4716 3649 4789">
     <span class='ocr_line' id='line_1_107' title="bbox 2073 4716 3649 4789; baseline -0.001 -13"><span class='ocrx_word' id='word_1_719' title='bbox 2073 4721 2398 4777; x_wconf 88' lang='lat' dir='ltr'><strong>substantiis</strong></span> <span class='ocrx_word' id='word_1_720' title='bbox 2453 4719 2609 4789; x_wconf 82' lang='lat' dir='ltr'><strong>plura</strong></span> <span class='ocrx_word' id='word_1_721' title='bbox 2653 4726 2777 4785; x_wconf 88' lang='lat' dir='ltr'><strong>post</strong></span> <span class='ocrx_word' id='word_1_722' title='bbox 2827 4718 3040 4772; x_wconf 86' lang='lat' dir='ltr'><strong>divinas</strong></span> <span class='ocrx_word' id='word_1_723' title='bbox 3086 4716 3397 4786; x_wconf 86' lang='lat' dir='ltr'><strong>Scripturas</strong></span> <span class='ocrx_word' id='word_1_724' title='bbox 3459 4731 3649 4775; x_wconf 84' lang='lat' dir='ltr'><strong>retra-</strong></span> 
     </span>
    </p>
   </div>
   <div class='ocr_carea' id='block_1_108' title="bbox 2072 4808 3647 4879">
    <p class='ocr_par' dir='ltr' id='par_1_108' title="bbox 2072 4808 3647 4879">
     <span class='ocr_line' id='line_1_108' title="bbox 2072 4808 3647 4879; baseline -0.001 -10"><span class='ocrx_word' id='word_1_725' title='bbox 2072 4823 2281 4878; x_wconf 90' lang='lat' dir='ltr'><strong>ctasse,</strong></span> <span class='ocrx_word' id='word_1_726' title='bbox 2314 4812 2494 4879; x_wconf 88' lang='lat' dir='ltr'><strong>iisque</strong></span> <span class='ocrx_word' id='word_1_727' title='bbox 2531 4811 2787 4864; x_wconf 89' lang='lat' dir='ltr'><strong>nonnulla</strong></span> <span class='ocrx_word' id='word_1_728' title='bbox 2841 4808 3118 4864; x_wconf 91' lang='lat' dir='ltr'><strong>addidisse</strong></span> <span class='ocrx_word' id='word_1_729' title='bbox 3149 4825 3271 4879; x_wconf 75' lang='lat' dir='ltr'><strong>quae</strong></span> <span class='ocrx_word' id='word_1_730' title='bbox 3312 4827 3381 4865; x_wconf 78' lang='lat' dir='ltr'><strong>ex</strong></span> <span class='ocrx_word' id='word_1_731' title='bbox 3406 4814 3647 4868; x_wconf 83' lang='lat' dir='ltr'><strong>sanioris</strong></span> 
     </span>
    </p>
   </div>
   <div class='ocr_carea' id='block_1_109' title="bbox 2072 4900 3652 4972">
    <p class='ocr_par' dir='ltr' id='par_1_109' title="bbox 2072 4900 3652 4972">
     <span class='ocr_line' id='line_1_109' title="bbox 2072 4900 3652 4972; baseline 0.001 -15"><span class='ocrx_word' id='word_1_732' title='bbox 2072 4902 2431 4972; x_wconf 60' lang='lat' dir='ltr'><strong>philosophiae</strong></span> <span class='ocrx_word' id='word_1_733' title='bbox 2480 4900 2699 4970; x_wconf 86' lang='lat' dir='ltr'><strong>placitis</strong></span> <span class='ocrx_word' id='word_1_734' title='bbox 2743 4906 3052 4967; x_wconf 89' lang='lat' dir='ltr'><strong>desumpta,</strong></span> <span class='ocrx_word' id='word_1_735' title='bbox 3099 4901 3274 4956; x_wconf 87' lang='lat' dir='ltr'><strong>sacris</strong></span> <span class='ocrx_word' id='word_1_736' title='bbox 3313 4901 3652 4958; x_wconf 79' lang='lat' dir='ltr'><strong>Christianae</strong></span> 
     </span>
    </p>
   </div>
   <div class='ocr_carea' id='block_1_110' title="bbox 2073 4992 3127 5062">
    <p class='ocr_par' dir='ltr' id='par_1_110' title="bbox 2073 4992 3127 5062">
     <span class='ocr_line' id='line_1_110' title="bbox 2073 4992 3127 5062; baseline -0.002 -13"><span class='ocrx_word' id='word_1_737' title='bbox 2073 4995 2198 5049; x_wconf 88' lang='lat' dir='ltr'><strong>fidei</strong></span> <span class='ocrx_word' id='word_1_738' title='bbox 2227 4992 2725 5050; x_wconf 89' lang='lat' dir='ltr'><strong>accommodaverit</strong></span> <span class='ocrx_word' id='word_1_739' title='bbox 2764 4992 3127 5062; x_wconf 89' lang='lat' dir='ltr'><strong>dogmatibus.</strong></span> 
     </span>
    </p>
   </div>
   <div class='ocr_carea' id='block_1_111' title="bbox 2142 5085 3651 5155">
    <p class='ocr_par' dir='ltr' id='par_1_111' title="bbox 2142 5085 3651 5155">
     <span class='ocr_line' id='line_1_111' title="bbox 2142 5085 3651 5155; baseline -0.007 -13"><span class='ocrx_word' id='word_1_740' title='bbox 2142 5088 2372 5155; x_wconf 79' lang='lat' dir='ltr'><strong>Reliqua</strong></span> <span class='ocrx_word' id='word_1_741' title='bbox 2417 5085 2657 5151; x_wconf 85' lang='lat' dir='ltr'><strong>ipsorum</strong></span> <span class='ocrx_word' id='word_1_742' title='bbox 2702 5095 3021 5153; x_wconf 87' lang='lat' dir='ltr'><strong>argumenta</strong></span> <span class='ocrx_word' id='word_1_743' title='bbox 3071 5085 3280 5141; x_wconf 82' lang='lat' dir='ltr'><strong>leviora</strong></span> <span class='ocrx_word' id='word_1_744' title='bbox 3327 5098 3476 5154; x_wconf 86' lang='lat' dir='ltr'><strong>sunt,</strong></span> <span class='ocrx_word' id='word_1_745' title='bbox 3505 5091 3651 5144; x_wconf 89' lang='lat' dir='ltr'><strong>mul-</strong></span> 
     </span>
    </p>
   </div>
   <div class='ocr_carea' id='block_1_112' title="bbox 2075 5176 3651 5251">
    <p class='ocr_par' dir='ltr' id='par_1_112' title="bbox 2075 5176 3651 5251">
     <span class='ocr_line' id='line_1_112' title="bbox 2075 5176 3651 5251; baseline -0.001 -13"><span class='ocrx_word' id='word_1_746' title='bbox 2075 5194 2239 5251; x_wconf 89' lang='lat' dir='ltr'><strong>toque</strong></span> <span class='ocrx_word' id='word_1_747' title='bbox 2269 5182 2500 5238; x_wconf 91' lang='lat' dir='ltr'><strong>minoris</strong></span> <span class='ocrx_word' id='word_1_748' title='bbox 2541 5180 2820 5249; x_wconf 88' lang='lat' dir='ltr'><strong>ponderis.</strong></span> <span class='ocrx_word' id='word_1_749' title='bbox 2844 5176 3056 5232; x_wconf 88' lang='lat' dir='ltr'><strong>Nemini</strong></span> <span class='ocrx_word' id='word_1_750' title='bbox 3084 5193 3216 5249; x_wconf 87' lang='lat' dir='ltr'><strong>ergo</strong></span> <span class='ocrx_word' id='word_1_751' title='bbox 3250 5183 3528 5247; x_wconf 80' lang='lat' dir='ltr'><strong>negotium</strong></span> <span class='ocrx_word' id='word_1_752' title='bbox 3562 5183 3651 5237; x_wconf 83' lang='lat' dir='ltr'><strong>fa-</strong></span> 
     </span>
    </p>
   </div>
   <div class='ocr_carea' id='block_1_113' title="bbox 2075 5267 3653 5341">
    <p class='ocr_par' dir='ltr' id='par_1_113' title="bbox 2075 5267 3653 5341">
     <span class='ocr_line' id='line_1_113' title="bbox 2075 5267 3653 5341; baseline -0.001 -13"><span class='ocrx_word' id='word_1_753' title='bbox 2075 5286 2292 5328; x_wconf 87' lang='lat' dir='ltr'><strong>cessere</strong></span> <span class='ocrx_word' id='word_1_754' title='bbox 2317 5280 2563 5341; x_wconf 89' lang='lat' dir='ltr'><strong>possunt,</strong></span> <span class='ocrx_word' id='word_1_755' title='bbox 2594 5283 2658 5322; x_wconf 89' lang='lat' dir='ltr'><strong>ac</strong></span> <span class='ocrx_word' id='word_1_756' title='bbox 2680 5282 2742 5321; x_wconf 87' lang='lat' dir='ltr'><strong>ea</strong></span> <span class='ocrx_word' id='word_1_757' title='bbox 2772 5267 3031 5336; x_wconf 88' lang='lat' dir='ltr'><strong>pleraque</strong></span> <span class='ocrx_word' id='word_1_758' title='bbox 3069 5274 3252 5322; x_wconf 87' lang='lat' dir='ltr'><strong>omnia</strong></span> <span class='ocrx_word' id='word_1_759' title='bbox 3275 5285 3345 5325; x_wconf 79' lang='lat' dir='ltr'><strong>ex</strong></span> <span class='ocrx_word' id='word_1_760' title='bbox 3376 5271 3486 5337; x_wconf 91' lang='lat' dir='ltr'><strong>his,</strong></span> <span class='ocrx_word' id='word_1_761' title='bbox 3522 5287 3653 5341; x_wconf 79' lang='lat' dir='ltr'><strong>quae</strong></span> 
     </span>
    </p>
   </div>
   <div class='ocr_carea' id='block_1_114' title="bbox 2074 5361 3648 5436">
    <p class='ocr_par' dir='ltr' id='par_1_114' title="bbox 2074 5361 3648 5436">
     <span class='ocr_line' id='line_1_114' title="bbox 2074 5361 3648 5436; baseline -0.003 -13"><span class='ocrx_word' id='word_1_762' title='bbox 2074 5370 2129 5423; x_wconf 92' lang='lat' dir='ltr'><strong>in</strong></span> <span class='ocrx_word' id='word_1_763' title='bbox 2154 5366 2532 5436; x_wconf 89' lang='lat' dir='ltr'><strong>superioribus</strong></span> <span class='ocrx_word' id='word_1_764' title='bbox 2554 5361 3030 5416; x_wconf 89' lang='lat' dir='ltr'><strong>dissertationibus</strong></span> <span class='ocrx_word' id='word_1_765' title='bbox 3054 5363 3259 5428; x_wconf 84' lang='lat' dir='ltr'><strong>passim</strong></span> <span class='ocrx_word' id='word_1_766' title='bbox 3292 5365 3648 5433; x_wconf 88' lang='lat' dir='ltr'><strong>tradidimus,</strong></span> 
     </span>
    </p>
   </div>
   <div class='ocr_carea' id='block_1_115' title="bbox 2072 5451 3645 5527">
    <p class='ocr_par' dir='ltr' id='par_1_115' title="bbox 2072 5451 3645 5527">
     <span class='ocr_line' id='line_1_115' title="bbox 2072 5451 3645 5527; baseline -0.001 -14"><span class='ocrx_word' id='word_1_767' title='bbox 2072 5470 2266 5527; x_wconf 89' lang='lat' dir='ltr'><strong>sponte</strong></span> <span class='ocrx_word' id='word_1_768' title='bbox 2291 5472 2388 5512; x_wconf 89' lang='lat' dir='ltr'><strong>sua</strong></span> <span class='ocrx_word' id='word_1_769' title='bbox 2435 5464 2621 5517; x_wconf 88' lang='lat' dir='ltr'><strong>ruunt,</strong></span> <span class='ocrx_word' id='word_1_770' title='bbox 2652 5463 2709 5507; x_wconf 88' lang='lat' dir='ltr'><strong>et</strong></span> <span class='ocrx_word' id='word_1_771' title='bbox 2751 5451 2993 5505; x_wconf 88' lang='lat' dir='ltr'><strong>funditus</strong></span> <span class='ocrx_word' id='word_1_772' title='bbox 3025 5465 3373 5508; x_wconf 87' lang='lat' dir='ltr'><strong>evertuntur.</strong></span> <span class='ocrx_word' id='word_1_773' title='bbox 3399 5457 3645 5512; x_wconf 81' lang='lat' dir='ltr'><strong>Sufﬁciet</strong></span> 
     </span>
    </p>
   </div>
   <div class='ocr_carea' id='block_1_116' title="bbox 2070 5544 3689 5621">
    <p class='ocr_par' dir='ltr' id='par_1_116' title="bbox 2070 5544 3689 5621">
     <span class='ocr_line' id='line_1_116' title="bbox 2070 5544 3689 5621; baseline -0.002 -16"><span class='ocrx_word' id='word_1_774' title='bbox 2070 5566 2200 5621; x_wconf 83' lang='lat' dir='ltr'><strong>ergo</strong></span> <span class='ocrx_word' id='word_1_775' title='bbox 2239 5550 2505 5603; x_wconf 83' lang='lat' dir='ltr'><strong>validiora</strong></span> <span class='ocrx_word' id='word_1_776' title='bbox 2546 5546 2775 5599; x_wconf 83' lang='lat' dir='ltr'><strong>aliorum</strong></span> <span class='ocrx_word' id='word_1_777' title='bbox 2807 5544 3435 5614; x_wconf 84' lang='lat' dir='ltr'><strong>AntiareOpagiticorum</strong></span> <span class='ocrx_word' id='word_1_778' title='bbox 3483 5565 3624 5619; x_wconf 87' lang='lat' dir='ltr'><strong>argu</strong></span> <span class='ocrx_word' id='word_1_779' title='bbox 3688 5562 3689 5565; x_wconf 78' lang='lat'>‘</span> 
     </span>
    </p>
   </div>
   <div class='ocr_carea' id='block_1_117' title="bbox 2072 5637 3651 5705">
    <p class='ocr_par' dir='ltr' id='par_1_117' title="bbox 2072 5637 3651 5705">
     <span class='ocr_line' id='line_1_117' title="bbox 2072 5637 3651 5705; baseline -0.001 -7"><span class='ocrx_word' id='word_1_780' title='bbox 2072 5652 2253 5698; x_wconf 89' lang='lat' dir='ltr'><strong>menta</strong></span> <span class='ocrx_word' id='word_1_781' title='bbox 2299 5639 2555 5693; x_wconf 90' lang='lat' dir='ltr'><strong>omnibus</strong></span> <span class='ocrx_word' id='word_1_782' title='bbox 2616 5637 2731 5690; x_wconf 91' lang='lat' dir='ltr'><strong>suis</strong></span> <span class='ocrx_word' id='word_1_783' title='bbox 2770 5637 3103 5705; x_wconf 83' lang='lat' dir='ltr'><strong>ponderibus</strong></span> <span class='ocrx_word' id='word_1_784' title='bbox 3149 5638 3223 5690; x_wconf 90' lang='lat' dir='ltr'><strong>ita</strong></span> <span class='ocrx_word' id='word_1_785' title='bbox 3271 5641 3651 5705; x_wconf 80' lang='lat' dir='ltr'><strong>examinasse,</strong></span> 
     </span>
    </p>
   </div>
   <div class='ocr_carea' id='block_1_118' title="bbox 2071 5726 3641 5791">
    <p class='ocr_par' dir='ltr' id='par_1_118' title="bbox 2071 5726 3641 5791">
     <span class='ocr_line' id='line_1_118' title="bbox 2071 5726 3641 5791; baseline -0.002 -5"><span class='ocrx_word' id='word_1_786' title='bbox 2071 5743 2131 5787; x_wconf 90' lang='lat' dir='ltr'><strong>ut</strong></span> <span class='ocrx_word' id='word_1_787' title='bbox 2171 5729 2309 5784; x_wconf 88' lang='lat' dir='ltr'><strong>nihil</strong></span> <span class='ocrx_word' id='word_1_788' title='bbox 2368 5742 2556 5783; x_wconf 90' lang='lat' dir='ltr'><strong>eorum</strong></span> <span class='ocrx_word' id='word_1_789' title='bbox 2588 5738 2707 5791; x_wconf 76' lang='lat' dir='ltr'><strong>qua:</strong></span> <span class='ocrx_word' id='word_1_790' title='bbox 2752 5726 2818 5780; x_wconf 90' lang='lat' dir='ltr'><strong>ad</strong></span> <span class='ocrx_word' id='word_1_791' title='bbox 2852 5742 2916 5781; x_wconf 85' lang='lat' dir='ltr'><strong>ea</strong></span> <span class='ocrx_word' id='word_1_792' title='bbox 2956 5726 3333 5782; x_wconf 79' lang='lat' dir='ltr'><strong>confirmanda</strong></span> <span class='ocrx_word' id='word_1_793' title='bbox 3376 5731 3467 5783; x_wconf 88' lang='lat' dir='ltr'><strong>vel</strong></span> <span class='ocrx_word' id='word_1_794' title='bbox 3494 5730 3641 5783; x_wconf 80' lang='lat' dir='ltr'><strong>inﬁr-</strong></span> 
     </span>
    </p>
   </div>
  </div>
