3916 6234
1667 135 1745 168 \

209 342 279 396 ιδ
1572 328 1797 386 PltOLE

1906 327 2104 383 “ENA.
3415 337 3483 391 56

209 456 415 509 matula
447 452 685 523 proferri
719 466 881 522 posse
913 450 1272 515 credidimus,
1311 422 1652 511 voltierimus
1681 464 1804 503 esse
1835 461 1878 514 Α
1910 447 2179 513 dignatus.
2220 445 2328 500 llac
2368 444 2652 500 llilduinus
2685 448 3003 502 narratione
3058 458 3316 505 testatum
3351 453 3485 511 l‘acit

204 549 677 617 praetermissum.

280 640 393 695 Sed
423 643 675 711 praelium
730 642 1043 697 instaurant
1072 638 1467 708 Areopagitici,
1498 636 1803 705 ultimoque

201 738 417 803 impetu
452 737 507 788 iu
542 736 892 790 adversarios
920 736 1089 796 facto,
1130 741 1328 802 urgent
1359 744 1454 784 eos
1495 730 1801 783 audacissi-

204 846 326 885 mos
359 845 511 893 esse,
562 840 620 883 et
647 846 871 900 prorsus
916 828 1263 891 temerarios,
1304 827 1395 895 qui
1428 823 1658 888 lraudis,
1698 822 1799 877 fal-

204 922 414 985 sitatis,
447 921 897 989 putidissimique
935 918 1207 973 mendacii
1237 926 1515 969 auctorem
1552 921 1800 967 nostrum

205 1030 363 1067 reum
408 1024 599 1082 agant,
632 1013 788 1081 cujus
847 1013 1045 1080 scripta
1091 1025 1296 1064 meram
1356 1006 1556 1075 ubique
1591 1006 1803 1074 spirant

206 1110 501 1177 pietatem,
542 1107 894 1179 gravitatem,
926 1104 1370 1158 sanctimoniam.
1398 1100 1466 1154 Et
1495 1108 1646 1155 certe
1680 1096 1804 1166 quis

206 1204 389 1254 virum
425 1202 588 1255 illum
615 1200 838 1254 doctum
876 1195 1153 1266 tantisque
1176 1196 1377 1266 ingenii
1412 1194 1633 1249 dotibus
1665 1206 1802 1260 prte-

204 1296 407 1355 ditum,
440 1294 801 1347 eocaecitatis
851 1301 907 1347 et
946 1290 1302 1359 impudentiae
1349 1287 1638 1342 devenisse
1677 1299 1799 1338 cre-

209 1383 300 1435 dat
330 1392 417 1448 ut,
440 1384 585 1437 falso
604 1382 848 1453 Dionysii
877 1380 1221 1451 Areopagitae
1249 1386 1531 1448 assumpto
1561 1376 1799 1437 nomine,

209 1481 290 1527 tot
335 1473 629 1541 tantisque
664 1473 831 1527 rebus
864 1486 990 1527 cum
1035 1471 1281 1541 ejusdem
1320 1467 1566 1539 Dionysii
1616 1478 1798 1529 aetate,

209 1564 453 1634 ingenio,
491 1563 742 1618 moribus
768 1562 1023 1633 styloque
1047 1561 1421 1633 pugnantibus
1452 1559 1660 1630 scripta
1702 1572 1798 1613 sua

207 1659 605 1727 consperserit.

280 1754 351 1805 At
392 1754 515 1806 haec
546 1752 752 1816 omnia,
790 1751 1027 1806 clamant
1072 1749 1575 1821 Antiareopagilici,
1622 1748 1795 1803 victo-

210 1862 330 1899 rum
387 1845 677 1899 hominum
728 1846 851 1898 vani
901 1845 1156 1913 cassique
1203 1854 1329 1898 sunt
1375 1845 1631 1913 impetus.
1665 1840 1797 1907 Quis

212 1940 359 1992 enim
396 1938 613 1994 nesciat
644 1937 1020 2005 hujuscemodi
1056 1938 1416 2006 scriptoribus
1461 1935 1628 1991 moris
1675 1946 1800 1986 esse

212 2032 420 2099 scripta
470 2046 594 2093 sua,
631 2046 751 2097 qua:
793 2030 863 2084 ab
910 2030 1043 2099 ipsis
1092 2031 1269 2085 fallaci
1321 2030 1421 2083 viri
1468 2025 1796 2082 sanctissimi

210 2126 440 2179 nomine
474 2124 868 2185 inscribuntur,
900 2136 962 2175 ea
1009 2122 1234 2191 pietate,
1263 2121 1544 2190 gravitate,
1578 2127 1634 2174 et
1673 2133 1802 2173 san-

211 2220 478 2273 ctimonia
511 2234 805 2284 exornare,
844 2234 950 2288 qua
994 2219 1063 2275 ab
1119 2219 1310 2275 iisdem
1358 2216 1509 2278 viris,
1562 2228 1797 2283 quorum

212 2327 416 2366 nomen
502 2312 867 2377 mentiuntur,
944 2312 1257 2368 exornanda
1332 2309 1450 2363 fore
1517 2307 1800 2363 existima-

212 2406 365 2457 bant.
417 2402 529 2459 Nec
565 2405 747 2459 minus
778 2404 833 2457 in
857 2419 1045 2458 eorum
1094 2418 1245 2458 more
1290 2403 1549 2471 positum,
1600 2411 1659 2455 ut
1705 2399 1795 2453 alii

214 2494 396 2562 plura,
453 2495 547 2549 alii
608 2495 894 2564 pauciora,
946 2511 1069 2565 quae
1132 2496 1378 2549 ementiti
1424 2493 1663 2548 auctoris
1716 2491 1796 2545 sui

214 2588 439 2657 ingenio
487 2601 543 2640 et
597 2588 937 2656 temporibus
979 2588 1359 2651 adversentur,
1422 2586 1642 2655 scriptis
1687 2584 1802 2639 suis

215 2680 549 2734 insererent.
595 2678 688 2734 Sic
735 2695 949 2751 nempe,
994 2680 1107 2734 Deo
1156 2680 1230 2733 ita
1282 2681 1517 2742 volente,
1550 2691 1799 2730 nonnun-

213 2783 378 2837 quam
415 2771 676 2824 obczecati
704 2781 849 2833 sunt,
882 2782 939 2824 ut
972 2771 1136 2835 illius,
1173 2786 1334 2841 quem
1380 2770 1609 2840 ﬁngunt,
1644 2768 1798 2837 inge-

216 2864 365 2915 nium
427 2864 811 2932 scribendique
860 2864 1075 2919 modum
1121 2879 1226 2918 non
1277 2863 1541 2928 assecuti,
1598 2861 1681 2917 vel
1734 2876 1797 2914 ea

212 2968 335 3020 quae
370 2954 522 3007 illius
548 2965 710 3009 aetate
736 2956 850 3009 tieri
880 2956 1161 3021 deberent,
1186 2970 1253 3009 ex
1281 2956 1363 3009 sui
1391 2955 1648 3023 temporis
1672 2968 1803 3008 con-

212 3046 604 3101 suetudinibus
654 3061 719 3101 ac
766 3048 1050 3117 disciplina
1103 3048 1410 3110 metientes,
1462 3048 1541 3101 vel
1594 3048 1693 3117 ipsi
1732 3049 1801 3102 iis

210 3153 335 3206 quae
364 3153 461 3191 sua
498 3149 661 3193 atate
715 3142 1038 3209 agebantur,
1071 3140 1455 3194 auctoritatem
1500 3139 1800 3194 conciliare

215 3229 486 3293 volentes,
536 3232 784 3295 qumdam
838 3232 1059 3301 scriptis
1107 3232 1221 3285 suis
1260 3241 1352 3284 aut
1383 3234 1678 3301 prudentes
1709 3242 1802 3286 aut

216 3324 419 3377 incauti
449 3323 779 3391 adiicerent,
807 3324 1003 3394 quibus
1032 3340 1222 3380 eorum
1253 3325 1473 3380 fraudes
1499 3336 1553 3380 et
1579 3324 1801 3381 menda-

210 3414 293 3466 cia
326 3415 398 3468 ab
425 3415 829 3470 oculatioribus
860 3416 1074 3471 tandem
1107 3425 1309 3471 retecta
1340 3428 1487 3472 sunt.

278 3508 424 3574 Quid
459 3524 610 3570 vero,
659 3510 865 3563 instant
904 3509 1291 3580 Aeropagitici,
1324 3525 1424 3565 nec
1458 3512 1568 3565 Deo
1600 3510 1797 3574 moris,

212 3618 311 3658 nec
360 3612 586 3657 :eternae
632 3602 781 3655 illius
831 3602 1185 3671 providentia:
1225 3612 1308 3657 est
1354 3617 1518 3672 Opera
1567 3618 1701 3657 vana
1746 3615 1803 3657 et

212 3696 354 3749 ﬁctis
392 3694 699 3749 mendaciis
732 3695 887 3763 plena
916 3694 1062 3750 veris
1096 3695 1455 3750 cohonestare
1483 3694 1800 3749 miraculis?

210 3787 507 3843 Hilduiuus
533 3797 739 3853 tamen,
762 3789 914 3842 testis
940 3789 1212 3853 oculatus,
1240 3785 1470 3840 allirmat
1491 3787 1608 3841 haec
1634 3788 1802 3841 Areo-

209 3883 409 3950 pagita:
469 3881 674 3949 Opera,
706 3894 828 3934 cum
885 3881 1058 3934 variis
1104 3880 1511 3934 inﬁrmitatibus
1553 3880 1605 3933 in
1662 3881 1797 3934 tanti

210 3977 310 4028 viri
361 3976 633 4028 honorem
683 3973 1110 4042 applicarentur,
1163 3972 1346 4026 multis
1394 3971 1655 4027 divinitus
1697 3973 1796 4026 ho-

212 4076 432 4121 nesta'a
473 4067 645 4119 fuisse
673 4066 970 4119 miraculis.

280 4159 394 4213 Sed
432 4160 651 4212 caeteris
700 4160 954 4211 omnibus
1002 4156 1209 4211 ﬁrmius
1257 4172 1363 4212 non
1418 4166 1503 4211 est
1547 4157 1797 4212 ultimum

210 4252 347 4305 illud
408 4251 919 4319 Areopagiticorum
977 4251 1335 4318 prasidium,
1394 4251 1594 4319 quippe
1653 4252 1797 4318 quod

212 4346 347 4413 ipsis
389 4343 634 4397 Hilduini
687 4343 872 4397 verbis
943 4342 1243 4412 expugnari
1294 4342 1565 4397 videatur.
1610 4340 1685 4398 De
1714 4343 1800 4396 his

209 4441 361 4492 enim
394 4436 675 4490 miraculis
716 4436 795 4490 sic
821 4436 910 4489 ille
940 4434 1200 4489 scribit“
1230 4450 1245 4488 :
1277 4435 1615 4489 Authenticos
1650 4450 1800 4488 nam-

1908 538 2093 593 decem
2124 547 2178 591 et
2226 552 2418 593 nmen
2466 539 2725 593 miracula
2772 553 2836 593 eo
2882 540 2969 593 die
3006 555 3115 611 quo
3166 544 3481 614 Dionysiani

1908 630 2033 685 libri
2084 632 2135 685 in
2180 647 2335 685 suum
2390 633 2780 687 monasterium
2815 635 3081 703 asportati
3121 646 3270 702 sunt,
3316 638 3486 693 fuisse

1907 725 2125 794 quidem
2157 732 2400 794 patrata;
2429 740 2616 780 verum
2648 739 2709 779 ea
2745 740 2850 779 non
2881 728 3194 780 coninnlcm
3219 729 3485 783 librorum

1907 818 2105 870 virtute
2135 826 2226 869 aut
2258 815 2641 885 applicatione,
2671 817 2763 869 scd
2792 818 3131 873 orationibus
3171 830 3223 873 et
3274 822 3487 875 meritis

1904 907 2347 963 excellentissimi
2380 909 2462 962 sui
2494 909 2751 979 martyris
2776 924 2805 962 a
2832 908 3048 964 Christo
3082 911 3308 967 Domino
3335 912 3482 966 edita

1905 1012 2029 1054 esse
2078 1009 2459 1054 asseverantcr
2507 997 2760 1055 aﬂirmat.
2816 999 3075 1067 Quamvis
3128 1014 3311 1058 autem
3368 1004 3478 1057 haec

1904 1089 2167 1144 librorum
2220 1090 2676 1162 Dionysianorum
2726 1102 2871 1147 tactu
2925 1095 3319 1161 contigissent,
3374 1112 3480 1149 non

1906 1179 2030 1234 inde
2080 1190 2258 1235 tamen
2307 1185 2599 1252 genuinum
2653 1183 2892 1255 Dionysii
2946 1186 3288 1255 Areopagitae
3346 1203 3483 1258 epos

1903 1286 2024 1326 esse
2050 1285 2201 1325 certo
2226 1274 2472 1329 concludi
2513 1284 2709 1344 potest.
2752 1274 2921 1331 Nemo
2967 1278 3111 1331 enim
3161 1280 3335 1334 nescit
3367 1281 3479 1334 dte~

1906 1364 2086 1414 monia
2138 1363 2207 1415 ab
2250 1364 2335 1417 his
2366 1364 2457 1432 qni
2491 1380 2587 1419 nec
2618 1364 2819 1419 Christi
2867 1367 3136 1436 discipuli,
3183 1383 3281 1423 nec
3322 1370 3482 1424 Chri-

1905 1453 2071 1507 stiani
2101 1465 2276 1517 eranl,
2306 1456 2542 1525 ejusdem
2563 1457 2763 1513 Christi
2786 1458 3003 1513 nomine
3032 1460 3203 1528 ejecta
3226 1461 3395 1514 fuisse
3410 1460 3479 1528 ‘7,

1903 1555 2063 1613 atque
2106 1562 2170 1600 ex
2224 1562 2353 1601 vera
2404 1557 2614 1602 tantum
2668 1551 2988 1617 ardentique
3041 1550 3479 1606 Christianorum

1904 1637 2009 1693 [ide
2039 1638 2141 1693 alia
2177 1642 2439 1695 miracula
2470 1659 2496 1697 a
2526 1642 2634 1699 Deo
2667 1660 2810 1713 saepe
2835 1646 3031 1714 saepius
3061 1645 3367 1713 impetrata.

2487 1756 2714 1812 CAPUT
2752 1758 2890 1815 XIX.

1907 1844 2022 1910 Quo
2053 1857 2278 1914 tempore
2306 1848 2417 1903 Itth
2465 1853 2679 1931 scripta.
2705 1856 2991 1931 secundum
3035 1857 3480 1931 AntiareOpagiti-

2100 1932 2282 1971 eorum
2318 1924 2628 1973 sententiam
2662 1924 2720 1977 in
2749 1925 2914 1978 lucem
2942 1930 3251 1993 prodierint.

1972 2010 2075 2077 Qui
2125 2012 2428 2068 rationibus
2484 2015 2747 2070 hactenus
2800 2032 2827 2069 a
2883 2018 3038 2073 nobis
3083 2020 3262 2073 allatis
3293 2022 3479 2076 omnia

1902 2104 2144 2159 auctoris
2191 2106 2361 2159 nostri
2406 2105 2580 2175 Opera
2626 2108 2990 2179 Dionysmnos
3036 2111 3176 2166 fetus
3220 2128 3342 2167 esse
3386 2130 3481 2170 ne-

1901 2206 2053 2266 gant,
2086 2213 2195 2267 quo
2227 2210 2470 2269 tempore
2498 2217 2561 2256 ea
2599 2202 2651 2255 in
2686 2202 2859 2257 lucem
2893 2206 3213 2273 prodierint,
3256 2208 3452 2277 diligen

1904 2300 1983 2342 ter
2041 2292 2340 2361 inquirunt.
2392 2294 2617 2350 Constat
2657 2308 2837 2353 autem
2882 2298 2971 2351 illa
3028 2312 3157 2354 ante
3216 2301 3478 2357 Collatio-

1904 2399 2023 2438 nem
2080 2384 2773 2455 Constantinopolitanain,
2837 2406 3001 2454 anno,
3078 2403 3137 2447 ut
3208 2395 3478 2463 diximus,

1903 2477 2010 2530 555
2061 2477 2327 2545 habitam,
2371 2481 2569 2548 publici
2623 2482 2763 2536 facta
2815 2482 2979 2539 fuisse
3024 2484 3183 2553 juris.
3229 2486 3479 2553 Quandiu

1904 2582 2032 2624 vero
2055 2584 2174 2623 eam
2202 2574 2605 2640 praecesserint,
2629 2590 2821 2644 magna
2856 2577 2999 2631 inter
3030 2580 3329 2647 scriptores
3359 2582 3480 2637 illos

1902 2665 2277 2718 controversia
2321 2674 2427 2721 est.
2459 2666 2727 2735 Opinatur
2756 2670 2955 2723 etenim
3008 2671 3237 2727 Dallzeus
3287 2673 3332 2705 ⁸⁸
3376 2690 3481 2728 au-

1901 2761 2107 2807 ctorem
2144 2766 2387 2810 nostrum
2423 2760 2636 2812 omnino
2670 2762 2837 2816 uideri
2884 2764 2962 2818 vel
2991 2766 3177 2833 quinto
3224 2767 3482 2835 prwcipiti

1902 2846 2095 2897 stcculo
2121 2885 2137 2909 ,
2178 2847 2253 2900 vel
2300 2850 2460 2901 etiam
2496 2861 2641 2903 sexto
2696 2854 2929 2919 vixisse,
2980 2873 3071 2910 nec
3114 2872 3236 2911 ante
3282 2874 3482 2915 annum

1907 2936 2117 2989 Domini
2166 2939 2377 2993 circiter
2424 2943 2527 2995 520
2553 2946 2689 3011 [eius
2738 2964 2860 3001 suos
2890 2949 3141 3005 edidisse.
3173 2952 3327 3017 Quod
3354 2955 3481 3023 qui-

1903 3030 2023 3083 dem
2053 3046 2120 3085 ex
2149 3047 2215 3086 eo
2260 3034 2475 3102 probari
2523 3053 2683 3107 posse
2724 3050 2878 3107 putat
2923 3044 3050 3113 quia
3092 3046 3144 3098 in
3176 3060 3479 3104 memorata

1903 3123 2197 3179 collatione
2234 3126 2520 3199 Hypatius,
2573 3133 2854 3189 catholicae
2889 3138 3051 3191 totius
3093 3137 3351 3194 Ecclesia:
3387 3157 3485 3197 no-

1907 3215 2075 3278 mine,
2130 3215 2444 3274 Severianis
2488 3225 2837 3291 responderit
2886 3226 2983 3280 bos
3034 3228 3203 3283 libros
3255 3231 3482 3301 Cyrillo,

1903 3314 2199 3371 Athanasio
2236 3317 2465 3388 aliisque
2505 3319 2759 3378 Patribus
2797 3325 3013 3394 penitus
3044 3326 3209 3381 fuisse
3236 3325 3483 3395 incogni-

1907 3417 2030 3473 tos;
2064 3409 2158 3463 sed
2207 3409 2327 3466 leve
2367 3414 2591 3468 omnino
2621 3424 2706 3469 est
2750 3416 2893 3471 istud
2922 3418 3255 3486 probationis
3284 3434 3479 3489 genus.

1904 3499 2038 3555 Nam
2070 3502 2303 3557 Collatio
2336 3504 2425 3558 illa
2458 3506 2747 3560 concilium
2776 3511 3171 3565 meumenicum
3206 3527 3311 3564 non
3357 3512 3480 3576 fuit,

1905 3608 2002 3647 nec
2044 3595 2339 3663 quidquam
2388 3597 2537 3652 hisce
2582 3601 2647 3653 de
2676 3600 2898 3669 scriptis
2930 3600 3045 3672 lege
3083 3602 3193 3656 lata
3225 3606 3477 3660 saucivit.

1904 3685 2170 3755 llypatius
2215 3690 2398 3755 itaque
2428 3690 2593 3745 totius
2635 3692 2896 3747 Ecclesiae
2932 3695 3154 3749 nomine
3185 3711 3291 3750 non
3326 3697 3478 3752 locu-

1904 3788 1990 3834 tus
2044 3790 2176 3835 est:
2221 3783 2314 3836 sed
2360 3791 2417 3834 ut
2461 3784 2516 3837 in
2570 3784 2939 3853 hujuscemodi
2986 3788 3482 3842 concertationibus

1902 3871 2020 3926 ﬁeri
2049 3882 2213 3935 amat,
2245 3873 2555 3930 Severianis
2582 3880 2895 3932 eorumdetn
2927 3880 3259 3949 scriptorum
3287 3892 3481 3935 aucto-

1903 3966 2117 4019 ritatem
2162 3967 2545 4037 objicieutihus
2578 3984 2645 4022 ex
2678 3979 2921 4039 tempore
2970 3972 3280 4038 respondit,
3314 3985 3377 4025 ea
3410 3973 3479 4025 de

1901 4059 2100 4126 quibus
2129 4061 2261 4113 nihil
2291 4061 2926 4126 hacrenusaudiemt,ab
2955 4064 3197 4133 antiquis
3220 4063 3477 4119 Palribus

1904 4167 2008 4206 non
2036 4151 2205 4208 fuisse
2227 4154 2465 4224 cognita.
2495 4152 2760 4209 Praeterea
2786 4154 3066 4210 Severiani
3100 4156 3185 4210 illa
3214 4159 3477 4224 citarunt,

1904 4259 2007 4297 non
2044 4254 2099 4297 ut
2130 4260 2267 4299 nova
2305 4255 2359 4299 et
2390 4260 2583 4299 recens
2608 4247 2778 4312 edita,
2805 4249 2899 4302 sed
2934 4258 2994 4303 ut
3020 4250 3313 4317 genuinum
3346 4250 3476 4304 Dio-

1904 4338 2043 4407 nysii
2072 4339 2413 4407 Areopagitae
2434 4355 2592 4409 opus,
2614 4339 2729 4409 jam
2755 4341 2824 4394 ab
2849 4355 2966 4409 ejus
2988 4351 3150 4396 actate
3180 4343 3232 4395 in
3282 4341 3476 4411 vulgus

1900 4429 2185 4482 emissum.
2230 4428 2493 4499 Hypatius
2536 4445 2666 4484 vero
2727 4433 3022 4501 eieterique
3071 4432 3372 4498 catholici,
3416 4450 3479 4488 re

206 4547 310 4583 aue
336 4532 548 4582 eosdem
596 4529 780 4591 libros,
813 4525 999 4581 erca
1046 4527 1231 4596 lingua
1268 4530 1621 4595 conscriptos,
1659 4544 1793 4595 quo-
1832 4515 1873 4568 D
1907 4522 2171 4575 inaturius
2218 4537 2489 4590 expensa,
2542 4522 2593 4576 id
2646 4537 2831 4577 verum
2883 4538 3006 4579 esse
3052 4526 3195 4581 ultro
3241 4528 3477 4581 confessi

208 4625 360 4674 niam
388 4637 684 4674 aeconomus
717 4618 966 4673 Ecclesia
993 4616 1522 4686 Constantipolitante
1543 4631 1589 4673 et
1613 4623 1793 4674 cteteri

208 4714 365 4765 missi
399 4711 681 4765 Michaelis
711 4712 971 4780 legatione
992 4710 1201 4780 publica
1220 4712 1290 4763 ad
1316 4723 1541 4765 vestram
1568 4714 1793 4781 gloriam

205 4805 526 4870 compendio
563 4805 732 4871 [uncti
773 4814 933 4865 sunt;
960 4805 1016 4856 in
1061 4804 1175 4872 ipsa
1220 4805 1399 4873 vigilia
1443 4806 1792 4858 solemnitalis

205 4900 386 4951 sancti
434 4898 675 4966 Dionysii
733 4914 829 4966 pro
891 4914 1104 4953 munere
1152 4915 1340 4966 magno
1391 4902 1789 4969 susceperimus.

207 4992 372 5056 Quod
409 4995 607 5044 donum
638 4992 893 5044 devotioni
924 5004 1139 5057 nostrw,
1171 5008 1233 5044 ac
1262 4992 1310 5045 si
1340 4992 1542 5044 ClBIilLS
1570 4992 1794 5045 allatum

204 5100 241 5134 α
269 5082 408 5147 Deo,
437 5084 621 5134 divina
650 5093 725 5136 est
758 5084 932 5151 gratia
957 5094 1265 5151 prosecuta;
1304 5094 1359 5136 ut
1397 5086 1453 5137 in
1490 5085 1672 5137 eadem
1702 5099 1796 5136 no-

203 5187 287 5229 cte
310 5177 493 5228 decem
521 5187 568 5228 et
599 5191 780 5228 novem
819 5178 1253 5230 nominatissima:
1289 5180 1506 5231 virtutes
1538 5178 1594 5232 in
1627 5194 1795 5247 a'gro-

203 5280 389 5322 torum
418 5269 703 5323 sanatione
732 5271 996 5324 variarunt
1022 5272 1390 5336 inﬁrmitatum
1419 5289 1484 5326 ea:
1507 5274 1795 5327 notissimis

198 5369 251 5413 et
293 5360 564 5414 vicinitati
595 5372 789 5414 nostra
814 5364 1051 5425 personis
1095 5364 1372 5431 contiguis,
1404 5364 1473 5415 ad
1510 5365 1722 5417 laudem
1746 5374 1794 5417 et

199 5452 437 5521 gloriam
500 5453 584 5504 sui
626 5454 853 5506 nominis
909 5456 1239 5509 orationibus
1279 5465 1324 5508 et
1388 5455 1589 5509 meritis
1624 5456 1797 5509 excel-

199 5544 490 5600 lentissimi
524 5548 609 5599 sui
649 5548 901 5617 martyris
924 5547 1160 5601 Christus
1200 5549 1458 5602 Dominus
1486 5550 1553 5603 sit
1591 5555 1795 5616 operari

272 5746 322 5778 “
351 5744 633 5819 Epist._ad
654 5743 909 5819 Car_ol_um
940 5744 1378 5819 Calvum_(Patr.
1408 5746 1525 5799 Lat.
1566 5754 1607 5799 t.
1639 5745 1772 5819 CVI,
1809 5746 1913 5802 col.
1942 5746 2057 5819 '55).

203 5831 328 5887 cap.
360 5819 453 5871 52.
532 5816 581 5847 δ’
611 5816 766 5886 Apud
806 5816 1056 5873 l’hotiutn
1084 5819 1135 5872 in
1169 5817 1445 5881 Bibliotlt.,
1500 5821 1620 5873 cod.
1654 5818 1777 5876 229.

1903 4624 2048 4669 sunt.
2093 4617 2165 4669 At
2214 4630 2387 4681 neque
2434 4614 2717 4671 Severiani
2768 4617 2898 4671 illud
2948 4627 3099 4672 tanta
3148 4620 3475 4675 conﬁdentia

1904 4720 2337 4773 asseverassent,
2374 4710 2832 4777 nequelCatbolici
2868 4725 3056 4765 eorum
3104 4713 3321 4766 tandem
3350 4714 3480 4767 sub-

1902 4802 2247 4870 scripsissent
2281 4803 2587 4865 sententize,
2619 4804 2665 4856 si
2717 4802 2800 4856 lue
2846 4804 3250 4860 lucubrationes
3300 4820 3328 4857 a
3362 4816 3477 4859 tre-

1902 4895 2077 4950 decim
2110 4904 2318 4947 tantum
2348 4897 2527 4961 annis,
2558 4904 2616 4947 ut
2643 4896 2923 4951 contendit
2944 4894 3202 4961 Dallteus,
3243 4896 3479 4965 prodiis-

1902 4999 2018 5044 sent
2044 4990 2097 5043 in
2129 4991 2324 5043 lucem.

1972 5080 2313 5151 Quapropter
2355 5082 2445 5136 alii
2495 5096 2591 5137 eas
2634 5082 2793 5151 longe
2826 5083 2909 5137 his
2952 5085 3293 5152 temporibus
3336 5087 3481 5139 anti-

1903 5178 2124 5246 quiores
2150 5192 2270 5232 esse
2296 5178 2590 5231 allirmunt.
2631 5179 2805 5246 Atque
2836 5189 2896 5230 ut
2922 5177 2974 5231 id
3006 5178 3261 5246 probent,
3294 5186 3479 5231 osten-

1903 5274 2037 5324 dunt
2065 5272 2240 5338 primo
2269 5272 2337 5324 ab
2368 5271 2616 5339 Ephrtem
2649 5270 2956 5340 patriarcha
2985 5270 3328 5323 Antiocheno
3359 5269 3480 5321 illas

1907 5361 2163 5432 Dionysio
2193 5362 2536 5430 Areopagitae
2571 5362 2652 5415 his
2682 5362 2862 5415 verbis
2903 5360 3065 5415 tribui
3096 5360 3140 5391 δ’
3172 5381 3184 5415 :
3217 5358 3480 5424 Quoniam

1902 5467 1951 5508 et
1985 5454 2209 5522 simplea:
2248 5453 2407 5508 Jesus
2452 5455 2865 5523 componebatur
2903 5456 3190 5507 secundum
3235 5459 3478 5502 sanctum

1904 5550 2212 5618 Dionysium
2238 5550 2626 5619 Areopagitam.
2668 5547 2885 5618 Ἐπειδὴ
2913 5546 3006 5601 καὶ
3033 5544 3241 5606 ἁπλοῦς
3273 5541 3476 5611 Ἰησοῦς

2143 5746 2187 5782 ⁸⁷
2220 5748 2387 5804 Marc.
2430 5747 2485 5816 9,
2514 5748 2600 5803 57.
2679 5746 2726 5781 ⁸⁸
2758 5744 2838 5801 De
2860 5746 2952 5801 lib.
2988 5758 3202 5815 suppos.
3244 5739 3447 5811 Dionys
