3916 6234
446 356 508 414 4⁵1
1535 353 1592 408 S.
1637 351 2007 410 DIONYSIUS
2039 351 2499 409 AREOPAGITA.
3611 360 3682 413 48

442 472 696 544 συνετέθη
731 472 874 527 κατὰ
900 472 989 526 τὸν
1019 474 1077 526 ἐν
1105 472 1218 535 τοῖς
1238 474 1412 542 ἁγίοις
1451 474 1860 544 Ἀρεωπαγίτην
1898 475 2007 526 Διο-

2117 471 2348 528 inlibris
2393 474 2493 540 ipsi
2534 471 2786 541 ascriptis
2829 470 2995 524 etiam
3028 484 3168 523 nunc
3213 466 3391 539 legere
3426 479 3530 524 est.
3571 469 3679 525 Sed

440 567 639 620 νύσιον.
669 567 830 634 Atqui
863 566 1105 634 Ephraun
1134 567 1442 635 patriarcha
1464 568 1834 621 Antiochenus
1859 582 2011 620 crea-

440 672 530 713 tus
560 669 645 713 est
677 674 799 712 cum
844 657 1185 713 Justinianus
1227 673 1371 712 anno
1411 658 1514 711 526
1556 658 1623 712 ad
1676 658 1885 728 imperii
1915 675 2012 726 gu-

440 748 732 806 hernacula
779 752 1032 813 accessit,
1080 760 1134 804 et
1180 751 1409 819 ipsemet
1451 750 1697 819 Ephratm
1740 764 1864 807 ante
1909 769 2010 805 an—

443 860 568 898 num
601 843 706 898 545
736 842 845 897 fato
889 843 1107 898 functus
1148 854 1249 898 est.
1290 844 1534 914 Dionysii
1581 847 1744 899 etiam
1792 845 2011 899 nomine

444 951 555 989 non
602 936 769 989 scmel
800 936 1039 990 citantur
1091 937 1157 991 ab
1194 937 1408 991 Andrea
1441 938 1764 993 Cwsariensi
1798 943 2008 1007 episco-

444 1045 533 1097 po,
561 1030 650 1097 qui
685 1030 828 1084 circa
878 1045 1075 1083 annum
1124 1030 1228 1084 500
1278 1032 1442 1086 libros
1489 1048 1617 1087 suos
1664 1032 1924 1087 edidit“.
1954 1033 2007 1086 lu

442 1122 513 1176 iis
539 1124 736 1191 quippe
767 1123 965 1177 nullius
994 1124 1276 1193 scriptoris
1320 1124 1477 1179 beato
1506 1123 1710 1195 Cyrillo
1744 1128 2007 1181 recentio-

443 1214 539 1278 ris,
578 1215 668 1269 ille
694 1216 915 1283 protulit
947 1216 1337 1271 testimonium.

515 1307 671 1361 Aliud
713 1307 953 1376 ejusdem
1006 1309 1349 1377 antiquitatis
1380 1319 1782 1377 argumentum,
1831 1308 2010 1364 minus

443 1411 625 1453 tamen
682 1410 914 1465 certum,
964 1400 1182 1455 elicitur
1220 1415 1283 1454 ex
1333 1399 1557 1455 scholiis
1609 1415 1727 1469 qua:
1772 1400 2010 1455 Joannes

443 1492 941 1563 Scythopolitanns,
977 1498 1112 1545 teste
1155 1491 1442 1546 Anastasio
1483 1492 1927 1559 Bibliothecario,
1956 1494 2008 1546 in

441 1587 681 1656 Dionysii
712 1585 883 1654 Opera
920 1584 1242 1655 οοιιιιιηευίι.
1288 1584 1422 1638 Nam
1449 1595 1637 1640 contra
1676 1586 1815 1641 hunc
1844 1585 2010 1642 Joan-

443 1696 600 1746 nem,
670 1679 761 1747 qui
829 1678 1041 1733 concilii
1113 1669 1570 1735 Chalcedonensis
1639 1681 2008 1737 defensionem

446 1786 793 1843 susceperat,
828 1777 1049 1843 Scripsit
1078 1773 1310 1829 Basilius
1338 1774 1501 1839 Cilix,
1528 1776 1640 1844 qui,
1676 1787 1734 1830 ut
1768 1778 1844 1831 ait
1872 1777 2010 1832 Pho-

438 1871 547 1924 tius
594 1869 661 1933 ”,
712 1869 982 1938 presbyter
1032 1868 1135 1935 fuit
1185 1866 1435 1922 Ecclesia:
1486 1868 1858 1935 Antiochenw,
1905 1888 2006 1940 quo

435 1974 665 2030 tempore
697 1962 939 2014 thronum
973 1962 1044 2013 ibi
1076 1961 1281 2013 tenebat
1336 1958 1645 2025 Flavianus,
1685 1958 2008 2031 Romanique

437 2058 644 2111 clavum
704 2054 908 2123 imperii
972 2054 1347 2105 moderabatur
1399 2053 1756 2117 Anastasius,
1804 2053 1855 2107 id
1925 2063 2009 2107 est

439 2148 583 2201 circa
619 2162 821 2200 annmu
866 2142 990 2197 500.
1032 2142 1417 2197 Verumtamen
1447 2158 1567 2197 cum
1599 2143 1741 2199 idem
1772 2144 2010 2200 Anasta-

439 2240 555 2293 sius
575 2236 803 2306 primam
832 2234 1161 2302 scriptorum
1190 2234 1433 2305 Dionysii
1460 2235 1788 2289 mentionem
1807 2253 1835 2291 a
1862 2252 2009 2290 sum-

444 2334 549 2387 mis
601 2330 949 2401 pontilicibus
992 2326 1256 2394 Gregorio
1304 2326 1517 2397 Magno.
1562 2325 1816 2394 Martino,
1862 2332 2008 2399 Ago--

444 2427 609 2481 thone
640 2422 753 2476 ﬁeri
780 2428 1033 2483 testetur,
1070 2419 1158 2472 ille
1186 2419 1371 2488 procul
1401 2420 1565 2473 dubio
1594 2419 1678 2473 vel
1711 2435 1898 2474 errore
1922 2420 2009 2475 vel

441 2516 716 2571 memoriae
756 2513 907 2581 lapsu
963 2511 1133 2565 falsus
1170 2520 1281 2573 est;
1317 2524 1415 2565 nec
1449 2511 1580 2564 tanti
1614 2512 1840 2579 proinde
1872 2528 2006 2580 pon-

439 2608 585 2661 deris
617 2616 793 2676 potest
819 2618 941 2657 esse
981 2601 1096 2669 ejus
1134 2603 1452 2655 auctoritas.
1502 2600 1644 2655 Idem
1677 2617 1891 2671 quoque
1927 2604 2010 2656 di-

443 2700 671 2755 cendum
704 2698 770 2750 de
793 2696 1086 2749 Anastasio
1112 2693 1344 2759 Sinaita,
1374 2692 1463 2761 qui
1483 2702 1608 2745 ante
1636 2694 1813 2747 szeculi
1833 2695 2004 2763 quinti

442 2791 605 2846 [luem
656 2788 970 2858 Dionysium
1021 2786 1312 2841 Rhetorem
1355 2784 1457 2838 alia
1510 2785 1761 2838 similiter
1803 2785 2007 2839 scholia

442 2883 497 2935 in
525 2881 740 2936 easdem
784 2876 1028 2948 Dionysii
1077 2876 1415 2945 Areopagitae
1464 2874 1864 2929 lucubrationes
1908 2891 2008 2943 pu-

440 2972 671 3027 blicasse
715 2979 941 3025 testatus
984 2978 1087 3023 est.
1132 2967 1398 3022 Cancrum
1429 3006 1444 3032 ,
1477 2967 1826 3036 quantumvis
1863 2977 2010 3022 uter-

443 3082 550 3134 que
579 3064 903 3118 Anastasius
929 3074 1182 3129 peccasse
1207 3060 1665 3124 dicatur,cerlum
1689 3066 1867 3112 tamen
1891 3073 2010 3112 esse

442 3158 604 3211 debet
629 3171 721 3210 eos
748 3169 845 3208 nec
870 3152 1092 3206 ﬁnxisse
1121 3166 1221 3205 nec
1239 3151 1511 3204 divinasse
1539 3149 1744 3204 scholia
1766 3149 2011 3215 hujusce-
2037 3170 2080 3226 ο

443 3250 588 3303 modi
638 3248 804 3301 fuisse
850 3243 1146 3312 aliquando
1192 3246 1260 3296 ab
1314 3243 1397 3296 his
1437 3240 1794 3310 scriptoribus
1844 3241 2008 3296 edita.

442 3344 545 3410 Qui
579 3352 762 3395 autem
792 3338 1000 3393 scholia
1039 3338 1091 3391 in
1124 3346 1401 3390 auctorem
1447 3336 1734 3403 quemdam
1767 3334 2011 3389 conscri-

444 3438 597 3497 bunt,
630 3449 750 3485 eum
780 3446 878 3499 pro
907 3429 1075 3484 veteri
1103 3438 1157 3481 et
1193 3429 1371 3496 magni
1402 3426 1639 3480 nominis
1662 3426 1780 3480 viro
1812 3426 2011 3481 habere

443 3528 637 3581 solent.
668 3524 765 3578 Diu
797 3537 930 3592 ergo
969 3535 1097 3576 ante
1132 3518 1388 3574 smculum
1414 3519 1663 3589 quintum
1694 3517 2008 3590 Dionysiani

440 3620 562 3674 libri
593 3616 891 3686 pervulgati
922 3615 1159 3669 l‘ucrunt.

518 3710 651 3764 Illud
682 3724 810 3762 vero
840 3708 924 3761 his
953 3706 1162 3761 accedit
1188 3704 1400 3759 roboris
1424 3712 1479 3758 et
1506 3703 1831 3758 ﬁrmamenti
1864 3703 2009 3771 quod

442 3802 638 3856 Suidas
669 3800 714 3831 ⁵¹
743 3808 796 3855 et
826 3797 1186 3867 Pachymeres
1223 3795 1272 3827 ⁸³
1313 3796 1554 3863 tradunt,
1592 3796 1796 3863 aliquos
1842 3805 2012 3846 exter-

443 3912 536 3948 nos
562 3892 916 3961 philosOphos,
956 3890 1245 3958 praesertim
1280 3885 1529 3942 Proclum
1556 3918 1571 3943 .
1617 3885 2010 3952 contemplatio-

446 3989 597 4041 nibus
642 3982 882 4051 Dionysii
913 3982 1212 4051 frequenter
1257 3995 1411 4031 usum
1463 3978 1641 4044 fuisse,
1675 3988 1831 4044 atque
1879 3976 2009 4028 adeo

440 4082 601 4135 etiam
632 4076 788 4129 meris
827 4074 953 4143 ipsis
992 4072 1327 4125 dictionibus.
1373 4071 1427 4123 Si
1473 4080 1633 4123 certae
1681 4070 1841 4137 igitur
1883 4068 2007 4121 lidei

443 4174 552 4226 sint
586 4171 704 4224 haec
746 4165 1081 4228 testimonia,
1118 4163 1393 4217 latendum
1425 4172 1507 4215 est
1549 4161 2008 4230 contemplationes

447 4261 687 4331 Dionysii
727 4258 925 4313 Proclo
972 4256 1089 4321 illo,
1137 4254 1229 4323 qui
1277 4254 1377 4307 sub
1412 4251 1590 4307 Leone
1637 4253 1848 4306 Thrace
1897 4267 2009 4306 me-

444 4356 592 4409 dium
626 4352 849 4407 circiter
876 4349 1132 4405 sacculum
1183 4346 1431 4416 quintum
1476 4345 1629 4398 libris
1661 4343 2008 4399 conﬁciendis

442 4462 662 4517 operam
709 4444 876 4510 dedit,
922 4456 1043 4496 esse
1088 4438 1444 4508 antiquiores.
1491 4436 1852 4503 Quamobrem
1901 4454 2005 4491 non

2113 568 2330 633 quidatn
2356 566 2514 632 hujus
2545 564 2996 634 historiographi,
3025 578 3184 630 quem
3218 563 3681 617 fahnlosissimum

2111 672 2232 710 esse
2267 658 2475 723 dicunt,
2518 657 2890 710 auctoritatem
2956 654 3170 707 elevare
3213 655 3390 707 conati
3427 671 3441 708 :
3489 653 3681 717 Verba,

2114 752 2389 819 inquiunt.
2419 768 2484 805 ea:
2520 752 2712 805 nostris
2745 751 3085 820 Dionysianis
3114 751 3368 816 descripta
3417 748 3684 818 Nicepho-

2112 856 2203 893 rus
2227 842 2431 895 videtur
2471 843 2580 909 ipse
2609 843 2782 909 potius
2810 842 2872 892 de
2906 856 3001 893 suo
3030 839 3307 909 adjecisse.
3344 841 3413 891 ad
3440 839 3683 894 Juvena-

2110 934 2177 986 lis
2220 936 2575 987 narrationem
2623 932 3075 1000 conﬁrmandam,
3123 949 3280 1001 quam
3322 948 3383 985 ea
3430 930 3685 987 Juvenali

2112 1028 2375 1081 tribuisse.
2414 1027 2507 1080 llis
2543 1038 2723 1079 autem
2771 1027 2815 1079 si
2861 1026 3091 1094 ohjicias
3142 1025 3501 1094 Nicephorum
3530 1027 3684 1081 clare

2110 1130 2168 1172 et
2199 1119 2482 1187 perspicue
2512 1116 2778 1171 aﬂirmare
2820 1117 3091 1187 ipsissima
3124 1115 3398 1171 iuvenalis
3434 1118 3595 1170 verba
3646 1132 3683 1171 τι

2111 1224 2172 1263 se
2200 1210 2364 1264 fuisse
2395 1210 2687 1280 descripta,
2721 1220 2993 1280 reponunt
3018 1208 3161 1263 illico
3193 1226 3207 1261 :
3241 1207 3524 1262 Historicis
3546 1226 3682 1262 scrt-

2110 1304 2347 1371 ptoribus
2385 1304 2615 1358 solemne
2642 1320 2774 1369 esse,
2806 1304 3061 1365 homines,
3087 1303 3152 1355 de
3192 1304 3378 1371 quibus
3417 1304 3680 1366 scribunt,

2111 1412 2171 1449 ea
2200 1397 2429 1450 dicentes
2449 1396 2715 1458 inducere,
2745 1412 2846 1448 non
2868 1411 2986 1463 qua:
3011 1410 3127 1447 rere
3150 1412 3211 1447 ac
3240 1405 3379 1448 certo
3401 1396 3677 1459 dixerunt,

2111 1488 2201 1540 sed
2224 1504 2341 1553 qua:
2371 1488 2490 1540 illos
2522 1486 2622 1553 ipsi
2648 1487 2819 1538 dicere
2846 1490 3075 1553 potuisse
3102 1497 3308 1553 putant.

2187 1579 2293 1634 Sed
2326 1580 2452 1634 huic
2500 1580 2836 1649 responsioni
2866 1578 3021 1645 plura
3073 1594 3373 1648 repugnare
3402 1579 3681 1635 videntur.

2113 1672 2354 1725 Primum
2415 1673 2557 1725 enim
2610 1672 2675 1725 de
2734 1687 3053 1743 quocunque
3107 1674 3214 1727 alio
3264 1672 3551 1740 scriptore,
3586 1673 3683 1739 qui

2113 1762 2344 1816 aliorum
2401 1762 2566 1815 verba
2618 1777 3011 1833 sermone~que
3063 1764 3421 1826 transcribit,
3487 1763 3681 1816 eadem

2044 1834 2084 1887 Β
2112 1855 2281 1910 etiam
2315 1856 2420 1910 dici
2454 1868 2695 1926 possent.
2728 1857 2881 1925 Quod
2914 1874 3046 1914 sane
3088 1875 3251 1927 quam
3296 1859 3488 1911 falsum
3516 1861 3586 1913 sit
3626 1864 3684 1909 et

2110 1947 2428 2016 absurdum,
2464 1963 2623 2004 nemo
2653 1966 2757 2005 non
2791 1952 2955 2009 videt.
2988 1952 3188 2006 Deinde
3239 1951 3539 2020 Nicephoro
3568 1966 3681 2005 non

2112 2041 2282 2095 moris
2315 2052 2393 2095 est
2428 2041 2674 2096 homines
2708 2056 2772 2095 ea
2802 2042 3043 2097 dicentes
3086 2040 3365 2105 inducere,
3400 2056 3520 2109 qua:
3558 2039 3683 2094 illos

2114 2132 2227 2201 ipse
2276 2132 2461 2187 dicere
2509 2134 2748 2203 pomisse
2792 2132 3041 2203 putabat.
3081 2134 3174 2187 sed
3204 2148 3326 2202 quae
3369 2134 3404 2187 ii
3448 2148 3574 2187 vere
3616 2148 3687 2187 ac

2110 2236 2264 2279 certo
2296 2225 2571 2281 dixerunt.
2621 2224 2908 2280 Postremo
2961 2224 3188 2280 Michael
3242 2224 3440 2295 Glycas
3488 2225 3687 2281 scribis

2113 2317 2166 2370 in
2203 2315 2495 2369 Annalibus
2526 2316 2833 2386 sepulcrum
2870 2314 2964 2371 Dei
3008 2315 3296 2372 Genitricis
3324 2317 3507 2371 Mariae
3533 2334 3687 2385 cum,

2112 2407 2439 2460 adveniente
2469 2403 2701 2472 Thoma,
2730 2416 2976 2475 apertum
3027 2406 3241 2475 luisset,
3270 2409 3321 2462 in
3374 2409 3464 2462 illo
3488 2422 3686 2478 praeter

2111 2495 2427 2565 sepulcrales
2464 2497 2680 2550 exuvias
2716 2496 2851 2551 nihil
2907 2495 3053 2551 aliud
3098 2509 3386 2566 repertum.
3422 2501 3597 2568 Atque
3631 2502 3687 2556 id

2113 2586 2331 2653 quidem
2357 2587 2559 2643 Graeca:
2598 2585 2891 2657 Nicephori
2941 2588 3243 2643 narrationi
3289 2592 3513 2644 omnino
3554 2608 3692 2645 con-

2111 2679 2284 2746 gruit,
2318 2678 2407 2732 ubi
2441 2692 2544 2731 vox
2579 2677 2764 2732 Gra=ca
2791 2693 2896 2733 non
2922 2676 3252 2746 sepulcrum,
3284 2680 3377 2735 sed
3407 2683 3689 2751 sepulcra-

2113 2767 2187 2820 les
2222 2768 2441 2821 exuvias
2470 2767 2758 2837 signiﬁcat.

2184 2860 2321 2926 Quid
2376 2859 2518 2929 quod
2588 2858 2956 2928 Hieronymus
3028 2875 3131 2914 non
3187 2863 3366 2917 minus
3428 2865 3688 2921 distincte

2111 2969 2275 3022 quam
2309 2961 2502 3005 auctor
2527 2961 2712 3005 noster
2745 2966 2938 3005 novem
2971 2952 3289 3021 angelorum
3334 2957 3553 3012 ordines
3589 2973 3692 3026 po-

2112 3042 2310 3099 suit"?
2358 3044 2511 3099 Unde
2549 3057 2680 3112 ergo
2715 3044 2854 3097 hanc
2884 3044 2949 3097 de
2986 3045 3191 3114 angelis
3231 3046 3531 3103 doctrinam
3574 3054 3689 3104 nisi

2112 3154 2177 3191 ex
2207 3138 2323 3205 ejus
2352 3138 2507 3191 libris
2533 3146 2809 3190 nmtuatus
2834 3136 2958 3189 est?
2988 3134 3183 3191 Verum
3228 3136 3342 3193 hazc
3370 3140 3690 3206 conjectura

2115 3246 2218 3285 non
2244 3231 2466 3286 omnino
2515 3230 2643 3285 felix
2668 3244 2790 3285 esse
2822 3229 3054 3284 videtur.
3082 3230 3212 3296 Quis
3242 3232 3386 3286 enim
3421 3233 3690 3306 Hierony-

2113 3341 2257 3379 mum
2286 3341 2351 3380 ex
2381 3326 2568 3380 eodem
2602 3340 2666 3378 ac
2710 3324 2941 3393 scriptor
2970 3335 3176 3390 nomer,
3208 3340 3487 3382 sacrarum
3528 3328 3686 3386 Scri-

2112 3433 2394 3489 pturarum
2430 3418 2577 3471 l'onte
2612 3414 2757 3470 illam
2785 3416 3005 3471 haurire
3037 3419 3279 3483 potuisse
3320 3419 3690 3479 inliciabitur?

2112 3513 2244 3580 Quis
2275 3512 2441 3565 etiam
2471 3518 2748 3562 auctorem
2780 3517 3042 3573 nostrum,
3089 3516 3274 3579 utpote
3299 3514 3688 3582 recentiorem,

2110 3618 2177 3658 ex
2211 3602 2540 3671 Hieronymo
2588 3614 2684 3653 sua
2722 3599 3089 3669 desumpsisse
3118 3602 3234 3669 pari
3262 3602 3384 3672 jure
3417 3603 3689 3663 aﬂirmare

2113 3710 2218 3749 non
2256 3692 2489 3761 poterit?

2183 3784 2614 3839 Probabiliorem
2672 3781 2896 3836 forsitan
2956 3784 3022 3836 de
3078 3780 3682 3857 Pseudo-Dionysiano-

2113 3893 2233 3932 rum
2257 3874 2492 3944 Operum
2523 3875 2849 3943 antiquitate
2873 3872 3246 3940 conjecturam
3274 3877 3398 3931 inde
3423 3880 3684 3947 accipies,

2111 3967 2254 4038 quod
2306 3966 2546 4020 nonnulli
2604 3980 2665 4019 ea
2740 3964 3034 4032 Apollinari
3090 3974 3146 4019 et
3197 3968 3446 4037 Didymo,
3502 3972 3684 4033 quarti

2113 4060 2292 4116 saeculi
2319 4058 2694 4125 scriptoribus,
2727 4056 3157 4125 assignaverint;
3204 4074 3267 4110 ac
3314 4060 3538 4126 proinde
3567 4062 3684 4115 hac

2111 4153 2299 4207 eadem
2333 4151 2508 4219 Opera
2539 4148 2646 4203 illis
2676 4148 3009 4211 temporibus
3029 4147 3139 4215 jam
3168 4149 3218 4202 in
3264 4150 3452 4218 vulgus
3490 4167 3684 4222 sparsa

2110 4242 2279 4297 fuisse
2308 4240 2601 4294 habuerint
2650 4253 2993 4306 persuasum.
3032 4238 3137 4292 Sed
3184 4254 3306 4291 cum
3360 4240 3492 4293 nihil
3536 4246 3681 4309 quod

2109 4332 2436 4402 Apollinaris
2478 4340 2532 4385 et
2590 4329 2799 4399 Didymi
2827 4329 3102 4383 erroribus
3138 4339 3297 4398 atque
3322 4330 3578 4386 doctrina:
3611 4334 3683 4385 sit

2111 4440 2412 4481 consonum
2444 4424 2497 4477 in
2550 4422 2738 4476 iisdem
2782 4420 2999 4488 scriptis
3047 4432 3326 4487 occurrat,
3367 4432 3474 4474 tota
3528 4436 3684 4477 certe

438 4510 564 4610 jure
591 4548 816 4606 prorsus
840 4531 1113 4586 immerito
1142 4529 1388 4583 Moriuus
1414 4528 1458 4575 υ
1490 4545 1503 4580 :
1538 4527 1736 4581 Saltem
1760 4528 2009 4581 librorum
2045 4517 2088 4571 D
2115 4525 2300 4573 errant
2333 4517 2439 4577 via,
2470 4516 2558 4582 qui
2598 4530 2659 4566 ea
2692 4511 3053 4580 scriptoribus
3098 4510 3203 4563 illis
3240 4513 3576 4579 adjudicant.
3623 4515 3684 4567 Si

443 4632 666 4685 istorum
696 4623 936 4691 scriptio,
966 4621 1162 4689 inquit,
1188 4620 1340 4672 initio
1374 4619 1544 4688 quinti
1574 4620 1779 4681 swculi,
1812 4630 1858 4672 et
1889 4633 2009 4673 ante

440 4720 651 4777 concilii
708 4714 1150 4770 Chalcedonensis
1225 4711 1623 4764 celebrationem
1688 4712 2008 4781 assignandu

440 4822 540 4879 est,
591 4825 681 4863 nec
737 4807 848 4861 ulla
889 4804 1092 4858 ratione
1136 4802 1396 4871 probabili
1445 4803 1513 4856 ad
1567 4802 1787 4868 inferius
1837 4818 2006 4857 tecum

440 4903 631 4959 revolvi
676 4908 864 4967 potest.
906 4897 1178 4951 Lauuoius
1225 4909 1355 4949 vero
1400 4906 1640 4965 tempore
1691 4898 1876 4965 prima:
1919 4913 2005 4967 sy-

444 4996 567 5049 nodi
604 4991 911 5061 Ephesium,
945 4996 1001 5039 et
1035 4986 1297 5038 Erasmus
1324 4984 1609 5053 Augustini
1638 4993 1794 5039 aetate
1820 4998 2003 5039 aucto-

441 5104 557 5144 rem
593 5094 836 5139 nostrum
870 5080 1066 5131 vixisse
1091 5076 1444 5130 arbitrantur.

510 5179 711 5235 .Varrat
748 5188 912 5243 porro
939 5167 1278 5237 Nicephorus
1320 5166 1720 5232 l“Juvenalem,
1752 5167 2006 5223 Hieroso-

428 5276 715 5344 lymitana:
756 5264 907 5316 urbis
937 5260 1273 5327 episcopum,
1306 5257 1599 5311 Pulcheriae
1641 5259 1897 5325 Augustze
1936 5260 2002 5312 de

429 5375 667 5431 corpore
735 5356 967 5425 virginis
1030 5353 1275 5420 Deipara:
1349 5352 1704 5420 interroganti
1777 5366 1999 5419 respou-

429 5463 682 5517 dentem,
733 5464 796 5504 ea
835 5459 1015 5500 ouuua
1072 5442 1312 5513 Dionysii
1358 5443 1575 5498 nomine
1628 5442 1849 5507 eitasse,
1881 5460 2002 5513 qua:

504 5644 552 5677 ⁸⁸
582 5641 870 5696 Comment.
918 5634 975 5687 in
1029 5629 1269 5697 Apocal.,
1316 5640 1389 5693 si,
1422 5640 1536 5689 xm,
1577 5640 1701 5685 xw,

431 5718 529 5768 Dio
544 5730 658 5781 nys.

432 5802 542 5839 rers
560 5826 573 5840 .
623 5781 871 5849 lin/iitum

1775 5627 1823 5661 ⁸¹
1869 5624 2123 5680 Biblioth.
2176 5620 2295 5674 cod.
2328 5619 2447 5673 107.

771 5675 1115 5761 ἵζ”ὺέξαςισέε
1146 5675 1395 5754 Ordinati
1428 5716 1479 5754 ιιι
1518 5675 1656 5757 hanc
1684 5705 1901 5771 quzest..
1944 5711 2001 5750 εδ

2117 5696 2142 5747 ἰ.
2174 5690 2201 5736 ἃ
2242 5690 2321 5743 l2.
2398 5688 2442 5719 "
2477 5687 2615 5741 Hist.
2650 5687 2686 5739 Ι.
2717 5697 2806 5749 κν,
2837 5696 2959 5750 cap.
2990 5678 3074 5729 14.
3150 5675 3199 5707 ⁵⁸
3227 5676 3448 5744 Apolog.
3481 5675 3537 5728 9..
3590 5696 3656 5736 αα

2115 4628 2244 4681 ergo
2282 4612 2334 4664 in
2373 4611 2476 4664 hoc
2522 4618 2631 4659 tam
2687 4601 2996 4657 immaniter
3022 4615 3050 4652 a
3084 4615 3212 4654 vero
3256 4602 3678 4666 aberraverunt,

2112 4703 2297 4775 quidni
2328 4713 2380 4757 et
2414 4702 2559 4757 circa
2594 4708 2804 4766 tempus
2834 4713 2940 4766 quo
2968 4697 3155 4749 eadem
3182 4696 3381 4763 scripta
3412 4696 3685 4763 prodiisse

2111 4795 2507 4868 Opinabantur?

2185 4892 2337 4945 lianc
2371 4898 2553 4941 tamen
2580 4882 2839 4953 temporis
2872 4878 3294 4949 assignationem
3320 4893 3503 4930 veram
3538 4894 3683 4944 (ιδεμ,

2112 4999 2178 5037 ac
2224 4983 2404 5036 omnia
2437 4977 2671 5032 auctoris
2700 4973 2867 5028 nostri
2897 4972 3099 5038 scripta
3142 4974 3431 5035 postremis
3466 4968 3683 5023 Eusebii

2114 5075 2453 5145 temporibus
2484 5070 2698 5139 vulgata
2729 5080 2849 5119 esse.
2872 5080 2937 5119 eo
2963 5063 3195 5133 probant
3221 5062 3344 5127 quia
3389 5060 3442 5111 in
3471 5059 3683 5127 (ἤθεσι-

2114 5171 2179 5224 rii
2235 5164 2563 5221 Nazianzeni
2618 5155 3077 5214 lucubrationibus
3123 5152 3273 5221 plura
3324 5166 3352 5202 a
3403 5151 3579 5217 Billio,
3630 5163 3687 5204 et

2114 5258 2217 5310 alia
2246 5255 2492 5324 quaedam
2540 5267 2570 5304 a
2624 5248 2821 5302 Dallteo
2864 5246 3151 5297 observata
3197 5241 3560 5308 reperiuntur,
3618 5244 3686 5296 iis

2107 5363 2229 5418 quae
2249 5344 2535 5412 Dionysius
2574 5340 2818 5407 scripsit,
2851 5348 3073 5402 prorsus
3104 5330 3322 5385 similia.
3358 5332 3520 5399 Atqui
3558 5332 3685 5385 Din.

2110 5445 2296 5513 nysius
2334 5441 2420 5495 illa
2453 5456 2483 5492 a
2530 5434 2792 5505 Gregorio
2838 5445 2943 5484 non
2983 5436 3069 5481 est
3111 5436 3412 5488 Iltultlallls,
3493 5440 3683 5496 utpote

2525 5617 2569 5647 "
2599 5614 2654 5668 ln
2694 5611 2982 5667 Collectan.
3060 5604 3105 5636 ⁸⁸
3135 5604 3367 5657 l’i'otem.
3415 5606 3469 5657 in
3504 5604 3681 5674 Operi.
