3916 6234
269 424 333 478 £9
1612 396 2145 460 PROLEGOMENA.
3448 373 3520 429 30

266 539 361 607 qui
408 538 476 592 ab
526 537 647 591 aliis
671 534 944 596 omnibus,
976 525 1245 600 inquiunt,
1288 524 1672 581 ecclesiasticis
1712 522 1848 576 scri-
1881 529 1918 579 Α
1962 514 2185 568 Verbum
2210 509 2737 565 diuiniuimum......
2774 498 3236 607 per‘ineonfu'saml
3268 497 3511 607 humani:

266 631 523 698 ptoribus
555 629 718 697 plane
751 629 999 681 diversus
1025 624 1117 687 sit,
1143 633 1199 676 et
1241 623 1322 675 sui
1373 628 1578 673 tantum
1610 615 1804 671 similis
1832 632 1845 667 :

266 724 454 776 onmia
485 735 704 790 quoque
733 719 927 787 placita
960 732 1053 771 sua
1105 716 1170 769 ad
1222 713 1551 769 neotericam
1606 710 1849 765 Platoni-

266 824 478 865 staruzn
535 809 899 865 conlormavit
946 807 1223 870 scholam;
1274 820 1338 858 ac
1395 802 1613 857 tandem
1653 800 1852 867 ubique

268 905 474 971 passim
505 913 872 957 asanctorum
910 901 1134 953 Patrum
1194 884 1401 952 verbis'
1428 906 1482 950 et
1543 895 1853 953 notionibns

272 1000 517 1050 maxime
553 997 858 1051 abhorruit.
905 994 1104 1049 Contra
1155 1008 1284 1045 vero
1323 990 1616 1056 Gregorius
1644 989 1854 1057 quoties

270 1092 340 1141 ad
373 1088 697 1144 obscuriora
731 1086 973 1155 quaedam
1020 1096 1077 1140 et
1122 1087 1292 1155 magis
1341 1083 1719 1152 philosophica
1761 1083 1855 1137 de-

270 1179 465 1239 ﬂectit,
500 1179 665 1232 toties
695 1178 765 1231 ab
796 1176 917 1230 aliis
948 1192 1044 1230 sua
1074 1177 1302 1237 deriVat,
1356 1185 1521 1245 atque
1561 1171 1765 1228 idcirco
1788 1190 1853 1227 ex

271 1270 619 1337 philoSOphis
665 1277 722 1322 et
765 1269 1024 1337 Dionysio
1069 1278 1259 1323 nostro
1295 1266 1383 1320 illa
1436 1267 1685 1321 hausisse
1731 1281 1857 1319 vero

271 1360 493 1412 videtur
528 1359 895 1418 simillimum.

347 1448 526 1503 Porro
553 1449 600 1502 si
635 1462 787 1515 roges
816 1464 914 1501 cur
948 1446 1318 1502 venerandum
1366 1442 1606 1515 Dionysii
1636 1458 1858 1511 nomen,

270 1541 518 1594 orationi
550 1555 661 1592 sua:
692 1556 944 1607 maguum
975 1540 1185 1608 pondus
1231 1538 1592 1606 adjecturum,
1623 1536 1712 1591 ille
1755 1552 1859 1591 non

271 1634 599 1696 inseruerit,
636 1647 954 1700 responsum
1012 1631 1156 1684 illico
1209 1631 1443 1697 accipies
1490 1647 1682 1684 nomen
1734 1632 1862 1686 illud

268 1727 523 1795 ejusdem
550 1724 799 1794 Gregorii
826 1732 985 1778 aetate
1010 1722 1341 1777 Christianis
1358 1732 1529 1786 tanto,
1554 1725 1627 1777 uti
1656 1734 1861 1792 postea,

1952 612 2075 662 tatis
2120 616 2311 661 nostra:
2360 601 2794 670 assumptionem.
2841 596 2909 649 Et
2961 594 3012 647 iu
3046 591 3272 661 epistola
3328 591 3397 656 4.
3453 591 3519 645 ad

1952 702 2137 754 Caium
2171 715 2185 751 :
2221 698 2491 763 Quatenus
2517 701 2629 747 erat
2659 689 2797 743 Deus
2836 697 2885 740 et
2925 686 3098 748 homo,
3126 699 3311 736 novum
3334 699 3521 753 quam-

1953 794 2077 845 dam
2110 791 2375 844 nobiscum
2397 784 2747 840 cunversaudo
2771 775 3090 850 Οεανδρικὴν
3120 777 3400 847 ἐνέργειαν
3429 793 3515 829 ea;-

1957 884 2183 937 hibebat.
2217 880 2357 947 Quid
2387 878 2620 947 planius,
2650 874 2775 943 quid
2822 870 3114 925 dilucidius
3150 878 3273 937 post
3304 883 3521 936 sparsos

1961 973 2191 1029 Nestorii
2243 969 2666 1040 Eutychetisque
2720 980 2938 1020 errores
2991 976 3020 1014 a
3065 962 3258 1031 quovis
3301 970 3527 1015 auctore

1959 1081 2191 1134 unquam
2229 1063 2490 1131 scriptum
2521 1059 2637 1114 est?

2026 1179 2386 1246 Quamobrem
2410 1192 2513 1230 non
2541 1175 2643 1230 levi
2672 1174 2894 1228 omnino
2922 1171 3232 1238 conjectura
3258 1170 3519 1238 colligere

1961 1286 2248 1343 possumus
2286 1270 2607 1339 scriptorem
2662 1276 2907 1321 nostrum
2952 1265 3215 1320 maximas
3244 1278 3367 1319 cum
3412 1272 3531 1317 tur-

1962 1367 2059 1419 bas
2098 1366 2165 1418 ab
2222 1362 2491 1418 hmreticis
2518 1359 2860 1415 Nestorianis
2907 1369 2962 1414 et
3000 1358 3358 1428 Eutychianis
3388 1356 3524 1412 cieri

1963 1458 2192 1520 videret,
2242 1465 2374 1509 tunc
2403 1465 2462 1509 ut
2512 1463 2766 1522 utrosque
2802 1453 3184 1517 confunderet,
3215 1466 3279 1507 ac
3324 1467 3422 1521 pro
3451 1452 3533 1505 vi-

1964 1551 2112 1605 ribus
2143 1549 2396 1604 Ecclesiae
2421 1547 2702 1602 catholica:
2744 1556 2930 1616 partes
2987 1554 3257 1610 tueretur,
3285 1545 3527 1598 animum

1966 1645 2030 1697 ad
2058 1641 2405 1696 scribendum
2461 1640 2753 1709 appulisse.
2820 1638 2997 1708 Atque
3034 1647 3090 1693 ut
3123 1639 3173 1691 id
3222 1638 3323 1707 ipsi
3369 1638 3534 1691 cede-

1968 1744 2048 1787 ret
2089 1733 2318 1796 felicius,
2370 1747 2622 1802 magnum
2680 1730 2866 1799 utique
2911 1738 2967 1783 et
2997 1730 3365 1784 venerandum
3407 1728 3536 1781 Dio-

268 1835 382 1872 non
418 1818 601 1872 fuisse
648 1819 700 1872 in
740 1818 968 1872 honore.
1018 1815 1171 1869 Tunc
1201 1817 1466 1884 siquidem
1515 1826 1705 1871 auctor
1754 1816 1862 1881 ille,
1896 1866 1937 1919 Β
1970 1830 2107 1899 nysii
2137 1828 2474 1898 Areopagitae
2503 1840 2698 1880 nomen
2755 1824 2975 1891 scriptis
3005 1824 3119 1878 suis
3167 1824 3423 1893 prretixit.
3457 1823 3535 1877 Ea

268 1930 374 1982 pro
405 1928 545 1967 vero
589 1912 914 1981 Areopagita
962 1912 1204 1965 nondum
1254 1910 1490 1981 agnitus,
1521 1910 1605 1964 vir
1651 1919 1860 1963 tantmn

271 2020 533 2073 magnus,
570 2004 659 2071 qui
694 2004 792 2056 sub
818 2002 997 2056 alieno
1034 2002 1251 2058 nomine
1286 2001 1662 2064 delitescebat,
1693 2003 1862 2055 habe-

270 2100 460 2150 batur.
500 2098 640 2163 Quid
686 2110 819 2163 ergo
852 2097 1071 2158 mirum,
1117 2094 1161 2154 si
1195 2092 1490 2163 Gregorius
1518 2096 1738 2163 proprio
1771 2111 1865 2149 no-

270 2192 423 2244 mine
457 2205 587 2244 eum
619 2205 724 2242 non
754 2188 1127 2258 appellaverit,
1155 2187 1245 2256 qui
1278 2189 1547 2243 neminem
1577 2204 1642 2243 ex
1659 2188 1862 2243 Catho-

272 2285 414 2347 licis,
452 2284 549 2337 sed
602 2298 845 2351 paganos
896 2283 1177 2343 duntaxat,
1231 2296 1296 2336 ac
1344 2281 1758 2350 Symmachum,
1810 2290 1864 2333 et

269 2375 538 2442 Aquilam
572 2374 897 2427 nominatim
934 2374 1186 2427 vocavit?
1220 2373 1485 2427 Cancrum
1533 2372 1863 2427 credituril-

271 2466 383 2518 lum
419 2464 510 2519 his
548 2462 735 2517 verbis
781 2466 979 2517 citasse
1009 2464 1054 2495 ⁵⁷
1088 2483 1101 2517 :
1148 2464 1601 2528 Quemadmodum
1638 2475 1685 2515 et
1726 2464 1864 2515 alius

269 2559 497 2624 quidam
528 2568 649 2607 ante
676 2572 770 2609 nos
794 2555 1145 2621 pulcherrime
1173 2566 1219 2610 et
1238 2556 1604 2609 sublimissime
1629 2556 1864 2622 philoso-

270 2652 473 2715 phatus
527 2658 629 2701 est.
668 2647 852 2716 Neque
903 2649 1047 2701 enim
1105 2647 1193 2701 hic
1244 2647 1547 2701 audiendus
1594 2658 1677 2702 est
1724 2647 1866 2702 tlias

274 2739 732 2807 (2retensis,qui
789 2741 858 2794 ibi
920 2741 1279 2795 Athanasium
1329 2740 1537 2793 laudari
1594 2751 1862 2793 autumat.

272 2829 413 2883 Nam
456 2830 585 2884 huic
616 2831 857 2899 opinioni
890 2842 943 2885 et
980 2831 1240 2900 temporis
1274 2834 1435 2899 ratio,
1468 2839 1525 2884 et
1553 2832 1867 2900 scriptionis

274 2936 455 2989 genus
492 2920 655 2988 plane
708 2922 1085 2974 adversantur.
1118 2920 1185 2974 Et
1238 2937 1365 2975 vero
1393 2920 1690 2990 Gregorius
1726 2938 1865 2974 nun-

276 3027 447 3081 quam
506 3012 868 3064 Athanasium
900 3055 914 3080 ,
965 3028 1195 3082 quocum
1248 3004 1524 3066 meliorem
1582 3014 1703 3067 vita:
1759 3028 1869 3067 suae

275 3112 505 3171 partem
584 3112 965 3173 transegerat,
1032 3105 1356 3173 appellasset
1409 3103 1533 3158 τινὰ
1586 3104 1696 3155 τῶν
1762 3104 1868 3175 πρὸ

1968 1936 2098 1992 ergo
2150 1920 2293 1974 illius
2339 1933 2501 1986 opera
2564 1920 2707 1971 intra
2758 1930 2960 1969 annum
2995 1915 3124 1979 451,
3154 1930 3263 1985 quo
3293 1930 3537 1971 (acume-

1970 2017 2094 2071 nica
2167 2014 2408 2085 synodus
2464 2011 2739 2082 Ephesina
2810 2013 3075 2065 adversus
3136 2008 3537 2072 Nestorianos,

1967 2115 2021 2162 et
2066 2107 2195 2171 451,
2234 2120 2340 2175 quo
2392 2104 2851 2160 Chalcedonensis
2907 2112 3096 2160 contra
3160 2103 3535 2173 Entychiauos

1967 2196 2233 2252 celebrata
2264 2204 2365 2262 est,
2404 2197 2472 2253 ab
2528 2195 2619 2251 illo
2652 2195 2889 2264 profecta
2926 2208 3048 2250 esse
3094 2196 3365 2249 videntur.
3415 2192 3535 2249 Non

1968 2290 2230 2344 continuo
2273 2301 2453 2343 tamen
2501 2290 2553 2343 in
2607 2288 2877 2357 publicam
2910 2287 3085 2342 lucem
3130 2288 3425 2356 producta,
3474 2297 3532 2341 ct

1966 2383 2035 2437 ab
2088 2382 2341 2437 omnibus
2388 2393 2626 2451 recepta,
2694 2381 2789 2435 sed
2842 2382 3044 2435 sensim
3095 2380 3214 2434 sine
3260 2395 3422 2433 sensu
3457 2379 3534 2432 ita

1968 2473 2305 2543 prodierunt,
2341 2482 2399 2525 ut
2434 2466 2542 2525 non
2575 2482 2701 2527 ante
2726 2481 3079 2525 memoratam
3115 2472 3366 2538 superius
3406 2470 3533 2526 Col-

1969 2564 2223 2619 lationem
2274 2563 2919 2630 Constantinoiiolitanam
2941 2604 2957 2628 ,
2993 2576 3135 2615 anno
3169 2562 3296 2628 555,
3330 2561 3383 2615 in
3412 2578 3532 2616 om-

1970 2658 2117 2711 nium
2179 2657 2426 2711 venerint
2488 2655 2881 2724 cognitionem.
2940 2653 3076 2708 Illud
3137 2669 3299 2723 porro
3344 2654 3396 2707 in
3432 2656 3533 2707 bu-

1964 2750 2116 2817 jusce
2166 2748 2442 2818 Opinionis
2523 2745 2999 2801 confirmationem
3059 2746 3253 2799 adduci
3308 2756 3531 2814 potest,

1970 2841 2112 2907 quod
2163 2839 2282 2892 hazc
2341 2839 2545 2907 scripta
2587 2838 2638 2890 in
2674 2836 2759 2889 his
2806 2835 3165 2890 (ecumenicis
3213 2834 3462 2890 conciliis
3504 2854 3531 2888 a

1973 2931 2206 2994 nemine,
2248 2944 2421 2998 neque
2472 2928 2637 2983 etiam
2670 2943 2698 2981 a
2730 2924 2994 2981 Iuvenale
3019 2926 3530 2998 Hierosolymitauo.

1971 3025 2062 3091 qui
2101 3021 2241 3076 inter
2270 3021 2476 3090 primos
2523 3020 2805 3089 utriusque
2841 3020 3029 3089 synodi
3068 3017 3257 3073 Patres
3288 3020 3533 3082 sedebat,

1973 3116 2141 3170 citata
2179 3115 2541 3185 reperiantur.
2589 3111 2744 3167 Nulla
2776 3123 2956 3166 autem
2990 3112 3149 3182 hujus
3181 3112 3385 3166 silentii
3415 3128 3533 3166 can-

273 3194 465 3266 ήμῶν,
495 3197 774 3264 quemdam
800 3197 890 3265 qui
929 3206 1047 3249 ante
1082 3213 1174 3249 nos
1210 3200 1356 3250 viruit.
1391 3195 1502 3251 Hoc
1545 3199 1741 3266 quippe
1785 3195 1862 3249 lo-

1972 3223 2029 3261 sa
2068 3208 2173 3261 alia
2233 3218 2413 3275 potest
2468 3204 2672 3270 aﬂ'erri,
2735 3204 2839 3258 nisi
2884 3205 3027 3274 quod
3084 3205 3535 3274 Dionysiameln-

277 3286 488 3354 quendi
547 3302 746 3356 genere
815 3286 990 3340 Graeci
1048 3288 1343 3355 scriptores
1401 3288 1718 3355 hominem,
1780 3289 1864 3341 vel

280 3379 607 3448 priusquam
643 3379 754 3431 nati
807 3389 1013 3446 essent,
1063 3382 1146 3434 Vel
1192 3382 1348 3450 longe
1405 3390 1695 3450 antequam
1730 3382 1865 3435 scri-

281 3471 507 3533 berent,
543 3482 817 3523 mortuum
867 3471 1181 3542 iudigitant.
1231 3471 1416 3541 Neque
1453 3472 1619 3527 etiam
1657 3471 1867 3543 Grego-

280 3562 394 3617 rius
452 3564 526 3616 de
585 3563 907 3631 Athanasio,
966 3579 1123 3633 quem
1184 3565 1254 3618 ob
1296 3565 1421 3635 styli
1477 3566 1865 3620 sublimitatem

282 3658 337 3712 in
386 3673 487 3712 sua
534 3656 783 3710 oratione
836 3659 1160 3727 panegyrica
1206 3676 1312 3713 non
1357 3660 1721 3723 commendat,
1770 3676 1869 3713 un-

284 3766 453 3819 quam
506 3752 733 3804 dixisset
783 3768 798 3804 :
846 3750 1238 3805 Sublimissime
1261 3752 1657 3819 philosophatus
1682 3753 1869 3806 est.At

286 3852 594 3909 utrumque
646 3840 775 3894 illud
815 3851 870 3894 et
913 3842 1228 3909 scriptionis
1275 3857 1466 3910 genus,
1502 3852 1550 3895 et
1608 3842 1866 3910 temporis

286 3933 429 3984 ratio
458 3933 714 4000 scriptori
745 3942 933 3985 nostro
955 3933 1157 4000 Optime
1183 3934 1532 3986 conveniunt.
1559 3932 1708 3985 lllmn
1734 3947 1866 4002 ergo

283 4045 313 4079 a
342 4028 617 4096 Gregorio
648 4026 996 4082 Nazianzeno
1052 4028 1124 4081 ibi
1175 4026 1449 4080 laudatum
1501 4041 1620 4080 esse
1664 4026 1865 4080 netnmi

284 4135 394 4172 non
431 4120 773 4188 probabitur.

358 4212 465 4277 Qui
502 4212 585 4265 his
639 4213 1035 4267 convincuntur
1087 4212 1359 4267 rationum
1413 4210 1725 4277 momentis,
1749 4210 1869 4277 opi-

287 4304 437 4357 nioni
496 4303 571 4356 illi
602 4315 861 4371 quantum
898 4307 1190 4367 voluerint,
1229 4304 1599 4369 subscribaut,
1653 4303 1721 4357 iis
1767 4316 1869 4355 nec

282 4400 609 4464 invidimus,
642 4412 740 4451 nec
774 4397 1132 4451 reluctantur.
1169 4398 1469 4464 Quominus
1518 4408 1695 4450 tamen
1745 4413 1865 4450 om-

284 4511 411 4550 nem
439 4495 546 4548 illis
573 4495 911 4563 prtebeamus
948 4508 1257 4556 assensum,
1290 4508 1351 4544 ea
1396 4491 1733 4559 potissimum
1776 4506 1867 4542 ra-

286 4589 363 4641 tio
392 4602 495 4641 nos
530 4596 731 4649 movet,
769 4588 912 4654 quod
936 4593 1313 4651 argumentum
1354 4584 1503 4648 illud,
1532 4600 1638 4653 quo
1663 4586 1862 4653 scripta

286 4679 535 4733 auctoris
558 4679 735 4731 nostri
771 4688 896 4746 post
920 4688 1103 4730 natam
1132 4678 1247 4729 Arii
1292 4678 1540 4731 haeresim
1574 4678 1715 4732 edita
1743 4694 1865 4732 esse

285 4772 818 4834 detnonstruhatur,
868 4771 1007 4824 idem
1059 4771 1187 4823 illud
1245 4772 1416 4839 ipsum
1470 4783 1590 4838 post
1647 4781 1866 4827 exertos

286 4864 527 4920 Nestorii
556 4880 774 4918 errores
799 4864 1003 4931 prodiis
1022 4879 1067 4917 re
1086 4864 1311 4917 cuilibet
1338 4864 1481 4916 haud
1508 4863 1721 4917 diﬂicile
1742 4882 1861 4931 pcr-

285 4962 558 5016 suadebit.
590 4958 646 5010 In
680 4958 745 5010 iis
770 4960 969 5027 quippe
996 4957 1221 5011 haeresis
1252 4967 1435 5010 contra
1469 4957 1867 5011 lncaruattouis

286 5053 492 5108 Christi
530 5053 846 5120 mysterium
881 5066 983 5103 non
1037 5049 1214 5102 minus
1265 5057 1449 5115 aperte
1480 5064 1640 5116 quam
1674 5064 1866 5103 omnes

288 5154 482 5199 contra
514 5144 632 5212 ejus
675 5143 1017 5196 divinitatem
1050 5151 1105 5193 et
1144 5156 1304 5193 unam
1346 5142 1506 5194 trium
1551 5141 1862 5194 divinarum

286 5251 645 5303 personarum
667 5244 917 5288 naturam
937 5249 1156 5290 errores
1183 5233 1559 5301 proscribitur.
1587 5234 1658 5287 De
1678 5234 1861 5287 incar-

288 5342 418 5385 nato
452 5327 599 5383 enim
636 5327 728 5379 Dei
752 5326 887 5379 Filio
917 5326 1081 5379 variis
1110 5326 1160 5376 in
1209 5324 1341 5377 locis
1370 5326 1479 5377 [HEC
1509 5326 1737 5394 legimus
1769 5326 1814 5356 "‘
1846 5346 1859 5380 :

286 5424 385 5476 [εἰ
424 5421 740 5492 principalis
782 5420 1129 5473 bonitas......
1156 5428 1455 5471 nostrorum
1486 5422 1716 5471 omnium
1747 5436 1862 5473 vere

286 5516 432 5580 facta
458 5516 719 5582 particeps
746 5513 939 5582 absque
975 5519 1209 5576 peccato,
1246 5509 1637 5579 humilitati/lue
1670 5523 1864 5563 nostris:

288 5614 463 5671 unita,
493 5611 640 5659 salvo
667 5607 1045 5674 proprietatum
1072 5617 1290 5655 suarum
1323 5615 1484 5672 statu,
1516 5621 1675 5672 eoque
1713 5620 1866 5671 pror-

287 5716 373 5752 sus
402 5697 682 5766 inconfuso
712 5710 760 5751 et
810 5697 1081 5751 inviolato.
1116 5697 1171 5750 lu
1220 5697 1326 5750 alio
1369 5706 1544 5749 autem
1599 5696 1738 5749 libro
1763 5695 1808 5725 ⁸⁹
1847 5712 1859 5746 :

1970 3301 2319 3355 cubrationes
2382 3310 2511 3353 tunc
2541 3314 2572 3352 e
2600 3297 2838 3351 tenebris
2898 3305 3265 3365 emergentes,
3297 3296 3384 3349 vix
3437 3295 3531 3351 ulli

1969 3400 2097 3446 ante
2118 3390 2405 3445 concilium
2432 3386 2873 3442 Chalcedonense
2907 3394 3046 3439 notze
3084 3382 3322 3437 fuerunt.
3356 3381 3529 3436 Porro

1972 3493 2151 3538 autem
2176 3483 2218 3537 si
2252 3496 2469 3551 quaeras
2504 3495 2602 3533 cur
2623 3482 2777 3548 plura
2808 3477 2947 3545 apud
2979 3486 3257 3530 auctorem
3286 3488 3530 3529 nostrum

1969 3582 2282 3636 occurrant,
2346 3587 2466 3626 cum
2520 3570 2603 3624 his
2643 3583 2764 3639 quze
2814 3566 3111 3636 Gregorius
3156 3567 3534 3623 Nazianzenus

1969 3664 2213 3732 scripsit,
2251 3661 2410 3729 plane
2445 3658 2677 3719 similia,
2752 3671 2855 3709 non
2927 3655 3164 3710 absurde
3212 3658 3530 3726 responderi

1972 3765 2153 3826 potest
2195 3755 2282 3807 illa
2333 3754 2400 3807 ab
2452 3764 2673 3806 auctore
2723 3760 2930 3814 nostro,
2963 3750 3052 3819 qui
3106 3748 3302 3818 saepius
3343 3760 3396 3803 et
3436 3765 3531 3802 sua

1970 3850 2037 3900 ab
2076 3846 2196 3898 aliis
2257 3842 2554 3909 accepisse,
2609 3849 2664 3894 et
2710 3840 2941 3894 aliorum
3001 3840 3283 3908 opiniones
3328 3836 3532 3891 referre

1971 3939 2140 3997 dicit,
2173 3937 2224 3989 in
2251 3951 2378 3989 usus
2422 3948 2573 3995 suos,
2605 3932 2773 3986 tacito
2803 3931 3053 4001 Gregorii
3091 3930 3335 3993 nomine,
3366 3930 3535 3983 l'uis..e

1971 4043 2271 4098 assumpta,
2292 4043 2356 4080 ac
2376 4026 2513 4097 stylo
2537 4025 2741 4079 reddita
2757 4039 2875 4090 suo,
2904 4032 2959 4079 et
2975 4023 3248 4078 inusitatis
3276 4022 3534 4092 loquendi

1974 4123 2168 4175 modis.

2039 4212 2245 4278 Quibus
2286 4220 2467 4263 autem
2506 4210 2589 4262 hae
2645 4208 2972 4275 conjectura:
3027 4220 3128 4259 nec
3162 4205 3294 4258 satis
3342 4203 3532 4267 (inme,

1971 4323 2068 4362 nec
2109 4307 2333 4360 omnino
2358 4305 2667 4375 probabiles
2699 4307 3051 4369 videbuntur,
3108 4301 3271 4355 iidem
3323 4298 3532 4353 latean-

1972 4411 2058 4452 tur
2114 4411 2335 4452 necesse
2379 4410 2463 4451 est
2509 4398 2625 4452 ilch
2671 4398 2955 4465 scriptoris
2983 4394 3151 4448 nostri
3205 4391 3378 4460 Opera
3409 4391 3534 4444 Col-

1972 4489 2225 4542 latiouetn
2256 4487 2907 4556 Constantitmpolilanam
2929 4525 2945 4550 ,
2969 4496 3131 4554 atque
3158 4485 3323 4537 etiam
3351 4480 3533 4535 s:eculi

1971 4580 2106 4636 sexti
2137 4579 2288 4633 initia
2316 4578 2473 4645 longe
2499 4579 2921 4647 pnecucurrisse
2951 4577 3206 4646 temporis
3226 4573 3531 4629 intervallo.

2552 4690 2781 4746 CAPUT
2829 4688 2946 4742 XX.

1972 4791 2047 4843 De
2076 4792 2265 4845 horum
2311 4790 2538 4857 Operam
2596 4788 2847 4857 utilitate,
2896 4792 2944 4835 et
3006 4779 3393 4857 aliis‘ejnsdem
3427 4796 3530 4831 au—

2250 4852 2409 4913 ctoris
2437 4858 2720 4928 deperditis
2771 4852 3251 4906 lucubrationibus.

2039 4951 2173 5005 Cum
2224 4952 2385 5019 igitur
2418 4960 2584 5003 tanta:
2631 4946 2979 5014 antiquitatis
3017 4944 3127 4998 sint
3181 4941 3270 4995 illa
3331 4939 3532 5009 Opera,

1970 5060 2036 5097 eo
2080 5042 2270 5110 majori
2309 5043 2450 5111 apud
2482 5040 2823 5095 Christianos
2848 5036 3045 5090 debent
3077 5047 3198 5088 esse
3246 5032 3299 5085 in
3332 5032 3533 5101 pretio,

1968 5154 2076 5206 quo
2129 5137 2279 5206 plura
2320 5136 2387 5188 ad
2408 5133 2721 5189 eorumdem
2749 5130 3186 5183 Christianorum
3238 5125 3531 5179 utilitatem

1968 5230 2192 5298 cupiose
2261 5227 2636 5296 suppeditant.
2713 5222 2771 5277 ln
2817 5224 2882 5276 iis
2931 5221 3214 5274 enimvero
3271 5218 3534 5271 docemur

1972 5339 2093 5392 qua:
2120 5322 2403 5389 scriptoris
2460 5317 2630 5371 nostri
2681 5324 2737 5368 et
2770 5316 3115 5369 decessorum
3139 5308 3258 5378 ejus
3287 5318 3532 5372 tempore

1975 5417 2138 5472 luerit
2188 5414 2433 5467 doctrina
2481 5412 2602 5465 ﬁdei
2656 5419 2711 5465 et
2755 5421 2965 5460 morum
2999 5400 3303 5468 disciplina.
3334 5396 3534 5461 Quam-

1972 5511 2052 5563 vis
2075 5509 2219 5562 enirn
2271 5507 2324 5559 in
2357 5520 2421 5558 eo
2446 5504 2612 5557 falsus
2651 5515 2772 5555 esse
2804 5504 3085 5566 arguatur,
3121 5490 3263 5560 quod
3292 5502 3354 5541 ea
3409 5501 3529 5552 qua:

1971 5602 2126 5655 docet
2169 5596 2409 5667 Dionysii
2466 5593 2801 5662 AreOpagitte
2830 5598 2987 5642 aetate
3040 5582 3276 5652 viguisse
3305 5585 3532 5646 putave-

1974 5694 2065 5757 rit,
2110 5698 2321 5744 constat
2373 5697 2549 5741 tamen
2607 5700 2671 5739 ea
2712 5681 2892 5736 omnia
2932 5676 3183 5732 debuisse
3234 5681 3359 5724 autc
3387 5667 3531 5729 eius-

360 5879 402 5908 "
434 5880 585 5933 Orat.
642 5878 711 5931 58
766 5879 818 5932 in
857 5876 1108 5945 'l‘heoph.
1151 5885 1206 5931 et
1232 5875 1303 5931 42
1353 5875 1406 5928 iu
1460 5874 1654 5931 Pasch.
1731 5875 1776 5906 ⁵⁸
1804 5872 1875 5928 De
1925 5870 2103 5927 eccles.
2155 5867 2447 5934 hieran/3.,
2493 5878 2614 5935 cap.
2645 5864 2697 5919 3.
2774 5860 2821 5893 ⁵⁹
2850 5859 2927 5913 De
2964 5857 3129 5912 divin.
3179 5853 3378 5909 nantia.
