1958 3117
203 204 231 232 51
748 204 777 232 S.
797 203 981 233 DIONYSIUS
999 202 1228 232 AREOPAGITA.

1796 203 1842 230 δῖ’.

203 254 265 280 dem
294 252 414 279 auctoris
444 251 529 280 nostri
556 258 643 278 arvum
671 252 697 278 in
732 251 856 278 Ecclesia
873 259 941 278 voce
963 256 991 277 et
1006 257 1029 283 Α
1043 251 1103 278 dem
1117 251 1217 284 Ficini,
1233 250 1343 279 Basilea:
1357 257 1430 278 anno
1449 249 1533 283 1576;
1555 249 1625 278 liber
1645 257 1712 277 vero
1734 249 1773 276 De
1787 258 1839 275 ec-

202 298 313 334 scriptis
337 299 441 329 doceri,
463 304 545 333 atque
573 305 622 325 usu
645 297 762 332 plurimo
777 297 871 332 recipi.
887 297 927 324 Ex
946 297 992 324 his

202 353 268 379 ergo
294 345 406 379 scriptis
428 344 560 371 discimus
587 343 650 378 quid
664 343 696 370 iis
723 342 849 370 omnibus
883 347 990 377 tempo-

204 392 279 418 ribus
313 390 433 417 Ecclesia
462 388 588 417 docuerit
612 388 645 415 de
675 387 819 416 adorando
846 387 990 414 Trinitatis

204 436 344 472 mysterio.
363 436 396 463 de
420 435 523 462 Christi
539 435 682 462 divinitate
695 439 722 461 et
738 434 940 465 Inearnatione,
955 433 989 460 de

203 485 365 520 angelorum
381 482 545 511 hierarcbiis
557 486 584 509 et
606 482 749 509 ordinibus
766 491 772 508 :
789 481 855 516 quid
870 480 989 508 tradide-

203 532 238 559 rit
252 532 285 558 de
310 529 438 564 baptismi
459 534 485 556 et
498 528 671 556 eucharistize
689 527 939 560 administratione,
955 527 990 554 de

203 576 320 612 liturgia:
332 583 380 603 seu
408 575 498 602 missae
513 574 709 604 celebratione,
728 573 761 600 de
773 573 988 601 consecratione

202 623 370 655 chrismatis,
385 623 419 650 de
433 623 519 650 sacris
534 621 661 649 Ecclesite
679 621 822 653 ministris,
840 621 873 647 de
892 628 988 647 umna-

203 671 265 698 chis
291 676 442 704 eorumque
456 669 528 696 votis
539 673 566 696 et
581 667 761 703 professione,
776 674 808 694 ac
830 666 937 694 tandem
955 666 990 694 de

201 720 373 744 mortuorum
388 715 526 750 exsequiis
551 719 580 741 et
608 713 759 747 sepultura.
787 712 872 739 Porro
894 717 986 740 autem

202 763 243 790 Ine
284 761 454 788 caeremoniae
478 761 561 794 hique
583 761 652 787 ritus
673 767 725 787 non
743 763 773 785 ut
800 763 924 786 recentes
955 765 988 784 ac

201 807 275 839 novi,
292 807 339 834 sed
368 810 398 832 ut
423 810 529 836 veteres
542 810 624 838 atque
653 804 687 831 ab
720 802 852 837 apostolis
870 801 989 829 derivati

201 853 228 879 in
253 851 340 879 nostri
356 852 478 879 auctoris
493 850 604 884 scriptis
617 849 781 877 referuntur.
811 848 988 883 Quapropter

201 898 247 932 qui
274 898 367 924 eadem
381 896 482 930 scripta
505 895 633 929 Dionysio
646 893 819 929 Areopagitae
836 893 985 925 vindicant,

1042 297 1187 325 clesiauica
1202 298 1350 324 hierarcltia
1364 305 1425 324 cum
1440 297 1536 324 Latina
1549 297 1688 328 versione,
1703 296 1839 327 Basilete.

1042 351 1112 370 anno
1126 343 1205 371 1559.
1224 343 1342 378 Epistola
1361 344 1393 370 ad
1408 343 1588 378 Polycarpum
1605 343 1676 370 inter
1697 342 1840 377 epistolas

1042 387 1093 416 SS.
1119 388 1229 416 Patrqu
1254 397 1268 416 a
1294 389 1439 424 Symphor.
1465 389 1629 423 Champerio
1645 388 1717 423 typis
1740 388 1805 415 Ass.
1824 407 1838 421 ,

1041 434 1121 461 1516.
1149 434 1248 462 Eadem
1273 443 1335 462 cum
1369 435 1492 470 epistolis
1518 435 1615 469 lgnatii
1637 440 1664 462 et
1699 434 1838 466 aliorum,

1041 481 1106 507 Ant.
1124 480 1205 513 1510.
1230 486 1258 509 et
1283 481 1379 509 Venet.
1397 481 1476 508 1516.
1494 481 1622 515 Epistolre
1641 481 1700 508 dine
1727 480 1752 506 in
1775 480 1836 506 0r-

1041 529 1280 563 tliodoxographia.
1316 527 1412 556 Omnia
1438 528 1555 562 denique
1587 527 1707 562 Dinnysii
1737 526 1831 554 nostri

1045 574 1132 608 Opera
1158 574 1254 600 Latine
1282 574 1307 600 in
1333 574 1452 608 antiquis
1480 573 1589 600 Patrum
1627 573 1805 601 Bibliothecis
1825 593 1836 604 ,

1041 628 1072 648 ac
1098 621 1123 648 in
1143 621 1295 647 Coloniensi
1327 628 1359 647 ex
1386 619 1502 647 editione
1519 621 1661 651 Lansselii,
1677 625 1703 647 et.
1724 621 1750 647 in
1782 628 1837 646 no-

1040 671 1097 694 stra
1128 667 1298 702 Lngdunensi
1327 675 1359 693 ex
1395 665 1560 694 Corderiana
1593 675 1687 693 rursus
1717 666 1831 701 vulgata

1040 717 1111 740 Slllll.

1076 759 1274 794 Antiquissima
1291 761 1385 788 horum
1404 760 1523 795 Oporum
1550 760 1638 787 versio
1653 760 1749 787 Latina
1780 767 1833 786 ac-

1040 810 1133 833 curata
1148 810 1191 832 est
1212 813 1226 832 a
1242 805 1325 833 Scoto
1343 805 1457 840 Erigena
1470 813 1517 832 seu
1530 804 1686 839 Seotigena,
1702 804 1748 839 qui
1766 811 1832 831 eam

1040 857 1072 878 ex
1097 851 1292 886 manuscriptis
1315 851 1417 878 Graecis
1444 852 1471 878 in
1494 850 1691 878 monasterium
1712 850 1834 876 Sandio-

1042 896 1306 932 nysianum,(‘.arolo
1327 896 1410 925 Calvo
1426 897 1587 931 imperante,
1604 895 1695 922 allatis
1709 895 1834 925 adorna-

200 943 227 970 hi
247 949 343 969 otnnes
367 941 427 968 illos
452 941 521 967 ritus
534 940 569 967 ab
587 939 718 974 apostolis
740 938 907 973 profluxisse
921 945 988 965 COD-
1006 926 1027 954 Β
1042 943 1090 970 vit.
1111 942 1175 971 Haec
1202 944 1294 971 versio
1321 951 1382 970 cum
1409 943 1470 970 aliis
1499 943 1675 977 quibusdam,
1697 942 1833 968 nimirum

201 988 324 1016 tendunt.
356 986 406 1020 Qui
424 993 488 1013 vero
504 992 536 1013 ca
562 984 722 1012 recentioris
737 983 881 1017 scriptoris
904 982 988 1009 fetum

200 1042 262 1062 esse
289 1033 450 1068 opinantur,
480 1031 498 1059 ii
534 1038 636 1066 negare
668 1037 721 1056 non
749 1033 863 1063 possunt
895 1027 988 1062 plures

200 1086 234 1105 ex
252 1078 348 1104 iisdem
364 1077 461 1104 ritibus
474 1083 489 1102 a
508 1076 654 1103 traditione
674 1074 822 1108 apostolica
840 1081 965 1101 manasse
981 1083 986 1100 ε

200 1129 316 1151 czeteros
341 1129 433 1149 autem
450 1126 507 1149 tum
520 1121 685 1156 pedetentim
702 1121 851 1153 institutos,
868 1127 928 1146 cum
939 1119 988 1147 Ec-

199 1170 292 1197 clesiis
317 1176 368 1203 pax
384 1172 411 1195 et.
433 1166 616 1202 tranquillitas
629 1167 663 1193 ab
678 1165 887 1200 imperatoribus
909 1164 990 1191 Chri-

200 1214 302 1242 stianis
331 1215 394 1243 data
410 1218 462 1245 est,
477 1217 558 1248 atque
573 1212 606 1239 ab
631 1211 698 1246 ipsis
714 1210 825 1245 templa,
848 1209 873 1236 in
889 1209 987 1243 quibus

200 1269 280 1289 sacra
307 1260 413 1296 publice
437 1259 547 1293 tierent,
566 1257 700 1286 aediﬁcata
726 1257 845 1284 fuerunt.
872 1255 939 1282 Hinc
954 1255 989 1282 li-

200 1308 286 1342 quido
299 1306 452 1342 colligimus
468 1305 535 1333 tales
554 1305 665 1332 missam
680 1303 835 1331 celebrandi
858 1308 885 1330 et
896 1309 988 1330 sacra-

199 1357 290 1380 menta
296 1351 503 1380 administrandi
514 1351 582 1378 ritus
590 1351 623 1377 ab
632 1354 743 1377 auctore
754 1354 848 1376 nostro
857 1348 986 1379 describi,

199 1399 295 1433 quales
310 1397 483 1425 Constantini
499 1396 589 1432 Magni
606 1401 729 1431 tempore
741 1399 767 1422 et
780 1399 877 1430 quarto
887 1393 988 1422 saeculo

198 1445 341 1474 observari
353 1449 505 1479 coeperunt.

235 1491 331 1527 Magna
348 1497 429 1525 porro
444 1489 541 1517 horum
568 1488 690 1515 auctoris
711 1486 797 1514 nostri
821 1484 986 1520 scriptorum

198 1538 304 1566 utilitas
318 1537 396 1565 triste
415 1536 524 1571 aliquod
538 1535 664 1567 aliorum,
680 1541 742 1569 qua“:
764 1533 916 1568 perierunt,
939 1539 988 1559 no-

198 1585 241 1612 bis
261 1584 426 1611 desiderium
443 1583 562 1617 reliquit.
579 1581 607 1608 ln
624 1582 665 1608 his
687 1585 777 1608 autem
796 1584 986 1612 numerantur,

199 1629 267 1656 liber
282 1628 320 1656 De
331 1629 436 1663 hymnis
449 1628 543 1654 divini:
552 1627 585 1660 °°,
602 1627 668 1653 liber
678 1626 713 1652 ἐν
727 1624 791 1659 ταῖς
802 1624 987 1659 θεολογικαῐς

197 1672 416 1704 ὐποτπυπώσεσι
426 1675 460 1706 ",
484 1674 522 1702 De
538 1672 769 1708 informationibus
795 1671 900 1703 divinis,
918 1670 986 1697 liber

199 1725 237 1752 De
254 1724 398 1760 symbolica
428 1722 558 1757 theologia
573 1722 609 1754 θ’,
623 1721 693 1748 liber
708 1721 746 1748 De
763 1720 853 1747 anima
869 1719 904 1752 ⁶³,
917 1717 987 1745 liber

198 1772 236 1798 De
247 1771 321 1806 justo
333 1771 470 1804 divinaque
479 1768 583 1803 judicio
596 1767 630 1795 εδ,
642 1767 711 1794 liber
722 1766 760 1793 De
771 1766 802 1793 iis
814 1773 873 1801 qua
886 1764 933 1792 sub
945 1765 988 1791 in-

197 1818 328 1844 tellectual
353 1821 377 1843 et
392 1823 497 1842 sensum
521 1814 618 1841 cadunt
633 1813 668 1841 “.
697 1812 731 1840 Ει
750 1813 773 1840 si
792 1812 853 1839 divo
870 1811 987 1839 Maximo

200 1864 267 1890 ﬁdes
297 1863 423 1890 habenda
449 1861 519 1887 liber
537 1860 575 1886 De
589 1859 667 1894 legali
689 1858 837 1885 hierarchia
854 1858 888 1890 ⁸⁸,
911 1863 938 1884 et
951 1857 986 1884 li-

198 1910 246 1935 ber
259 1908 298 1935 De
312 1908 437 1943 angelici:
449 1906 659 1933 ordinationibus
675 1909 700 1931 et
722 1903 926 1939 proprietatibus
938 1902 960 1918 ⁸⁷
974 1910 982 1929 :

198 1954 246 1981 sed
265 1958 419 1988 postremus
447 1952 493 1979 ille
506 1951 574 1978 liber
598 1958 653 1977 non
675 1949 745 1977 alius
759 1950 793 1977 ab
808 1950 866 1984 ipso
880 1948 918 1976 De
931 1956 986 1975 cae-

197 2001 255 2028 lesti
273 1999 422 2026 ltierarcliia
449 1998 519 2025 libro
543 1997 666 2031 pluribus
684 1996 828 2023 videbitur.
852 1994 986 2022 Caeterum

198 2054 231 2073 ea
248 2045 299 2072 fuit
322 2052 417 2072 eorum
446 2044 581 2072 librorum
608 2043 719 2078 jactura
745 2047 775 2068 ut
802 2041 874 2067 nulla
891 2048 985 2067 eorum

199 2093 303 2120 mentio
319 2091 479 2125 nullumque
502 2094 590 2117 exstet
604 2089 760 2123 vestigium,
779 2087 831 2114 nisi
848 2087 985 2114 iniisdem

199 2138 320 2166 auctoris
336 2137 423 2164 nostri
436 2136 578 2171 Operibus.
596 2135 637 2162 vel
656 2134 728 2169 quod
744 2134 864 2166 ipsorum
888 2132 985 2160 fultum

199 2193 253 2212 non
266 2185 302 2211 sit
321 2183 490 2211 testimonio.

490 2225 604 2255 CAPUT
633 2225 705 2253 XXI.

1039 987 1111 1015 Petri
1133 988 1280 1021 Sarrasini,
1294 988 1430 1016 Ambrosii
1452 988 1682 1019 Camaldulensis,
1698 992 1726 1015 et
1752 986 1831 1018 Mar,-

1039 1035 1092 1062 silii
1110 1035 1196 1063 Ficini
1219 1035 1290 1063 edita
1314 1042 1357 1063 est
1375 1035 1496 1063 Colonia:
1515 1043 1586 1063 anno
1611 1035 1690 1063 1516.
1725 1034 1833 1062 Eodem

1038 1088 1110 1108 anno
1125 1081 1176 1108 alia
1191 1080 1315 1109 Clauseri
1335 1082 1425 1110 studio
1444 1083 1619 1117 Argentorati
1646 1082 1748 1117 prodiit
1764 1090 1771 1109 :
1787 1087 1835 1108 at-

1038 1134 1091 1161 que
1114 1127 1208 1154 eadem
1235 1128 1261 1155 in
1286 1129 1354 1155 urbe
1385 1127 1528 1155 Perionius
1560 1136 1632 1155 anno
1651 1127 1716 1155 1557
1748 1134 1832 1160 suam

1038 1173 1158 1208 vulgavit
1187 1181 1247 1208 quae
1273 1182 1344 1201 anno
1370 1174 1439 1202 1585
1474 1174 1599 1209 Lugduni
1627 1182 1723 1201 rursus
1750 1173 1833 1208 prelo

1038 1217 1160 1252 subjecta
1178 1224 1231 1245 est.
1259 1218 1319 1246 Illas
1342 1224 1508 1253 exceperunt
1534 1219 1623 1247 versio
1637 1218 1785 1251 Lansselii,
1814 1226 1837 1245 et

1033 1264 1171 1292 Societate
1198 1264 1261 1292 Jesu
1280 1265 1446 1301 presbyteri,
1463 1265 1576 1293 Parisiis
1592 1265 1730 1300 publicata
1755 1272 1834 1291 anno

1039 1309 1118 1343 1625,
1149 1317 1181 1337 ac
1196 1310 1303 1337 demum
1325 1309 1449 1338 Corderii
1482 1311 1610 1345 theologi,
1634 1310 1755 1344 ejusdem
1779 1310 1833 1337 Sn-

1039 1356 1147 1384 cietatis
1161 1357 1290 1389 doctoris,
1302 1364 1363 1391 qua:
1377 1358 1532 1391 Antuerpia:
1544 1357 1614 1385 1635
1627 1357 1728 1384 emissa
1741 1361 1785 1383 est
1802 1357 1832 1383 in

1024 1415 1027 1417 -
1039 1402 1137 1429 lucem.

1073 1447 1159 1475 Porro
1174 1453 1265 1475 autem
1291 1448 1335 1474 vix
1363 1448 1413 1474 alia
1441 1448 1562 1483 reperias
1586 1452 1745 1475 sanctorum
1772 1446 1831 1473 Pa-

1040 1499 1110 1521 trum
1145 1502 1240 1529 opera,
1270 1494 1370 1528 quibus
1396 1494 1565 1522 illustrandis
1596 1499 1625 1522 et
1658 1494 1833 1529 exponendis

1039 1539 1172 1573 majorem
1210 1540 1361 1575 scriptores
1396 1541 1538 1575 posuerint
1567 1548 1691 1575 operam.
1723 1539 1833 1567 Praeter

1041 1589 1206 1612 memoratas
1219 1585 1291 1612 enim
1310 1585 1461 1616 versiones.
1479 1585 1556 1612 multi
1583 1586 1610 1612 in
1629 1586 1680 1613 has
1705 1584 1833 1612 auctoris

1038 1632 1127 1659 nostri
1153 1631 1357 1658 lucubrationes
1390 1632 1534 1659 ediderunt
1566 1631 1691 1663 scholia,
1725 1635 1832 1662 notas,

1038 1677 1241 1704 observationes
1265 1683 1291 1704 et
1321 1678 1513 1713 paraphrases.
1537 1678 1570 1705 Et
1597 1685 1665 1704 Vero
1682 1677 1832 1712 Dionysius

1038 1723 1142 1750 Rhetor
1167 1728 1194 1751 et
1216 1723 1334 1750 Joannes
1349 1723 1587 1759 Scythopolitanus
1603 1729 1683 1752 sexto
1697 1723 1832 1751 Ecclesia:

1038 1769 1137 1796 saeculo
1150 1770 1273 1804 quaedam
1288 1769 1313 1796 in
1333 1776 1380 1797 eas
1400 1769 1503 1797 scholia
1516 1771 1740 1805 conscripserunt
1755 1778 1763 1796 ε
1781 1770 1831 1797 sed

1037 1822 1131 1843 eorum
1150 1815 1177 1842 in
1203 1816 1309 1850 primis,
1324 1823 1384 1851 qua:
1403 1824 1416 1842 a
1444 1817 1573 1852 Dionysio
1595 1816 1719 1851 profecta
1751 1820 1829 1848 sunt,

1036 1862 1173 1896 jacturam
1195 1862 1324 1896 patimur.
1351 1861 1474 1896 Septimo
1490 1862 1591 1889 smculo
1610 1867 1725 1890 sanctus
1740 1862 1830 1889 Maxi-

1038 1916 1108 1941 mus,
1131 1912 1236 1942 martyr
1260 1907 1467 1941 eelcberrimus,
1495 1908 1599 1935 scholia
1627 1908 1713 1935 etiam
1738 1909 1828 1935 conti-

1038 1962 1092 1981 nua
1108 1959 1135 1982 et
1157 1954 1282 1982 uberiora
1304 1956 1465 1990 composuit.
1483 1954 1518 1982 lis
1547 1960 1638 1982 autem
1666 1962 1757 1990 neque
1778 1954 1829 1982 do-

1038 2001 1138 2035 ctrina,
1156 2009 1242 2036 neque
1258 2002 1335 2034 ritus,
1351 2008 1378 2029 et
1390 2002 1531 2037 disciplina
1550 2002 1584 2029 ab
1602 2009 1717 2029 auctore
1731 2006 1830 2029 nostro

1039 2047 1138 2074 tradita
1160 2047 1340 2082 explicantur,
1360 2048 1406 2075 sed
1422 2048 1546 2082 quiedam
1573 2048 1600 2075 in
1632 2053 1763 2075 auctores
1793 2048 1831 2074 ab

1038 2092 1085 2119 illo
1111 2093 1208 2119 citatos
1234 2092 1432 2125 observantur,
1463 2093 1563 2127 quibus
1604 2093 1742 2120 Maximus
1770 2093 1831 2120 hau:

1038 2139 1138 2173 scripta
1172 2138 1300 2173 Dionysio
1335 2139 1507 2173 Areopagitae
1538 2139 1682 2166 vindicare
1710 2145 1831 2168 conatus

1037 2189 1089 2211 est.
1116 2184 1144 2211 In
1177 2184 1300 2219 plurimis
1319 2190 1409 2211 autem
1425 2185 1536 2212 scholiis
1562 2193 1593 2212 ea
1619 2192 1680 2219 quae
1704 2185 1731 2211 in
1750 2190 1829 2212 textu

1031 2229 1152 2256 auctoris
1183 2228 1321 2256 attention
1353 2228 1571 2256 consideratione
1599 2229 1713 2264 legenda
1737 2233 1826 2262 sunt_

197 2276 237 2303 De
250 2275 415 2311 editionisz
429 2280 453 2301 et
470 2274 631 2311 uisionibus
648 2274 798 2311 earumdem
814 2271 940 2311 Qperum,
955 2279 985 2297 ac
1001 2269 1159 2303 Domnibus
1181 2276 1420 2303 animadvertenda
1451 2277 1588 2311 proponiL
1619 2276 1687 2309 Qu;e
1711 2276 1828 2310 quidem

314 2311 395 2337 variis
407 2310 436 2336 in
449 2317 479 2336 ea
490 2309 596 2335 scholiis
610 2314 634 2335 et
648 2307 880 2335 observationibut.

233 2366 293 2394 Jam
310 2374 375 2393 vero
390 2371 419 2394 ut
436 2366 471 2393 ad
487 2365 715 2400 Dionysianoram
743 2363 862 2397 Operum
891 2362 988 2389 editio-

198 2421 246 2440 nes
267 2413 416 2444 veniamus,
430 2420 461 2439 ea
482 2413 552 2447 typis
572 2412 674 2439 Graecis
698 2418 798 2437 excusa
827 2415 893 2437 sunt
909 2408 989 2436 Basi-

198 2460 246 2486 Ιθω
271 2466 342 2486 anno
354 2459 436 2490 1559,
449 2457 567 2485 Colonia:
585 2457 665 2489 1577,
679 2456 766 2483 Paris.
799 2456 879 2486 1565,
898 2454 988 2482 Vene-

198 2506 243 2532 tiis
258 2505 339 2537 1558,
352 2508 380 2532 et
400 2504 472 2537 apud
499 2503 649 2530 Morellium
678 2510 749 2529 anno
771 2502 849 2529 1562.
881 2500 987 2528 Latinis

197 2559 263 2579 vero
274 2551 355 2579 simul
367 2550 521 2582 auct-meis,
537 2550 649 2576 Parisiis
665 2557 736 2576 anno
753 2549 834 2581 1615,
848 2553 875 2575 et
892 2556 986 2575 rursus

198 2598 298 2625 ibidem
320 2596 401 2628 1641,
430 2601 457 2623 et
472 2595 630 2629 Antuerpia:
646 2602 718 2621 anno
745 2594 825 2621 1665.
854 2593 985 2626 Quaedam

198 2649 293 2671 autem
312 2651 346 2670 ex
369 2643 412 2670 his
425 2642 553 2676 operibus
568 2641 714 2675 separatim
729 2641 801 2667 edita
820 2645 893 2670 sunt,
906 2640 986 2667 nimi-

197 2698 257 2719 rum
273 2691 334 2718 libri
354 2691 420 2721 duo,
436 2690 505 2716 alter
520 2688 559 2714 De
571 2688 681 2722 mystica
699 2687 841 2720 theologia,
865 2687 934 2714 alter
950 2687 987 2712 De

197 2740 295 2766 diuinis
308 2736 558 2769 nominibus,Mars.
576 2736 670 2762 Ficino
687 2735 837 2769 interprete
851 2740 878 2763 et
893 2735 988 2769 expla-

198 2791 305 2818 natore,
318 2784 442 2812 Venetiis
457 2790 528 2810 anno
539 2782 619 2814 1558,
634 2787 716 2816 atque
726 2782 796 2809 inter
811 2781 898 2816 Opera
912 2782 986 2816 ejus-

236 2875 259 2890 ⁶⁰
276 2875 313 2902 De
327 2877 384 2902 eaet.
400 2876 466 2902 hier.
483 2882 543 2909 cap.
557 2874 585 2900 7.
623 2873 642 2909 ᾗ
662 2873 699 2899 De
711 2872 794 2909 divin.
812 2871 929 2909 nomin.._
940 2877 987 2904 cap

1041 2867 1112 2909 .“2Act
1125 2868 1171 2909 11ῑι
1182 2866 1264 2909 etlib.
1278 2866 1584 2909 Deninystzt‘hg‘nlmeap.
1602 2868 1645 2895 12.

200 2911 252 2950 vin.
270 2901 383 2950 nomini;
398 2901 457 2944 cap.
474 2910 500 2941 1,
514 2901 541 2942 ᾖ,
559 2909 587 2948 93
610 2908 654 2939 13,
667 2912 693 2934 ct
709 2906 746 2933 De
769 2912 846 2956 nt‘yst.
860 2905 952 2934 tlteol..
974 2901 1037 2936 cap.
1061 2902 1089 2932 2,
1107 2908 1134 2929 et
1146 2901 1232 2943 Epist.
1256 2903 1291 2927 ad
1315 2901 1368 2941 Tit.

201 2946 224 2961 ιο
244 2945 310 2967 llud.
350 2945 372 2961 ου
391 2945 427 2967 ηρ
441 2945 533 2967 ιιι-ΛΜ-
556 2944 633 2967 lmen.
652 2950 712 2967 can.
729 2941 753 2967 1.
806 2940 911 2967 ΗΜΛ..
931 2947 990 2967 can.
1011 2938 1037 2965 5.
1077 2938 1099 2955 ⁵⁷
1114 2937 1150 2964 De
1168 2938 1250 2964 divin.
1272 2944 1368 2963 nonam.

873 2947 911 2973 (1.,
931 2947 990 2973 cap.
1011 2947 1037 2965 ο.

201 2946 224 2961 ⁸⁵
240 2945 311 2972 Ibid.
350 2945 372 2961 “
388 2941 533 2972 De'ecclu.
556 2943 633 2976 hicn,
652 2950 712 2977 cap.
729 2941 753 2968 1.

1030 2321 1122 2348 omnia
1148 2328 1284 2348 summam
1310 2322 1432 2356 ejusdem
1454 2321 1576 2352 Maximi,
1604 2322 1672 2348 tanti
1698 2321 1829 2348 videlicet

1031 2367 1167 2402 martyris,
1181 2366 1308 2401 pietatem
1324 2372 1350 2394 et
1363 2367 1572 2395 sanctimoniam
1586 2368 1700 2394 omnino
1716 2368 1828 2402 spirant

1029 2416 1057 2439 et
1074 2412 1205 2439 redolent.

1072 2454 1265 2489 Pachymerius
1294 2454 1480 2487 paraphrasnn
1507 2460 1556 2480 seu
1587 2452 1829 2480 Commentarium

1039 2508 1065 2527 in
1092 2501 1186 2527 eadem
1228 2500 1347 2534 Dionysii
1371 2501 1458 2534 Opera
1484 2501 1618 2534 scripsit,
1649 2500 1696 2534 qui
1723 2509 1824 2527 inemo-

1039 2547 1107 2574 ratis
1129 2546 1239 2573 Maximi
1261 2547 1372 2573 scholiis
1386 2546 1483 2579 smpius
1507 2546 1692 2580 subjungitur.
1725 2546 1828 2574 Postea

1040 2601 1104 2620 vero
1120 2593 1196 2628 Hugo
1209 2600 1224 2620 a
1237 2593 1338 2620 Sancto
1349 2591 1460 2619 Victore
1470 2612 1478 2623 ,
1493 2591 1623 2619 Albertus
1632 2592 1763 2627 Magnus,
1787 2592 1831 2620 di-

1039 2639 1205 2666 vus'l‘homa
1236 2638 1367 2672 Aquinas,
1395 2638 1539 2672 Dionysius
1571 2638 1777 2665 Carthusianus
1803 2645 1833 2666 et

1039 2686 1150 2720 quidam
1169 2685 1213 2711 alii
1229 2684 1358 2711 nonnulla
1375 2685 1400 2710 in
1414 2684 1545 2718 quasdam
1563 2683 1687 2718 ejusdem
1704 2686 1835 2713 auctoris

1040 2732 1242 2759 lucubrationes
1253 2732 1432 2764 scripserunt.

1077 2778 1208 2805 Praeterea
1228 2778 1374 2804 editionem
1388 2780 1546 2804 eorumdem
1564 2777 1685 2811 Operum
1702 2777 1833 2805 Latinam

1685 2868 1708 2884 "
1726 2868 1764 2896 De
1789 2870 1836 2895 (li-

1406 2902 1428 2916 “
1440 2902 1485 2938 Dc,
1495 2903 1696 2936 divin.no:nin.,
1711 2913 1776 2938 cap.
1803 2907 1832 2933 ιι.

1077 2938 1099 2955 ⁵⁷
1114 2937 1150 2964 De
1168 2936 1250 2964 divin.
1272 2937 1383 2970 nomin.,
1399 2943 1459 2971 cap.
1474 2937 1498 2963 ti.
