3916 6234
290 388 373 445 53

1660 397 2191 456 PROLEGOMENA.

3501 400 3574 457 51c

289 502 582 562 habemus
611 505 846 567 Parisiis
884 512 1022 583 typis
1042 511 1263 569 Henrici
1292 513 1555 585 Stephani
1589 532 1730 571 anno
1758 516 1897 571 1515
1928 524 1970 577 Α
2004 514 2194 570 nullibi
2244 529 2480 586 unquam
2539 524 2732 571 auctor
2782 528 2971 571 nOSter
3029 514 3272 575 tradidit.
3330 516 3396 572 Et
3422 530 3573 574 certe

290 613 596 667 cxcusam,
642 616 766 671 qua:
834 604 1141 660 versionem
1184 606 1456 663 Ambrosii
1508 609 1893 665 Camahlulen-

291 693 410 757 sis,
458 702 625 748 notas
682 694 846 750 Fabri
908 696 1264 765 Stapulensis,
1315 711 1370 754 et
1421 703 1888 757 commentarium

288 778 499 836 ludoci
529 781 830 839 Clicbtovei
877 788 1279 857 complectitur.
1332 790 1506 847 Porro
1527 793 1689 848 Fabri
1726 794 1891 849 scho-

293 872 371 926 lia
410 876 613 943 sepius
648 876 703 929 in
750 877 943 947 vulgus
995 882 1340 948 prodierunt,
1390 884 1745 955 Argentorati
1799 901 1894 938 an-

290 979 371 1018 no
424 966 569 1022 1498
591 977 645 1022 et
673 969 831 1036 i502,
887 981 943 1027 et
988 972 1216 1030 Parisiis
1273 974 1431 1029 1503.
1490 976 1546 1031 In
1588 977 1654 1031 iis
1708 986 1891 1031 autem

291 1056 489 1113 Faber
544 1062 855 1117 versionem
897 1066 1169 1121 Ambrosii
1215 1065 1647 1122 Catualdulensis
1677 1077 1770 1122 aut
1826 1068 1891 1123 il-

290 1149 503 1204 lustrat
522 1155 865 1224 autcorrigi-t
892 1177 904 1211 :
930 1166 1091 1225 atque
1118 1169 1178 1211 ut
1209 1158 1260 1211 id
1284 1170 1569 1228 pnestaret
1601 1161 1887 1232 integrius,

289 1242 513 1299 Graecis
540 1248 952 1315 manuscriptis,
975 1264 1093 1318 quae
1121 1250 1174 1305 in
1202 1250 1535 1321 Dionysiano
1556 1254 1890 1307 monasterio

288 1336 695 1403 servabantur,
734 1353 865 1392 usus
894 1349 996 1392 est.

372 1424 548 1481 Notas
571 1428 623 1481 in
655 1428 865 1499 singula
888 1429 1128 1502 Dionysii
1160 1430 1335 1500 Opera
1354 1434 1598 1487 omnium
1626 1435 1889 1491 maximas

282 1522 409 1586 jam
444 1519 709 1589 praefatus
732 1521 1027 1577 Corderius
1048 1524 1373 1594 divulgavit,
1434 1542 1624 1595 eaeque
1649 1528 1716 1581 ab
1772 1528 1890 1598 ipso

282 1612 611 1681 thcotogicw
644 1616 1009 1686 appellantur.
1069 1617 1136 1672 Et
1191 1634 1248 1672 re
1272 1620 1490 1689 quidem
1524 1622 1639 1689 ipsa
1677 1621 1781 1675 illa:
1818 1621 1887 1675 ad

287 1704 637 1775 theologiam
683 1709 1066 1763 scholasticam
1097 1711 1391 1778 pertinent,
1441 1722 1605 1781 atque
1640 1713 1694 1769 in
1747 1712 1884 1780 illis,

280 1797 501 1867 quibus
540 1799 738 1855 librum
770 1802 847 1856 De
871 1804 1058 1858 divinis
1101 1806 1398 1859 nominibus
1424 1805 1700 1860 illustrare
1750 1821 1887 1862 con-

282 1894 502 1959 tendit,
526 1892 705 1950 fusius
734 1897 1069 1967 uberiusque
1103 1898 1367 1969 disputat.

881 1989 1111 2047 CAPUT
1150 1990 1316 2045 XXII.

659 2080 826 2136 Novw
871 2084 1117 2152 quwdam
1159 2084 1566 2140 observationes.

360 2172 573 2227 Auctor
599 2172 860 2229 Hebraice
896 2178 1177 2233 nesciebat.
1228 2179 1460 2234 -—Nulli
1499 2180 1882 2251 injucundum,

278 2279 393 2319 nec
420 2264 653 2320 forsitan
681 2266 870 2321 inutile
888 2269 993 2322 erit
1015 2268 1099 2322 his
1121 2270 1595 2327 observationibus
1632 2273 1882 2343 quredam

282 2358 559 2426 adjicere,
596 2374 717 2427 qua:
740 2360 1042 2414 attentione
1095 2360 1277 2430 aliqua
1299 2377 1408 2417 non
1461 2362 1625 2433 plane
1652 2365 1872 2434 indigna

281 2448 648 2506 videbuntur.
696 2449 932 2504 Primum
964 2454 1115 2506 enim
1141 2463 1338 2508 auctor
1380 2464 1567 2509 noster
1595 2454 1866 2511 Hebraice

283 2541 601 2605 nesciebat,
643 2543 840 2612 quippe
880 2544 970 2612 qui
1012 2545 1098 2599 ubi
1131 2546 1421 2601 nonnullas
1472 2545 1864 2602 Hebraicornm

282 2633 598 2685 verborum
645 2632 1132 2703 interpretationes
1173 2635 1354 2699 affert,
1390 2637 1670 2706 subjungit
1697 2637 1875 2690 conti-

283 2735 407 2774 nuo
427 2720 475 2753 ⁶⁶
502 2738 516 2773 :
549 2719 808 2778 Hebraice
837 2725 991 2795 periti
1042 2728 1214 2793 aiunt,
1249 2726 1332 2782 vel
1360 2745 1374 2782 :
1416 2725 1489 2780 lli
1510 2728 1601 2797 qui
1623 2726 1882 2785 Hebraice

281 2824 516 2867 norunt.

360 2906 643 2961 Praeterea
663 2909 885 2963 dubium
912 2911 1088 2966 adhuc
1116 2919 1169 2966 et
1196 2922 1460 2967 incertum
1480 2929 1600 2969 esse
1628 2914 1871 2983 videtur,

282 3008 480 3052 utrum
542 3000 627 3054 ha:
686 3015 847 3056 voces
908 3018 1027 3070 quas
1089 3003 1139 3058 in
1190 3005 1452 3060 librorum
1508 3007 1881 3076 inscriptioni-

280 3089 396 3142 bus
449 3090 743 3158 leguntur,
798 3093 881 3160 Τῷ
905 3097 1415 3167 συμπρεσϐυτέρῳ
1450 3100 1702 3168 Τιμοθέῳ
1748 3102 1878 3153 Διο-

279 3182 532 3248 νύσιος,
566 3184 636 3238 ab
670 3196 895 3241 auctore
943 3189 1059 3257 ipso
1108 3189 1365 3258 profectae
1416 3192 1544 3247 sint.
1590 3192 1692 3260 Qui
1731 3192 1875 3246 enim

281 3274 410 3328 ﬁeri
440 3276 624 3345 potuit
653 3286 711 3330 ut
744 3278 835 3334 ille
885 3280 937 3333 in
972 3277 1212 3349 Operam
1238 3296 1461 3336 suorum
1519 3284 1694 3339 titulis
1719 3284 1876 3339 adhi-

281 3366 477 3421 buerit
512 3370 913 3437 πρεσϐὐτερος
966 3385 1174 3439 vocem,
1239 3388 1344 3442 qua
1387 3373 1580 3428 nullibi
1629 3390 1872 3443 unquam

282 3459 341 3513 in
411 3460 608 3515 iisdem
669 3460 937 3529 Operibus
986 3464 1099 3518 suis
1147 3464 1223 3519 uti
1269 3464 1550 3519 voluerit?
1601 3465 1874 3521 Dissimu-

278 3551 405 3606 lare
457 3562 641 3606 tamen
711 3570 814 3607 non
860 3570 1150 3622 possumus
1201 3558 1419 3612 easdem
1485 3558 1871 3626 inscriptiones

278 3643 486 3696 eodem
536 3644 695 3698 modo
721 3645 773 3698 in
831 3643 1039 3699 Grascis
1088 3661 1154 3701 ac
1212 3645 1425 3703 Latinis
1472 3648 1869 3718 manuscriptis

283 3744 465 3803 atque
522 3732 577 3788 in
613 3737 773 3792 editis
815 3739 1102 3804 exhiberi;
1138 3742 1235 3794 sed
1301 3741 1354 3795 in
1410 3743 1693 3797 codicibus
1766 3742 1870 3796 illis

280 3842 456 3879 manu
486 3830 747 3895 exaratis,
779 3846 1007 3900 quorum
1034 3832 1397 3902 antiquissimi
1434 3845 1651 3889 aetatem
1688 3835 1864 3889 sancti

279 3916 514 3971 Maximi
573 3933 677 3973 non
720 3933 1023 3990 superant,
1072 3939 1239 3979 voces
1299 3924 1675 3995 hujuscemodi
1727 3941 1755 3977 a
1791 3925 1861 3980 li-

277 4009 494 4064 brariis
554 4011 922 4079 scriptoribus
949 4014 1000 4067 in
1029 4016 1216 4070 titulos
1239 4016 1395 4071 facile
1418 4014 1625 4071 intrudi
1669 4025 1863 4086 potue-

279 4111 437 4155 runt.
473 4100 671 4159 Verum
704 4106 801 4159 has
828 4107 1173 4176 conjecturas
1197 4118 1414 4163 nostras
1443 4110 1678 4163 aliorum
1710 4108 1862 4179 judi-

277 4196 376 4250 cio
398 4195 635 4249 libenter
656 4198 1044 4264 permittimus.

351 4286 432 4341 De
465 4290 698 4355 capitum
738 4292 1142 4348 summariis.—
1167 4291 1315 4346 Idem
1340 4306 1554 4362 quoque
1571 4291 1859 4348 dicendum

270 4384 347 4437 de
390 4386 633 4449 capitum
664 4384 998 4450 summariis,
1052 4386 1110 4438 ut
1148 4394 1364 4449 vocant,
1421 4388 1727 4454 sententiis,
1763 4403 1861 4443 seu

276 4476 651 4545 argumentis,
686 4490 804 4544 quae
860 4475 913 4529 in
968 4478 1355 4547 manuscriptis
1404 4487 1458 4533 et
1512 4479 1676 4533 editis
1703 4480 1859 4535 libris

2000 606 2052 660 id
2098 607 2324 663 cuilibet
2369 607 2526 663 facile
2557 608 2975 678 persuadebitur
2996 651 3013 676 ,
3041 609 3087 664 si
3114 611 3298 664 animo
3324 612 3574 672 attendat

1998 713 2103 752 non
2151 698 2316 754 alium
2363 700 2648 769 scriptoris
2708 702 2881 757 nostri
2942 717 3171 771 scopum
3217 718 3340 758 esse
3404 718 3574 773 quam

1997 785 2420 843 ecclesiasticam
2465 789 2832 845 hierarchiam
2864 830 2881 856 ,
2921 791 3179 862 angelica:
3229 800 3285 846 et
3329 792 3573 850 caelestis

1999 876 2188 945 instar,
2223 877 2274 931 in
2310 887 2418 934 tres
2442 888 2670 946 tantum,
2692 880 3098 949 episcoporum,
3124 881 3567 951 presbyterorum

1994 980 2049 1024 et
2067 970 2439 1039 diaconorum,
2458 988 2487 1026 a
2513 972 2670 1028 nobis
2690 987 2854 1042 supra
2872 984 3330 1028 commemoratos
3352 973 3570 1031 ordines

1995 1061 2377 1131 distinguendi.

2064 1153 2144 1208 De
2163 1155 2353 1209 ritibus
2414 1158 2801 1224 praetermissis.
2825 1188 2896 1197 —
2932 1156 3118 1228 Neque
3154 1159 3321 1212 etiam
3373 1171 3569 1213 omnes

1993 1248 2352 1305 caeremonias
2374 1258 2432 1303 et
2459 1249 2621 1317 ritus,
2654 1251 2799 1304 sicut
2853 1250 3035 1321 operis
3086 1250 3207 1320 ejus
3274 1248 3566 1304 consilium

1992 1337 2165 1406 magis
2223 1338 2501 1405 postulare
2572 1340 2903 1408 videbatur,
2962 1341 3017 1394 in
3092 1349 3565 1395 sacramentorum

1990 1428 2467 1485 administratione
2498 1430 2780 1485 observari
2832 1432 3027 1489 solitos
3080 1429 3170 1486 ille
3220 1445 3564 1486 commemo-

1993 1531 2098 1575 rat.
2160 1523 2234 1577 De
2288 1522 2719 1579 confirmationis
2790 1524 2935 1579 enim
3013 1531 3363 1580 sacramento
3441 1532 3567 1592 post

1992 1612 2318 1680 baptismum
2381 1615 2815 1669 administrando
2870 1615 2959 1669 ubi
3025 1615 3304 1684 disputat,
3355 1615 3563 1668 nullum

1991 1702 2058 1757 de
2086 1720 2339 1758 manuum
2359 1704 2702 1775 impositionc
2732 1707 2956 1761 verbum
2990 1705 3141 1765 fecit.
3175 1706 3351 1762 Nemo
3378 1716 3561 1761 tamen

1992 1794 2165 1848 nescit
2196 1808 2315 1849 eam
2366 1795 2434 1849 ab
2473 1797 2741 1866 apostolis
2792 1812 3090 1866 eorumque
3154 1798 3562 1853 successoribus

1918 1882 1967 1938 Β
1988 1886 2155 1942 fuisse
2185 1888 2503 1942 adhibitam.
2537 1888 2675 1954 Quid
2702 1891 2846 1957 quod
2877 1900 2932 1945 et
2962 1892 3078 1959 ipse
3114 1891 3168 1944 in
3205 1892 3345 1947 libro
3376 1888 3452 1945 De
3477 1906 3564 1944 ec-

1986 1979 2280 2035 clesiastica
2304 1982 2629 2048 Itierarchia,
2672 1984 2722 2037 in
2777 1986 3022 2039 secunda
3070 1986 3335 2055 cujusque
3365 1986 3562 2056 capitis

1985 2083 2163 2141 parte,
2191 2073 2281 2127 ubi
2313 2074 2379 2128 de
2405 2075 2783 2145 hujuscemodi
2821 2085 3032 2130 tantum
3070 2077 3267 2133 ritibus
3311 2079 3559 2143 disserit,

1984 2165 2273 2220 nonnullos
2312 2168 2678 2236 praetermisit,
2708 2184 2944 2238 quorum
2992 2168 3248 2240 deinceps
3306 2170 3360 2225 in
3395 2171 3556 2225 tertia

1984 2266 2142 2325 parte
2184 2256 2410 2313 refricat
2455 2260 2798 2315 memoriam.

2057 2349 2133 2405 De
2165 2353 2269 2405 ritu
2294 2353 2575 2423 singulari.
2597 2383 2669 2395 ——
2692 2355 2769 2409 De
2791 2355 3118 2426 quibusdam
3167 2354 3331 2410 etiam
3387 2369 3560 2411 caere-

1983 2444 2181 2498 moniis
2205 2454 2425 2511 tractat,
2449 2461 2569 2516 qua:
2596 2447 2649 2501 in
2683 2462 2783 2501 sua
2816 2457 3025 2505 tantum
3049 2447 3295 2502 Ecclesia
3327 2456 3383 2503 et
3413 2464 3557 2503 non-

1985 2536 2147 2591 nullis
2192 2536 2419 2593 forsitan
2461 2539 2816 2595 vicinloribus
2846 2550 3005 2595 erant
3039 2543 3088 2596 in
3122 2557 3244 2597 usu.
3295 2540 3445 2597 Talis
3468 2553 3555 2598 est

1984 2629 2073 2684 ille
2100 2640 2207 2684 tam
2238 2630 2532 2701 singularis
2555 2631 2840 2686 duodecim
2862 2633 3062 2701 plumis
3076 2648 3295 2688 sacrum
3315 2634 3557 2690 chrisma

1982 2722 2324 2789 cooperiendi
2358 2724 2513 2779 ritus.
2570 2722 2703 2777 Illud
2764 2723 3019 2778 etiamin
3075 2725 3254 2780 missa;
3309 2726 3560 2781 celebra-

1984 2813 2131 2866 tione
2186 2813 2459 2883 peculiare
2508 2815 2726 2871 videtur
2774 2819 2945 2887 quod,
2991 2819 3232 2875 recitatis
3272 2818 3554 2874 defuncto-

1982 2920 2103 2957 rum
2168 2906 2519 2971 nominibus,
2582 2908 2737 2962 ileret
2794 2926 3052 2967 manuum
3124 2911 3296 2978 lotio,
3349 2925 3551 2967 conse-

1980 2997 2210 3052 crationi
2235 3000 2609 3055 eucharistica:
2649 3003 3061 3070 quamproxime
3093 3003 3491 3073 prmmittenda.

2050 3092 2127 3145 De
2146 3109 2271 3149 mss.
2290 3094 2488 3164 Reg.—
2512 3093 2701 3149 Plures
2726 3096 3028 3149 etiamnum
3046 3105 3264 3151 exstant
3282 3096 3334 3151 in
3355 3095 3552 3151 biblio—

1984 3183 2139 3238 theca
2189 3185 2354 3255 Regia
2416 3187 2609 3241 horum
2658 3185 2892 3257 Operum
2945 3189 3300 3259 manuscripti
3327 3189 3548 3244 codices

1980 3273 2178 3340 Graeci,
2194 3288 2423 3343 quorum
2443 3279 2765 3348 praecipuus,
2784 3296 3014 3335 numero
3036 3279 3179 3335 2262
3201 3282 3550 3346 subnotatus,

1974 3368 2217 3421 omnium
2250 3369 2522 3438 antiquior
2549 3380 2650 3437 est,
2682 3380 2738 3425 et
2761 3387 3026 3426 annorum
3049 3371 3154 3426 600
3181 3380 3397 3427 atatem
3447 3386 3546 3428 no-

1975 3460 2057 3515 bis
2085 3460 2402 3529 praeseferre
2438 3462 2667 3516 videtur.
2730 3462 2808 3519 Ex
2856 3465 2959 3519 hoc
2997 3465 3186 3519 codice
3226 3464 3361 3530 solo,
3394 3464 3543 3531 aliis,

1973 3553 2063 3620 qui
2107 3552 2459 3621 sequentibus
2489 3553 2730 3608 numeris
2762 3564 3041 3620 notantur,
3099 3571 3201 3611 nec
3254 3556 3541 3625 inspectis,

1974 3659 2073 3698 nec
2097 3645 2441 3709 examinatis,
2466 3660 2618 3701 suam
2648 3645 2949 3711 Morcllius,
2969 3649 3044 3702 uti
3071 3658 3318 3718 putatur,
3342 3650 3538 3706 editio-

1973 3751 2095 3789 nem
2130 3735 2436 3791 adornavit.

2041 3825 2120 3878 De
2147 3842 2273 3879 mss.
2300 3824 2635 3883 Colbertinis.
2660 3858 2730 3870 ——
2764 3830 2906 3886 Duos
2930 3831 3068 3887 alios
3094 3846 3159 3887 ex
3182 3831 3540 3890 celeberrima

1969 3911 2203 3968 Colberti
2242 3915 2569 3972 bibliotheca
2601 3919 2816 3974 codices
2862 3937 3032 3989 penes
3066 3937 3169 3977 nos
3225 3923 3542 3992 habuimus,

1970 4021 2200 4074 quorum
2251 4009 2421 4076 prior,
2452 4008 2767 4065 charactere
2808 4011 3216 4082 elegantissimo
3248 4025 3540 4081 exaratus.

1968 4107 2186 4152 aetatem
2229 4114 2381 4152 suam
2415 4101 2500 4155 his
2550 4101 2751 4167 verbis,
2802 4103 2856 4156 in
2903 4104 3052 4159 calce
3093 4106 3240 4160 illius
3290 4108 3539 4176 adjectis,

1968 4189 2174 4243 indicat
2199 4206 2213 4244 :
2252 4190 2567 4263 Ἑτελειὼθη
2598 4194 2630 4264 ἠ
2658 4193 2907 4265 παροῦσα
2934 4194 3115 4264 βίϐλος
3148 4197 3277 4268 μηνὶ
3307 4198 3537 4252 Ἰανουα-

1969 4282 2068 4354 ριῷ
2114 4284 2179 4349 ζ’,
2228 4286 2436 4350 ξνδι.·ε’,
2473 4285 2617 4349 ἕτοις
2648 4293 2784 4357 ,ςφκ
2831 4287 2882 4340 id
2943 4300 3024 4343 est
3066 4306 3081 4344 :
3122 4287 3398 4358 Perfectus
3461 4300 3540 4345 est

1966 4380 2052 4431 hic
2078 4379 2212 4432 Lber
2253 4396 2427 4432 mense
2476 4378 2763 4447 Januario,
2797 4378 2929 4447 feria
2956 4382 3204 4450 septima,
3250 4382 3540 4436 indictione

1965 4484 2020 4526 v.
2058 4487 2196 4523 anno
2244 4472 2616 4527 mundi6500.
2671 4472 2734 4527 Hi
2786 4474 2891 4527 dun
2966 4475 3316 4529 characteres
3355 4473 3537 4528 Graeci

271 4567 531 4621 similiter
583 4575 900 4621 occurrunt.
960 4567 1119 4621 Plura
1186 4570 1387 4638 quippe
1462 4572 1700 4639 capitum
1758 4586 1852 4624 ar-
1890 4567 1932 4622 D
1963 4578 2046 4630 ςφ
2116 4561 2170 4614 in
2199 4563 2384 4617 codice
2426 4566 2801 4633 manuscripto
2833 4566 2974 4618 inter
3002 4579 3061 4619 se
3113 4564 3378 4629 connexi,
3401 4565 3535 4619 nihil

272 4670 577 4727 gumenta,
644 4659 713 4713 ab
765 4660 831 4714 iis
890 4676 1009 4728 quae
1082 4661 1134 4713 in
1200 4670 1348 4716 textu
1403 4672 1855 4735 pertractantur,

273 4752 739 4818 repnesentandis
804 4752 941 4807 adeo
1000 4762 1127 4807 sunt
1185 4753 1401 4818 aliena,
1461 4765 1520 4808 ut
1577 4770 1605 4808 a
1654 4755 1855 4825 quovis

272 4843 388 4895 alio
434 4843 616 4910 potius
650 4858 811 4912 quam
858 4844 928 4900 ab
988 4858 1215 4902 auctore
1260 4859 1449 4902 nostro
1498 4848 1704 4919 scripta
1736 4863 1856 4903 esse

269 4936 589 4989 videantur.

346 5026 425 5081 De
454 5028 725 5082 ordinibus
778 5031 1093 5085 minoribus.
1112 5061 1182 5071 —-
1202 5032 1560 5089 Arbitrantur
1591 5033 1843 5088 nonnulli

268 5121 359 5175 his
394 5121 448 5174 in
500 5123 719 5191 scriptis
772 5124 1009 5194 aliquam
1063 5128 1333 5181 minorum
1387 5125 1645 5181 Ecclesia:
1695 5126 1849 5179 ordi-

266 5230 399 5267 num
433 5253 451 5279 ,
517 5230 677 5269 sacro
745 5216 1035 5271 diaconaln
1086 5219 1457 5281 inferiorum,
1515 5217 1848 5273 mentionem

264 5305 483 5359 haberi.
529 5305 603 5359 Iis
666 5316 842 5361 tamen
902 5308 1150 5379 lectione,
1198 5328 1301 5381 qua
1349 5314 1643 5383 potuimus,
1690 5333 1854 5371 accu-

270 5400 481 5452 ratiore
519 5400 865 5466 examinatis,
908 5401 1111 5456 nullum
1156 5404 1315 5460 nobis
1363 5419 1551 5460 eorum
1591 5408 1845 5462 ordinum

262 5488 559 5558 vestigiqu
590 5490 734 5544 ullibi
760 5495 1033 5561 apparuit.
1060 5494 1181 5549 Non
1209 5511 1400 5552 sumus
1426 5498 1642 5567 quidem
1671 5498 1845 5553 nescii

266 5580 598 5634 mentionem
649 5581 721 5635 ibi
787 5583 904 5637 ﬁeri
974 5594 1315 5654 cantorum;
1363 5589 1457 5641 scd
1511 5589 1842 5657 peculiarem

261 5671 558 5737 quemdam
617 5671 864 5726 ordinem
932 5688 1000 5727 ex
1046 5673 1112 5728 iis
1154 5674 1206 5727 in
1260 5674 1502 5730 Ecclesia
1555 5674 1817 5730 constitui

1961 4655 2106 4707 aliud
2137 4655 2207 4709 ibi
2235 4654 2546 4723 significare
2591 4656 2845 4710 videntur
2879 4671 3043 4725 quam
3098 4670 3305 4710 annum
3343 4658 3531 4713 mundi

1959 4744 2100 4800 6500
2130 4754 2185 4800 et
2211 4745 2411 4800 Christi
2435 4746 2559 4801 992.
3226 4812 3231 4817 1

2031 4837 2107 4890 De
2143 4856 2268 4892 mss.
2318 4839 2492 4892 Latin.
2535 4869 2605 4879 —
2632 4839 2688 4892 In
2728 4840 2829 4895 hoc
2862 4851 3043 4894 autem
3081 4840 3271 4897 codice
3298 4840 3530 4912 adjecta:

1956 4940 2082 4985 sunt
2120 4931 2290 4985 sancti
2341 4931 2560 4985 Maximi
2593 4940 2753 4995 notae.
2812 4932 2881 4985 ab
2938 4934 3023 4987 his
3069 4948 3191 5004 qua:
3248 4935 3303 4989 in
3366 4936 3532 4992 editis

1957 5033 2226 5092 prostant,
2285 5025 2578 5094 plurimum
2637 5026 3036 5091 discrepantes.
3112 5025 3261 5093 Quas
3305 5028 3529 5096 quidem

1957 5118 2285 5173 variationes
2308 5134 2429 5173 cum
2467 5133 2660 5173 onmes
2716 5119 3027 5173 describere
3086 5135 3191 5173 non
3226 5121 3526 5189 possimus,

1954 5212 2006 5266 id
2038 5210 2206 5266 semel
2236 5213 2558 5266 observasse
2599 5210 2850 5266 sulliciat.
2883 5208 3038 5265 Unde
3092 5221 3272 5266 autem
3292 5223 3414 5267 orta
3459 5212 3532 5265 sit

1953 5304 2044 5359 illa
2091 5312 2342 5358 notarum
2374 5303 2759 5371 discrepantia,
2793 5303 2838 5356 si
2865 5316 3046 5373 roges,
3072 5303 3223 5358 disce
3250 5320 3316 5358 ex
3351 5304 3525 5359 Atha-

1954 5397 2094 5450 nasii
2144 5397 2472 5455 testimonio.
2500 5410 2529 5447 a
2561 5395 2715 5449 nobis
2747 5410 2871 5450 mox
2924 5395 3278 5465 proferendo,
3312 5412 3420 5466 quo
3465 5411 3524 5454 se

1956 5489 2164 5547 scholia
2224 5489 2393 5544 sancti
2435 5488 2653 5542 Maximi
2713 5495 2769 5542 et
2813 5486 3041 5542 Joannis
3075 5488 3514 5560 Scythopolitani

1955 5595 1985 5633 a
2011 5595 2068 5634 se
2086 5582 2315 5637 invicem
2336 5581 2651 5636 distinxisse
2676 5578 2930 5634 allirmat.
2958 5579 3095 5635 Hinc
3118 5582 3264 5634 enim
3298 5581 3524 5649 colliges

1951 5690 2013 5729 ea
2037 5676 2432 5745 imperitiorum
2466 5674 2814 5730 librariorum
2850 5675 3058 5730 incuria
3086 5675 3331 5744 potuisse
3360 5672 3523 5729 facile

334 5848 379 5878 "
411 5846 486 5901 De
513 5850 703 5907 caelest.
740 5852 897 5920 hiet,
925 5854 1138 5931 cap.\7;
1168 5854 1243 5912 De
1266 5855 1451 5916 ecclcs.
1475 5855 1763 5925 hieran/1.,
1784 5870 1905 5926 cap.
1939 5854 1987 5923 4,
2017 5857 2080 5914 de
2115 5871 2243 5913 voce
2274 5853 2593 5924 Presbyteri.
