3916 6234
451 413 521 467 55
1592 419 1650 477 s.
1696 400 2063 477 momsws
2095 422 2552 486 sacomam.
3616 444 3688 499 se

452 527 503 578 in
529 522 718 579 codice
766 525 1083 582 Colbertino
1109 530 1342 601 aliisque
1388 531 1635 601 pluribus
1680 548 2012 604 praeponere
2044 542 2087 595 Α
2120 554 2311 611 regem.
2356 541 2435 597 lbi
2464 545 2933 613 interpretationis
2969 564 2997 602 a
3025 548 3255 618 Joanne,
3304 569 3466 626 quem
3493 557 3683 614 Senti-

449 619 865 684 perturbatione
889 620 1171 676 confundi.

516 708 795 764 Posterior
812 712 1028 765 tandem
1047 714 1216 768 codex
1240 713 1584 772 Colbertinns
1604 733 1634 771 a
1654 720 1886 788 quodam
1905 736 2012 776 mo-

447 800 623 855 nacho
656 803 879 857 nomine
900 801 1168 873 Longino,
1207 821 1347 861 anno
1373 810 1583 872 mundi,
1617 822 1675 864 ut
1706 813 1775 867 ab
1816 815 2005 868 eodem

442 891 688 961 Longino
718 894 1065 961 subnotatur,
1086 896 1244 959 6780,
1264 899 1316 952 id
1346 909 1428 954 est
1450 900 1656 957 Christi
1680 919 1829 959 anno
1847 905 2003 967 1273,

441 985 747 1056 descriptus
773 997 876 1041 est.

512 1075 586 1129 De
618 1094 719 1134 ms.
772 1078 1223 1149 Sandionysiano.
1250 1110 1319 1122 —-
1340 1081 1781 1143 Observabantus
1836 1104 2001 1158 supra

439 1171 701 1239 quosdam
734 1170 954 1227 Graecos
987 1174 1228 1239 codices,
1258 1174 1457 1231 Carolo
1485 1177 1653 1233 Calvo
1676 1182 1998 1250 imperante,

436 1262 490 1314 in
524 1262 709 1318 Sancti
762 1264 1004 1335 Dionysii
1062 1283 1228 1336 prope
1284 1268 1554 1325 Lutetiam
1602 1277 1997 1331 monasterium

434 1351 599 1407 fuisse
624 1366 971 1423 asportatos;
1022 1363 1115 1414 sed
1142 1359 1432 1429 lugendam
1456 1379 1642 1418 eorum
1678 1381 1802 1419 eum
1834 1378 1995 1423 caete-

430 1445 504 1499 ris
558 1446 728 1501 ferme
759 1449 1011 1503 omnibus
1043 1451 1322 1507 ditissimtc
1366 1454 1605 1525 ejusdem
1657 1457 1996 1515 bibliothecae

430 1537 815 1607 manuscriptis
857 1542 1128 1609 jacturam
1162 1545 1410 1603 fecimus.
1441 1548 1596 1603 Alius
1627 1551 1718 1619 qui
1748 1552 1820 1606 ibi
1848 1570 1993 1609 nunc

427 1627 676 1695 habetur,
705 1631 830 1685 illuc
848 1634 916 1687 ab
942 1635 1263 1703 imperatore
1284 1638 1526 1694 Manncle
1546 1641 1844 1713 Palzeologo
1868 1646 1995 1699 mis-

424 1734 515 1773 sus
557 1732 655 1774 est.
698 1724 872 1792 Atque
902 1727 955 1779 in
1007 1728 1235 1796 hujusce
1270 1732 1345 1784 rei
1388 1733 1547 1788 fidem
1594 1735 1708 1791 haec
1738 1739 1901 1791 verba
1935 1740 1989 1793 in

423 1808 529 1863 ﬁne
554 1810 795 1879 ejusdem
852 1816 994 1878 libri.
1054 1822 1149 1873 sed
1202 1836 1359 1876 manu
1408 1827 1705 1881 recentiori
1747 1828 1988 1897 subjecta

2114 642 2307 695 genam
2347 642 2527 696 vocat,
2578 636 2735 691 edita:
2786 639 3054 699 meminit.
3099 644 3486 713 Imperatorem
3546 667 3685 706 vero

2112 722 2398 775 certiorem
2429 724 2563 779 facit
2588 741 2649 781 se
2691 728 2757 781 ad
2785 744 2909 783 eum
2942 735 3248 790 versionem
3284 740 3505 797 mittere
3527 741 3683 800 Grae-

2110 825 2297 866 corum
2327 811 2543 870 Maximi
2573 827 2628 871 et
2679 817 2912 875 Joannis
2942 822 3376 894 Scythopolitani
3434 831 3679 888 scholio-

2111 920 2228 958 rum
2264 922 2277 958 :
2315 921 2432 973 qua:
2462 910 2676 976 quidem
2707 915 2979 979 quomodo
3001 930 3030 968 a
3056 931 3113 970 se
3145 918 3377 973 invicem
3407 922 3680 977 distinxe-

2107 996 2198 1059 rit,
2228 997 2313 1052 his
2342 1000 2521 1054 verbis
2562 1002 2873 1072 signiﬁcat:
2908 1004 3157 1074 Ipsorum
3213 1019 3389 1063 autent
3438 1014 3674 1069 scholia-

2106 1104 2220 1139 ram
2243 1105 2331 1141 seu
2352 1094 2721 1157 paratheseon,
2738 1112 3060 1167 quareunque
3087 1102 3140 1152 in
3169 1102 3313 1155 calce
3335 1106 3420 1157 sui
3449 1107 3664 1172 signum

2102 1179 2319 1246 vivi/ica
2346 1185 2514 1237 crucis
2537 1186 2766 1252 habent,
2806 1206 2839 1242 α
2885 1190 3034 1243 beato
3091 1192 3326 1249 Maximo
3372 1199 3672 1267 confessam

2101 1285 2162 1321 ac
2198 1273 2451 1327 monacho
2477 1276 2687 1329 inventa
2732 1293 3020 1335 narrantur
3044 1298 3063 1336 ἔ
3095 1293 3287 1340 cratera
3335 1304 3455 1341 vero
3489 1293 3669 1345 ωηειι

2098 1360 2322 1416 Joannis
2373 1364 2794 1436 Seytlwpolitani
2845 1376 3103 1430 antistitis
3143 1394 3257 1431 esse
3298 1380 3569 1444 feruntur.

2170 1518 2245 1574 De
2266 1521 2486 1587 epistola
2507 1525 2779 1579 undecima
2795 1528 2864 1579 ad
2885 1529 3527 1597 ApolIOphanem.—lllud
3546 1552 3671 1598 lan-

2096 1610 2217 1664 dem
2248 1613 2365 1667 sine
2396 1616 2775 1673 observatione
2819 1621 3004 1691 aliqua
3037 1631 3375 1694 praetermitti
3434 1649 3538 1688 non
3568 1638 3667 1691 deo

2095 1701 2204 1767 bet,
2259 1707 2402 1772 quod
2447 1722 2619 1777 neque
2676 1711 2836 1765 inhis
2886 1718 3139 1773 omnibus
3184 1723 3490 1791 codicibus,
3543 1729 3665 1783 sive

2092 1791 2297 1848 Graecis
2338 1796 2451 1851 sive
2479 1796 2707 1867 Latinis,
2757 1818 2932 1871 neque
2988 1807 3040 1861 in
3072 1812 3324 1867 omnibus
3368 1815 3485 1870 fere
3537 1819 3662 1873 edi-

419 1910 546 1953 sunt
574 1873 599 1952 εν
626 1920 646 1955 s
678 1902 749 1956 Τὸ
777 1904 948 1975 παρὸν
973 1873 1176 1977 βιϐλίον
1220 1873 1973 1993 dissociavere-parcitis“-

2096 1887 2491 1949 tionibus,nisi
2558 1892 2611 1944 in
2657 1892 2993 1951 Bibliotheca
3050 1911 3232 1955 nostra
3288 1904 3660 1975 Lugdunensi,

418 1993 635 2047 λοτάτου
672 1995 954 2064 βασιλέως,
990 2001 1085 2053 καὶ⁹
1115 2002 1514 2077 αὐτοκράτορος
1570 2008 1859 2079 Ῥωμαίων
1888 2028 1989 2067 κυσ-

418 2083 510 2153 pou
538 2083 814 2156 1’Μανοιιὴλ
850 2089 944 2141 τοῦ
990 2091 1353 2161 Παλαιολόγου
1400 2098 1479 2159 εις
1508 2098 1568 2150 τὸ
1618 2103 1966 2172 μοναστήριοι

412 2174 506 2227 τοῦ
530 2177 707 2243 Ἀγίου
727 2180 1003 2233 Διονυσίου
1053 2182 1130 2252 τῷ
1160 2184 1218 2238 ἐν
1259 2186 1516 2258 Παρυσὶῳ
1551 2188 1651 2259 τῆς
1704 2192 1985 2262 Φραγγίας

412 2265 444 2335 ἢ
480 2267 765 2334 Γαλατίας,
796 2272 903 2324 ἀπὸ
951 2273 1052 2343 τῆς
1085 2277 1703 2345 Κωνσταντινουπόλεως
1744 2284 1812 2336 δι’
1846 2286 1983 2356 ἐμοῦ

414 2359 668 2432 Μανουὴλ
737 2363 833 2417 τοῦ
878 2367 1242 2439 Χρυσολωρᾶ,
1307 2373 1646 2443 πεμφθέντος
1706 2380 1983 2448 πρεσδὲως

411 2454 565 2524 παρὰ
594 2457 688 2509 τοῦ
713 2459 1002 2529 εἰρημένου
1030 2462 1309 2532 βασιλέως,
1345 2468 1451 2521 ἔτει
1497 2470 1604 2523 ἀπὸ
1632 2474 1860 2538 κτίσεως
1887 2478 1980 2530 κό-

321 2543 329 2550 ’
411 2560 548 2613 σμου
578 2544 1022 2620 ἐξακισχιλιοστῷ
1053 2554 1553 2631 ὲννεακισχιλιοστῷ
1584 2561 1975 2636 ἑξκαιδεκάτῳ,

406 2635 514 2687 ἀπὸ
531 2638 855 2708 σαρκώσεως
874 2641 931 2693 δὲ
948 2642 1042 2695 τοῦ
1058 2646 1260 2716 Κυρίου
1280 2650 1530 2722 χιλιοστῷ
1548 2656 1978 2727 τετρακοσιοστῷ

410 2725 602 2797 ὀγδοῷ.
625 2730 813 2794 Ὅστις
844 2734 1130 2804 εἰρημένος
1155 2736 1408 2806 βασιλεὺς
1436 2737 1566 2812 ἦλθε
1603 2745 1865 2816 πρότερον
1897 2725 1978 2809 et;

404 2820 463 2871 τὸ
479 2821 745 2892 Παρύσιον
763 2824 868 2895 πρὸ
894 2826 1029 2879 ἑτῶν
1058 2830 1358 2901 τεσσάρων.
1376 2851 1392 2881 ι
1425 2833 1524 2887 llic
1553 2836 1689 2890 liber
1713 2838 1974 2892 Constan-

402 2914 622 2979 tinopoli
644 2917 713 2967 ad
730 2919 1103 2973 monasterium
1121 2922 1306 2975 Sancti
1326 2923 1563 2995 Dionysii
1584 2929 1902 2985 Pnrisiensis
1918 2934 1975 2987 in

406 3000 637 3059 Francia
659 3009 761 3058 sive
775 3003 816 3059 (ἶ
823 3007 951 3061 allia
978 3011 1167 3064 missus
1192 3022 1269 3065 est
1294 3033 1323 3066 a
1356 3015 1639 3071 celsissimo
1663 3021 1895 3089 principe
1920 3035 1968 3077 et

400 3099 716 3162 imperatore
744 3099 1099 3155 Romanorum
1129 3105 1342 3159 domino
1387 3106 1632 3163 Manuele
1662 3110 1967 3184 Palteologo

400 3204 491 3252 per
522 3206 600 3243 nte
650 3191 944 3247 Manuelem
973 3192 1372 3263 Cltrysoloram,
1402 3198 1632 3265 legatum
1676 3203 1896 3255 missum
1926 3223 1957 3255 α
1992 3204 2039 3266 C

398 3279 537 3332 dicto
565 3281 904 3349 imperatore,
962 3302 1100 3338 anno
1145 3304 1175 3338 a
1228 3289 1493 3340 creatione
1547 3293 1728 3344 mundi
1796 3293 1965 3348 sexies

399 3369 673 3427 millesimo
705 3378 1091 3441 nongentesimo
1141 3378 1341 3429 decimo
1390 3391 1557 3443 sexto,
1604 3382 1668 3431 ab
1702 3381 1967 3436 Inearna-

397 3463 536 3516 tione
565 3481 683 3519 vero
727 3465 941 3520 Domini
974 3468 1250 3522 millesimo
1279 3474 1797 3541 quadringentesimo
1824 3486 1965 3528 oeta-

398 3567 479 3605 νο.
519 3550 623 3617 Qui
648 3556 825 3609 dictus
881 3559 1165 3624 imperator
1192 3561 1342 3627 prius
1398 3559 1636 3617 Parisios
1670 3565 1810 3617 venit
1840 3576 1962 3620 ante

395 3659 623 3714 quatuor
675 3664 861 3703 annos.

464 3737 609 3794 Duos
638 3741 857 3810 insuper
881 3742 1102 3799 Latinos
1137 3746 1278 3799 nacti
1331 3761 1521 3801 sumus
1554 3763 1718 3801 manu
1753 3763 1955 3803 exara-

395 3842 481 3886 tos
509 3833 746 3899 codices,
792 3836 991 3903 quibus
1041 3838 1221 3891 versio
1271 3838 1498 3893 Joannis
1550 3842 1855 3910 Seotigena:
1893 3858 1957 3898 ac

393 3926 501 3979 divi
551 3925 791 3991 Maximi,
844 3926 1196 3997 eiusdemque
1257 3929 1483 3985 Joannis
1541 3932 1844 4002 Scotigenm
1876 3937 1957 4006 (l)

393 4029 534 4072 notae
574 4028 629 4072 et
671 4019 873 4072 scholia
929 4021 1276 4076 exhibentur.
1345 4023 1562 4079 Primus
1609 4026 1957 4083 Bibliotheca:

395 4109 575 4179 Regiae
612 4117 714 4171 est,
749 4111 1019 4164 secundus
1072 4111 1437 4167 Colbertime:
1474 4118 1615 4171 alter
1672 4121 1740 4173 ab
1797 4122 1956 4176 annis

388 4201 608 4256 circiter
637 4199 761 4266 000,
789 4202 927 4255 alter
952 4216 1079 4257 vero
1101 4203 1204 4257 400
1231 4205 1561 4275 descriptus.
1619 4209 1673 4262 ln
1714 4220 1948 4279 utroque

388 4293 792 4358 praemittuntur
817 4293 1055 4361 ejusdem
1082 4293 1306 4349 Joannis
1345 4293 1777 4365 Scythopolitani
1802 4300 1878 4369 (2)
1900 4310 1957 4353 et

389 4384 664 4440 Anastasii
714 4385 1118 4442 Biblimbecarii
1170 4390 1235 4442 ad
1279 4390 1530 4444 Carolum
1586 4391 1809 4446 Calvum
1842 4394 1954 4461 epi-

386 4476 560 4538 stolae,
593 4479 790 4546 quibus
833 4480 881 4534 ci
932 4481 1197 4536 versionis
1224 4483 1517 4552 operisque
1583 4484 1663 4537 sui
1722 4486 1953 4537 reddunt

388 4567 676 4622 rationem.
744 4569 978 4638 Epistola
997 4569 1219 4625 Joannis
1242 4572 1319 4626 sic
1344 4572 1660 4626 inscribitur
1691 4591 1703 4626 :
1740 4572 1951 4625 Glorio-

389 4658 597 4712 sissinto
627 4662 1004 4714 catholicorum
1058 4680 1237 4732 regum
1269 4663 1459 4718 Carolo
1507 4664 1738 4717 Joannes
1782 4672 1951 4716 extre-

387 4766 503 4807 mus
556 4752 756 4817 sap/tia:
813 4756 1156 4808 stadentium.
1206 4757 1569 4810 Anastasiana
1604 4771 1767 4810 vero:
1806 4754 1951 4808 Prw-

384 4842 519 4908 (atio
548 4842 845 4907 Anastasii,
890 4847 1194 4909 apostolica:
1233 4848 1372 4901 sedis
1413 4847 1821 4910 bibliothecarii,
1878 4846 1948 4897 ad

382 4934 874 4988 excellentissimum
901 4954 1067 5007 regem
1093 4949 1139 4993 et
1162 4937 1673 4992 Christianissimum
1695 4936 1946 4990 Carolttm

459 5091 543 5163 (1)
574 5089 716 5162 Lege
746 5092 1070 5165 Joannisqtte
1096 5097 1535 5169 Scythopolitani.
1570 5100 1723 5154 Eutr.
1750 5098 1917 5153 Pun.

2090 1980 2316 2045 epistola
2358 1983 2665 2048 undecima,
2708 1985 2952 2057 Dionysii
2991 1994 3165 2047 nostri
3199 1998 3422 2053 nomine
3452 2001 3659 2056 inscri-

2089 2079 2204 2138 pta,
2236 2074 2421 2125 decem
2471 2073 2591 2127 aliis
2642 2079 3019 2145 superioribus
3062 2087 3437 2143 subnectitur.
3482 2093 3542 2145 In
3593 2109 3658 2149 ea

2088 2172 2277 2213 auctor
2340 2164 2697 2234 Apollophani
2776 2169 3124 2240 philosopho,
3183 2177 3251 2231 ad
3307 2193 3466 2247 quem
3530 2184 3660 2238 data

2086 2262 2207 2321 est,
2259 2258 2324 2309 de
2359 2257 2503 2311 illius
2548 2262 2613 2311 ad
2660 2260 3028 2317 Christianam
3082 2267 3243 2321 tidem
3290 2274 3657 2329 conversione

2086 2346 2373 2412 plurimum
2404 2350 2726 2417 gratulatur,
2778 2364 2835 2409 et
2872 2357 2938 2411 de
2986 2359 3119 2413 solis
3162 2361 3496 2430 defectione,
3526 2382 3650 2434 quae

2082 2434 2300 2490 Christo
2357 2441 2662 2506 moriente,
2701 2446 3027 2517 contigerat,
3083 2466 3395 2509 sermonem
3447 2474 3647 2515 rursus

2083 2524 2341 2586 instituit.

2154 2619 2283 2675 llzre
2314 2634 2497 2679 autem
2560 2628 2792 2696 epistola
2829 2648 2933 2687 non
2993 2636 3167 2691 solum
3200 2639 3507 2694 certissima
3537 2642 3655 2698 evi-

2081 2711 2258 2765 dentis
2293 2716 2512 2781 praefert
2551 2717 2804 2777 falsitatis
2831 2723 3055 2791 indicia,
3084 2729 3178 2781 sed
3227 2744 3327 2783 nec
3350 2730 3419 2784 ab
3451 2732 3651 2787 eodem

2079 2813 2301 2856 auctore
2350 2821 2414 2859 ac
2444 2807 2629 2863 decem
2688 2814 3028 2880 superiores,
3080 2818 3285 2887 aliique
3325 2820 3638 2893 Dionysiani

2079 2893 2221 2961 libri,
2264 2897 2504 2965 profecta
2536 2916 2657 2957 esse
2705 2905 2943 2958 videtur.
2993 2906 3283 2965 Enimvero
3313 2913 3403 2967 illa
3437 2930 3539 2969 nec
3590 2916 3649 2970 in

2076 2993 2483 3059 manuscriptis,
2530 2998 2608 3049 uti
2646 2997 2906 3063 diximus,
2955 3016 3057 3056 nec
3112 3003 3164 3056 in
3223 3007 3467 3063 melioris
3503 3020 3650 3064 notae

2075 3079 2402 3137 editionibus
2421 3081 2635 3152 vulgata
2651 3088 2970 3145 est.Deinde
2998 3094 3066 3145 ab
3094 3093 3323 3148 aliarum
3364 3113 3489 3151 cum
3522 3101 3641 3166 epi~

2074 3170 2362 3237 stolarum,
2402 3182 2511 3226 tum
2537 3176 2978 3235 lucubrationum
3014 3183 3258 3255 Dionysii
3295 3191 3475 3243 nostri
3502 3192 3648 3261 stylo

2076 3274 2299 3327 prorsus
2348 3263 2632 3318 abhorret.
2680 3264 2923 3337 Denique
2945 3271 3070 3326 divo
3107 3272 3365 3339 Maximo,
3397 3276 3637 3345 Operum

2070 3351 2311 3421 Dionysii
2340 3354 2760 3423 diligentissimo
2782 3359 3111 3428 indagatori,
3135 3363 3292 3431 plane
3317 3367 3646 3438 penitusque

2068 3443 2339 3512 incognita
2365 3444 2487 3498 fuit.
2526 3445 2714 3502 Nullas
2734 3452 2931 3503 etenim
2950 3451 3000 3504 in
3032 3468 3177 3517 eam,
3196 3454 3338 3509 sicut
3359 3456 3409 3509 in
3431 3468 3634 3512 caetera

2067 3533 2301 3607 Dionysii
2331 3536 2534 3605 Opera,
2555 3539 2642 3593 ille
2658 3541 2825 3595 edidit
2846 3544 3278 3600 observationes.
3324 3546 3462 3613 Quid
3489 3553 3634 3618 quod

2063 3637 2118 3682 et
2142 3629 2257 3698 ipse
2283 3628 2544 3685 Maximus
2571 3631 2880 3703 Dionysium
2899 3651 3020 3689 cum
3045 3636 3174 3692 solis
3192 3638 3432 3706 eclipsim
3455 3642 3642 3698 obsor-

2065 3731 2240 3785 varet,
2280 3739 2481 3776 annum
2515 3724 2692 3777 :etatis
2726 3725 3043 3780 vicesimum
3074 3730 3324 3796 quintum
3378 3732 3633 3801 attigisse

2066 3816 2228 3869 meris
2248 3815 2575 3885 coniecturis
2594 3819 2827 3887 probare
2844 3830 3089 3876 conatur.
3107 3822 3177 3874 At
3195 3821 3335 3875 nulla
3368 3822 3470 3891 ipsi
3500 3839 3637 3893 opus

2062 3916 2183 3960 erat
2206 3907 2542 3975 conjectura,
2564 3911 2606 3963 si
2635 3909 2747 3963 haee
2772 3910 3023 3979 epistola,
3056 3912 3143 3966 ubi
3173 3913 3225 3967 id
3251 3924 3439 3982 aperte
3453 3914 3636 3970 decla-

2061 4001 2307 4064 ratur,in
2336 4001 2450 4069 ejus
2475 4016 2669 4055 manus
2696 4002 2985 4070 aliquando
3005 4005 3263 4061 venisset.
3302 4004 3445 4060 Vero
3468 4008 3635 4077 igitur

2060 4090 2274 4144 videtur
2301 4091 2522 4147 omnino
2554 4092 2729 4146 simile
2760 4108 2878 4146 eam
2905 4109 2933 4145 a
2973 4095 3112 4148 male
3151 4095 3347 4150 feriato
3391 4100 3634 4168 quodam

2058 4181 2322 4249 scriptore
2352 4197 2419 4237 ex
2450 4183 2677 4250 septima
2708 4184 2950 4238 auctoris
2985 4185 3154 4239 nostri
3196 4187 3262 4238 ad
3291 4186 3633 4255 Apollopha-

2059 4288 2180 4327 ncm
2203 4273 2454 4342 epistola,
2489 4273 2539 4326 in
2570 4289 2676 4341 qua
2701 4274 2768 4327 de
2806 4285 3104 4328 memorata
3132 4276 3263 4331 solis
3288 4277 3478 4345 eclipsi
3527 4279 3635 4334 dis-

2058 4375 2231 4434 putat,
2270 4374 2394 4433 post
2412 4365 2626 4420 Maximi
2643 4366 2848 4421 obitum
2868 4366 3030 4422 fuisse
3050 4371 3426 4439 compositam.
3457 4370 3633 4427 Porro

2056 4466 2235 4509 autem
2257 4472 2361 4510 non
2374 4458 2477 4510 alia
2494 4458 2711 4526 quidem
2740 4458 2947 4513 ratione
2974 4458 3065 4513 ille
3088 4459 3621 4531 Pseudo-Dionysius

1986 4535 2030 4590 Ῑ)
2058 4565 2176 4603 eam
2200 4550 2481 4615 scripsisse
2513 4550 2749 4612 videtur,
2785 4550 2886 4603 nisi
2923 4559 2979 4603 ut
3003 4552 3252 4605 eumdem
3288 4552 3622 4622 Apollopha-

2056 4655 2177 4694 nem
2206 4640 2531 4694 Christianae
2565 4640 2834 4709 religioni,
2863 4642 2931 4695 ad
2964 4656 3125 4710 quam
3154 4652 3348 4697 auctor
3376 4645 3629 4712 epistola:

2053 4733 2295 4800 septimae
2318 4748 2438 4787 eum
2464 4732 2733 4787 adducere
2762 4742 3086 4799 tentaverat,
3116 4750 3313 4790 nomen
3340 4752 3494 4790 suum
3526 4738 3629 4790 ali—

2054 4824 2270 4894 quando
2300 4824 2512 4880 dedisse
2554 4826 2808 4881 erunibus
2829 4842 3158 4897 quocunque
3196 4830 3420 4885 tandem
3459 4830 3629 4885 modo

2054 4917 2428 4986 persuaderet.

2069 5100 2087 5170 (
2099 5100 2164 5171 2)
2200 5103 2339 5172 Lege
2380 5101 2691 5172 Scotigenw.
2716 5104 2790 5159 In.
