3916 6234
222 330 298 385 5ῒ
1590 338 2108 402 PROLEGOMESA
3140 360 3147 367 '
3454 357 3522 410 ss

1744 470 1753 477 ι-

274 472 3506 509 ..__.________._______._______________________________

510 589 798 705 PR-
884 595 1023 709 J.
1108 594 1259 706 Ρ.
1353 596 1815 711 BER]!

1992 603 2179 714 Μ.
2264 603 2507 717 DE
2579 607 3254 724 BUBEIS

1428 774 1708 831 ORDINIS
1743 778 2324 835 PRAEDICATORUM

811 903 882 963 lu
917 904 1227 964 Venetam
1260 905 1544 984 Operum
1578 923 1725 985 quae
1752 906 2202 985 Areopagitica
2238 907 2931 987 dicuntur‘editioncm

1206 1067 2007 1167 DISSERTATIO
2082 1077 2573 1168 PIUEVIA

216 1221 291 1275 In
316 1238 424 1274 ana
470 1223 775 1275 vrwsertim
803 1220 977 1289 agitur
1006 1220 1072 1274 de
1103 1218 1332 1275 Scholiis
1357 1220 1547 1277 Sancti
1580 1223 1829 1349 illlaa'inti,
1864 1239 1913 1282 et
1934 1228 2177 1353 doct/nnis
2208 1229 2653 1299 Scythopolitani,
2692 1247 2754 1284 ac
2774 1229 3040 1301 jCernmni
3068 1230 3517 1295 Constantinopo-

1644 1309 1776 1352 ttam
1805 1312 2038 1353 patriarc
2059 1306 2168 1353 tat'.

1644 1306 1776 1352 uani
1804 1306 2168 1367 patriarchat'.

731 1529 962 1585 CAPUT
1004 1530 1301 1587 PRIMUM.

212 1646 464 1716 Operam
507 1645 1002 1716 AreOpagiticornm
1030 1646 1194 1697 editio
1224 1647 1628 1712 Antuerpiensis
1656 1661 1676 1698 :
1698 1650 1825 1712 quid

289 1720 347 1771 in
380 1734 447 1770 ea
476 1716 801 1784 praestitum.
841 1715 1116 1768 Posterior
1136 1718 1243 1769 alia
1284 1716 1609 1772 l’arisiensis
1634 1722 1822 1774 editio.

289 1790 603 1842 Casimirus
637 1786 885 1839 Uudinus
919 1796 1157 1842 notatus.

285 1900 327 1955 Ι.
362 1902 640 1966 Quantam
700 1917 847 1955 cura:
894 1899 1154 1954 adhibin
1198 1899 1424 1968 fuerint,
1476 1904 1608 1972 quid
1653 1906 1822 1959 etiam

208 1994 521 2063 amplioris
557 1994 913 2049 emolumenti
948 1994 1001 2047 in
1036 2011 1173 2048 nova
1193 1996 1459 2063 Operum,
1500 2013 1621 2064 quae
1652 1999 1822 2051 Areo-

204 2092 456 2160 pagitica
507 2091 789 2155 dicuntur,
810 2091 1025 2144 Veneta
1067 2090 1309 2144 editione
1335 2096 1668 2158 praestitum,
1699 2109 1821 2146 mu-

208 2201 319 2240 nus
365 2184 513 2237 mihi
547 2184 942 2237 demandatum
966 2193 1074 2247 est,
1100 2196 1158 2236 ut
1187 2186 1385 2253 praevia
1425 2187 1659 2254 quadam
1704 2186 1820 2241 dis-

205 2280 529 2333 sertatione
574 2278 953 2332 admonerem.
1009 2279 1179 2345 Agam
1223 2280 1392 2347 igitur
1439 2296 1541 2349 pro
1591 2297 1820 2338 munere

208 2384 510 2443 assumpto
541 2392 556 2427 :
582 2383 638 2427 et
686 2389 936 2442 quaenam
988 2376 1156 2430 luerit
1203 2377 1451 2429 anterior
1486 2376 1653 2430 editio
1682 2379 1820 2430 sele—

204 2478 321 2530 cta,
356 2483 488 2536 qua:
534 2467 734 2520 iterum
778 2468 1113 2532 cuderetur;
1151 2470 1482 2538 nutnaliqua
1527 2486 1647 2523 cum
1683 2486 1815 2525 mss.

207 2561 531 2625 codicibus,
589 2568 646 2612 et
706 2561 1060 2628 quibusnam,
1123 2562 1351 2616 collatio
1403 2561 1579 2616 Grzcci
1639 2572 1818 2618 textus

206 2652 359 2707 facta
422 2652 625 2719 fuerit;
667 2668 917 2721 quaenam
974 2654 1236 2722 Opuscula
1298 2652 1539 2723 adjecta,
1579 2668 1699 2723 qua:
1732 2655 1816 2708 vel

206 2744 276 2796 de
322 2744 581 2813 genuino
628 2753 862 2813 parente
893 2744 1217 2813 perquirant
1249 2744 1333 2797 vel
1371 2745 1492 2812 ejus
1528 2746 1687 2797 tidem
1721 2760 1818 2812 pn-

208 2837 487 2891 tet‘aciant
510 2886 528 2903 ,
560 2852 629 2890 an
662 2838 809 2891 edita
842 2838 1052 2892 scholia
1089 2840 1206 2893 sint.
1232 2841 1392 2893 unius
1417 2839 1607 2893 Sancti
1643 2838 1815 2893 Maxi-

205 2931 307 2994 mi,
356 2945 431 2982 an
467 2929 660 2999 aliqua
694 2932 780 2985 vel
826 2932 991 2985 etiam
1038 2931 1188 3001 plura
1222 2932 1453 2986 Joannis
1498 2930 1813 3002 Scythopo—
1850 2916 1893 2970 Β

204 3020 400 3087 litani,
454 3038 527 3076 an
585 3025 751 3077 etiam
805 3026 1053 3093 quaedam
1107 3023 1393 3089 Germani,
1449 3027 1610 3096 regiae
1662 3026 1816 3080 urbis

205 3116 783 3185 Constantinopoleos
828 3120 1193 3187 patriarchae;
1239 3121 1465 3174 totidem
1515 3121 1817 3175 erantdis-

201 3211 539 3265 sertationis
563 3224 915 3279 argumenta,
949 3230 1014 3268 ac
1042 3215 1147 3269 alia
1180 3230 1315 3270 sane
1349 3215 1434 3269 his
1463 3214 1666 3268 allinia.

281 3307 813 3377 AreOpagiticorum
866 3307 1105 3378 Operum
1152 3310 1424 3365 editiones
1478 3325 1672 3365 omnes
1712 3311 1816 3365 hoc

204 3400 334 3455 loco
371 3417 677 3456 numerare
707 3417 1116 3471 sapervacanea
1154 3420 1283 3458 cura
1319 3404 1485 3458 foret.
1533 3404 1816 3458 Nitidissi-

209 3505 359 3546 mam
392 3494 859 3561 Antuerpiensem
896 3512 1141 3550 memoro
1174 3514 1239 3550 ea:
1263 3499 1467 3567 officina
1504 3497 1806 3551 Plantinia-

207 3604 278 3639 na
304 3585 657 3640 Balthasaris
692 3586 886 3641 Moreti
912 3588 1072 3643 1654.
1109 3589 1283 3644 Frons
1314 3594 1477 3660 primi
1516 3593 1647 3646 lomi
1684 3602 1767 3647 est
1795 3613 1808 3647 :

210 3679 391 3746 Opera
457 3679 527 3733 S.
586 3679 835 3749 Dionysii
892 3683 1253 3752 Areopagitae,
1312 3702 1431 3738 cum
1481 3684 1713 3740 Scito/iis
1747 3688 1809 3741 8.

208 3771 471 3839 Maximi,
516 3783 565 3827 et
614 3771 947 3840 Paraphrasi
997 3776 1365 3845 Pachymerte,
1415 3796 1446 3830 a
1490 3778 1814 3834 Balthasare

208 3866 475 3921 Corderio
508 3867 635 3921 Soc.
659 3868 787 3921 Jesu
820 3868 961 3921 doct.
1003 3868 1163 3923 theol.
1196 3869 1385 3924 Latine
1440 3872 1809 3939 interpretata,

208 3974 258 4015 et
302 3964 452 4016 notis
497 3961 809 4029 theologicis
858 3962 1153 4017 illustrala.
1201 3964 1419 4019 Primus
1454 3966 1595 4018 idem
1631 3975 1813 4019 tomus

210 4056 463 4109 continet
494 4053 684 4109 Gl‘iBCB
727 4066 782 4108 et
816 4054 1010 4109 Latine
1067 4055 1235 4110 libros
1271 4056 1349 4111 De
1374 4059 1571 4110 ccelcsti
1602 4059 1812 4111 hierar-

209 4150 355 4211 chia,
390 4147 469 4202 De
502 4148 862 4201 ecclesiastica
894 4149 1197 4203 hierarchia
1266 4162 1320 4203 ct
1371 4151 1445 4204 De
1495 4153 1692 4205 diuinis
1724 4170 1814 4204 no-

1853 1547 1899 1602 Α
1930 1536 2267 1607 argumentis
2296 1538 2551 1589 damnata
2578 1550 2819 1603 :easqne
2843 1535 3085 1605 subjecta
3121 1544 3319 1588 ornant
3346 1532 3514 1588 Scho-

1930 1633 2002 1685 lia
2042 1631 2292 1695 Maximi,
2353 1632 2700 1702 Pachyntera:
2752 1629 3138 1695 Paraphrasis,
3178 1639 3234 1683 cl
3271 1628 3516 1683 Corderii

1926 1726 2331 1787 Adnotationes,
2367 1734 2421 1778 ct
2451 1724 2653 1777 Latina:
2676 1726 3166 1791 interpretationes.
3196 1721 3389 1777 Molem
3419 1736 3514 1774 vo—

1926 1814 2148 1868 luminis
2213 1826 2415 1885 augent
2466 1816 2726 1885 opuscnla
2786 1816 2964 1883 plura,
3012 1831 3133 1883 quae
3183 1824 3508 1882 sequuntur.

1925 1908 1967 1965 Ι.
2005 1908 2119 1961 Vita
2143 1916 2191 1961 et
2215 1906 2526 1962 Encomium
2552 1908 2794 1979 Dionysii
2819 1909 3153 1977 Areopagita:
3179 1925 3243 1961 ex
3268 1905 3509 1972 Mena'is,

1925 2004 2211 2070 interprete
2278 2000 2439 2056 Petro
2502 2001 2727 2055 Ilalloix
2786 2002 2910 2056 Soc.
2963 2002 3113 2055 Jesu.
3149 2001 3213 2054 ll.
3249 2001 3511 2055 Simeonis

1926 2098 2306 2161 Metaphrasta:
2344 2095 2466 2149 Vita
2498 2107 2544 2149 et
2590 2095 2936 2150 Conversatio
2974 2095 3035 2149 8.
3068 2094 3311 2165 Dionysii
3346 2101 3511 2148 Areo-

1924 2192 2144 2261 pagitw,
2170 2191 2234 2243 ab
2281 2190 2482 2241 incerto
2517 2189 2799 2257 interprete
2827 2183 3116 2242 Latinitate
3143 2189 3365 2253 donata,
3400 2199 3446 2242 et
3480 2207 3511 2240 α

1924 2283 2181 2337 Corderio
2214 2283 2496 2338 recensita.
2533 2280 2622 2335 Ill.
2683 2281 2757 2335 De
2789 2279 3047 2350 Dtonysio
3097 2282 3414 2350 Areopagita
3446 2296 3511 2333 ea:

1924 2377 2119 2440 Suida,
2142 2379 2420 2445 interprete
2448 2374 2607 2428 Petro
2624 2372 2903 2426 Lansselio
2928 2372 3050 2427 Soc.
3080 2372 3231 2429 Jesu.
3264 2371 3353 2427 Π.
3387 2370 3508 2425 Vita

1922 2472 2259 2541 Areopagitw
2298 2486 2362 2523 ex
2395 2468 2549 2521 Libro
2595 2469 2825 2521 secundo
2884 2468 3190 2537 Nicephori,
3227 2464 3408 2520 Gra’ce
3461 2478 3508 2518 et

1921 2564 2108 2618 Latine
2142 2564 2205 2617 ab
2240 2568 2422 2615 eodem
2462 2562 2738 2617 Lansselio
2770 2564 2932 2615 edita.
2966 2561 3030 2615 V.
3065 2559 3339 2613 Michaelis
3369 2558 3509 2629 Syn-

1920 2658 2020 2728 geli
2053 2657 2365 2710 Encomiunt
2398 2657 2450 2709 in
2486 2656 2546 2709 S.
2588 2656 2927 2725 Dionysium,
2966 2654 3253 2720 interprete
3306 2652 3509 2705 Basilio

1921 2749 2194 2811 Millanio,
2254 2760 2299 2803 et
2344 2766 2376 2801 a
2425 2746 2584 2802 l’etro
2636 2746 2913 2800 Lansselio
2969 2747 3212 2814 pluribus
3263 2746 3316 2797 in
3376 2743 3509 2796 locis

1922 2843 2264 2911 castigatum.
2312 2838 2394 2895 Vl.
2430 2840 2754 2911 Martyrium
2794 2838 2853 2895 8.
2891 2838 3136 2908 Dionysii
3170 2836 3509 2904 Areopagitw

1922 2951 2014 3003 per
2066 2934 2419 2999 Methodium,
2473 2934 2568 2994 vel,
2622 2942 2678 2987 ut
2725 2933 2841 2998 alii,
2890 2930 3281 2995 Metrodorum,
3337 2929 3507 2981 inter-

1921 3039 2065 3095 prete
2116 3025 2411 3079 Lansselio.
2469 3025 2578 3079 Vll.
2644 3024 2758 3079 Vita
2806 3026 3043 3095 ejusdem
3075 3040 3167 3088 per
3217 3022 3279 3075 Β.
3310 3022 3375 3076 Ρ.
3412 3021 3510 3075 Pe-

1922 3131 2061 3174 trum
2098 3120 2319 3174 Ilalloia:
2346 3119 2407 3174 8.
2440 3119 2495 3172 «1.
2527 3121 2869 3183 concinnata,
2896 3119 3239 3187 ejusdemque
3272 3116 3507 3168 notatio—

1924 3216 2079 3269 nibus
2111 3213 2404 3267 illustrata.
2442 3211 2581 3266 Vlll.
2620 3211 2854 3266 Laudati
2887 3211 3156 3264 Halloiaii
3189 3212 3253 3262 de
3285 3207 3345 3262 S.
3374 3207 3508 3260 Dio-

1921 3310 2059 3378 nysii
2109 3311 2439 3378 Areopagita:
2478 3305 2601 3360 Vita
2630 3317 2676 3359 et
2713 3305 2972 3373 Operibus
3010 3303 3343 3370 Qurestiones
3376 3317 3508 3372 qua-

1920 3416 2062 3456 tuor.
2094 3401 2187 3456 IX.
2213 3403 2538 3471 Argumenta
2569 3412 2614 3453 et
2650 3400 2975 3453 Testimonia
3027 3416 3124 3468 pro
3154 3398 3414 3467 Operibus
3442 3397 3505 3452 S.

1918 3493 2165 3563 Dionysii
2211 3509 2276 3546 ea;
2333 3492 2590 3545 Vindiciis
2641 3491 3030 3559 Areopagiticis
3062 3489 3130 3542 li.
3183 3489 3249 3542 Ρ.
3284 3487 3508 3542 Martini

1919 3589 2102 3643 Delrio
2134 3584 2259 3641 Soc.
2290 3587 2443 3641 Jesu.
2478 3585 2543 3641 Χ.
2577 3586 2653 3640 De
2695 3586 2949 3655 Dionysio
2983 3584 3329 3652 Areopagita,
3355 3585 3506 3652 ejus-

1918 3698 2019 3752 que
2045 3683 2261 3751 scriptis
2295 3681 2602 3750 Disputatio
2656 3679 3001 3751 Apologetica
3041 3675 3186 3730 l’etri
3222 3675 3505 3728 Lansselii.

1917 3772 2012 3829 ΧΙ.
2087 3771 2373 3826 Variantes
2430 3773 2685 3825 lectiones
2745 3774 2799 3823 in
2861 3769 3037 3823 Libris
3095 3768 3504 3837 Areopagiticis.

1916 3867 2036 3923 XII.
2069 3866 2471 3922 Onomasticum
2502 3864 2895 3935 Dionysianum
2930 3863 3272 3917 Balthasaris
3304 3860 3506 3915 Corde-

1918 3965 2009 4016 rii.
2044 3962 2188 4017 Xlll.
2228 3960 2402 4013 Index
2434 3960 2671 4013 locorum
2701 3976 2870 4013 sacra:
2896 3959 3217 4025 Scripturae.
3243 3954 3387 4010 XIV.
3413 3954 3508 4009 In-

1916 4060 2018 4111 dex
2046 4060 2100 4111 in
2134 4058 2279 4110 binos
2312 4055 2538 4127 Operam
2575 4057 2746 4109 sancti
2778 4054 3015 4124 Dionysii
3046 4064 3234 4108 tomos.

1988 4154 2055 4209 ll.
2092 4153 2221 4207 Post
2255 4167 2430 4206 annos
2461 4152 2676 4214 decem,
2710 4165 2853 4204 nova
2886 4148 3113 4203 Lutetia:
3150 4148 3504 4212 Parisiorum,

209 4244 472 4307 minibus,
533 4240 853 4295 Balthasare
906 4242 1171 4297 Corderio
1231 4245 1553 4313 interprete.
1613 4245 1809 4301 Libros
1842 4278 1884 4334 ο
1919 4264 2063 4301 anno
2090 4248 2304 4303 scilicet
2350 4246 2517 4308 1644,
2566 4253 2827 4299 accurata
2858 4255 2944 4299 est
2977 4246 3119 4311 apud
3148 4243 3504 4297 Laurentium

211 4334 540 4402 prwcedunt
572 4333 747 4401 ipsius
783 4332 1030 4388 Corderii
1066 4334 1476 4389 Observationes
1537 4343 1809 4406 generates

209 4442 305 4493 pro
337 4427 694 4495 intelligentia
725 4426 786 4481 8.
825 4426 1086 4497 Dionysii,
1117 4438 1171 4482 et
1201 4430 1375 4482 sancti
1410 4428 1637 4483 Maximi
1672 4430 1810 4484 Pro-

210 4519 389 4588 logus,
432 4529 492 4574 et
540 4519 757 4590 Georgii
790 4517 1141 4591 Pachynterw
1172 4520 1501 4577 Prooemium
1534 4539 1554 4577 :
1580 4524 1815 4593 singulis

211 4629 348 4669 vero
407 4614 677 4667 librorum
712 4614 983 4682 capitibus
1029 4612 1415 4669 Adnotationes
1448 4616 1719 4683 Corderii,
1758 4629 1815 4674 et

213 4704 450 4760 Scholia
480 4703 539 4758 8.
576 4702 828 4769 Maximi,
867 4713 921 4759 et
950 4705 1270 4771 Paraprasis
1310 4704 1656 4779 Pachymeraa
1686 4712 1816 4765 sub-

208 4797 522 4867 jiciuntur;
558 4811 679 4865 qua:
722 4796 907 4850 omnia
941 4797 1024 4851 vir
1056 4797 1200 4852 idem
1235 4798 1588 4858 doctissimus
1611 4802 1816 4857 Corde-

214 4889 334 4943 rius
358 4887 558 4944 Latine
581 4891 882 4946 transtulit.

286 4981 502 5037 Tomus
536 4981 679 5037 alter
723 4984 1109 5052 complectitur
1142 4985 1386 5041 Corderii
1424 4986 1710 5059 Isagcgem
1742 4993 1813 5043 ad

224 5078 511 5146 mysticam
541 5078 882 5147 theologiam,
929 5089 1041 5134 tum
1083 5086 1263 5150 ipsum
1288 5084 1368 5139 De
1396 5088 1621 5157 mystica
1660 5088 1816 5141 theo-

213 5170 367 5239 logia
404 5170 631 5235 librum,
681 5187 807 5226 cum
863 5176 1317 5231 Adnotationibus
1345 5177 1727 5241 Corderianis,
1758 5189 1815 5234 et

218 5262 284 5317 S.
313 5261 548 5317 Maximi
578 5263 831 5332 Scholiis,
861 5278 916 5322 et
938 5267 1287 5338 Pachymera:
1317 5270 1670 5340 Paraphrasi,
1710 5289 1805 5329 eo-

217 5359 346 5412 dem
373 5359 643 5415 Corderio
676 5359 998 5430 interprete.
1032 5364 1279 5435 Dionysii
1307 5367 1545 5435 epistolw
1568 5385 1815 5439 sequun-

220 5463 333 5517 tur,
363 5468 487 5522 quze
509 5455 699 5509 decem
725 5467 880 5516 sunt.
904 5474 968 5513 ea
992 5460 1197 5530 rejecta
1234 5477 1355 5526 quze
1393 5465 1460 5519 ad
1485 5467 1813 5535 Apollopha-

222 5560 341 5597 nem
395 5547 770 5617 philosophum
824 5552 1169 5617 inscribitur,
1216 5555 1543 5612 certissimis
1594 5557 1813 5624 νοθείας

1919 4343 2203 4397 Cottereau
2253 4342 2422 4395 editio
2477 4340 2666 4396 Graece
2717 4350 2773 4394 et
2824 4339 3039 4394 Latine.
3099 4338 3318 4391 Titulus
3367 4347 3454 4391 est
3487 4354 3505 4391 :

1923 4437 2111 4492 Sancti
2165 4437 2411 4506 Dionysii
2456 4435 2795 4503 Areopagita:
2848 4432 3085 4502 Operam
3114 4431 3356 4485 omnium
3386 4447 3507 4500 qua:

1920 4541 2167 4597 exstant,
2215 4540 2263 4583 et
2322 4528 2842 4583 Commentariorum
2892 4526 3083 4593 quibus
3131 4524 3503 4576 illustrantur.

1925 4624 2077 4677 Tom.
2102 4623 2193 4677 l...
2232 4623 2382 4677 Tant.
2424 4623 2541 4677 ll...
2576 4638 2737 4691 opera
2766 4632 2813 4673 et
2838 4620 3013 4673 studio
3039 4618 3189 4671 Petri
3217 4616 3507 4681 Lansselii,

1921 4729 1972 4771 et
2002 4716 2340 4771 Balthasaris
2383 4717 2627 4771 Corderii
2675 4712 2797 4768 Soc.
2829 4712 2887 4767 J.
2915 4712 3362 4781 presbyterorum.
3398 4710 3507 4763 Ac—

1921 4815 2075 4866 cessit
2132 4828 2270 4865 nunc
2323 4812 2556 4879 primum
2600 4809 2934 4878 Areopagitae
2978 4807 3212 4875 defensio
3256 4807 3507 4859 adversus

1924 4910 2231 4962 hwreticum
2261 4906 2633 4970 Calvinistam,
2660 4920 2754 4973 per
2784 4902 2994 4956 clariss.
3036 4910 3087 4955 et
3142 4901 3386 4954 nobiliss.
3419 4901 3472 4953 vi

1922 5021 2041 5057 rum
2088 5004 2359 5056 dominum
2400 5000 2467 5054 D.
2498 4999 2763 5053 Joannem
2794 5000 2857 5052 de
2886 4996 3206 5059 Chaumont,
3243 4993 3508 5047 Christia-

1930 5098 2134 5150 nissimi
2186 5096 2321 5165 regis
2354 5095 2411 5148 in
2444 5094 2616 5148 sacris
2653 5110 2715 5146 ac
2750 5092 3123 5147 secretioribus
3155 5090 3301 5159 regni
3336 5088 3509 5142 consi-

1921 5191 2007 5243 liis
2055 5188 2446 5249 consiliarium,
2502 5196 2552 5240 et
2610 5186 2908 5239 arcanioris
2950 5185 3120 5252 Regia:
3176 5182 3507 5235 bibliotheca’

1922 5282 2258 5351 prtcfectunt.
2289 5280 2445 5334 Nova
2475 5280 2641 5333 editio
2661 5320 2676 5344 ,
2704 5276 3122 5346 praecedentibus
3175 5275 3509 5336 emendatior

1921 5387 1969 5429 et
1995 5376 2224 5429 auctior.
2257 5373 2407 5430 Ordo
2446 5372 2648 5442 prioris
2676 5373 2940 5425 editionis
2996 5370 3246 5424 cernitur
3296 5368 3349 5421 in
3403 5368 3505 5420 ista

1921 5467 2205 5537 paululum
2233 5467 2580 5536 immutatus,
2610 5480 2676 5520 ac
2706 5463 3075 5520 Lansseliamc
3106 5462 3303 5529 aliqua;
3340 5460 3509 5512 inter-

1923 5563 2262 5629 pretationes
2296 5559 2506 5614 Latina:
2550 5560 2771 5614 selectae
2812 5566 2945 5613 sunt
2991 5571 3102 5627 pra:
3131 5551 3503 5609 Corderianis.

274 5666 291 5681 '
311 5663 587 5740 Lectgrcm
631 5668 878 5740 monitum
912 5670 1141 5719 volumus
1179 5672 1244 5740 ἱη⁵
1266 5671 1753 5740 h‘aoDissertatione
1778 5677 1851 5724 et'
1875 5678 2107 5740 sequenti
2134 5678 2370 5726 nonnulla
2413 5676 2664 5739 indigitari
2708 5689 2820 5737 qua.)
2842 5674 3036 5740 nonnisi
3062 5672 3123 5722 ad
3147 5673 3370 5740 Graecum
3395 5679 3507 5721 tex-

223 5732 325 5803 ljlrltn
434 5727 663 5803 Dionysii
686 5737 935 5803 spectant,
962 5745 1176 5803 quaeque
1202 5734 1263 5784 ab
1293 5736 1438 5795 hujus
1462 5736 1699 5803 editionis
1721 5727 1970 5797 instituto:
1999 5748 2055 5789 ut
2084 5755 2225 5790 mere
2256 5741 2460 5796 Latinae.
2485 5727 2646 5789 aliena
2670 5727 2915 5803 videnlur.
2960 5737 3074 5803 llazc
3098 5737 3505 5803 maluimuseru-

220 5788 325 5866 dita
349 5790 553 5866 lectori
579 5788 1227 5866 disc-eruendarelinquere
1255 5788 1402 5861 quain
1428 5801 1643 5849 virorum
1669 5788 2181 5866 doctorumriuorutu'
2204 5788 2774 5866 Deditioncmscquimur,
2818 5800 3201 5850 elucubratione.
3263 5798 3505 5848 frustatim

222 5853 497 5903 scindendo
522 5854 805 5908 dccnrlare.
832 5855 965 5905 Eutr.
998 5853 1147 5908 l’siu.
