3916 6234
504 411 572 469 59
1642 416 1700 473 8.
1739 417 2105 475 DIONYSIUS
2140 417 2603 480 AREOPAGITA.
3693 435 3763 489 60

501 529 686 583 Primo
714 527 766 581 in
802 527 1077 583 volumine
1108 533 1513 601 praemittuntur
1540 528 1784 585 Cordert't'
1815 532 2077 588 Observa-
2108 542 2153 598 Α
2184 548 2410 603 prorsus
2442 535 2687 593 laborem
2718 540 3043 611 susciperet,
3082 542 3175 614 qui
3201 555 3580 615 argumentum
3610 549 3759 605 idem

498 620 666 674 tiones
696 628 987 690 generales,
1035 624 1387 694 ejusdemque
1427 624 1655 696 Isagoge
1693 629 1748 682 in
1793 628 2076 699 Mysticatn

500 710 863 781 Theologiam,
894 726 950 768 et
982 715 1311 772 Prooemium
1343 716 1689 789 Pachymerte
1716 737 1839 777 eum
1886 723 2075 779 Latina

496 800 832 857 Corderiana
877 807 1249 863 translatione.
1314 810 1621 865 Succedunt
1660 814 1850 871 Graece
1878 830 1934 872 et
1965 817 2073 871 La-

499 892 626 953 tine,
663 892 923 949 Corderio
974 898 1291 965 interprete,
1331 903 1451 958 libri
1502 907 1576 958 De
1612 910 1811 963 scelesti
1866 913 2072 966 Itierar-

492 985 637 1052 cltia,
681 986 757 1039 De
786 988 1151 1045 ecclesiastica
1192 994 1513 1061 hierarchia,
1546 997 1620 1053 De
1664 1001 1856 1057 divinis
1903 1008 2074 1059 uomi-

495 1077 668 1141 nihtts,
704 1079 783 1133 De
814 1085 1035 1151 mystica
1068 1087 1351 1156 theologia,
1379 1106 1503 1144 cum
1536 1092 1778 1159 ejusdem
1818 1098 1919 1151 viri
1968 1100 2070 1153 do-

492 1168 725 1222 ctissimi
797 1171 1268 1241 interpretatione,
1325 1181 1797 1251 adnotationibus,
1859 1200 1914 1244 et
1962 1190 2068 1244 Pa-

489 1260 765 1330 ehymerte
820 1269 1163 1335 paraphrasi.
1240 1273 1496 1340 Epistolae
1561 1291 1884 1348 sequuntur,
1950 1300 2070 1352 qua:

490 1353 674 1407 decem
725 1372 1100 1428 numerantur,
1141 1365 1385 1422 Corderit'
1434 1372 1869 1429 adnotationibus
1926 1378 2065 1432 dun-

488 1451 635 1499 taxat
668 1448 973 1507 illustratus.

562 1534 695 1601 Qum
735 1555 864 1595 vero
920 1545 1172 1601 volumen
1222 1550 1453 1606 alterum
1499 1559 1904 1630 complectitur,
1948 1565 2064 1622 htec

483 1639 635 1683 sunt.
669 1631 712 1685 1.
752 1630 1014 1705 Prologus
1070 1639 1259 1694 Sancti
1294 1643 1538 1710 Maximi,
1569 1650 1869 1722 interprete
1901 1654 2061 1715 Petro

485 1720 782 1779 Lansselio.
832 1725 895 1782 ll.
952 1729 1141 1785 Graece
1193 1742 1426 1800 tantum,
1472 1720 1770 1814 'Eppqveia
1840 1746 2059 1815 λέξεων,

480 1828 601 1879 qnte
627 1816 793 1868 etiam
827 1830 1008 1873 exstat
1032 1823 1083 1875 in
1112 1822 1296 1879 Grieca
1330 1825 1641 1885 Morelltana
1676 1837 1915 1893 editione
1953 1839 2057 1893 Pa-

480 1907 694 1962 risiensi
728 1912 853 1963 anni
888 1913 1049 1977 1562,
1085 1917 1245 1972 iit-8°.
1276 1917 1365 1975 ΙΙΙ.
1398 1921 1615 1979 Scholia
1646 1925 1834 1983 Sancti

478 1998 547 2048 mi
616 1998 667 2052 in
722 2005 1041 2069 superiores
1128 2008 1542 2081 AreOpagitieos
1608 2018 1803 2085 libros,
1858 2026 2051 2081 eodem

474 2085 757 2144 Lansselio
792 2093 1109 2164 interprete.
1140 2099 1228 2154 IV.
1281 2101 1494 2176 Georgii
1542 2107 1886 2183 Pachynterw
1939 2118 2055 2173 Pa-

476 2182 753 2245 rapltrasis
786 2187 840 2237 in
896 2186 1189 2255 Epistolas,
1228 2194 1526 2266 interprete
1579 2182 1878 2261 Godefrido
1935 2210 2050 2264 Til-

476 2286 697 2337 manno,
733 2276 1037 2337 Carthasim
1064 2283 1390 2343 Parisiensis
1442 2296 1731 2350 monacho.
1774 2299 1834 2353 V.
1863 2298 2050 2355 Sancti

475 2362 700 2418 Maximi
754 2368 968 2425 Scholia
1017 2376 1071 2427 in
1123 2376 1417 2444 Epistolas,
1449 2400 1570 2437 eum
1616 2387 1809 2443 Latina
1870 2394 2047 2447 inter-

470 2460 777 2523 pretatione
813 2462 1168 2524 Corderiana.
1206 2471 1287 2526 Vl.
1325 2472 1618 2546 Opuscula,
1654 2492 1711 2535 ut
1762 2486 1814 2540 iu
1846 2490 2045 2544 editio-

470 2563 539 2601 ne
585 2552 750 2617 priori
806 2555 1211 2625 Antuerpiensi,
1265 2564 1406 2619 inter
1458 2584 1580 2637 qua:
1632 2571 1827 2630 Latine
1881 2582 2047 2634 vertit

470 2637 781 2697 Lansselius
816 2643 1129 2704 Encomium
1159 2671 1223 2707 ea:
1254 2654 1470 2714 Menwis
1518 2660 1740 2730 ercis,
1770 2675 2045 2730 recensuit

468 2729 644 2785 Vitam
675 2752 701 2787 a
740 2736 1109 2807 Metaphraste
1164 2748 1568 2815 concinnatam,
1624 2755 1820 2814 Latine
1862 2762 2042 2819 inter-

473 2834 719 2890 pretatus
743 2836 824 2880 est
849 2832 955 2885 duo
990 2847 1248 2905 excerpta
1280 2854 1344 2893 ex
1382 2841 1569 2909 Suida,
1606 2858 1659 2900 et
1707 2850 2037 2921 Nieephoro,

476 2912 649 2967 Vitam
682 2916 896 2989 Syngeli
926 2928 1259 2996 emendavit,
1305 2946 1368 2986 ae
1401 2934 1724 3006 Martyrium
1778 2912 2037 3003 Methodii

462 3006 764 3065 Latinitate
791 3016 1012 3069 donavit
1034 3018 1438 3093 illustravitquc
1460 3030 1620 3084 notis.
1649 3033 1761 3089 Vll.
1790 3038 2039 3108 Sequun-

460 3108 550 3152 tur
578 3100 825 3173 Dionysii
869 3106 1093 3165 Guerini
1131 3113 1450 3186 Martyrium
1503 3123 1856 3197 Area/rogum,
1912 3151 2038 3189 car-

460 3192 701 3249 minibus
732 3197 940 3256 Latinis
970 3218 1313 3273 expressum,
1347 3210 1465 3267 Vita
1497 3220 1564 3272 ab
1596 3192 1872 3279 Halloixio
1901 3243 2031 3282 eon-

2187 628 2603 696 aggrederetur.
2634 650 2652 683 ι
2700 632 2818 700 Quo
2854 634 2906 688 in
2955 634 3074 690 loco
3105 637 3287 693 minus
3331 651 3656 697 accuratum
3701 660 3761 700 se

2178 718 2382 787 pra-bet
2412 718 2654 777 Oudinus
2687 723 2741 777 in
2773 725 3063 791 utriusque
3095 728 3356 786 editionis
3408 735 3752 802 recensione,

2180 820 2235 863 ut
2264 827 2331 867 ne
2361 816 2578 883 quidem
2607 818 2814 874 vidisse
2844 822 3073 876 alteram
3120 824 3236 893 ipse
3264 826 3536 886 videatur.

2796 933 3025 991 CAPUT
3063 935 3126 994 ΙΙ.

2176 1015 2532 1102 Parisiensem
2565 1025 2847 1102 editignem
2874 1032 3126 1096 exprimit
3169 1049 3300 1087 nova
3329 1034 3488 1089 editio
3526 1036 3756 1102 Veneta,

2246 1088 2429 1143 Gra'co
2491 1104 2633 1147 tea'tu
2680 1096 2909 1171 Operam
2942 1088 3477 1171 'Areopagiticorum,

2254 1176 2471 1233 rumque
2496 1169 2808 1228 pra'sertint.
2837 1171 3030 1223 collato
3054 1188 3169 1224 cum
3198 1177 3374 1227 codice
3422 1169 3754 1233 bibliotheca-

2244 1229 2423 1283 Sancti
2470 1233 2659 1318 Marci.
2724 1236 2991 1304 Opuscula
3044 1252 3224 1318 aucta,
3280 1229 3479 1312 ναι-ἰὼ,

2239 1309 2430 1352 runtur
2475 1306 2539 1356 de
2570 1302 2799 1372 Operam
2831 1324 3045 1364 auctore
3075 1315 3365 1379 Opiniones.

2242 1389 2281 1443 Ι.
2326 1392 2616 1449 Saerarum
2675 1398 2979 1455 litterarum
3033 1406 3354 1470 cultoribus,
3380 1410 3471 1478 qui
3519 1428 3754 1468 accura-

2169 1482 2359 1539 tiorem
2412 1486 2650 1556 aliquam
2711 1488 2951 1559 Operutn
3004 1495 3508 1569 Areopagiticorum
3548 1507 3755 1561 editio-

2168 1590 2288 1629 nem
2318 1576 2420 1631 sibi
2465 1578 2679 1636 facilius
2732 1598 2796 1638 ac
2857 1586 3053 1641 minori
3109 1593 3464 1659 pecuniarum
3520 1609 3749 1667 sumptu

2167 1683 2485 1739 comparare
2517 1688 2743 1741 queant,
2788 1679 2926 1735 bene
2963 1686 3317 1741 consulturus
3371 1693 3752 1761 typographus

2166 1755 2429 1828 Venetus,
2482 1763 2851 1825 Parisiensem
2908 1783 3232 1831 reccnsitam
3287 1781 3501 1848 selegit,
3556 1796 3750 1853 utpote

2164 1855 2444 1920 opusculis
2515 1860 2871 1929 apologoticis
2923 1865 3363 1939 locupletiorem,
3422 1873 3750 1947 Latinisque

1875 1931 2054 1988 Μακί-
2091 1942 2134 2000 Β
2163 1946 2440 2018 plerisque
2466 1953 2767 2009 doctissimi
2803 1931 3231 2034 peritissimique
3266 1931 3362 2021 viri
3389 1968 3539 2023 Petri
3565 1931 3750 2027 Lans-

2161 2038 2277 2093 selii
2311 2043 2844 2113 interpretationibus
2867 2063 3145 2110 ornatam.

2230 2127 2393 2186 Novae
2452 2143 2633 2192 tamen
2695 2154 2841 2193 cura:
2891 2147 3277 2211 prietermissa:
3337 2166 3444 2205 non
3494 2164 3626 2208 sunt
3670 2156 3743 2209 ad

2156 2225 2552 2282 emendandum
2592 2238 2795 2286 textum
2828 2233 3101 2299 Graecum,
3137 2240 3255 2295 sive
3312 2243 3745 2314 AreOpagitieo-

2154 2328 2274 2366 rum
2311 2315 2573 2387 Operum,
2629 2324 2745 2378 sive
2803 2326 3174 2398 Seboliorum,
3228 2335 3514 2406 ipsumque
3567 2342 3742 2396 variis

2152 2403 2502 2476 lectionibus,
2537 2412 2580 2466 si
2612 2430 2733 2482 quze
2769 2432 2903 2485 opus
2932 2417 3132 2485 forent,
3163 2403 3565 2493 exornandam;
3604 2432 3737 2485 dili-

2151 2496 2384 2562 gentiori
2427 2498 2573 2555 laeta
2629 2505 2925 2562 collatione
2975 2526 3099 2564 cum
3139 2513 3471 2569 nitidissima
3511 2518 3737 2574 Veneta:

2151 2586 2338 2642 Sancti
2394 2589 2565 2648 Marci
2620 2596 2963 2654 bibliotheca:
3024 2603 3232 2657 codice.
3284 2605 3517 2674 Operam
3584 2610 3736 2666 hanc

2148 2681 2370 2734 navavit
2424 2682 2726 2741 industrius
2757 2703 2823 2742 ae
2853 2704 2986 2745 sane
3029 2695 3237 2761 peritus
3290 2696 3559 2767 Georgius
3585 2699 3733 2755 Gou-

2144 2773 2389 2837 stantini,
2425 2775 2642 2831 natione
2673 2778 2914 2846 Grteeus,
2947 2798 3012 2836 ex
3047 2783 3316 2841 Joannina
3365 2794 3499 2845 urbe
3550 2792 3704 2860 Epiri

2142 2861 2324 2918 Labor
2355 2867 2521 2920 cessit
2549 2883 2671 2922 cum
2704 2874 3097 2932 emolmnento.
3140 2879 3426 2937 Variantes
3459 2884 3731 2945 lectiones

2142 2953 2195 3007 in
2230 2953 2497 3022 Operibus
2539 2973 2838 3017 occurrunt
2887 2965 3222 3035 frequentes,
3263 2988 3327 3027 ac
3359 2990 3629 3044 prteterea
3664 2979 3727 3035 in

2142 3043 2377 3101 Scholiis
2403 3050 2521 3103 erui
2574 3067 2680 3105 non
2712 3068 2885 3121 pauca
2920 3060 3292 3117 additamenta
3327 3043 3578 3132 potuere.
3612 3068 3726 3125 Fo-

2139 3136 2332 3194 liorum
2358 3146 2642 3215 margines
2677 3147 2791 3203 haec
2833 3150 3015 3204 omnia
3051 3165 3337 3221 prtestant.
3376 3159 3450 3213 De
3475 3160 3733 3221 Seboliis

2141 3228 2399 3288 Germani
2446 3233 2797 3305 Patriarchze,
2831 3258 2953 3312 quae
2998 3263 3143 3301 nunc
3193 3250 3432 3316 primum
3476 3255 3545 3309 ab
3598 3258 3728 3316 aliis

2155 3282 2167 3284 ⁷
2199 3282 2397 3288 “ή““”’““’“
2446 3282 2466 3288 “”
2489 3282 2797 3305 “""‘"V""'!
2831 3282 2953 3312 ‘1“W
2998 3282 3143 3301 ΙΙυΙΙυ
3193 3282 3432 3316 μΙΙΙΙΙυΙΙΙ
3476 3282 3545 3309 συ
3598 3282 3721 3315 “Ill:

458 3282 703 3351 cinnata,
734 3290 1093 3365 ejusdemque
1124 3301 1455 3364 Quwstiones
1481 3326 1730 3381 quatuor,
1768 3316 2029 3375 Vindicio:
2060 3305 2103 3361 C
2138 3324 2391 3382 distincta
2424 3334 2695 3399 prodeunt
2732 3333 2889 3404 juxta
2948 3341 3151 3397 codicis
3200 3342 3384 3409 tidem,
3416 3347 3599 3404 dicant
3630 3354 3721 3407 in-

471 3374 689 3409 .Hjusi...‘
730 3382 902 3409 n-t..:-
970 3400 1010 3409 _.
1055 3390 1077 3409 π
1254 3396 1309 3409 ι..
1351 3397 1404 3409 ._.
1603 3407 1611 3409 _

461 3374 689 3434 Martini
724 3382 927 3453 Delrio,
963 3400 1016 3443 ct
1044 3390 1309 3448 Lansselii
1342 3397 1645 3467 Disputatio
1680 3374 2030 3481 apologetica.

460 3470 593 3526 VII.
626 3474 850 3534 Accedit
876 3482 1207 3555 Areopagita:
1243 3490 1489 3558 Defensio
1528 3470 1780 3554 adversus
1811 3470 2030 3559 It'tL’t'eli-

449 3580 572 3619 cum
623 3569 970 3628 Calvinistam
1021 3577 1343 3636 Cltarentoni
1397 3588 1718 3655 ministrum,
1753 3610 1781 3646 a
1821 3594 2031 3655 Joanne

452 3663 674 3715 domino
706 3666 773 3719 de
809 3666 1116 3725 Chaumont
1165 3674 1371 3732 Gallice
1402 3680 1638 3747 primum
1691 3694 2025 3762 conscripta,

454 3755 798 3827 subindeque
850 3762 1042 3818 Latine
1074 3768 1308 3826 reddita.
1350 3771 1439 3825 IX.
1474 3773 1822 3834 Postremum
1850 3755 2024 3839 locum

452 3856 641 3902 tenent
670 3849 931 3907 Lansselii
964 3855 1120 3911 Notte
1143 3861 1213 3913 ad
1246 3863 1587 3935 Pacltymera:
1641 3869 2025 3941 Parap/trasint

449 3939 507 3992 in
540 3939 829 4011 Epistolas,
868 3948 1216 4020 ejusdemque
1266 3956 1425 4011 Nota:
1475 3962 1527 4013 in
1579 3961 1752 4018 Vitam
1786 3939 2024 4040 Syngeli,

447 4040 505 4084 et
532 4034 587 4086 in
620 4034 879 4091 Methodii
906 4040 1245 4113 Martyrium.

521 4126 609 4180 Ill.
643 4127 823 4185 Habes
855 4147 917 4186 ea
965 4136 1283 4207 singillatim
1328 4157 1680 4211 enumerata,
1713 4150 1764 4205 in
1823 4156 2022 4223 quibus

447 4222 807 4286 conveniunt,
843 4236 897 4278 et
948 4228 998 4281 in
1045 4231 1242 4299 quibus
1287 4235 1568 4305 diﬂ'erunt,
1614 4243 1730 4297 sive
1769 4248 2017 4305 ordinem

444 4324 682 4382 spectes,
711 4318 826 4372 sive
857 4319 1082 4377 Latinas
1113 4324 1616 4399 interpretationes,
1662 4353 1727 4391 ac
1763 4350 1919 4396 notas
1968 4354 2023 4398 et

445 4410 733 4476 cpuseula,
795 4413 1061 4471 editiones
1109 4418 1249 4485 dure,
1284 4423 1705 4493 Antuerpiensis
1757 4442 1812 4485 et
1863 4435 2019 4489 Pari-

441 4499 661 4555 siensis.
699 4503 773 4556 Dc
821 4513 1051 4575 utraque
1100 4508 1354 4569 Casimiri
1405 4515 1603 4572 Oudini
1638 4520 1901 4587 judicium
1937 4540 2019 4584 est

2137 3416 2324 3475 ferius.

2206 3512 2676 3584 ll.0pusculorum
2698 3536 2981 3577 numerum
3010 3540 3167 3599 auget
3190 3532 3366 3600 primo
3379 3550 3542 3604 opus,
3567 3543 3730 3609 quod

2136 3599 2341 3659 Gallice
2368 3606 2629 3675 scriptum
2658 3610 2970 3681 editumque
2998 3599 3229 3672 frontem
3262 3599 3483 3690 praefert
3571 3599 3723 3684 Dro-

2136 3691 2293 3747 bléme
2319 3701 2540 3762 proposé
2570 3715 2679 3751 aux
2723 3716 2967 3766 scavants
2996 3710 3247 3763 (auc/tant
3276 3714 3348 3767 les
3375 3716 3532 3772 liores
3554 3724 3725 3775 attri-

2134 3783 2263 3836 bues
2296 3786 2328 3838 ὰ
2356 3786 2415 3841 S.
2454 3789 2623 3860 Denys
2666 3793 3014 3866 l’Aréopagite
3036 3814 3056 3852 .'
3083 3802 3150 3853 ait
3187 3803 3291 3857 l’on
3332 3807 3592 3864 dentande
3629 3814 3723 3867 s'il

2133 3875 2247 3942 [aut
2297 3879 2431 3946 dire,
2474 3897 2573 3950 que
2616 3896 2694 3935 cet
2741 3899 2932 3939 auteur
2974 3907 3005 3942 a
3054 3892 3156 3945 tiré
3180 3912 3259 3949 ses
3297 3900 3586 3967 principes,
3611 3920 3721 3960 unc

2133 3970 2302 4034 partie
2345 3973 2408 4024 de
2446 3991 2505 4025 sa
2555 3975 2812 4040 doctrine,
2859 3990 2905 4031 et
2947 3981 2994 4033 le
3048 3987 3207 4038 traité
3247 3990 3313 4040 de
3339 4006 3397 4041 sa
3430 3989 3720 4063 Tltéologie

2136 4063 2418 4131 mystique,
2444 4065 2508 4118 de
2534 4067 2671 4119 saint
2708 4068 2937 4123 Clément
2964 4072 3370 4143 d’Alexandrie,
3399 4091 3447 4133 et
3478 4084 3544 4136 de
3564 4086 3717 4140 saint

2131 4150 2383 4221 Grégoire
2406 4157 2470 4209 de
2506 4157 2676 4226 Nysse
2701 4178 2719 4215 :
2744 4176 2811 4212 ou
2849 4164 2896 4214 si
2921 4179 3007 4215 ces
3032 4166 3175 4218 deum
3208 4166 3367 4223 I’éres
3393 4183 3483 4225 ont
3508 4177 3625 4241 pris
3646 4178 3718 4232 de

2128 4244 2225 4297 lui.
2271 4245 2311 4295 Α
2369 4244 2525 4300 Paris
2568 4250 2693 4301 cltez
2737 4251 2872 4306 Jean
2926 4257 2992 4307 de
3023 4256 3192 4327 Nttlly
3221 4259 3300 4313 Μ.
3335 4262 3489 4319 DCC.
3539 4265 3712 4325 VIII.

2134 4333 2457 4391 «Problenta
2526 4342 2756 4394 itteratis
2803 4345 2926 4398 viris
2966 4350 3295 4414 propositum
3339 4356 3481 4408 circa
3540 4359 3715 4414 libros

2127 4425 2385 4497 Dionysio
2422 4433 2751 4501 Areopagitte
2775 4435 3002 4489 lrioutos
3029 4451 3047 4487 :
3074 4455 3178 4507 quo
3212 4444 3283 4493 ad
3308 4459 3531 4497 examen
3555 4464 3719 4503 voca-

2126 4530 2235 4583 tur,
2274 4523 2647 4590 quwritttrque,
2694 4540 2815 4575 nunt
2867 4527 3102 4593 ipsorum
3149 4548 3364 4597 operum
3398 4540 3605 4590 Auctor
3646 4557 3718 4593 ea:

443 4601 590 4645 tomo
625 4592 665 4656 l,
701 4594 776 4647 De
819 4599 1162 4665 scriptoribus
1208 4614 1255 4657 et
1280 4608 1494 4675 scriptis
1538 4613 1907 4672 ecclesiasticis
1948 4626 2015 4676 ad

2151 4612 2388 4667 Ilemente
2418 4613 2805 4679 Alexandrino,
2835 4626 2884 4669 et
2917 4634 2980 4670 ea:
3016 4621 3133 4671 divo
3167 4618 3422 4688 Gregorio
3458 4626 3713 4695 Nysseno

439 4698 643 4736 annum
681 4686 808 4750 520,
842 4688 946 4743 col.
985 4691 1140 4745 1571.
1173 4711 1192 4743 t
1226 4695 1514 4753 Balthasar
1541 4702 1859 4771 (Iorderius,
1902 4711 2011 4777 pri-

442 4790 562 4829 mus
589 4778 836 4831 omnium
865 4780 1153 4839 dilfusione
1186 4796 1239 4840 et
1265 4789 1620 4858 amplitudine
1666 4793 2016 4854 Commenta-

440 4869 669 4934 riorum,
726 4872 1105 4942 disquisitione
1156 4880 1579 4952 abstrusiorum,
1636 4890 1885 4945 doctrina
1932 4910 2017 4947 re-

438 4974 557 5013 rttm
589 4964 905 5019 omnium...
964 4968 1139 5024 Vitam
1193 4972 1249 5026 S.
1302 4974 1538 5047 Dionysii
1588 4980 1931 5052 Areopagitae
1961 4997 2015 5041 et

436 5054 621 5109 omnia
672 5057 788 5123 ejus
815 5057 1016 5127 Opera,
1046 5072 1100 5116 et
1138 5065 1401 5134 quidquid
1440 5072 1507 5124 ab
1546 5072 1669 5127 aliis
1707 5073 1913 5131 Graecis
1944 5079 2011 5134 de

436 5148 533 5203 illo
566 5150 772 5205 dictant
810 5162 912 5218 est,
940 5153 1367 5214 Commentariis
1412 5163 1709 5219 uberrimis
1731 5168 2011 5228 elueidare

438 5238 625 5297 labore
656 5243 818 5311 plane
882 5247 1106 5312 eximio,
1160 5250 1286 5303 licet
1335 5252 1560 5308 forsitan
1612 5258 1793 5311 minus
1842 5258 2008 5323 felici,

435 5348 666 5393 conatus
693 5347 797 5392 est.
825 5340 1123 5408 Apparebit
1162 5344 1495 5399 incredibilis
1530 5347 1622 5402 ille
1675 5348 1827 5403 labor
1872 5353 2010 5406 Cor-

431 5430 569 5483 tferii
612 5444 677 5483 ex
723 5430 1060 5499 inspectione
1100 5435 1342 5488 omnium
1393 5435 1450 5491 S.
1492 5438 1728 5510 Dionysii
1759 5442 2008 5512 Areopa-

435 5522 560 5588 gitae
616 5521 878 5591 Operam,
934 5532 989 5577 et
1043 5527 1283 5580 omnium
1317 5528 1383 5581 ad
1420 5529 1594 5582 Vitam
1629 5540 1684 5584 et
1744 5531 2007 5586 Encomia

432 5613 674 5675 ejusdem
732 5617 1116 5683 spectantium,
1153 5634 1272 5689 quae
1323 5622 1633 5690 Antuerpite
1689 5638 1834 5677 anno
1865 5626 2004 5679 1654

434 5704 627 5760 Graece
666 5715 721 5760 et
767 5707 959 5762 Latine
992 5710 1200 5765 duobus
1235 5712 1287 5764 in
1323 5712 1451 5766 lolio
1479 5714 1642 5768 tomis
1676 5714 2007 5772 nitidissima

436 5797 581 5850 edita
617 5808 765 5862 sunt,
808 5808 920 5853 tum
956 5817 1142 5856 recusa
1178 5804 1420 5862 Parisiis.
1451 5820 1595 5859 anno
1652 5806 1809 5868 1644,
1846 5809 2007 5863 modo

435 5888 719 5958 lormaque
776 5893 1000 5949 eisdem.
1072 5894 1137 5951 Ut
1188 5911 1320 5952 sane
1384 5896 1716 5968 inposterum
1765 5902 2006 5957 inutilem

2124 4708 2497 4774 deprompserit
2531 4708 2798 4775 principia
2842 4726 2964 4774 sua,
2995 4729 3057 4763 ac
3102 4713 3365 4769 doctrina:
3392 4731 3625 4785 portent,
3660 4736 3712 4774 et

2123 4796 2430 4850 Tractatum
2468 4799 2531 4851 de
2580 4797 2804 4867 Mystica
2852 4799 3139 4871 Theologia
3166 4820 3185 4858 :
3214 4822 3283 4858 an
3310 4809 3375 4859 ab
3402 4808 3494 4861 illo
3542 4814 3711 4880 quid-

2117 4887 2259 4954 piam
2308 4886 2398 4938 isti
2443 4890 2821 4941 mutuaverint.
2859 4908 2878 4941 ι
2921 4890 3110 4959 Neque
3173 4896 3354 4949 solum
3387 4897 3707 4967 Problema,

2118 4977 2263 5044 quod
2297 4978 2649 5046 proponitur,
2711 4984 3056 5047 argumentis
3108 4996 3274 5053 atque
3330 4989 3712 5051 solutionibus

2118 5078 2347 5138 utraque
2375 5084 2441 5122 ex
2465 5080 2617 5138 parte
2642 5074 2880 5125 munitur
2911 5087 2922 5120 :
2956 5088 3140 5128 verum
3178 5080 3344 5132 etiam
3374 5096 3710 5151 argumenta

2116 5171 2433 5227 comparent
2478 5162 2532 5214 in
2578 5176 2667 5223 eo,
2728 5178 2793 5217 ac
2840 5165 3142 5223 solutiones
3171 5210 3186 5234 ,
3251 5188 3374 5240 qua:
3438 5177 3710 5251 Dionysio

2114 5253 2473 5321 ArCOpagitte,
2514 5254 2681 5306 veluti
2726 5257 2964 5323 genuino
2994 5262 3230 5327 auctori,
3265 5264 3477 5331 favent,
3513 5282 3568 5323 et
3599 5274 3708 5326 ad-

2114 5352 2419 5397 versantur.
2447 5345 2688 5398 Prodibit
2725 5344 2871 5413 Opus
2896 5347 3087 5405 Latine
3108 5354 3375 5410 duntaxat
3400 5362 3706 5419 redditum.

2185 5436 2332 5489 Inter
2362 5452 2457 5491 eos
2509 5439 2598 5504 qui
2649 5438 2747 5495 abs
2795 5440 3056 5510 Dionysio
3107 5446 3443 5517 Areopagita
3475 5454 3709 5524 abjudi-

2116 5538 2241 5580 eant
2264 5527 2463 5595 Opera,
2493 5528 2858 5582 orthodoxum
2886 5536 3200 5601 quempiam
3252 5542 3529 5608 sequioris
3563 5558 3708 5600 reta-

2117 5622 2183 5674 tis
2208 5632 2483 5673 auctorem
2550 5630 2747 5689 putant
2778 5623 2973 5691 aliqui.
3008 5625 3408 5687 heterodoxum
3440 5636 3554 5690 alii.
3586 5639 3707 5696 Pro

2115 5713 2275 5768 Petro
2313 5714 2605 5784 Gnaphaeo,
2636 5734 2730 5771 seu
2786 5719 3032 5785 Fullone,
3073 5734 3170 5776 aut
3225 5727 3417 5795 aliquo
3460 5748 3532 5786 ex
3581 5734 3708 5805 ejus

2114 5809 2340 5861 asseelis
2378 5808 2711 5877 Eutychiana
2737 5821 2829 5864 aut
2862 5812 3297 5886 Monophysitiea
3342 5821 3432 5874 lue
3468 5824 3704 5892 infecto,

2119 5903 2381 5973 pugnavit
2426 5904 2693 5958 acerrime
2733 5904 2963 5961 Michael
2992 5906 3307 5979 Lequieuus
3334 5916 3386 5969 in
3418 5917 3705 5975 Disserta-
