3916 6234
201 406 266 461 GI
1558 407 2092 467 PROLEGOMENA.
3398 407 3469 464 62

206 532 361 580 tione
412 543 454 582 ιι
504 525 914 598 Damascenica,
942 542 972 582 a
1010 544 1162 584 num.
1192 529 1261 584 {0
1290 530 1357 584 ad
1389 545 1675 585 numerum
1709 547 1801 587 us-
1828 535 1876 593 Α
1903 546 2065 599 quem
2098 546 2197 601 pro
2229 546 2333 587 una
2366 529 2650 604 hypostasi
2683 524 2919 597 aliisque
2962 525 3362 582 controversiis
3404 539 3473 581 eo

205 632 319 687 que
386 619 481 672 16.
533 620 686 685 Quod
744 631 1064 690 excerptum
1115 623 1257 676 inter
1316 634 1616 675 memorata
1658 637 1797 690 npu-

205 710 366 765 scula
418 727 619 765 novum
665 712 841 767 locum
895 713 1080 768 habet.
1134 712 1315 768 Hocre
1355 729 1488 766 vero
1539 714 1796 781 excipere

208 802 408 855 debuit
435 801 668 856 adversa
697 804 1025 859 Dissertatio
1077 813 1291 865 nostra,
1326 803 1401 857 De
1433 804 1539 872 ﬁde
1560 805 1794 858 auctoris

208 893 449 959 Operum
479 909 602 962 quia
630 894 778 963 vulgo
810 894 1182 964 AreOpagitica
1208 898 1478 957 dicuntur,
1505 914 1573 948 an
1620 897 1797 948 ortho-

204 986 384 1036 tloxus
435 984 619 1052 fuerit,
665 1003 734 1038 an
777 986 1052 1040 ha'reticus
1118 988 1199 1040 vel
1249 985 1661 1055 Apollinarista,
1709 987 1791 1039 vel

205 1074 613 1143 Eutychianus,
642 1092 730 1129 seu
749 1076 1145 1146 Monophysita.
1166 1076 1287 1131 Jam
1313 1078 1457 1131 edita
1479 1087 1796 1131 numeratur

203 1180 356 1219 nona
393 1167 539 1220 inter
569 1167 707 1221 alias
746 1169 968 1237 triginta
1005 1169 1432 1233 Dissertationes
1479 1170 1555 1222 De
1612 1173 1791 1240 gestis,

202 1271 254 1312 et
304 1261 549 1325 scriptis,
582 1278 646 1313 ac
701 1262 942 1315 doctrina
995 1263 1166 1315 sancti
1212 1262 1428 1315 Thema:
1488 1246 1791 1330 Aqu'iuatis,

205 1351 353 1418 typis
404 1351 587 1403 editas
620 1350 860 1412 in-I'olio,
896 1348 1161 1415 Venetiis,
1209 1350 1352 1417 apud
1397 1348 1555 1403 Joan.
1610 1350 1795 1415 Bapti-

204 1451 346 1495 stam
403 1440 665 1509 Pasquali
722 1441 881 1497 I750.
934 1442 1131 1495 Eadem
1160 1451 1369 1510 prostat
1404 1443 1460 1495 in
1489 1457 1624 1495 nova
1649 1442 1792 1506 ejus-

201 1534 324 1585 dem
355 1532 417 1589 S.
447 1533 674 1587 Thema:
697 1530 932 1601 Operum
970 1532 1212 1587 editione
1238 1531 1460 1598 Veneta,
1486 1541 1631 1586 tomo
1658 1532 1791 1598 VIII,

199 1625 347 1678 iit-4.

276 1716 372 1769 Ill.
405 1716 486 1769 Ex
522 1717 609 1771 his
634 1718 911 1788 opusculis
941 1719 1108 1774 varia:
1152 1720 1524 1783 innotescunt,
1557 1734 1676 1786 qua:
1713 1719 1794 1773 Γει-

201 1822 409 1863 runtur
449 1809 524 1863 de
572 1826 835 1879 germano
881 1812 1392 1882 Are0pagiticorum
1428 1812 1664 1880 Operum
1693 1826 1791 1880 pa-

1901 631 2145 692 tempore
2190 622 2406 690 agitatis
2460 626 2768 690 opponeret
2804 616 3206 673 Orientalibus.
3272 614 3467 669 Verum

1900 716 2134 784 denique
2186 716 2271 769 his
2323 714 2574 769 omnibus
2600 710 2921 779 antiquiori,
2964 724 3157 778 magno
3186 709 3468 779 Dionysio,

1896 808 2242 862 Alexandriae
2293 807 2569 875 episcopo,
2629 801 2989 871 adjudicanda
3019 815 3143 855 esse
3171 800 3469 869 Areopagi-

1900 902 2005 954 tica
2035 900 2343 969 coujccerat
2382 897 2515 953 Joan
2536 936 2550 950 .
2578 896 2855 965 Philippus
2884 894 3217 949 Baraterius.
3256 891 3382 947 Haec
3411 893 3463 944 in

1897 1002 2081 1047 nostra
2109 991 2499 1045 Dissertatione
2528 989 2760 1043 refutata
2785 993 3230 1041 suntcommenta
3258 984 3463 1038 omnia.

1966 1081 2211 1135 Primum
2266 1081 2691 1135 memoravimus
2752 1076 3047 1148 Hypatium
3079 1116 3094 1139 ,
3148 1075 3463 1143 episcopum

1896 1175 2251 1243 Ephesinum,
2287 1173 2379 1241 qui
2410 1170 2832 1239 Apollinaristas
2885 1168 3173 1222 haereticos
3207 1167 3465 1235 antiquos

1895 1266 2082 1320 fecerit
2111 1274 2365 1318 auctores
2412 1262 2931 1328 AreOpagiticorum.
2967 1258 3117 1311 Hanc
3151 1257 3464 1310 refutaruut

1894 1358 2259 1427 opinationem
2292 1354 2530 1409 Joannes
2561 1351 3066 1423 Scythopolitanus,
3100 1360 3153 1404 et
3196 1350 3465 1403 Maximus

1902 1452 1957 1504 in
1988 1448 2219 1516 Prologo
2246 1456 2299 1502 et
2345 1448 2398 1500 in
2429 1446 2593 1499 notis.
2628 1443 2764 1498 Vide
2821 1452 2987 1511 caput
3027 1441 3060 1493 5
3114 1439 3438 1494 Dissertatio

1897 1543 2001 1596 nis.
2031 1541 2210 1610 Longe
2234 1538 2507 1592 recentior
2537 1546 2621 1589 est
2646 1551 2834 1590 eorum
2889 1532 3184 1596 sententia,
3217 1532 3306 1600 qui
3358 1531 3464 1583 Eu-

1898 1634 2169 1705 tychianis
2200 1641 2253 1684 et
2284 1630 2676 1700 MonOphysitis
2728 1628 3034 1681 tribuerunt
3060 1625 3463 1694 Areopagitica.

1896 1726 2199 1781 Casimirus
2222 1724 2465 1779 Oudinus
2513 1722 2590 1775 De
2621 1719 2965 1787 scriptoribus
2987 1725 3036 1770 et
3057 1718 3269 1785 scriptis
3296 1716 3462 1769 θεειο-

1896 1818 2146 1881 siasticis,
2198 1817 2316 1870 loco
2374 1816 2623 1884 superius
2656 1814 2898 1875 laudato,
2929 1811 3110 1880 capite
3138 1811 3193 1872 ‘2,
3230 1811 3310 1863 sic.
3338 1811 3456 1863 ait:

202 1912 363 1955 rente
410 1903 726 1970 Opiniones.
774 1901 973 1957 Paucis
1007 1920 1100 1958 eas
1134 1920 1444 1960 memorare
1496 1905 1678 1959 liceat.
1711 1904 1790 1958 Ac
1822 1880 1865 1935 Β
1900 1928 1919 1961 ε
1955 1908 2160 1977 Opinor
2206 1908 2393 1975 igitur.
2433 1880 2503 1960 ne
2552 1906 2682 1974 quid
2738 1903 3097 1963 dissimulem,
3130 1901 3307 1971 Opera
3368 1900 3460 1954 illa

198 1994 389 2059 primo
424 1993 598 2046 veluti
654 2008 752 2063 pro
780 2004 1061 2063 comperto
1096 1995 1284 2048 haberi
1317 2004 1520 2061 potest,
1552 2009 1614 2048 ac
1642 2006 1792 2048 certe

198 2083 390 2150 debet,
423 2092 642 2137 certum
671 2099 735 2138 ac
762 2085 1056 2155 genuinum
1119 2094 1339 2140 exstare
1378 2084 1581 2138 nullum
1613 2086 1664 2138 in
1696 2100 1793 2137 an-

201 2177 466 2243 tiquitate
527 2185 963 2240 monumentum,
999 2192 1106 2245 quo
1153 2177 1331 2231 evinci
1384 2187 1568 2246 queat,
1602 2175 1792 2245 primis

198 2278 449 2334 quatuor
484 2265 742 2319 Ecclesia:
774 2266 1013 2331 saeculis,
1048 2266 1133 2320 vel
1165 2268 1327 2321 etiam
1363 2266 1547 2320 adulto
1580 2267 1789 2335 quinto,

198 2369 253 2411 et
280 2359 351 2411 ad
410 2358 577 2411 finem
627 2369 905 2428 vergente,
939 2358 1326 2428 Areopagitica
1360 2359 1581 2411 laudata
1611 2356 1789 2424 Opera

200 2452 539 2505 innotuiSse.
567 2450 679 2504 Hac
709 2453 775 2505 de
806 2466 863 2503 re
901 2452 1013 2518 agit
1041 2450 1317 2504 uberrime
1349 2460 1538 2503 auctor
1572 2448 1789 2502 Problev

201 2548 366 2599 matis
396 2546 548 2613 quod
576 2545 827 2612 superius
862 2543 1288 2597 memoravimus
1320 2560 1334 2596 :
1365 2543 1447 2611 egi
1492 2544 1655 2596 etiam
1688 2557 1791 2610 ego

204 2640 258 2694 in
294 2639 705 2695 Dissertatione
734 2638 926 2700 cita-ta,
968 2638 1239 2705 capitibus
1272 2636 1323 2699 I,
1350 2634 1405 2698 2,
1429 2636 1462 2689 4
1485 2645 1538 2689 et
1562 2651 1678 2704 seq.

273 2733 450 2787 Primi
484 2733 638 2785 fuere
663 2731 987 2785 heterodoxi
1023 2728 1341 2792 Severiani,
1369 2729 1587 2783 concilii
1634 2744 1789 2785 uacu-

203 2825 405 2879 meuici
440 2820 907 2878 Chalcedonensis
954 2823 1162 2886 hostes,
1189 2828 1247 2872 ut
1281 2830 1461 2875 certos
1495 2831 1659 2876 testes
1690 2824 1789 2876 ad-

204 2917 453 2979 hibeam,
492 2916 584 2983 qui
633 2914 944 2967 testimonia
972 2929 1039 2968 ex
1088 2912 1495 2982 Areopagiticis
1521 2912 1790 2983 Operibus

203 3011 537 3078 deprompta
580 3006 925 3060 adduxerunt
976 3008 1027 3059 in
1077 3004 1399 3066 Collatione,
1431 3021 1596 3074 quam
1647 3006 1789 3062 Con-

203 3098 568 3167 stantinopoli
604 3099 851 3151 habuere
884 3112 1007 3151 cum
1028 3098 1374 3160 orthodoxis,
1412 3113 1644 3166 quorum
1671 3100 1788 3167 pri-

1894 2000 2095 2064 omnia,
2150 2007 2301 2052 tanto
2356 1997 2499 2052 fastu
2556 1995 2760 2050 Sancto
2817 1994 3077 2063 Dionysio
3110 1993 3461 2061 Areopagum

1894 2090 2179 2153 attributa,
2235 2088 2403 2143 fuisse
2450 2088 2680 2142 coalicta
2716 2102 2745 2140 a
2778 2084 3103 2139 Severianis
3165 2084 3457 2145 haereticis,

1894 2196 2109 2237 errores
2153 2180 2469 2250 Eutychetis
2520 2178 2961 2247 amplexantibus
2991 2217 3006 2241 ,
3057 2185 3222 2244 atque
3272 2185 3464 2230 sancto

1894 2272 2153 2343 Dionysio
2180 2271 2522 2340 AreOpagitat
2570 2270 2873 2339 supposita,
2908 2270 3065 2337 cujus
3115 2270 3213 2322 sub
3246 2267 3465 2321 nomine

1893 2364 2287 2425 confluxerant,
2320 2371 2377 2417 ut
2408 2361 2541 2415 falsa
2574 2371 2823 2415 veterum
2877 2360 3207 2414 auctoritate
3250 2373 3466 2413 errores

1892 2471 2023 2512 suos
2057 2454 2433 2511 defenderent.
2464 2453 2709 2507 Conficta
2742 2452 2832 2506 illa
2879 2451 3049 2505 fuisse
3076 2454 3224 2505 circa
3261 2464 3462 2504 annum

1892 2545 2018 2612 520,
2045 2544 2361 2599 Severianis
2388 2553 2516 2597 tunc
2548 2542 2809 2611 temporis
2854 2542 2906 2595 in
2942 2543 3178 2613 imperio
3208 2542 3461 2595 obtinen-

1895 2638 2062 2703 tibus,
2087 2652 2117 2691 a
2147 2637 2348 2705 quibus
2380 2635 2467 2689 Illa
2500 2636 2738 2705 primum
2792 2636 2893 2689 sub
2925 2635 3173 2703 specioso
3220 2633 3463 2703 Dionysii

1890 2729 2229 2799 Areopagitae
2273 2727 2514 2791 nomine,
2551 2743 2695 2782 anno
2724 2726 2851 2787 552.
2893 2728 2946 2780 in
2978 2725 3280 2782 Collatione
3319 2726 3467 2780 Con-

1891 2818 2374 2890 stantinopolitana
2440 2818 2586 2872 inter
2657 2816 2971 2871 Catholicos
3021 2825 3078 2869 et
3136 2816 3464 2869 Severianos

1890 2911 2125 2983 allegata
2168 2920 2316 2975 sunt,
2368 2908 2799 2979 producentibus
2833 2908 2920 2963 illa
2953 2923 2983 2962 e
3027 2910 3267 2963 tenebris
3294 2909 3463 2963 Seve-

1890 3004 2090 3071 rianis,
2155 3004 2249 3058 sed
2292 3001 2617 3056 orthodoxis
2646 3000 2764 3065 illa,
2790 2999 2864 3052 uti
2897 3000 3153 3054 Ecclesiae
3185 2999 3466 3069 hucusque

1892 3100 2070 3169 ignota
2103 3106 2158 3153 et
2210 3096 2451 3151 inaudita
2492 3096 2944 3163 reprobantibus.
2982 3092 3137 3148 Venit
3185 3094 3238 3146 in
3283 3108 3462 3148 meam

207 3209 331 3247 inus
373 3202 495 3244 erat
534 3190 825 3260 llypatius,
846 3190 1135 3259 episc0pus
1171 3189 1500 3257 Ephesinus.
1526 3189 1627 3245 llic
1659 3206 1787 3248 vero
1814 3213 1856 3273 ρ
1890 3189 2214 3245 sententiam
2247 3187 2483 3242 Joannes
2518 3185 2815 3240 Dallaaus...
2853 3185 2905 3238 in
2937 3200 3101 3254 opere
3137 3184 3211 3237 De
3242 3186 3457 3252 scriptis

202 3288 417 3355 primus
450 3285 574 3347 fuit,
610 3286 700 3352 qui
728 3282 918 3337 eadem
948 3283 1122 3352 Opera
1174 3282 1270 3335 abs
1318 3283 1577 3353 Dionysio
1608 3286 1784 3340 Areo-

205 3380 393 3448 pagita
448 3375 807 3440 ahjudicavit,
873 3373 1171 3442 tribuitque
1226 3375 1464 3442 antiquis
1517 3378 1789 3433 haereticis

200 3469 637 3539 Apollinaristis.
670 3466 808 3519 Vide
840 3478 1003 3535 caput
1040 3469 1271 3537 primum
1311 3471 1488 3523 citata:
1516 3469 1787 3524 Disserta-

204 3561 397 3613 tionis.
450 3557 669 3611 Szeculo
710 3566 865 3611 sexto
894 3558 1128 3624 incepto,
1159 3558 1210 3612 id
1238 3570 1320 3612 est
1354 3575 1496 3611 anno
1519 3559 1648 3623 552,
1686 3560 1785 3612 ha-

204 3652 319 3705 bita
370 3650 476 3703 fuit
507 3650 766 3717 praedicta
814 3648 1044 3702 Collatio
1074 3667 1088 3702 :
1124 3665 1231 3717 quo
1258 3652 1481 3714 sarculo,
1506 3651 1589 3704 vel
1621 3653 1786 3705 etiam

202 3743 438 3795 cadente
475 3742 689 3808 quinto,
746 3756 843 3808 pro
892 3749 1083 3793 Sancto
1145 3739 1405 3809 Dionysio
1456 3741 1786 3811 Areopagita

205 3832 472 3900 pugnavit
522 3829 780 3895 Joannes,
848 3830 1329 3899 Scythopolitanus
1377 3832 1639 3895 antistes;
1693 3847 1789 3899 pu-

203 3923 398 3992 gnavit
432 3922 599 3975 etiam
637 3920 959 3989 insequente
997 3919 1195 3973 saecqu
1240 3929 1464 3974 sanctus
1497 3919 1783 3984 Maximus,

207 4014 379 4067 abbas
416 4010 926 4080 Cbrysopolitanus,
969 4027 1035 4065 ac
1066 4012 1307 4078 sequiori
1334 4020 1501 4066 aetate
1532 4010 1787 4066 Theodo-

205 4117 302 4157 rus
356 4104 582 4170 quidam
631 4102 940 4171 presbyter,
992 4103 1133 4171 apud
1182 4101 1463 4166 Photium,
1526 4104 1714 4156 codice
1743 4118 1783 4157 ι.

202 4194 561 4264 Apologetica
626 4194 884 4262 opuscula
943 4194 1107 4248 simul
1164 4195 1393 4249 collecta
1428 4205 1656 4264 priestat
1689 4196 1789 4249 Ve~

204 4295 331 4337 uela
370 4288 488 4338 lucc
538 4284 728 4345 editio,
760 4299 879 4351 qua:
920 4286 1258 4354 scripserunt
1313 4287 1631 4352 llalloixius,
1660 4286 1789 4341 Del-

205 4378 340 4441 rius,
374 4376 718 4439 Lansselius,
745 4376 1169 4431 Chaumontius.

276 4468 427 4521 Inter
459 4483 554 4521 eos
577 4468 667 4536 qui
697 4467 963 4537 genuinos
1002 4467 1347 4536 Areopagitae
1371 4468 1513 4523 fetus
1533 4468 1785 4523 infician-

1889 3300 2008 3352 qute
2040 3282 2280 3351 Dionysii
2300 3280 2631 3349 Areopagita:
2652 3289 2700 3333 et
2724 3278 2923 3348 lgnatii
2953 3276 3266 3330 Antiocheni
3292 3276 3465 3328 uomi-

1890 3375 2040 3428 nibus
2089 3373 2555 3442 circumferuntur,
2606 3380 2711 3425 etc.
2749 3389 2768 3421 ι
2804 3369 2910 3423 Pro
2981 3368 3319 3428 Severianis,
3359 3376 3454 3420 aut

1891 3465 2303 3535 Illonophysitis,
2353 3463 2517 3517 veluti
2566 3462 3059 3530 Areopagiticorum
3119 3460 3461 3521 auctoribus,

1889 3576 1953 3615 ac
2014 3558 2314 3626 praesertim
2350 3556 2512 3610 Petro
2544 3553 2819 3622 Cnaphteo
2870 3568 2964 3605 seu
2998 3550 3243 3613 Fullone,
3280 3551 3463 3606 Eccle-

1891 3653 1984 3706 sia:
2011 3650 2363 3703 Antiochente
2394 3658 2646 3716 tyranno,
2678 3652 2772 3697 aut
2817 3643 2924 3697 alio
2977 3643 3211 3710 partium
3253 3640 3370 3707 ejus
3408 3651 3462 3695 et

1891 3741 2240 3796 consiliorum
2272 3739 2445 3800 socio,
2474 3738 2585 3808 agit
2620 3737 2899 3791 uberrime
2953 3733 3186 3789 Michael
3222 3734 3461 3802 Lequie--

1890 3849 1992 3889 nus
2038 3832 2156 3887 loco
2207 3831 2391 3893 citato,
2430 3831 2725 3899 pluresque
2769 3832 2821 3882 in
2865 3830 3103 3883 medium
3135 3825 3348 3895 profert
3386 3841 3451 3880 ac

1891 3926 2183 3995 amplificat
2246 3924 2612 3994 conjecturas.
2672 3921 2861 3975 Virum
2940 3918 3314 3974 doctissimum
3364 3932 3464 3988 pro

1889 4020 2031 4075 virili
2083 4018 2393 4087 insequitur
2450 4024 2563 4069 tota
2614 4014 2943 4070 Dissertatio
2998 4014 3196 4082 saepius
3244 4014 3460 4067 citata:

1892 4129 2064 4183 neque
2094 4112 2407 4180 opinionem
2440 4108 2583 4177 ejus,
2629 4124 2792 4176 quam
2830 4115 3078 4173 noverat,
3106 4105 3460 4160 verisimilem

1891 4216 2044 4274 putat
2082 4204 2429 4259 Christianus
2476 4202 2815 4267 Augustinus
2841 4198 2988 4268 Salig
3038 4199 3089 4251 in
3121 4208 3355 4252 tractatu
3387 4198 3463 4252 De

1894 4297 2328 4367 Eutychionismo
2372 4302 2493 4347 ante
2526 4292 2843 4363 Eutychen:
2876 4307 3053 4362 neque
3108 4305 3321 4344 rursum
3368 4306 3462 4360 ap—

1890 4391 2084 4458 probat
2116 4389 2419 4443 Maturinus
2458 4386 2740 4441 Vessieres
2768 4386 3068 4442 La-Croze.
3116 4386 3312 4439 Sedem
3343 4383 3460 4437 An-

1894 4482 2201 4535 tiochenam
2231 4496 2378 4534 anno
2406 4479 2505 4533 471
2542 4482 2716 4546 prima
2763 4481 2883 4533 vice
2920 4477 3091 4531 tenuit
3133 4476 3459 4545 Cnapbazus,

205 4570 292 4613 tur
317 4558 521 4627 Opera,
555 4562 621 4613 de
652 4559 848 4627 quibus
872 4562 1112 4628 agimus.
1143 4561 1295 4613 varia
1330 4572 1459 4615 ευηῐ
1492 4561 1687 4629 Pluma
1718 4562 1786 4617 de
1817 4557 1862 4611 Β
1896 4574 2201 4639 iterumque
2231 4572 2426 4625 invasit
2460 4586 2606 4624 anno
2631 4571 2737 4624 476
2767 4579 2822 4625 et
2852 4570 3191 4638 insequente,
3214 4583 3280 4623 ac
3302 4568 3462 4621 tertio

204 4669 463 4723 auctore,
509 4672 673 4724 quem
728 4656 1056 4725 perquirunt
1098 4672 1111 4707 :
1151 4657 1441 4725 ipsumque
1476 4658 1650 4710 virum
1698 4672 1790 4710 or-

207 4750 747 4804 thodoxum-habent
775 4748 885 4809 alii,
915 4747 1120 4811 aliique
1168 4749 1590 4813 heterodoxum,
1622 4748 1789 4803 dissi-

204 4842 448 4908 dentque
498 4840 565 4892 de
606 4839 832 4892 natione
860 4837 996 4906 ejus.
1032 4836 1359 4895 Guillelmus
1404 4839 1616 4893 Caveus
1644 4839 1792 4892 arbi-

206 4944 386 4986 tratus
408 4930 784 5000 est,Operum
838 4939 1119 4983 auctorem
1168 4931 1273 4984 dici
1326 4946 1481 5000 posse
1510 4930 1795 4999 Apollina-

206 5026 373 5086 rium,
402 5038 566 5091 quem
624 5032 779 5091 putat
830 5021 998 5075 fuisse
1056 5023 1112 5075 in
1172 5023 1277 5091 fide
1334 5032 1789 5090 sauum,patrem

200 5116 541 5185 Apollinaris
575 5116 841 5170 hazretici.
883 5115 956 5170 Ea
988 5115 1339 5169 Mathuriuus
1375 5113 1652 5168 Vessieres
1683 5112 1791 5166 La-

200 5209 384 5267 Croze
432 5208 625 5262 tribuit
677 5208 934 5278 Synesio,
964 5208 1328 5263 Ptolemaidis
1363 5210 1623 5276 episcopo
1655 5225 1670 5261 :
1707 5209 1789 5261 iu-

203 5312 600 5368 centoremque
626 5300 729 5369 ipsi
763 5300 951 5368 fuisse,
976 5311 1035 5355 ut
1066 5300 1256 5357 eadem
1289 5302 1575 5361 scriberet,
1608 5300 1789 5355 Theo-

201 5393 415 5462 philum
454 5391 887 5445 Alexandrinum
934 5393 1239 5447 contendit.
1273 5391 1453 5458 Quid?
1476 5392 1619 5460 quod
1647 5390 1792 5446 Hen-

205 5480 359 5533 ricus
412 5479 722 5535 Dodwellus
763 5481 817 5535 in
851 5482 1082 5550 epistola
1115 5478 1187 5535 ad
1218 5482 1454 5537 Cavcum
1507 5496 1788 5536 commen-

207 5581 294 5626 tus
323 5580 430 5631 est,
475 5586 504 5624 a
537 5570 735 5626 Latino
791 5573 1065 5627 catholico
1115 5573 1332 5626 homine
1385 5574 1643 5641 qundam,
1674 5573 1789 5629 for-

205 5670 359 5715 tasse
412 5661 686 5731 Gregorio
718 5663 935 5733 Magno,
961 5666 1196 5718 conﬁcta
1243 5680 1364 5718 esse
1404 5663 1582 5732 Opera
1620 5665 1794 5718 Areo-

202 5753 470 5821 pagitica,
512 5764 709 5823 utpote
736 5755 829 5824 qui
890 5766 1021 5810 ante
1086 5756 1465 5823 pontiﬁcatum
1504 5756 1593 5810 diu
1626 5757 1789 5811 vitam

202 5845 381 5912 egerit
430 5844 937 5917 Constantinopoli,
970 5864 1032 5903 ac
1084 5848 1404 5918 Dionysium
1434 5846 1786 5917 conﬂuxerit,

1891 4663 2177 4731 occupavit
2207 4678 2350 4716 anno
2386 4661 2491 4716 485
2519 4662 2583 4714 ad
2610 4676 2808 4714 annum
2834 4676 2935 4729 usq
2948 4676 3013 4715 ue
3034 4659 3157 4713 488.

1963 4755 2252 4809 Auctorem
2276 4766 2405 4822 ergo
2433 4751 2674 4820 apprime
2708 4750 3093 4813 orthodoxum,
3122 4750 3334 4805 censuit
3354 4749 3463 4803 La-

1895 4845 2064 4900 tinum
2107 4843 2432 4906 Dodwellus,
2464 4840 2777 4912 IEgyptitun
2828 4841 3148 4896 Paschasius
3201 4841 3465 4908 Quesnel-

1893 4937 2017 5000 lius,
2050 4944 2106 4990 et
2152 4933 2391 4989 Joannes
2445 4932 2589 4987 Bona
2634 4949 2648 4985 :
2687 4932 2933 4987 Graecum
2968 4932 3289 5000 scriptorem
3316 4933 3461 4986 Atti-

1892 5042 2124 5095 cumque
2173 5024 2500 5093 Lequienus.
2554 5022 2690 5078 Vide
2740 5030 2901 5091 caput
2955 5024 2987 5076 6
3039 5024 3461 5079 Dissertationis.

1891 5117 2149 5172 Auctoris
2178 5116 2438 5185 ejusdem,
2469 5115 2714 5184 quisquis
2750 5114 2837 5168 ille
2876 5113 3059 5177 fuerit,
3105 5124 3343 5183 tempora
3373 5116 3463 5169 deo

1893 5208 2013 5262 finit
2045 5206 2284 5261 Morinos
2315 5216 2435 5275 post
2467 5204 2794 5269 Nestorium,
2836 5215 2891 5259 et
2926 5214 3050 5260 ante
3092 5207 3462 5276 Eutychiano-

1893 5314 2013 5352 rum
2048 5297 2258 5363 turbas,
2311 5298 2502 5365 quinto
2555 5297 2752 5352 saeculo
2796 5297 3014 5351 labente
3045 5313 3059 5349 :
3092 5296 3199 5350 imo
3231 5298 3463 5351 conficta

1890 5406 2056 5458 opera
2099 5398 2286 5443 censet
2329 5388 2585 5444 Nicolaus
2616 5389 2894 5454 Nourrius,
2940 5400 3118 5444 asceta
3154 5388 3461 5441 Benedicti-

1892 5496 1994 5535 nus
2037 5480 2454 5544 Sammaurzeus,
2492 5479 2633 5533 intra
2665 5494 2865 5535 annum
2890 5478 3017 5542 451,
3071 5492 3177 5544 quo
3223 5475 3462 5546 synodus

1891 5574 2225 5629 meumenica
2297 5574 2563 5643 Ephesina
2631 5573 2892 5627 adversus
2947 5570 3345 5635 Nestorianos,
3408 5578 3463 5622 et

1891 5667 2015 5729 451,
2049 5681 2155 5736 quo
2192 5667 2428 5737 synodus
2464 5665 2921 5720 Chalcedonensis
2956 5672 3145 5719 contra
3166 5660 3463 5726 Eutychia-

1893 5776 1993 5813 nos
2025 5759 2295 5813 celebrata
2323 5767 2422 5814 est.
2448 5758 2615 5814 Paulo
2642 5757 2905 5815 seriorem
2932 5755 3121 5812 feturae
3143 5762 3354 5811 aetatem
3376 5768 3464 5807 ar.-

1891 5851 2163 5907 bitrautur
2188 5849 2297 5906 alii.
