3916 6234
423 360 493 416 δε
1552 356 1610 414 ς.
1652 352 2027 411 DlONYSlUS
2064 352 2523 412 AREOPAGITA.

1039 474 1268 531 CAPUT
1309 473 1395 528 Ill.

432 590 648 647 Scholia
695 593 749 644 in
797 590 968 655 Opera
1023 590 1386 659 Areopagitica
1434 588 1642 659 scripsit
1682 604 1785 641 non
1832 586 2000 639 solum

504 663 791 728 Maximus,
820 664 909 713 sed
935 672 1054 714 ante
1075 656 1244 728 ipsum
1269 658 1500 713 Joannes
1525 656 1999 728 Scylhopolitanns.

504 732 567 786 In
594 733 743 785 editis
763 724 982 799 confusa
1010 724 1263 794 prostant.
1298 728 1562 781 Nourrins
1580 724 1813 782 notatus.
1847 724 2006 799 Scito-

501 802 574 854 lia
607 801 833 853 Joannis
864 796 1290 868 'St'yt/topolitani
1336 800 1386 850 in
1418 800 1683 851 codicibus
1734 815 1859 852 mss.
1896 796 2003 868 ali—

506 872 625 925 cubi
656 864 953 934 ampliora;
980 871 1189 923 Indicia
1220 870 1367 938 qneis
1403 868 1522 938 ‘alia
1551 869 1748 921 secerni
1787 869 1850 919 ab
1886 864 2005 917 aliis

503 951 746 1006 possunt.
777 941 908 1005 Quis
936 941 1094 1008 fuerit
1123 936 1358 992 Joannes
1389 936 1876 1007 Scythopolitanus.

504 1033 547 1085 l.
592 1032 705 1085 Sub
734 1033 892 1085 unius
916 1030 1129 1084 Maximi
1158 1031 1394 1096 nomine,
1430 1030 1519 1097 qui
1550 1027 1747 1082 saeculo
1780 1028 2009 1096 septimo

434 1124 638 1188 ﬂoruit,
664 1126 1025 1194 pugnavitque
1056 1124 1331 1193 egregiam
1362 1137 1592 1190 pugnam
1620 1124 1880 1175 adversus
1902 1120 2011 1173 ha:-

437 1218 637 1271 reticos
674 1216 1073 1279 Monothelitas,
1114 1216 1434 1282 prodierunt
1475 1212 1689 1265 Scholia
1739 1212 1792 1263 in
1838 1210 2009 1277 Opera

436 1309 797 1376 Areopagitica
843 1308 893 1359 in
939 1305 1268 1359 editionibus
1317 1303 1697 1371 Antuerpiensi
1752 1312 1805 1356 et
1853 1301 2009 1355 Pari-

378 1427 382 1432 -
437 1398 626 1458 siensi,
659 1413 722 1450 ac
762 1411 922 1449 ")0th
956 1396 1220 1463 prodeunt
1266 1396 1317 1446 itt
1365 1392 1586 1447 V'etteta.
1640 1393 1745 1448 Sed
1772 1402 2010 1446 attattten

437 1502 542 1540 non
578 1503 740 1539 unum
774 1487 1120 1541 stholiastem
1166 1486 1480 1547 Maximum,
1521 1486 1615 1539 sed
1668 1485 1831 1537 alium
1884 1487 2014 1538 ube-

440 1576 747 1643 rioremque
771 1575 1032 1629 Joannem
1063 1576 1592 1646 Scythopolitanum,
1613 1591 1835 1644 operam
1861 1590 2013 1629 suam

438 1682 695 1729 navasse,
740 1668 894 1722 testis
924 1677 1008 1720 est
1040 1668 1497 1737 locupletissimus
1524 1668 1866 1730 Anastasius,
1909 1666 2017 1719 llo-

440 1775 613 1812 tnante
640 1760 893 1813 Ecclesiae
912 1758 1375 1824 bibliothecarius,
1408 1761 1459 1812 in
1483 1758 1712 1828 epistola
1738 1760 1803 1812 ad
1836 1772 2015 1827 regetn

3604 354 3682 411 64

2027 476 2071 532 Α
2100 473 2237 525 citer
2257 470 2378 529 600,
2424 471 2563 524 alter
2616 484 2745 526 vero
2793 468 2921 534 400,
2962 470 3285 541 descriptus.
3342 469 3397 525 In
3452 483 3692 543 utroque

2103 562 2516 630 praemittuntur
2559 560 2801 631 ejusdem
2845 561 3068 619 Joannis
3101 562 3528 632 Scythopolitaui
3579 574 3693 634 (er-

2107 667 2195 703 ror
2219 651 2272 705 2.
2302 651 2443 720 Lege
2468 651 2782 721 Scotigtmaz)
2813 664 2869 710 et
2890 654 3163 708 Anastasii
3188 652 3591 709 Bibliothecarii
3622 660 3697 710 ad

2106 741 2354 797 Carolum
2382 744 2606 798 Calvum
2642 745 2910 813 Epistolas,
2945 746 3142 814 quibus
3167 746 3216 799 ei
3256 748 3524 801 versionis
3549 763 3695 817 ope--

2110 836 2293 903 risque
2341 836 2421 888 sui
2474 836 2703 890 reddunt
2763 836 3051 890 rationem.
3089 856 3108 887 ι
3166 836 3381 891 Scilicet
3421 841 3697 894 rationem

2110 928 2285 981 reddit
2329 929 2396 982 de
2441 944 2540 983 sua
2598 928 2831 996 Operum
2878 929 3381 998 Areopagiticorum
3435 934 3701 987 versione.

2108 1016 2347 1074 Joannes
2384 1019 2690 1089 Sectigena.
2720 1022 3111 1077 etAnastasius
3145 1023 3595 1079 Bibliothecarius
3628 1026 3699 1079 de

2109 1128 2206 1169 sua
2241 1112 2429 1166 Latina
2471 1112 2809 1167 Scholiorum
2852 1113 3070 1170 Maximi
3111 1128 3166 1169 et
3194 1114 3418 1170 Joannis
3456 1118 3701 1187 Scytho-

2112 1204 2337 1272 politani
2366 1205 2747 1261 translatione.

2189 1295 2464 1364 Epistolas,
2496 1311 2659 1363 quam
2692 1299 2756 1349 ad
2790 1312 2969 1367 regem
3006 1298 3259 1352 Carolum
3296 1299 3515 1354 Calvum
3553 1303 3702 1355 scri-

2122 1391 2228 1459 psit
2264 1389 2572 1459 Scotigena,
2608 1388 2969 1458 fragmentum
3008 1395 3420 1449 commentariis
3452 1396 3704 1465 praemit-

2119 1485 2270 1546 titur,
2300 1498 2326 1534 a
2363 1480 2620 1551 Dionysio
2649 1482 3010 1537 Carthusiano
3040 1485 3330 1551 coafectis;
3363 1486 3572 1556 integra
3608 1504 3704 1540 ve-

2120 1590 2180 1623 ro
2210 1571 2439 1624 habetur
2471 1573 2613 1626 inter
2673 1572 2879 1626 Veteres
2921 1572 3189 1635 Epistolas
3238 1577 3581 1643 Ilibernicas,
3635 1582 3709 1632 ab

2120 1666 2340 1721 Usserio
2375 1665 2650 1720 collectas.
2698 1667 3000 1729 Seotigena:
3040 1672 3276 1724 laborem
3313 1671 3561 1726 laudibus
3602 1689 3704 1725 ex-

2122 1758 2257 1811 tollit
2289 1759 2612 1812 Anastasius
2658 1757 3113 1815 Bibliothecarins
3140 1764 3190 1815 in
3231 1763 3457 1830 epistola
3489 1764 3659 1817 citata
3688 1781 3702 1816 :

435 1850 690 1905 Carolum
716 1851 961 1914 Calvum,
995 1866 1141 1905 anno
1170 1851 1388 1904 circiter
1406 1852 1533 1905 865.
1571 1850 1744 1905 Verba
1771 1851 2016 1919 sunt(5):
2052 1846 2095 1905 Β
2132 1868 2148 1900 ε
2187 1849 2383 1903 Beatus
2436 1851 2623 1919 itaque
2670 1852 2993 1920 AreOpagita
3055 1853 3362 1924 Dionysius,
3430 1856 3706 1925 inquiens,

444 1962 461 1993 ι
506 1942 659 2011 (Σαξμί
688 1942 871 1996 sedulo
897 1956 1162 2011 quaerere,
1216 1944 1261 1996 si
1297 1944 1433 1997 forte
1485 1943 1708 2012 reperiri
1758 1943 2022 2012 potuisset

439 2043 744 2101 prteceptor
768 2034 1061 2102 quispiam,
1094 2036 1175 2088 vel
1206 2036 1422 2104 aliquod
1445 2037 1731 2104 scriptum,
1762 2051 1867 2103 quo
1892 2051 2024 2089 enu-

440 2126 612 2180 cleate
646 2136 824 2179 tantus
853 2124 1016 2180 Pater
1044 2127 1355 2197 (Dionysius
1386 2126 1732 2198 ArCOpagita)
1774 2127 1929 2181 nobis
1955 2128 2012 2179 li-

439 2216 661 2284 quidius
694 2216 1034 2271 illucesccrct
1069 2235 1081 2270 :
1117 2225 1171 2271 et
1221 2218 1345 2284 quia
1390 2217 1501 2285 jam
1543 2234 1638 2285 per
1686 2218 2021 2284 interpretis,

442 2306 693 2376 (Joannis
732 2310 877 2363 Scoti
921 2309 1190 2379 Erigente)
1230 2312 1553 2364 industriam
1597 2310 1798 2377 linguas
1827 2318 2021 2363 nostra:

443 2398 619 2454 fuerat
651 2403 901 2467 traditus,
934 2403 1133 2456 nostris
1164 2403 1361 2470 patulis
1390 2402 1705 2460 redderetur
1722 2401 2022 2467 perfectius

446 2492 828 2547 intellectibus.
898 2495 1032 2547 Cum
1080 2510 1207 2549 ecce
1258 2502 1477 2561 repente
1523 2491 1860 2551 Paratlteses.
1909 2493 2024 2545 sive

446 2584 665 2638 Scholia
710 2584 761 2637 in
790 2602 936 2651 cum,
982 2602 1103 2654 qua:
1127 2584 1594 2653 Constantinopoli
1630 2585 1840 2652 positus
1871 2585 2024 2637 vide-

449 2692 588 2739 ram,
613 2678 677 2731 ad
726 2693 921 2731 manus
959 2692 1176 2741 venere,
1210 2677 1407 2745 quibus
1439 2687 1709 2746 utcunque
1752 2679 2023 2745 interpre-

448 2771 601 2834 tatis,
638 2770 769 2823 mihi
824 2769 1218 2837 aliquantulum
1266 2771 1439 2838 magis
1487 2771 1727 2824 emicuit.
1789 2770 1919 2836 Quae
1970 2772 2022 2825 itt

450 2864 787 2934 marginibus
830 2864 1170 2932 interpretati
1215 2864 1423 2919 codicis
1467 2862 1607 2931 ejus,
1657 2873 1715 2918 ut
1746 2865 1798 2917 in
1839 2864 2026 2918 Graeco

451 2958 652 3027 reperi,
704 2973 827 3011 mox
869 2958 1224 3026 interpretata
1251 2967 1545 3025 utcunque,
1589 2957 1759 3010 donec
1801 2971 1829 3008 a
1870 2955 2027 3009 docto

451 3053 650 3106 melius
675 3052 1184 3119 interpretarentur,
1228 3048 1681 3119 respondentibus
1730 3048 1902 3116 signis
1944 3048 2027 3101 in-

448 3152 666 3211 terpres
701 3158 799 3210 ego
823 3142 957 3197 satis
980 3142 1263 3211 imperitus
1303 3141 1623 3210 apposui....
1651 3140 1894 3208 Ipsorum
1930 3156 2025 3193 au-

451 3243 562 3289 tetu
605 3234 975 3299 Scholiornm,
1014 3236 1128 3289 sive
1166 3234 1538 3288 Paratheseon
1587 3249 1922 3303 quaecunque
1974 3234 2026 3286 itt

449 3327 599 3381 calce
647 3328 729 3380 sui
785 3327 1000 3397 signant
1044 3327 1273 3381 vivilit-aa
1314 3327 1495 3381 crucis
1551 3328 1771 3390 habent,
1806 3342 1837 3380 a
1872 3328 2028 3380 beato

451 3417 694 3474 Maximo
723 3420 1032 3474 confessore
1068 3430 1122 3473 et
1152 3422 1418 3474 mcttacho
1448 3420 1662 3472 inventa
1699 3430 2023 3476 narrantur;

449 3522 648 3566 extera
683 3527 831 3576 vero,
872 3513 1043 3565 sancti
1077 3511 1303 3565 Joannis
1335 3510 1763 3579 ScythOpolitani
1790 3509 2028 3577 episcopi

450 3614 575 3658 esse
616 3603 886 3656 feruntur.
935 3622 952 3653 ι
996 3604 1323 3656 Accuratunt
1362 3602 1635 3656 Anastasii
1686 3601 1925 3654 laborem
1979 3602 2030 3652 in

462 3695 746 3762 utriusque
777 3693 1001 3747 scholiis
1031 3692 1426 3760 distinguendis
1448 3693 1571 3759 quis
1598 3690 1893 3759 impensius
1928 3705 2031 3741 non

456 3784 846 3837 commendet?
878 3783 1117 3850 Epistola
1151 3782 1317 3835 citata
1346 3781 1487 3851 typis
1511 3782 1650 3833 edita
1684 3780 2036 3849 praemittitur

457 3876 884 3932 Commentariis
922 3876 973 3928 in
1004 3877 1386 3945 Areopagitam
1439 3890 1468 3928 a
1518 3873 1774 3942 Dionysio
1808 3874 2037 3926 Carthu-

458 3967 613 4020 siano
636 3966 990 4030 elucubratis,
1015 3966 1287 4033 editisque
1311 3976 1558 4033 typorum
1589 3962 1852 4017 benelicio
1886 3960 2038 4014 Colo-

458 4057 581 4119 nite,
614 4055 863 4120 impensis
896 4052 1041 4107 Petri
1068 4055 1306 4119 Queutel,
1361 4071 1500 4107 anno
1544 4054 1715 4113 1556.
1765 4052 1986 4106 iit-folio
2021 4069 2034 4105 :

465 4148 805 4217 habeturque
860 4147 998 4200 inter
1052 4145 1261 4199 Veteres
1306 4144 1574 4213 Epistolas
1618 4143 1955 4207 therm'cas,
2009 4159 2037 4195 a

461 4239 668 4295 Jacobo
699 4240 925 4295 Usserio
956 4240 1236 4301 collectas,
1268 4254 1333 4293 ac
1378 4238 1555 4292 editas
1599 4234 1826 4289 Parisiis
1857 4236 1909 4289 itt
1942 4234 2041 4303 0f-

462 4334 623 4401 ﬁcina
672 4332 919 4385 Ludovici
945 4331 1173 4389 Billaine
1198 4331 1360 4395 1665,
1402 4345 1550 4383 num.
1578 4327 1768 4382 XXIV.

538 4424 781 4490 Utraque
809 4420 1051 4485 Scholia,
1086 4422 1385 4489 eademque
1419 4420 1688 4483 distincta,
1740 4418 1790 4471 in
1820 4419 2043 4472 vetustis

2127 1958 2287 2009 quem
2320 1941 2460 1995 inter
2477 1951 2674 1995 caatera
2704 1955 2938 2008 constat,
2972 1947 3238 2000 industria
3268 1958 3352 2002 tua
3386 1950 3579 2017 (ipsius
3612 1964 3712 2006 re-

2125 2036 2206 2103 gis
2229 2034 2457 2103 Caroli),
2496 2035 2943 2105 praestantissime
2967 2038 3295 2107 principum,
3320 2041 3373 2094 in
3398 2040 3706 2095 Romanum

2127 2139 2431 2179 Sermonem
2460 2124 2851 2181 translatum...
2885 2124 3188 2181 Mirandutn
3220 2139 3304 2183 est
3328 2132 3598 2199 quomodo
3620 2136 3713 2186 vir

2127 2219 2214 2271 ille
2245 2218 2526 2282 barbarus,
2576 2220 2664 2288 qui
2712 2222 2765 2272 in
2796 2220 2987 2289 finibus
3013 2223 3197 2274 mundi
3223 2224 3454 2291 positus,
3498 2237 3712 2291 quanto

2128 2313 2196 2364 ab
2223 2311 2531 2363 hominibus
2563 2313 2997 2375 conversatione,
3042 2322 3193 2369 tanto
3224 2315 3374 2369 credi
3416 2320 3592 2385 potuit
3627 2320 3713 2372 al-

2131 2402 2294 2455 terius
2342 2402 2538 2470 lingute
2582 2404 2817 2457 dictione
2850 2404 3193 2472 longinquus,
3246 2408 3373 2461 talia
3432 2409 3714 2463 intellectu

2126 2507 2345 2559 capere,
2398 2495 2449 2545 in
2500 2495 2770 2563 aliamque
2824 2494 3063 2564 linguam
3118 2498 3412 2554 transferre
3456 2500 3709 2555 valuerit.

2126 2585 2392 2640 Joannem
2450 2591 2614 2641 innuo
2664 2588 3035 2656 Scotigenam,
3089 2590 3264 2644 virum
3320 2608 3478 2661 quem
3520 2596 3716 2649 auditu

2128 2680 2366 2746 comperi
2397 2694 2493 2747 per
2522 2680 2702 2733 omnia
2736 2692 3005 2734 sanctum.
3044 2701 3063 2732 ι
3099 2682 3172 2734 De
3203 2684 3320 2751 ipso
3342 2686 3711 2741 disserentem

2127 2770 2249 2823 vide
2266 2767 2424 2828 Joan.
2452 2771 2721 2825 Albertum
2748 2771 3084 2841 Fabricium,
3105 2776 3156 2829 in
3177 2775 3499 2831 Bibliotheca
3519 2776 3714 2831 Latina

2128 2862 2313 2915 media:
2348 2871 2396 2914 et
2429 2862 2627 2929 inﬁma:
2655 2866 2854 2918 (etatis.

2201 2952 2261 3006 ll.
2295 2951 2411 3006 Non
2445 2953 2616 3007 latent
2648 2954 2703 3007 in
2749 2955 2966 3024 pluteis,
3011 2974 3185 3028 neque
3212 2961 3393 3013 abdita
3418 2973 3717 3017 servantur

2131 3044 2185 3097 in
2224 3045 2354 3098 solis
2377 3046 2657 3099 codicibus
2683 3062 2813 3101 mss.
2844 3064 2967 3117 quas
2998 3052 3048 3103 in
3081 3052 3450 3121 Areopagitica
3491 3055 3722 3125 scripsit

2132 3136 2335 3190 scholia
2368 3134 2606 3191 Joannes
2634 3138 3128 3209 ScythOpolitanus.
3160 3144 3317 3197 Edita
3351 3157 3604 3214 prostant
3630 3152 3720 3201 in-

2136 3238 2216 3282 ter
2257 3244 2317 3282 ea
2367 3246 2487 3297 qua:
2524 3230 2625 3283 sub
2657 3231 2820 3286 unius
2847 3230 3065 3286 Maximi
3112 3237 3330 3289 nomine
3372 3241 3717 3305 prodierunt.

2134 3320 2359 3372 confusa
2408 3335 2530 3375 cum
2585 3320 2720 3388 ipsis
2765 3339 2779 3376 :
2824 3324 2967 3391 quod
3001 3329 3183 3393 utique
3214 3327 3525 3382 dolendum.
3580 3330 3720 3384 llem

2141 3412 2281 3464 hanc
2313 3411 2644 3465 adnotarunt
2683 3410 2917 3468 Jacobus
2950 3414 3205 3471 Usserius
3240 3430 3293 3471 et
3341 3419 3566 3473 Michael
3614 3421 3723 3475 Le-

2136 3504 2394 3571 quienus.
2450 3502 2663 3558 Usserii
2692 3502 2860 3558 affero
2912 3508 3100 3571 verba,
3129 3525 3247 3577 qua:
3285 3508 3541 3578 leguntur
3572 3515 3720 3581 apud

2137 3594 2485 3649 Guillelmum
2522 3597 2684 3657 Cave,
2722 3601 2788 3652 ad
2836 3614 3036 3653 annum
3089 3601 3217 3663 520,
3267 3602 3319 3655 iu
3362 3603 3570 3657 Joanne
3600 3605 3725 3657 Ma-

2137 3688 2333 3740 xentio.
2361 3686 2453 3741 Sic
2475 3690 2634 3744 habet
2668 3706 2795 3743 vero
2823 3692 2875 3745 itt
2910 3690 3237 3744 Bibliotheca
3263 3694 3555 3761 theologica
3586 3712 3718 3748 mss.

2144 3795 2162 3827 ι
2199 3776 2436 3832 Joannes
2491 3780 2971 3849 ScythOpolitanus
3030 3782 3247 3849 scripsit
3298 3784 3350 3835 itt
3402 3783 3719 3854 Dionysium

2138 3870 2520 3938 Areopagitam
2564 3875 2810 3940 Scholia,
2847 3878 3054 3943 pariter
3089 3890 3153 3928 ac
3184 3875 3471 3931 Maximus.
3520 3876 3722 3931 Verum

2143 3963 2194 4014 itt
2225 3961 2377 4016 libris
2402 3962 2638 4034 Dionysii
2672 3967 2738 4019 ab
2763 3983 2905 4019 anno
2932 3966 3068 4019 15ϋὲ
3109 3968 3371 4021 inclusive
3403 3971 3565 4023 editis
3590 3973 3727 4040 (quo

2144 4071 2336 4124 nempe
2367 4072 2511 4109 anno
2539 4056 2727 4110 Grazca
2761 4058 2928 4111 editio
2958 4056 3327 4111 Morelliorum
3370 4059 3547 4115 lucem
3588 4063 3725 4115 vidit

2144 4144 2367 4199 Parisiis
2392 4147 2549 4216 iit-8),
2580 4147 2737 4200 simul
2762 4148 2984 4202 conqua
3018 4157 3143 4202 sunt
3165 4149 3386 4205 Joannis
3411 4164 3465 4206 et
3499 4152 3725 4207 Maximi

2147 4236 2368 4289 Scholia
2400 4253 2415 4288 :
2445 4252 2565 4303 quae
2597 4252 2702 4289 non
2734 4237 2785 4288 itt
2818 4237 3216 4304 antiquioribus
3242 4238 3436 4305 solum,
3474 4256 3596 4307 quae
3618 4242 3729 4311 Cy-

2145 4332 2453 4400 parissiota:
2481 4342 2724 4399 tempore
2752 4332 2975 4400 (saeculo
3010 4333 3121 4401 xw)
3163 4332 3498 4399 ferebantur,
3526 4337 3729 4390 editio-

2149 4423 2303 4475 uibus
2328 4422 2506 4490 (mss.)
2539 4422 2755 4475 fuerunt
2777 4422 3058 4486 distincta;
3094 4424 3186 4477 sed
3213 4425 3377 4477 etiam
3410 4428 3462 4479 in
3493 4436 3728 4495 utroque

462 4514 740 4571 codicibus
774 4529 908 4567 mss.
942 4511 1339 4566 Parisieusibus
1374 4522 1427 4566 et
1456 4511 1575 4565 aliis
1601 4511 1823 4578 reperiri
1868 4512 2036 4565 adno-
2075 4521 2118 4574 1)
2150 4526 2257 4579 quo
2288 4529 2418 4568 usus
2450 4523 2532 4567 est
2560 4513 2677 4581 ipse
2708 4511 2982 4567 Morellius
3007 4515 3216 4567 codice.
3247 4516 3303 4567 In
3325 4531 3556 4584 quorum
3584 4518 3723 4571 alte-

466 4619 546 4663 tat
573 4608 821 4680 laudatus
848 4607 1121 4663 Usserius.
1158 4604 1333 4659 Verba
1368 4605 1484 4672 ejus
1524 4606 1770 4659 dabimus
1812 4620 2041 4658 numero

466 4700 793 4769 insequenti.
842 4700 1057 4754 Testem
1108 4713 1322 4767 quoque
1356 4698 1524 4752 alfero
1564 4698 1837 4752 laudatum
1880 4696 2040 4751 Nico-

466 4793 608 4846 laum
639 4791 848 4860 Nourry
880 4791 934 4845 in
964 4791 1241 4857 Apparatu
1262 4791 1332 4842 ad
1355 4788 1733 4841 Bibliothecam
1756 4791 2041 4842 maximam

464 4893 690 4935 veterum
731 4880 977 4943 Patrum,
1015 4880 1407 4934 Dissertatione
1424 4895 1475 4941 x,
1507 4879 1571 4932 de
1594 4878 1851 4947 Operibus
1872 4882 2041 4932 sancti

470 4974 715 5044 Dionysii
763 4973 1112 5041 Areopagita',
1164 4976 1340 5042 capite
1374 4973 1465 5026 22.
1495 4972 1624 5042 Ejus
1649 4973 1819 5026 aﬂero
1854 4976 2040 5038 verba,

467 5082 589 5137 qua:
625 5068 975 5132 castigatione
1018 5066 1278 5135 indigent,
1325 5083 1354 5121 a
1413 5068 1745 5138 lypographo
1790 5066 2043 5119 facillime

468 5160 807 5217 deformata?
837 5177 853 5209 ι
895 5159 1037 5213 Duos
1072 5158 1274 5227 pariter
1311 5162 1454 5214 nacti
1487 5174 1675 5213 sumus
1704 5160 1918 5213 codices
1938 5158 2043 5211 La-

473 5254 615 5307 tinos
638 5268 801 5305 manu
825 5262 1099 5316 exaratos,
1130 5251 1324 5321 quibus
1352 5251 1608 5319 (Opernm
1640 5252 2047 5321 Areopagitico-

474 5345 616 5413 rum)
644 5344 825 5398 versio
850 5342 1076 5399 Joannis
1109 5344 1431 5413 Scotigente,
1456 5358 1519 5395 ac
1550 5344 1657 5397 divi
1681 5343 1923 5408 Maximi,
1950 5342 2044 5397 Jo-

473 5438 739 5507 annisque
773 5436 1077 5506 Scotigena:
1117 5438 1293 5507 (error
1332 5439 1381 5491 1.
1428 5437 1570 5505 Lege
1598 5436 2044 5507 Scylhopolitani)

475 5539 615 5584 uola}
671 5542 726 5586 et
782 5530 996 5585 Scholia
1053 5531 1394 5587 exhibentur.
1438 5530 1653 5586 Primus
1701 5530 2048 5585 Bibliothecae

475 5621 678 5693 Regiis,
712 5632 766 5678 et
796 5627 1066 5680 secundus
1101 5625 1442 5680 Colbertinus
1471 5648 1481 5679 :
1508 5624 1647 5678 alter
1670 5625 1736 5677 ab
1758 5624 1913 5678 annis
1937 5625 2046 5678 cir-

2150 4621 2210 4659 ro
2236 4606 2299 4657 ad
2329 4608 2624 4675 marginem
2657 4618 2781 4660 sunt
2814 4609 3061 4675 apposita
3112 4605 3339 4660 Joannis
3367 4606 3691 4678 Scythopoli
3713 4641 3727 4651 -

2154 4699 2261 4750 Iani
2292 4699 2409 4752 sine
2442 4700 2662 4753 nomine
2693 4699 2946 4762 Scholia;
2992 4702 3043 4753 in
3078 4701 3251 4754 altero
3293 4715 3424 4754 vero
3468 4703 3723 4767 seorsim,

2150 4801 2273 4858 post
2312 4790 2617 4845 absolutum
2653 4800 2858 4845 textum
2886 4793 3153 4860 integrqu
3184 4792 3446 4862 Dionysii,
3504 4793 3723 4846 Maximi

2151 4883 2369 4935 nomine
2394 4883 2647 4950 insignita
2680 4882 2932 4947 Scholia;
2960 4898 3023 4935 eo
3048 4882 3316 4947 breviora,
3351 4886 3491 4953 quod
3521 4885 3589 4937 ab
3612 4900 3726 4937 am-

2153 4973 2415 5042 plior.bus
2453 4972 2697 5036 Joannis,
2742 4989 2862 5025 cum
2894 4973 3091 5041 quibus
3122 4987 3187 5026 ea
3218 4974 3497 5041 conjuux:t
3530 4975 3728 5030 More!-

2150 5065 2277 5131 lius,
2309 5081 2556 5135 separata
2585 5066 2822 5119 fuerant.
2855 5065 3026 5119 Porro
3048 5067 3261 5136 vulgata
3303 5067 3391 5119 illa
3423 5068 3729 5135 Scythopo-

2156 5159 2307 5212 litani
2354 5158 2598 5222 Scholia,
2630 5159 2821 5211 eadem
2866 5158 2954 5212 illa
2989 5158 3102 5227 ipsa
3134 5168 3262 5211 sunt
3308 5174 3427 5225 qua:
3470 5158 3728 5228 Dionysio

2154 5250 2524 5303 Alexandrino
2564 5250 2631 5304 ab
2661 5248 2783 5303 aliis
2828 5259 2953 5304 sunt
3000 5251 3255 5304 attributa
3286 5267 3299 5304 :
3334 5252 3476 5318 quod
3508 5267 3575 5304 ex
3604 5268 3730 5305 sen-

2159 5344 2324 5397 tentia
2350 5359 2381 5397 a
2405 5343 2776 5413 Cyparissiota
2807 5358 2872 5396 ex
2903 5342 3140 5413 Dionysii
3177 5343 3413 5397 Scholiis
3436 5343 3599 5396 citata
3636 5360 3731 5412 pa-

2155 5443 2249 5498 tet,
2284 5451 2403 5504 quae
2439 5436 2491 5487 in
2530 5433 2762 5487 Scholiis
2793 5434 2912 5487 istis
2956 5437 3175 5488 totidem
3215 5435 3393 5488 verbis
3432 5436 3726 5502 reperitur.

2155 5529 2317 5581 Istam
2351 5544 2477 5582 vero
2502 5529 2827 5583 sententiam
2862 5527 3314 5598 Scythopolitani,
3368 5542 3472 5579 non
3508 5527 3729 5580 Maximi

2154 5636 2296 5687 esse,
2326 5621 2493 5691 liquet
2526 5634 2590 5675 ex
2622 5618 2815 5673 Latina
2848 5620 3096 5676 versione
3120 5617 3471 5673 Scholiorutn
3499 5618 3733 5687 Scytho-

550 5786 625 5855 (3‘;
673 5785 800 5841 Vide
850 5786 1171 5859 Palrologia:
1231 5786 1432 5843 Latina:
1480 5796 1609 5842 tom.
1649 5783 1883 5849 CXXIX,
1944 5781 2045 5837 col.
2086 5781 2209 5839 757.
