3916 6234
234 260 306 315 65
1611 259 1635 320 ἶ
1656 263 2153 335 ROLEGOMENA.
3426 274 3497 331 66

236 374 474 441 politani
502 391 530 426 a
568 375 807 432 Roberto
836 378 1091 448 episcopo
1116 380 1480 437 Lincoluiensi
1508 380 1741 438 lacta.et
1772 399 1823 437 m
1853 402 1891 453 Α
1930 384 2002 437 tio
2034 385 2220 450 (verba
2250 392 2377 435 suat
2399 381 2676 453 Leqaieni)
2711 386 2776 438 ab
2812 384 2915 439 alio
2949 393 3167 441 auctore
3210 390 3378 444 indita
3416 396 3498 447 eis

236 465 575 521 bibliotheca
608 468 823 539 collegii
857 470 1112 539 Corporis
1141 472 1343 528 Christi
1376 474 1515 542 apud
1547 473 1823 529 Osciiicn-

234 572 328 611 ses
353 573 493 611 mss.
518 568 822 625 asservata,
858 562 912 615 in
945 578 1046 630 qua
1085 565 1370 629 reperitur.
1408 586 1425 616 ι

308 648 470 703 Hunc
503 650 715 705 Usserii
748 653 925 707 locum
952 655 1151 708 indicat
1174 656 1334 711 Joan.
1358 658 1615 712 Albertus
1636 660 1825 713 Fabri-

234 742 359 795 cius
393 744 447 795 in
475 741 805 799 Bibliotheca
837 743 1044 809 Crwca,
1088 746 1227 804 libro
1258 765 1312 817 v,
1358 753 1537 821 Capite
1568 754 1621 815 I,
1670 770 1822 810 num.

234 834 290 891 6,
324 832 565 901 allegata
602 836 845 903 ejusdem
878 837 1083 892 Usserii
1120 839 1503 894 Dissertatione
1533 844 1597 894 de
1623 841 1793 911 Diony

233 926 313 976 sio
344 939 364 977 :
394 940 584 992 quam,
615 928 812 994 inquit,
860 929 928 985 II.
964 929 1299 986 Whartouus
1329 934 1499 986 edidit
1527 936 1594 986 ad
1617 934 1822 987 calcem

236 1015 358 1069 libri
393 1017 471 1069 De
493 1018 777 1082 scripturis
800 1026 1068 1091 sacrisque
1092 1025 1404 1079 vernaculis.
1427 1027 1604 1080 Vitam
1634 1028 1827 1095 agebat

236 1112 501 1170 laudatus
542 1117 839 1183 Robertus,
892 1118 1286 1173 Lincoluiensis
1322 1121 1629 1189 episcopus,
1665 1123 1825 1174 tertio

235 1204 455 1259 decimo
481 1208 704 1272 szeculo,
752 1209 1029 1279 vitamque
1073 1213 1425 1265 commutavit
1475 1228 1598 1265 cum
1654 1223 1826 1266 morte

238 1309 386 1349 anno
418 1299 582 1365 I255,
617 1303 762 1371 apud
791 1304 1037 1357 eumdem
1064 1302 1373 1357 Fabricium
1409 1304 1460 1357 in
1504 1302 1825 1355 Bibliotheca

238 1388 435 1442 Latina
465 1394 658 1446 media:
683 1406 729 1447 et
758 1397 952 1463 infima:
985 1400 1174 1449 (etatis.
1196 1395 1324 1463 ρυλε
1349 1411 1474 1451 vero
1501 1395 1701 1448 invehit
1726 1395 1828 1449 Us-

234 1488 423 1540 serius
455 1487 523 1540 de
560 1486 991 1557 Scytliopolitani
1031 1488 1265 1543 Scholiis
1300 1488 1557 1558 Dionysio
1590 1488 1825 1544 Alexan-

235 1580 404 1632 drino
428 1581 734 1643 attributis,
768 1581 943 1650 deque
972 1584 1239 1638 sententia
1269 1583 1669 1654 Cyparissiotaa,
1698 1585 1824 1638 dili-

233 1666 473 1734 gentiori
501 1683 631 1721 cura
655 1670 1008 1736 expendimus
1032 1678 1129 1725 nos
1152 1672 1203 1725 in
1231 1671 1617 1729 Dissertatione
1640 1684 1821 1729 nostra

233 1773 381 1825 saepe
412 1759 609 1820 citata,
635 1761 815 1825 capite
848 1760 904 1818 5.

305 1851 460 1903 Inter
484 1852 632 1905 edita
660 1850 879 1905 Scholia
914 1863 1041 1907 sunt
1072 1853 1249 1924 aliqua
1284 1871 1402 1925 quae
1424 1856 1560 1910 satis
1586 1857 1821 1925 produnt

232 1946 546 2007 attetorem,
580 1959 685 1997 non
724 1943 1039 2009 Maximum,
1078 1947 1171 2001 sed
1212 1948 1399 2011 alium,
1431 1948 1617 2018 utique
1656 1947 1822 2001 Joan-

232 2047 358 2087 nem
395 2034 932 2104 Scythopolitanum.
980 2037 1210 2110 Egregie
1269 2056 1379 2093 rem
1427 2042 1683 2109 patefacit
1726 2040 1823 2094 Mi-

233 2127 396 2180 chael
447 2125 763 2197 Lequieuus
819 2130 873 2182 in
921 2128 1311 2185 Dissertatione
1350 2132 1734 2187 Daniascenica
1760 2149 1820 2187 ιι.

240 2237 257 2267 ι
290 2216 558 2287 Inprimis
586 2234 643 2273 se
685 2234 747 2273 ea
778 2232 958 2286 aetate,
989 2222 1149 2292 inque
1179 2237 1239 2277 ea
1275 2225 1492 2293 regione
1520 2226 1722 2280 vixisse
1745 2227 1821 2279 si-

234 2311 488 2378 gnificat,
524 2311 576 2364 in
607 2312 803 2379 quibus
826 2310 1252 2381 Origenistarum
1284 2316 1505 2370 haeresis
1530 2317 1825 2372 invalesce-

236 2409 338 2454 ret.
371 2400 515 2455 Nam
550 2404 600 2455 in
624 2411 787 2471 caput
813 2404 845 2456 7
873 2403 948 2457 De
984 2405 1336 2459 ecclesiastica
1379 2407 1697 2469 hierarchia,
1758 2411 1823 2464 ad

232 2508 295 2545 ea
327 2496 495 2547 verba
539 2509 702 2562 prope
738 2495 949 2548 initium
973 2496 1093 2549 τῶν
1119 2496 1187 2549 δὲ
1214 2498 1484 2566 ἀνιέρων,
1520 2518 1536 2550 ι
1571 2500 1819 2567 profano-

234 2599 355 2637 rum
380 2602 525 2649 vero,
555 2605 574 2636 ι
614 2588 897 2641 recensitis
920 2590 1308 2643 vetustioribus
1338 2592 1625 2656 haereticis,
1646 2593 1821 2646 Simo-

235 2691 306 2729 ne
336 2676 525 2747 Mago,
545 2677 862 2744 Menandro,
889 2680 1193 2743 Valentino,
1219 2681 1489 2738 Marcione
1512 2693 1567 2737 et
1589 2683 1822 2752 Manete,

234 2769 306 2822 de
364 2767 709 2842 Origenianis
766 2776 1045 2843 subjungit
1086 2774 1184 2827 καὶ
1221 2776 1338 2829 νῦν
1364 2775 1451 2841 δὲ,
1486 2779 1539 2830 ol
1563 2777 1680 2831 ἀπὸ
1706 2778 1825 2831 τῶν

246 2859 592 2931 Ὠριγέγους
638 2869 1065 2937 προερχόμενα
1109 2872 1336 2938 μύθων,
1393 2890 1411 2922 ι
1468 2882 1514 2926 et
1565 2890 1703 2926 nunc
1735 2877 1823 2945 qui

234 2958 502 3020 prodeunt
556 2956 860 3024 fabularum
909 2958 1153 3028 Origenis
1188 2971 1472 3016 sectatores
1521 2982 1539 3015 ι
1594 2966 1711 3029 vel,
1765 2975 1825 3021 ut

1928 490 2049 530 esse
2080 492 2185 530 non
2218 478 2413 546 potuit,
2448 489 2806 547 praeterquam
2849 495 2877 533 a
2914 478 3119 535 Joanne
3155 483 3498 553 Scythopoli-

1929 582 2075 635 tano,
2109 572 2199 639 qui
2234 572 2398 625 variis
2429 571 2646 637 scriptis
2687 588 2714 623 a
2751 572 2947 625 Basilio
2974 572 3162 638 Cilice,
3200 578 3497 630 Antioche-

1928 679 2008 714 nze
2058 664 2311 717 Ecclesiae
2361 666 2679 735 presbytero
2728 668 3039 726 lacessitus.
3090 669 3336 721 eumdem
3396 667 3499 723 Ba-

1927 753 2104 805 silimn
2144 764 2396 823 tanquam
2432 757 2864 809 versutissimum
2892 755 3222 810 tiestoriana:
3253 756 3499 825 impieta-

1931 839 1999 890 tis
2024 852 2461 908 propagatm-em,
2502 845 2878 898 antirrheticis
2899 845 3369 900 dissertationibus
3396 857 3502 899 tra-

1929 933 2184 995 duxerat,
2222 933 2387 987 vcluti
2422 946 2609 988 narrat
2641 935 2868 991 Photius
2895 937 2946 989 in
2979 936 3323 1003 Bibliotheca,
3373 944 3500 995 cod.

1929 1038 2029 1076 ην
2061 1032 2114 1076 CI
2143 1039 2271 1079 CVII.
2305 1042 2326 1074 ι

1997 1116 2177 1171 Priori
2225 1118 2275 1171 iii
2318 1120 2505 1173 codice
2554 1120 2717 1174 verba
2776 1131 2902 1176 sunt
2948 1122 3129 1176 Photii
3163 1142 3175 1177 :
3204 1123 3391 1177 Lectus
3417 1136 3496 1178 est

1930 1206 2163 1261 Joannes
2187 1208 2545 1279 Scythopolita
2562 1216 2985 1280 σχολαστικός,
3010 1217 3383 1285 scholasticus,
3401 1220 3497 1271 ad.

1927 1315 2102 1352 versus
2134 1299 2379 1355 Ecclesia:
2407 1304 2785 1358 desertores....
2838 1306 3054 1373 Scripti,
3100 1311 3155 1361 in
3181 1313 3320 1378 quod
3367 1310 3500 1380 Scy-

1927 1392 2178 1461 thopolita
2202 1395 2382 1446 scribit
2512 1396 2736 1463 fortasse
2759 1397 2991 1451 Basilius
3016 1398 3156 1453 Cilix
3187 1413 3262 1454 est
3290 1414 3495 1460 auctor.

1927 1484 1993 1538 Et
2016 1485 2124 1537 alio
2164 1486 2215 1536 in
2248 1487 2432 1540 codice
2472 1504 2487 1539 :
2528 1487 2715 1541 Lectus
2745 1500 2817 1541 est
2857 1491 2988 1543 liber
3030 1491 3242 1554 Basilii,
3276 1497 3493 1565 presby-

1929 1579 2025 1629 teri
2061 1577 2261 1641 Cilicis,
2292 1580 2538 1632 adversus
2563 1579 2822 1634 Joannem
2849 1581 3280 1651 Scythopolitam,
3325 1589 3410 1639 cui
3445 1594 3494 1639 et

1929 1668 2196 1723 Causidici
2221 1688 2426 1735 nomen,
2445 1675 2782 1741 Δικόλργον.
2812 1675 2985 1729 Unum
3010 1692 3146 1737 esse,
3170 1686 3225 1731 et
3247 1680 3494 1732 eumdem

1856 1743 1894 1799 Β
1924 1760 2186 1815 Joannem
2209 1761 2733 1831 Scythopolitauum,
2769 1765 2893 1816 licet
2929 1767 3086 1817 aliter
3107 1778 3157 1820 et
3187 1767 3345 1821 aliter
3400 1783 3498 1821 co-

1928 1856 2740 1923 gnomiuatum,Scholasticum
2798 1866 2853 1911 et
2908 1856 3273 1922 Causidicum,
3333 1876 3495 1928 grave

1925 1947 2131 2000 nullum
2170 1958 2551 2016 argumentum
2583 1949 2783 2014 obstat,
2810 1953 3101 2018 quominus
3141 1953 3490 2006 aﬂirmenius.

1923 2035 1981 2088 In
1998 2035 2186 2090 codice
2217 2038 2380 2104 priori
2407 2038 2519 2091 hinc
2549 2038 2851 2092 habentur:
2886 2039 3104 2105 Scripsit
3130 2042 3495 2112 (Scythopoli-

1924 2130 2105 2183 tauusl
2146 2138 2362 2196 rogatus
2420 2148 2452 2183 a
2505 2132 2806 2198 patriarcha
2846 2136 3096 2200 quodam,
3154 2136 3237 2187 cui
3276 2135 3497 2189 Iuliano

1924 2234 2129 2271 nomen.
2164 2217 2219 2272 In
2260 2222 2441 2274 sedem
2470 2222 2857 2275 Antiochenam
2888 2226 3202 2279 conscendit
3228 2225 3498 2293 Julianus,

1925 2321 2045 2378 post
2088 2310 2305 2365 Petrum
2334 2313 2687 2382 Cnaplueum,
2721 2330 2863 2368 anno
2900 2315 3028 2378 471,
3065 2331 3293 2387 eamque
3328 2323 3499 2373 tenuit

1925 2402 1991 2453 ad
2022 2417 2222 2456 annum
2249 2403 2373 2457 476.
2400 2402 2534 2457 Vide
2554 2405 2841 2458 Boschium
2876 2407 2951 2459 De
2972 2409 3293 2475 patriarchis
3316 2411 3499 2461 Antio-

1924 2495 2124 2558 cheuis,
2156 2495 2297 2547 inter
2327 2496 2457 2547 Acta
2508 2505 2834 2560 sanctorum,
2888 2506 3032 2551 tonio
3074 2498 3139 2551 IV
3186 2500 3334 2555 Julii.
3386 2501 3499 2556 Hoc

1926 2587 2110 2654 itaque
2144 2596 2383 2656 tempore
2427 2588 2591 2655 cmpit
2643 2588 3122 2658 Scythopolitanus
3179 2594 3230 2645 in
3276 2609 3496 2647 arenam

1926 2680 2259 2736 descendere
2312 2682 2587 2734 adversum
2647 2680 2897 2735 Ecclesia:
2945 2687 3252 2749 desertores,
3309 2696 3368 2738 ut
3424 2686 3501 2739 ait

1924 2772 2172 2839 Pliotius,
2198 2774 2302 2826 sive
2322 2784 2502 2826 contra
2530 2773 2797 2842 Eutychen
2818 2785 2863 2827 et
2884 2773 3216 2839 Diascorum,
3236 2777 3501 2844 ejusdem:-

1923 2882 2022 2935 que
2061 2876 2211 2920 secta:
2252 2867 2501 2921 asseclas.
2548 2867 2828 2920 Calamum
2861 2875 3048 2922 contra
3084 2869 3335 2922 Basiliqu
3365 2866 3498 2922 Cili-

1926 2972 2042 3013 cem
2095 2960 2272 3013 serius
2320 2959 2538 3011 videtur
2580 2960 2887 3012 strinxisse.
2942 2960 2996 3012 In
3037 2961 3142 3013 alio
3190 2961 3375 3015 codice
3423 2962 3502 3015 ait

235 3046 553 3103 Lansselius
575 3052 760 3117 vertit,
787 3061 942 3123 atque
975 3054 1130 3107 etiam
1155 3070 1293 3108 nunc
1316 3056 1380 3109 ab
1407 3055 1646 3126 Origenis
1662 3061 1823 3126 prod-
1847 3088 1894 3151 ε
1927 3050 2154 3151 Firmus
2188 3048 2460 3151 ΞΔΒαξίίίξιδ
2488 3047 2627 3151 cui?
2658 3048 2772 3151 [ξω.
2790 3051 3070 3117 Ρνεδθέμενν
3123 3060 3179 3101 αι
3216 3050 3362 3151 de.“
3392 3048 3501 3116 5P“

231 3150 363 3193 eunt
400 3140 643 3210 fabulis).
686 3144 851 3213 Atqui
893 3149 1067 3200 sancti
1126 3146 1342 3202 Maximi
1384 3166 1498 3203 :evo
1542 3153 1819 3208 exsoleve-

234 3244 363 3288 rant
397 3252 620 3303 prorsus
656 3236 1002 3307 Origenistae,
1032 3256 1099 3296 ex
1138 3258 1245 3312 quo
1282 3243 1540 3315 Origenes
1575 3263 1696 3301 cum
1740 3250 1826 3303 Di-

233 3328 424 3398 dymo,
454 3328 687 3399 Evagrio
711 3330 942 3402 aliisque
960 3335 1151 3389 horum
1175 3338 1338 3393 sociis
1361 3356 1387 3393 a
1410 3344 1595 3410 quinta
1622 3348 1825 3415 synodo

234 3424 526 3492 proscripti
549 3422 762 3479 fuerant
794 3443 808 3478 :
843 3428 978 3481 adeo
998 3438 1054 3481 ut
1081 3432 1276 3486 szeculo
1296 3439 1546 3502 septimo,
1581 3454 1689 3507 quo
1716 3441 1825 3494 Ma-

236 3516 422 3567 ximus
463 3513 712 3580 ﬂorebat,
762 3518 903 3570 nuda
947 3533 1133 3573 eorum
1182 3534 1490 3590 superesset
1538 3530 1822 3583 memoria.

231 3605 421 3663 tEtate
451 3624 583 3663 vero
632 3609 856 3666 Joannis
896 3610 1321 3684 Scythopolitaui
1369 3619 1551 3687 (quem
1611 3621 1823 3676 labente

236 3702 441 3754 saeculo
477 3710 633 3757 sexto
659 3694 927 3769 ﬂoruisse,
975 3706 1113 3761 infra
1144 3709 1489 3779 dicendum),
1516 3727 1702 3765 eorum
1737 3729 1824 3767 er-

236 3809 390 3847 rores
418 3810 518 3863 per
541 3798 872 3850 monasteria
903 3796 1199 3853 Palaestina:
1222 3804 1627 3871 grassabantur,
1653 3804 1825 3859 Leon-

239 3886 314 3939 tio
338 3887 575 3953 quodam
605 3887 924 3959 Byzantino,
950 3892 1176 3959 Joanne,
1204 3895 1407 3949 Isidoro
1430 3906 1483 3949 et
1508 3896 1698 3951 Nmmo
1726 3915 1823 3951 au-

234 3979 482 4032 ctoribus
524 3982 703 4038 :unde
730 3983 1063 4049 gravissimae
1094 3986 1283 4049 tui-hie,
1326 4002 1391 4041 ac
1441 3990 1695 4043 tumultus
1728 4006 1825 4059 per

234 4085 357 4121 eam
389 4083 606 4123 onmem
637 4076 910 4141 regionem
942 4076 1160 4129 excitati
1188 4084 1335 4131 sunt.
1367 4095 1384 4128 ι
1418 4079 1819 4147 Animadverte,

233 4158 455 4213 Scholia
499 4174 597 4213 sua
637 4161 782 4216 circa
824 4164 934 4217 iIII‘C
962 4173 1203 4235 tempora
1243 4167 1526 4235 scripsisse
1559 4168 1819 4224 Joannem

233 4253 778 4323 Scythopolitanum,
814 4264 997 4324 utpote
1049 4259 1141 4326 qui
1193 4258 1260 4312 de
1311 4258 1633 4329 Origenistis
1686 4263 1817 4332 agit,

232 4344 326 4411 qui
356 4359 500 4395 nunc
530 4345 791 4398 dicuntur
818 4350 1093 4415 prodiisse.
1138 4349 1403 4419 Tempora
1448 4353 1649 4407 certius
1681 4354 1817 4408 infra

230 4435 546 4489 deﬁnienda
577 4447 725 4491 sunt.

298 4527 423 4583 Alia
452 4528 560 4581 duo
601 4539 728 4583 sunt
766 4531 971 4585 scholia
1002 4548 1124 4602 qua}
1155 4535 1389 4603 produnt
1419 4547 1719 4593 auctorem.
1758 4538 1813 4592 In

224 4632 399 4689 caput
428 4622 463 4674 7
511 4620 586 4675 De
612 4624 805 4675 cmlesti
835 4624 1153 4692 hierarchia,
1186 4628 1253 4679 ad
1290 4642 1351 4679 ea
1386 4630 1567 4693 verba,
1598 4633 1685 4696 εἷς
1720 4633 1819 4684 οὐ-

214 4714 476 4780 ρανούς,
510 4714 564 4766 in
586 4716 769 4775 caelos,
802 4726 927 4768 nota
962 4717 1040 4769 sic
1063 4717 1580 4787 appingituruNota
1624 4732 1816 4777 contra

226 4807 541 4860 Basilianos
572 4817 623 4861 et
654 4805 1007 4863 Nestoriauos
1030 4808 1214 4863 Jesum
1238 4811 1538 4877 Christum,
1561 4814 1613 4867 in
1648 4816 1818 4871 cados

222 4910 594 4965 assumptum,
636 4902 937 4955 secundum
972 4903 1112 4971 quod
1150 4903 1311 4957 homo
1342 4916 1447 4969 est,
1480 4919 1599 4959 esse
1632 4905 1816 4960 Domi-

220 5007 359 5046 num
412 4991 833 5061 intelligibiliuin
890 4995 1158 5057 omnium,
1191 5006 1370 5050 etc...
1436 5006 1625 5049 contra
1690 5012 1817 5051 vero

218 5083 536 5152 Acephalos
569 5096 620 5138 et
649 5083 1035 5153 Eutycltianos,
1085 5088 1225 5154 quod
1263 5090 1514 5157 quamvis
1553 5088 1816 5143 Dominus

150 5226 154 5230 Α
221 5176 518 5240 virtutum,
553 5191 715 5229 verus
744 5186 798 5230 et
835 5177 1157 5233 manifestus
1190 5183 1371 5233 homo.
1404 5196 1423 5229 ›
1459 5181 1589 5233 Item
1634 5180 1687 5232 in
1720 5196 1813 5233 ca-

221 5275 321 5333 put
358 5264 391 5316 7
428 5265 504 5319 De
536 5268 893 5321 ecclesiastica
930 5270 1254 5335 hierarchia,
1300 5270 1365 5323 ad
1398 5286 1460 5325 ea
1495 5272 1681 5334 verba,
1718 5270 1818 5323 καὶ

221 5358 417 5426 ἱεράν,
442 5373 489 5412 et
520 5378 752 5424 sacram,
782 5362 895 5417 haec
922 5362 1283 5429 subjiciuntur
1311 5380 1325 5417 :
1357 5382 1375 5415 ι
1412 5366 1635 5419 Sacram
1668 5366 1817 5443 theo-

223 5456 429 5523 logiatn
461 5455 640 5509 dicit:
674 5454 751 5509 Tu
790 5474 843 5509 es
885 5456 1129 5511 Christus
1169 5457 1345 5511 Filius
1385 5459 1481 5511 Dei
1528 5461 1645 5522 vivi,
1673 5459 1817 5529 quod

224 5548 531 5601 notandum
562 5558 643 5602 est
681 5558 875 5602 contra
903 5548 1226 5614 Basilianos,
1273 5561 1329 5604 et
1358 5550 1729 5615 Nestorianos,
1763 5561 1818 5605 et

224 5640 617 5707 Paulianistas,
652 5652 702 5695 et
730 5642 955 5696 similes.
1003 5662 1022 5693 ι
1055 5644 1261 5708 Quibus
1293 5647 1344 5697 iu
1384 5644 1515 5698 locis
1538 5642 1818 5697 Nestoriu-

222 5750 322 5790 nos
352 5734 510 5790 vides
559 5734 733 5791 dictos
778 5735 1097 5792 Basilianos.
1145 5756 1162 5790 ε
1200 5736 1325 5793 Ilaec
1356 5748 1537 5793 autem
1569 5737 1813 5806 appella-

1928 3142 2173 3210 aﬁirmat,
2197 3140 2532 3193 Antiocheam
2570 3138 2838 3201 Ecclesiaz,
2873 3154 2982 3208 quo
3009 3150 3235 3207 tempore
3257 3141 3499 3192 thronum

1928 3234 1999 3285 ibi
2044 3233 2245 3284 tenebat
2296 3229 2611 3293 Flavianus,
2662 3229 2986 3299 Romanique
3047 3230 3250 3283 clavum
3295 3231 3501 3297 imperii

1928 3324 2262 3379 Anastasius.
2292 3322 2581 3389 Imperium
2617 3322 2785 3374 tenuit
2808 3323 2907 3374 iste
2928 3324 2995 3374 ab
3022 3336 3164 3373 anno
3190 3320 3285 3374 491
3315 3322 3380 3373 ad
3406 3336 3502 3373 an-

1930 3430 2055 3468 num
2082 3413 2207 3467 5l8.
2255 3412 2354 3478 Qui
2402 3426 2531 3463 vero
2560 3409 2851 3463 Flavianus
2890 3410 3090 3464 dicitur
3128 3408 3503 3462 Autiochenus

1926 3504 2262 3574 patriarcha,
2311 3503 2631 3572 intelligitur
2663 3502 2823 3569 hujus
2849 3502 3084 3555 nominis
3110 3501 3399 3563 secundus,
3432 3500 3503 3553 ab

1927 3615 2072 3654 anno
2114 3600 2335 3653 circiter
2361 3597 2468 3651 499
2497 3598 2561 3650 ad
2589 3612 2788 3649 annum
2815 3595 2939 3649 512.
2981 3593 3197 3663 Optime
3226 3593 3502 3649 colla-rent

1925 3694 2129 3748 omnia.

1992 3785 2080 3838 III.
2111 3784 2231 3837 Jam
2256 3798 2385 3853 ergo
2410 3782 2551 3835 inter
2578 3781 2722 3835 edita
2751 3782 2854 3835 sub
2885 3780 3045 3834 unius
3068 3779 3287 3833 Maximi
3329 3780 3501 3832 nomi-

1928 3894 1996 3933 ne
2030 3878 2271 3944 Scholia,
2318 3876 2492 3929 locum
2536 3874 2736 3928 habent
2771 3874 2891 3928 sine
2921 3874 3082 3928 dubio
3122 3890 3240 3942 qua:
3277 3876 3502 3943 scripsit

1924 3977 2168 4031 Joannes
2200 3971 2701 4044 Scytbopolitanus,
2738 3970 2959 4026 confusa
2984 3986 3105 4025 cum
3128 3972 3354 4026 eisdem.
3405 3970 3503 4023 Mi-

1928 4084 2029 4123 nus
2058 4079 2315 4123 accurata
2347 4066 2567 4136 profero
2598 4064 2761 4119 verba
2788 4064 2991 4119 Nicolai
3024 4064 3236 4118 Nourrii
3267 4064 3383 4119 loco
3410 4078 3505 4119 su-

1926 4162 2113 4232 perius
2144 4161 2338 4215 citato.
2381 4178 2398 4211 ι
2431 4160 2486 4213 1η
2512 4159 2698 4212 codice
2725 4156 3063 4218 Colbertino,
3094 4172 3253 4209 manu
3273 4165 3505 4211 exarato

1923 4271 2098 4309 mense
2154 4253 2437 4311 Januario,
2491 4252 2625 4319 feria
2671 4251 2915 4315 septima,
2968 4249 3248 4301 indictione
3290 4249 3497 4317 quinta,

1925 4366 2063 4402 anno
2101 4347 2283 4399 mundi
2307 4344 2465 4409 6500,
2509 4345 2559 4397 id
2590 4353 2673 4398 est
2708 4344 2909 4397 Christi
2943 4342 3067 4405 992,
3113 4342 3335 4410 adjectie
3372 4352 3502 4395 sunt

1854 4439 1900 4498 D
1929 4440 2113 4495 Sancti
2146 4438 2361 4493 Maximi
2393 4448 2553 4499 noue,
2582 4436 2649 4489 ab
2673 4436 2757 4489 his
2797 4450 2915 4503 qua:
2960 4434 3013 4487 in
3041 4435 3201 4487 editis
3231 4444 3495 4501 prostant,

1924 4534 2213 4604 plurimum
2240 4534 2683 4599 discrepantes...
2720 4529 2872 4584 Unde
2904 4538 3022 4581 orta
3065 4529 3135 4582 sit
3180 4530 3265 4581 illa
3294 4529 3501 4582 discre-

1922 4626 2103 4692 pantia
2134 4626 2177 4678 si
2207 4639 2382 4693 roges,
2414 4625 2562 4677 disce
2587 4637 2651 4677 ex
2682 4622 2951 4675 Anastasii
2984 4621 3293 4675 testimonio
3317 4620 3501 4691 (supe-

1924 4718 2034 4770 rius
2057 4717 2265 4781 allato),
2298 4731 2403 4785 quo
2442 4730 2499 4769 se
2529 4714 2746 4768 Scholia
2804 4712 2862 4768 S.
2911 4712 3129 4765 Maximi
3174 4721 3228 4765 et
3270 4711 3500 4767 Joannis

1922 4808 2352 4879 Scythopolitani
2403 4823 2431 4861 a
2487 4820 2545 4859 se
2603 4806 2831 4859 invicem
2880 4804 3216 4868 distinxisse,
3247 4804 3496 4859 aIIirmat.

1925 4901 2065 4955 IImc
2090 4900 2234 4953 enim
2264 4898 2508 4966 colliges,
2533 4913 2596 4951 ea
2629 4897 3002 4966 imperitorum
3028 4897 3379 4949 librariorum
3413 4897 3500 4949 iit-

1921 4996 2096 5059 curia,
2132 4991 2373 5063 potuisse
2398 4991 2557 5045 facile
2608 4991 2659 5044 in
2691 4990 2880 5044 codice
2924 4988 3236 5043 Colbertino
3269 4989 3502 5056 aliisque

1922 5088 2168 5156 pluribus
2206 5096 2536 5154 praepostera
2564 5082 2973 5151 perturbatione
3003 5082 3283 5136 confundi.
3315 5099 3335 5133 ι
3370 5084 3499 5146 Qui-

1926 5181 2028 5233 bus
2059 5179 2275 5232 videtur
2304 5178 2487 5232 verbis
2511 5187 2731 5245 putasse
2761 5174 3059 5239 Nourrius,
3085 5173 3500 5243 Scythopolitam
3554 5226 3557 5229 λ

1926 5271 2143 5327 Scholia
2171 5271 2315 5325 edita
2349 5271 2587 5325 nondum
2618 5282 2758 5333 esse,
2792 5281 2856 5321 ac
2894 5266 3069 5321 latere
3099 5266 3152 5319 in
3197 5264 3501 5320 codicibus.

1924 5365 2158 5419 Fallitur
2188 5365 2426 5433 egregie,
2462 5364 2538 5415 uti
2569 5364 2771 5416 dictum
2804 5371 2916 5416 est.

1994 5461 2305 5512 Admonere
2348 5468 2525 5510 tamen
2573 5456 2806 5524 pretium
2846 5462 2929 5507 est
2971 5467 3170 5519 operae,
3204 5452 3255 5504 in
3294 5449 3499 5503 Veneto

1921 5554 2111 5608 codice
2141 5562 2328 5606 nostro
2357 5551 2645 5605 Marciame
2675 5548 3017 5603 bibliotheca:
3034 5546 3220 5599 eadem
3255 5542 3496 5606 Scholia,
3539 5547 3547 5555 '

1922 5654 2041 5711 qua:
2067 5645 2208 5713 typis
2243 5643 2388 5696 edita
2416 5650 2565 5705 sunt,
2597 5640 2838 5693 auctiora
2868 5646 2922 5691 et
2944 5636 3206 5705 ampliora
3236 5636 3493 5703 reperiri:

1924 5752 2044 5807 quin
2092 5737 2276 5803 utique
2312 5734 2679 5789 additamenta
2732 5728 3007 5799 ortastabit
3064 5741 3200 5783 nova
3256 5740 3495 5795 possetis
