3916 6234
452 282 516 337 67

1584 297 1642 355 S.
1681 297 2058 362 DIONYSIUS
2092 303 2556 363 AREOPAGITA.

3639 322 3719 379 68

447 402 637 455 editio.
690 398 928 460 Jacobus
970 403 1255 464 Echardus
1309 408 1367 466 in
1428 408 1786 482 Scriptoribus
1835 417 1985 470 ordin

2093 418 2339 484 κᾶλλως
2361 436 2441 474 τε.
2478 421 2530 475 In
2569 433 2731 492 caput
2769 423 2863 490 lii,
2908 426 2975 481 ad
3009 441 3197 483 vacem
3228 430 3576 499 ῥᾳστώνην,
3623 450 3723 489 εει

453 490 892 560 Pradicatorunt,
931 506 1077 553 ιοιιιο
1102 497 1163 564 11,
1197 502 1264 555 ad
1312 518 1517 557 annum
1566 505 1725 573 1679,
1760 508 1813 561 in
1847 506 2028 562 Fran-

2130 513 2313 563 cunda
2363 516 2633 580 expositio
2683 516 2930 583 aﬂ'ertur,
2983 534 3105 573 cum
3146 522 3350 588 ἄλλως
3403 528 3719 593 prtemissn.

445 585 583 638 cisco
610 584 930 657 Combeﬁsio
960 594 1205 657 adnotat,
1236 598 1410 650 virum
1442 600 1918 667 prmclarissimum
1944 618 2033 658 re-
2130 599 2276 655 lulem
2324 612 2618 662 observare
2668 609 2797 663 licet
2847 613 2899 663 in
2954 623 3118 681 caput
3152 614 3187 667 2
3233 615 3307 667 De
3350 618 3719 672 ecclesiastica

448 674 677 743 liquisse
740 681 890 748 prelo
946 696 1195 752 paratum
1252 698 1455 742 tomum
1486 691 1548 744 ΙΙΙ
1582 691 2027 750 Auctariinovis-

442 769 562 821 simi
598 770 933 829 Bibliothecw
969 778 1271 832 buccarum
1322 778 1565 847 Patrum,
1619 784 1672 838 in
1713 802 1821 855 quo
1849 786 2025 843 locum

442 861 722 917 habuisset
775 866 989 920 Scholia
1043 871 1096 922 in
1144 870 1454 941 Dionysium
1499 877 1910 946 Areopagitam..
1961 898 2026 935 ex

440 952 621 1023 Regio,
661 956 1120 1028 Sandionysiano,
1160 980 1221 1015 ac
1263 964 1463 1030 duplici
1508 967 1789 1023 Mazarino
1828 973 2023 1025 codici-

436 1044 552 1107 bus,
606 1046 785 1100 multis
839 1062 997 1102 aucta
1053 1062 1100 1103 et
1138 1054 1433 1110 emendata.
1478 1055 1616 1110 Sunt
1665 1074 1857 1128 nempe
1888 1061 2024 1134 Scy-

439 1138 761 1207 thopolitani
798 1141 1037 1206 Scholia,
1078 1159 1199 1213 qua:
1227 1154 1409 1201 tamen
1454 1151 1520 1202 ad
1557 1148 1849 1207 Maximum
1881 1155 2021 1210 refe-

436 1233 590 1287 rebat
616 1235 698 1288 vir
720 1238 933 1293 doctus.

502 1326 721 1380 Addere
773 1328 898 1382 licet
945 1329 1393 1386 Contmentarium
1445 1338 1608 1390 etiam
1655 1340 1905 1408 fusiorem
1961 1344 2017 1397 in

430 1423 679 1482 quartam
718 1416 957 1488 Dionysii
994 1422 1322 1490 Areopagitae
1358 1425 1433 1476 sic
1470 1430 1620 1495 vulgo
1665 1433 1796 1485 dicti
1822 1434 2016 1502 episto-

429 1506 558 1570 lam,
589 1525 704 1575 qua:
733 1520 807 1562 est
837 1514 906 1563 ad
934 1512 1123 1567 Caium
1154 1531 1173 1581 ;
1202 1518 1345 1584 quod
1374 1532 1512 1587 Opus
1541 1520 1900 1580 Comhefisius
1920 1542 2014 1581 vo-

430 1612 521 1655 cat
550 1602 774 1659 Maximi
798 1613 1082 1675 genuinum
1133 1625 1199 1664 ex
1246 1614 1436 1669 codice
1467 1616 1659 1686 Regio,
1693 1620 1848 1689 idque
1881 1636 2010 1673 nus-

425 1710 584 1761 quam
636 1709 789 1749 antea
829 1699 963 1767 typis
998 1716 1267 1758 excusum.
1317 1704 1423 1759 Sed
1468 1707 1594 1761 illud
1637 1711 1841 1764 editum
1870 1713 2011 1782 typis

2126 693 2466 759 hierarchia,
2504 698 2569 751 ad
2610 699 2697 751 illa
2742 702 2939 765 verba,
2991 703 3279 773 intelligere
3315 710 3495 761 animo
3526 720 3574 760 et
3612 727 3715 761 ra-

2125 790 2304 849 tione;
2328 798 2381 840 et
2405 788 2455 841 in
2490 801 2651 859 caput
2680 790 2819 854 5,ad
2856 808 3040 857 voces,
3067 796 3121 848 in
3145 797 3350 863 alteris,
3379 809 3433 851 et
3461 801 3527 853 ad
3563 799 3712 859 illas.

2123 880 2251 932 dicit
2276 880 2366 948 qui
2392 880 2530 933 lotus
2555 892 2668 947 est;
2694 896 2749 937 et
2779 885 2830 937 in
2857 895 3017 953 caput
3039 886 3093 944 4.
3116 889 3181 940 ad
3208 892 3395 954 verba,
3420 900 3498 943 est
3520 893 3714 957 aliqua

2122 971 2362 1033 celestis,
2408 982 2464 1026 et
2494 974 2561 1026 ad
2609 974 2764 1039 illud,
2799 978 3177 1045 inferioribus;
3207 990 3262 1035 et
3292 982 3343 1035 in
3373 991 3537 1050 caput
3565 984 3601 1038 2
3629 985 3713 1038 De

2120 1064 2314 1117 divinis
2347 1067 2674 1132 nominibus,
2729 1070 2796 1122 ad
2826 1070 3012 1137 verba,
3045 1090 3236 1139 passus
3279 1076 3494 1140 divina;
3539 1088 3597 1131 et
3652 1078 3711 1132 in

2120 1165 2282 1222 caput
2308 1156 2364 1222 4,
2395 1160 2461 1210 ad
2494 1173 2676 1224 voces,
2704 1160 2800 1213 καὶ
2825 1163 3216 1234 ὑπερκὸσμιον.

2192 1247 2245 1300 In
2290 1260 2453 1317 caput
2493 1250 2547 1314 5,
2578 1252 2645 1305 ad
2670 1254 2861 1319 verba,
2896 1266 3067 1322 etest,
3102 1269 3150 1311 et
3179 1260 3314 1322 erit,
3350 1260 3527 1329 prima
3567 1260 3709 1314 sub-

2112 1334 2305 1403 jicitur
2334 1348 2495 1406 nota;
2534 1343 2642 1396 alia
2673 1344 2928 1412 sequitur
2964 1348 3159 1402 deinde
3186 1364 3311 1403 cum
3360 1350 3445 1403 his
3487 1350 3704 1416 verbis,

2115 1433 2196 1493 εἰς
2218 1430 2278 1484 τὸ
2313 1432 2446 1487 αύτὸ
2471 1449 2485 1487 :
2511 1444 2565 1488 et
2610 1435 2662 1487 in
2700 1447 2863 1505 caput
2896 1439 2947 1502 7,
2994 1441 3061 1493 ad
3106 1455 3300 1504 voces,
3338 1452 3388 1495 et
3429 1443 3711 1513 imagines

2112 1526 2396 1594 quasdam.
2426 1526 2550 1581 Hmc
2584 1544 2713 1583 vero
2746 1532 2879 1586 satis
2910 1546 3073 1588 sunt:
3103 1550 3203 1589 nec
3229 1535 3376 1589 enim
3409 1538 3620 1590 diutius
3644 1538 3705 1592 in

2116 1616 2203 1670 his
2253 1617 2528 1673 immorari
2563 1620 2728 1687 licet,
2757 1638 2879 1692 qua:
2918 1626 3033 1681 sola
3070 1628 3321 1682 codicum
3356 1629 3710 1699 inspectione

2115 1705 2449 1772 deprehendi
2472 1717 2588 1763 tuto
2617 1723 2870 1780 possunt.

426 1784 623 1838 Oxonii
657 1786 787 1841 1681
826 1793 1129 1859 putaverim
1152 1808 1251 1863 ego
1280 1795 1331 1848 in
1365 1796 1673 1865 Appendice
1695 1802 1765 1854 ad
1784 1800 2009 1857 Joannis
2040 1803 2082 1857 B
2186 1798 2250 1853 ν.
2295 1800 2379 1853 Ad
2430 1812 2710 1857 amtorem
2742 1805 3008 1861 Joannem
3044 1807 3561 1879 Scythopolitanum
3583 1814 3708 1868 red-

425 1876 573 1930 Scoti
612 1877 850 1947 Erigena!
873 1883 1032 1937 libros
1062 1886 1289 1955 quinque
1335 1887 1410 1941 De
1457 1891 1715 1945 divisione
1762 1904 2006 1951 natura”:

423 1968 511 2021 ubi
545 1980 723 2025 exstat
746 1970 937 2029 Grmce
970 1984 1024 2029 et
1057 1976 1274 2044 Latine,
1316 1978 1615 2049 interprete
1663 1984 1766 2037 Th.
1804 1984 2004 2052 Galzeo,

417 2058 620 2133 Anglo,
666 2061 901 2129 Epistola
956 2067 1129 2132 prima
1183 2069 1245 2123 S.
1274 2069 1498 2125 Maximi
1527 2075 1595 2125 ad
1624 2074 1876 2129 Thomam
1929 2081 2008 2131 vi-

419 2167 536 2204 rum
569 2164 809 2206 sanctum
851 2156 914 2207 de
949 2157 1172 2211 diversis
1198 2164 1599 2231 quazstionibus,
1657 2180 1720 2219 ac
1758 2176 2006 2236 prostant

419 2242 598 2311 capite
619 2242 652 2296 5
683 2244 914 2301 fusiores
935 2248 990 2300 in
1018 2250 1292 2316 epistolam
1320 2264 1565 2319 quartam
1593 2259 1662 2309 ad
1692 2256 1882 2311 Caium
1902 2265 2002 2316 sub

416 2334 660 2403 ejusdem
700 2336 916 2390 Maximi
954 2341 1172 2394 nomine
1195 2342 1608 2401 Commentarii.

486 2424 575 2479 IV.
619 2427 700 2481 An
735 2444 863 2485 vero
906 2429 1126 2486 Maximi
1161 2433 1402 2502 Scholia,
1435 2448 1491 2493 et
1527 2455 1587 2494 ea
1632 2456 1752 2511 qua:
1778 2442 2001 2512 scripsit

415 2515 923 2586 Scythopolitanus,
952 2534 1183 2592 utraque
1214 2529 1441 2583 confusa
1478 2532 1530 2584 in
1570 2534 1753 2597 editis,
1798 2535 1997 2589 indicia

417 2612 640 2677 fuerint,
668 2631 788 2683 quae
822 2619 1146 2672 secernant?
1200 2621 1275 2673 Ea
1302 2623 1520 2689 quidem
1554 2625 1880 2680 Anastasius
1908 2624 1997 2679 Bi-

411 2705 800 2761 bliothecarius
841 2708 1262 2773 prudentissime
1291 2713 1357 2768 ab
1387 2716 1619 2769 invicem
1649 2717 1883 2772 discreta
1911 2720 1995 2773 in-

412 2809 746 2867 terpretatus
781 2808 883 2867 est,
938 2818 1285 2874 quatcunque,
1338 2807 1609 2875 inquiens,
1659 2810 1715 2862 in
1738 2810 1879 2863 calce
1908 2812 1993 2865 sui

406 2891 615 2960 signum
641 2892 817 2945 civica:
846 2895 1014 2946 crucis
1042 2895 1256 2961 habent,
1288 2914 1320 2948 a
1343 2898 1491 2951 beato
1520 2898 1754 2954 Maximo
1786 2902 1993 2971 confes-

406 3000 526 3037 sore
560 2995 607 3037 et
656 2987 912 3039 monacho
960 2988 1165 3042 inventa
1196 3005 1507 3056 narrantur,
1546 3004 1735 3047 cratera
1776 3011 1895 3049 vero
1925 2993 1985 3049 S.

404 3076 655 3141 Joannis,
680 3077 1101 3147 Scythopolitani
1131 3083 1387 3150 episcopi,
1429 3101 1539 3137 esse
1566 3086 1830 3153 feruntur.
1875 3088 1986 3141 Ea-

2111 1910 2178 1950 eo
2201 1935 2215 1960 ,
2262 1891 2330 1946 de
2361 1907 2470 1961 quo
2491 1895 2623 1949 satis
2647 1898 2885 1951 nondum
2923 1901 3222 1955 innoteseit
3249 1942 3263 1967 ,
3290 1905 3413 1971 quis
3454 1904 3545 1958 ille
3577 1904 3702 1957 fue-

2115 1985 2225 2034 rit:
2258 1996 2321 2036 ac
2358 1984 2617 2055 ingerunt
2652 2004 2786 2043 sane
2833 1989 3206 2047 diﬂicultatem
3264 2003 3375 2046 tum
3408 1996 3702 2050 Anasmsii

2109 2072 2228 2127 Bibl
2253 2077 2560 2143 othecarii,
2610 2090 2723 2133 tum
2776 2081 2956 2136 Photii
2995 2087 3249 2153 superius
3292 2087 3458 2140 allata
3497 2091 3698 2145 verba.

2104 2162 2370 2220 Joannem
2403 2167 2955 2239 Scythopolitanum,
2988 2176 3339 2232 Scholiorum
3378 2189 3698 2244 auctorem,

2106 2267 2265 2310 vocat
2289 2260 2595 2331 episcopum
2629 2265 2736 2331 ille;
2769 2268 2836 2322 de
2861 2267 3075 2325 Joanne
3098 2270 3558 2343 Seytlmpolitano
3581 2276 3701 2345 agit

2104 2347 2241 2414 iste,
2300 2366 2464 2420 quem
2531 2356 2692 2411 modo
2754 2358 3141 2416 Scholasticnm
3197 2367 3463 2433 appellat,
3523 2370 3699 2423 modo

2102 2438 2467 2511 Causidicum,
2531 2448 2677 2502 nulla
2734 2450 2946 2522 ingesta
2997 2456 3331 2526 episcopalis
3392 2460 3697 2531 dignitatis

2102 2535 2397 2593 mentione.

2174 2622 2537 2682 Nihilominus
2570 2628 2795 2687 Photius
2831 2634 2947 2702 ipse
2969 2635 3235 2695 Joannem
3259 2640 3692 2713 Scythopolita-

2099 2730 2226 2768 num
2256 2728 2522 2773 memorat
2556 2724 2852 2778 antistitem
2881 2729 3075 2783 codice
3102 2746 3362 2795 ccxxx",
3396 2736 3486 2789 ubi
3518 2735 3696 2791 refert

2096 2807 2404 2874 synodicam
2430 2812 2710 2879 epistolam
2734 2814 3026 2883 Saphronii
3043 2820 3478 2892 llierosolymitw
3527 2832 3697 2897 (con-

2097 2908 2177 2951 tra
2208 2897 2616 2972 Monothelitas,
2666 2922 2808 2961 anno
2834 2910 2938 2965 635
2970 2915 3283 2986 scriptam),
3319 2920 3372 2972 in
3420 2935 3528 2989 qua
3565 2937 3691 2976 me-

2096 2998 2341 3042 moratur
2388 2990 2572 3046 beatus
2623 2995 2859 3052 Joannes
2896 3003 3119 3057 antistes
3169 3004 3689 3079 Scythopolitantts,

2091 3079 2185 3145 qui
2209 3082 2354 3135 docet
2380 3094 2426 3135 et
2451 3088 2535 3151 pie
2558 3088 2622 3139 de
2648 3092 2847 3157 synodo
2873 3092 3298 3154 Chalcedonensi
3327 3104 3569 3169 scripsit.

405 3172 526 3224 dem
564 3184 780 3239 quoque
821 3186 925 3224 non
951 3173 1197 3237 confusa,
1234 3176 1330 3229 sed
1362 3176 1615 3231 distincta
1643 3188 1793 3244 sunt,
1820 3179 1987 3235 Usse-

2162 3169 2279 3235 Quo
2319 3188 2445 3229 vero
2480 3178 2524 3230 is
2570 3178 2813 3235 lloruerit
2865 3188 3149 3255 tempore?
3190 3191 3341 3246 Inter
3389 3196 3692 3263 episcopos

414 3262 494 3314 rio
526 3264 846 3329 adnotante,
883 3264 934 3316 in
977 3265 1216 3333 antiquis
1247 3266 1546 3334 codicibus,
1580 3279 1635 3323 et
1681 3270 1735 3322 in
1766 3282 1983 3340 utroque

401 3355 582 3407 codice
610 3370 710 3422 quo
742 3372 867 3408 usus
903 3366 978 3409 est
1007 3356 1281 3410 Morel/ins
1310 3373 1330 3421 ;
1367 3359 1421 3412 in
1464 3376 1687 3429 quorum
1718 3362 1885 3415 altero
1916 3365 1987 3415 ad

401 3448 689 3514 marginem
724 3458 844 3499 sunt
872 3448 1113 3517 apposita
1144 3446 1371 3502 Joannis
1403 3447 1827 3521 Scythopolitani
1873 3452 1984 3506 sine

401 3540 609 3590 nomine
632 3537 847 3591 Scholia
876 3554 895 3592 :
924 3540 978 3591 in
1002 3538 1169 3591 altero
1200 3555 1316 3592 vero
1337 3543 1578 3605 seat-sim,
1621 3552 1738 3607 post
1766 3543 1981 3596 absolu-

398 3639 509 3680 tum
536 3638 735 3681 textum
758 3632 1017 3699 integrum
1056 3631 1319 3703 Dionysii,
1362 3632 1587 3687 Maximi
1615 3637 1822 3689 nomine
1848 3637 1981 3689 insi-

394 3719 542 3787 gnita
575 3718 809 3774 Scholia.

466 3810 546 3861 Ad
579 3809 725 3878 ipsas
752 3811 895 3878 quod
921 3812 1115 3867 attinet
1141 3813 1429 3879 editiones,
1460 3815 1658 3870 indicia
1684 3825 1979 3872 occurrunt

394 3903 784 3957 distinctionis.
821 3902 876 3957 In
921 3905 1239 3959 Morelliana
1296 3908 1422 3961 anni
1471 3908 1612 3962 1562
1663 3910 1747 3963 his
1794 3910 1979 3964 verbis

395 3994 716 4050 inscribitur
750 3996 1013 4066 Prologus
1046 4015 1062 4050 :
1093 3998 1397 4066 Πρόλοογος
1447 3999 1553 4053 τοῦ
1589 4000 1762 4068 ἁγίου
1789 4000 1979 4063 Μαξί-

390 4105 527 4155 μου,
593 4085 635 4157 ἦ
694 4087 849 4141 κατά
902 4104 1097 4154 τινας,
1164 4088 1444 4142 Ἰωάννου
1505 4089 1609 4143 τοῦ
1673 4094 1975 4144 Σκυθοπο-

387 4180 583 4244 λίτου,
619 4196 640 4230 s
681 4178 942 4249 Prologus
970 4182 1139 4234 sancti
1159 4180 1407 4243 Maximi,
1444 4181 1539 4244 vel,
1563 4183 1848 4234 secundum
1873 4184 1975 4234 ali-

386 4290 539 4341 quos,
561 4271 790 4327 Joannis
823 4273 1265 4342 Scythopolitani.
1296 4290 1314 4323 ι
1336 4274 1414 4326 Ad
1441 4273 1583 4326 hunc
1608 4272 1755 4326 omni
1786 4271 1972 4341 procui

387 4367 550 4419 dubio
579 4365 858 4421 Scholinm
889 4366 1127 4435 pertinet
1154 4368 1205 4420 in
1237 4379 1344 4434 quo
1368 4365 1687 4434 Origcnistaa
1718 4366 1972 4418 dicuntur

2094 3262 2576 3335 Scythopolitanos
2628 3273 2680 3326 in
2734 3278 3115 3344 patriarchatu
3188 3262 3690 3355 Jerosolymitano.

2087 3352 2349 3411 Joannem
2402 3362 2758 3426 probabiliter
2813 3368 2956 3424 circa
3008 3385 3211 3428 annum
3265 3376 3374 3429 496
3406 3352 3691 3435 iccllocat

2087 3442 2395 3514 Lequienus
2426 3449 2478 3503 in
2513 3451 2731 3509 Oriente
2784 3456 3115 3525 Christiano,
3169 3474 3300 3520 tom.
3342 3466 3427 3520 Ill.
3459 3469 3571 3523 Res
3606 3471 3687 3524 ita

2086 3551 2146 3588 se
2178 3538 2375 3592 habeat
2402 3558 2417 3594 :
2465 3541 2691 3599 dubium
2728 3559 2911 3603 manet
2941 3553 3144 3618 adlmc,
3174 3572 3301 3609 num
3338 3558 3385 3611 is
3410 3560 3682 3614 confece-

2087 3626 2160 3679 rit
2190 3628 2413 3684 Scholia
2442 3632 2494 3685 in
2530 3633 2845 3693 Maximum.
2901 3639 3072 3696 Favet
3115 3659 3183 3714 ep
3210 3649 3447 3716 scopalis
3497 3653 3688 3722 digni-

2087 3725 2193 3786 tas,
2248 3721 2494 3789 ipsorum
2529 3732 2738 3783 auctori
2776 3733 2980 3788 tributa
3024 3737 3093 3789 ab
3121 3738 3417 3795 Anastasio
3464 3721 3685 3800 Biblio-

2086 3810 2358 3867 thecario:
2381 3824 2436 3868 at
2462 3830 2692 3887 sumpta:
2712 3836 2777 3875 ex
2800 3822 2994 3879 Photio
3019 3826 3363 3885 dillicultates
3390 3835 3681 3903 negotium

2085 3902 2344 3973 ingerunt
2389 3909 2531 3965 haud
2581 3912 2653 3964 ita
2713 3913 2848 3970 leve.
2906 3916 3190 3975 Laudatus
3240 3902 3564 3993 Lequienus
3621 3929 3678 3983 itt

2083 3992 2480 4051 Dissertatione
2534 3998 2929 4058 Damascenica
3000 4021 3038 4061 ll
3098 3992 3350 4065 tribuere
3407 4016 3680 4083 praedicta

2081 4083 2301 4139 Scholia
2343 4089 2555 4143 videtur
2580 4089 2776 4151 Joauni
2810 4095 3289 4168 Scythopolitano,
3324 4103 3599 4164 lacessito
3642 4127 3675 4163 a

2078 4176 2276 4231 Basilio
2313 4177 2507 4247 Cilice,
2566 4194 2622 4235 et
2668 4185 2841 4253 ipsum
2897 4191 3123 4259 scriptis
3155 4197 3273 4250 suis
3316 4197 3617 4255 lacessenti
3656 4220 3674 4258 τ

2077 4268 2170 4321 sed
2224 4270 2369 4325 hunc
2402 4288 2431 4325 a
2463 4272 2673 4329 Joanne
2718 4278 3119 4349 ScythOpoleos
3171 4288 3433 4356 episcopo
3477 4292 3680 4348 distill-

2077 4361 2191 4426 gnit
2225 4362 2274 4414 in
2308 4362 2525 4417 Oriente
2576 4366 2903 4428 Christiano.
2939 4372 3141 4437 Quidni
3190 4380 3533 4437 Anastasius
3574 4383 3675 4438 Bi-

386 4473 524 4509 ηηηε
552 4456 841 4526 promisse,
882 4458 934 4508 in
967 4455 1253 4511 palm-siina
1278 4455 1509 4510 scilicet.
1552 4453 1804 4520 Ejusdem
1846 4460 1972 4506 sunt
2007 4478 2050 4534 D
2080 4448 2468 4508 hliothecarius
2491 4465 2546 4507 et
2575 4455 2803 4511 Photius
2830 4464 3115 4517 conciliari
3168 4478 3394 4535 queant,
3430 4472 3476 4525 si
3513 4473 3678 4528 dixe-

383 4549 615 4614 scholia,
643 4549 800 4618 queis
832 4547 1141 4602 Nestoriani
1172 4546 1515 4616 appellantur
1543 4544 1825 4598 Basiliani.
1855 4544 1965 4598 Ad-

384 4648 540 4693 notat
587 4638 862 4703 Usserius,
905 4639 1123 4693 Maximi
1161 4638 1381 4693 Scholia
1436 4638 1672 4691 breviora
1717 4652 1859 4703 esse,
1908 4646 1963 4691 et

382 4732 642 4800 ampliora
689 4749 809 4801 quae
866 4734 1087 4801 scripsit
1146 4732 1643 4802 Scythopolitanus.
1691 4730 1843 4796 Quod
1888 4731 1960 4784 ita

382 4822 754 4892 intelligimus,
783 4835 839 4877 ut
871 4826 1034 4877 etiam
1069 4823 1399 4893 longiuscula
1430 4823 1678 4892 quaidam
1709 4821 1960 4877 confece~

383 4918 456 4970 rit
486 4915 769 4981 Maximus,
803 4927 859 4971 et
888 4933 994 4970 non
1022 4917 1196 4972 solum
1230 4917 1516 4979 breviora;
1564 4918 1658 4969 sed
1689 4925 1744 4969 et
1776 4915 1957 4969 brevia

376 5022 715 5078 quacunque
744 5011 1027 5078 scripserit
1053 5008 1553 5079 Scythopolitanus,
1576 5017 1750 5063 etnon
1779 5007 1955 5062 solum

377 5099 693 5171 prolixiora.
718 5100 719 5103 ’

449 5192 506 5246 In
539 5193 730 5247 eadem
761 5194 925 5247 verba
951 5195 1312 5263 eamdemque
1346 5194 1594 5249 auctoris
1623 5194 1951 5250 sententiam

373 5293 676 5339 occurrunt
719 5298 825 5338 non
857 5298 989 5337 raro
1026 5286 1150 5338 bina
1192 5285 1401 5340 scholia
1426 5328 1440 5351 ,
1476 5286 1708 5339 alterum
1744 5285 1955 5341 scilicet

342 5404 347 5411 -
375 5372 621 5441 Maximi,
640 5372 1079 5443 Scythopolitani
1105 5373 1362 5439 alterum,
1379 5375 1465 5429 his
1484 5375 1665 5432 verbis
1688 5377 1950 5444 discreta,

344 5465 605 5530 ‘wwc,
638 5474 694 5518 et
717 5464 807 5528 εἰς
831 5462 999 5516 αὐτό.
1051 5462 1322 5518 Nonnulla
1354 5465 1543 5533 accipe
1571 5464 1846 5533 exempla.
1894 5465 1951 5518 ln

373 5566 536 5624 caput
562 5556 628 5609 10
661 5554 736 5608 De
769 5555 961 5608 cretein
989 5555 1291 5609 hierarchia
1316 5598 1331 5623 ,
1367 5557 1434 5610 ad
1467 5555 1556 5610 illa
1591 5555 1779 5617 verba,
1808 5572 1952 5623 κρυ-

369 5647 623 5716 φιιὶιτερα
638 5644 776 5715 μέν,
813 5664 833 5697 ι
858 5646 1133 5700 occultiori
1157 5649 1388 5717 quident,
1419 5665 1437 5700 ι
1480 5656 1603 5717 post
1631 5647 1946 5716 longiuscu-

371 5734 479 5786 lam
505 5732 944 5799 adnotationem,
972 5735 1192 5789 additur
1216 5735 1321 5790 alia
1352 5738 1635 5805 praemisso
1660 5735 1942 5791 adverbio.

2075 4542 2266 4605 rimus,
2319 4543 2583 4598 Joannem
2617 4546 3163 4617 Scythopolilanum,
3199 4569 3359 4613 antea
3386 4565 3678 4618 scholasti-

2069 4647 2187 4683 cunt
2217 4643 2273 4686 et
2316 4640 2640 4689 causidicum
2668 4680 2682 4701 ,
2720 4644 2893 4694 virum
2928 4643 3301 4702 clarissimum
3347 4654 3418 4707 ob
3452 4660 3668 4727 scripta

2069 4722 2123 4774 in
2157 4724 2470 4782 desertores
2502 4729 2783 4800 Ecclesiae,
2810 4745 2865 4787 et
2894 4736 2946 4789 in
2984 4737 3247 4796 Basiliam
3284 4744 3519 4803 Cilicem
3544 4722 3673 4806 elu-

2066 4815 2320 4882 cubrata,
2354 4818 2554 4874 infulas
2582 4833 2767 4890 postea
2789 4826 3093 4884 obtinuisse
3117 4831 3381 4892 Ecclesia:
3418 4840 3671 4911 Scytho-

2064 4909 2349 4976 politanaz?
2386 4911 2654 4982 Tempora
2684 4924 3039 4978 conveniunt.
3069 4923 3339 4984 Joannem
3369 4950 3485 4989 sua:
3519 4954 3671 5006 pra:-

2064 5000 2231 5056 fuisse
2279 5004 2534 5061 Ecclesia:
2592 5011 2658 5063 ad
2717 5029 2922 5066 annum
2981 5017 3208 5075 circiter
3260 5024 3368 5078 518
3426 5000 3671 5086 adnotat

2064 5091 2411 5161 Lequienus,
2475 5114 2582 5166 quo
2636 5104 3023 5160 moderandam
3099 5126 3484 5184 assumpserat
3534 5138 3668 5178 eam

2062 5182 2432 5253 Theodosius,
2466 5193 2710 5259 epistola:
2738 5199 3035 5267 synodicze,
3065 5220 3233 5271 quam
3284 5182 3537 5269 Joannes
3572 5214 3661 5270 Je-

2061 5276 2480 5347 rosolymitanus
2519 5294 2709 5336 contra
2741 5284 3004 5345 Severum
3035 5293 3443 5357 Antiochenunt
3478 5308 3665 5375 dedit,

2057 5369 2397 5439 subscriptus
2427 5388 2569 5428 anno
2593 5376 2698 5430 5l8
2732 5395 2744 5429 :
2780 5381 3099 5452 Θεοδόσιος
3147 5389 3496 5462 ἐπίσκοπος
3547 5369 3665 5469 τῆξ

2055 5462 2529 5518 Σκυθοπολιτῶν.
2598 5467 2753 5523 Hunc
2800 5486 2931 5527 vero
2986 5477 3054 5529 ad
3097 5495 3304 5535 annum
3356 5462 3669 5555 pervenire

2054 5552 2174 5605 sine
2201 5554 2367 5609 dubio
2394 5560 2573 5625 potuit
2601 5558 2841 5617 Joannes
2876 5552 3376 5638 Scythopolitanus
3429 5584 3668 5638 Schola-

2053 5642 2225 5697 Sticus
2253 5653 2346 5697 aut
2370 5650 2699 5719 causidicus,
2726 5654 2818 5721 qui
2847 5655 2960 5723 jam
2992 5676 3141 5716 anno
3167 5664 3268 5719 471
3301 5670 3533 5727 circiter
3563 5691 3667 5731 ro-

2052 5749 2212 5809 gatus
2257 5753 2287 5793 a
2337 5738 2556 5799 Juliano
2611 5748 2928 5815 patriarcha
2962 5753 3315 5816 Antiocheno
3364 5766 3663 5826 calamum
