3916 6234
166 290 237 341 σε)
1526 280 2061 340 PROLEGOMENA.
3381 286 3447 340 70

162 407 480 462 strinxerat
507 403 799 458 adversum
847 400 1111 456 Ecclesiae
1143 400 1457 455 desertores
1478 440 1492 463 ,
1527 413 1593 452 ac
1620 397 1773 453 Basi-

160 500 302 553 lium
326 496 560 551 Cilicem
590 504 777 565 postea
806 496 1086 549 insecutus
1114 503 1220 549 est.

238 590 582 660 Dignissima
610 598 693 643 est
727 588 1211 643 animadversione
1232 586 1338 641 alia
1367 584 1761 655 chronologica

160 696 320 747 nota,
355 699 527 752 quam
558 682 718 737 offert
751 682 1030 735 adnotatio
1054 680 1306 749 superius
1328 678 1490 733 allata
1523 695 1670 732 nttm.
1702 678 1761 738 2.

162 779 217 830 in
256 791 388 844 cap.
435 777 488 843 7,
520 776 596 829 De.
620 775 973 829 ecclesiastica
1002 775 1328 838 hierarchia,
1353 774 1443 827 ubi
1477 788 1615 826 nunc
1637 790 1763 841 pro-

160 870 329 923 diisse
356 870 619 923 dicuntur
651 868 957 937 fabularum
988 866 1237 936 Origenis
1260 876 1544 921 sectatores
1569 865 1621 919 in
1657 864 1761 917 Pa-

164 962 409 1015 laestina.
445 960 652 1029 Nempe
697 961 879 1029 magni
926 968 1104 1013 motus
1134 960 1187 1012 in
1219 959 1563 1013 monasteriis
1594 958 1763 1013 Palze—

161 1054 328 1108 stinte
363 1069 513 1106 anno
553 1054 652 1107 53l
708 1067 809 1122 pro
855 1052 1203 1122 dogmatibus
1253 1051 1509 1121 Origenis
1548 1051 1757 1106 exciti:

161 1150 259 1200 5rd
286 1146 406 1215 jam
438 1154 602 1200 antea
634 1145 879 1213 incmpti,
936 1145 1133 1199 Nonno
1166 1146 1433 1199 monacho
1457 1145 1758 1209 incentore,

161 1239 257 1308 qui
290 1248 591 1307 propterea
618 1249 742 1292 ante
767 1255 965 1291 annum
1011 1237 1116 1291 518
1156 1238 1365 1308 ejectus
1408 1241 1759 1304 monasterio,

163 1342 224 1387 ut
279 1336 487 1388 iterum
549 1333 972 1395 restitueretur,
1035 1333 1149 1401 egit
1206 1334 1387 1386 eodem
1446 1350 1586 1386 anno
1637 1349 1760 1387 cum

159 1426 405 1489 Joanne,
445 1427 537 1495 qui
569 1425 700 1479 Elia:
748 1426 1074 1492 patriarcha:
1105 1425 1569 1496 Jerosolymitano
1597 1424 1763 1479 sull’e-

159 1531 286 1575 etus
320 1520 530 1574 fuerat.
574 1519 701 1575 llaec
736 1520 928 1575 latiore
955 1535 1210 1575 sermone
1240 1528 1466 1573 narrant
1508 1519 1763 1574 Norisius

160 1612 240 1665 De
263 1614 473 1681 synodo
499 1610 709 1679 quinta,
733 1611 913 1679 capite
932 1612 988 1675 1,
1006 1619 1061 1665 et
1086 1609 1289 1681 Pagius
1312 1610 1377 1663 ad
1404 1626 1605 1663 annum
1630 1610 1760 1674 552,

159 1722 313 1759 ιιιιιιι.
352 1707 411 1761 5.
447 1704 561 1758 Hoc
590 1705 758 1773 igitur
788 1714 1028 1773 tempore
1091 1704 1378 1758 verissime
1411 1702 1758 1758 Scholiorum

1790 465 1837 521 Α

2464 399 2694 458 CAPUT
2748 401 2833 457 IV.

1867 512 2151 568 Editorum
2183 515 2519 570 Scholiorum
2545 517 2800 570 nonnulla
2818 517 3086 572 Germano
3115 520 3442 585 patriarcha'

1935 587 2115 637 tribuit
2163 588 2329 641 codex
2358 605 2457 640 ms.
2505 588 2709 642 Veneta:
2751 588 3046 642 Marciana:
3074 591 3398 644 bibliotheca:
3422 610 3444 649 :

1933 672 2050 724 qua:
2094 660 2273 729 omnia
2299 660 2628 713 indicantur.
2692 660 3190 715 Animadrersioncs
3216 677 3234 714 :
3266 663 3447 729 conje-

1938 737 2106 797 crura:
2135 729 2199 779 de
2232 726 2494 781 Germano
2514 729 2820 795 patriarcha
2840 733 3035 783 invecto
3067 748 3160 797 pro
3181 726 3440 786 Maxilua.

1939 796 2071 871 Quis
2112 797 2203 851 ille
2252 799 2414 871 fuerit
2452 800 2749 852 Germanus
2800 796 3127 868 patriarcha.
3170 803 3291 853 Alia
3327 820 3444 871 qua

1936 866 2181 942 feruntur
2210 866 2351 942 apud
2396 866 2807 936 bibliographos
2831 874 2884 924 in
2922 871 3067 941 Opus
3107 866 3417 942 Areopagiti

1934 952 2049 989 cum
2083 939 2318 1003 Scholia,
2352 954 2704 993 recensentur.

1936 1050 1976 1107 Ι.
2036 1052 2436 1110 Nitidissimum
2492 1058 2638 1111 inter
2680 1057 2847 1115 alios.
2896 1058 2949 1111 in
3007 1060 3209 1125 quibus
3264 1058 3442 1129 Opera

1866 1144 2284 1214 Areopagitica.
2360 1157 2415 1200 et
2492 1146 2713 1202 Scholia
2774 1158 2902 1204 cont
2929 1162 3161 1215 nentur,
3225 1151 3444 1209 Venetae

1866 1231 1924 1287 S.
1960 1233 2125 1287 Marci
2173 1236 2518 1293 b:bliothecaa
2559 1240 2775 1293 codices
2809 1256 2968 1294 manu
3016 1252 3294 1297 exaratos.
3321 1260 3442 1298 cum

1863 1326 1967 1379 viri
2024 1329 2242 1396 quidam
2314 1332 2631 1398 peritissimi
2691 1338 3097 1401 expenderent,
3164 1352 3442 1391 versarent

1862 1422 2029 1473 etiam
2061 1436 2185 1491 ego,
2219 1437 2244 1475 s
2272 1421 2499 1489 ngnlare
2524 1425 2804 1493 quidpiam
2837 1428 3123 1480 addiscere
3165 1429 3348 1482 statim
3374 1444 3440 1483 ex

1862 1527 1928 1566 eo
1959 1514 2129 1579 licuit,
2165 1515 2309 1569 inter
2340 1514 2557 1569 Scholia
2604 1532 2799 1582 nempe
2849 1520 2901 1571 iu
2932 1518 3108 1586 Opera
3145 1522 3447 1590 Are0pagi-

1865 1604 1969 1659 tica
2006 1607 2230 1675 reperiri
2270 1609 2526 1662 nonnulla
2555 1650 2571 1674 ,
2619 1625 2739 1677 quze
2790 1611 3009 1666 cuidam
3040 1612 3313 1667 Germano
3350 1629 3444 1683 pa-

1865 1698 2118 1752 triarcha}
2167 1701 2568 1756 attribuuntur.
2630 1701 2877 1756 Primum
2920 1705 2974 1758 in
3021 1704 3210 1758 codice
3263 1704 3441 1758 locum

158 1810 359 1852 auctor
412 1800 682 1852 adnotare
730 1798 937 1866 potuit,
966 1814 1105 1851 nunc
1153 1799 1414 1866 prodiisse
1444 1797 1752 1867 fabularum
1790 1811 1829 1865 η
1864 1798 2013 1842 lenel
2036 1790 2173 1844 liber
2196 1789 2273 1843 De
2301 1792 2489 1845 divinis
2533 1794 2851 1858 nominibus,
2902 1797 3319 1865 marginetnque
3348 1811 3446 1849 ex-

157 1890 420 1960 Origenis
469 1901 798 1945 sectatores:
829 1891 975 1959 quod
1020 1891 1207 1959 utique
1254 1898 1464 1959 tempus
1519 1892 1757 1944 maxime

156 1985 427 2037 convenit
453 1981 680 2048 Joanni,
706 1984 929 2054 egregio
957 1985 1216 2053 scriptori
1255 1994 1452 2038 contra
1495 1982 1756 2036 Basilium

154 2073 412 2136 Cilicem,
448 2083 507 2129 et
537 2074 802 2129 Ecclesiae
840 2077 1174 2140 desertores,
1211 2091 1276 2131 ac
1306 2075 1759 2147 Scythopolitano

151 2169 451 2236 episcopo.
488 2166 565 2221 De
592 2168 704 2221 lato
740 2169 792 2222 in
826 2166 1116 2237 Origenem
1145 2184 1209 2224 ac
1241 2186 1413 2225 novos
1447 2170 1755 2227 fabularum

154 2262 275 2327 eius
328 2269 753 2315 consectatores
798 2262 1153 2315 anathemate
1180 2263 1234 2316 in
1264 2265 1472 2334 synodo
1516 2267 1752 2334 quadam

155 2350 785 2421 Constantinopolitana
813 2351 915 2405 sub
945 2350 1137 2405 Menna
1158 2392 1173 2413 ,
1208 2353 1361 2407 urbis
1387 2353 1548 2423 regite
1580 2356 1757 2424 patri-

156 2446 329 2498 archa
352 2486 371 2510 ,
401 2444 548 2499 inter
579 2459 783 2497 annum
827 2443 931 2499 558
955 2453 1011 2498 et
1043 2461 1247 2499 annum
1276 2447 1403 2512 544,
1432 2458 1559 2501 ante
1591 2463 1759 2518 syno-

156 2542 288 2592 dum
319 2540 579 2608 quintam
629 2539 1051 2601 tecumenicam,
1088 2538 1525 2595 luculentissime
1565 2550 1755 2595 contra

155 2632 394 2703 Pagium
445 2633 699 2700 aliosque
771 2630 997 2686 disserit
1052 2629 1368 2700 Lequienus
1425 2633 1478 2686 in
1543 2631 1757 2688 Oriente

156 2726 475 2782 Christiano
495 2767 512 2790 ,
539 2736 687 2782 tomo
710 2724 811 2791 111,
839 2726 893 2780 in
924 2725 1218 2779 Eustochio
1240 2727 1555 2795 patriarcha
1602 2725 1758 2783 Jero-

154 2821 525 2893 solymitano.

224 2914 550 2968 Theodosio
601 2912 1112 2985 ScythOpolitanam
1164 2913 1462 2969 Ecclesiam
1510 2925 1755 2985 regente,

155 3014 273 3058 erat
328 3006 557 3076 quidam
588 3004 897 3075 Scythopoli
942 3006 1291 3060 scholasticus
1322 3006 1584 3073 Joannes,
1642 3006 1757 3060 Ex-

153 3100 412 3167 pelleutte
480 3099 653 3167 ﬁlius.
707 3107 764 3152 ut
804 3099 1033 3167 legimus
1082 3103 1136 3155 in
1181 3100 1299 3154 Vita
1342 3102 1515 3154 sancti
1576 3099 1752 3164 Sabw,
1782 3145 1824 3201 Ο

151 3194 299 3260 apud
335 3191 698 3256 Cotelerium,
739 3192 793 3245 in
824 3191 1186 3246 Monumentis
1234 3190 1486 3246 Ecclesia:
1530 3190 1752 3257 Gra’cw,

156 3287 241 3337 vir
269 3286 446 3338 bonus
478 3294 528 3338 et
557 3286 737 3338 animo
766 3284 1125 3340 illuminatus.
1187 3287 1404 3355 Anceps
1433 3285 1603 3340 lueret
1649 3284 1753 3340 Le-

152 3376 403 3445 quienus
433 3391 505 3428 an
534 3376 641 3431 iste
686 3378 1041 3432 scholasticus
1074 3379 1313 3432 Joannes
1358 3377 1755 3449 Scythopolita-

156 3486 299 3536 nus,
354 3468 690 3536 Expellantur
750 3470 933 3539 ﬁlius,
995 3472 1103 3525 dici
1156 3472 1296 3527 idem
1360 3473 1556 3527 debeat
1628 3489 1752 3528 cum

152 3563 377 3617 Joanne
422 3559 871 3632 Scythopolitano
910 3565 1261 3628 scholastica,
1308 3580 1468 3635 quem
1526 3565 1756 3621 Photius

154 3668 437 3713 memorat
492 3657 686 3712 codice
729 3672 855 3711 xcv.
916 3658 1214 3714 Distinctos
1251 3661 1442 3715 ambos
1494 3661 1754 3713 evincunt

156 3752 381 3806 diversa
432 3750 725 3818 utriusque
781 3759 1064 3817 tempora,
1117 3765 1181 3805 ac
1216 3750 1431 3805 diversa
1470 3750 1755 3822 utriusque

155 3846 365 3907 studia,
399 3844 632 3897 alterius
678 3843 779 3896 viri
824 3843 943 3897 boni
974 3854 1023 3897 et
1052 3843 1233 3899 animo
1276 3844 1587 3906 illuminati,
1620 3845 1754 3899 alte-

157 3942 391 4007 riusque
421 3938 478 3990 in
515 3936 1009 4005 disceptationibus
1035 3937 1285 3991 innutriti
1320 3938 1610 3992 adversum
1656 3939 1755 3994 he-

160 4034 464 4090 terodoxos
492 4048 507 4085 :
542 4042 602 4084 ut
622 4035 739 4101 jam
768 4042 986 4086 constet
1016 4032 1214 4086 iterum
1237 4072 1252 4096 ,
1295 4027 1559 4087 Joannem
1613 4038 1750 4102 Scy—

159 4130 565 4200 th0politanum
611 4127 822 4192 Pbotii,
853 4126 1247 4181 scholasticum
1286 4137 1341 4181 et
1385 4128 1703 4182 causidico"
1734 4168 1749 4191 ,

158 4241 327 4279 unum
354 4240 501 4287 esse,
534 4235 590 4278 et
618 4239 786 4277 unum
811 4224 916 4277 dici
947 4238 1108 4292 po~se
1135 4238 1256 4276 cum
1287 4220 1497 4275 Joanne
1518 4220 1748 4274 Anasta-

157 4322 221 4375 sii
258 4319 689 4374 Bibliothecarii
717 4360 732 4382 ,
778 4320 1039 4388 episcopo
1072 4318 1546 4388 Scythopolitauo,
1578 4314 1753 4370 Scho‘

159 4416 357 4469 liorum
391 4414 447 4468 in
480 4412 863 4483 Areopagitica
907 4410 1082 4480 Opera
1136 4411 1422 4479 scriptore.
1476 4409 1531 4463 In
1581 4410 1745 4463 aliam

159 4510 308 4564 abire
340 4508 731 4578 conjecturam
758 4506 964 4575 placuit
995 4506 1129 4559 mihi
1167 4505 1218 4558 in
1246 4502 1637 4557 Dissertatione
1670 4503 1745 4556 ci-
1776 4487 1825 4547 υ

158 4612 294 4668 tata,
327 4603 517 4671 capite
544 4601 619 4665 4,
670 4616 823 4653 num.
856 4599 891 4652 2
915 4640 931 4662 ,
982 4599 1069 4655 cui
1108 4599 1243 4653 satis
1278 4596 1509 4651 fortasse
1534 4612 1595 4650 ea
1630 4596 1743 4649 lieri

155 4706 337 4765 potest
372 4697 615 4758 ratione,
648 4709 756 4763 qua
806 4694 1161 4747 Concordiam
1215 4690 1455 4745 Photius
1492 4692 1655 4751 inter,
1690 4699 1745 4743 et

156 4788 514 4843 Anastasium
566 4782 1057 4840 Bibliothecarium
1107 4783 1239 4836 iniri
1282 4796 1447 4853 posse
1480 4782 1746 4837 indicavi-

156 4899 292 4937 mus.
317 4879 600 4935 Βιιειὶοτίε
621 4879 886 4948 cujusque
914 4877 1185 4947 judicium
1217 4887 1357 4931 esto.
1386 4875 1741 4946 Compertum

153 4991 282 5031 vero
310 4990 379 5029 ex
423 4973 516 5028 his
558 4972 813 5026 omnibus
843 4970 960 5025 ﬁeri
993 4970 1232 5038 denique
1265 4969 1519 5035 videtur,
1548 4984 1743 5038 perpe-

153 5084 266 5123 ram
308 5084 337 5121 a
392 5066 679 5122 nonnullus
717 5064 885 5119 tribui
931 5063 1149 5119 Scholia
1193 5060 1389 5117 Joanni
1441 5062 1741 5128 Maxentio,

151 5166 557 5222 monachorum
596 5158 921 5228 Scytharum
975 5157 1277 5230 primipilo,
1317 5173 1416 5227 per
1449 5156 1566 5211 hate
1601 5166 1739 5211 tem—

154 5276 280 5330 pora
320 5260 498 5313 vitam
545 5256 766 5327 agenti,
810 5270 875 5310 ac
920 5267 1210 5323 perperam
1249 5251 1428 5321 ipsum
1472 5246 1739 5303 confundi

154 5371 272 5410 cum
301 5353 524 5410 Joanne
558 5350 1033 5423 Scythopolitano,
1062 5347 1147 5404 vel
1172 5348 1416 5418 episcopo
1498 5343 1582 5399 vel
1634 5342 1743 5397 Ba-

154 5451 256 5505 silii
288 5450 484 5507 Cilicis
519 5450 877 5505 insectatore.

1861 1889 2061 1931 ornant
2091 1880 2255 1934 Schol
2282 1895 2333 1933 a.
2367 1880 2493 1936 Haec
2518 1899 2649 1937 vero
2681 1884 2922 1938 occurrit
2955 1885 3115 1939 initio
3140 1896 3264 1942 nota
3298 1903 3445 1941 mar—

1862 1970 2059 2038 ginalis
2091 1987 2105 2023 :
2132 1974 2501 2041 Σημείωσαι·
2545 1973 2663 2028 ὅσα
2709 1975 2827 2043 μὲν
2885 1977 3139 2044 ἔχουσιν
3195 1979 3445 2048 ἀριθμὸν

1861 2064 2114 2130 σχόλια,
2145 2064 2264 2117 εἰσὶ
2290 2067 2603 2133 Γερμανοῦ
2631 2068 2997 2135 πατριάρχου
3016 2085 3027 2094 ·
3050 2069 3169 2123 ὅσα
3198 2071 3267 2123 δὲ
3294 2072 3444 2126 ἄνευ

1860 2155 2415 2224 ἀριθμοῦ,Μαξίμου
2437 2161 2730 2225 μοναχοῦ.
2772 2177 2791 2210 t
2832 2158 2972 2213 Nota
3003 2179 3023 2215 :
3058 2162 3189 2227 Qum
3240 2165 3442 2218 scholia

1864 2264 2144 2301 numerum
2192 2248 2422 2311 habent,
2465 2259 2588 2302 sunt
2634 2252 2885 2307 Germani
2932 2256 3289 2322 patriarchw;
3324 2275 3443 2327 qua:

1863 2355 2081 2393 numero
2108 2352 2315 2406 carent,
2354 2344 2423 2395 ad
2458 2342 2755 2397 Maximum
2790 2347 3105 2399 monachum
3130 2358 3389 2413 spectant.
3417 2370 3439 2402 ο

1860 2431 2070 2488 Novum
2107 2435 2237 2503 quid
2288 2436 2676 2490 ominabamur
2720 2452 2951 2503 omnes,
3002 2442 3145 2508 quod
3182 2440 3440 2498 Venetam

1859 2525 2156 2580 editionem
2193 2530 2432 2583 maxime
2464 2540 2801 2595 exornaret;
2830 2540 2888 2584 at
2915 2547 3041 2585 cum
3072 2535 3236 2589 editis
3276 2535 3445 2590 colla-

1862 2618 2008 2673 tione
2049 2618 2232 2683 facta,
2273 2619 2386 2687 jam
2437 2621 2578 2691 typis
2623 2637 2752 2676 cusa
2804 2634 3062 2691 prostare
3105 2628 3289 2681 omnia
3341 2630 3446 2685 sub

1862 2709 2022 2761 unius
2066 2707 2288 2765 Maximi
2338 2713 2594 2777 nomine,
2646 2720 2799 2768 certo
2844 2717 3314 2784 deprehendimus
3375 2736 3439 2774 ea

1861 2801 2101 2857 Scholia.

1934 2895 2155 2950 Scholia
2190 2910 2321 2951 vero
2374 2914 2480 2954 non
2513 2914 2682 2968 pauca
2731 2902 2987 2957 visuntur
3015 2918 3136 2971 qua:
3165 2904 3442 2973 alphabeti

1858 2989 2031 3045 Grzeci
2061 2990 2261 3045 litteris
2290 3001 2673 3053 numerantur,
2698 3008 2760 3047 ea
2784 2996 2998 3050 scilicet
3024 3011 3146 3064 qua:
3166 2995 3444 3053 Germano

1859 3082 2188 3152 patriarcha:
2222 3084 2537 3139 tribuuntur
2574 3084 2627 3139 in
2656 3085 2863 3140 codice.
2895 3087 2952 3141 In
2985 3097 3148 3157 caput
3177 3090 3201 3143 1
3231 3089 3311 3144 De
3336 3108 3443 3145 cte-

1859 3176 1978 3230 Iesti
2011 3176 2312 3231 hierarchia
2339 3188 2700 3232 numerantur
2728 3179 2855 3245 tria;
2879 3181 2932 3234 in
2966 3193 3133 3249 caput
3160 3182 3216 3247 2,
3252 3183 3439 3239 itidem

1861 3270 1998 3335 tria;
2031 3269 2083 3323 in
2111 3280 2276 3338 caput
2304 3270 2354 3335 7,
2389 3284 2527 3337 sex;
2563 3271 2616 3324 in
2646 3281 2809 3341 caput
2848 3272 2936 3339 12,
2973 3285 3231 3343 quatuor;
3264 3276 3318 3328 in
3348 3290 3444 3330 ca-

1857 3369 1955 3428 put
1986 3360 2053 3414 13
2119 3361 2309 3415 itidem
2354 3371 2631 3430 quatuor;
2662 3363 2717 3416 in
2741 3365 2951 3432 caput!
2990 3364 3065 3418 De
3087 3365 3442 3420 ecclesiastica

1857 3453 2162 3505 hierarchia
2191 3461 2319 3506 sunt
2351 3464 2585 3521 septem,
2624 3469 2687 3508 ac
2715 3456 2918 3513 iterum
2954 3458 3232 3526 quinque;
3266 3459 3319 3511 in
3348 3475 3442 3512 ca-

1859 3556 1954 3613 put
1979 3544 2015 3597 2
2037 3586 2053 3610 ,
2104 3545 2203 3598 tria
2226 3584 2243 3610 ,
2295 3560 2360 3600 ac
2392 3546 2588 3600 iterum
2632 3559 2880 3616 septem;
2914 3548 2967 3601 in
3002 3558 3167 3619 caput
3202 3550 3273 3613 5,
3306 3551 3438 3615 duo,

1858 3636 2167 3706 iterumque
2202 3638 2476 3707 quinque;
2526 3638 2579 3691 in
2615 3646 2781 3707 caput
2826 3639 2902 3705 4,
2952 3640 3223 3709 quinque;
3264 3641 3317 3695 in
3348 3657 3445 3696 ca-

1857 3738 1953 3796 put
1981 3728 2037 3791 6,
2067 3730 2170 3783 tria
2198 3746 2214 3794 ;
2250 3730 2301 3782 in
2330 3738 2498 3799 caput
2529 3729 2563 3782 4
2612 3728 2691 3782 De
2736 3730 2928 3785 divinis
2973 3733 3269 3786 nominibus
3311 3744 3442 3789 sunt

1856 3834 2080 3883 novem,
2110 3818 2421 3888 iterumque
2451 3818 2578 3885 tria,
2613 3834 2677 3873 ac
2704 3820 2903 3875 iterum
2930 3829 3190 3891 quatuor,
3219 3835 3284 3875 ac
3316 3836 3441 3875 rur-

1856 3924 1977 3963 sum
2029 3924 2224 3964 novem
2248 3949 2264 3972 ,
2297 3918 2354 3963 et
2404 3918 2595 3978 postea
2639 3918 2883 3978 septem;
2939 3911 2990 3963 in
3026 3920 3189 3978 caput
3223 3911 3274 3979 7,
3311 3913 3436 3966 tria.

1856 4002 2245 4073 llujuscemodi
2278 4002 2516 4058 Scholiis
2548 4013 2700 4057 caret
2744 4002 2884 4057 liber
2914 4001 2991 4056 De
3021 4006 3244 4072 mystica
3288 4003 3438 4057 theo~

1854 4097 2021 4166 logia.
2075 4096 2353 4165 Apparent
2404 4094 2505 4147 tria
2552 4095 2607 4147 in
2660 4093 2934 4161 epistolam
2987 4094 3060 4160 8,
3101 4094 3174 4147 ad
3224 4092 3437 4149 Titum:

1853 4205 2051 4245 caetera
2106 4187 2361 4241 Germani
2435 4186 2643 4240 scholia
2703 4200 2814 4240 non
2884 4186 3108 4240 habent.
3169 4184 3436 4239 Numeros

1855 4289 2023 4344 istos,
2076 4282 2149 4335 uti
2200 4290 2327 4334 sunt
2372 4278 2423 4332 in
2489 4279 2718 4343 codice,
2776 4276 2976 4333 Veneta
3022 4277 3189 4330 editio
3232 4291 3433 4345 reprae-

1851 4385 2048 4432 seruat.

1924 4470 1989 4524 ll.
2044 4468 2232 4536 Itaque
2288 4466 2332 4521 si
2387 4465 2563 4520 codici
2628 4462 2889 4533 prmdicto
2943 4461 3111 4525 ﬁdes,
3173 4475 3281 4515 non
3339 4460 3430 4513 uni

1853 4560 2128 4623 Maximo,
2174 4558 2269 4613 sed
2320 4573 2498 4627 neque
2526 4557 2691 4611 etiam
2728 4553 2923 4609 Joanni
2959 4552 3429 4623 St-ythopolitauo,

1850 4655 1999 4709 edita
2052 4651 2273 4707 Scholia
2318 4650 2613 4704 tribuenda
2647 4657 2810 4713 sunt;
2845 4646 2940 4700 sed
2990 4660 3181 4699 eorum
3216 4659 3432 4713 quoque

1848 4758 2060 4818 partem
2102 4746 2411 4802 Germanus
2442 4744 2751 4814 patriarcha
2798 4740 2900 4795 sibi
2939 4740 3203 4795 vindicat.
3241 4738 3428 4793 Fidem

1849 4844 2060 4899 colicis
2104 4843 2369 4897 roborare
2427 4840 2642 4892 videtur
2683 4834 2961 4891 adnotatio
3008 4832 3167 4887 Joan.
3218 4832 3429 4887 Albcrti

1848 4936 2086 4993 Fabricii
2147 4936 2200 4989 in
2246 4933 2573 4988 Bibliotheca
2628 4928 2816 4983 erca
2842 4968 2859 4993 ,
2896 4927 3035 4982 libro
3066 4943 3120 4991 v,
3158 4927 3337 4995 capite
3374 4927 3427 4990 1,

1848 5047 2003 5086 num.
2031 5029 2089 5094 6,
2127 5027 2217 5081 ubi
2250 5026 2332 5081 sic
2361 5025 2435 5078 ait
2461 5038 2474 5074 :
2501 5021 2751 5076 Cermaui
2776 5020 3095 5088 patriarcha?
3117 5016 3427 5072 Constanti-

1846 5122 2142 5195 nOpolitani
2187 5119 2408 5175 Scholia
2466 5118 2521 5170 in
2569 5115 2884 5168 bibliotheca
2942 5110 3204 5164 Vaticana
3253 5109 3427 5162 adhuc

1844 5225 2144 5275 servantur.
2171 5216 2252 5267 An
2276 5211 2466 5267 eadem
2490 5208 2698 5263 fuerint
2723 5220 2849 5260 cum
2873 5202 3073 5258 nostris
3090 5201 3114 5255 ?
3133 5199 3423 5254 Rationem

1843 5314 2119 5375 reddant,
2155 5305 2252 5377 qui
2285 5320 2449 5361 manu
2476 5314 2700 5357 versare
2724 5338 2740 5361 ,
2773 5306 2829 5352 et
2868 5293 3069 5350 intueri
3115 5292 3331 5359 oculis,
3360 5305 3427 5346 ac

1845 5414 2033 5461 mente
2070 5399 2387 5470 expendere
2432 5396 2648 5451 codices
2676 5390 2972 5446 Vaticanos
3016 5386 3231 5452 valent;
3291 5399 3426 5439 cou-

1837 5495 2073 5570 jecturis
2108 5488 2498 5561 indulgendum
2524 5485 2657 5541 mihi
2687 5493 2795 5540 est.

1916 5588 2128 5660 Stylum
2164 5600 2299 5654 ego,
2327 5590 2382 5636 et
2419 5577 2639 5635 modum
2663 5614 2680 5641 ,
2716 5590 2781 5630 ac
2812 5571 3120 5628 doctrinam
3170 5564 3423 5621 Scholio-

1845 5698 1967 5741 rum
1990 5726 2004 5751 ,
2039 5696 2161 5753 qua:
2190 5674 2389 5731 litteris
2419 5668 2695 5742 alphabeti
2744 5672 3027 5721 numerata
3064 5671 3215 5725 sunt,
3241 5664 3421 5712 atten-

1843 5788 1951 5832 uus
2001 5752 2129 5831 licet
2180 5766 2485 5837 expendunt
2509 5801 2527 5829 ,
2574 5759 2710 5817 nihil
2741 5766 2981 5813 attamen
3011 5752 3174 5807 Video
3208 5765 3321 5819 quo
3352 5761 3415 5802 ea
