3916 6234
528 289 585 344 Ἠ
1675 290 1730 344 S.
1770 287 2139 344 DIONYSIUS
2177 286 2633 349 AREOPAGHA.
3695 296 3776 351 7?.

527 405 631 459 dici
661 403 891 458 debeant
922 403 1165 473 profecta
1195 405 1264 459 ab
1297 403 1405 458 alio
1438 412 1680 469 auctore,
1709 406 1805 474 qui
1832 423 1939 460 non
1975 407 2095 459 fue-
2129 416 2171 467 Α

527 494 598 547 rit
626 493 920 561 Maximus,
963 504 1055 550 aut
1082 495 1323 551 Joannes
1354 495 1857 566 Scythopolitanus.
1894 498 2091 551 Eadem

527 600 623 652 pro
652 602 747 640 sua
772 588 966 655 peritia
995 589 1260 655 ponderet
1284 589 1502 656 sapiens
1530 588 1725 647 lector.
1747 599 1802 643 et
1826 588 2092 653 conferat,

526 692 590 729 ac
614 676 877 745 judicium
907 677 1067 732 ferat.
1099 679 1154 731 In
1188 688 1312 732 nota
1340 680 1599 746 quadam,
1626 695 1691 732 eo
1720 681 1881 733 modo
1906 693 2095 733 nume-

529 776 669 833 rata,
691 770 741 821 in
770 778 934 836 caput
962 768 1019 832 2,
1052 769 1130 823 De
1157 770 1349 823 caelesti
1373 770 1692 833 hierarchia,
1720 771 1796 823 sic
1824 771 2090 839 legimus:

529 858 667 923 Quid
698 877 856 929 porro
882 862 948 914 sit
980 862 1288 914 resonantia
1321 872 1556 915 extrema
1579 902 1598 922 .
1622 862 1889 930 explicabo
1918 863 1974 915 in
2003 878 2094 914 ca-

524 952 628 1018 pite
656 952 689 1003 4
716 952 838 1004 libri
867 954 939 1005 De
968 954 1156 1005 divinis
1191 953 1508 1006 nominibus.
1558 953 1707 1008 llanc
1736 954 2093 1007 resonantiam

527 1044 777 1114 intelligit
812 1062 993 1098 rerum
1024 1048 1267 1099 ordinem
1298 1061 1329 1099 a
1361 1046 1470 1100 Deo
1516 1054 1777 1099 statutum
1800 1084 1815 1107 ,
1864 1060 1927 1099 ac
1961 1044 2095 1099 infe-

528 1137 729 1190 riortnu
791 1137 1215 1191 illustrationem
1281 1152 1311 1190 a
1358 1138 1753 1205 superioribus.
1805 1136 2091 1205 Quidpiam

524 1241 656 1279 vero
684 1226 790 1278 tale
824 1226 876 1278 in
911 1227 1138 1281 scholiis
1163 1227 1355 1280 eodem
1391 1228 1549 1279 modo
1582 1230 1878 1280 numeratis
1912 1228 1962 1279 in
2006 1242 2094 1279 ca-

524 1327 620 1385 put
647 1319 681 1371 4
714 1317 790 1370 De
816 1318 1010 1371 divinis
1057 1319 1351 1371 nominibus
1391 1319 1684 1381 indicatur,
1732 1329 1824 1371 aut
1870 1319 2093 1386 exponi-

524 1420 635 1464 tur.
661 1412 739 1464 An
768 1427 896 1465 vero
932 1412 1125 1465 modus
1172 1411 1275 1464 iste
1322 1427 1380 1465 se
1429 1410 1695 1464 referendi
1744 1410 1794 1463 in
1830 1410 1935 1463 alio
1972 1411 2092 1464 loco

524 1504 904 1562 disserentem,
942 1503 1236 1556 conveniat
1267 1502 1560 1557 Germano.
1594 1502 1685 1570 qui
1712 1502 1917 1554 scholia
1964 1517 2093 1555 non-

524 1594 667 1647 nulla
705 1594 997 1663 adjic'ebat
1027 1595 1092 1647 ad
1132 1593 1351 1648 Scholia
1384 1593 1606 1646 Maximi
1651 1602 1707 1646 et
1754 1593 2028 1662 St-y;hooo
2054 1592 2092 1644 i-

521 1687 669 1739 tani?
697 1687 1039 1741 Conveniunt
1072 1702 1202 1742 sane
1234 1686 1706 1757 Scythopolitauo,
1746 1686 1837 1753 qui
1880 1684 2088 1753 primus

2274 400 2365 458 IV.
2409 405 2687 460 Aduotare
2732 415 3009 475 postremo
3058 409 3174 466 loco
3201 412 3392 477 liceat,
3433 414 3569 469 alios
3596 415 3771 470 etiam

2201 494 2497 562 scriptores
2525 499 2815 552 nonnullos
2840 505 3152 568 memorari,
3178 507 3268 572 qui
3304 507 3355 559 in
3386 506 3560 576 Opera
3586 511 3767 563 Areo-

2200 586 2429 651 pagitica
2476 589 2794 658 scripserint
2838 591 3083 655 scholia,
3116 598 3245 663 quin
3293 614 3355 651 ea
3405 610 3582 654 tamen
3630 604 3773 655 satis

2200 674 2561 734 innotescant.
2610 679 2768 737 Joan.
2818 683 3073 739 Albertus
3116 686 3398 743 Fabricius
3450 694 3502 744 in
3560 690 3777 743 Biblio—

2200 762 2347 813 theca
2376 762 2583 829 Cra’ca,
2618 768 2754 823 libro
2779 787 2829 835 ν,
2870 776 3045 843 capite
3080 778 3131 841 l,
3170 794 3224 831 n.
3263 777 3319 841 6,
3371 782 3555 847 paucis
3584 780 3777 833 verbis

2200 866 2449 908 recenset
2483 857 2700 914 Scholia
2736 861 2945 934 Georgii
2990 868 3447 925 Hieromnemonis
3485 877 3538 925 in
3576 875 3777 925 biblio—

2199 946 2349 997 theca
2404 947 2661 1004 Metlicea.
2715 953 2863 1009 Inter
2915 960 3131 1013 codices
3180 960 3526 1018 Bibliotheca:
3583 965 3778 1032 Regia:

2199 1035 2577 1107 Taurinensis,
2614 1055 2739 1099 tom.
2774 1047 2815 1109 l,
2850 1064 3166 1105 numeratur
3198 1060 3366 1109 codex
3397 1057 3544 1110 CCC.
3569 1055 3772 1120 LXIX,

2197 1130 2655 1197 membranaceus,
2714 1142 2897 1194 δαίσειιὶ
2947 1158 3057 1208 11v,
3106 1145 3158 1197 in
3210 1162 3319 1214 quo
3371 1151 3773 1204 «continentur

2198 1218 2437 1291 Dionysii
2467 1226 2808 1297 Areopagita:
2841 1232 3049 1300 Opera,
3084 1251 3205 1291 cum
3256 1240 3479 1294 scholiis
3533 1244 3775 1295 Andreae

2196 1311 2497 1380 cujusdam,
2535 1324 2989 1387 quemadmodum
3034 1327 3213 1395 legere
3256 1341 3339 1383 est
3384 1343 3504 1398 post
3556 1334 3777 1403 aliquot

2196 1402 2432 1473 Dionysii
2482 1410 2642 1463 verba
2691 1414 2743 1466 iu
2796 1419 3020 1482 caputl
3080 1418 3155 1472 De
3193 1422 3387 1475 divinis
3440 1402 3772 1490 nominibus,

2196 1492 2290 1551 fol.
2343 1497 2393 1549 6.
2460 1500 2708 1574 Ἀνδρέου
2780 1506 3067 1578 ἐξήγησις,
3122 1514 3393 1569 «Androm
3447 1522 3706 1573 narratio.
3741 1540 3770 1574 ι

2195 1586 2568 1657 Subjiciuntur
2611 1613 2826 1667 semper
2850 1602 3046 1657 deinde
3079 1607 3250 1660 textui
3280 1607 3520 1679 Dionysii
3553 1613 3774 1667 scholia

2194 1682 2357 1735 rubro
2401 1682 2585 1742 co'ore
2614 1694 2906 1759 descripta,
2956 1705 3014 1748 ut
3055 1698 3140 1751 vix
3190 1700 3291 1769 legi
3323 1705 3554 1771 possint.
3589 1705 3779 1761 Scho-

522 1778 873 1847 amplioribus
901 1780 1044 1832 notis
1083 1778 1398 1832 illustrabat
1433 1779 1581 1847 Opus
1620 1778 2084 1846 Areopagiticum.
2121 1789 2163 1847 Β
2195 1770 2260 1824 lia
2297 1773 2409 1829 lt-‘PC
2441 1786 2615 1831 tamen
2647 1781 3021 1849 (Bibliotheca:
3067 1791 3657 1867 editoresinquiunt),
3706 1809 3775 1852 ut

526 1868 873 1921 Conveniunt
895 1869 1058 1922 etiam
1094 1868 1350 1930 Maximo,
1378 1868 1472 1937 qui
1504 1868 1731 1923 seorsim
1754 1868 1821 1921 ab
1852 1867 1945 1922 illo
1975 1868 2091 1921 bre-

520 1961 603 2011 via
637 1960 880 2027 qtuedam
912 1959 1187 2013 scribebat
1211 1961 1439 2014 scholia.

588 2049 644 2102 ld
686 2066 815 2103 vero
848 2050 1085 2103 maxime
1138 2052 1713 2119 animadvertendum,
1748 2052 2088 2122 frequentius

521 2141 772 2194 breviora
803 2156 922 2196 esse
959 2141 1197 2204 scholia,
1236 2157 1355 2209 quae
1386 2155 1669 2197 numerata
1692 2155 1839 2209 sunt,
1863 2159 1927 2199 ac
1949 2144 2086 2199 Ger-

522 2246 685 2284 mano
724 2233 1088 2286 tribuuntur:
1163 2234 1463 2296 eademque
1507 2236 1553 2289 si
1611 2235 1833 2304 colligas
1879 2238 2086 2302 omnia,

524 2336 695 2390 pauca
729 2323 907 2389 potius
933 2338 1054 2377 esse
1084 2340 1245 2393 quam
1272 2325 1523 2394 plurima.
1564 2326 1785 2381 Duobus
1819 2327 1967 2383 hisee
1997 2327 2079 2380 iti-

519 2413 708 2475 dieiis,
757 2414 1091 2467 scholiorum
1144 2414 1431 2469 brevitatis
1476 2431 1542 2470 ac
1601 2418 1915 2485 paucitatis,
1969 2434 2087 2487 quae

519 2518 650 2558 vere
678 2502 894 2556 Maximi
928 2514 1079 2566 sunt,
1113 2505 1430 2559 indicarunt
1457 2508 1611 2561 nobis
1639 2508 1889 2562 Usscrius
1908 2518 1964 2562 et
1986 2508 2085 2561 Le-

519 2597 773 2664 quieuus.
807 2595 941 2649 llinc
965 2596 1130 2650 menti
1165 2598 1499 2651 obversatur
1527 2600 1876 2667 conjectura,
1925 2600 2090 2654 libra-

521 2688 682 2743 rium.
720 2703 810 2755 qui
848 2686 1177 2739 Marcianum
1211 2688 1455 2744 codicem
1482 2689 1847 2753 describebat,
1877 2692 2085 2745 scholia

518 2793 550 2831 a
581 2778 802 2831 scholiis
847 2777 1103 2831 distincta
1140 2779 1420 2832 inveniens
1448 2818 1463 2843 ,
1492 2793 1557 2834 ac
1589 2779 1811 2847 majoris
1848 2781 2084 2849 ipsorum

516 2868 691 2936 partis
739 2876 1018 2921 auctorem
1072 2868 1328 2935 ignorans
1373 2866 1637 2923 Joannem
1680 2871 2086 2941 Scythopolita-

519 2975 683 3023 num,
737 2959 839 3011 alia
884 2959 1138 3013 tribuerit
1186 2957 1461 3014 Germano
1510 2962 1833 3029 patriarchae
1889 2973 1943 3017 et
1982 2965 2083 3017 alia

518 3046 771 3100 Maximo.
827 3044 1106 3101 Tenebras
1168 3047 1461 3115 depellere,
1512 3065 1574 3103 ac
1631 3052 1885 3106 dirimere
1936 3053 2082 3107 litem

2195 1864 2489 1921 observare
2514 1873 2745 1943 contigit
2773 1892 2838 1931 ex
2870 1883 3300 1951 comparatione,
3326 1888 3515 1940 eadem
3541 1890 3780 1945 omnino

2194 1966 2314 2008 sunt
2349 1970 2512 2027 atque
2542 1965 2748 2019 scholia
2785 1969 2973 2026 Sancti
3033 1974 3251 2029 Maximi
3288 1979 3427 2048 typis
3457 1980 3702 2048 vulgata.
3741 2000 3767 2032 ι

2192 2046 2390 2114 Quidni
2424 2051 2704 2121 quidpiam
2734 2061 2914 2116 simile
2938 2104 2952 2127 ,
3002 2064 3137 2119 falsa
3190 2046 3598 2125 nonienclatura
3622 2072 3773 2128 Ger-

2196 2142 2338 2193 mani
2372 2145 2696 2210 patriarchaz
2726 2151 2962 2220 invecta,
2998 2159 3269 2214 acciderit
3294 2164 3345 2215 in
3382 2162 3588 2219 Veneto
3612 2165 3771 2220 Mar-

2192 2232 2348 2287 ciano
2372 2236 2594 2291 codice?

2262 2325 2689 2385 Commentarios
2728 2335 2781 2388 in
2832 2336 3147 2410 DTonysium
3188 2344 3573 2417 AreOpagitam
3620 2353 3771 2405 scri-

2191 2417 2367 2512 psisse
2396 2420 2577 2489 lingua
2608 2423 2835 2495 Syriaca
2865 2429 3040 2485 fertur
3061 2432 3300 2491 Joannes
3334 2439 3487 2493 Daraz
3517 2441 3569 2493 in
3599 2442 3766 2512 Syria

2190 2507 2500 2577 cpiscopus.
2538 2513 2610 2568 De
2641 2518 2736 2569 viri
2781 2530 2961 2583 a-tate,
2995 2525 3168 2593 deque
3211 2531 3343 2584 urbe
3372 2531 3527 2597 cujus
3558 2534 3768 2591 infulas

2188 2600 2521 2670 episcopales
2569 2613 2861 2673 gestaverit
2916 2614 3036 2678 ille,
3117 2620 3383 2676 dissident
3432 2628 3533 2679 viri
3585 2629 3762 2683 docti.

2192 2687 2473 2749 Uberrime
2526 2710 2955 2765 pertractantem
3016 2709 3103 2762 adi
3164 2709 3429 2769 Joannem
3486 2718 3763 2775 Morinum

2190 2780 2264 2834 De
2286 2787 2453 2839 sacris
2477 2791 2921 2859 ordinationibus,
2978 2813 3006 2851 a
3041 2816 3162 2870 pag.
3193 2804 3318 2871 423,
3350 2822 3417 2863 ac
3446 2812 3611 2865 etiam
3641 2812 3767 2883 lege

2192 2872 2657 2965 Dissertationeui,
2682 2898 2845 2952 quam
2878 2886 3083 2945 Gallice
3123 2895 3439 2965 inscriptam
3493 2872 3763 2964 diximus.

2190 2958 2496 3062 frobléine,
2544 2979 2648 3024 etc.
2706 2972 2801 3028 His
2831 2977 2969 3033 addo
3023 2958 3412 3048 peritissimum
3458 2958 3765 3062 Joscphuiri

2190 3049 2493 3108 Simoniqu
2544 3060 2899 3120 ASSemanum
2956 3071 3007 3123 in
3068 3072 3393 3131 Bibliotheca
3458 3049 3763 3151 Orientali,

516 3152 734 3191 omnem
789 3153 897 3191 non
946 3148 1191 3205 possunt,
1245 3140 1349 3193 nisi
1403 3143 1600 3195 vetusti
1658 3142 1871 3197 codices
1932 3130 2154 3200 bona:C
2190 3149 2335 3195 ῑοιιὶο
2369 3145 2436 3209 Η,
2466 3150 2644 3214 Capite
2676 3152 2773 3217 18,
2824 3158 2910 3211 ubi
2960 3160 3221 3216 Joannem
3273 3167 3425 3221 Daral
3468 3188 3574 3225 non
3632 3130 3767 3233 ante

520 3237 683 3291 "013?,
716 3228 767 3280 in
802 3228 1000 3297 quibus
1049 3229 1268 3283 Maximi
1304 3231 1512 3284 scholia
1546 3248 1573 3284 a
1608 3235 1831 3289 scholiis
1858 3236 2083 3291 Joannis

520 3319 952 3390 Scythopolitani
986 3331 1246 3374 accurate
1273 3322 1507 3375 discreta
1538 3324 1905 3381 inveniantur.

589 3407 674 3463 Ill.
717 3408 849 3474 Quis
882 3409 969 3463 ille
999 3410 1163 3462 fuerit
1192 3410 1497 3465 Germanus
1541 3415 1875 3482 patriarcha,
1908 3418 1953 3471 si
1985 3431 2084 3471 sua

516 3508 571 3553 et
602 3501 716 3568 ipse
758 3500 975 3554 Scholia
1024 3502 1311 3569 scripserit
1376 3504 1428 3558 in
1467 3502 1639 3573 Opera
1675 3508 2080 3578 Areopagitica,

519 3591 900 3658 inquirendum
926 3602 1034 3647 est.
1063 3592 1258 3648 Paucis
1284 3610 1372 3649 res
1399 3605 1507 3650 tota
1540 3598 1797 3667 exigitur.
1828 3599 2082 3665 Ejusdem

518 3681 756 3733 nominis
802 3681 907 3734 duo
933 3682 1190 3736 Germani
1225 3696 1422 3752 praasto
1454 3696 1602 3750 sunt,
1633 3690 1719 3756 qui
1751 3691 2087 3757 patriarcha-

516 3770 620 3822 lem
677 3770 839 3840 regiae
889 3774 1038 3826 urbis
1094 3774 1637 3845 Constantinopoleos
1698 3780 1948 3834 thronum
2002 3793 2076 3835 te.

517 3876 719 3917 nuere:
756 3862 917 3916 ambo
945 3864 1121 3917 sacris
1149 3864 1347 3921 litteris
1389 3868 1555 3933 clari,
1593 3880 1646 3925 et
1680 3873 1908 3941 plurium
1955 3887 2085 3941 ope-

520 3968 637 4006 rum
694 3955 1014 4024 scriptores.
1070 3955 1287 4011 Primus
1336 3962 1653 4014 conscendit
1703 3964 1883 4017 sedem
1937 3964 2082 4018 illam

517 4062 661 4100 anno
695 4046 831 4109 715,
867 4060 1096 4115 eamque
1121 4086 1135 4109 ,
1169 4048 1431 4116 dignitate
1457 4051 1703 4106 abdicata
1731 4094 1745 4116 ,
1802 4070 1941 4110 anno
1984 4057 2086 4113 750

515 4135 739 4188 dimisit.
796 4133 999 4189 lufulas
1055 4138 1272 4192 easdem
1332 4140 1400 4191 ab
1457 4156 1600 4195 anno
1655 4143 1791 4197 1&2
1862 4147 1928 4199 ad
1987 4164 2085 4201 an-

520 4242 648 4278 uum
688 4224 826 4280 1240
852 4226 1083 4295 gestavit
1115 4227 1271 4279 alter.
1332 4228 1572 4283 Tertium
1618 4247 1920 4289 memorare
1950 4235 2084 4291 Ger—

513 4333 733 4371 manum
766 4327 1055 4385 praztereo,
1084 4332 1247 4385 quem
1277 4319 1596 4388 dignitatem
1643 4322 1918 4392 indeptum
1964 4343 2083 4383 esse

511 4424 657 4464 anno
713 4408 891 4473 1264,
968 4408 1021 4461 in
1075 4408 1251 4478 prima
1306 4412 1643 4465 ostendimus
1704 4415 2081 4471 dissertatione

514 4516 677 4571 quam
724 4500 862 4555 Vita
904 4499 1149 4570 Gregorii
1203 4500 1384 4571 Cyprii
1430 4503 1779 4572 subjeeimus,
1829 4522 1891 4561 ac
1938 4515 2079 4578 typis

511 4595 780 4649 edidimus
808 4611 956 4648 anno
990 4594 1146 4648 1753.

588 4684 885 4754 Utriusque
949 4684 1127 4753 Opera
1206 4684 1538 4754 diligentiori
1596 4705 1725 4743 cura
1802 4702 2084 4747 recensent

515 4774 875 4846 hibliographi
932 4794 945 4829 :
997 4791 1175 4846 neque
1229 4776 1333 4830 ulla
1380 4778 1731 4844 scholiorum,
1783 4782 1848 4836 de
1888 4783 2081 4851 quibus

515 4864 747 4935 agimus,
798 4868 939 4936 apud
990 4866 1136 4935 ipsos
1186 4868 1409 4922 mentio.
1456 4869 1621 4940 Atqui
1677 4888 1808 4928 vero
1840 4876 2080 4939 scholia,

518 4967 782 5026 quotquot
826 4959 877 5011 in
924 4959 1073 5027 Opus
1118 4960 1555 5029 Areopagiticum
1595 4968 1732 5034 typis
1756 4967 1894 5021 edita
1933 4978 2081 5035 sunt,

521 5049 867 5119 reperiuntur
906 5052 1087 5104 omnia
1126 5052 1176 5105 in
1207 5055 1444 5123 antiquis
1481 5058 1789 5122 codicibus,
1822 5060 1911 5128 qui
1949 5059 2083 5115 Ger-

516 5140 661 5194 mani
709 5140 932 5193 secundi
985 5150 1198 5194 aetatem
1255 5154 1539 5212 superant.
1585 5144 1727 5199 Inter
1776 5147 1891 5201 haec
1943 5149 2081 5216 typis

514 5230 657 5283 edita
684 5229 889 5283 scholia
922 5231 1102 5283 locum
1133 5233 1353 5295 habent,
1381 5250 1500 5301 qua:
1527 5234 1799 5290 Germano
1832 5237 2081 5291 tribuun-

517 5330 644 5375 tur:
694 5320 862 5388 igitur
916 5321 960 5374 si
1011 5322 1135 5388 quis
1176 5321 1485 5376 Germanus
1538 5324 2081 5396 Constantinopoleos

515 5412 823 5481 patriarcha
867 5412 1151 5481 scripserit
1193 5430 1290 5479 ea,
1324 5416 1443 5471 sine
1484 5416 1647 5471 dubio
1679 5419 1847 5475 fuisse
1873 5422 2081 5491 primus

512 5505 718 5560 debuit.

585 5619 663 5688 l4)
700 5618 927 5699 Joannis
983 5619 1133 5699 Scoli
1186 5624 1366 5699 ver_sio
1422 5623 1682 5699 Operiim__
1718 5625 1777 5681 S.
1836 5627 2077 5699 Dionysii

520 5689 1059 5750 Areotiagitar-‘xstat
1090 5690 1241 5746 Patr.
1269 5691 1391 5750 Lat.
1427 5689 1707 5761 CCXXII,
1739 5698 1877 5750 inter
1926 5689 2076 5754 Scoti

2190 3246 2388 3288 annum
2417 3237 2516 3293 700
2543 3242 2788 3299 lloruisse
2817 3253 3058 3306 ostendit
3089 3256 3170 3307 vir
3191 3260 3436 3326 apprime
3467 3265 3685 3322 doctus.

2801 3360 3027 3419 CAPUT
3068 3366 3127 3419 V.

2187 3458 2414 3553 Latina}.
2446 3482 2563 3534 quia
2593 3468 2835 3553 feruntur
2863 3473 3047 3553 Opem
3075 3480 3449 3553 dreapagitici,
3493 3496 3767 3548 versione:

2258 3547 2627 3619 accensenlur.’
2645 3538 2768 3593 Loci
2790 3538 3067 3619 cujusdam
3098 3551 3171 3604 De
3207 3538 3768 3619 Divitiis

2256 3598 2447 3685 Latina
2496 3598 3109 3699 rersio_apad'sanctum
3162 3598 3409 3687 ehoman:

2255 3672 2508 3725 sincerior
2535 3694 2597 3729 ac
2628 3672 2851 3733 nitidior
2874 3701 3029 3752 quam
3059 3688 3112 3739 in

2257 3780 2299 3835 l.
2341 3785 2451 3839 Abs
2505 3803 2562 3841 re
2592 3807 2696 3844 non
2746 3795 2870 3858 erit,
2923 3808 3211 3870 antequam
3264 3806 3765 3869 disst-rtatiunculze

2186 3871 2346 3927 finem
2391 3878 2627 3943 impono,
2659 3887 2836 3939 varias
2864 3903 3165 3958 recensere,
3197 3911 3315 3964 quae
3338 3915 3561 3969 operum
3592 3906 3767 3961 Areo-

2189 3965 2539 4066 pagiticorum
2576 3973 2833 4030 hactenus
2865 3981 3125 4035 confecta!
3164 3997 3307 4052 sunt,
3339 3965 3403 4044 ac
3456 3995 3595 4061 typis
3632 4013 3765 4066 pro-

2187 4052 2413 4120 dierunt,
2469 4058 2690 4117 Latinas
2728 4069 3019 4125 versiones.
3071 4073 3126 4127 ld
3173 4052 3528 4136 emolumen'ti
3563 4052 3764 4141 saltem

2186 4143 2362 4213 colligi
2403 4152 2615 4215 poterit,
2650 4157 2774 4209 utsi
2811 4160 3118 4216 versioauni
3173 4167 3475 4236 hujusmodi
3515 4174 3765 4229 collatio-

2186 4250 2306 4288 nem
2335 4240 2473 4294 inire
2498 4245 2761 4312 quispiam
2792 4263 3027 4317 excptet,
3060 4272 3164 4324 quo
3188 4259 3417 4315 lucidius
3438 4264 3761 4321 obscuriora

2186 4330 2431 4393 quaedam
2473 4332 2849 4404 Areopagitica
2895 4338 3011 4393 loca
3057 4348 3616 4417 comprehendantur,
3658 4371 3763 4409 uo-

2186 4429 2302 4469 scat
2339 4434 2451 4485 cas,
2485 4437 2547 4476 ac
2581 4426 2733 4481 facile
2758 4434 2995 4497 reperire
3023 4448 3203 4503 queat.

2255 4508 2469 4567 Primus
2503 4513 2646 4571 hanc
2685 4530 2923 4587 spartam
2976 4539 3171 4581 ornare
3200 4535 3492 4602 assumpsit
3521 4535 3768 4595 Joannes

2186 4600 2381 4656 Scotus
2404 4602 2633 4674 Erigena
2660 4610 2758 4679 (4).
2789 4610 2863 4666 De
2885 4629 3011 4668 vera
3037 4617 3152 4684 ejus
3181 4624 3353 4688 patria
3379 4600 3539 4682 Joan.
3569 4631 3767 4687 Alber-

2184 4699 2269 4744 tus
2312 4692 2592 4751 Fabricius
2642 4703 2752 4770 agit
2788 4705 2838 4757 in
2887 4704 3215 4765 Bibliotheca
3245 4712 3438 4769 Latina
3479 4724 3671 4775 media:
3717 4734 3765 4776 ct

2184 4784 2379 4851 inﬁma:
2407 4793 2597 4857 a'latt's,
2632 4803 2690 4846 ut
2719 4805 2944 4853 cmteros
2970 4801 3069 4855 hoc
3100 4802 3217 4858 loco
3250 4818 3591 4875 praeteream.
3625 4814 3682 4867 in
3712 4817 3763 4869 id

2183 4891 2318 4943 opus
2348 4880 2659 4938 incubuisse
2688 4888 2859 4955 ipsum
2900 4891 3053 4960 jussu
3085 4897 3227 4963 regis
3261 4898 3438 4954 Caroli
3468 4903 3645 4972 Calvi,
3679 4909 3763 4960 di-

2185 4969 2387 5025 scimus
2418 4988 2480 5025 ex
2511 4973 2749 5040 ejusdem
2778 4980 3002 5045 epistola
3035 4985 3099 5035 ad
3125 4991 3372 5043 eunulem
3409 4969 3767 5068 regeni,-qu.'e

2186 5060 2391 5131 integra
2436 5071 2615 5117 exstat
2656 5067 2793 5121 inter
2825 5070 3136 5127 llihernicas
3185 5060 3515 5145 It‘pistolasa
3556 5060 3767 5147 Jacobo

2189 5151 2403 5207 Usserio
2442 5156 2721 5223 collectas,
2780 5176 2929 5213 num.
2990 5163 3079 5219 25.
3121 5166 3212 5220 Ait
3240 5172 3327 5224 ille
3387 5190 3513 5229 vero
3550 5197 3563 5232 :
3600 5198 3662 5237 se
3703 5194 3769 5240 de

2185 5238 2366 5294 Gra'co
2398 5244 2450 5296 in
2474 5243 2719 5297 Latinum
2757 5255 3088 5329 transtulisse
3125 5255 3288 5312 libros
3323 5275 3555 5330 quatuor
3593 5280 3769 5329 sancti

2185 5327 2363 5384 Pam-3
2386 5331 2626 5401 Dionysii
2652 5334 2978 5404 Areopagita:
3001 5327 3228 5410 episcOpi
3255 5327 3605 5416 Athenarum,
3635 5327 3771 5429 quos

2182 5426 2478 5491 scripsitad
2512 5425 2835 5481 Timotheum
2873 5432 3167 5500 episcopum
3212 5438 3537 5506 Ephesinum
3574 5425 3769 5511 (nitui-

2186 5531 2301 5568 rum
2334 5517 2410 5571 De
2450 5520 2639 5573 ccc/esti
2682 5520 3001 5588 hierarchia,
3037 5524 3114 5577 De
3157 5531 3515 5589 ecclesiastica
3558 5540 3775 5597 hierar.

2184 5626 2380 5752 gpfra,
2430 5642 2653 5686 curante
2698 5631 2783 5686 D"
2818 5632 2958 5689 ll.J.
3006 5634 3047 5689 F
3052 5636 3181 5706 loss,
3212 5640 3511 5717 Bonnensi,
3566 5666 3770 5711 recen-
