3916 6234
242 388 319 442 π
1623 385 1816 442 PROL]

1928 385 2155 440 lMENA.
3435 391 3499 445 71»

237 501 386 563 cisia,
410 499 489 554 De
510 500 700 555 divinis
724 501 1046 569 nominibus,
1075 502 1148 557 De
1178 506 1398 573 mystica
1434 501 1746 575 theologia),
1773 514 1829 559 ct
1856 507 1901 562 Α
1932 502 2128 556 librum
2178 518 2341 556 unum
2362 542 2379 567 ,
2428 502 2507 557 De
2557 503 2910 559 ecclesiastica
2958 506 3252 559 hierarchia
3303 507 3496 561 librum

235 593 420 646 decem
443 594 692 660 epistolas
720 594 979 662 ejusdem.
1010 595 1145 648 Data
1181 605 1265 649 est
1290 594 1516 662 epistola
1550 611 1832 665 nuncupa-

235 683 385 739 toria
413 698 559 739 anno
594 684 720 748 858,
753 694 815 741 ut
842 685 1094 742 Usserius
1121 689 1345 742 adnotat
1368 688 1421 741 in
1455 687 1719 757 margine.

315 776 602 831 Versionis
637 777 861 847 hujusce
914 781 1243 833 mentionem
1291 779 1507 849 ingerit,
1556 794 1620 833 ac
1660 779 1825 834 etiam

231 867 435 924 laudat
474 884 597 925 eam
638 871 962 927 Anastasius
1008 871 1463 928 Bibliothecarius
1498 874 1549 927 in
1598 873 1825 943 epistola

231 962 308 1015 ad
336 963 593 1020 eumdem
631 979 816 1036 regem
840 980 985 1020 anno
1009 965 1116 1021 865
1142 969 1365 1036 scripta,
1393 982 1499 1036 qua
1528 983 1680 1021 suam
1723 967 1825 1036 ipsi

228 1052 494 1110 Latinam
547 1066 828 1127 nuncupat
870 1060 1175 1113 versionem
1241 1058 1583 1113 Scholiorum
1649 1058 1825 1114 sancti

228 1149 484 1214 Maximi,
513 1160 568 1203 et
608 1149 835 1205 Joannis
878 1151 1305 1220 Scythopolilani
1353 1152 1614 1221 episcopi.
1649 1150 1824 1206 Verba

226 1241 487 1295 dedimus
529 1242 707 1310 capite
736 1244 793 1308 5,
828 1259 976 1297 num.
1008 1243 1049 1297 1.
1081 1242 1206 1297 Haec
1249 1259 1382 1298 vero
1421 1242 1608 1297 Latina
1645 1243 1823 1298 Scoti-

225 1348 390 1401 genae
440 1334 623 1387 versio
669 1334 1173 1403 Areopagiticorum
1216 1333 1452 1405 Operum
1486 1343 1669 1389 exstat
1712 1334 1825 1390 fere

224 1424 449 1493 integra
490 1426 631 1494 typis
660 1426 807 1479 edita
841 1427 979 1496 apud
1032 1427 1342 1499 Dionysium
1380 1428 1821 1496 Carthusianum,

226 1516 327 1580 qui
358 1529 482 1566 eam
509 1516 761 1569 adhibuit
783 1517 836 1570 in
855 1518 969 1571 suis
989 1516 1407 1574 Commentariis
1432 1518 1484 1573 in
1508 1519 1823 1591 Dionysium

218 1604 643 1674 Areopagitam,
673 1606 909 1662 Coloniae
936 1610 1102 1673 eusis,
1136 1610 1384 1679 impensis
1422 1609 1570 1664 Petri
1602 1610 1824 1676 Quentel

219 1712 375 1750 anno
405 1698 567 1752 1556.
606 1697 664 1752 In
708 1700 1033 1755 Praefatione
1071 1702 1139 1756 ad
1180 1702 1436 1757 lectorem
1479 1704 1821 1759 haechahen-

221 1798 357 1843 tur:
398 1808 419 1842 ι
466 1789 715 1861 Vulgaris
749 1792 1057 1857 translatio,
1087 1808 1208 1864 qua:
1231 1794 1430 1850 dicitur
1455 1809 1575 1850 esse
1600 1793 1823 1851 Joannis

1933 611 2121 659 unum,
2156 596 2231 650 De
2259 596 2448 649 divinis
2487 596 2785 650 nominibus
2810 596 3003 651 librum
3037 613 3226 661 unum,
3254 598 3333 653 De
3384 614 3501 664 my-

1930 688 2061 741 stica
2082 688 2341 759 theologia
2372 689 2565 743 librum
2602 704 2789 756 unum,
2822 689 3085 759 Epistolas
3109 692 3304 746 decem.
3338 691 3502 746 Scho-

1930 778 2004 831 lia
2030 778 2194 834 etiam
2219 779 2270 832 in
2296 778 2491 833 librum
2526 779 2601 833 De
2643 778 2999 834 ecclesiastica
3028 780 3347 847 Itierarchia,
3370 797 3503 838 non-

1930 868 2057 923 dum
2094 886 2123 923 a
2160 885 2431 940 quoquam
2470 871 2635 941 (quod
2667 871 2860 941 sciam)
2902 872 3183 940 translata,
3211 889 3331 943 qua:
3361 877 3505 932 edita

1932 968 2061 1013 sunt
2115 959 2363 1028 Basileae,
2395 960 2447 1014 in
2496 959 2705 1015 olIicina
2756 961 3115 1031 Hervagiana,
3165 967 3431 1021 converti.
3481 987 3499 1019 ι

1928 1048 2280 1119 Lugdunensi
2315 1060 2439 1105 utor
2478 1052 2715 1107 editione
2752 1055 2893 1123 apud
2948 1053 3272 1110 Gulielmum
3321 1057 3510 1113 Bovila

1928 1141 2086 1206 lium,
2120 1142 2279 1207 l585,
2316 1142 2473 1199 in-8°.

1999 1236 2055 1289 In
2094 1236 2272 1291 fronte
2294 1236 2828 1293 Commentariorum
2861 1238 3101 1310 Dionysii
3128 1240 3501 1306 Carthusiani,

1929 1340 2065 1395 quos
2099 1327 2239 1397 typis
2278 1328 2454 1382 editos
2476 1328 2713 1385 Colonia:
2742 1329 2882 1384 1556
2904 1330 3503 1399 θᾶηοιθνίιιιιιεηὈοεη-

1927 1429 2078 1473 setur
2107 1421 2271 1473 etiam
2305 1418 2496 1475 Latina
2526 1421 2761 1476 Marsilii
2794 1421 2971 1477 Ficini
3000 1426 3359 1488 interpretatio
3400 1428 3507 1479 im-

1926 1511 2158 1578 perfecta
2198 1520 2257 1564 ut
2289 1528 2405 1582 quin
2455 1514 2626 1567 solum
2658 1513 2847 1567 Divina
2891 1513 3119 1569 Nomina
3172 1518 3419 1583 continet,
3455 1528 3505 1571 et

1927 1598 2208 1671 Mysticam
2237 1602 2592 1672 theologiam.
2653 1602 2749 1659 His
2783 1605 3035 1660 omnibus
3076 1605 3300 1659 nitidior
3329 1616 3384 1661 et
3413 1622 3505 1661 ac-

1927 1695 2170 1747 curat'or
2221 1695 2432 1749 accedit
2492 1709 2555 1749 ea
2611 1710 2773 1766 quam
2831 1695 3168 1751 elucubravit
3221 1697 3507 1753 Balthasar

1925 1783 2224 1841 Corderius
2249 1785 2378 1841 Soc.
2407 1784 2555 1841 Jesu.
2583 1783 2642 1840 In
2670 1786 2988 1856 praefatione
3018 1786 3096 1841 ait
3136 1787 3224 1842 ille
3249 1802 3264 1840 :
3296 1786 3505 1843 Novam

215 1882 608 1954 Scozigenzr...
646 1900 675 1940 ιι
709 1887 968 1959 Dionysio
990 1898 1174 1943 nostro
1191 1888 1557 1944 Carthusiano
1583 1903 1680 1960 per
1706 1891 1816 1944 sin-

1929 1877 2065 1932 hanc
2095 1879 2379 1933 editionem
2411 1878 2669 1933 adornavi
2697 1895 2817 1932 cum
2855 1877 3050 1934 Latina
3093 1897 3210 1936 mea
3245 1881 3506 1951 interpre-

214 1976 355 2047 gula
395 1979 657 2048 capitula,
703 1995 871 2051 prepe
912 1982 978 2036 de
1016 1981 1183 2037 verbo
1213 1981 1280 2036 ad
1318 1981 1564 2046 verbum,
1589 1981 1823 2051 explica-

214 2079 340 2136 tur,
376 2082 609 2141 excepto
639 2074 782 2143 quod
839 2075 893 2129 in
924 2076 1251 2147 quibusdam
1301 2074 1654 2145 AreOpagita:
1702 2075 1820 2145 epi-

212 2160 386 2215 stolis
436 2162 894 2232 interpretandis,
941 2164 1337 2220 Cartbusianus
1399 2174 1586 2220 noster
1648 2166 1824 2220 utitur

213 2251 594 2307 translatione
634 2252 859 2309 alterius
891 2256 1169 2325 cujusdam
1193 2256 1440 2319 Joannis,
1473 2272 1579 2311 non
1612 2273 1693 2322 re,
1725 2260 1820 2314 sed

212 2355 594 2411 cognomento
621 2344 907 2400 Sarraceni
931 2362 949 2400 :
980 2347 1031 2401 in
1055 2364 1194 2401 nona
1218 2362 1348 2401 vero
1372 2355 1426 2401 et
1449 2348 1649 2402 decima
1682 2349 1821 2420 (epi-

212 2435 414 2503 stola),
443 2435 871 2493 Camaldulensis
902 2440 1241 2509 (Ambrosii).
1279 2460 1298 2492 ι

288 2527 455 2582 Haud
511 2530 587 2583 ita
635 2531 815 2585 tetatis
868 2532 1081 2597 mediae,
1138 2533 1480 2605 maximeque
1529 2536 1818 2607 sequioris,

209 2619 363 2674 viris
418 2622 600 2676 doctis
631 2621 836 2691 placuit
878 2625 1058 2679 versio
1093 2622 1410 2697 Scotigenrr,
1443 2628 1571 2696 quin
1623 2645 1818 2685 novam

211 2727 452 2781 cperam
486 2713 543 2767 in
572 2713 972 2771 transferendis
1000 2715 1155 2772 libris
1175 2724 1229 2773 et
1256 2719 1499 2788 epistolis
1522 2722 1821 2793 Areopagi-

213 2806 353 2860 ticis
391 2805 744 2862 collocarent.
778 2807 916 2864 lline
958 2810 1228 2865 secundus
1273 2810 1515 2866 laborem
1554 2814 1697 2869 hunc
1734 2829 1821 2871 asa

214 2894 465 2964 sumpsit
488 2895 635 2951 circa
667 2912 871 2951 annum
895 2897 1033 2952 1118
1062 2896 1302 2954 Joannes
1332 2898 1676 2969 Sarraeinus,
1703 2903 1819 2957 sive

215 2989 589 3055 Sarrasenus,
623 3001 683 3044 ut
712 2991 937 3046 adnotat
957 2990 1245 3047 Fabricius
1276 2992 1329 3047 in
1372 2991 1704 3049 Bibliotheca
1736 2994 1819 3048 ci-

216 3091 367 3137 tata.
399 3082 493 3137 Sic
522 3096 651 3137 vero
700 3098 927 3138 narrare
967 3084 1144 3154 pergit
1174 3084 1307 3140 ille:
1359 3100 1384 3140 s
1421 3084 1614 3140 Latine
1660 3086 1820 3140 vertit

215 3172 608 3229 Hierarchiam
656 3175 896 3247 Dionysii
945 3177 1286 3247 Areopagitae
1322 3178 1635 3247 (utramque
1675 3179 1818 3233 scili-

212 3280 330 3336 cet,
366 3269 667 3334 cmlestem,
701 3279 758 3325 et
787 3268 1260 3339 ecclesiasticam).
1289 3269 1497 3326 Viderit
1524 3270 1817 3337 Gesnerus,

213 3363 313 3432 qui
343 3361 399 3415 in
436 3360 767 3415 Bibliotheca
796 3376 893 3415 sua
924 3361 1040 3415 ait:
1077 3361 1440 3415 Sarracenum
1472 3361 1817 3416 transtulisse

214 3468 419 3509 omnes
476 3454 823 3523 Areopagitae
872 3452 1061 3521 libros,
1117 3468 1458 3522 excusosque
1514 3468 1637 3509 esse
1690 3470 1815 3510 cum

217 3545 481 3617 Dionysii
511 3545 866 3601 Carthusiani
897 3545 1320 3602 Commentariis
1347 3546 1612 3612 Coloniae,
1652 3560 1760 3605 etc.
1783 3568 1809 3597 ›

216 3637 278 3693 ln
311 3637 400 3694 his
429 3639 622 3708 utique
650 3638 1093 3705 Commentariis,
1139 3640 1443 3710 eademque
1484 3640 1537 3695 in
1581 3641 1820 3697 editione

216 3729 540 3785 Coloniensi
570 3729 698 3791 anni
736 3727 897 3796 1536,
938 3730 1186 3799 impensis
1217 3728 1460 3795 Quentel,
1494 3740 1672 3785 exstat
1712 3731 1821 3785 La-

218 3823 339 3876 tina
372 3820 667 3875 Sarraceni
708 3820 888 3874 versio
930 3819 1006 3875 De
1045 3822 1239 3876 caelesti
1284 3822 1608 3888 hierarchia,
1649 3832 1700 3877 et
1740 3822 1820 3877 De

216 3914 590 3969 ecclesiastica
633 3913 969 3979 hierarchia,
1023 3927 1256 3986 utraque
1317 3917 1495 3971 dicata
1559 3917 1820 3987 magistro

218 4006 419 4063 Joanni
448 4008 514 4061 de
536 4006 901 4063 Sarisberiis:
936 4010 1063 4063 item
1095 4007 1288 4063 Latina
1315 4009 1496 4064 versio
1519 4008 1598 4063 De
1620 4010 1815 4064 divinis

219 4098 549 4162 nominibus,
580 4106 633 4152 et
674 4098 753 4152 De
789 4100 1012 4169 mystica
1044 4101 1325 4169 theologia,
1355 4108 1584 4169 utraque
1611 4102 1819 4171 pariter

219 4190 288 4243 ad
328 4188 579 4245 Odonem
630 4188 819 4245 Sancti
872 4191 1112 4262 Dionysii
1158 4193 1409 4247 abbatem
1463 4200 1810 4263 nuncupata:

220 4282 465 4351 itemque
500 4282 716 4337 demum
773 4280 968 4338 Latina
1021 4284 1203 4339 versio
1254 4283 1598 4353 epistolarum
1654 4285 1818 4339 unde-

220 4376 349 4429 cim.

294 4466 545 4522 Tertium
574 4482 806 4523 numero
836 4467 1171 4521 Ambrosium
1213 4478 1499 4537 oratorem,
1532 4475 1585 4522 et
1630 4484 1815 4521 mona-

1930 1970 2128 2023 tatione
2156 1983 2174 2021 :
2204 1986 2323 2040 qut:
2361 1971 2565 2025 cazteris
2595 1971 2762 2042 (quod
2798 1980 2935 2026 certe
2959 1983 3176 2027 conatus
3198 1974 3337 2045 sum)
3361 1990 3507 2045 pres-

1928 2062 2062 2125 sius,
2097 2070 2149 2113 et
2183 2062 2403 2124 clarius,
2431 2072 2585 2132 atque
2616 2064 2870 2132 theologis
2901 2067 3369 2131 accommodatius,
3393 2084 3507 2122 ver-

1928 2157 2113 2210 borum
2144 2157 2259 2227 ejus
2286 2159 2386 2211 vim
2419 2158 2558 2229 (quia
2602 2159 2670 2211 iis
2708 2159 2839 2212 inest
2879 2159 3146 2228 maxime),
3173 2160 3498 2230 exprimeret,

1925 2260 1975 2302 et
2015 2249 2151 2319 stglo
2191 2250 2348 2317 plano
2379 2266 2588 2305 sensum
2612 2250 2851 2304 redderet
2876 2251 3184 2319 genuinum.

1998 2341 2062 2394 ll.
2090 2340 2232 2394 Loca
2262 2350 2443 2396 tamen
2468 2341 2646 2411 aliqua
2675 2342 3051 2410 AreOpagitica
3077 2342 3290 2398 felicius
3321 2352 3508 2399 trans-

1925 2428 2053 2482 ferri
2113 2429 2165 2482 in
2207 2427 2459 2483 Latinum
2529 2432 2769 2498 potuisse
2810 2433 3171 2487 observarunt
3201 2433 3302 2488 viri
3338 2435 3504 2490 doeti.

1925 2512 2242 2588 Exemplum
2269 2518 2439 2573 affero
2470 2535 2537 2574 ex
2574 2523 2755 2589 capite
2786 2522 2822 2574 2
2873 2521 2950 2576 De
2976 2524 3166 2577 divinis
3188 2526 3505 2591 nominibus,

1923 2610 2012 2663 ubi
2044 2609 2071 2681 §
2101 2610 2133 2663 ϐ
2162 2611 2237 2664 sic
2258 2611 2410 2664 habet
2437 2620 2608 2666 textus
2640 2610 2860 2667 Grazcus
2891 2626 2909 2665 :
2942 2614 3293 2687 Διακέκριται
3320 2616 3378 2668 δὲ
3406 2618 3509 2687 τῆς

1923 2699 2343 2772 ἀγαθοπρεποῦς
2370 2703 2450 2765 εἰς
2493 2704 2641 2773 ἡμᾶς
2672 2702 2978 2776 θεουργίας,
3008 2704 3070 2759 τὸ
3098 2706 3218 2759 καθ’
3250 2707 3415 2778 ἡμᾶς,
3449 2706 3509 2775 ἐξ

1923 2793 2098 2864 ἡμῶν,
2128 2793 2324 2857 ὁλικῶς
2353 2795 2447 2848 καὶ
2467 2795 2683 2867 ἀληθῶς
2709 2798 3038 2871 οὐσιωθῆναι
3065 2799 3157 2853 τὸν
3188 2800 3507 2871 ὑπερούσιον

1923 2887 2115 2955 Λόγον,
2148 2887 2243 2940 καὶ
2285 2888 2478 2957 δρᾶσαι
2508 2888 2603 2941 καὶ
2645 2888 2837 2942 παθεῖν
2880 2891 2981 2944 ὅσα
3022 2891 3125 2961 τῆς
3156 2891 3508 2965 ἀνθρωπικῆς

1921 2978 2087 3033 αὐτοῦ
2118 2978 2405 3051 θεουργίας
2436 2980 2583 3035 ἐστὶν
2630 2980 2858 3054 ἔκκριτοι
2887 2982 2979 3035 καὶ
3010 2981 3277 3055 ἐξαίρετα.
3315 2984 3509 3039 Sarra-

1923 3071 2045 3125 ceni
2097 3071 2380 3127 translatio
2433 3073 2548 3129 hinc
2598 3082 2718 3129 est:
2791 3073 3087 3129 Discretum
3144 3086 3316 3129 autem
3356 3084 3432 3130 est
3471 3095 3504 3130 a

1927 3164 2148 3234 benigna
2169 3166 2238 3218 ad
2265 3181 2360 3219 nos
2397 3165 2579 3220 divina
2613 3168 2936 3235 Operatione,
2965 3171 3254 3225 secundum
3296 3191 3412 3240 nos,
3442 3191 3508 3231 ea:

1926 3256 2098 3320 nobis,
2131 3256 2363 3311 totaliter
2383 3267 2433 3311 et
2462 3274 2580 3313 vere
2602 3260 2949 3315 substantiam
2976 3262 3173 3330 factum
3198 3282 3307 3319 esse
3329 3284 3508 3337 super-

1923 3346 2275 3402 substantiale
2305 3345 2534 3403 Verbum
2563 3349 2810 3425 :facere,
2833 3361 2878 3405 et
2910 3354 3021 3421 pati
3063 3371 3382 3427 quwcunque
3406 3361 3505 3412 hu-

1924 3454 2096 3491 mante
2135 3438 2298 3507 ipsius
2343 3439 2799 3507 contemplationis
2829 3454 2949 3497 sunt
2996 3444 3157 3499 electa
3197 3457 3243 3500 et
3283 3460 3501 3505 semota.

1929 3527 2132 3583 Vocum
2183 3528 2431 3596 illarum,
2476 3530 2586 3598 τῆς
2630 3533 3009 3604 ἀνθρωπικῆς
3063 3538 3248 3592 αὐτοῦ
3304 3542 3507 3609 θεουρ-

1921 3621 2075 3690 γίας,
2122 3620 2343 3676 minime
2374 3621 2457 3676 vis
2508 3624 2872 3692 exprimitur:
2912 3626 3021 3684 imo
3053 3630 3318 3699 θεωρίας,
3379 3650 3507 3687 con-

1927 3713 2305 3782 templationis,
2350 3713 2546 3781 legisse
2584 3718 2799 3772 videtur
2844 3720 3111 3789 interpres
3161 3738 3263 3791 pro
3300 3728 3505 3794 θεουρ-

1920 3806 2073 3874 riae.
2106 3805 2282 3860 Minus
2325 3807 2494 3861 etiam
2533 3818 2786 3863 accurata
2818 3811 3032 3867 videtur
3066 3814 3345 3869 translatio
3375 3816 3508 3873 Sco-

1926 3896 2140 3967 tigenae,
2181 3907 2231 3951 et
2281 3900 2511 3969 operari,
2558 3910 2607 3954 et
2653 3902 2766 3969 pati
2794 3919 3119 3974 qua’cunque
3159 3907 3503 3960 humanitatis

1922 3989 2037 4059 ejus
2099 3991 2279 4046 divina
2334 3993 2542 4047 actione
2588 4002 2712 4048 sunt
2764 3996 3014 4062 discreta,
3061 4005 3111 4051 et
3159 4015 3358 4052 summe
3406 3999 3506 4051 mi-

1922 4080 2113 4137 randa.
2161 4082 2396 4154 Legebat
2434 4084 2669 4142 fortasse
2724 4087 3107 4157 ἀνθρωπηΐης
3154 4105 3252 4159 pro
3280 4091 3505 4158 ἀνθρωο

1921 4171 2123 4240 πικῆς.
2153 4172 2473 4230 Feliciorem
2506 4191 2615 4231 non
2653 4176 2818 4231 habet
2863 4179 3165 4233 versionem
3189 4181 3506 4236 Ambrosius

1924 4267 2358 4324 Camaldulensis
2386 4290 2397 4324 :
2430 4286 2596 4340 eaque
2625 4279 2676 4325 et
2714 4280 2870 4340 gessit
2908 4281 2963 4326 et
2986 4272 3197 4340 pertulit
3225 4289 3343 4341 qua:
3384 4285 3504 4327 sunt

1921 4359 2165 4414 humano:
2188 4362 2300 4430 ejus
2324 4362 2695 4431 assumptionis
2715 4364 2878 4417 electa
2900 4372 3057 4434 atque
3077 4366 3360 4435 praecipua.
3390 4367 3501 4420 Vo-

1920 4472 2035 4511 cem
2051 4456 2361 4525 θεουργιας
2380 4456 2513 4511 satis
2526 4471 2631 4511 non
2643 4457 2913 4527 exprimit.
2930 4456 3260 4528 Imperfectte
3286 4459 3502 4513 demqu

221 4564 379 4617 chum
406 4561 840 4617 Camaldulensis
866 4560 1093 4627 ordinis,
1124 4566 1182 4613 ut
1210 4559 1525 4615 inscribitur
1545 4560 1598 4613 in
1622 4565 1813 4614 eodem

1928 4554 2048 4603 sunt
2094 4545 2332 4600 Perionii
2369 4556 2423 4601 et
2455 4546 2701 4602 Corderii
2732 4547 3013 4600 versiones
3043 4567 3054 4601 :
3108 4546 3221 4610 illa,
3254 4546 3499 4615 fecitque,

220 4654 469 4720 Dionysii
512 4653 865 4709 Carthusiani
914 4651 1209 4717 volumine,
1258 4651 1402 4721 quod
1448 4652 1713 4721 integram
1748 4652 1814 4704 ab

218 4749 413 4804 eodem
457 4745 760 4801 confectam
793 4746 1133 4814 Areopagitas
1176 4741 1461 4809 librorum,
1503 4753 1558 4799 et
1595 4744 1810 4812 Episto-

218 4837 395 4895 larum
438 4838 692 4893 undecim
729 4837 1035 4893 versionem
1081 4842 1320 4904 prazstat.
1358 4833 1684 4889 Traversarii
1721 4849 1815 4888 eo-

220 4946 460 5001 gnomen
486 4929 605 4997 ejus
634 4936 737 4995 est,
774 4943 837 4983 ac
870 4928 1126 4997 oppidum
1161 4925 1365 4981 Portici
1394 4940 1553 4995 supra
1585 4925 1813 4978 Forum-

220 5022 437 5087 livinm,
479 5018 677 5088 patria.
708 5017 1057 5072 Celeberrimi
1093 5015 1290 5071 smeulo
1334 5016 1563 5070 cadente
1603 5014 1813 5069 decimo

221 5125 443 5184 quarto,
485 5113 814 5181 lahcnteque
849 5112 1041 5180 quinto
1074 5110 1285 5165 decimo
1315 5108 1598 5179 scriptoris
1638 5106 1813 5178 elogia

224 5216 412 5260 texunt
438 5203 826 5273 bibliographi.
868 5201 1294 5257 Prazclarissime
1329 5200 1396 5255 de
1437 5215 1503 5254 eo
1535 5200 1812 5254 disseren-

222 5306 326 5349 tem
360 5294 479 5361 lege
497 5293 817 5361 Apostolum
846 5291 1051 5346 Zenum
1077 5294 1132 5346 in
1166 5290 1641 5345 Dissertationibus
1682 5287 1813 5342 Vos-

218 5389 383 5442 sianis
415 5386 604 5441 ltalice
637 5387 876 5454 scriptis,
904 5393 1038 5439 tom.
1065 5384 1107 5440 ι.
1330 5432 1341 5441 .

286 5482 529 5547 Quartus
574 5489 659 5534 est
698 5478 1009 5534 Joachimus
1053 5478 1375 5545 Perionius,
1428 5477 1813 5532 Benedictinus

220 5574 731 5628 Cornioeriacenus.
764 5571 1081 5626 Versionem
1123 5587 1277 5626 suam
1316 5569 1567 5623 Latinam
1600 5584 1812 5623 nuncu-

220 5674 309 5733 pat
346 5663 615 5722 cardinali
665 5662 1086 5717 Vindocinensi.
1132 5663 1188 5716 ln
1239 5661 1465 5730 epistola
1505 5659 1630 5714 data
1681 5657 1808 5713 Kal.

222 5756 353 5812 Maii
400 5758 562 5821 1555,
612 5758 690 5812 sic
745 5757 958 5811 habet:
1015 5773 1033 5804 ι
1075 5754 1333 5809 Converti
1384 5762 1565 5807 autem
1625 5753 1810 5806 omnia

221 5850 332 5919 ejus
355 5866 519 5922 opera
554 5863 677 5920 qua:
698 5858 936 5915 exstant,
969 5848 1018 5900 id
1050 5856 1132 5899 est
1164 5845 1237 5901 De
1264 5845 1457 5901 caelesti
1501 5842 1808 5900 hierarchia

534 5947 804 6005 ΡΑ-ιιιοι..
854 5942 972 6002 Gn.
1021 5942 1129 6001 lll.

1925 4648 1973 4691 et
2025 4654 2213 4707 passus
2262 4646 2337 4693 est
2386 4639 2586 4704 omnia,
2634 4652 2752 4706 quae
2774 4638 3021 4691 humana:
3066 4636 3229 4707 ipsius
3282 4637 3501 4690 actionis

1925 4732 2194 4802 praecipua
2239 4742 2359 4785 sunt
2392 4742 2440 4785 et
2471 4730 2814 4797 singularia:
2860 4729 2993 4793 ista,
3051 4746 3212 4799 eaque
3266 4732 3499 4799 gesserit,

1928 4825 2236 4895 tuleritque,
2260 4841 2377 4894 qua:
2400 4824 2648 4877 humana:
2671 4823 2834 4891 ipsius
2865 4823 3086 4877 actionis
3100 4824 3365 4893 praxipua
3379 4832 3503 4877 sunt

1918 4928 1965 4972 et
1994 4917 2308 4987 singularia.

1990 5007 2068 5062 lta
2098 5024 2225 5063 vero
2258 5016 2462 5063 textum
2488 5006 2807 5062 vertendum
2827 5008 2980 5079 jubet
3007 5008 3235 5063 Michael
3269 5008 3500 5077 Lequie-

1922 5116 2024 5154 nus
2053 5099 2448 5156 Dissertatione
2508 5114 2547 5155 ιι
2596 5100 3007 5167 Damascenica,
3049 5117 3197 5156 num.
3233 5102 3349 5165 XV,
3386 5119 3503 5171 ege-

1920 5192 2113 5262 ritque,
2142 5202 2189 5246 et
2223 5208 2493 5260 perpessus
2521 5193 2591 5244 sit
2626 5193 2817 5245 erimia
2847 5209 3082 5262 quasque,
3115 5202 3163 5245 et
3194 5194 3499 5246 excellentia

1918 5284 2376 5337 humano-divina
2434 5284 2735 5352 efﬁcientia:
2782 5300 2957 5351 opera.
3004 5284 3155 5338 lianc
3202 5300 3300 5338 suo
3365 5294 3501 5339 teni-

1921 5391 2080 5445 pore,
2110 5385 2204 5429 aut
2230 5391 2260 5429 a
2283 5390 2363 5442 se,
2393 5384 2488 5429 aut
2519 5376 2587 5429 ab
2611 5374 2732 5429 aliis
2756 5373 3089 5439 confectam,
3122 5376 3255 5428 vidit
3278 5385 3499 5429 sanctus

1919 5468 2164 5523 Thomas
2201 5467 2449 5537 Aquinas
2479 5469 2808 5531 versionem,
2839 5477 2893 5521 et
2919 5466 3162 5521 adhibuit
3208 5483 3267 5521 ιιι
3295 5483 3368 5533 p.,
3402 5482 3497 5535 qu.

1916 5574 2030 5624 xu,
2061 5568 2165 5611 art.
2201 5559 2253 5625 1,
2289 5559 2339 5612 in
2371 5572 2488 5627 arg.
2516 5559 2567 5623 1,
2596 5560 2804 5627 operari
2834 5569 2881 5613 et
2910 5561 3018 5628 pati
3044 5572 3364 5629 qutrcunque
3392 5557 3500 5610 hu-

1916 5664 2091 5705 mana:
2114 5651 2229 5718 ejus
2273 5650 2564 5719 divinisque
2614 5650 2906 5717 operationi
2944 5657 3261 5719 congruunt.
3294 5648 3495 5713 Nempe

1919 5745 2121 5799 Doctor
2164 5742 2457 5810 Angelicus
2497 5756 2596 5810 pro
2652 5757 2746 5796 sua
2774 5742 2992 5811 peritia,
3039 5756 3243 5811 proque
3280 5755 3341 5793 ea
3388 5753 3495 5807 qua

1915 5837 2148 5907 pollebat
2187 5836 2386 5907 ingenii
2415 5836 2494 5901 vi,
2525 5835 2640 5891 suis
2670 5836 2721 5890 in
2760 5837 3015 5905 cperiiius
3052 5837 3208 5889 modo
3246 5843 3487 5901 setltltluf

3133 5928 3171 5983 3
