3916 6234
427 387 500 446 ~75
1580 389 1637 442 S.
1682 385 2053 440 DIONYSIUS
2087 384 2551 441 AREOPAGITA.
3628 383 3709 439 "'6

424 505 759 574 'Sc0tigrnre,
795 516 858 557 ac
889 502 1049 558 modo
1089 501 1377 557 Sarraceni
1406 501 1650 556 Latinam
1672 502 2010 567 versionem,
2042 510 2088 565 Α
2120 512 2175 556 ιιι
2211 501 2637 573 Mouopltysilica
2693 501 2810 555 labe
2858 501 3118 557 infectum
3163 506 3419 559 ostendat
3461 503 3707 575 Opermn

431 608 492 653 ut
525 596 651 652 alibi
675 594 1024 649 observatum
1054 601 1171 659 est;
1199 608 1261 645 ac
1282 594 1445 646 etiam
1473 591 1834 660 frequentius,
1860 603 2009 647 utro-
2096 596 2619 663 ‘AreOpagiticorum
2671 605 2972 649 auctorem.
3025 597 3095 650 At
3134 598 3323 651 eadem
3366 597 3421 652 in
3448 600 3711 654 versione

428 705 535 761 que
584 690 882 755 interprete
926 685 1171 750 dimisso,
1202 684 1573 753 Areopagitici
1609 694 1790 740 textus
1834 684 2010 738 reddit
2116 686 2250 739 nihil
2293 701 2400 740 non
2433 687 2591 751 vidit,
2625 687 2727 740 nisi
2759 687 3003 755 apprime
3042 690 3429 753 orthodoxam,
3457 690 3708 745 Thomas

427 797 650 839 sensum
679 779 1027 834 nitidiuribus
1058 778 1275 843 verbis;
1307 778 1592 847 ipsumque
1620 786 1827 831 textum
1856 775 2009 830 ϐιηθ-
2115 776 2379 846 Aquinas,
2407 785 2466 831 ut
2513 778 2717 833 evincit
2750 779 2802 831 in
2842 778 3113 833 solutione
3163 780 3325 849 primi
3369 781 3709 852 argumenti.

428 892 553 932 cum
592 875 810 929 videtur
835 874 950 942 ipse
974 871 1289 940 aliquando,
1318 870 1571 925 autalius
1599 871 1668 926 ab
1691 870 1883 924 eodem
1918 882 2007 922 ro-
2114 870 2210 941 Egi
2240 885 2342 941 ego
2375 871 2478 927 hac
2506 872 2574 926 de
2623 888 2683 927 re
2717 873 2937 927 uberius
2980 874 3033 927 iu
3065 873 3459 929 Dissertatione
3502 873 3712 942 saepius

428 975 606 1035 gattts,
649 965 1015 1031 consuluisse,
1057 978 1121 1018 ac
1160 962 1351 1017 Latine
1388 964 1617 1018 reddere
1667 961 2007 1018 accuratiore
2112 964 2301 1026 citata,
2329 964 2509 1033 capite
2534 965 2621 1027 18,
2655 980 2721 1020 ac
2773 967 2969 1019 mirum
3013 981 3167 1032 sane,
3196 982 3305 1021 non
3342 969 3519 1021 visum
3542 983 3574 1021 a
3599 966 3711 1021 Le-

429 1058 803 1113 translatione.
2114 1056 2315 1125 quieno
2344 1057 2524 1112 locum
2556 1056 2778 1113 Thema:
2816 1069 3375 1131 praetermissumque.

499 1152 764 1209 Versione
798 1150 885 1205 illa
925 1164 1020 1206 sua
1043 1148 1355 1219 Leqnienus
1384 1147 1627 1204 abutitur
1656 1148 1775 1204 loco
1817 1148 2003 1214 citato,

952 1508 1841 1603 TYPOGRAP'HUS
1917 1508 2521 1603 STUDIOSO
2594 1504 3158 1602 LECTORI.

499 1888 636 1942 Cum
674 1883 832 1939 multi
866 1884 919 1937 in
955 1884 1059 1937 hac
1094 1884 1325 1965 civitate
1370 1883 1480 1938 sint
1517 1883 2111 1965 egregiitypographi,
2134 1882 2225 1952 qui
2250 1890 2436 1964 partes
2477 1894 2605 1965 suas
2635 1893 2798 1965 quam
2830 1878 3180 1965 exactissime
3215 1878 3467 1965 implent,
3493 1880 3713 1965 factum

434 1971 620 2013 tamen
647 1966 751 2018 cst,
785 1970 1085 2023 paucorum
1114 1955 1328 2009 defectu
1369 1965 1535 2023 atque
1554 1948 1798 2017 incuria,
1820 1948 2001 2008 'ut"ex'
2025 1948 2309 2023 extraneis
2340 1950 2584 2006 nonnulli
2610 1952 2689 2023 Ade
2716 1950 3186 2023 typographorum
3221 1948 3549 2023 Venetorum
3576 1952 3713 2005 dili-

436 2030 623 2099 gentia
658 2021 821 2099 atque
853 2026 903 2099 i_n
934 2024 1223 2093 promissis
1250 2021 1514 2099 fidelitate
1546 2026 1727 2078 minus
1762 2034 1911 2099 recte
1955 2026 2215 2078 sentiant.
2252 2022 2364 2099 [loc
2391 2021 2681 2099 cum_mihi
2714 2021 2953 2099 ignotum
2999 2034 3105 2073 non
3125 2021 3237 2099 “sit,
3261 2036 3360 2088 ego
3387 2022 3439 2072 in
3474 2022 3525 2075 id
3570 2023 3714 2077 totis

429 2091 642 2152 uiribus
675 2091 954 2157 incumbe,
987 2103 1045 2146 ιιι
1072 2104 1128 2146 et
1158 2095 1356 2147 malam
1385 2094 1690 2163 aliquorum
1735 2095 2048 2162 opinionem
2076 2094 2404 2157 convellam,
2436 2101 2491 2145 et
2521 2092 2717 2145 bonam
2750 2093 2980 2145 aliorqu
3012 2091 3330 2144 confirmem
3360 2101 3414 2144 et
3442 2104 3712 2161 augeam;

426 2170 657 2239 ipseque
710 2181 818 2239 non
848 2164 1255 2232 indiligentibus
1290 2165 1504 2239 paucis,
1531 2165 1625 2239 sed
1652 2165 1882 2239 aliorum
1911 2165 2002 2239 qui
2045 2164 2417 2239 diligentiores
2451 2172 2504 2239 et
2547 2164 2930 2239 accuratiores
2950 2169 3097 2227 sunt,
3126 2175 3353 2215 numero
3381 2176 3711 2218 accensear.

426 2232 585 2306 Quod
615 2237 726 2307 jam
754 2236 1096 2303 aliquoteuus
1127 2251 1244 2288 mea
1379 2235 1628 2303 Gregorii
1654 2235 1980 2307 Naziatizcni
2010 2232 2272 2307 editione,
2300 2249 2420 2302 qua:
2453 2233 2593 2307 haud
2627 2232 2838 2307 modico
2881 2232 3069 2307 plausu
3107 2240 3336 2299 excepta
3357 2242 3473 2307 _es_t,
3505 2247 3713 2289 censeo

428 2301 731 2364 c'utum'me
755 2301 913 2374 spero
941 2324 954 2356 :
979 2315 1031 2359 et
1074 2306 1354 2373 praesenti,
1385 2301 1547 2373 quam
1598 2308 1695 2359 tibi
1727 2305 1919 2367 oll'cro,
1963 2305 2206 2359 studiose
2228 2301 2442 2369 Lector,
2493 2301 3270 2374 AreopagiticorumOperam
3304 2303 3569 2366 editione,
3618 2319 3714 2359 me

426 2379 601 2434 multo
633 2372 806 2445 magis
838 2372 1262 2445 consecuturum
1312 2372 1531 2429 confido
1565 2392 1579 2427 :
1623 2376 2061 2444 quandoquidem
2096 2375 2147 2427 in
2197 2391 2260 2428 ea
2295 2374 2605 2428 adornanda
2638 2387 2737 2425 nec
2782 2372 3221 2445 diligential‘ulli,
3252 2375 3709 2445 necqsumptihus

427 2450 543 2503 ullo
576 2441 1008 2515 modo—peperci.
1043 2444 1213 2499 Porro
1259 2447 1388 2514 quid
1442 2446 1495 2498 in
1526 2460 1589 2499 ea
1628 2441 1932 2515 pmstittim
1958 2446 2048 2508 sit,
2082 2458 2338 2515 quotque
2365 2446 2432 2499 ad
2467 2458 2590 2515 eam
2620 2445 2964 2515 ornatiorem
2998 2441 3202 2509 tibique
3231 2443 3541 2515 chariorem
3572 2448 3707 2498 red-

428 2519 665 2573 dendam
702 2513 813 2570 sint
839 2516 1044 2581 addita,
1077 2529 1142 2569 ex
1176 2513 1381 2583 praevia
1408 2516 1508 2568 viri
1540 2513 1640 2569 CII
1663 2517 2060 2570 Dissertatioue
2086 2514 2430 2569 satis=habes.
2464 2513 2648 2568 Silebo
2678 2526 2806 2568 vero
2838 2514 2952 2582 ipse
2977 2514 3043 2566 de
3066 2515 3271 2566 charta:
3311 2514 3511 2584 nitore,
3538 2526 3707 2584 typo-

432 2606 557 2644 rum
591 2588 887 2657 elegantia,
920 2586 1154 2653 aliisque
1178 2582 1424 2657 adjectis
1449 2590 1810 2649 ornamentis,
1843 2595 2029 2654 utpote
2051 2601 2170 2653 qme
2202 2587 2254 2639 iti
2287 2586 2474 2657 oculos
2511 2594 2633 2637 tuos
2656 2598 2753 2637 sua
2794 2594 2987 2657 sponte
3019 2585 3328 2657 incurrunt.
3363 2582 3478 2657 lluo
3512 2582 3703 2657 tamen

426 2668 575 2725 sunt,
614 2651 902 2726 de'quibus
934 2651 1287 2725 peculiariter
1312 2664 1364 2708 te
1392 2657 1687 2710 admonere
1737 2673 1852 2709 mea
1895 2651 2159 2709 interesse
2192 2666 2342 2726 puto.
2377 2656 2620 2726 Primum
2646 2662 2753 2719 est,
2792 2651 3028 2726 studium
3070 2668 3130 2706 ac
3161 2653 3511 2726 diligentiam,
3537 2651 3705 2723 plane

426 2725 761 2798 singularem
791 2740 877 2780 me
917 2726 1259 2798 adhibuisse,
1288 2736 1347 2779 ut
1392 2727 2026 2798 quauieuiendatissuna,
2078 2741 2175 2798 seu
2193 2725 2653 2798 ’quamliberrima
2682 2738 2713 2777 a
2745 2725 2914 2798 uteris
2944 2725 3348 2794 lypugt‘aplticis
3382 2725 3551 2778 editio
3591 2730 3706 2780 ista

429 2794 676 2870 pro'diret
711 2815 725 2849 :
756 2799 809 2850 in
841 2811 1002 2870 quem
1054 2794 1217 2870 linem
1266 2811 1371 2850 non
1414 2794 1592 2870 unius
1642 2806 1852 2849 tantmn
1891 2796 1987 2850 sed
2041 2794 2275 2870 plurium
2326 2796 2665 2870 eruditorum
2696 2795 2948 2870 _virorutn
3005 2810 3134 2848 usus
3184 2810 3304 2870 sum
3340 2798 3704 2870 operaagluo

429 2865 631 2924 factum
657 2878 743 2923 est
770 2867 908 2920 utin
955 2867 1057 2919 hac
1084 2867 1326 2921 editione
1356 2882 1463 2920 non
1495 2867 1669 2920 solum
1698 2878 1879 2921 errata
1918 2882 2055 2919 nova
2088 2869 2271 2920 addita
2304 2883 2407 2920 non
2434 2867 2565 2931 sint,
2615 2866 2708 2919 sed
2737 2866 2903 2920 etiam
2934 2880 3000 2919 ex
3048 2865 3352 2930 veteribus,
3383 2866 3452 2919 iis
3482 2866 3705 2920 scilicet

428 2954 549 3009 quae
592 2939 643 2993 in
674 2939 1043 3009 praecedentes
1090 2936 1356 3009 editiones
1394 2938 1763 3009 irrepserant,
1793 2938 1900 3009 sint
1945 2936 2087 3009 haud
2124 2952 2295 3009 pauca
2344 2936 2580 2990 sublata.
2606 2934 2685 2989 Ne
2710 2951 2839 2990 vero
2866 2935 3308 3009 merajactantia
3368 2951 3489 2989 mea
3521 2937 3703 3009 videri

428 3005 542 3063 haec
577 3005 760 3078 posset
797 3008 1059 3076 (jactatur
1089 3006 1140 3060 id
1174 3008 1375 3076 quippe
1417 3005 1583 3061 etiam
1636 3009 1705 3059 ab
1755 3007 2241 3075 imliligentissimis
2278 3009 2604 3076 quandoque
2658 3007 3061 3076 typographis),
3111 3005 3513 3061 constitueram
3549 3007 3701 3061 inte-

425 3096 584 3149 grum
616 3081 937 3149 tuendorum
968 3092 1092 3149 qua:
1120 3078 1336 3130 sublata
1386 3089 1513 3130 sunt
1539 3079 1829 3132 elenchum
1873 3079 1967 3131 tibi
2012 3079 2116 3130 hoc
2140 3079 2257 3149 loco
2280 3081 2350 3131 ob
2378 3078 2571 3149 oculos
2601 3092 2829 3146 ponere.
2868 3078 2977 3131 Sed
3026 3078 3291 3149 quoniam
3330 3078 3543 3149 veritus
3572 3092 3701 3131 sum

422 3145 497 3206 the
532 3152 632 3204 hoc
663 3149 831 3218 aliqui
877 3148 1100 3218 sinistre
1143 3149 1656 3215 interpretarentur,
1692 3164 1863 3216 pauca
1913 3148 2308 3212 tantummodo,
2349 3145 2668 3216 specitnitiis
2708 3162 2899 3211 causa,
2949 3146 3222 3201 versionis
3252 3145 3463 3218 Latinae
3510 3158 3701 3202 errata

431 3221 526 3274 tibi
559 3217 786 3283 sistam;
828 3217 1141 3288 etquidem
1173 3232 1240 3271 ex
1293 3232 1480 3271 eorum
1512 3234 1711 3288 genere
1758 3217 2134 3288 quaenonnisi
2189 3220 2479 3272 attentiore
2524 3232 2719 3273 sensus
2764 3219 3179 3288 ponderatione,
3220 3228 3315 3271 aut
3363 3217 3531 3271 etiam
3570 3234 3703 3271 cum

428 3292 620 3345 Graeco
654 3299 803 3343 textu
838 3287 1130 3341 collatione
1161 3288 1491 3355 deprehendi
1520 3286 1599 3341 'et
1629 3287 1910 3342 emendari
1938 3297 2212 3356 poterant.
2255 3288 2431 3343 llabet
2460 3290 2645 3358 itaque
2691 3286 2862 3342 editio
2913 3286 3259 3349 Parisiensis,
3292 3302 3381 3341 ex.
3427 3302 3536 3356 gr.,
3566 3304 3703 3341 con»

429 3362 714 3414 tentionem
749 3374 848 3428 pro
882 3360 1313 3422 consensionem;
1360 3358 1578 3410 interitu
1612 3373 1709 3426 pro
1748 3359 2005 3421 introitu;
2045 3360 2465 3414 disturbatarum
2506 3375 2603 3427 pro
2630 3358 3036 3412 distributarum
3056 3375 3075 3422 ;
3106 3360 3407 3411 unctionem
3436 3374 3535 3425 pro
3578 3360 3703 3412 vin-

425 3435 693 3494 ctionem;
735 3429 1090 3497 corrupuisset
1124 3442 1221 3495 pro
1251 3431 1629 3499 corripuisset;
1669 3431 1757 3482 die
1788 3444 1890 3498 pro
1926 3432 2067 3493 dtis;
2103 3446 2327 3498 quarunt
2357 3445 2456 3499 pro
2489 3445 2783 3498 aquarum;
2828 3434 2906 3483 uti
2944 3445 3044 3499 pro
3088 3438 3226 3493 voti;
3271 3430 3703 3499 itmnunitionem

422 3517 527 3571 pro
580 3501 1040 3571 imminutionem;
1091 3498 1320 3571 dicendi
1348 3514 1445 3567 pro
1492 3501 1763 3565 discendi;
1793 3497 2205 3569 investigabitem
2240 3516 2337 3569 pro
2358 3497 2867 3568 ininvestigabilem;
2913 3497 3200 3571 secundum
3245 3515 3344 3569 pro
3375 3497 3704 3567 fecundum;

431 3566 690 3640 suscipiet
711 3586 812 3641 pro
841 3570 1113 3637 suspiciet,
1140 3581 1248 3641 etc.
1278 3566 1405 3623 Haec
1440 3578 1494 3623 et
1523 3571 1630 3641 alia
1660 3572 1711 3623 id
1741 3585 1912 3640 genus
1936 3566 2044 3623 non
2086 3566 2256 3638 pauca
2286 3573 2337 3624 in
2364 3571 2464 3624 hac
2496 3566 2680 3625 nostra
2714 3571 2952 3625 editione
2977 3571 3079 3623 viri
3114 3566 3287 3634 docti,
3318 3566 3383 3623 et
3404 3571 3703 3641 utriusque

427 3642 628 3708 linguae
666 3640 825 3709 periti
858 3654 1021 3711 opera
1054 3640 1342 3693 emendata
1370 3650 1518 3695 sunt.
1550 3640 1633 3693 Nil
1673 3641 1849 3695 dicam
1914 3644 1981 3695 de
2032 3641 2393 3696 crassioribus
2436 3657 2631 3711 magno
2689 3656 2919 3696 numero
2980 3641 3282 3707 erroribus,
3316 3642 3518 3709 quibus
3547 3640 3709 3695 Pari-

420 3714 546 3767 siua
587 3708 760 3765 editio
805 3708 1155 3779 aspergitur:
1190 3711 1382 3762 horum
1433 3712 1577 3764 enim
1623 3713 1895 3765 correctio
1927 3722 1985 3764 ut
2016 3712 2244 3776 facilior,
2272 3714 2345 3765 ita
2376 3727 2481 3765 non
2528 3708 2746 3766 esthoc
2793 3712 2914 3767 loco
2965 3708 3708 3780 peculiaritercommemo-

428 3784 623 3835 randa.
654 3781 782 3834 Haec
809 3796 939 3851 vero
969 3781 1153 3851 omnia
1202 3794 1308 3833 nou
1342 3792 1414 3833 ita
1442 3800 1473 3835 a
1504 3798 1590 3835 me
1622 3784 1767 3835 dicta
1799 3782 2062 3849 accipias,
2091 3783 2151 3834 Β.
2194 3781 2283 3848 L.,
2312 3784 2469 3851 quasi
2507 3784 2622 3851 ipse
2671 3784 2972 3838 editionum
3005 3781 3402 3836 Parisiensium
3439 3784 3707 3851 (quarum

429 3867 562 3905 sane
613 3852 797 3919 plures
844 3848 1189 3903 nitidissima:
1221 3864 1287 3902 ac
1332 3853 1792 3905 cmendatissimae
1832 3848 1980 3920 sunt)
2017 3848 2431 3907 aestimationem
2463 3848 2803 3908 imminutam
2844 3854 3045 3915 velim;
3081 3855 3177 3907 sed
3209 3864 3269 3906 ut
3299 3848 3611 3919 palam—tiat
3650 3854 3706 3905 in

431 3936 630 3991 magno
659 3936 754 3975 eos
784 3934 974 3991 errore
1003 3922 1209 3991 \jersari
1241 3920 1333 3988 qui
1378 3924 1521 3975 solas
1554 3923 1871 3991 peregrinas
1900 3924 2165 3976 editiones
2195 3926 2468 3977 aestimare
2514 3935 2757 3990 norunt;
2786 3937 2991 3991 easque
3032 3936 3222 3977 omnes
3258 3922 3483 3977 Venetis
3517 3925 3706 3977 omni-

431 3989 546 4045 bus
575 3993 782 4064 absque
833 3990 944 4064 ullo
972 3989 1291 4064 discrimine
1334 3989 1710 4061 anteponunt.—
1734 3994 1841 4046 Sed
1870 3994 1973 4046 hac
2001 3995 2069 4047 de
2106 4008 2165 4046 re
2192 3994 2345 4049 satis.
2378 3996 2640 4059 Alterum,
2667 3989 2872 4064 dequo
2903 3989 2955 4048 te
2986 3995 3363 4063 praemonitum
3416 3996 3562 4052 volo.
3594 4005 3706 4057 est,

428 4064 578 4116 hunc
602 4062 842 4130 primum
872 4061 1383 4134 Areopagiticorum
1426 4063 1668 4132 Operunt
1702 4073 1907 4117 tomum
1947 4064 2050 4117 hoc
2080 4066 2405 4117 decurrente
2440 4080 2626 4118 mense
2668 4061 2840 4134 Aprili
2880 4065 2934 4117 in
2965 4061 3138 4117 lucem
3166 4067 3424 4134 prodire;
3457 4082 3525 4121 eo
3548 4067 3706 4120 scili-

432 4145 520 4203 cet
553 4148 764 4196 mense,
806 4146 916 4201 quo
954 4133 1130 4203 ipsum
1165 4132 1528 4203 proditurum,
1570 4134 1732 4186 fidem
1762 4148 1939 4187 meam
1965 4134 2018 4186 in
2049 4135 2249 4203 pratvia
2274 4134 2656 4190 Declaratioue
2702 4132 3107 4190 obstrinxeram
3143 4132 3253 4188 {ut
3302 4135 3385 4189 vel
3412 4139 3541 4191 hinc
3590 4136 3704 4190 col-

434 4202 572 4276 ligas
601 4205 737 4276 quid
762 4200 1137 4276 depromissis
1167 4216 1196 4252 a
1223 4202 1519 4276 tnetibiin
1551 4214 1827 4270 posterum
1856 4200 2122 4260 faciendis
2149 4214 2472 4276 exstiectare
2502 4215 2616 4259 tuto
2641 4210 2837 4276 possis.
2874 4206 3041 4269 Sane,
3086 4208 3553 4275 quemadmodum
3588 4208 3710 4274 ipse

433 4274 961 4347 arbitror,_houes_to
994 4271 1216 4347 homine
1250 4272 1324 4324 nil
1355 4272 1631 4347 indignius
1657 4287 1782 4347 esse
1821 4288 1983 4347 quam
2028 4278 2210 4329 datam
2240 4271 2459 4344 publico
2492 4271 2658 4330 fidem
2685 4275 3018 4347 infringere;
3048 4271 3123 4329 ita
3155 4279 3385 4331 firmiter
3429 4271 3712 4334 constitu-

435 4351 548 4395 tum
586 4345 721 4417 mihi
750 4354 834 4397 est
865 4344 1259 4417 detrimentum
1286 4346 1519 4417 quodvis
1554 4345 1736 4412 potius
1761 4346 1966 4407 subire,
2000 4360 2168 4417 quam
2200 4357 2414 4417 tantum
2438 4347 2675 4402 dedecus
2697 4344 2987 4417 aspergere
3015 4349 3221 4401 numiui
3251 4363 3396 4404 meo.
3429 4349 3547 4404 lloc
3576 4364 3712 4403 vero

434 4428 601 4466 unum
649 4416 922 4485 reliquum
971 4422 1076 4478 est,
1115 4414 1324 4481 Optime
1352 4412 1571 4478 Lector,
1624 4424 1684 4467 ut
1715 4418 1832 4468 haec
1872 4430 1992 4468 mea
2035 4416 2131 4470 tibi
2159 4416 2375 4485 placere
2420 4420 2701 4472 ostendas.
2732 4412 2824 4473 Sic
2853 4412 2999 4473 etum
3032 4418 3266 4485 majora,
3302 4431 3358 4472 et
3394 4423 3628 4476 meliora
3653 4420 3712 4473 iu

436 4486 512 4535 tui
548 4486 789 4539 favorem
827 4494 882 4540 et
912 4485 1265 4538 commodum
1292 4485 1611 4552 capessendi
1647 4488 1701 4538 in
1739 4486 1855 4539 dies
1887 4486 2021 4540 mihi
2053 4489 2269 4542 animus
2294 4488 2544 4542 addetur.
2570 4489 2791 4544 Interim
2823 4490 2909 4544 his
2939 4491 3121 4543 fruere
3148 4498 3205 4544 et
3232 4490 3369 4543 vale.

2772 4694 3717 4730 _________.____.,

1788 4850 2372 4945 MONITUM

1223 5070 1525 5126 EDlTlONl
1561 5070 1950 5128 PABISIENSI
1984 5074 2149 5128 ANNI
2189 5073 2495 5131 MDCXLIV
2529 5073 2943 5135 PREFIXUM.

515 5411 647 5466 Plus
679 5411 772 5465 tibi
802 5426 937 5489 nova
968 5408 1073 5464 ista
1118 5411 1281 5489 editio
1328 5411 1529 5489 exhibet
1570 5426 1728 5481 quant
1765 5426 1882 5480 quw
1915 5420 2119 5489 eceterae
2158 5428 2334 5489 omnes
2364 5416 2614 5467 hactenus
2647 5424 3055 5489 princesserunt.
3094 5414 3241 5470 Duas
3279 5418 3472 5487 quippe
3500 5430 3720 5489 postre-

436 5500 573 5548 mas,
601 5492 649 5535 et
678 5500 770 5535 eas
796 5483 1010 5552 quidem
1038 5483 1474 5535 accuratissimus
1503 5498 1735 5535 omnium
1782 5498 1845 5533 ac
1873 5482 2312 5552 absolutissimas
2338 5501 2444 5536 una
2486 5484 2883 5552 cOMplectitttr;
2914 5484 3011 5538 hoc
3063 5496 3161 5550 est,
3201 5482 3386 5541 curam
3407 5482 3637 5543 'om'nem
3671 5502 3723 5544 et

507 5550 1066 5623 operam,quam'duo
1110 5552 1191 5605 illi
1227 5555 1525 5621 gravissimi
1574 5568 1634 5603 ac
1665 5550 2005 5604 doctissimis
2033 5553 2303 5606 Societate
2351 5554 2480 5607 Iesu
2527 5550 2739 5615 Patres,
2785 5554 3095 5609 Lansselius
3132 5570 3180 5609 et
3214 5557 3508 5611 Corderius
3554 5563 3727 5615 adhi-

436 5625 685 5698 buerunt,
706 5632 1070 5698 navamntqne
1101 5633 1207 5675 tam
1236 5627 1470 5698 arduam
1496 5637 1560 5674 ac
1587 5638 1849 5698 sagacem,
1880 5631 1932 5672 ut
1959 5637 2112 5698 suam
2147 5625 2579 5698 uterque_qu_cad
2615 5624 2786 5698 licuit,
2817 5628 3127 5698 adornaret.
3163 5627 3309 5698 Quin
3339 5641 3389 5684 et
3434 5632 3727 5698 quidpiam

436 5694 665 5744 m-ttinet
697 5694 870 5769 aliud,
906 5694 1338 5769 nondum-timet:
1453 5693 1621 5744 lucem
1669 5691 1964 5769 publicam“
1986 5692 2306 5769 euulgatum.
2345 5691 2644 5769 ls'ditionem
2701 5694 2979 5769 Larisselii,
3010 5714 3129 5764 qum
3161 5691 3213 5750 in
3243 5697 3342 5751 hac
3392 5691 3511 5769 ipsa
3548 5691 3725 5753 Pan-

434 5778 635 5839 storutn
666 5764 891 5839 ciuitate
910 5780 1049 5814 anno
1076 5763 1231 5839 Δ1615
1256 5766 1553 5833 prodierat,
1578 5772 1756 5839 secuta
1780 5770 1855 5839 est
1889 5763 2001 5839 alia
2027 5765 2152 5839 illa,
2183 5778 2341 5830 quam
2384 5764 2523 5839 apud
2562 5763 2908 5831 Antuerpiam
2954 5763 3095 5839 anno
3130 5770 3270 5821 165i:
3294 5763 3593 5825 Corderins
3620 5789 3731 5839 ap-

442 5834 665 5899 paravit.
701 5832 831 5889 Eam
876 5834 1033 5903 igitur
1070 5832 1261 5906 ipsum
1288 5850 1406 5904 qua:
1438 5844 1653 5889 auctore
1683 5832 1933 5888 Corderio
1978 5834 2199 5902 prodiit,
2231 5844 2281 5889 ttt
2327 5836 2672 5905 posteriorem
2699 5845 2745 5890 et
2776 5838 3078 5891 accuratius
3124 5840 3480 5900 elaboratam.
3516 5844 3574 5897 in
3608 5832 3730 5896 ad.»
