3916 6234
240 424 317 477 ’Π
1613 420 2147 478 PROLEGOMENA.
3432 422 3499 479 73

244 545 390 594 tione
418 540 526 593 ista
552 536 687 593 novti
719 539 864 611 sequi
895 539 1087 604 libuit;
1118 539 1350 609 adeoque
1390 538 1535 607 prior
1564 538 1782 662 huiusce
1812 539 1981 603 operis
2012 549 2199 598 tomus,
2229 538 2318 608 qui
2346 536 2406 593 S.
2439 537 2679 619 Dionysii
2708 547 3000 592 contextum
3041 537 3332 591 universum
3380 555 3498 593 cum

249 610 603 662 Pachumerre
640 608 969 662 Paranhrasi
993 610 1244 662 continet.
1272 626 1337 662 ea:
1358 615 1593 662 versione
1650 609 1860 661 'orderii
1897 609 2245 661 concinnatus
2266 620 2361 662 est.
2388 625 2505 662 cum
2534 611 2766 662 eiusdem
2793 609 3150 662 natationibus
3175 608 3244 660 ad
3268 613 3498 662 sinaulo-

249 610 603 677 Pachymerre
640 608 969 676 Paraphrasi
993 610 1244 672 continet,
1263 608 1337 663 ea:
1358 615 1593 663 versione
1619 608 1860 662 Corderii
1897 609 2245 661 concinnatus
2266 620 2361 670 est.
2388 625 2505 662 cum
2534 608 2766 678 ejusdem
2793 609 3150 662 natationibus
3175 608 3244 660 ad
3268 613 3506 677 singulo-

245 698 366 733 rum
392 682 631 741 capitum
662 680 859 733 calcem
888 681 1130 747 adjectis.
1161 681 1314 744 Quod
1356 680 1425 733 ad
1454 680 1795 745 posteriorem
1840 694 1959 731 vero
1991 687 2189 730 tomum
2217 689 2436 743 spectat,
2462 677 2564 748 quo
2596 677 2659 735 S.
2707 678 2935 733 Maximi
2978 678 3217 740 Scholia,
3265 681 3501 748 variique

246 758 519 805 tractatus
544 750 661 811 alii,
687 760 734 802 et
765 750 1111 818 complurium
1136 761 1411 803 auctorum
1447 749 1501 818 in
1526 748 1680 801 istius
1711 756 1819 800 tant
1846 748 2009 801 divini
2041 748 2277 801 auctoris
2310 750 2467 802 vitam
2511 758 2602 802 aut
2640 751 2832 816 scripta
2856 748 3253 818 dissertationes
3286 758 3335 818 et
3363 762 3499 804 nata:

246 820 632 882 continentur;
672 822 911 887 quardam
934 821 988 871 in
1012 835 1070 872 eo
1089 835 1153 871 ea:
1178 820 1409 872 versione
1438 817 1789 888 Lanss_elii,et
1830 818 1939 888 alia
1969 818 2223 888 quaedam
2261 835 2337 888 ea:
2366 820 2592 872 editione
2621 818 2858 873 Corderii
2882 817 3248 888 deprehendes.
3276 817 3341 871 Et
3365 836 3499 888 qua-

246 891 393 941 nians
423 889 481 941 id
534 885 716 954 optare
751 890 1009 958 quispiam
1040 890 1290 954 potuerit,
1332 899 1387 941 ut
1433 889 1550 958 ipsa
1588 886 1650 944 S.
1684 887 1909 958 Maximi
1954 885 2191 958 Scholia.
2224 899 2272 942 et
2301 886 2644 957 Pachymerte
2688 890 2742 941 in
2776 888 3041 957 Epistolas
3088 885 3495 958 Paraphrasivn,

244 959 411 1010 simul
439 976 560 1011 cum
616 955 843 1012 aliorum
870 955 1123 1011 omnium
1154 974 1366 1025 operum
1424 957 1749 1028 Paraphrasi
1793 956 1994 1025 reliqua
2027 966 2074 1028 et
2108 955 2349 1028 Gorderii
2404 955 2675 1014 adnotatis
2704 960 2772 1011 ad
2812 955 3143 1028 singularum
3190 957 3500 1027 Dianysiani

247 1037 426 1081 textus
450 1030 684 1091 capitum
717 1030 1051 1098 appendicem
1075 1029 1258 1080 eadem
1290 1029 1450 1081 series
1473 1027 1736 1079 exhiberet
1761 1043 1779 1090 ;
1802 1042 1864 1078 ne
1892 1043 1989 1098 suo
2022 1027 2125 1079 isto
2151 1026 2334 1081 Lector
2358 1038 2472 1083 voto
2498 1030 2707 1082 excidat
2732 1038 2778 1081 et
2812 1026 3095 1098 frustratus
3120 1028 3282 1081 videri
3309 1026 3496 1095 possit,

244 1101 315 1149 ad
351 1099 567 1166 singula
598 1100 715 1164 ipsa
762 1097 977 1166 prwfati
1009 1108 1180 1151 teatus
1216 1099 1387 1166 capita
1413 1114 1503 1150 seu
1550 1112 1728 1149 eorum
1761 1096 2091 1163 appendicem
2127 1109 2176 1149 et
2216 1098 2409 1151 calcent
2442 1100 2639 1153 indices
2682 1096 2832 1151 notas
2877 1099 3191 1165 adjecimus,
3220 1113 3338 1166 qua:
3387 1108 3500 1151 tum

243 1169 316 1238 ad
343 1165 588 1227 Scholia,
616 1180 723 1220 tum
763 1165 831 1219 ad
876 1165 1648 1231 l’araphrasim'antedictam,
1696 1166 1983 1238 designatis
2012 1166 2261 1238 editionis
2300 1170 2572 1238 utriusque
2600 1169 2830 1237 paginis,
2858 1176 3070 1221 avocent
3105 1184 3169 1238 ac
3207 1165 3498 1223 remittant.

243 1236 338 1290 Ita
375 1255 468 1291 nec
503 1238 676 1289 minus
726 1238 1017 1290 curiasitati
1050 1238 1382 1306 satisfactum
1424 1238 1602 1306 fuerit,
1636 1251 1727 1289 nec
1754 1235 1957 1303 aliquid
1986 1237 2206 1290 utilitati
2236 1235 2553 1299 detractum,
2585 1235 2684 1292 aut
2718 1238 2998 1305 legentium
3030 1236 3330 1304 voluptati;
3381 1252 3501 1303 qua:

243 1314 499 1374 utrinque
526 1318 635 1359 tam
664 1310 844 1360 eadem
875 1322 1032 1374 quam
1058 1308 1103 1359 si
1126 1324 1230 1360 uno
1256 1318 1436 1361 tenore
1464 1309 1564 1359 ista
1596 1316 1942 1375 contextuque
1964 1316 2287 1360 constarent.
2316 1306 2468 1361 Nihil
2501 1311 2764 1362 enimvero
2796 1309 2852 1361 in
2880 1308 3083 1361 caeteris
3111 1308 3502 1375 quanticunque

240 1380 413 1430 studii
446 1378 594 1429 licuit
634 1373 1068 1447 prietermtssum,
1118 1379 1256 1447 quod
1283 1377 1350 1429 ad
1404 1393 1588 1429 novam
1621 1373 1757 1428 hanc
1797 1376 2077 1447 editionem
2127 1392 2192 1428 ex
2235 1380 2466 1430 omnium
2510 1380 2639 1431 votis
2670 1390 2717 1431 et
2762 1379 2935 1430 animo
2976 1373 3391 1431 cumulatissime
3412 1373 3502 1447 iiu-

244 1448 585 1519 struendam,
611 1446 933 1519 ac_numeris
980 1443 1219 1500 omnibus
1254 1447 1622 1500 absolvendum
1670 1447 1973 1513 pertineret,
2011 1443 2164 1500 lectio
2204 1448 2319 1516 ipsa
2346 1448 2559 1515 certius,
2599 1465 2761 1519 quam
2791 1449 3064 1503 verborum
3113 1446 3499 1501 commendatio

241 1518 630 1585 comprobabit.
678 1514 826 1572 Vale.

242 1714 3495 1745 mm

1456 1879 2328 1997 CORDERII

356 2095 1032 2160 OBSERVATIONES
1067 2096 1546 2160 GENERALES
1588 2096 1747 2158 PRO
1782 2095 2193 2160 FACILIORI
2233 2095 2859 2157 INTELLIGENTIA
2890 2095 2951 2157 S.
2988 2095 3370 2158 DlONYSlI.

3510 2152 3522 2190 l

668 2441 1107 2499 OBSERVATIO
1147 2440 1387 2498 PRIMA.

230 2556 374 2613 Tota
416 2555 664 2610 doctrina
707 2556 881 2610 sancti
914 2555 1168 2626 Dionysii
1208 2553 1459 2608 innititur
1487 2550 1648 2626 uerbo
1697 2549 1813 2626 Dei.

304 2626 633 2682 Substantia
661 2637 854 2679 nostrae
878 2621 1210 2679 Hierarchite
1239 2625 1445 2679 verbum
1476 2621 1819 2676 Dei.Descri-

300 2699 417 2764 ptio
448 2696 743 2790 Scripturte
778 2708 825 2750 et
855 2698 1230 2749 traditionum.

306 2810 541 2880 Magnus
565 2810 882 2882 Dionysius,
912 2820 973 2865 ut
1000 2810 1219 2881 sapiens
1246 2809 1578 2866 architectus
1594 2807 1662 2874 θ’,
1696 2818 1820 2877 ope-

230 2919 357 2959 rum
418 2919 645 2959 suorum
702 2905 1121 2959 fundamentum
1170 2904 1352 2975 posuit
1399 2901 1624 2957 verbum
1684 2900 1814 2964 Dei,

231 3013 365 3051 cum
398 2997 709 3068 scriptum,
744 3006 856 3049 tum
903 2998 1196 3063 traditum;
1239 2995 1408 3064 probe
1450 2994 1631 3049 sciens
1679 2991 1816 3047 nihil

227 3088 326 3143 illo
371 3103 498 3144 esse
544 3088 823 3154 stabilius,
855 3087 988 3142 nihil
1030 3090 1261 3156 ﬁrmius,
1296 3088 1513 3144 dicente
1544 3085 1812 3143 Domino:

230 3179 435 3234 Cretum
472 3188 525 3235 et
573 3191 719 3234 terra
765 3182 1092 3243 transibunt,
1120 3183 1281 3236 verba
1329 3189 1506 3235 autem
1554 3196 1669 3234 mea
1712 3196 1815 3235 non

227 3273 532 3326 transibunt
555 3273 627 3328 ⁷⁸.
659 3272 802 3328 Huic
829 3288 963 3343 ergo
989 3274 1303 3329 ﬁrmissimo
1327 3275 1682 3331 fundamento
1704 3286 1815 3332 tota

229 3365 357 3436 ejus
394 3366 651 3421 doctrina
700 3366 1092 3420 sublimissima
1142 3367 1413 3422 innititttr.
1455 3369 1535 3423 Ac
1574 3372 1811 3438 primum

227 3461 452 3528 quidem
480 3469 642 3529 caput
675 3458 913 3514 Ccelestis
943 3459 1257 3514 hierarchite
1292 3469 1468 3515 totum
1500 3471 1585 3517 est
1624 3464 1689 3519 de
1719 3478 1813 3518 sa-

223 3571 317 3610 cra
356 3556 682 3625 Scriptura,
740 3555 978 3618 docens,
1019 3554 1138 3623 ejus
1181 3554 1544 3612 illustratione
1591 3559 1657 3612 ad
1694 3573 1809 3615 co:-

224 3648 447 3703 lestium
477 3661 663 3701 rerum
684 3644 1086 3715 indagationem
1110 3647 1589 3718 cognitionemque
1615 3662 1812 3704 ascen-

224 3737 466 3791 dendum
502 3750 647 3791 esse.
672 3735 866 3806 Capite
902 3738 1162 3802 secundo,
1195 3736 1446 3793 caelestes
1474 3737 1744 3794 hierarchi
1783 3755 1810 3797 ε

226 3832 303 3882 ait
334 3844 461 3884 esse
516 3827 874 3883 celebrandas
906 3847 924 3880 ι
954 3828 1098 3882 κατὰ
1132 3828 1231 3901 τὴν
1268 3829 1447 3885 αὐτῶν
1480 3831 1540 3884 ὲν
1570 3835 1684 3895 τοῖς
1705 3832 1808 3885 Ἀο-

218 3925 364 3993 γίοις
418 3921 827 3993 ὲκφαντορίαν,
873 3938 893 3972 ι
934 3921 988 3975 id
1044 3930 1131 3975 est
1175 3923 1460 3976 secundum
1504 3925 1806 3977 earumdem

223 4017 509 4084 mysticam
559 4016 615 4065 in
664 4012 914 4066 Oraculis
970 4013 1413 4081 explanationem.
1468 4015 1534 4068 Et
1576 4031 1697 4085 cap.
1738 4018 1802 4070 6:

227 4127 248 4160 ι
280 4102 498 4161 Οὐκοῦν
518 4108 680 4177 ἡμεῖς
715 4108 813 4177 μὲν
841 4107 991 4160 οὐδὲν
1016 4107 1385 4178 αὐτοκινήτως
1419 4108 1679 4180 ἐροῦμενο
1707 4112 1807 4165 ὅσα

219 4201 279 4254 δὲ
305 4199 418 4253 τῶν
442 4198 751 4267 summa»;
777 4198 1066 4270 θεαμάτων
1098 4199 1205 4253 ὑπὸ
1223 4201 1331 4253 τῶν
1359 4200 1520 4271 ιερῶν
1543 4201 1807 4271 θεολόγων

222 4294 531 4366 ὲθεωρήθη,
560 4294 737 4348 ταῦτα
762 4294 1061 4365 μυηθέντες
1086 4297 1266 4366 ἡμεῖς,
1291 4296 1368 4360 ὡς
1396 4292 1496 4350 οἷοί
1525 4299 1585 4351 τέ
1616 4300 1804 4370 ἐσμεν,

220 4386 591 4458 ἐκθησόμεθα.
632 4406 651 4438 »
689 4386 874 4456 Itaque
908 4403 1001 4440 nos
1030 4387 1239 4455 quidem
1267 4388 1397 4441 nihil
1426 4398 1567 4442 motu
1593 4392 1806 4458 propria

223 4476 490 4537 dicemus.
520 4476 633 4541 sed,
665 4492 783 4544 qute
822 4476 1061 4546 angelica
1105 4478 1403 4544 spectacula
1434 4481 1631 4533 sanctis
1660 4481 1809 4535 theo-

220 4566 361 4636 logis
399 4567 515 4619 visa
560 4567 801 4635 fuerint,
848 4567 1040 4632 edocti,
1086 4584 1182 4637 pro
1232 4569 1430 4622 viribus
1467 4586 1802 4639 exponemus.

220 4656 392 4711 Libro
426 4659 594 4711 etiam
642 4656 722 4710 De
764 4657 1123 4712 ecclesiastica
1173 4658 1506 4725 hierarchia,
1556 4676 1677 4731 cap.
1725 4665 1747 4717 1
1786 4680 1801 4719 :

220 4747 629 4812 llierarclsiam,
679 4748 877 4818 inquit,
912 4761 1148 4803 nostram
1182 4750 1289 4818 Dea
1321 4751 1497 4806 insita:
1524 4768 1586 4807 ac
1612 4755 1805 4809 divinae

220 4835 534 4906 deiﬁcteque
562 4837 822 4901 scientiae,
858 4853 951 4890 nec
993 4854 1098 4890 non
1136 4812 1420 4908 aﬁlalionis
1448 4849 1499 4894 et
1526 4840 1808 4910 perfectio-

220 4930 302 4982 nis
331 4944 445 4982 esse
471 4928 814 4996 functionem,
845 4947 862 4979 ι
893 4929 957 4981 ὲκ
979 4929 1087 4982 τῶν
1112 4930 1499 5002 ὑπερκοσμίων
1530 4935 1625 4987 καὶ
1651 4935 1806 5007 ἱερω-

215 5018 401 5071 τὰτων
430 5018 579 5088 ἡμᾶς
621 5017 901 5085 ἀποδεῖξαι
919 5019 1131 5087 Λογίων
1161 5023 1290 5091 χρη,
1333 5041 1351 5074 ι
1402 5024 1453 5077 id
1486 5032 1570 5077 est
1603 5040 1669 5077 ea:
1714 5042 1808 5079 su-

1840 2441 1885 2498 Α
1915 2433 2061 2499 νοῦν,
2092 2434 2181 2489 διὰ
2209 2434 2372 2505 μέσου
2406 2433 2567 2502 λόγου
2611 2433 2922 2504 σωματικοῦ
2954 2435 3072 2505 μὲν,
3118 2433 3406 2505 ἀῦλοτέρου
3437 2434 3494 2489 δὲ

1919 2526 2098 2595 ὅμως,
2127 2525 2348 2597 γραφῆς
2381 2526 2556 2611 ἐγεὸς,
2591 2526 2639 2578 οἱ
2670 2524 3041 2597 καθηγεμόνες
3066 2528 3098 2597 ἡ
3109 2525 3223 2596 μῶν
3252 2526 3495 2597 ἐμυήθη-

1924 2632 2041 2670 σαν.
2091 2635 2111 2670 s
2155 2618 2210 2671 Id
2250 2625 2373 2672 est:
2408 2617 2720 2671 Substantia
2765 2619 2903 2670 enim
2936 2617 3251 2671 hierarchia:
3296 2628 3495 2672 nostra

1918 2716 2040 2759 sunt
2072 2708 2321 2761 divinitus
2345 2708 2544 2761 tradita
2569 2707 2805 2763 oracula.
2826 2707 3058 2764 Maz'me
3085 2726 3202 2765 vero
3229 2710 3329 2765 ista
3355 2708 3495 2765 Ora-

1920 2797 2040 2852 cula
2082 2796 2304 2852 dicimus
2329 2797 2647 2863 veneranda,
2676 2816 2793 2868 qum
2829 2817 2861 2853 a
2890 2801 3059 2875 sacris
3090 2802 3280 2856 nostris
3308 2802 3492 2865 initia-

1920 2889 2123 2943 taribus
2143 2926 2159 2954 ,
2191 2888 2369 2942 divino
2418 2887 2621 2958 Spiritu
2666 2889 2878 2959 amatis,
2907 2890 2964 2942 in
3004 2889 3297 2958 Scripturis
3326 2895 3493 2947 sacris

1919 2978 2171 3049 librisque
2208 2979 2516 3048 theologicis
2544 2979 2740 3032 tradita
2786 2980 2935 3034 nobis
2964 2989 3125 3047 sunt;
3166 2983 3246 3037 uti
3277 2993 3328 3037 et
3370 2984 3487 3051 illa,

1918 3086 2036 3142 qua:
2067 3071 2131 3123 ab
2172 3069 2359 3123 iisdem
2404 3070 2534 3123 viris
2566 3072 2761 3124 sanctis
2804 3060 3072 3125 subtiliori
3119 3089 3223 3128 non
3274 3076 3490 3131 omnino

1918 3161 2197 3215 dissita'ab
2240 3161 2424 3215 ordine
2460 3160 2652 3215 caelesti
2693 3161 3083 3229 insinuatione,
3114 3164 3179 3219 de
3220 3175 3391 3221 mente
3434 3169 3492 3222 in

1918 3265 2160 3317 mentem,
2189 3254 2455 3307 mediante
2476 3254 2653 3319 verba,
2672 3268 2920 3319 corporeo
2950 3255 3158 3325 quidem
3186 3254 3300 3321 illa,
3331 3259 3492 3314 simul

1921 3356 2095 3400 tamen
2134 3347 2513 3410 immateriato,
2548 3347 2659 3400 sine
2692 3347 3006 3414 scriptione.
3042 3348 3365 3404 institutores
3392 3367 3491 3405 no-

1918 3438 2017 3490 stri
2046 3453 2200 3491 sacra
2240 3438 2471 3507 quadam
2504 3437 2833 3489 traductione
2861 3445 2982 3489 sunt
3006 3436 3197 3491 edocti.
3236 3439 3335 3494 Ubi
3365 3456 3489 3495 ver-

1920 3528 2049 3584 bum
2114 3529 2210 3584 Dei
2278 3539 2388 3583 tam
2434 3526 2699 3596 scriptum
2751 3541 2916 3596 quam
2957 3527 3211 3583 traditum
3267 3531 3491 3599 pulchre

1918 3621 2198 3677 describit.
2253 3621 2451 3675 Sacros
2486 3631 2667 3676 autem
2722 3622 3028 3681 initiatores
3073 3636 3287 3681 nostros
3332 3636 3491 3682 vocat

1918 3711 2215 3781 apostolos,
2259 3727 2492 3783 quorum
2534 3721 2641 3765 tam
2674 3712 2788 3781 ipse
2825 3730 2986 3784 quam
3035 3714 3093 3773 S.
3143 3714 3487 3784 Timotheus,

1840 3792 1882 3847 Β
1919 3804 1987 3858 ad
2032 3819 2191 3874 quem
2236 3805 2405 3860 libros
2448 3820 2577 3861 suos
2606 3805 2818 3871 scribit,
2844 3806 3094 3877 discipuli
3127 3810 3481 3866 exstiterunt.

1914 3897 2060 3952 Dicit
2086 3906 2266 3951 autem
2311 3896 2661 3951 traditionem
2687 3901 2858 3967 magis
2889 3901 2958 3956 ad
2986 3902 3304 3973 angelorum
3336 3905 3488 3961 locu-

1915 3989 2121 4044 tionem
2164 3988 2424 4043 at-cedere
2466 4002 2627 4056 quam
2676 3987 3039 4061 Scripturam,
3071 3995 3197 4064 quia
3229 3994 3355 4051 licet
3383 4012 3482 4052 ore

1910 4082 2133 4151 quidem
2167 4082 2420 4151 corporis
2448 4082 2812 4138 instrumento
2851 4083 2966 4153 ﬁat,
2999 4087 3051 4140 in
3082 4102 3191 4157 quo
3214 4089 3283 4144 ab
3315 4103 3482 4160 ange—

1910 4170 2017 4227 lica
2062 4172 2335 4229 locutione
2389 4174 2615 4240 deﬁcit,
2657 4176 2752 4246 qui
2798 4176 2903 4232 sibi
2950 4187 3140 4233 mutuo
3172 4178 3483 4238 immediate

1913 4274 2207 4336 conceptus
2236 4281 2368 4322 suos
2398 4267 2731 4335 patefaciunt
2750 4306 2769 4335 ,
2797 4268 2857 4322 ﬁt
2890 4277 3068 4324 tamen
3109 4271 3269 4326 modo
3304 4270 3483 4329 minus

1912 4357 2183 4412 materiali
2226 4372 2389 4426 quam
2420 4356 2724 4426 scriptura,
2763 4358 2890 4427 quia
2932 4360 3049 4415 solo
3075 4362 3263 4429 verbo,
3300 4364 3391 4418 ubi
3424 4365 3477 4418 in

1908 4448 2201 4518 scripturis
2229 4457 2286 4502 et
2313 4448 2555 4504 calamus
2580 4460 2633 4503 et
2664 4457 3028 4503 atramentum
3059 4452 3299 4507 materiae
3328 4468 3480 4511 cras—

1910 4544 2087 4597 siores
2116 4544 2468 4597 adhibentur.

1981 4653 2039 4709 S.
2073 4656 2361 4726 Dionysius
2396 4656 2623 4726 prce/ﬁgit
2654 4657 2757 4730 sibi
2786 4655 3124 4726 Scripturam
3156 4667 3410 4730 tanquam

2564 4727 2822 4796 regulam.

1980 4840 2035 4893 lu
2085 4839 2224 4893 lihro
2256 4855 2383 4894 vero
2413 4839 2489 4893 De
2520 4839 2711 4894 divinis
2751 4843 3048 4896 nominibus
3082 4844 3219 4898 hanc
3266 4845 3459 4899 iterum

1917 4931 2019 4985 sibi
2049 4931 2219 5000 legem
2251 4932 2499 5002 praeﬁgit,
2530 4943 2589 4988 ut
2621 4934 2755 4988 nihil
2784 4934 2889 4988 nisi
2911 4947 2977 4987 ex
3003 4932 3283 5002 Scriptura
3309 4934 3476 4989 dicat.

1907 5023 2044 5095 Cap.
2087 5026 2140 5092 1,
2189 5026 2292 5080 sub
2342 5024 2560 5079 initium
2592 5042 2606 5078 :
2642 5044 2661 5076 ι
2700 5027 2880 5079 Ἔστω
2914 5026 2971 5080 δὲ
3000 5026 3096 5079 καὶ
3136 5025 3231 5080 νῦν
3276 5027 3407 5097 ἡμῖν
3449 5026 3480 5078 ὸ

216 5110 677 5178 permundialibus
709 5121 756 5163 et
780 5113 1150 5166 sacratissimis
1174 5111 1423 5168 Oraculis
1444 5116 1804 5171 demonstran-

1916 5118 2016 5171 τῶν
2069 5117 2264 5186 λογίων
2318 5118 2521 5190 θεσμὸς
2581 5118 3061 5191 προδιωρισμένος.
3114 5137 3133 5170 ι
3182 5117 3261 5174 Sit
3303 5128 3479 5172 autem

216 5204 348 5255 dum
374 5202 526 5256 nobis
549 5214 647 5257 est.
674 5202 881 5258 Ibidem
911 5215 1035 5273 post
1060 5207 1295 5260 medium
1327 5218 1492 5275 caput
1518 5226 1531 5263 :
1566 5228 1584 5261 ι
1629 5212 1802 5265 Οὐσία

213 5296 328 5367 γὰρ
359 5296 464 5365 τῆς
490 5294 614 5348 καθ’
651 5297 799 5367 ἡμᾶς
830 5299 1110 5371 ἱεραρχίας
1153 5300 1274 5353 ἐστὶ
1322 5299 1392 5353 τὰ
1429 5299 1802 5374 θεοπαράδοτα

204 5387 393 5455 Λόγια.
434 5388 753 5441 Σεπτότατα
788 5388 844 5442 δὲ
875 5387 1045 5458 Λόγια
1074 5388 1250 5443 ταῦτά
1297 5408 1496 5461 φαμεν,
1529 5393 1629 5445 ὅσα
1666 5394 1801 5464 πρὸς

213 5480 326 5533 τῶν
356 5479 560 5533 ἐνθέων
589 5479 744 5550 ἡμῶν
777 5480 1172 5552 ἱεροτελεστῶν,
1200 5483 1256 5534 ὲν
1285 5483 1639 5555 ἁγιογράφοις
1669 5486 1800 5555 ἡμῖν

217 5574 312 5626 καὶ
334 5572 680 5642 θεολογικαῑς
705 5574 1003 5644 δεδώρηται
1024 5575 1252 5639 δέλτοις’
1280 5578 1374 5629 καὶ
1403 5579 1509 5648 μὴν
1536 5580 1636 5631 ὅσα
1667 5579 1802 5648 πρὸς

216 5666 324 5719 τῶν
348 5665 534 5719 αὐτῶν
567 5667 730 5739 ἱερῶν
758 5667 967 5738 ἀνδρῶν
1013 5663 1279 5741 ἀῡλοτέρᾳ
1324 5671 1543 5741 μυήσει,
1573 5672 1664 5723 καὶ
1690 5671 1805 5738 γεί-

213 5760 327 5811 τονί
356 5776 479 5821 πως
504 5759 607 5831 ήδη
646 5760 747 5831 τῆς
784 5762 1040 5832 οὐρανίας
1088 5763 1405 5832 ἱεραρχίας,
1451 5764 1513 5817 ἐκ
1557 5762 1673 5825 νοὸς
1725 5764 1803 5826 sl;

289 5918 334 5951 "
367 5918 384 5973 ι
414 5917 545 5974 Cor.
576 5934 658 5988 tu,
695 5919 781 5974 10.
856 5922 902 5952 ⁷⁸
934 5918 1067 5976 Luc.
1103 5935 1212 5988 xxi,
1242 5919 1330 5975 55.

1908 5214 2195 5265 etiamnum
2245 5210 2392 5264 nobis
2443 5211 2781 5265 oraculorum
2830 5226 2986 5265 sacra
3028 5211 3335 5280 prtescripta
3366 5212 3475 5273 lex.

1907 5310 2014 5357 etc.
2052 5303 2117 5356 Et
2148 5303 2332 5356 statim
2369 5310 2537 5371 post:
2575 5322 2593 5353 ι
2633 5302 2880 5357 Καθόλου
2928 5300 3214 5373 τοιγαροῦν
3248 5302 3309 5355 οὑ
3354 5300 3475 5354 τολ-

1912 5394 2108 5466 μητέον
2136 5396 2330 5459 εἰπεῖν,
2358 5394 2482 5448 οῦτε
2520 5396 2625 5466 μὴν
2655 5395 2903 5466 ἐννοῆσαί
2934 5411 2985 5447 τι
3011 5394 3139 5464 περὶ
3165 5393 3265 5463 τῆς
3305 5394 3474 5463 ὑπερ-

1905 5486 2087 5539 ουσίου
2116 5487 2211 5539 καὶ
2229 5487 2465 5558 κρυφίας
2496 5487 2767 5558 θεότητος,
2805 5486 2954 5558 παρὰ
2977 5485 3046 5538 τὰ
3073 5484 3306 5547 θειωδῶς
3342 5485 3474 5554 ἡμῖν

1904 5580 1970 5631 ὲκ
2001 5579 2111 5631 τῶν
2165 5579 2323 5651 ἱερῶν
2366 5578 2563 5647 λογίων
2604 5579 3011 5650 ἐκπεφασμένα.
3053 5578 3165 5649 Τῆς
3195 5576 3302 5647 γὰρ
3333 5578 3474 5648 ὑπὲρ

1904 5670 2060 5740 λόγον
2114 5672 2208 5726 καὶ
2265 5670 2390 5724 νοῦν
2440 5673 2534 5725 καὶ
2580 5672 2765 5725 οὐσίαν
2813 5670 2983 5739 αὐτῆς
3025 5668 3473 5739 ὑπερουσιότητος

1906 5766 2169 5833 ἀγνωσία,
2198 5767 2337 5838 αὑτῇ
2366 5765 2462 5839 τὴν
2493 5764 2812 5837 ὑπερούσιον
2835 5764 3139 5834 ἐπιστήμην
3165 5760 3468 5829 ἀναθετέον,
