3916 6234
422 395 489 450 79
1548 399 1605 455 S.
1647 400 2015 459 DlONYSlUS
2054 400 2507 459 AREOPAGITA.
3578 403 3655 460 80

415 512 668 565 τοσοῦτον
700 512 791 565 ἐπὶ
819 511 879 565 τὸ
912 512 1133 575 ἄναντες
1175 513 1560 580 ἀνανεύοντας,
1614 518 1738 571 ὅσον
1783 519 1975 588 ἑαυτὴν

2090 519 2321 572 siasticce
2350 517 2686 581 hierarchite,
2711 525 2764 571 et
2792 514 2995 586 passim
3025 514 3173 580 alibi,
3203 514 3436 584 appellat
3472 535 3491 567 ι
3522 518 3657 576 τοὺς

416 603 690 655 ἐνδίδωσιν
711 604 743 672 ἡ
779 601 1082 672 θεαρχικῶν
1104 602 1298 670 λογίων
1327 605 1500 669 ἀκτὶς,
1531 606 1667 676 πρὸς
1691 607 1790 669 τὰς
1814 609 1982 679 ὑπερ-

414 694 580 765 τέρας
612 692 805 761 αὑγὰς,
840 697 906 763 τῇ
948 696 1076 763 περὶ
1113 693 1182 746 τὰ
1212 694 1331 747 θεῖα
1362 696 1681 769 σωφροσύνῃ
1711 698 1806 750 καὶ
1838 698 1982 751 ὁσιό-

412 803 534 856 τητι
571 784 1043 856 συστελλομένους.
1087 806 1105 838 ι
1148 786 1298 840 Nihil
1336 790 1500 858 igitur
1528 791 1739 844 omnino
1772 807 1977 859 prtesu-

413 878 663 930 mendum
697 876 871 930 dicere
900 878 977 931 rel
1005 879 1236 945 cogitare
1262 882 1325 932 de
1358 882 1784 946 superessentiali
1812 891 1861 937 et
1884 882 1979 934 ab-

414 966 527 1019 dita
560 968 793 1031 deitate,
828 976 1018 1033 praeter
1062 967 1156 1019 illa
1206 984 1327 1036 ante
1371 970 1625 1022 divinitus
1674 970 1823 1023 nobis
1856 978 1981 1023 sunt

412 1058 579 1110 sacris
624 1057 844 1127 eloquiis
876 1058 1164 1111 elucidata.
1212 1059 1355 1114 Nam
1404 1069 1451 1115 et
1498 1077 1790 1123 sermonem
1819 1072 1866 1115 et
1897 1063 1981 1115 in-

415 1147 678 1201 tellectum
724 1159 772 1202 et
823 1151 1102 1203 essentiam
1165 1152 1371 1204 excedit
1429 1152 1978 1218 superessentialitatis

412 1242 526 1309 ejus
547 1242 835 1311 ignoratio,
859 1244 945 1295 cui
970 1244 1419 1311 superessentialis
1435 1247 1650 1297 scientia
1680 1245 1975 1299 tribuenda.

415 1336 593 1399 Quare
643 1344 845 1387 tantum
896 1333 965 1386 ad
1016 1336 1340 1389 inaccessum
1388 1336 1524 1389 illud
1557 1336 1729 1389 lumen
1776 1339 1978 1405 aspira-

412 1442 549 1490 ntns,
580 1435 835 1495 quantum
866 1442 921 1479 se
955 1427 1297 1481 insinuaverit
1340 1429 1639 1482 divinorum
1670 1429 1759 1482 ille
1794 1430 1976 1483 radius

412 1518 752 1570 oraculorum
776 1557 790 1583 ,
822 1535 923 1588 quo
953 1520 1385 1573 eminentioribus
1417 1521 1530 1573 istis
1567 1536 1739 1573 rerum
1774 1520 1984 1573 divina-

412 1622 529 1660 rum
560 1606 928 1675 splendoribus
949 1650 964 1674 ,
1021 1610 1299 1664 sobrietate
1331 1613 1560 1680 quadam
1594 1628 1655 1664 ac
1696 1613 1977 1665 sanctitate

413 1706 889 1764 contemperamur.

478 1787 719 1857 Denique
759 1788 812 1842 in
869 1788 1094 1858 Mystica
1128 1788 1432 1861 Theologia,
1476 1808 1593 1861 cap.
1635 1795 1684 1856 i,
1719 1810 1784 1848 ex
1825 1795 1975 1849 Scri-

2092 610 2371 678 θεολόγους
2408 630 2426 662 s
2464 612 2751 679 theologos.
2786 628 2806 660 ι
2841 610 2971 672 τοὺς
3010 608 3225 670 ἐνθέους
3252 608 3409 678 ἡμῶν
3446 610 3657 680 lepore»

2084 698 2296 762 λεστάς,
2329 719 2347 750 ο
2383 700 2556 752 divino
2590 700 2803 751 numine
2837 699 3037 768 amatos
3073 714 3250 751 sacros
3300 708 3503 752 nostros
3543 700 3656 750 ini-

2084 791 2321 853 tiatores,
2360 807 2380 840 ι
2419 788 2545 852 τοὺς
2593 788 2807 851 ἐνθέους
2855 788 3151 859 ἱεράρχας,
3182 807 3199 838 ι
3246 788 3418 840 divino
3459 788 3652 854 spiritu

2083 879 2285 947 aﬁlatos
2324 879 2647 943 hierarchas,
2682 897 2702 929 ι
2737 878 2864 941 τοὺς
2912 877 3161 948 πρώτους
3205 878 3305 946 τῆς
3344 876 3465 929 καθ’
3502 877 3653 945 ἡμᾶς

2086 970 2367 1041 ιεραρχίας
2400 969 2809 1041 καθηγεμόνας,
2851 989 2871 1022 ι
2898 973 3093 1038 primos
3126 970 3434 1022 hierarchia:
3456 982 3651 1022 nostra:

2082 1072 2453 1135 praeceptores,
2506 1058 2598 1131 §5
2630 1079 2643 1115 :
2681 1080 2699 1112 ι
2742 1061 2837 1113 Ἐκ
2881 1061 2981 1130 τῆς
3026 1061 3349 1132 ὑπερουσίου
3394 1060 3656 1132 θεαρχίας

2081 1149 2277 1213 αὐτούς
2296 1167 2355 1205 τε
2369 1151 2813 1224 ἀναπλησθέντας
2836 1150 2928 1204 τοῦ
2968 1150 3112 1221 ἱεροῦ
3140 1148 3335 1219 δώρου,
3366 1151 3459 1204 καὶ
3483 1153 3562 1214 εἰς
3589 1151 3655 1204 τὸ

2080 1239 2206 1309 ἑξῆς
2225 1240 2355 1293 αὐτὸ
2376 1245 2709 1312 προαγαγεῖν
2738 1242 2843 1294 ὑπὸ
2870 1241 2972 1311 τῆς
2996 1240 3290 1311 θεαρχικῆς
3317 1241 3655 1312 ἀγαθότητος

2079 1328 2539 1401 ἀπεσταλμένους.
2563 1350 2581 1383 ι
2617 1332 2702 1385 Ea:
2727 1330 3144 1398 superessentiali
3176 1330 3466 1383 Divinitate
3495 1346 3654 1384 sacro

2080 1421 2221 1487 ipsos
2254 1438 2469 1475 munere
2496 1422 2741 1490 repletos,
2774 1431 2822 1475 et
2854 1423 2910 1475 in
2936 1430 3169 1490 posteros
3202 1422 3338 1474 illud
3366 1423 3532 1491 ipsum
3555 1423 3653 1474 de-

2080 1513 2305 1565 rivatum
2340 1530 2371 1565 a
2399 1513 2575 1566 divina
2602 1513 2834 1567 bonitate
2862 1516 3066 1577 missos,
3097 1525 3203 1568 etc.

2575 1626 3015 1684 OBSERVATIO
3068 1627 3155 1682 ΙΙΙ.

2252 1722 2596 1788 Quadruplex
2631 1724 2695 1776 de
2731 1723 2837 1776 Deo
2879 1722 3289 1790 philosophandi
3316 1724 3471 1777 ratio.

2150 1812 2393 1868 Notanda
2421 1822 2503 1868 est
2534 1816 2691 1884 hujus
2716 1815 2890 1869 sancti
2919 1814 3254 1883 quadrupch
3286 1816 3350 1869 de
3387 1816 3492 1869 Deo
3523 1814 3655 1883 phi-

405 1882 581 1949 pturis
620 1883 820 1947 tradit,
876 1882 1040 1937 Dcmn
1091 1885 1347 1939 tenebras
1397 1888 1644 1955 posuisse
1696 1889 1974 1944 latibulum
2010 1883 2050 1942 Β
2079 1905 2401 1973 “mpm...”
2440 1882 2816 1961 ,θιγοέιιτεηηι
2866 1882 2971 1969 esp
3012 1917 3172 1975 ρι-ουι
3208 1907 3348 1961 Deus
3380 1907 3433 1960 in
3470 1882 3653 1975 δεῖρδο

406 1987 564 2023 suum
590 1971 658 2035 “,
708 1982 761 2024 et
813 1971 989 2026 lucem
1042 1974 1353 2029 inhabitare
1403 1978 1833 2034 inaccessibilem
1871 1998 1886 2036 :
1922 1990 1977 2034 et

405 2062 657 2131 exemplo
720 2062 923 2133 Moysis
979 2067 1309 2133 ostendit",
1368 2070 1640 2137 quomodo
1689 2072 1974 2143 caliginem

407 2146 563 2205 illam
586 2154 868 2224 mysticam
903 2157 1216 2211 subintrare
1242 2170 1513 2226 oporteat.
1541 2162 1616 2214 Ex
1643 2164 1837 2230 quibus
1869 2183 1975 2221 Cte-

408 2244 652 2312 terisque
702 2245 922 2313 scriptis
976 2245 1131 2314 ejus,
1186 2251 1436 2304 omnibus
1482 2252 1687 2320 liquido
1736 2268 1974 2323 constat,

410 2335 469 2386 S.
510 2333 826 2405 Dionysium
858 2335 933 2389 nil
965 2338 1067 2391 nisi
1098 2354 1127 2393 e
1155 2340 1318 2396 verbo
1354 2341 1449 2395 Dei
1482 2344 1856 2415 depromptum
1890 2348 1975 2402 af-

408 2426 578 2480 terra.

919 2495 1354 2556 OBSERVATIO
1394 2500 1459 2559 ll.

409 2584 518 2670 Cu‘r
569 2585 984 2670 S.-Dion’gsius,
1017 2602 1065 2644 et
1098 2596 1565 2670 quantmagniﬁce
1598 2598 1662 2653 de
1695 2598 1973 2670 Scriptura

479 2605 518 2639 tr
569 2605 628 2641 ο.
678 2605 816 2641 won
855 2606 984 2667 stus,
1017 2605 1065 2644 et
1098 2608 1252 2661 quam
1288 2605 1565 2665 magniﬁce
1598 2605 1662 2653 de
1695 2605 1973 2670 Scriptura

479 2657 746 2739 loquatur.
801 2605 998 2739 ὄψεται
1053 2663 1350 2739 nominibus
1397 2666 1702 2739 Scripturas
1728 2672 1973 2739 appellet.

490 2726 693 2791 Quibus
728 2730 1025 2782 nominibus
1058 2734 1321 2799 apostolos
1350 2726 1640 2803 compellet.

480 2816 615 2870 Cum
652 2825 872 2871 sanctus
900 2819 1011 2883 hic,
1038 2822 1112 2874 uti
1146 2834 1419 2877 ostensum
1446 2834 1547 2889 est,
1580 2836 1743 2882 totam
1771 2830 1977 2885 doctri-

409 2924 538 2964 nam
574 2923 728 2963 suam
762 2910 980 2965 hauriat
1011 2922 1065 2966 et
1099 2915 1341 2969 stabiliat
1381 2931 1445 2971 ex
1494 2919 1665 2973 verbo
1705 2921 1832 2988 Dei,
1872 2923 1976 2978 hoc

412 3003 485 3057 illi
542 3005 739 3061 merito
798 3004 1045 3075 inprimis
1079 3022 1222 3061 cura:
1261 3018 1341 3064 est
1375 3018 1434 3063 ut
1477 3025 1583 3079 quo
1619 3014 1843 3067 verbum
1882 3015 1973 3068 Dei

412 3096 589 3165 majus
621 3102 761 3169 apud
794 3117 891 3156 nos
934 3110 1270 3153 momentum
1314 3101 1536 3166 habeat,
1575 3118 1671 3171 per
1702 3106 1975 3159 sublimis-

2078 2010 2199 2047 csse
2230 1994 2556 2065 concipitur,
2586 1997 2890 2050 secundum
2927 2011 3019 2049 eas
3055 1996 3412 2065 proprietates
3439 2010 3501 2049 ac
3524 2010 3655 2062 per-

2078 2088 2367 2152 fectiones,
2399 2104 2520 2155 quite
2556 2088 2629 2143 illi
2657 2104 2723 2142 ex
2749 2097 2939 2142 natura
2973 2088 3047 2141 rei
3084 2103 3181 2141 seu
3218 2088 3656 2142 substantialiter

2078 2181 2409 2233 coniveniunt
2450 2190 2698 2248 respectu
2748 2181 2860 2244 sui,
2910 2189 2968 2233 ut
3011 2189 3179 2245 sunt,
3214 2195 3337 2235 esse
3383 2196 3544 2233 unum
3592 2181 3653 2233 in

2078 2273 2314 2326 essentia
2348 2288 2442 2327 seu
2487 2282 2678 2325 natura
2708 2273 2887 2327 divina
2909 2313 2924 2336 ,
2965 2274 3163 2326 trinum
3198 2275 3249 2326 in
3287 2276 3554 2342 personis,
3588 2282 3653 2327 ct

2077 2376 2271 2420 ozetera
2308 2380 2427 2433 qua:
2480 2364 2588 2418 Deo
2621 2372 2747 2419 sunt
2790 2364 3104 2419 intrinseca.
3149 2364 3398 2419 Secunda
3424 2403 3442 2429 ,
3486 2373 3652 2433 prout

2078 2456 2459 2509 consideratur
2499 2472 2620 2511 cum
2656 2466 2900 2526 respectu
2943 2467 2999 2510 et
3029 2457 3222 2510 ordine
3249 2457 3312 2509 ad
3345 2464 3647 2518 creaturas,

2077 2555 2347 2617 quatenus
2383 2549 2633 2603 videlicet
2676 2564 2863 2603 earum
2916 2558 3111 2603 auctor
3170 2559 3274 2615 est,
3308 2551 3649 2616 gubernator

2077 2655 2142 2694 ac
2171 2639 2314 2704 linis,
2352 2650 2405 2694 et.
2433 2641 2513 2694 sic
2544 2641 2619 2694 illi
2653 2642 2937 2709 desumpta
2971 2657 3037 2694 ex
3068 2640 3280 2695 eﬂ‘ectis
3317 2641 3533 2693 nomina
3562 2652 3652 2695 ac-

2079 2731 2405 2785 commodat.
2434 2728 2638 2791 'Fertia,
2674 2740 2836 2798 prout
2868 2730 3007 2784 Deus
3052 2733 3105 2784 in
3154 2730 3451 2799 Scripturis
3474 2730 3651 2784 sacris

2079 2822 2418 2875 diversarum
2465 2838 2648 2875 rerum
2693 2838 3082 2893 corporearum
3119 2824 3308 2892 ﬁguris
3349 2837 3652 2890 repraesen-

2080 2917 2252 2970 tatur,
2303 2918 2358 2963 et
2406 2911 2717 2965 earumdem
2760 2913 3073 2967 nominibus
3115 2913 3381 2976 afﬁcitur,
3419 2922 3479 2966 ut
3521 2928 3648 2966 cum

2078 3009 2303 3052 vocatur
2347 3016 2542 3067 agnus,
2577 3002 2677 3066 leo,
2716 3013 2889 3071 petra,
2919 3017 3029 3057 etc.
3062 3003 3292 3070 Quarta,
3342 3013 3502 3073 prout
3548 3018 3653 3072 per

2078 3089 2319 3141 omnium
2352 3105 2533 3142 rerum
2578 3093 3020 3160 conceptibilium
3069 3093 3426 3157 ahlationem,
3459 3101 3513 3145 et
3543 3108 3649 3145 no-

415 3190 585 3244 simas
620 3202 675 3245 et
713 3206 941 3262 prorsus
975 3193 1185 3248 divinas
1218 3193 1471 3264 loquendi
1511 3194 1803 3262 formulas,
1832 3196 1974 3249 divi-

2083 3178 2179 3231 stri
2234 3180 2401 3248 ipsius
2442 3181 2877 3245 abdicationem,
2910 3184 3078 3236 divini
3129 3184 3331 3236 amoris
3381 3184 3649 3239 subvecta

413 3294 539 3333 nam
579 3279 697 3349 ejus
747 3284 1123 3337 auctoritatem
1165 3284 1322 3338 nobis
1362 3284 1632 3349 inculcet,
1666 3300 1872 3355 nosque
1906 3288 1979 3341 si-

413 3370 524 3422 mul
571 3371 623 3422 iu
671 3371 910 3440 ejusdem
965 3373 1379 3426 admirationem
1426 3372 1635 3441 rapiat,
1670 3388 1845 3441 neque
1880 3375 1979 3427 hu-

416 3462 574 3516 miles
608 3461 675 3515 de
704 3463 1002 3533 Scripturis
1029 3463 1390 3533 cogitationes
1420 3464 1620 3519 habere
1651 3466 1811 3519 sinat.
1840 3466 1979 3520 llinc

411 3551 527 3606 fere
563 3568 839 3621 nunquam
886 3568 979 3607 eas
1022 3554 1231 3623 vulgari
1285 3555 1500 3607 nomine
1542 3554 1859 3622 Scripturas
1884 3572 1979 3623 ap-

411 3645 611 3712 pellat,
657 3646 750 3699 sed
806 3646 986 3699 divina
1036 3661 1260 3715 prorsus
1306 3647 1514 3700 ratione
1549 3647 1974 3714 circumscribit,

412 3738 492 3789 uti
524 3754 589 3790 ex
630 3737 761 3791 locis
806 3753 967 3806 supra
1004 3739 1187 3792 citatis
1232 3748 1286 3792 et
1323 3740 1557 3794 maxime
1597 3741 1774 3808 capite
1807 3742 1829 3795 l
1864 3741 1979 3795 Cte-

411 3830 553 3883 l‘estis
588 3829 899 3883 hicrarchias
952 3831 1137 3883 videre
1170 3830 1329 3896 licet,
1375 3830 1462 3883 ubi
1496 3831 1547 3883 in
1586 3833 1782 3899 titulo,
1820 3847 1975 3885 sacra

411 3920 696 3985 Scriptura
755 3918 958 3972 dicitur
1012 3919 1141 3972 θεία
1192 3920 1528 3988 ἕλλαμψις,
1568 3921 1619 3973 id
1672 3931 1754 3975 est
1800 3923 1977 3973 divina

410 4008 721 4073 illustratio,
752 4009 886 4061 etin
929 4016 1183 4063 contextu
1225 4009 1669 4077 Πατροκινήτου
1711 4028 1979 4079 perrogar-

409 4102 576 4164 νὲίας
618 4098 910 4167 πρόοδος,
949 4099 1000 4154 id
1040 4108 1120 4153 est
1159 4117 1191 4153 a
1224 4098 1387 4154 Patre
1414 4111 1572 4155 mota:
1607 4102 1976 4156 illustrationis

409 4193 698 4244 cmanatio.
733 4191 801 4244 Et
834 4192 1085 4247 invocato
1117 4190 1269 4258 Jesu,
1304 4194 1371 4246 ad
1406 4193 1523 4259 ejus
1566 4194 1978 4263 contemplatio-

412 4299 535 4335 nem
567 4298 627 4337 se
669 4291 989 4338 reverenter
1017 4298 1372 4352 componens,
1408 4284 1603 4337 ibidem
1635 4286 1750 4338 ait:
1785 4304 1804 4337 ι
1855 4287 1977 4339 Ἐπὶ

405 4374 503 4437 τὰς
557 4374 664 4428 τῶν
723 4376 1033 4448 ἱερωτάτων
1077 4374 1273 4443 λογίων
1316 4376 1836 4447 Πατροπαραδότους
1886 4378 1975 4430 ὲλ-

405 4468 640 4539 λάμψεις
688 4469 764 4531 ὡς
808 4466 1027 4537 ἐφικτὸν
1062 4467 1465 4538 ἀνανεύσωμεν.
1504 4488 1522 4519 ι
1562 4470 1644 4521 Ad
1671 4470 1976 4523 sacratissi-

2083 3270 2275 3337 penuis
2298 3310 2313 3335 ,
2370 3288 2522 3327 meus
2565 3284 2748 3328 nostra
2782 3274 2833 3327 in
2867 3274 3031 3328 Deum
3066 3276 3384 3345 subrigitur,
3416 3284 3473 3331 et
3503 3290 3653 3344 pra:-

2082 3362 2273 3415 sentire
2325 3363 2444 3431 ejus
2481 3367 2645 3418 radiis
2681 3363 2855 3417 alllata
2882 3404 2897 3429 ,
2933 3365 3214 3435 caligaudo
3252 3366 3462 3433 penitus
3493 3374 3647 3420 extra

2082 3470 2351 3525 supraque
2396 3472 2454 3509 se
2496 3457 2701 3525 rapitur
2733 3466 2895 3525 atque
2929 3456 3268 3512 absorbetur.
3302 3460 3378 3511 Ac
3410 3460 3647 3527 primam

2081 3549 2297 3617 quidem
2346 3562 2433 3602 res
2478 3548 2690 3603 divinas
2739 3551 3011 3604 tractandi
3062 3552 3326 3603 rationem
3366 3552 3541 3604 tenuit
3589 3551 3649 3604 in

2081 3639 2222 3693 libro
2268 3637 2705 3708 Hypotyposewn,
2747 3650 2805 3693 ut
2843 3657 2909 3693 ex
2938 3657 3055 3711 cap.
3088 3642 3122 3695 5
3150 3641 3391 3710 Mystica:
3445 3641 3648 3695 theolo-

2081 3732 2181 3801 gia:
2228 3740 2421 3795 patet;
2460 3731 2552 3785 sed
2601 3745 2794 3800 magno
2825 3731 3080 3786 Ecclesia:
3120 3735 3318 3787 damno
3364 3733 3683 3789 diviniusi-.

2084 3839 2203 3878 mus
2235 3824 2325 3878 ille
2354 3833 2621 3878 tractatus
2650 3825 2947 3878 intercidit.
2978 3824 3288 3879 Secundam
3312 3841 3441 3879 vero
3471 3826 3651 3880 ratio-

2079 3930 2202 3968 nem
2248 3926 2431 3969 servat
2464 3917 2518 3968 in
2566 3915 2705 3969 libro
2732 3914 2810 3969 De
2831 3916 3023 3969 divinis
3052 3918 3371 3971 nominibus.
3406 3916 3651 3972 Tertiam

2077 4007 2376 4061 tradiderat
2406 4008 2457 4061 in
2489 4007 2785 4078 ngbolica
2838 4010 3117 4079 theologia,
3149 4010 3302 4078 cujus
3333 4009 3652 4079 frequenter

2080 4101 2410 4154 mentiOnem
2456 4101 2620 4165 facit,
2654 4103 2748 4156 sed
2780 4101 3031 4156 similiter
3071 4102 3431 4156 desideratur.
3464 4103 3647 4169 Quar-

2080 4200 2189 4245 tam
2224 4195 2461 4263 tleuique
2505 4195 2849 4261 maximeque
2885 4194 3188 4248 mirabilem
3220 4195 3458 4263 practice
3491 4196 3647 4249 theo-

2076 4286 2287 4356 logaudi
2334 4303 2580 4341 normam
2614 4288 2779 4342 tradit
2823 4288 2873 4339 in
2918 4285 3142 4356 Mystica
3213 4288 3499 4356 theologia,
3527 4305 3648 4357 qua:

2076 4393 2183 4431 ηοιι
2221 4386 2433 4431 tantum
2483 4377 2818 4431 intellectum
2870 4376 2979 4430 Deo
3012 4378 3235 4446 subjicit
3278 4388 3333 4432 et
3378 4381 3649 4448 adjungit,

2074 4469 2168 4522 sed
2234 4468 2316 4522 vel
2388 4470 2789 4538 quammaxime
2852 4467 3098 4522 aﬂ'ectum
3150 4470 3350 4535 allicit,
3429 4481 3525 4538 et,
3588 4482 3650 4527 ut

407 4580 608 4615 “nor-am
642 4580 672 4616 a
708 4564 957 4617 Patribus
979 4565 1202 4616 traditas
1232 4565 1557 4633 eloquiorum
1587 4564 1967 4618 illustrationes
2001 4569 2045 4622 D
2077 4561 2138 4614 S.
2166 4559 2434 4617 Maximus
2464 4571 2516 4617 et
2552 4562 2843 4632 Dionysius
2885 4564 3289 4617 Alexandrinus
3324 4564 3645 4633 loquuntur,

404 4670 500 4721 pro
524 4654 720 4706 viribus
761 4653 1131 4722 suspiciamus.
1160 4654 1226 4706 Et
1251 4668 1491 4717 rursum,
1528 4664 1683 4708 vocat
1711 4669 1832 4707 eam
1872 4654 1975 4724 τὴν

2083 4654 2201 4719 ταῖς
2232 4653 2571 4720 ἀδιδάκτοις
2599 4655 2685 4709 vel
2716 4657 2891 4723 p0tius
2919 4654 3315 4720 θεοδιδάκτοις
3335 4664 3653 4723 μυσταγω-

404 4743 639 4814 ἀρχικὴν
691 4744 784 4796 καὶ
807 4742 1135 4814 ὑπεράρχιον
1162 4743 1255 4796 τοῦ
1282 4743 1571 4813 θεαρχικοῦ
1612 4743 1825 4816 Πατρὸς
1862 4760 1975 4812 φω-

2083 4749 2230 4817 plan;
2263 4748 2314 4801 in
2352 4748 2462 4801 Deo
2493 4745 2809 4800 felicissime
2857 4747 3086 4801 collocat
3133 4763 3196 4800 ac
3242 4748 3445 4812 ﬁrmat,
3480 4748 3553 4801 ita
3592 4758 3653 4802 ut

404 4835 671 4895 τοδοσίαν,
713 4853 731 4885 ι
785 4835 836 4888 id
887 4844 968 4887 est
1010 4835 1350 4903 principalem
1386 4845 1435 4887 et
1478 4835 1976 4905 superprincipalem

408 4926 609 4987 Patris,
635 4924 726 4993 qui
748 4926 1060 4992 principium
1082 4924 1384 4978 Divinitatis
1410 4936 1514 4989 est,
1533 4926 1973 4989 illustrationem;

404 5028 459 5070 ct
487 5016 643 5085 paulo
674 5025 827 5085 post:
871 5034 887 5065 ι
912 5017 1010 5086 τὴν
1049 5014 1340 5088 θεαρχικὴν
1380 5018 1593 5079 ἀκτῖνα,
1639 5037 1656 5070 ι
1700 5019 1750 5071 id
1781 5027 1863 5070 est
1890 5019 1971 5069 di-

406 5108 900 5175 vino-principalem
932 5109 1182 5173 radium;
1218 5109 1343 5163 alibi
1379 5126 1396 5158 ι
1442 5110 1539 5181 τὴν
1587 5110 1904 5177 Θεολογίαν,
1946 5128 1965 5162 ι

406 5211 513 5253 etc.
564 5196 655 5252 Sic
689 5200 1010 5252 traditiones
1048 5209 1207 5252 vocat
1233 5215 1283 5254 c.
1321 5200 1375 5263 2,
1411 5200 1438 5270 §
1468 5201 1521 5259 5.
1553 5220 1571 5251 ι
1607 5203 1705 5271 τὴν
1734 5202 1970 5271 κρυφίαν

406 5290 497 5342 καὶ
528 5290 805 5359 ἱερατικὴν
840 5289 1157 5358 παράδοσιν,
1185 5307 1204 5340 ι
1248 5291 1298 5343 id
1330 5301 1410 5343 est
1434 5308 1683 5343 arcanam
1716 5305 1762 5344 et
1796 5308 1972 5346 sacer—

404 5384 629 5437 dotalem
665 5383 1028 5449 traditionem,
1063 5385 1262 5452 quibus
1285 5383 1516 5453 aliisque
1564 5385 1968 5441 sublitnissimis

404 5474 659 5543 loquendi
692 5474 883 5537 modis,
928 5476 995 5529 ad
1044 5475 1305 5529 sublimes
1338 5490 1400 5529 ac
1443 5477 1548 5528 Deo
1585 5476 1776 5545 dignas
1805 5477 1965 5546 erigit

405 5568 804 5622 meditationes.
843 5568 1100 5622 Eamdem
1152 5568 1221 5621 ob
1271 5583 1491 5621 causam
1538 5569 1645 5621 SS.
1694 5570 1968 5636 apostolos

403 5659 642 5725 aliosque
689 5659 982 5728 Scriptura:
1013 5673 1182 5713 sacrae
1225 5662 1552 5728 scriptores,
1602 5674 1652 5713 c.
1690 5660 1714 5712 sl
1775 5658 1957 5714 Eccle-

549 5817 592 5847 “
622 5814 761 5871 Psal.
799 5833 933 5872 xvn.
956 5819 1001 5850 "'
1029 5818 1198 5874 Exod.
1236 5833 1349 5886 xxx,
1402 5834 1582 5871 χχχιιι.

2078 4838 2223 4891 nulla
2264 4837 2550 4905 theologiae
2581 4852 2708 4905 pars
2733 4851 2763 4889 a
2795 4837 3136 4891 divinissimo
3160 4837 3323 4903 plane
3352 4838 3471 4889 viro
3504 4851 3656 4904 prae-

2083 4931 2339 4986 termissa
2371 4931 2635 4987 videatur.

2573 5014 3003 5071 OBSERVATZO
3057 5014 3146 5071 1V.

2271 5111 2442 5175 Quam
2475 5110 2574 5162 vim
2610 5109 2830 5161 habeant
2866 5108 3150 5176 compositu
3187 5122 3251 5159 ex
3294 5109 3469 5173 ὺπέρ.

2149 5201 2426 5257 Notandus
2448 5215 2661 5269 quoque
2684 5215 2804 5253 cum
2836 5199 3021 5251 Lcssio
3051 5199 3144 5251 lib.
3172 5214 3186 5250 ι
3212 5198 3286 5250 De
3308 5198 3653 5265 perfectioni-

2081 5294 2175 5347 bus
2204 5294 2417 5358 divinis,
2452 5309 2572 5359 cap.
2596 5294 2651 5354 5,
2683 5288 2945 5344 mirabilis
2967 5298 3017 5342 ct
3043 5289 3346 5357 plusquam
3380 5289 3668 5341 humanus

2081 5389 2275 5440 modus
2310 5385 2569 5454 loquendi
2611 5382 2672 5438 S.
2708 5382 2973 5447 Dionysii,
3018 5394 3125 5449 quo
3168 5383 3339 5433 utitur
3367 5379 3433 5432 ad
3466 5381 3654 5446 expri-

2081 5480 2332 5532 mendam
2380 5492 2601 5531 suorum
2650 5485 3009 5543 conceptuum
3057 5474 3467 5534 sublimitatem,
3495 5481 3551 5524 ct
3582 5472 3654 5523 ad

2080 5570 2382 5623 divinitatis
2406 5585 2568 5638 supra
2595 5569 2775 5622 omnia
2822 5577 3005 5622 creata
3030 5577 3209 5621 mente
3236 5564 3575 5632 conceptilnl,
3594 5581 3648 5627 a,

2082 5661 2345 5716 inﬁnitam
2414 5663 2763 5718 eminentiam
2808 5663 3187 5717 iusinuandam
3256 5660 3651 5730 praepositione
