3916 6234
297 284 368 339 ει
1680 282 2213 339 PROLEGOMENA.
2285 244 2297 259 ’
3501 282 3565 339 se

300 396 459 464 ὺπέρ
489 395 777 465 przeposita
799 437 815 460 ,
848 398 1096 453 vocando
1127 414 1181 451 ν.
1210 413 1265 467 g.
1304 397 1471 451 Deum
1515 415 1533 448 ι
1572 398 1894 469 ὑπερούσιον

2008 396 2387 461 essentialiter,
2431 412 2492 451 ac
2517 395 2747 466 proinde
2790 394 3030 452 absolute
3051 404 3104 449 et
3130 395 3394 464 perfecte,
3428 397 3572 452 sicut

302 487 525 551 οὐσίαν,
562 506 581 538 ι
614 488 896 541 essentiam
934 490 1447 557 superessentialem,
1480 490 1739 544 nimirum
1765 492 1892 561 quia

300 588 390 633 est
419 582 661 635 essentia
692 595 788 633 seu
815 582 1119 635 substantia
1152 583 1484 637 eminentior
1506 584 1656 637 omni
1701 597 1892 638 essen-

302 671 377 724 tia
413 672 746 739 eonceptibli
780 687 807 724 a
841 682 1091 726 creatura
1122 692 1133 726 :
1168 674 1295 727 item
1319 692 1337 725 ι
1380 675 1727 744 ὑπεράγαθον
1755 677 1893 743 ἁγα-

300 763 508 834 θότητα
527 804 542 827 ,
573 764 669 816 καὶ
693 764 958 835 ὑπέροεον
1007 764 1269 836 θέοτητα,
1309 785 1327 817 ι
1368 768 1651 820 bonitatem
1681 778 1728 822 et
1757 769 1893 822 divi-

301 857 549 923 nitatem,
574 857 716 909 omni
745 857 978 909 bonitate
1004 867 1053 910 et
1078 858 1274 913 deitate
1296 858 1625 926 conceptibili
1655 860 1891 912 eminen-

302 948 534 1005 tiorem;
590 949 863 1014 quomodo
911 949 1228 1016 exponenda
1275 958 1404 1003 sunt
1450 950 1634 1003 omnia
1674 952 1894 1004 nomina

300 1037 611 1107 composita
642 1053 709 1092 ex
741 1039 1006 1106 particula
1030 1040 1207 1108 ὺπέρ,
1244 1050 1300 1093 ut
1323 1040 1693 1110 ὑπέρφωτος,
1722 1045 1897 1110 ὑπερ-

299 1128 536 1195 άρχιος,
571 1129 945 1198 ὑπερτελής,
977 1142 1112 1197 etc.,
1142 1133 1195 1186 id
1245 1142 1329 1187 est
1373 1134 1516 1186 omni
1570 1133 1705 1198 luce,
1750 1136 1893 1188 omni

294 1222 597 1288 principio,
630 1222 772 1274 omni
819 1223 1140 1290 perfectione
1172 1222 1536 1283 excellentior.
1584 1224 1718 1278 Illud
1748 1227 1893 1280 enim

300 1310 481 1378 ὺπέρ,
519 1312 571 1364 id
600 1322 875 1380 estsuper,
906 1314 1047 1382 apud
1077 1312 1394 1383 Dionysium
1422 1314 1475 1367 in
1502 1315 1895 1383 compositione

302 1401 560 1467 designat
600 1403 1024 1467 excellentiam,
1055 1414 1299 1458 creatam
1332 1419 1549 1459 omnem
1583 1406 1895 1476 intelligen-

308 1491 445 1543 tiam
476 1501 857 1560 superantem.

356 1603 471 1660 Vox
517 1609 702 1662 οὐσία
729 1625 889 1677 quam
928 1610 1027 1664 vim
1073 1610 1268 1734 bgbeat
1318 1627 1437 1665 cum
1486 1613 1860 1682 preposition:

1018 1683 1103 1734 ὑπ
1136 1698 1192 1734 o.

1018 1694 1192 1748 υπερ.

1998 490 2114 557 ipsa
2165 488 2425 543 divinitas
2476 495 2560 543 est
2611 491 2662 541 in
2714 488 2956 557 qualibet
3003 503 3237 549 persona
3283 502 3349 543 ex
3396 488 3567 542 tribus

2002 589 2139 644 tota,
2172 580 2439 649 perlecta,
2473 588 2679 651 integra
2708 588 2762 634 et
2786 579 2967 650 plena.

2070 673 2225 730 Unde
2265 675 2405 730 bene
2445 675 2753 731 observavit
2789 673 2850 728 P.
2894 674 3090 729 Franc.
3140 672 3446 727 Turrianus
3500 674 3568 726 ad

1994 767 2223 823 Joannis
2248 768 2632 839 Cyparissiotat
2664 767 2929 822 Decadem
2962 782 3015 820 IV
3052 766 3416 832 Expositionis
3450 781 3568 818 ma-

1997 860 2222 925 teriatw,
2251 874 2372 927 cap.
2408 858 2463 924 9,
2495 874 2600 913 non
2631 858 2703 911 ita
2734 871 2855 912 esse
2885 867 2944 910 nt
2966 856 3183 924 quidem
3215 865 3567 926 putaverunt,

1997 953 2179 1007 divina
2230 953 2448 1006 nomina
2505 951 2806 1005 secundum
2860 949 3214 1021 Dionysium,
3273 950 3569 1005 secundum

1996 1058 2218 1098 causam
2260 1052 2466 1097 tantum
2493 1044 2560 1097 de
2590 1043 2701 1097 Deo
2729 1042 2856 1107 dici,
2885 1051 2945 1095 ut
2975 1042 3175 1105 bonus,
3208 1041 3351 1109 quod
3379 1041 3449 1095 sit
3481 1055 3572 1092 au-

1997 1145 2117 1189 ctor
2139 1136 2418 1200 bonitatis,
2448 1136 2691 1202 sapiens,
2719 1133 2862 1201 quod
2892 1132 3198 1200 sapientiae,
3229 1144 3284 1186 et
3314 1131 3571 1186 similiter

1998 1226 2053 1281 in
2082 1228 2223 1284 aliis.
2257 1227 2313 1282 Si
2343 1228 2488 1282 enim
2532 1228 2609 1281 sic
2641 1227 2957 1280 dicerentur
2990 1225 3055 1278 de
3088 1224 3216 1286 Deo,
3251 1223 3570 1277 clauderent

1998 1318 2055 1373 in
2111 1336 2211 1375 suo
2261 1320 2581 1382 intellectu,
2632 1327 2691 1370 at
2733 1318 2810 1371 ait
2851 1316 2909 1370 S.
2946 1316 3219 1381 Thomas,
3269 1315 3581 1369 bonitatem.

1992 1410 2292 1475 creatura};
2346 1425 2410 1463 ac
2448 1409 2675 1479 proinde
2720 1409 2787 1461 de
2833 1417 3086 1461 creatura
3131 1406 3382 1474 inprimis
3420 1406 3573 1459 dice-

1994 1511 2212 1581 rentur,
2246 1502 2403 1573 quasi
2456 1502 2597 1555 Deus
2633 1500 2910 1554 diceretur
2950 1499 3123 1553 bonus
3152 1508 3206 1551 et
3246 1498 3468 1565 sapiens
3502 1498 3570 1549 ad

1998 1591 2408 1646 similitudinem
2437 1592 2588 1654 boni,
2619 1590 2705 1645 cui
2738 1590 2831 1644 dat
2864 1588 3193 1654 bonitatem;
3218 1597 3272 1641 et
3308 1589 3572 1656 sapientis

1998 1685 2087 1741 cui
2129 1686 2223 1741 dat
2253 1685 2597 1755 sapientiam.
2620 1685 2689 1739 At
2721 1699 2827 1739 non
2859 1684 2938 1739 sic
2968 1683 3258 1752 Dionysius
3289 1682 3480 1744 sensit,
3512 1690 3570 1733 ut

381 1767 523 1821 Cant
550 1778 732 1822 autem
758 1771 1067 1840 prazpositio
1104 1772 1257 1841 ὑπέρ
1299 1772 1730 1828 nulli-vocabulo
1782 1773 1893 1829 fre-
1926 1755 1969 1811 Β
2000 1778 2220 1833 nomina
2264 1777 2445 1831 divina
2497 1778 2795 1831 secundum
2842 1790 3061 1830 causam
3095 1783 3306 1828 tantum
3344 1773 3410 1827 de
3454 1774 3564 1827 Deo

305 1861 575 1929 quentius
606 1875 959 1932 praeponatur
990 1880 1154 1934 quam
1194 1867 1313 1920 voci
1357 1867 1571 1930 οὐσία,
1613 1868 1895 1923 sciendum

306 1951 457 2006 hanc
508 1968 695 2007 vocem
730 1956 869 2024 apud
910 1956 1225 2026 Dionysium
1279 1966 1336 2011 ut
1380 1959 1675 2027 plurimum
1722 1961 1895 2030 accipi

307 2057 419 2113 pro
451 2045 716 2110 essentia,
763 2048 1073 2102 substantia
1096 2088 1111 2113 ,
1143 2058 1361 2111 natura,
1395 2053 1697 2120 praasertim
1731 2053 1897 2122 spiri-

310 2136 447 2189 tuali
469 2176 485 2199 ,
517 2148 571 2191 et
603 2140 874 2193 interdum
905 2142 1101 2208 etiam,
1137 2143 1232 2198 sed
1267 2144 1470 2207 rarius,
1507 2158 1608 2212 pro
1640 2146 1895 2200 materia.

309 2227 551 2294 Quando
606 2240 785 2284 autem
850 2232 1165 2302 adjungitur
1234 2234 1311 2288 illi
1376 2236 1689 2305 praepositio
1731 2236 1894 2309 ὑπέρ,

309 2335 429 2378 tum
478 2326 593 2381 fere
635 2329 700 2382 de
733 2328 844 2383 Deo
878 2332 1154 2400 rebusque
1182 2331 1384 2387 divinis
1416 2348 1479 2387 ac
1509 2341 1899 2402 supernatura-

308 2418 461 2475 libus
494 2436 673 2476 sermo
719 2431 824 2476 est.
864 2422 1005 2477 Hinc
1038 2424 1131 2479 lib.
1186 2424 1265 2479 De
1316 2426 1509 2481 divinis
1567 2426 1897 2494 nominibus,

316 2528 446 2581 cap.
479 2516 535 2580 1,
566 2512 595 2585 ς
630 2516 679 2579 1,
711 2527 767 2570 et
813 2516 943 2572 alibi
998 2519 1199 2587 passim
1222 2558 1239 2585 ,
1284 2519 1445 2574 ﬁdem
1486 2527 1645 2574 vocat
1676 2537 1695 2571 ι
1732 2521 1901 2591 ὑπερ-

310 2606 500 2659 ούσιον
527 2606 858 2677 ἐπιστήμην,
880 2627 898 2659 ι
929 2606 980 2661 id
1007 2614 1092 2662 est
1115 2610 1572 2675 supernaturalem
1591 2611 1894 2676 scientiam,

310 2698 444 2768 quia
500 2699 708 2754 viribus
766 2709 973 2754 naturas
1031 2700 1222 2756 haberi
1274 2702 1501 2771 nequit,
1562 2702 1653 2757 sed
1704 2717 1732 2755 a
1790 2702 1901 2756 Deo

310 2792 479 2847 nobis
523 2790 640 2860 ejus
693 2793 914 2847 habitus
967 2792 1178 2847 infundi
1236 2793 1437 2859 debet,
1496 2804 1553 2849 et
1618 2793 1715 2848 Dei
1770 2808 1900 2863 gra»

314 2886 397 2937 tia
448 2899 586 2954 opus
657 2894 742 2939 est
798 2894 857 2938 ut
905 2894 1061 2940 actus
1102 2884 1229 2939 ﬁdei
1275 2885 1551 2943 eliciatur.
1595 2885 1689 2942 Sic
1736 2887 1900 2940 etiam

314 2974 627 3039 Christum,
665 2985 925 3043 tanquam
958 2974 1083 3029 lidei
1111 2984 1165 3029 et
1208 2977 1397 3045 gratia:
1429 2986 1708 3032 auctorem
1730 3016 1747 3041 ,
1778 2991 1901 3046 cap.

314 3064 342 3116 1
382 3061 534 3117 Eccl.
576 3062 859 3135 ωηιπά
894 3065 943 3127 1,
974 3065 1207 3134 appellat
1241 3083 1259 3115 ι
1299 3060 1733 3136 θεαρχικώτατον
1770 3065 1895 3119 νοῦν
1932 3101 1980 3162 c

315 3155 419 3211 καὶ
468 3154 823 3227 ὑπερούσιον,
859 3173 878 3207 ι
909 3155 961 3209 id
999 3166 1083 3209 est
1126 3169 1351 3209 mentem
1403 3158 1632 3211 maxime
1666 3157 1901 3211 divinam

317 3264 386 3300 ac
420 3246 906 3316 supernaturalem.
956 3246 1223 3302 Similiter
1269 3247 1683 3305 sacramentalia
1722 3257 1776 3302 et
1817 3263 1906 3303 sa-

316 3348 611 3393 cramenta
636 3378 651 3403 ,
699 3348 755 3393 et
794 3336 1110 3408 Scripturas
1139 3338 1350 3393 divinas
1386 3339 1585 3392 ibidem
1623 3338 1651 3411 ᾗ
1682 3338 1716 3393 5
1751 3348 1907 3394 vocat

323 3452 344 3483 ι
384 3431 447 3484 τὸ
479 3431 627 3504 ἱερὸν
653 3430 828 3503 δῶρον
857 3432 955 3503 τῆς
993 3432 1322 3502 ὑπερουσιου
1358 3429 1650 3503 θεαρχίας,
1687 3451 1706 3483 s
1738 3431 1790 3486 id
1820 3441 1908 3486 est

321 3540 541 3577 sacrum
584 3539 776 3577 munus
805 3524 1227 3594 supernaturalis
1272 3522 1368 3577 Dei
1397 3523 1749 3592 principatus.
1779 3522 1906 3579 Harc

322 3614 477 3668 enim
507 3614 692 3669 omnia
726 3622 975 3683 spectant
1013 3614 1085 3668 ad
1121 3614 1368 3668 ordinem
1400 3621 1597 3668 natura
1627 3614 1907 3669 sublimio-

323 3721 469 3772 rem,
500 3704 713 3760 scilicet
753 3704 972 3775 gratiae,
1004 3719 1110 3772 qua
1159 3718 1325 3772 supra
1368 3712 1618 3757 naturam
1650 3705 1718 3758 ad
1768 3704 1907 3758 divi-

326 3810 465 3849 num
498 3793 786 3863 quemdam
817 3800 1017 3848 statum
1051 3793 1349 3861 elevamur,
1381 3794 1458 3847 uti
1508 3793 1666 3848 docet
1706 3793 1907 3866 Diony-

327 3888 445 3941 sius
476 3884 555 3938 De
588 3884 716 3939 ccci.
752 3884 910 3950 hiem,
948 3900 1069 3954 cap.
1099 3884 1154 3950 2,
1183 3895 1339 3954 parte
1376 3902 1414 3941 ι.

854 4022 1291 4081 OBSERVATIO
1327 4026 1394 4080 ν.

327 4124 478 4190 Quid
526 4120 822 4192 signiﬁcent
871 4118 1160 4192 composita
1209 4134 1275 4192 ea:
1334 4121 1498 4192 αρτό.
1551 4117 1784 4176 Nomina
1827 4123 1910 4175 di—

408 4195 531 4247 tina
561 4187 845 4261 quosensu
864 4187 927 4239 de
951 4187 1055 4240 Deo
1072 4187 1341 4261 prcedicet.
1377 4190 1519 4254 Quid
1578 4193 1648 4245 sit
1703 4210 1762 4246 ea
1787 4195 1909 4246 θεο-

406 4256 655 4385 πρεεῖιῷςς
709 4262 1011 4332 ρτωιιὶεανὶ.
1072 4256 1196 4312 Non
1253 4260 1425 4313 solum
1471 4264 1757 4316 secundum
1789 4281 1911 4317 cuu-

406 4351 520 4385 sam
586 4349 675 4385 εει.

404 4351 520 4389 sam
548 4349 675 4387 αισι.

1996 1873 2342 1936 dicerentur;
2378 1872 2472 1925 sed
2505 1871 2606 1934 sic,
2634 1881 2692 1923 ut
2718 1868 2830 1922 Deo
2872 1868 3103 1937 primum
3136 1866 3571 1919 attribuerentur

1998 1971 2056 2016 ut
2082 1977 2205 2015 eum
2233 1962 2449 2024 decent,
2480 1961 2531 2014 id
2556 1968 2641 2014 est
2666 1958 3068 2030 impartieipate
3099 1966 3154 2010 et
3179 1956 3567 2011 essentialitcr.

1995 2056 2131 2110 Cum
2163 2054 2311 2109 enim
2341 2054 2477 2108 dicit
2514 2052 2797 2122 Scriptura
2832 2069 2846 2106 :
2889 2051 3056 2105 Nemo
3099 2052 3264 2104 bonus
3292 2051 3393 2104 nisi
3424 2049 3568 2104 solus

1998 2150 2140 2203 Deus
2160 2147 2227 2211 ⁷³,
2255 2147 2479 2217 perinde
2506 2156 2592 2200 est
2620 2161 2684 2201 ac
2700 2146 2745 2199 si
2771 2145 2950 2199 dicat!
2976 2143 3146 2199 Nemo
3175 2158 3269 2212 per
3292 2157 3351 2197 se
3378 2143 3569 2206 bonus,

1999 2236 2051 2288 id
2078 2244 2184 2300 est,
2210 2248 2370 2288 nemo
2398 2247 2560 2303 supra
2588 2230 3401 2302 bonitatemparticipatam,nisi
3428 2230 3575 2285 solus

2000 2324 2142 2378 Dens
2176 2340 2191 2378 :
2225 2324 2305 2379 sic
2336 2325 2484 2378 enim
2518 2322 2784 2377 intellexit
2803 2330 2860 2375 et
2884 2322 3277 2393 interpretatus
3308 2329 3392 2374 est
3422 2320 3567 2374 idem

2000 2415 2294 2488 Dionysius
2319 2431 2443 2485 cap.
2470 2415 2507 2469 2
2540 2414 2614 2469 De
2639 2414 2827 2469 divinis
2853 2413 3152 2467 nominibus
3183 2413 3235 2466 in
3266 2411 3571 2482 principio:

2003 2521 2061 2564 ut
2086 2510 2199 2579 jam
2224 2511 2400 2565 bonus
2426 2518 2482 2565 et
2511 2509 2734 2576 sapiens
2761 2508 2975 2563 dicatur
3004 2506 3168 2573 Deus,
3203 2507 3328 2575 quia
3360 2505 3575 2560 bonitas

2002 2598 2056 2653 in
2088 2616 2153 2654 eo
2178 2598 2467 2655 antecellat
2487 2610 2541 2654 et
2561 2606 2849 2667 exsuperet
2874 2611 3088 2652 omnem
3112 2596 3412 2651 bonitatem
3428 2609 3577 2649 crea.

2002 2700 2113 2745 tam
2163 2698 2218 2745 et
2258 2691 2668 2760 participatam.
2699 2687 3017 2757 Hujusmodi
3050 2697 3230 2744 autem
3264 2688 3447 2743 divina
3477 2702 3577 2741 no-

2006 2784 2175 2849 mina,
2209 2797 2330 2850 qua:
2363 2784 2661 2837 secundum
2693 2782 3086 2852 plenitudinem
3135 2790 3190 2835 et
3236 2794 3339 2833 non
3383 2793 3578 2833 secun-

2004 2875 2130 2929 dmn
2159 2875 2633 2943 participationem
2675 2874 2785 2929 Deo
2824 2871 3217 2934 attribuuntur,
3250 2878 3411 2924 vocat
3451 2867 3563 2923 Dio

2006 2966 2196 3035 nysius
2226 2964 2546 3034 θεοπρεπῆ,
2572 2964 2627 3019 id
2654 2971 2739 3018 est
2761 2963 2979 3018 nomina
3014 2964 3182 3016 Deum
3216 2961 3487 3016 decentia.
3518 2960 3577 3014 Si

2009 3057 2174 3127 igitur
2224 3058 2524 3112 secundum
2575 3070 2793 3110 causam
2837 3062 3042 3108 tantum
3089 3054 3426 3117 dicerentur,
3470 3065 3577 3106 non

2006 3157 2195 3205 essent
2221 3150 2441 3203 nomina
2482 3147 2650 3201 Deum
2683 3144 2957 3211 decentia,
2983 3143 3107 3213 quia
3142 3145 3222 3198 sic
3254 3143 3400 3197 dicta
3434 3142 3489 3196 in
3520 3154 3579 3196 se

2007 3241 2331 3307 includunt,
2365 3250 2425 3295 ut
2466 3240 2599 3306 dixi,
2632 3239 2810 3294 solum
2860 3237 3309 3308 participationes
3339 3247 3577 3302 creatas,

2008 3343 2070 3388 ut
2094 3334 2268 3388 bonus
2309 3332 2611 3387 bonitatem
2642 3330 3047 3399 participatam,
3077 3329 3231 3397 cujus
3266 3333 3456 3380 auctor
3482 3324 3580 3379 bo-

2009 3440 2112 3479 nus
2145 3423 2318 3491 Deus;
2362 3425 2584 3494 sapiens
2626 3423 2952 3492 sapientiam
2985 3420 3362 3491 participatam
3383 3458 3397 3482 ,
3423 3418 3579 3485 cujus

2009 3527 2202 3573 auctor
2249 3517 2473 3587 sapiens
2526 3516 2708 3582 Deus;
2757 3530 2810 3576 et
2832 3519 2897 3573 ad
2922 3515 3169 3577 eumdem
3194 3513 3412 3569 modum
3447 3513 3575 3566 alia.

2010 3610 2191 3676 Quare
2221 3608 2281 3664 S.
2308 3608 2569 3680 Dionysio
2597 3608 2924 3664 contradicit
2958 3616 3013 3660 et
3061 3612 3348 3675 repugnat,
3375 3604 3467 3673 qui
3495 3605 3579 3658 di-

2010 3702 2089 3756 cit
2140 3702 2362 3756 nomina
2406 3701 2592 3755 divina
2637 3699 2938 3755 secundum
2988 3695 3338 3765 Dionysium,
3386 3708 3580 3748 secun-

2011 3795 2153 3853 dum,
2187 3808 2408 3849 causam
2443 3804 2651 3847 tantum
2693 3792 2801 3847 dici
2840 3790 2906 3845 de
2935 3790 3044 3844 Deo
3078 3807 3091 3842 :
3125 3789 3203 3842 sic
3230 3787 3374 3841 enim
3414 3788 3577 3849 dicta,

2010 3905 2116 3944 non
2145 3897 2271 3943 sunt
2311 3888 2479 3942 Deum
2522 3887 2792 3951 decentia,
2840 3900 2905 3940 ac
2938 3884 3168 3953 proinde
3212 3883 3292 3938 sic
3334 3891 3578 3951 accepta,

2010 3997 2118 4035 non
2160 3990 2288 4036 sunt
2325 3980 2546 4035 nomina
2585 3980 2790 4033 divina.
2816 3978 3077 4047 Dionysio
3114 3986 3294 4030 autem
3333 3985 3580 4037 auctore,

2010 4074 2234 4128 nomina
2281 4073 2460 4128 divina
2504 4072 2671 4127 Deum
2714 4070 2988 4134 decentia,
3025 4066 3294 4131 absolute,
3322 4068 3579 4136 perlecte,

2014 4164 2225 4235 integre
2253 4174 2309 4220 et
2336 4164 2493 4235 plene
2513 4203 2528 4229 ,
2555 4163 2608 4218 id
2639 4172 2721 4218 est
2751 4172 3144 4232 exsuperanter
3177 4168 3233 4215 et
3274 4158 3581 4212 eminenter

2014 4256 2123 4311 Deo
2153 4258 2502 4313 conveniunt.

2501 4370 2938 4427 OBSERVATIO
2979 4369 3065 4423 Vl.

409 4446 589 4501 Simili
636 4445 750 4499 fere
796 4443 956 4498 modo
1002 4442 1345 4514 intelligenda
1377 4453 1503 4500 sunt
1534 4446 1753 4503 nomina
1790 4463 1908 4515 quae
1941 4444 1985 4499 D
2052 4466 2324 4532 Quomodo
2369 4464 2508 4520 De“,
2545 4465 2612 4518 ,ει
2651 4480 2742 4533 ρει·
2784 4479 2838 4515 δε
2867 4463 3008 4525 vim,
3045 4470 3092 4512 ει
3137 4465 3324 4511 auctor
3365 4468 3459 4523 per
3490 4468 3545 4506 se

335 4546 743 4609 componuntur
773 4552 839 4591 ex
867 4536 1129 4606 particula
1161 4538 1332 4603 αὑτό,
1364 4546 1423 4594 ιιι
1448 4556 1573 4595 eum
1601 4541 1653 4595 in
1681 4542 1819 4598 libro
1837 4545 1915 4599 De

335 4632 535 4687 diuinis
568 4630 892 4695 nominibus,
921 4645 1044 4699 cap.
1077 4629 1111 4682 5
1136 4638 1188 4684 et
1215 4629 1306 4693 11,
1330 4640 1383 4684 et
1408 4629 1558 4697 alibi,
1608 4632 1778 4687 Deum
1816 4648 1913 4687 vo-

335 4732 429 4780 cat
470 4721 537 4776 τὸ
586 4720 730 4775 αὐτὸ
778 4722 929 4775 εἶναι
954 4762 970 4786 ,
1022 4721 1137 4791 τὴν
1180 4720 1501 4789 αὐτοζωήν,
1525 4723 1639 4791 τὴν
1659 4724 1914 4777 αὐτοσο-

333 4815 508 4884 φιαν,
545 4823 679 4878 etc.,
723 4812 779 4868 id
812 4821 895 4868 est
924 4829 1016 4883 per
1044 4828 1097 4867 se
1130 4829 1262 4877 esse,
1298 4828 1391 4882 per
1430 4829 1485 4867 se
1517 4814 1700 4879 vitam,
1725 4830 1820 4883 per
1859 4830 1914 4868 se

334 4908 696 4975 sapientiam,
723 4914 779 4959 et
818 4906 1038 4972 similia,
1085 4922 1207 4975 qua:
1250 4905 1351 4961 soli
1394 4907 1505 4961 Deo
1552 4915 1911 4977 competunt:

340 4998 495 5053 nulla
525 4999 671 5052 enim
704 5007 955 5053 creatura
981 5008 1063 5054 est
1092 5013 1190 5067 per
1217 5012 1275 5052 se
1313 4997 1365 5051 id
1396 4998 1537 5066 quod
1561 5012 1669 5061 est,
1698 5000 1791 5053 sed
1822 5014 1917 5068 per

338 5091 857 5163 participationem;
890 5090 1036 5146 solus
1066 5098 1248 5145 autem
1278 5090 1423 5146 Deus
1459 5100 1545 5146 est
1586 5092 1760 5161 ipsum
1814 5092 1918 5147 hoc

339 5184 494 5253 quod
526 5192 616 5238 est
641 5197 741 5252 per
767 5198 849 5251 se,
882 5183 934 5237 id
960 5190 1044 5237 est
1079 5197 1174 5238 sua
1199 5182 1469 5248 essentia,
1502 5193 1557 5238 et
1585 5199 1740 5237 suum
1773 5197 1913 5248 esse,

340 5286 535 5330 etnon
582 5276 880 5331 secundum
908 5277 1406 5347 participationem.
1456 5277 1663 5331 Idcirco
1700 5277 1758 5331 D.
1789 5277 1918 5331 Dio-

341 5369 535 5439 nysius
564 5381 693 5437 cap.
726 5366 762 5421 2
788 5367 863 5421 ait
911 5368 1027 5423 lia-c
1058 5369 1297 5434 nomina,
1331 5377 1587 5436 tanquam
1618 5367 1786 5422 Deum
1818 5368 1915 5423 de-

341 5460 558 5521 centia,
594 5459 820 5514 attribui
864 5460 1133 5516 divinitati
1180 5463 1341 5516 trium
1375 5460 1739 5515 Personarum
1779 5462 1919 5530 άμε-

334 5550 493 5622 ρῶς,
530 5549 639 5605 boc
681 5560 765 5606 est
797 5551 1223 5625 imparticipate,
1274 5562 1437 5623 atque
1481 5551 1613 5608 adeo
1661 5553 1815 5623 plene
1863 5562 1918 5609 et

442 5728 488 5760 ”
519 5727 691 5788 Ilarc.
725 5746 779 5784 ι.

2655 4536 2798 4599 vitaz,
2828 4543 2935 4588 etc.

2085 4631 2183 4686 llic
2243 4631 2468 4685 ulterius
2513 4628 2807 4683 notandum
2852 4620 3126 4693 quomodo
3181 4617 3240 4673 S.
3288 4614 3583 4687 Dionysius

2015 4727 2302 4795 aliquando
2338 4724 2555 4793 quidem
2588 4722 2754 4775 Deum
2788 4726 2944 4773 vocet
2991 4711 3106 4781 τὴν
3162 4709 3489 4779 αὺτοζιιιὴν,
3529 4709 3582 4761 id

2014 4831 2090 4875 est
2139 4835 2229 4886 per
2274 4834 2327 4871 se
2368 4818 2563 4878 vitam,
2614 4811 2906 4882 aliquando
2951 4821 3083 4861 vero
3128 4803 3239 4871 τῆς
3287 4796 3584 4865 αὐτοζωξῆς

2016 4908 2404 4975 ὑποστάτην,
2453 4905 2571 4958 sive
2620 4919 2710 4972 per
2756 4917 2810 4955 se
2861 4901 2979 4954 vita:
3024 4905 3454 4951 sustentatorent.
3518 4890 3584 4943 Et

2019 5002 2208 5055 eodem
2249 4998 2423 5066 capite
2458 4996 2518 5049 11
2562 5008 2668 5061 quo
2702 5006 2865 5046 sensu
2909 4990 3024 5042 haec
3058 4984 3405 5053 intelligenda
3451 4981 3582 5042 sint,

2021 5095 2248 5164 ipsemet
2275 5089 2460 5158 pandit
2505 5086 2588 5139 liis
2616 5083 2798 5139 verbis
2828 5097 2843 5133 :
2886 5098 2903 5130 ι
2939 5080 3053 5132 Οὐκ
3080 5076 3317 5129 ἐναντίον
3361 5070 3580 5164 abroad-

2019 5161 2180 5254 ν-αμιν
2206 5177 2534 5251 ἢαύτοζωὴν
2560 5177 2731 5229 εἰπεῖν
2757 5173 2847 5226 τὸν
2874 5170 3025 5231 Θεὸν,
3051 5169 3143 5221 καὶ
3165 5168 3262 5237 τῆς
3288 5161 3584 5231 αὐτοζωῆς,

2022 5276 2056 5346 ἢ
2081 5251 2322 5346 έίρήνης,
2366 5270 2399 5341 ἢ
2443 5268 2723 5338 δυνάμεως
2764 5263 3101 5331 ὑποστάτην·
3147 5257 3213 5310 τὰ
3246 5258 3341 5346 μὲν
3388 5251 3496 5323 γὰρ
3522 5253 3584 5346 ex

2022 5365 2130 5418 τῶν
2154 5365 2340 5425 ὄντων,
2367 5362 2459 5414 καὶ
2488 5358 2720 5429 μάλιστα
2760 5357 2824 5407 ὲκ
2863 5352 2971 5405 τῶν
3010 5347 3236 5420 πρώτως
3275 5345 3462 5405 ὄντων,
3511 5338 3583 5400 ὡς

2024 5458 2194 5519 αἴτιος
2237 5456 2451 5509 πάντων
2493 5450 2600 5503 τῶν
2629 5449 2795 5502 ὅντων
2840 5447 3091 5515 λέγεται·
3128 5438 3195 5491 τὰ
3239 5436 3295 5487 δὲ
3328 5434 3403 5493 ὡς
3448 5430 3582 5501 ὑπὲρ

2025 5550 2199 5603 πάντα
2238 5546 2332 5600 καὶ
2354 5544 2421 5598 τὰ
2464 5541 2692 5615 πρώτως
2736 5540 2884 5604 ὅντα,
2930 5532 3144 5605 ὑπερὼν
3195 5522 3591 5595 ὑπερουσίωςηη
