1958 3117
179 150 215 179 ⁸3
746 151 772 178 S.
797 150 981 180 DIONYSIUS
999 151 1226 181 AREOPAGITA.
1769 151 1806 179 εδδ

180 207 243 236 Non
263 214 392 244 pugnant,
415 210 515 245 inquit,
539 217 639 241 tecum,
664 209 753 236 dicere
775 208 856 236 Deum
874 218 919 244 per
939 218 962 237 σε

1017 207 1283 244 aanctitas,justitta,
1302 210 1496 240 misericordia.
1513 210 1659 242 beatitudo,
1678 211 1730 237 vita
1745 218 1805 236 ont—

179 261 333 290 pomtatem
348 261 373 283 et
392 265 438 290 per
452 264 480 283 se
500 257 599 289 vitant;
615 261 638 284 et
657 257 743 284 dicere
766 256 847 283 Deum
861 261 964 283 creato-

177 309 233 329 rem
245 310 292 335 per
305 310 332 329 se
350 302 420 334 vitta,
438 302 477 330 vel
489 311 536 337 per
547 311 574 330 se
588 303 673 337 pacis,
688 303 726 330 vel
746 311 792 337 per
807 311 834 330 se
847 306 964 337 potesta-

177 347 211 374 tis
221 355 230 378 ;
239 347 295 374 Ita't:
307 347 377 374 enim
387 348 486 375 dicitur
496 347 567 375 Deus
578 356 611 375 α
622 348 656 374 iis
666 356 725 383 quia
735 354 806 381 sum,
814 351 839 374 et
850 348 964 374 maxime

177 399 211 419 ea:
229 391 261 419 iis
278 400 337 427 qua
351 393 437 427 prima
452 398 525 426 sunt,
540 398 666 428 tanquam
679 401 759 420 cauea
773 394 889 420 omnium
904 402 963 428 quae

176 442 239 464 sunt
258 447 268 467 :
287 437 335 465 illa
350 444 437 466 autem
458 439 557 466 dicitur
578 444 704 475 tanquam
726 440 843 467 uiuens
867 449 963 474 super-

175 484 388 511 eubstantiuliter
402 493 483 518 supra
498 486 587 512 omnia
601 494 661 520 qute
679 491 751 519 sunt,
766 491 791 513 et
806 495 865 521 qute
876 486 963 521 primo

175 535 247 557 sunt.
263 530 369 558 Dicitur
383 539 449 566 ergo
465 530 536 558 Deus
555 539 603 565 per
616 540 644 559 se
658 532 722 563 vita,
737 531 843 559 scilicet
860 532 963 566 impar-

176 575 301 610 ticipata,
327 576 461 603 illimitata
474 596 482 609 ,
500 581 554 605 etc.
573 576 674 604 Auctor
696 585 759 605 vero
775 585 822 611 per
843 585 870 604 te
891 582 961 610 vita,

175 620 280 649 scilicet
296 622 477 656 participans,
495 622 618 650 limitata:
629 643 637 656 ,
652 628 720 654 etc..
734 623 791 650 sive
805 623 869 651 doni
889 623 963 651 illius

174 674 229 701 quo
245 667 368 695 viventes
383 667 463 701 facit,
484 668 521 695 ita
537 668 665 695 nimirum
683 673 711 696 ut
726 676 775 703 per
795 676 825 695 se
839 669 893 696 vita
915 677 963 695 na-

178 718 268 740 turam
289 715 351 741 vita:
366 714 514 750 signiticet,
534 714 561 742 id
577 719 618 742 est
634 722 666 742 ea
679 722 741 750 quae
754 715 856 743 cadunt
871 715 898 742 in
914 714 962 742 de.

175 759 324 787 linitiouem
345 759 407 787 vitae
422 759 474 795 (5).

415 806 635 836 OBSERVATIO
653 806 710 836 Vll.

315 853 386 886 Quid
405 854 507 889 signent
525 854 669 888 composita
684 861 718 881 ex
733 853 816 890 ἀρχή.

209 897 267 925 Non
284 905 347 925 raro
366 906 475 933 quoque
498 898 527 926 S.
545 898 691 934 Dionysius
706 899 793 926 utitur
805 898 961 926 nominibus
977 892 998 920 Β

172 951 207 971 ex
219 951 284 972 voce
299 945 370 980 ἀρχή
387 944 556 980 compositis,
570 945 691 973 vocando
706 945 792 973 Deum
806 945 960 979 θεαρχίαν,

172 991 337 1025 θεαρχικὴν
355 991 497 1025 ὕπαρξιν,
526 996 594 1025 elc.,
609 991 636 1019 id
652 996 695 1020 est
707 991 960 1026 Dei-principatum,

170 1038 348 1065 substantiam
360 1037 645 1072 diuino-principalem,
657 1037 806 1065 diuinitatis
819 1037 960 1072 originem,

173 1082 200 1110 in
219 1084 354 1111 creaturis
372 1083 491 1116 scilicet,
507 1083 572 1117 quia
589 1083 662 1110 Deus
676 1088 720 1111 est
739 1088 836 1111 auctor
860 1083 961 1110 divini—

172 1129 237 1157 tatis
258 1130 287 1157 itt
312 1130 419 1158 cunctis
442 1130 599 1157 hominibus
625 1134 653 1158 et
679 1130 785 1165 angelis
806 1130 852 1165 qui
877 1130 960 1158 Deum

172 1174 316 1204 Imitantur
327 1180 356 1204 et
378 1177 402 1203 ei
418 1176 525 1204 similes
547 1177 629 1210 liunt,
649 1176 684 1205 de
704 1176 805 1212 quibus
828 1177 961 1211 scriptum

172 1228 217 1251 est
233 1232 242 1251 :
264 1222 320 1259 Ego
336 1223 393 1251 dixi
406 1230 416 1250 :
430 1223 475 1251 Dii
487 1225 549 1252 estis
561 1224 598 1257 ";
620 1229 647 1252 et
661 1224 728 1252 illud
746 1236 753 1252 ;
769 1224 840 1251 Deus
851 1218 961 1251 deorum

172 1272 201 1298 in
227 1271 293 1299 Sion
318 1271 353 1298 ".
382 1271 531 1305 Θεαρχίαν
553 1270 646 1307 itaque
671 1271 755 1305 dicit,
779 1271 856 1305 quasi
885 1269 961 1297 θεῶν

171 1317 314 1352 ἄρχοντα,
328 1317 454 1344 dicamus
471 1324 520 1344 nos
535 1317 620 1344 Deum
638 1317 763 1350 deorum,
776 1321 806 1344 ut
818 1316 903 1345 David
919 1317 962 1344 di-

172 1363 220 1390 cit.
241 1361 336 1397 Cap.'5
354 1361 472 1389 Cclestis
484 1362 645 1389 ltisrareltiar
668 1362 752 1390 Deum
763 1366 841 1390 vocat
855 1363 956 1389 τελετ-

171 1409 282 1444 αρχιαν
298 1408 347 1436 καὶ
367 1408 650 1443 αὐτοτελεταρχιαν,
663 1408 689 1435 id
702 1412 744 1435 est
758 1408 885 1443 originem
901 1416 962 1442 per-

173 1455 306 1490 fectionis,
325 1460 348 1482 et
368 1463 413 1490 per
425 1463 453 1482 se
475 1455 604 1490 originem
621 1454 791 1488 perfectionis
800 1462 812 1486 ;
830 1453 894 1481 item
911 1461 961 1480 ta-

172 1502 312 1539 ζαρχιαν,
327 1502 352 1529 id
367 1506 409 1529 est
431 1502 559 1536 originem
575 1501 762 1528 ordinationis.
781 1500 848 1528 ltem
864 1508 924 1535 cap.
942 1500 959 1527 5

1017 255 1089 281 nium
1106 256 1254 285 viventium.
1275 264 1330 283 esse
1352 257 1469 283 onmium
1485 257 1665 287 uiuentium,
1685 257 1804 283 omnium

1015 300 1150 335 perfectio,
1171 302 1350 334 pulchritudo.
1372 311 1507 334 mensura,
1532 302 1612 334 ratio,
1636 302 1720 334 salus.
1741 310 1806 329 cort-

1015 348 1138 374 eervatio.
1154 347 1229 375 Unde
1242 347 1320 375 divus
1332 348 1496 380 Beruardus,
1516 349 1565 376 lib.
1582 357 1598 375 v
1624 349 1663 376 De
1674 349 1778 376 consid.
1793 357 1805 376 :

1016 393 1086 426 Quid
1101 398 1139 421 est
1155 393 1245 421 Deus?
1259 393 1401 421 'Voluntas
1420 395 1594 429 omnipotens,
1610 395 1806 422 benevolentis—

1014 441 1082 467 sima
1100 440 1196 472 virtue,
1209 440 1296 466 lumen
1314 445 1453 472 internum,
1476 441 1702 468 incommutabilis
1724 442 1804 474 ratio,

1014 490 1112 512 alterna
1127 486 1271 512 beatitudo.
1291 486 1324 513 Et
1336 486 1406 513 inl'ra
1423 495 1430 514 :
1445 487 1522 512 Amat
1544 492 1572 512 ut
1589 487 1718 519 charitas,
1731 489 1805 514 novit

1014 536 1043 557 ut
1066 532 1174 563 ueritas,
1193 532 1298 566 judieat
1317 537 1345 559 ut
1366 534 1487 568 «equitat,
1509 532 1662 559 dominatur
1676 538 1703 560 ut
1720 534 1806 567 maje-

1013 582 1080 610 εισι,
1097 577 1163 611 regit
1178 582 1206 603 ut
1221 578 1391 612 principium,
1405 584 1528 612 operatur
1551 583 1578 604 ut
1597 579 1691 611 virtus,
1711 583 1806 606 tuetur

1013 626 1041 648 ut
1059 620 1144 654 laltu,
1164 622 1262 649 revelat
1281 627 1309 649 ut
1331 621 1388 653 lux,
1413 622 1513 649 assistit
1532 628 1559 649 ut
1576 623 1672 658 pietas,
1691 628 1746 650 etc.
1770 624 1807 650 Et

1013 669 1137 703 quamvis
1155 669 1272 704 plurima
1286 676 1378 696 rerum
1394 669 1504 697 nomina
1519 670 1556 698 illi
1573 678 1627 698 non
1646 671 1805 698 tribuantur

1013 715 1048 741 ob
1063 715 1299 750 itnperl’ectionem
1319 723 1402 751 quam
1420 716 1574 749 involvunt,
1594 721 1684 744 tamen
1707 724 1805 744 omnes

1014 769 1105 788 rerum
1133 762 1240 797 species
1262 767 1291 790 et
1317 763 1410 791 omnia
1442 764 1581 791 individua
1611 764 1715 791 suntin
1743 764 1805 799 ipso

1012 807 1165 835 eminenter
1179 809 1329 836 secundum
1350 817 1401 837 sua
1416 814 1573 845 prototypa,
1590 814 1618 837 et
1640 809 1725 836 veluti
1742 810 1805 844 pri-

1014 861 1099 881 maeva
1114 859 1141 882 et
1153 859 1256 882 aeterna
1271 855 1388 889 semina,
1404 863 1437 883 ex
1451 863 1567 890 quorum
1582 856 1606 883 vi
1624 855 1804 890 pullularunt,

1013 906 1096 935 atque
1107 902 1175 928 adeo
1184 906 1247 928 sunt
1256 902 1281 928 in
1292 901 1350 935 ipso
1361 902 1518 933 intrinsece,
1526 909 1578 929 non
1587 902 1695 937 quidem
1704 909 1805 929 secun-

1012 947 1076 974 dum
1086 954 1165 974 suum
1176 955 1237 975 esse
1252 947 1367 975 formate
1377 953 1404 976 et
1417 948 1572 979 essentiale,
1585 948 1633 974 sed
1651 948 1804 975 secundum

1012 1000 1073 1019 esse
1083 1000 1161 1020 suum
1177 994 1299 1021 eminens
1308 999 1335 1021 et
1347 993 1585 1028 superessentiale.
1603 993 1679 1022 Unde
1693 993 1751 1028 ipse
1761 997 1805 1020 est

1011 1039 1104 1065 omnia
1117 1042 1145 1066 et
1165 1038 1271 1073 singula
1290 1040 1445 1067 eminenter
1473 1046 1500 1067 et
1524 1040 1802 1074 superessentialitcr.

1205 1084 1344 1118 Quomodo
1356 1086 1445 1113 omnia
1462 1091 1599 1120 negentur.

1047 1130 1188 1166 Negantur
1211 1132 1245 1159 de
1267 1131 1326 1166 ipso
1350 1132 1453 1165 omnia,
1477 1132 1541 1166 quia
1567 1133 1625 1167 ipse
1652 1137 1695 1159 est
1718 1140 1802 1166 supra

1011 1185 1120 1205 omnem
1146 1178 1280 1205 rationem
1293 1182 1320 1205 et
1340 1178 1458 1213 speciem
1481 1184 1582 1206 creatis
1598 1179 1681 1205 tuenti
1703 1186 1803 1205 concc-

1011 1224 1145 1259 ptibilem.
1160 1223 1206 1252 Sic
1221 1224 1375 1259 Dionysius,
1394 1225 1477 1259 capit.
1490 1224 1540 1251 ult.
1557 1223 1636 1258 Myst.
1655 1224 1801 1257 llteologitl',

1011 1270 1078 1298 dicit
1092 1270 1177 1298 Deutn
1196 1279 1258 1299 esse
1275 1279 1328 1298 non
1345 1271 1540 1303 substantiam,
1562 1279 1615 1297 non
1634 1273 1731 1302 vitam,
1749 1280 1801 1297 non

1011 1315 1111 1350 lucem,
1126 1323 1181 1343 non
1195 1323 1317 1349 sensum,
1334 1323 1386 1343 non
1404 1322 1534 1350 mentem,
1553 1324 1606 1343 non
1625 1317 1801 1351 sapientiam,

1011 1370 1064 1389 non
1088 1362 1251 1396 bonitatem,
1279 1370 1334 1389 non
1357 1363 1507 1395 deitatem,
1535 1363 1583 1390 sed
1607 1362 1737 1398 quiddam
1761 1361 1803 1389 his

1011 1409 1140 1436 omnibus
1155 1409 1321 1436 eminentius
1338 1413 1418 1443 atque
1436 1409 1624 1444 przestautius.
1651 1408 1731 1435 Ratio
1748 1413 1802 1441 est,

1010 1455 1074 1489 quia
1090 1455 1183 1482 omnia
1200 1454 1267 1487 ista,
1282 1459 1417 1490 quatenus
1433 1454 1518 1481 menti
1533 1459 1634 1481 creatae
1649 1459 1712 1481 sunt
1726 1461 1804 1481 com-

994 1537 997 1539 _
1011 1501 1206 1536 prehensibilia
1224 1506 1251 1529 et
1265 1501 1456 1532 nominabilis,
1476 1501 1578 1528 habent
1592 1506 1742 1535 couCeptus
1754 1501 1805 1527 οΙι-

173 1548 213 1575 Dc
233 1548 328 1575 divinis
350 1548 509 1582 nominibus,
529 1548 545 1583 ς
562 1548 591 1581 2,
610 1555 710 1582 corpus
726 1547 756 1575 Β.
777 1547 895 1582 Virginis
910 1556 959 1575 νο-
973 1567 994 1595 C
1008 1549 1123 1583 jcctivos
1143 1548 1275 1576 limitatos
1297 1548 1323 1575 in
1341 1549 1450 1575 ratione
1469 1547 1542 1575 entis
1558 1556 1568 1577 ξ
1589 1547 1719 1574 limitatos
1731 1567 1739 1578 ,
1762 1547 1804 1573 iu-

173 1600 220 1622 cat
235 1594 406 1629 ζωαρχικὸν,
426 1594 453 1621 id
476 1598 518 1621 cst
530 1593 600 1627 quod
613 1594 674 1621 vitae
688 1593 849 1628 principium
862 1593 945 1621 dedit.

413 1650 633 1679 OBSERVATIO
653 1650 721 1679 Vlll.

174 1697 329 1734 Dionysium
352 1697 442 1724 omnia
454 1698 486 1724 de
503 1697 555 1734 Deo
567 1697 733 1734 afﬁrmareet
749 1698 843 1724 iterum
855 1704 960 1731 negare.

305 1733 440 1765 Quoutodo
456 1733 544 1759 omnia
557 1733 589 1759 de
602 1732 657 1759 Deo
668 1733 840 1767 aﬁirmentur.

209 1779 362 1808 Notandum
383 1787 491 1815 quoque
507 1779 537 1807 S.
555 1779 715 1814 Dionysium
739 1779 785 1807 lib.
811 1779 850 1806 De
863 1779 961 1807 divinis

174 1827 333 1859 nominibus,
350 1834 411 1861 cap.
429 1827 456 1861 Ι,
475 1828 505 1859 '2,
525 1826 571 1859 15,
592 1831 619 1853 et
642 1825 718 1859 alibi,
736 1826 885 1860 aliquando
900 1825 962 1860 qui-

173 1874 234 1900 dem
250 1874 340 1900 omnia
357 1873 391 1900 de
410 1873 466 1901 Deo
482 1873 629 1905 allirmare,
646 1873 795 1907 aliquando
813 1880 878 1900 vero
898 1881 961 1900 rur-

172 1927 233 1948 sum
246 1919 337 1947 onmia
351 1927 461 1954 negare.
476 1919 544 1947 llinc
565 1920 632 1946 dicit
645 1919 731 1946 Deum
746 1919 839 1946 omnia
852 1926 914 1946 esse
930 1923 962 1946 ut

173 1964 260 1992 Deum
282 1964 376 1997 decet;
399 1969 426 1991 et
445 1964 513 1991 nihil
538 1972 634 1991 eorum
650 1971 723 1997 esse,
747 1968 777 1991 ut
796 1971 879 1999 supra
896 1966 962 1992 sub-

174 2011 304 2038 stantiam
330 2015 388 2043 est;
412 2015 560 2043 utrumque
581 2010 654 2037 enim
677 2010 787 2045 proprie
808 2010 908 2038 dicitur
934 2011 963 2038 in

176 2057 224 2085 Dei
237 2057 417 2092 atnplitudine
432 2064 440 2082 :
458 2062 499 2088 ut,
515 2056 586 2083 Deus
602 2060 644 2083 est
659 2056 729 2088 vita,
742 2055 814 2084 Deus
829 2061 871 2084 est
883 2055 963 2083 boni-

177 2110 237 2137 tas;
252 2107 290 2136 et,
305 2103 377 2130 Deus
390 2110 443 2130 nou
458 2103 579 2135 estvita,
594 2107 622 2129 et
639 2110 693 2130 non
706 2108 748 2130 est
761 2103 883 2136 bonitas,
899 2104 962 2137 quia

174 2155 218 2179 est
240 2158 323 2186 supra
345 2151 413 2183 haec,
437 2157 497 2184 quae
512 2157 563 2178 nos
584 2157 633 2184 per
655 2149 740 2176 vitam
758 2154 787 2177 et
808 2150 963 2177 bonitatem

176 2197 363 2234 intelligimus.
375 2198 408 2225 Et
422 2198 474 2225 hoc
487 2204 568 2225 sensu
584 2204 646 2232 cap.
661 2197 690 2230 2,
701 2196 767 2233 §ul,
781 2203 860 2226 vocat
878 2198 961 2226 Deum

1012 1603 1107 1630 quam,
1128 1603 1180 1623 non
1202 1603 1234 1622 ex
1258 1601 1336 1629 parte
1359 1595 1398 1622 rei
1420 1602 1480 1628 qua:
1504 1594 1675 1627 concipitur,
1698 1594 1745 1620 sed
1769 1601 1804 1620 ex

1012 1645 1089 1675 parte
1112 1641 1184 1667 modi
1198 1640 1382 1674 cortcipieudi.
1400 1639 1476 1667 Unde
1492 1645 1522 1666 ut
1537 1640 1577 1666 sic
1592 1639 1802 1674 concipiuntur,

1013 1694 1066 1713 uou
1083 1686 1224 1713 includunt
1247 1686 1401 1713 formaliter
1421 1685 1490 1713 alias
1505 1686 1689 1721 perfectiones
1706 1694 1713 1712 :
1731 1686 1803 1711 ratio

1012 1732 1085 1758 enim
1107 1732 1279 1763 substantiae,
1307 1738 1335 1759 ut
1360 1740 1375 1759 a
1399 1737 1528 1759 oreatura
1553 1732 1718 1766 concipitur,
1747 1740 1802 1758 non

1014 1778 1131 1806 includit
1146 1779 1284 1806 rationem
1300 1779 1445 1813 sapientia:
1459 1784 1506 1805 aut
1520 1784 1636 1806 caeteras
1653 1778 1803 1812 pet-lectio-

1014 1832 1074 1858 nes,
1091 1832 1142 1853 nec
1158 1830 1263 1858 contra,
1281 1825 1328 1852 sed
1343 1832 1457 1860 qumque
1473 1833 1551 1852 suuut
1568 1824 1715 1850 inuitatum
1733 1831 1804 1850 cort-

1013 1875 1122 1904 ceptum
1145 1869 1239 1897 habet.
1264 1870 1336 1897 Deus
1356 1875 1448 1896 autem
1463 1875 1503 1897 est
1523 1869 1593 1896 ratio
1611 1876 1727 1904 prorsus
1746 1868 1803 1895 illi-

1014 1914 1127 1947 mitata,
1153 1914 1227 1941 unde
1254 1913 1408 1942 formalitcr
1435 1914 1478 1942 vel
1507 1915 1662 1942 eminenter
1689 1914 1804 1941 includit

1013 1966 1120 1987 omnem
1134 1959 1329 1994 perfectionem
1344 1960 1570 1994 conceptibilem.

1114 2005 1293 2041 Perfeetiouea
1312 2006 1455 2042 dupliciter
1469 2007 1585 2034 existunt
1601 2007 1628 2033 in
1645 2006 1711 2033 Deo.

1049 2053 1118 2081 llinc
1130 2057 1206 2088 patet
1229 2060 1325 2081 omnes
1336 2053 1520 2088 perfectiones
1535 2061 1596 2088 qua:
1608 2054 1663 2081 Deo
1679 2054 1806 2081 tribuuno

1015 2107 1058 2129 tur
1072 2102 1177 2136 absque
1190 2101 1366 2136 metaphora,
1382 2101 1527 2135 dupliciter
1540 2101 1567 2128 in
1581 2101 1639 2135 ipso
1656 2101 1802 2133 contineri,

1014 2147 1165 2175 lormalitcr
1181 2150 1209 2174 et
1227 2147 1379 2174 eminenter
1398 2155 1406 2174 :
1427 2147 1593 2178 lormaliter,
1606 2147 1629 2173 si
1644 2150 1804 2181 spectentur

1014 2193 1164 2220 secundum
1176 2193 1316 2227 proprium
1330 2196 1501 2226 conceptum,
1517 2199 1572 2225 quo
1584 2199 1598 2218 a
1612 2191 1665 2218 Deo
1677 2196 1705 2218 et
1716 2191 1804 2218 beatis

177 2253 187 2270 1
207 2243 318 2271 πάντων
342 2243 415 2270 θέσιν
438 2244 483 2270 καὶ
505 2242 613 2269 πάντων
631 2242 786 2278 ἀφαίρεσιν,
813 2252 822 2268 ι
845 2243 962 2270 omnium

1015 2228 1229 2274 concipiuntur,’
1240 2240 1286 2274 qui
1302 2244 1343 2266 est
1367 2239 1519 2266 illimitatus
1536 2239 1562 2265 in
1585 2245 1685 2272 genere
1701 2237 1775 2264 cutis
1792 2245 1801 2271 ;

174 2291 345 2326 petitionem,
360 2295 383 2317 et
407 2290 525 2317 omnium
547 2288 717 2321 ablationent,
732 2289 796 2323 quia
810 2290 963 2316 eluiuenter

175 2338 253 2373 ponit
269 2337 373 2369 omnia,
398 2340 528 2370 tauquam
549 2335 640 2363 omnia
662 2335 831 2369 continens;
857 2339 884 2363 et
906 2334 964 2363 lor-

177 2384 286 2412 maliter
304 2383 395 2410 omnia
407 2381 508 2416 aul’ort,
521 2382 586 2416 quia
602 2383 674 2410 ratio
695 2382 805 2416 propria
821 2390 875 2416 qua
890 2381 962 2409 Deus

176 2435 229 2463 est,
244 2429 364 2458 excludit
384 2429 418 2457 ab
435 2429 494 2464 ipso
508 2435 617 2456 omnem
635 2428 778 2455 formalem
795 2429 930 2455 rationem
948 2436 962 2454 a

176 2481 269 2503 creata
285 2481 374 2503 mente
394 2476 676 2511 cmupreheusibilem,
694 2475 734 2502 uti
749 2475 856 2502 erudito
868 2476 963 2502 obser—

175 2527 222 2549 vat
242 2522 352 2549 Lessius
370 2521 416 2549 lib.
431 2529 440 2548 ι
469 2522 506 2549 De
522 2522 629 2557 perfect.
646 2522 740 2554 dioin.,
756 2530 816 2555 cap.
840 2522 868 2553 5,
885 2522 963 2555 cujus

175 2569 260 2595 verba
284 2576 347 2595 cum
373 2568 402 2594 S.
427 2567 556 2602 Dionysio
579 2575 706 2601 magnam
729 2567 817 2594 lucem
836 2567 963 2599 all'eraut,

177 2615 221 2642 hic
233 2613 443 2648 relerrcplacuil
455 2622 462 2642 :
478 2613 589 2646 Omnia,
602 2614 701 2647 inquit,
714 2615 745 2641 de
759 2614 815 2641 Deo
829 2614 965 2648 afﬁrman-

177 2665 232 2693 tur,
249 2660 312 2696 quia
328 2660 417 2686 omnia
434 2665 493 2686 sunt
509 2661 536 2686 in
552 2660 609 2694 ipso
630 2659 777 2693 formaliter
791 2660 830 2687 uel
846 2661 964 2686 eminen-

1015 2287 1182 2320 emineutcr,
1205 2287 1228 2314 si
1245 2286 1453 2313 considercntur
1477 2284 1626 2312 secundum
1655 2287 1804 2318 conceptus

1015 2333 1153 2368 proprios,
1168 2340 1237 2367 quos
1251 2333 1352 2360 habent
1369 2336 1399 2359 ut
1411 2340 1426 2358 a
1438 2331 1575 2359 creaturis
1587 2331 1690 2364 absque
1702 2329 1805 2356 lumine

1016 2380 1110 2415 gloria:
1134 2378 1373 2413 apprehendantur
1392 2385 1400 2404 :
1421 2378 1475 2405 etsl
1499 2377 1572 2404 enim
1600 2383 1645 2403 res
1668 2378 1803 2409 concepta

1015 2427 1051 2454 sit
1072 2426 1181 2460 proprie
1201 2425 1228 2452 in
1246 2424 1312 2457 Deo,
1329 2431 1383 2451 non
1409 2428 1502 2451 tamen
1526 2430 1591 2451 cum
1614 2430 1648 2450 eo
1672 2422 1753 2449 modo
1775 2427 1804 2449 et

1015 2471 1177 2499 [imitatione
1191 2471 1241 2499 sub
1253 2477 1306 2506 qua
1322 2469 1488 2504 concipitur.

1272 2527 1490 2557 OBSERVATIO
1508 2526 1556 2556 IX.

1016 2575 1197 2613 Perfectiones
1212 2574 1261 2613 Dei
1276 2574 1419 2609 dupliciter
1433 2573 1646 2613 considerantur.
1660 2570 1803 2613 Quomodo

1117 2611 1190 2638 Deut
1204 2612 1390 2637 denominetur
1404 2611 1520 2643 sapiens,
1532 2611 1634 2643 justus,
1648 2612 1702 2634 etc.

1051 2658 1087 2687 Ut
1110 2659 1169 2686 hate
1194 2662 1221 2685 et
1240 2657 1294 2684 alia
1322 2663 1383 2692 qua:
1408 2664 1490 2691 supra
1515 2656 1675 2692 attigimus,
1703 2655 1805 2683 melius

176 2709 228 2735 ter.
256 2705 325 2733 llinc
347 2707 446 2732 tllCtlur
473 2705 616 2740 sapientia,
639 2706 755 2738 bonitas,
779 2706 885 2739 veritas,
903 2709 961 2743 ιιιπ,
986 2707 995 2744 ζ
1018 2706 1214 2741 intelligantur,
1234 2704 1335 2733 ibidem
1354 2711 1370 2732 e
1391 2703 1488 2731 Lessio
1511 2703 1659 2731 notandum
1682 2708 1735 2734 cst,
1759 2702 1805 2728 di-

212 2797 238 2815 "
256 2797 328 2826 Psal.
355 2805 449 2825 Lxxxt.
489 2797 512 2813 ⁷⁵
528 2796 600 2825 Psal.
629 2805 744 2825 Lxxxnt.

214 2877 254 2915 (5)
271 2876 337 2907 Vide
352 2877 424 2907 inira
439 2886 463 2908 c.
479 2877 494 2907 5
514 2882 540 2908 ct
555 2878 585 2907 ll
609 2876 648 2908 Dc
659 2877 753 2906 dit’lttls
768 2876 916 2908 nominibus
937 2881 964 2905 ct
977 2874 1128 2911 Epistolam
1147 2875 1176 2904 S.
1193 2874 1313 2911 Dionysii
1331 2874 1365 2903 ad
1378 2874 1475 2904 Caium
1488 2873 1580 2910 (epist.
1600 2873 1633 2909 l).
