3916 6234
239 231 308 288 85
326 280 333 285 .
1600 240 1833 298 Ρηοω

1943 241 2136 299 HENA.
2156 260 2159 265 ·
3443 251 3515 308 80

237 352 401 407 vinas
452 354 828 424 perfectiones
892 354 1187 421 dupliciter
1244 356 1590 412 considerari
1648 375 1834 428 posse.
1868 367 1913 425 Α
1942 364 2037 415 sed
2080 359 2245 414 etiam
2289 372 2453 414 omne
2496 358 2769 431 obiectum
2820 362 3184 435 intelligibile,
3223 372 3277 419 et
3321 366 3399 422 sic
3450 368 3519 424 de

237 443 452 513 Primo,
484 456 546 501 ut
574 455 705 502 sunt
737 448 792 502 in
821 449 989 503 rebus
1016 450 1221 503 creatis
1251 448 1337 503 vel
1373 451 1541 503 etiam
1574 461 1738 519 prout
1764 452 1835 505 ah

237 538 529 595 intellectu
560 552 750 598 creato
777 544 990 612 absque
1021 543 1230 597 lumine
1256 542 1445 613 gloriae
1466 543 1682 612 concipi
1709 557 1835 611 pos-

236 640 405 697 sunt;
450 635 721 700 secundo,
766 643 828 689 ut
868 644 1009 690 sunt
1042 635 1098 689 in
1146 635 1281 689 Deo.
1332 633 1390 689 Si
1436 637 1623 706 priore
1669 638 1834 691 modo

234 728 692 793 considerentur,
744 728 1162 798 distinguuntur
1196 728 1347 782 inter
1391 743 1453 784 se
1501 728 1831 795 formaliter.

235 819 357 874 imo
385 819 577 875 multa?
599 821 771 877 etiam
800 821 1047 888 realiter,
1073 832 1312 893 suntque
1344 822 1579 878 diversa:
1618 822 1831 889 formae,

231 913 321 967 vel
350 914 606 971 rationes
643 915 927 975 formales.
958 917 1025 973 Et
1052 918 1307 988 quamvis
1355 917 1747 987 concipiantur
1776 926 1837 973 ut

232 1004 580 1071 illimitataa,
631 1007 721 1063 vel
782 1007 1010 1064 inﬁnitae
1063 1008 1427 1080 perfectionis
1476 1010 1622 1064 intra
1677 1025 1834 1066 suam

231 1098 485 1166 speciem
519 1113 615 1154 seu
652 1102 926 1156 rationem
959 1100 1282 1169 formalem,
1320 1110 1503 1157 tamen
1539 1103 1591 1157 in
1620 1104 1836 1159 ratione

218 1191 386 1245 ‘entis
431 1193 521 1247 vel
556 1194 918 1262 perfectionis
946 1204 1076 1250 sunt
1102 1194 1374 1261 limitatte,
1407 1196 1536 1266 quia
1572 1213 1680 1252 una
1721 1213 1832 1253 non

232 1281 476 1339 includit
524 1285 717 1342 aliam.
764 1286 881 1341 Hoc
930 1289 1097 1345 modo
1143 1290 1252 1346 illa:
1289 1290 1662 1362 perfectiones
1721 1305 1832 1346 non

232 1384 365 1429 sunt
418 1377 473 1432 in
527 1376 640 1432 Deo
684 1377 1018 1445 formaliter,
1071 1382 1168 1438 sed
1218 1386 1526 1439 eminenter
1576 1393 1831 1450 tantum,

232 1483 437 1540 nempe
466 1480 529 1527 ut
572 1473 630 1528 in
660 1488 828 1529 causa
875 1476 1185 1544 superioris
1224 1477 1461 1544 ordinis,
1492 1484 1548 1531 et
1574 1478 1832 1548 analoga.

232 1559 295 1614 Si
340 1576 475 1618 vero
530 1566 778 1620 secundo
826 1568 1006 1623 modo.
1034 1568 1445 1637 concipiantur,
1479 1570 1560 1626 sic
1591 1584 1699 1627 non
1734 1570 1833 1625 ha-

228 1655 370 1708 bent
416 1654 568 1710 inter
612 1671 673 1712 se
706 1658 876 1713 ullam
910 1658 1327 1717 distinctionem
1374 1660 1687 1727 formalem,
1733 1664 1832 1718 sed

230 1754 365 1801 sunt
396 1761 505 1802 una
535 1748 945 1821 simplicissima
973 1750 1174 1817 forma,
1210 1766 1241 1806 a
1275 1767 1393 1823 qua.
1416 1754 1564 1808 Deus
1585 1754 1830 1809 omnium

230 1837 456 1896 illatum
499 1841 904 1910 perl’ectionum
946 1842 1453 1900 denominatiouem
1486 1846 1711 1916 accipit,
1736 1849 1833 1901 sed

234 1926 407 1999 longe
443 1930 615 1987 altior
643 1947 807 2001 quam
861 1949 1018 1989 mens
1060 1945 1246 1990 creata
1286 1938 1584 2006 concipere
1631 1939 1831 2008 possit.

230 2017 455 2076 Dicitur
498 2026 645 2079 enim
678 2028 909 2097 sapiens,
947 2043 1057 2083 non
1091 2030 1250 2101 quasi
1288 2030 1558 2099 sapientia
1593 2030 1836 2086 imbutus

232 2121 292 2166 et
331 2112 689 2182 informatus,
723 2118 819 2172 sed
856 2127 916 2173 ut
964 2121 1233 2192 sapientia
1266 2137 1366 2192 per
1396 2138 1456 2179 se
1505 2121 1835 2179 subsistens.

228 2204 449 2261 Dicitur
471 2208 676 2278 justus,
727 2211 1053 2279 misericors,
1076 2226 1316 2280 sanctus,
1352 2229 1459 2269 non
1489 2225 1547 2268 ut
1583 2216 1671 2271 his
1708 2231 1835 2287 per-

238 2294 581 2354 fectionibus
618 2299 869 2367 affectus,
909 2314 1137 2360 ornatus
1181 2314 1239 2361 et
1269 2306 1511 2362 imbutus
1537 2305 1837 2375 (quomodo

230 2404 263 2444 a
293 2390 462 2448 nobis
503 2393 856 2466 concipitur),
885 2400 982 2454 sed
1015 2409 1077 2455 ut
1094 2399 1333 2470 iustitia,
1376 2400 1753 2455 misericordia
1782 2410 1840 2454 et

230 2483 511 2540 sanctitas
541 2486 947 2555 substantialis,
999 2506 1097 2562 per
1139 2507 1200 2547 se
1247 2493 1584 2547 subsistens.
1632 2491 1835 2548 Eodem

231 2576 399 2633 modo
427 2579 768 2650 accipienda:
798 2596 993 2639 omnes
1029 2584 1153 2640 alia:
1180 2584 1547 2654 perfectiones
1579 2601 1703 2657 quae
1733 2587 1836 2654 ipsi

230 2668 581 2736 tribuuntur,
619 2672 748 2742 quia
778 2674 831 2729 in
862 2675 956 2730 illo
986 2675 1134 2730 nulla
1175 2685 1257 2732 est
1294 2676 1590 2731 diversitas
1622 2679 1834 2732 forma-

229 2775 355 2816 rum
380 2774 477 2819 aut
500 2766 776 2823 rationum
807 2768 1144 2834 formalium,
1165 2770 1258 2825 sed
1286 2785 1391 2823 una
1421 2770 1832 2842 simplicissima

229 2854 414 2911 forma
442 2873 544 2928 per
576 2875 639 2915 se
682 2862 1016 2927 subsistens,
1054 2863 1264 2918 infinite
1294 2879 1461 2934 supra
1503 2864 1687 2920 omnia
1721 2863 1836 2920 ele-

228 2958 386 3017 vata,
418 2964 543 3020 quae
586 2961 676 3008 est
715 2953 890 3024 ipsius
926 2955 1169 3010 essentia
1206 2954 1394 3027 (quam
1441 2956 1709 3013 Deitatem
1738 2972 1836 3013 vo-

232 3057 370 3098 care
398 3045 719 3118 possumus)
747 3062 850 3116 per
881 3062 1046 3117 quam
1075 3062 1266 3104 omnes
1299 3048 1403 3102 illa:
1429 3049 1832 3105 deuominatio—

1935 452 2172 506 caeteris.

1941 561 2111 617 Nulla
2146 572 2224 618 est
2259 564 2557 619 similitudo
2598 565 2737 620 inter
2764 566 3113 636 perfectiones
3146 567 3243 622 Dei
3277 578 3324 623 et
3366 586 3521 623 crea-

2645 648 2802 692 tune.

2010 724 2296 795 Sequitur,
2336 730 2525 793 tertio,
2575 729 2946 799 perfectiones
3001 730 3241 796 divinas,
3286 739 3528 787 ut-sunt

1939 821 1994 875 in
2027 821 2156 887 Deo,
2203 837 2310 878 non
2356 825 2560 879 habere
2592 825 2757 879 ullam
2788 825 3206 880 similitudinem
3238 840 3363 881 eum
3395 842 3523 895 per-

1938 913 2267 971 fectionibus
2310 930 2433 985 qua
2481 924 2610 971 sunt
2660 916 2747 972 vel
2792 931 2916 972 esse
2964 926 3196 987 possunt
3246 916 3301 971 in
3355 919 3522 973 rebus

1937 1007 2161 1074 creatis,
2183 1016 2251 1062 ut:
2265 1008 2425 1063 docet
2458 1008 2750 1080 Dionysius
2773 1024 2897 1078 cap.
2934 1009 2967 1064 9
3020 1009 3096 1064 De
3123 1010 3319 1064 divinis
3349 1012 3524 1063 nomi-

1938 1099 2113 1163 nibus,
2145 1106 2202 1153 et
2235 1113 2359 1168 cap.
2395 1098 2429 1152 5
2465 1097 2705 1168 Mysticw
2750 1100 3050 1169 theologica.
3088 1099 3260 1167 Quam
3297 1100 3368 1157 ob
3394 1115 3524 1153 cau-

1937 1206 2057 1246 sam
2106 1193 2251 1248 Deus
2300 1192 2505 1248 dicitur
2556 1208 2663 1246 non
2709 1206 2832 1247 esse
2871 1194 3205 1257 substantia,
3252 1210 3362 1249 non
3403 1208 3525 1249 esse

1936 1287 2074 1353 vita,
2126 1296 2263 1353 etc.,
2308 1288 2435 1357 quia
2476 1287 2550 1341 ita
2587 1296 2673 1342 est
2714 1303 2879 1357 super
2913 1290 3096 1343 omnia
3145 1288 3419 1351 elevatus,
3464 1296 3525 1341 ut

1936 1394 2063 1434 cum
2102 1380 2252 1434 nulla
2283 1396 2344 1436 re
2378 1389 2565 1436 creata
2598 1378 2682 1435 vel
2714 1380 2940 1436 creabili
2976 1380 3393 1435 similitudinem
3426 1380 3524 1433 ha-

1934 1471 2084 1527 beat.
2132 1473 2271 1540 Quia
2330 1484 2510 1528 tamen
2562 1487 2650 1527 res
2695 1480 2897 1527 creatae
2944 1472 3184 1542 aliquam
3233 1471 3303 1526 ad
3351 1470 3522 1525 Deum

1934 1566 2351 1635 proportionem
2382 1564 2588 1619 habent
2619 1572 2881 1633 tanquam
2910 1562 3140 1618 effectus
3166 1572 3222 1619 et
3257 1561 3525 1618 imitatio-

1939 1670 2040 1711 nes
2080 1657 2331 1725 quazdam
2362 1657 2507 1712 illius
2553 1656 2647 1727 (ob
2689 1671 2854 1726 quam
2894 1657 3332 1727 proportionem,
3367 1656 3415 1710 si
3450 1657 3527 1707 sit

1939 1748 1994 1802 in
2041 1762 2258 1803 summo
2298 1749 2470 1819 gradu
2521 1748 2779 1803 dicuntur
2824 1750 2992 1803 etiam
3032 1746 3144 1801 Deo
3192 1747 3421 1812 similes,
3468 1757 3526 1799 et

1940 1841 2036 1898 Dei
2063 1842 2354 1911 imagines,
2379 1848 2439 1895 ut
2467 1848 2617 1911 patet
2656 1841 2709 1895 in
2744 1849 2941 1895 natura
2982 1838 3389 1909 i‘ntellectuali),
3425 1853 3521 1891 ne-

1938 1949 2046 2004 que
2075 1949 2178 1990 nos
2207 1933 2375 1989 Deum
2401 1933 2601 1989 nisiex
2634 1935 2799 1989 rebus
2822 1933 3022 1989 creatis
3047 1948 3146 2002 per
3177 1931 3529 2002 analogicuut

1940 2041 2229 2082 ascensum
2257 2040 2600 2097 cognoscere
2629 2042 2945 2099 possumus,
2979 2027 3103 2082 ideo
3135 2027 3356 2080 nomina
3394 2040 3521 2095 per-

1938 2118 2243 2175 fectionum
2270 2130 2579 2177 creatarum
2612 2121 2679 2176 ad
2702 2121 3074 2192 perfectiones
3100 2119 3317 2174 divinas
3341 2127 3523 2174 trans-

1939 2210 2203 2279 ferimus;
2267 2212 2515 2282 alioquin
2575 2216 2645 2270 de
2698 2213 2903 2269 divinis
2952 2211 3103 2268 nullo
3157 2211 3323 2266 modo
3373 2210 3520 2280 loqui

1939 2318 2248 2374 possemus.
2279 2303 2483 2359 Verum
2523 2304 2643 2361 haec
2687 2308 2908 2362 nomina
2938 2303 3099 2376 longe
3134 2302 3321 2357 altiori
3354 2316 3529 2356 sensu

1938 2399 2259 2471 accipienda
2316 2406 2481 2463 sunt,
2528 2415 2651 2456 eum
2704 2400 3023 2454 tribuuntur
3076 2397 3241 2451 rebus
3297 2393 3521 2459 divinis,

1940 2508 2118 2564 quam
2145 2508 2270 2548 cum
2301 2493 2511 2548 creatis
2544 2509 2559 2547 :
2608 2493 2663 2547 in
2699 2492 2813 2548 Deo
2841 2494 2988 2555 enim
3030 2492 3346 2563 significant
3387 2489 3522 2543 sub-

1940 2586 2204 2642 stantiam
2242 2601 2271 2639 a
2305 2599 2365 2639 se
2395 2584 2751 2649 existentem,
2795 2599 2860 2639 ac
2891 2583 3119 2654 proinde
3153 2583 3383 2638 omnino
3411 2580 3525 2635 illi-

1940 2677 2219 2744 mitatam,
2256 2690 2379 2745 quas
2407 2691 2506 2746 per
2535 2690 2597 2732 se
2628 2674 2935 2731 formaliter
2971 2677 3181 2744 alisque
3207 2674 3355 2728 omni
3394 2682 3518 2726 actu

1940 2768 2125 2824 elicito
2178 2776 2408 2838 praestat
2460 2766 2645 2821 omnia
2708 2781 2830 2837 qua:
2891 2766 3264 2835 perfectiones
3316 2775 3521 2819 creatae

1937 2871 2203 2932 prmstare
2246 2869 2515 2931 possunt,
2559 2870 2615 2915 et
2659 2861 2819 2916 modo
2862 2859 3075 2915 infinite
3120 2858 3521 2914 excellentiori.

1938 2954 2129 3025 Itaque
2168 2969 2346 3025 neque
2383 2954 2438 3009 in
2474 2957 2637 3009 modo
2684 2956 2980 3021 existendi,
3028 2969 3207 3025 neque
3258 2954 3312 3007 in
3364 2954 3524 3007 modo

1940 3047 2236 3118 Operandi,
2265 3062 2443 3118 neque
2478 3049 2530 3102 in
2562 3048 2726 3103 modo
2768 3048 3042 3103 tribuendi
3076 3064 3235 3104 suum
3270 3045 3521 3102 effectum

230 3152 335 3191 nes
362 3136 443 3193 illi
475 3153 543 3193 ex
578 3152 737 3210 parte
769 3142 850 3196 rei
901 3151 1240 3212 competunt.
1290 3140 1348 3197 ld
1378 3143 1524 3197 enirn
1552 3153 1636 3197 est
1668 3142 1829 3215 longe
1859 3145 1902 3203 C
1937 3140 2221 3197 formalem
2250 3150 2335 3195 est
2361 3140 2466 3195 ulla
2504 3139 2829 3205 similitudo,
2862 3150 2969 3195 etc.

230 3226 539 3302 perfectius
580 3241 637 3287 et
679 3232 901 3303 dignius
945 3233 1021 3288 illi
1064 3233 1371 3302 majestati,
1424 3234 1638 3289 infinite
1669 3250 1833 3305 supra

230 3326 425 3381 omnia
464 3340 591 3394 qua:
618 3332 746 3379 sunt
775 3333 830 3379 et
857 3338 978 3395 qua:
1007 3340 1116 3380 non
1153 3334 1282 3380 sunt
1313 3327 1396 3395 (ut
1429 3326 1722 3397 Dionysius
1754 3326 1835 3381 lo-

228 3414 451 3485 quitur)
485 3416 733 3472 elevatae.

583 3510 867 3576 Quomodo
895 3528 950 3566 se
976 3524 1158 3567 mutuo
1191 3514 1492 3569 includam.

309 3603 453 3661 [line
504 3606 757 3674 sequitur
802 3606 1002 3675 primo,
1061 3605 1246 3661 omnia
1300 3609 1604 3673 attributa,
1672 3622 1839 3683 prout,

234 3699 669 3753 considerantur
705 3697 762 3752 in
806 3712 1016 3754 summa
1051 3713 1149 3753 sua
1182 3698 1492 3759 elevatione
1538 3704 1837 3773 (quomodo

233 3799 371 3847 sunt
397 3792 449 3845 in
480 3790 637 3861 Deo),
670 3806 732 3847 se
774 3800 963 3848 mutuo
993 3794 1297 3864 includere,
1333 3807 1386 3852 et
1414 3797 1469 3852 in
1504 3797 1666 3852 unius
1693 3812 1832 3852 con-

231 3893 401 3957 ceptu
438 3884 742 3939 iutrinsece
767 3884 975 3941 includi
1006 3888 1214 3955 omnia,
1247 3888 1372 3959 quia
1401 3898 1534 3945 sunt
1561 3905 1667 3944 una
1696 3890 1831 3945 sim-

232 3976 541 4045 plicissima
570 3975 773 4042 forma,
817 3978 872 4031 in
905 3992 965 4033 se
991 3980 1171 4035 omnis
1199 3982 1572 4037 distinctionis
1604 3997 1831 4052 expers,

235 4071 309 4123 de
333 4068 491 4144 cujus
519 4069 736 4125 ratione
770 4078 857 4126 est
879 4071 1063 4128 omnia
1097 4071 1185 4125 illa
1215 4071 1525 4129 fornialiter
1550 4083 1606 4130 et
1632 4091 1835 4130 secun-

235 4164 367 4223 dum
398 4176 671 4218 summam
713 4162 1060 4219 identitatem
1093 4164 1393 4233 includere,
1430 4178 1485 4223 et
1516 4170 1707 4223 omnia
1742 4169 1834 4225 illa

232 4271 361 4311 esse
391 4255 723 4313 formaliter.

582 4346 861 4413 Quomodo
887 4348 990 4402 sint
1021 4349 1229 4417 inﬁnite
1256 4350 1494 4407 elevatae.

310 4432 603 4507 Sequitur,
661 4434 930 4501 secundo,
974 4438 1344 4507 perfectiones
1391 4442 1626 4506 divinas,
1670 4452 1833 4513 prout

234 4538 374 4581 sunt
424 4526 479 4581 in
515 4527 648 4593 Deo,
684 4543 812 4584 esse
856 4529 1072 4584 infinite
1114 4531 1361 4586 elevatus
1398 4549 1562 4603 supra
1603 4536 1826 4590 easdem

232 4618 611 4689 perfectiones
644 4631 942 4691 spectatas,
977 4633 1139 4693 prout
1169 4636 1299 4681 sunt
1326 4636 1421 4679 aut
1450 4636 1680 4694 possunt
1710 4641 1836 4687 esse

234 4711 295 4765 in
339 4711 639 4782 creaturis,
674 4724 771 4768 aut
801 4714 967 4769 etiam
1013 4724 1177 4783 prout
1206 4732 1237 4770 a
1269 4727 1452 4772 mente
1480 4729 1665 4774 creata
1702 4734 1834 4789 pos-

234 4822 371 4868 sunt
399 4813 635 4882 concipi.
671 4813 835 4870 Ratio
872 4826 982 4882 est,
1015 4817 1143 4887 quia
1176 4828 1236 4872 ut
1272 4827 1404 4871 sunt
1440 4819 1494 4873 in
1528 4821 1662 4885 Deo,
1706 4832 1835 4878 sunt

234 4905 475 4961 infinitae
538 4907 899 4977 perfectionis
950 4926 1057 4966 non
1113 4911 1288 4966 solum
1353 4914 1498 4967 intra
1555 4917 1833 4985 propriam

234 5001 510 5070 speciem,
544 5001 643 5056 sed
676 5002 927 5058 absolute
955 5015 1011 5059 et
1042 5004 1097 5058 in
1124 5012 1241 5060 toto
1267 5018 1469 5074 genere
1496 5008 1660 5062 entis.
1692 5008 1830 5065 Tum

234 5089 407 5143 etiam
440 5088 573 5159 quia
604 5090 659 5144 in
693 5089 804 5147 Deo
845 5109 953 5149 non
984 5104 1114 5150 sunt
1144 5095 1321 5151 forma
1357 5098 1538 5168 aliqua
1573 5101 1834 5155 acciden-

236 5182 415 5246 taria,
464 5183 558 5237 sed
612 5186 924 5242 substantia
974 5206 1073 5260 per
1109 5206 1171 5246 se
1210 5193 1542 5257 subsistens,
1598 5202 1653 5246 ct
1694 5209 1722 5244 a
1774 5208 1834 5249 se

240 5272 467 5331 habens
498 5276 683 5333 omnia
725 5277 959 5347 infinite,
1000 5298 1121 5351 quae
1164 5285 1230 5339 ad
1275 5286 1541 5339 rationein
1574 5284 1836 5355 cujusque

239 5365 613 5434 perfectionis,
653 5376 923 5439 spectant,
960 5388 1012 5427 ν.
1062 5390 1142 5444 g.,
1185 5379 1454 5447 sapientia
1500 5377 1679 5431 divitia
1728 5395 1834 5431 ιιυιι

238 5467 331 5511 est
361 5457 629 5527 qualitas,
671 5462 765 5518 sed
796 5467 1104 5521 substantia
1138 5485 1235 5538 per
1267 5486 1325 5525 se
1358 5472 1693 5535 subsistens,
1733 5471 1835 5525 lia-

242 5548 381 5604 bcus
411 5566 442 5605 a
476 5565 537 5607 se
569 5567 675 5608 non
708 5556 885 5613 solum
920 5558 1193 5617 infinitum
1226 5562 1410 5618 lumen
1447 5561 1834 5632 intellectualc,

382 5730 431 5762 "
474 5731 624 5791 Psal.
667 5730 847 5794 chtv.

2453 3276 2895 3335 OBSERVATIO
2936 3278 3002 3333 Χ.

1941 3370 2178 3425 Nomina
2206 3374 2507 3425 communia
2541 3388 2644 3440 quo
2685 3388 2842 3441 sensu
2875 3376 3024 3441 prius
3052 3372 3116 3424 de
3144 3370 3274 3434 Deo,
3298 3382 3347 3425 et
3376 3390 3525 3441 prius

2011 3448 2075 3494 de
2108 3445 2367 3497 creaturis
2411 3439 2679 3495 dicantur.
2719 3439 2955 3495 Nomina
2998 3453 3119 3496 sunt
3154 3449 3307 3496 rebus
3346 3439 3521 3511 poste-

2013 3513 2183 3566 riora.
2214 3511 2446 3566 Nomina
2469 3512 2534 3565 ab
2566 3512 2773 3566 homine
2800 3516 3036 3566 inventa.

2014 3603 2149 3659 Nota
2189 3602 2252 3661 S.
2283 3604 2574 3670 Thomam,
2605 3612 2764 3673 parte
2795 3620 2833 3669 ι,
2858 3619 2954 3674 qu.
2996 3605 3081 3673 1'5,
3116 3615 3222 3665 art.
3249 3607 3306 3674 6,
3340 3608 3525 3664 dicere

1938 3698 2232 3770 prmdictas
2264 3696 2651 3770 perfectiones,
2681 3707 2943 3766 quantum
2986 3700 3053 3753 ad
3090 3714 3205 3756 rem
3239 3700 3523 3777 significaf

1939 3796 2050 3840 tam
2087 3801 2185 3857 per
2210 3799 2435 3851 nomen,
2468 3785 2622 3855 prius
2648 3786 2754 3840 dici
2785 3784 2855 3841 de
2882 3784 2994 3843 Deo
3019 3804 3183 3859 quam
3208 3790 3277 3845 de
3302 3800 3524 3849 creatu-

1938 3883 2056 3950 ris;
2090 3882 2216 3953 quia
2249 3896 2279 3936 a
2313 3881 2424 3936 Deo
2461 3879 2772 3949 huiusmodi
2805 3881 3180 3952 perfectiones
3214 3884 3268 3939 in
3301 3895 3524 3943 creatu-

1940 3992 2030 4031 ras
2050 3984 2304 4042 manant;
2331 3974 2425 4029 sed
2443 3983 2710 4043 quantum
2735 3977 2801 4029 ad
2827 3976 3231 4045 impositionctn
3259 3981 3522 4046 nominis,

1940 4070 2091 4138 prius
2116 4084 2145 4122 a
2177 4069 2335 4123 nobis
2361 4069 2566 4137 imponi
2592 4068 2862 4122 creaturis
2886 4085 3023 4139 quas
3054 4072 3208 4139 prius
3238 4074 3526 4142 cognosci-

1941 4178 2102 4229 mus;
2150 4162 2293 4216 unde
2349 4172 2405 4216 et
2458 4162 2679 4216 modum
2731 4162 3079 4232 significandi
3139 4164 3374 4232 habent,
3430 4169 3524 4236 qui

1938 4252 2202 4321 competit
2224 4253 2517 4308 creaturis.
2547 4252 2674 4307 Non
2707 4254 2849 4306 enim
2888 4254 3091 4326 (inquit
3126 4253 3380 4322 Basilius,
3420 4257 3519 4315 lib.

1942 4361 2003 4409 ll,
2035 4356 2224 4399 contra
2252 4344 2606 4415 Eunomium)
2640 4354 2837 4400 natura
2867 4363 3043 4400 rerum
3086 4350 3305 4403 nomina
3347 4352 3533 4422 sequi-.

1941 4449 2050 4503 tur,
2088 4441 2195 4492 imo
2218 4447 2335 4506 post
2364 4456 2447 4493 res
2470 4440 2615 4508 ipsas
2643 4439 2852 4493 iuventa
2884 4451 3007 4499 sunt
3036 4444 3272 4495 nomina.
3308 4442 3523 4497 Etenim

1941 4534 1985 4586 si
2030 4534 2131 4586 llOC
2162 4540 2308 4586 esset
2336 4546 2548 4597 verum,
2582 4547 2691 4587 non
2728 4547 2849 4587 esse
2892 4535 3113 4591 nomina
3149 4538 3312 4591 rebus
3341 4546 3524 4606 poste-

1944 4624 2113 4687 riora,
2142 4640 2279 4694 opus
2321 4632 2487 4690 esset,
2515 4636 2573 4679 ut
2604 4640 2837 4696 quorum
2868 4636 2994 4678 sunt
3039 4630 3242 4681 eaedem
3274 4629 3545 4685 nouiina-.

1944 4722 2144 4785 tiones,
2194 4738 2296 4776 una
2349 4732 2402 4776 et
2452 4722 2642 4776 eadem
2689 4723 2995 4781 substantia
3052 4735 3237 4781 esset:
3294 4741 3362 4780 ex
3410 4742 3521 4795 quo

1941 4818 2121 4883 fieret,
2160 4825 2216 4869 ut
2247 4817 2372 4885 quia
2404 4815 2500 4887 qui
2536 4824 2668 4870 sunt
2711 4815 2915 4869 virtute
2963 4816 3215 4890 perfecti,
3243 4819 3391 4889 digni
3417 4836 3519 4875 no-

1944 4910 2091 4965 mine
2132 4909 2230 4963 Dei
2255 4910 2548 4974 babentur,
2579 4917 2634 4963 et
2676 4907 2752 4962 dii
2796 4908 3169 4977 appellantur,
3210 4921 3396 4966 essent
3425 4912 3524 4969 ho-

1948 5004 2125 5059 mines
2177 5003 2445 5074 ὁμούσιοι,
2505 5003 2557 5059 id
2611 5010 2699 5059 est
2746 5000 2994 5069 ejusdem
3046 5004 3366 5060 substantiae
3416 5020 3525 5075 qua

1945 5096 2109 5151 Deus.
2146 5096 2347 5151 Verum
2396 5098 2540 5151 sicut
2579 5095 2686 5151 hoc
2716 5095 2927 5161 dicere,
2968 5094 3261 5152 manifesta
3306 5098 3521 5153 insania

1941 5200 2063 5255 est;
2114 5191 2193 5244 sic
2245 5189 2373 5244 illud
2407 5189 2614 5254 dicere,
2646 5202 2804 5259 teque
2848 5188 3127 5245 dementia
3156 5200 3264 5247 est.
3315 5191 3429 5245 lino
3466 5200 3524 5245 et

1941 5280 2236 5350 Gregorius
2275 5278 2551 5350 Nyssenus
2584 5279 2681 5337 lib.
2714 5295 2842 5350 xm,
2872 5281 3160 5352 disputans
3189 5290 3382 5337 contra
3414 5280 3522 5336 Eu-

1947 5373 2188 5428 nomiuni
2217 5390 2231 5426 :
2263 5371 2561 5438 Miserator,
2605 5373 2803 5443 inquit,
2829 5383 2878 5428 et
2907 5376 3206 5430 misericors
3238 5374 3521 5439 Dominus,

1941 5469 2170 5537 patiens,
2213 5477 2261 5520 et
2299 5467 2478 5522 multa:
2516 5466 2892 5522 misericordia:
2939 5468 3152 5535 ".Quid
3203 5469 3319 5522 haec
3356 5466 3539 5521 aiunt.

1934 5560 2279 5632 significare?
2303 5558 2657 5625 Naturamne,
2694 5575 2760 5616 an
2798 5559 3201 5621 onerationem?
3234 5557 3400 5615 Nemo
3426 5573 3513 5617 sa.-
