3916 6234
370 223 439 277 87
1504 220 1560 275 S.
1604 218 1973 275 DIONYSIUS
2012 217 2466 274 AREOPAGITA.
3517 212 3609 297 A88

362 357 431 395 ne
459 333 903 397 aliuddeclarare
926 337 1516 408 dixeritprteterquam
1540 332 2004 404 operationem.A
2036 348 2198 385 unum
2264 340 2339 384 est
2389 329 2529 399 quod
2584 327 2937 397 signiﬁcatur.
2989 325 3057 378 Et
3112 325 3158 379 si
3210 324 3377 380 Deum
3428 324 3607 388 dicas,

362 432 593 500 Quando
621 431 789 502 igitur
825 431 1117 486 miseratus
1145 440 1230 484 est
1256 429 1536 495 Dominus,
1573 438 1720 483 utex
1759 441 1948 498 opera-

362 527 511 579 tione
531 523 901 578 miserationis
926 536 1121 575 nomen
1150 519 1407 576 duceret?
1428 517 1685 589 Nunquid
1717 528 1846 574 ante
1865 520 1943 573 vi-

364 628 478 672 tam
498 615 828 673 humanam?
850 615 1047 684 Ecquis
1067 624 1196 668 tunc
1220 612 1598 668 misericordia
1630 610 1944 683 indigebat?

362 715 433 767 At
466 725 595 766 vero
634 718 756 779 post
798 718 1078 778 peccatum
1119 720 1339 776 prorsus
1390 703 1773 761 misericordia
1806 720 1946 777 opus

363 804 490 869 fuit,
520 811 803 873 peccatum
837 807 1021 855 autem
1055 806 1180 869 post
1215 797 1494 854 hominem
1528 798 1793 865 existitit;
1820 804 1945 869 post

362 896 641 952 hominem
664 894 833 962 igitur
860 895 1002 949 actio
1032 890 1325 949 miserendi
1346 902 1403 948 et
1429 890 1822 948 misericordias
1842 905 1944 947 no-

365 1006 512 1046 men.
539 988 696 1046 Unde
712 986 1057 1044 manifestum
1081 985 1315 1043 edicitur
1342 985 1650 1056 posteriora
1684 998 1810 1040 esse
1841 997 1946 1039 no-

367 1087 513 1140 mina
539 1084 652 1153 ipsa
679 1084 985 1138 aeternitate
1002 1080 1123 1150 Dei,
1154 1090 1210 1137 et
1243 1088 1367 1151 post
1402 1080 1681 1134 hominem
1711 1086 1767 1134 et
1792 1091 1947 1133 men-

367 1189 474 1235 tem
500 1180 738 1235 hominis
766 1179 986 1232 inventa
1011 1189 1155 1231 esse.
1178 1173 1331 1229 Mens
1360 1173 1509 1229 enim
1535 1174 1775 1228 humana
1800 1169 1946 1226 sicut

365 1276 597 1329 aliarum
622 1288 803 1328 rerum
824 1272 1042 1325 nomina
1068 1269 1376 1334 adinvenit,
1406 1270 1488 1325 sic
1517 1268 1687 1324 etiam
1723 1265 1946 1321 nomina

368 1365 463 1420 Dei
491 1374 852 1434 aggressa,et
877 1363 1047 1418 veluti
1076 1362 1364 1417 materiam
1384 1371 1563 1429 nacta,
1589 1360 1677 1415 illa
1716 1362 1833 1431 ipsa
1864 1356 1947 1413 ef-

364 1456 505 1510 fecta
535 1467 592 1511 et
622 1457 991 1522 admirabilia,
1025 1473 1147 1529 quae
1175 1458 1228 1512 in
1254 1456 1512 1511 universo
1533 1450 1944 1522 contemplatur

364 1547 682 1618 insequens,
715 1558 772 1605 et
805 1548 873 1604 de
904 1549 1015 1605 Deo
1061 1548 1369 1619 inquirens,
1403 1546 1624 1602 nomina
1659 1541 1941 1615 imposuit.

364 1643 599 1698 Nomina
632 1645 937 1730 communia
968 1660 1070 1716 quo
1094 1645 1352 1730 .sensn
1381 1644 1515 1730 Deo,
1548 1652 1599 1699 et
1636 1660 1741 1714 quo
1771 1658 1933 1699 sensu
1964 1675 2008 1730 Β

773 1716 837 1770 de
867 1715 1131 1769 creaturis
1159 1715 1519 1785 intelligenda.

434 1807 513 1861 Ex
554 1808 640 1862 his
671 1822 802 1876 ergo
841 1806 1138 1878 colligitur,
1174 1822 1299 1862 cum
1355 1806 1666 1875 huiusmodi
1710 1810 1932 1865 nomina

364 1899 548 1954 divina
580 1902 647 1955 de
670 1898 936 1954 creaturis
954 1913 1089 1968 quas
1106 1899 1256 1969 prius
1283 1899 1684 1969 cognoscimus,
1705 1907 1760 1955 et
1785 1901 1942 1969 prius

368 1995 741 2059 nominamus,
794 1992 1082 2056 dicuntur,
1119 1993 1320 2047 habere
1362 2007 1428 2047 ea
1474 1992 1692 2047 modum
1729 1993 1941 2062 signiﬁ-

362 2086 544 2148 candi,
572 2085 664 2154 qui
687 2085 950 2154 competit
980 2084 1267 2148 creaturis,
1298 2085 1441 2139 sicut
1479 2085 1554 2138 ait
1584 2085 1642 2139 S.
1670 2085 1934 2151 Thomas,

362 2184 418 2231 et
447 2176 746 2230 secundum
788 2185 1028 2230 nostram
1087 2178 1537 2232 consuetudinem
1594 2179 1813 2248 proprie
1860 2180 1937 2235 si-

364 2267 628 2338 gnificare
646 2267 1025 2337 operationem
1046 2285 1140 2325 seu
1164 2269 1425 2325 effectum
1449 2270 1856 2342 participatum,
1878 2281 1936 2327 ut

361 2362 539 2416 bonus
571 2359 875 2416 bonitatem
905 2371 1174 2431 creatam,
1203 2361 1421 2432 sapiens
1451 2362 1771 2432 sapientiam
1798 2365 1930 2419 item

364 2460 635 2515 creatam,
672 2461 728 2506 et
754 2451 1006 2507 similiter
1028 2453 1081 2506 in
1114 2452 1343 2522 reliquis
1383 2452 1700 2508 nominibus
1724 2454 1935 2525 signifi-

362 2544 619 2597 cantibus
670 2538 985 2614 hujusmodi
1039 2542 1409 2613 perfectiones
1440 2546 1839 2615 participatas;
1879 2555 1936 2601 et

364 2633 526 2687 utsic
555 2648 660 2686 non
695 2634 953 2688 dicuntur
992 2634 1210 2703 proprie
1238 2634 1306 2689 de
1337 2634 1468 2702 Deo,
1497 2636 1624 2705 quia
1659 2636 1805 2691 Deus
1846 2644 1932 2693 est

358 2737 526 2793 supra
568 2725 695 2789 ista,
739 2740 906 2795 supra
948 2726 1172 2792 bonum,
1218 2741 1379 2797 supra
1428 2732 1753 2797 sapientem.
1796 2727 1932 2784 Cum

358 2831 495 2870 vero
541 2816 608 2872 de
642 2818 755 2872 Dco
791 2819 1009 2888 proprie
1052 2819 1333 2885 dicuntur,
1371 2819 1663 2874 essentiam
1698 2819 1817 2890 ejus
1858 2820 1933 2875 si—

359 2907 641 2976 gnificare,
672 2918 727 2962 et
751 2910 1044 2964 secundum
1087 2920 1340 2963 naturam
1386 2910 1518 2976 dici,
1568 2919 1622 2964 et
1670 2910 1817 2964 dicta
1864 2910 1933 2965 de

2036 425 2275 477 eumdem
2306 421 2599 485 ostendisti,
2654 435 2804 489 quem
2834 434 2927 487 per
2956 418 3155 487 reliqua
3187 419 3405 470 nomina
3435 428 3609 470 mente

2035 518 2338 583 concepisti.
2408 514 2488 568 Ex
2544 513 2629 567 his
2680 511 2845 582 igitur
2913 509 3260 564 manifestum
3333 508 3395 562 fit
3457 508 3608 578 quod

2034 614 2225 667 eadem
2270 610 2451 665 divina
2493 608 2713 663 nomina
2749 615 2804 660 et
2836 604 3038 660 eaedem
3094 604 3343 658 notiones
3394 612 3611 657 nostra

2032 702 2101 756 de
2141 702 2253 756 Deo
2276 700 2553 765 dicuntur,
2584 696 2894 764 nullamque
2947 692 3303 748 diﬁerentiam
3354 692 3433 746 rei
3474 695 3608 746 sub-

2028 796 2187 861 jectae
2243 796 2311 848 ad
2371 793 2539 846 Deum
2605 788 2778 844 relata
2844 793 3284 855 repraesentant:
3346 793 3404 838 et
3457 784 3606 853 quod

2034 886 2254 941 nomina
2296 884 2391 939 Dei
2445 882 2713 952 triplicem
2756 880 2959 934 habent
3003 893 3227 933 causam
3270 876 3601 932 efﬁcientem

2034 977 2279 1049 quidem,
2313 983 2550 1030 mentem
2589 972 2759 1039 ipsam
2796 973 3125 1033 humanam;
3161 969 3472 1034 materiam,
3513 968 3608 1021 illa

2032 1068 2175 1123 unde
2222 1065 2577 1135 colliguntur,
2602 1064 2656 1119 id
2683 1073 2771 1118 est
2817 1062 3042 1127 elIecta;
3093 1061 3275 1125 linem,
3323 1059 3493 1115 Deum
3537 1058 3612 1113 ad

2034 1175 2194 1229 quem
2224 1158 2556 1213 referuntur.

2531 1267 2977 1327 OBSERVATIO
3013 1265 3105 1323 XI.

2035 1359 2425 1433 S._Dionysius
2463 1361 2665 1433 primus
2704 1372 2891 1433 auctor
2929 1360 3210 1433 theologica
3247 1358 3611 1433 scholasticas.

2106 1428 2381 1499 Principia
2405 1432 2695 1500 theologica
2719 1447 2783 1485 ea:
2808 1432 2979 1498 prima
3003 1428 3217 1497 periodo
3241 1428 3480 1498 Dionysii
3511 1430 3614 1481 de-

2104 1498 2386 1570 prompta.
2432 1498 2601 1555 Omne
2645 1500 2840 1554 donum
2884 1519 2915 1553 a
2962 1500 3069 1554 Deo
3115 1516 3228 1553 esse
3256 1539 3270 1564 ,
3323 1500 3613 1561 desursum

2105 1569 2250 1634 esse,
2297 1587 2330 1624 a
2362 1569 2525 1623 Patre
2550 1572 2830 1625 luminum.
2864 1570 3095 1638 Spiritus
3146 1579 3361 1622 sanctus
3405 1576 3608 1620 donum

2108 1640 2311 1693 Patris.
2353 1641 2463 1696 Cur
2498 1639 2664 1693 Pater
2705 1639 2967 1694 luminum
3006 1640 3204 1692 dictus.
3244 1639 3459 1691 Patrem
3496 1653 3615 1691 esse

2106 1712 2425 1779 principium
2457 1712 2869 1764 emanationum.
2910 1709 3129 1779 Bonum_
3148 1711 3232 1762 sui
3270 1709 3610 1776 diﬂusivum.

2111 1779 2254 1833 Deus
2279 1777 2459 1834 Omnia
2490 1782 2622 1848 facit
2654 1778 2715 1831 ob
2747 1780 3052 1833 bonitatent.
3089 1777 3280 1848 Gratia
3312 1796 3415 1832 non
3447 1779 3615 1830 datur

2105 1866 2170 1904 ea:
2221 1852 2441 1904 meritis.
2490 1846 2809 1903 immediate
2850 1859 2925 1903 est
2972 1865 3005 1901 a
3058 1849 3190 1905 Deo.
3236 1846 3460 1902 Uniendi
3506 1849 3617 1900 vim

2107 1921 2279 1973 habet.
2308 1919 2589 1974 Hominem
2612 1920 2774 1973 elevat
2805 1936 2965 1979 supra
2986 1926 3185 1972 statum
3210 1931 3439 1974 naturas.
3468 1919 3616 1971 Deus

2111 1992 2343 2044 omnium
2369 1990 2683 2058 principium
2715 1998 2762 2042 et
2786 1989 2937 2057 ﬁnis.

2105 2079 2408 2136 Observata
2474 2093 2694 2148 quoque
2761 2080 3140 2149 dignissimum
3203 2079 3479 2150 quomodo
3547 2076 3613 2133 S.

2038 2173 2327 2245 Dionysius
2395 2174 2604 2243 primus
2664 2172 3005 2229 scholastica:
3066 2174 3361 2245 theologire
3413 2174 3616 2243 jecerit

2037 2266 2408 2331 fundamenta,
2444 2267 2643 2335 quibus
2676 2267 2859 2320 caeteri
2893 2266 3157 2335 deinceps
3189 2266 3449 2335 theologi,
3485 2280 3615 2319 eam

2036 2374 2156 2427 quae
2194 2358 2261 2413 de
2302 2357 2412 2412 Deo
2451 2360 2723 2428 rebusque
2766 2358 2965 2412 divinis
2996 2360 3049 2412 in
3089 2357 3295 2412 scholis
3342 2358 3612 2414 traditur.

2036 2451 2346 2507 doctrinam
2380 2465 2595 2505 onmem
2632 2450 3058 2505 inaediﬁcarunt.
3093 2450 3357 2521 Exemplo
3386 2451 3459 2506 sit
3491 2465 3624 2519 pro-

2037 2542 2243 2596 ximum
2271 2544 2417 2610 quod
2452 2541 2694 2595 occurrit
2729 2542 2926 2611 capitis
2957 2542 3119 2611 primi
3172 2538 3251 2595 De
3283 2542 3474 2596 caelesti
3498 2542 3620 2594 hie-

2035 2634 2251 2687 rarcltia
2269 2634 2579 2697 exordium,
2595 2633 2749 2700 cujus
2771 2634 3004 2702 primatu
3028 2633 3310 2703 periodum
3334 2634 3377 2687 si
3402 2643 3619 2688 attente

2036 2725 2157 2795 quis
2199 2725 2544 2794 expenderit,
2586 2735 2720 2794 quot
2751 2724 2917 2779 verba
2953 2734 3029 2780 tot
3061 2727 3308 2789 oracula,
3353 2725 3619 2779 totidem-

2034 2830 2144 2885 que
2175 2815 2446 2870 altissima
2485 2815 2823 2871 scholasticae
2850 2816 3114 2869 doctrinas
3144 2815 3412 2885 principia
3441 2817 3619 2869 mira-

2034 2906 2201 2961 bitur.
2239 2907 2332 2963 Sic
2371 2907 2534 2961 habet
2573 2923 2586 2962 ;
2635 2925 2654 2958 ι
2691 2905 2868 2962 Πᾶσα
2898 2907 3070 2973 δόσις
3105 2908 3321 2977 ἀγαθὴ,
3358 2908 3457 2963 καὶ
3491 2907 3622 2964 πᾶν

358 3000 638 3054 creaturis
666 3000 846 3069 quoad
876 3015 993 3055 rem
1025 3000 1414 3069 significatam,
1447 3014 1554 3054 non
1585 3001 1804 3069 proprie
1834 3000 1928 3055 sed

2047 2998 2268 3070 ςώρημα
2314 3000 2565 3066 τέλειον,
2612 3000 2841 3055 ἄνωθέν
2886 3001 3038 3066 ἐστι,
3088 3001 3449 3056 καταϐαῖνον
3494 3003 3620 3057 ἀπὸ

356 3107 454 3162 per
475 3092 702 3147 abusum
734 3093 905 3147 verbi.
938 3100 993 3147 et
1018 3107 1113 3162 per
1141 3092 1500 3147 imitationem
1532 3100 1587 3146 et
1618 3091 1933 3147 similitudi-

356 3198 484 3239 nem
533 3184 827 3254 quamdam
879 3182 1218 3253 analogicam
1260 3184 1365 3238 dici
1415 3200 1430 3235 :
1478 3192 1644 3253 atque
1697 3184 1772 3237 ita
1812 3198 1934 3253 qua:

359 3279 485 3324 sunt
531 3271 847 3325 communia
891 3272 1007 3325 Deo
1052 3281 1106 3325 et
1146 3272 1416 3327 creaturis
1460 3272 1703 3341 nomina,
1753 3273 1932 3342 quoad

355 3379 473 3417 rem
507 3364 870 3431 significatam
906 3378 1036 3418 vere
1062 3372 1118 3418 et
1150 3364 1386 3434 proprie,
1426 3365 1478 3419 id
1505 3374 1588 3421 est
1618 3366 1931 3421 essentiali-

359 3462 443 3507 ter
472 3465 529 3508 et
574 3470 671 3524 per
702 3470 761 3509 se
798 3454 1058 3509 dicuntur
1089 3456 1155 3510 de
1200 3456 1349 3521 Deo;
1403 3456 1469 3509 de
1516 3464 1771 3511 creatura
1798 3470 1931 3509 vero

361 3564 469 3601 non
503 3562 632 3602 vere
656 3562 832 3617 neque
860 3547 1099 3617 proprie,
1133 3547 1259 3617 quia
1289 3562 1395 3601 non
1426 3561 1523 3616 per
1551 3560 1609 3601 se
1634 3547 1887 3601 dicuntur
1912 3563 1927 3601 :

357 3640 537 3705 «proad
575 3653 705 3693 vero
736 3639 1137 3707 impositionem
1166 3638 1471 3704 hominum,
1506 3638 1725 3707 proprie
1754 3638 1928 3708 signi-

361 3726 528 3779 ticant
588 3726 643 3780 id
692 3727 761 3781 ad
814 3732 957 3795 quod
1005 3728 1257 3796 imposita
1308 3736 1457 3794 sunt,
1490 3726 1741 3798 imposita
1782 3729 1929 3784 enim

354 3828 482 3871 sunt
516 3818 673 3887 prius
713 3819 779 3872 ad
815 3820 1204 3886 significandas
1234 3820 1599 3888 perfectiones
1631 3821 1931 3892 participa-

359 3921 468 3972 tas,
497 3924 635 3978 quas
665 3924 696 3963 a
742 3909 855 3965 Deo
891 3912 944 3963 in
971 3911 1239 3965 creaturis
1270 3910 1494 3966 elfeclas
1525 3913 1927 3981 cognoscimus,

360 4017 425 4054 cx
458 4003 678 4070 quibus,
723 4003 792 4055 ad
833 4002 1256 4071 cognoscendas,
1296 4014 1571 4071 utcunque
1618 4018 1926 4073 possumus,

360 4094 731 4161 perfectiones
763 4090 1086 4148 essentiales
1114 4094 1205 4148 Dei
1234 4095 1577 4161 deducimur,
1613 4096 1756 4150 sicut
1785 4095 1927 4149 scri-

354 4196 505 4253 ptum
530 4195 649 4239 est:
682 4185 983 4240 Invisibilia
1006 4185 1103 4239 Dei
1131 4203 1222 4255 per
1244 4202 1307 4240 ea
1330 4202 1446 4255 qua:
1471 4188 1610 4255 facta
1634 4201 1752 4243 sunt
1776 4190 1929 4244 intel-

358 4279 493 4331 lecta
517 4279 920 4347 conspiciuntur
941 4278 1010 4331 ⁷⁷.

2034 3093 2139 3148 τοῦ
2168 3092 2398 3163 Πατρός
2421 3093 2539 3147 τῶν
2569 3093 2775 3163 φώτων
2808 3097 2875 3149 ⁷⁸.
2922 3095 3080 3148 Ἀλλὰ
3106 3097 3201 3149 καὶ
3232 3097 3381 3149 πᾶσα
3404 3097 3622 3167 Πατρο-

2034 3187 2252 3256 κινήτου
2286 3186 2659 3255 φωτοφανείας
2706 3185 2933 3257 πρόοδος
2982 3187 3062 3249 εἰς
3097 3188 3244 3257 ἡμᾶς
3273 3186 3621 3254 ἀγαθοδότως

2036 3273 2272 3343 φοιτῶσα
2296 3274 2456 3328 πάλιν
2480 3276 2555 3338 ὡς
2579 3275 2818 3337 ὲνοποιὸς
2843 3274 3073 3346 δύναμις
3101 3276 3446 3339 ἁνατατικῶς
3467 3278 3621 3347 ἡμᾶς

2034 3365 2280 3430 ἁναπλοί,
2331 3365 2425 3418 καὶ
2466 3365 2784 3437 ἐπιστρέφει
2828 3365 2966 3436 πρὸς
3010 3365 3108 3436 τὴν
3151 3366 3247 3419 τοῦ
3291 3366 3616 3435 συναγωγοῦ

2033 3457 2245 3527 Πατρὸς
2266 3457 2515 3527 ἑνότητα,
2554 3457 2646 3509 καὶ
2685 3455 2929 3509 θεοποιὸν
2953 3456 3249 3527 ἁπλότητα.
3282 3458 3393 3513 Καὶ
3416 3457 3528 3529 γὰρ
3555 3457 3617 3522 ἐξ

2032 3545 2197 3598 αὐτοῦ
2226 3547 2420 3612 πάντα,
2448 3547 2540 3599 καὶ
2564 3548 2643 3609 εἰς
2664 3546 2846 3598 αὐτόν.
2894 3564 2915 3596 s
2951 3546 3117 3600 Omne
3150 3547 3335 3600 datum
3377 3547 3573 3605 bonum
3593 3587 3612 3615 ,

2030 3645 2080 3689 et
2112 3652 2262 3689 omne
2288 3638 2484 3689 donum
2517 3636 2801 3705 perfectum
2829 3636 3105 3689 desursum
3136 3647 3242 3702 est,
3285 3638 3613 3692 descendens

2033 3744 2065 3779 a
2105 3725 2267 3781 Putre
2298 3726 2579 3780 luminum.
2614 3727 2753 3792 Quin
2783 3736 2831 3779 et
2865 3727 3033 3780 omnis
3059 3744 3090 3780 a
3118 3727 3279 3782 Patre
3302 3740 3458 3783 matre
3485 3729 3613 3784 illu-

2033 3821 2304 3873 strationis
2327 3822 2611 3888 emanatia,
2641 3821 2697 3873 in
2728 3836 2819 3873 nos
2842 3820 3063 3887 beneﬁce
3089 3822 3366 3876 exundans
3387 3839 3407 3888 ,'
3436 3824 3612 3877 denuo

2034 3929 2127 3964 ceu
2158 3913 2354 3979 uni/ica
2388 3913 2482 3977 vis,
2526 3913 2595 3964 ad
2638 3928 2831 3981 supera
2864 3929 2958 3966 nos
2991 3915 3236 3983 erigenda
3279 3914 3610 3982 simpliﬁcut,

2032 4015 2078 4057 et
2107 4004 2361 4057 convertit
2398 4004 2466 4055 ad
2496 4006 2862 4072 congregantis
2908 4002 3092 4057 Patris
3121 4006 3379 4057 unitatem
3406 4014 3455 4058 et
3496 4007 3614 4059 dei-

2032 4096 2189 4163 ﬁcum
2217 4093 2634 4162 simplicitatem.
2675 4093 2939 4159 Quoniam
2976 4111 3041 4147 ea:
3082 4096 3196 4165 ipso
3235 4104 3285 4148 et
3331 4097 3389 4149 in
3432 4096 3613 4166 ipsum

2031 4198 2153 4241 sunt
2197 4188 2396 4240 omnia.
2421 4186 2562 4241 Ecce
2594 4194 2725 4256 quot
2765 4187 2946 4241 brevis
2978 4186 3095 4240 haec
3131 4186 3394 4255 periodus
3434 4187 3614 4240 subli-

2032 4280 2294 4334 missimae
2324 4280 2609 4349 theologia
2636 4278 2899 4348 principia
2923 4280 3342 4349 complectatur.

353 4388 547 4443 Omnia
593 4390 689 4444 Dei
738 4394 951 4447 nomina
973 4394 1117 4468 quid
1148 4411 1313 4468 unum
1359 4406 1407 4449 et
1451 4396 1587 4451 idem
1623 4399 1923 4468 signiﬁcant
1955 4342 2006 4402 Β
2066 4464 2074 4468 _
2108 4371 2312 4435 Primo’
2344 4373 2729 4468 ι’,ωωἮΫωῃῗ
2756 4385 2785 4468 _a
2814 4371 2922 4468 De?
2949 4371 3313 4468 dai‘imfsse;
3339 4373 3482 4468 ‘1“0‘?
3510 4375 3612 4468 dg-

912 4466 980 4517 ad
1006 4464 1173 4517 Deum
1205 4467 1392 4519 relata.

422 4550 836 4608 Observandum
888 4556 979 4609 hic
1026 4571 1149 4610 cum
1188 4556 1560 4627 Cyparissiota
1603 4560 1804 4616 Decad.
1848 4578 1921 4630 tv,

352 4655 475 4710 cap.
520 4642 571 4704 7,
607 4646 752 4713 quod
783 4646 924 4700 sicut
954 4647 1138 4701 divina
1173 4650 1394 4705 nomina
1435 4665 1501 4704 ex
1538 4652 1746 4707 effectis
1774 4668 1924 4709 sum-

351 4746 465 4802 pta,
497 4736 857 4792 differentiam
883 4741 1262 4809 operationum
1295 4756 1716 4814 repraesentant,
1746 4748 1825 4802 sic
1852 4750 1920 4803 ad

349 4829 517 4883 Deum
566 4832 759 4898 relata,
799 4834 1044 4891 diversas
1092 4852 1180 4891 res
1208 4849 1603 4908 repraesentare
1652 4856 1761 4895 non
1793 4856 1925 4909 pos-

348 4920 480 4976 sint.
519 4919 659 4975 Hinc
697 4938 929 4991 magnus
966 4925 1202 4981 Basilius
1248 4928 1301 4982 in
1349 4928 1567 5000 epistol.
1615 4930 1681 4982 ad
1729 4930 1928 4985 Ensm-

353 5013 538 5065 cliium
575 5018 595 5067 ε
629 5012 845 5078 Omnes,
894 5017 1091 5085 inquit,
1148 5020 1403 5085 notiones,
1453 5029 1500 5072 et
1549 5020 1762 5074 nomina
1807 5038 1926 5091 qua:

352 5100 523 5156 Deum
546 5105 750 5170 decent,
778 5107 997 5175 mqualis
1023 5110 1159 5161 inter
1180 5126 1233 5162 se
1256 5111 1472 5163 honoris
1497 5121 1642 5176 sunt,
1669 5123 1925 5181 quatenus

351 5188 746 5257 signiﬁcatione
774 5194 851 5246 rei
878 5196 1129 5263 subjectce
1153 5197 1289 5249 nihil
1313 5200 1589 5267 di/ferunt.
1630 5199 1755 5255 Non
1783 5207 1923 5255 enim

350 5282 418 5330 ad
464 5281 629 5335 aliam
675 5299 782 5336 rem
829 5284 1119 5353 subjectum
1164 5297 1387 5344 mentem
1437 5290 1586 5343 ducit
1630 5291 1921 5360 appellatio

350 5368 493 5439 boni,
524 5383 572 5427 et
601 5376 671 5428 ad
703 5376 869 5429 aliam
899 5378 1187 5447 appellatio
1232 5383 1489 5448 sapientis
1516 5423 1531 5449 ,
1557 5392 1604 5435 et
1666 5386 1915 5451 potentis,

349 5471 395 5517 et
438 5464 599 5531 justi.
631 5467 773 5533 Quin
798 5470 996 5537 potius,
1030 5487 1353 5543 qucecunque
1405 5474 1620 5530 nomina
1675 5475 1877 5530 dixeris
1904 5516 1920 5544 ,

420 5616 463 5651 ’τ
513 5617 667 5673 lion).
709 5637 745 5674 ι.
824 5621 870 5652 ⁷⁸
893 5619 1007 5676 Jac.
1035 5624 1191 5691 1,17.

2033 4464 2247 4533 signant
2274 4462 2463 4528 verba,
2491 4460 2667 4515 Πᾶσα
2695 4459 2865 4525 δόσις
2889 4458 3100 4528 ἀγαθή.
3128 4461 3206 4514 Ex
3246 4476 3355 4531 quo
3397 4462 3611 4531 princi-

2032 4556 2120 4623 pio
2149 4552 2450 4607 S.Thomas
2476 4569 2529 4621 p.
2566 4571 2613 4617 ι,
2638 4568 2729 4620 qu.
2754 4554 2808 4616 4,
2839 4551 2891 4618 5,
2917 4550 2971 4616 6,
3007 4552 3271 4620 plurimas
3300 4552 3449 4607 elicit
3476 4568 3613 4610 con-

2034 4644 2321 4705 clusiones,
2349 4643 2498 4695 verbi
2521 4641 2715 4709 gratia,
2737 4640 2902 4694 Deum
2927 4654 3046 4693 esse
3076 4654 3349 4693 summum
3378 4641 3609 4707 bonum,

2036 4753 2217 4793 rerum
2257 4736 2496 4790 omnium
2534 4733 2894 4802 perfectiones
2945 4731 3251 4785 eminenter
3298 4730 3607 4795 continere,

2033 4839 2316 4884 creaturas
2346 4828 2462 4897 eius
2489 4825 2903 4895 participatione
2944 4838 3008 4878 ac
3048 4823 3409 4878 similitudine
3433 4823 3613 4879 bonas

2031 4935 2170 4986 esse,
2199 4929 2305 4973 etc.

2100 5010 2376 5074 Secundo,
2401 5025 2563 5063 omne
2583 5008 2782 5062 donum
2814 5006 3115 5076 perfectum
3140 5020 3261 5061 esse
3284 5022 3314 5060 a
3338 5007 3472 5072 Deo,
3505 5005 3614 5060 καὶ

2030 5099 2153 5155 πᾶν
2175 5099 2414 5171 δώρημα
2444 5099 2693 5164 τέλειον,
2718 5100 2925 5153 scilicet
2951 5110 3009 5151 ut
3031 5099 3301 5168 principio
3328 5098 3608 5164 eﬂ‘ectivo,

2030 5192 2344 5261 exetnplari,
2381 5199 2433 5245 el
2465 5191 2607 5244 finali
2637 5212 2649 5245 :
2677 5206 2728 5259 p.
2765 5210 2813 5256 ι,
2837 5207 2928 5259 qu.
2954 5190 3129 5253 6,art.
3160 5189 3217 5256 4,
3244 5199 3300 5245 et
3320 5188 3437 5254 2—2,
3469 5201 3526 5260 q.
3546 5189 3611 5257 3,

2030 5293 2136 5338 art.
2168 5284 2203 5336 2
2234 5285 2301 5339 ad
2334 5287 2357 5338 l
2383 5302 2398 5351 ;
2433 5299 2487 5353 q.
2520 5284 2611 5348 27,
2636 5291 2741 5336 art.
2769 5283 2824 5349 5,
2854 5284 2908 5337 in
2938 5297 3187 5352 corpore.
3213 5283 3349 5338 Vide-
3374 5281 3501 5335 ilem
3536 5280 3604 5335 Ι).

2029 5378 2291 5432 Thomam
2324 5392 2377 5444 p.
2415 5397 2459 5442 ι,
2485 5390 2540 5446 q.
2568 5374 2658 5442 3S,
2683 5383 2738 5430 et
2769 5375 2882 5443 1-2,
2911 5390 2967 5444 q.
2990 5373 3081 5441 68,
3109 5375 3199 5430 ubi
3246 5374 3486 5445 disputat
3536 5375 3609 5430 de

2028 5471 2241 5527 ratione
2273 5470 2419 5527 doni.
