3916 6234
230 232 300 287 89
1602 235 2134 296 PROLEGOMENA.
3425 259 3494 315 90

300 346 515 439 Tertio,
547 362 708 402 omne
756 347 953 401 donum
1002 348 1303 418 perfectum
1354 352 1637 409 desursum
1666 371 1807 412 esse.
1839 368 1886 425 Α
1991 358 2230 423 Decimo,
2281 361 2515 428 gratiam
2546 363 2747 420 habere
2774 365 2880 419 vim
2912 366 3272 439 conjungendi
3319 371 3496 427 homi-

232 438 496 493 Ἀνωθέν
521 438 674 493 ἐστι.
701 438 841 495 IIinc
874 440 934 495 D.
969 441 1205 497 Thomas
1235 459 1287 511 p.
1324 458 1372 507 1,
1399 460 1455 514 q.
1480 447 1573 511 58,
1605 457 1715 502 art.
1756 449 1809 521 1,

226 531 285 585 in
312 544 569 599 corpore,
624 532 780 586 docet
812 547 911 586 nos
942 548 1052 587 non
1097 550 1256 604 posse
1286 536 1572 604 pervenire
1594 540 1661 592 ad
1688 553 1813 607 per-

226 622 437 678 fectum
462 624 668 678 donum
702 622 818 687 Dei,
849 624 941 678 sed
966 625 1165 681 debere
1192 627 1294 681 hoc
1318 626 1473 683 nobis
1503 630 1618 684 dari
1650 632 1810 685 desu-

222 730 344 785 per.
377 716 512 770 Item
542 716 688 785 quod
710 717 790 773 sic
821 718 1019 772 divina:
1041 734 1287 789 personae
1314 730 1583 790 competat
1608 722 1726 778 dari
1756 732 1811 779 et

220 822 350 862 esse
388 808 613 863 donum.

302 898 545 967 Quarto,
568 902 769 956 donum
795 916 954 956 omne
976 903 1273 972 perlectum
1299 905 1629 961 descendere
1654 922 1682 960 a
1707 905 1811 959 Pa-

220 1001 307 1046 tre
343 991 637 1047 luminum.
683 992 1055 1048 Καταϐαῒνον
1097 995 1217 1051 ἀπὸ
1263 996 1372 1050 τοῦ
1414 998 1647 1067 Πατρός
1689 997 1809 1053 τῶν

216 1082 455 1154 φώτων.
483 1084 623 1139 Hinc
645 1084 709 1140 D.
733 1085 995 1153 Thomas,
1032 1102 1087 1157 p.
1121 1106 1171 1152 1,
1199 1104 1255 1158 q.
1281 1089 1374 1153 58,
1400 1096 1506 1143 art.
1531 1090 1585 1153 2,
1619 1092 1804 1160 tradit,

217 1177 422 1231 donum
444 1192 566 1232 esse
590 1178 866 1248 proprium
894 1194 1086 1233 nomen
1115 1179 1348 1249 Spiritus
1372 1182 1568 1245 sancti,
1608 1191 1661 1237 et
1685 1198 1807 1238 esse

214 1287 420 1325 nomen
451 1270 757 1339 personale.
781 1270 915 1326 Cum
950 1282 1129 1327 autem
1155 1286 1186 1325 a
1225 1272 1385 1328 Patre
1409 1273 1651 1343 Filioque
1680 1293 1806 1346 pro-

214 1364 381 1416 cedat
407 1371 466 1417 ut
488 1377 662 1425 amor,
685 1364 940 1433 procedit,
966 1364 1163 1435 inquit,
1189 1367 1247 1420 in
1289 1368 1499 1422 ratione
1526 1369 1651 1421 doni
1691 1368 1803 1438 pri-

214 1452 478 1508 mi.Unde
504 1455 564 1507 D.
591 1453 931 1524 Augustinus
959 1454 1056 1510 lib.
1082 1471 1153 1509 xv
1174 1455 1254 1511 De
1280 1456 1558 1523 Trinitate,
1585 1459 1801 1528 cap.19,

211 1543 349 1598 dicit
390 1546 538 1615 quod
573 1561 672 1616 per
712 1546 935 1612 donum,
980 1549 1123 1616 quod
1161 1557 1243 1604 est
1286 1548 1520 1619 Spiritus
1553 1560 1800 1615 sanctus,

209 1635 384 1689 multa
409 1638 633 1706 propria
665 1640 807 1691 dona
831 1637 1138 1693 dividantur
1161 1641 1424 1695 membris
1459 1642 1687 1696 Christi.
1713 1640 1802 1694 Di-

1914 465 2041 505 nem
2067 464 2190 505 cum
2222 450 2352 505 Deo.
2393 451 2490 518 Ὠς
2523 453 2799 520 eronde
2826 453 3095 525 δύναμις.
3120 455 3258 513 Hinc
3285 458 3495 515 D.Tl10-

1910 556 2031 597 mas
2058 542 2174 608 1—2,
2206 556 2261 611 q.
2294 543 2416 609 111,
2446 554 2554 598 art.
2580 545 2633 611 5,
2689 548 2846 602 docet
2882 550 3119 617 gratiam
3160 560 3371 621 gratum
3404 552 3490 606 fa-

1911 631 2142 686 cientem
2172 632 2476 701 digniorem
2526 648 2649 689 esse
2695 650 2858 704 quam
2893 638 3063 706 gratis
3100 639 3308 703 datam,
3342 639 3491 708 quod

1910 721 2026 778 haec
2058 732 2267 778 tantum
2294 725 2511 779 ordinet
2533 727 2599 780 ad
2624 728 2867 795 quaedam
2899 730 3288 799 praeparatoria
3316 730 3494 786 ultimi

1912 810 2061 874 ﬁnis,
2096 810 2188 863 illa
2214 825 2343 865 vero
2368 813 2586 868 ordinet
2617 815 2891 870 hominem
2924 818 3239 875 immediate
3261 820 3329 875 ad
3362 836 3495 877 con-

1904 901 2250 972 junctionem
2282 904 2459 960 ultimi
2488 906 2631 961 linis.

1981 992 2303 1059 Undecimo,
2348 995 2531 1049 lumen
2559 997 2748 1066 gratim
2783 1009 3018 1056 mentem
3068 1002 3284 1058 elevare
3327 1019 3491 1074 supra

1907 1084 2277 1139 conditionem
2309 1095 2523 1140 naturae
2551 1087 2821 1155 humanm,
2850 1101 2907 1144 ut
2930 1093 3210 1149 insinuant
3241 1095 3326 1149 illa
3361 1111 3489 1151 ver-

1906 1175 1994 1243 ba,
2014 1177 2396 1245 Ἁνατατικῶς
2426 1180 2584 1251 ἡμᾶς
2613 1184 2894 1238 ἀναπλοῒ.
2926 1184 3057 1238 Item
3092 1202 3190 1241 nos
3220 1188 3285 1240 ad
3317 1188 3490 1241 Deum

1907 1278 2244 1333 convertere,
2273 1273 2386 1324 Kal
2406 1271 2750 1341 ἐπιστρέφει
2775 1274 2924 1343 πρὸς
2955 1274 3071 1344 τὴν
3087 1276 3193 1330 τοῦ
3221 1290 3492 1345 συναγω-

1905 1356 2015 1425 τοῦ
2032 1359 2263 1426 Πατρός
2285 1361 2557 1429 ἑνότητα.
2594 1362 2695 1418 Ubi
2733 1380 2838 1419 non
2871 1366 3073 1420 l'rustra
3108 1366 3309 1420 dicitur
3338 1382 3490 1427 σνν-

1905 1449 2414 1523 αγωγοῦιηατρός,
2441 1468 2564 1508 cum
2590 1453 2837 1510 Christus
2895 1456 3010 1523 ipse
3034 1458 3234 1511 dixerit
3266 1474 3279 1510 :
3318 1455 3489 1514 Nemo

1905 1542 2037 1594 venit
2060 1543 2128 1595 ad
2159 1559 2257 1607 me,
2285 1545 2388 1598 nisi
2420 1543 2586 1599 Pater
2614 1562 2760 1601 meus
2791 1551 3015 1601 traxerit
3041 1550 3243 1605 eum".
3266 1550 3490 1605 Vocatio

1905 1633 2049 1685 enim
2079 1632 2227 1687 Patri
2258 1635 2664 1705 approprialur,
2692 1638 2767 1691 uti
2802 1638 2941 1694 Filio
2969 1640 3246 1709 adduetio,
3274 1652 3330 1696 et
3353 1641 3485 1711 Spi-

208 1725 355 1779 citur
380 1735 569 1780 autem
604 1741 636 1780 ιι
662 1726 826 1782 Patre
850 1728 1205 1791 descendens,
1234 1738 1295 1782 ιιι
1335 1730 1389 1783 in
1435 1730 1655 1785 nomine
1677 1731 1803 1785 doni
1832 1718 1877 1775 Β
1907 1722 2036 1777 ritui
2077 1734 2266 1781 sancto
2298 1727 2601 1795 pcrventio,
2632 1742 2724 1782 seu
2754 1727 2929 1783 bravii
2971 1733 3306 1788 consecutio.
3350 1733 3486 1788 Item

208 1816 545 1885 importetur
565 1819 876 1887 proprietas
898 1819 1124 1889 originis
1147 1819 1290 1888 ejus,
1322 1835 1441 1890 quae
1466 1831 1554 1875 est
1580 1836 1801 1890 proces-

205 1910 312 1961 sio.
354 1907 436 1962 Ita
459 1908 528 1962 D.
562 1907 800 1965 Thomas
835 1920 989 1979 parte
1022 1926 1061 1977 1,
1100 1912 1265 1979 q.58,
1294 1919 1397 1965 art.
1427 1912 1464 1966 2
1505 1916 1573 1966 ad
1616 1913 1668 1967 2.
1702 1914 1800 1969 At-

209 1998 475 2053 tribuitur
520 2008 702 2054 autem
754 2000 957 2054 donum
1003 1999 1175 2065 Patri,
1234 2008 1494 2068 tanquam
1558 2000 1799 2055 mittenti

205 2090 524 2159 principali,
555 2090 685 2146 licet
714 2092 883 2146 etiam
910 2106 939 2144 a
964 2091 1102 2149 Filio
1136 2091 1384 2145 mittatur
1405 2100 1571 2159 atque
1604 2105 1799 2160 proce-

204 2182 297 2236 dat
324 2199 343 2236 :
381 2198 439 2252 p.
474 2199 518 2247 1,
550 2192 745 2252 quaest.
773 2184 861 2237 45.
889 2183 1005 2237 Non
1031 2183 1207 2239 otiose
1237 2198 1450 2253 quoque
1473 2184 1615 2238 Deus
1637 2183 1799 2238 Pater

204 2271 375 2325 Pater
401 2269 665 2326 luminum
707 2281 1073 2340 nuncupatur,
1096 2285 1219 2326 cum
1248 2286 1313 2324 ex
1345 2270 1465 2339 ipso
1501 2271 1795 2339 purissima

204 2363 309 2417 duo
341 2362 650 2416 divinitatis
677 2363 943 2430 germina,
978 2360 1147 2415 Filius
1174 2370 1228 2415 et
1262 2359 1501 2430 Spiritus
1547 2369 1794 2425 sanctus,

202 2469 304 2508 ceu
329 2454 593 2523 splendor
618 2470 680 2508 ac
711 2454 889 2509 lumen
918 2469 946 2507 a
978 2454 1093 2509 sole
1125 2454 1195 2523 (si
1224 2454 1407 2508 divina
1435 2454 1635 2509 creatis
1658 2469 1793 2508 cou-

204 2548 350 2601 ferre
386 2548 595 2616 liceat)
632 2557 836 2602 aeterna
881 2546 1229 2613 processione
1263 2546 1603 2617 pullularint.
1638 2547 1794 2603 Unde

204 2638 257 2692 iu
282 2639 490 2709 hymno
514 2639 773 2693 Ecclesiae
797 2640 1011 2692 canitur
1037 2655 1051 2692 :

554 2732 673 2785 Lux
714 2731 845 2786 lucis
876 2740 921 2784 et
955 2731 1073 2799 [om
1112 2730 1349 2785 luminis.

202 2824 530 2893 Quanquam
547 2824 687 2880 Filio
716 2840 910 2880 nomen
941 2823 1076 2878 lucis
1099 2833 1154 2879 et
1180 2824 1439 2894 imaginis
1466 2825 1790 2894 approprie-

203 2926 312 2980 tur,
336 2917 465 2983 quia
497 2915 743 2984 procedit
780 2930 878 2984 per
907 2914 1265 2980 intellectum,
1304 2927 1359 2969 et
1388 2915 1443 2969 in
1475 2916 1791 2970 similitudi-

199 3023 350 3061 nem.
384 3006 461 3060 Ita
490 3007 554 3061 D.
578 3007 842 3074 Thomas,
870 3021 923 3076 p.
955 3022 995 3071 1,
1020 3023 1075 3075 q.
1097 3006 1188 3062 55.

1902 1826 2005 1865 vox
2047 1812 2303 1881 ἑνότητα
2332 1815 2600 1886 designat,
2630 1818 2861 1886 gratiam
2894 1818 3141 1875 homines
3187 1821 3482 1891 colligere;

1901 1917 2009 1971 qua
2045 1919 2101 1958 re
2123 1904 2464 1974 signiﬁcatur
2494 1909 2621 1963 unio
2645 1908 2736 1962 illa
2765 1910 3051 1979 spiritalis,
3084 1928 3204 1981 quae
3236 1930 3331 1983 per
3360 1930 3485 1969 eam

1901 1994 1963 2049 lit
1991 1998 2056 2049 ad
2106 1997 2299 2050 Deum.
2335 1997 2578 2067 Denique
2619 2000 2795 2065 docet,
2822 2016 2921 2054 nos
2951 2016 3046 2070 per
3074 2003 3303 2071 gratiam
3342 2005 3486 2058 divi-

1904 2089 2097 2143 uitatis
2123 2088 2405 2157 cujusdam
2443 2091 2740 2160 participes
2778 2093 2952 2157 reddi,
2979 2096 3055 2147 uti
3085 2096 3366 2149 declarant
3391 2096 3484 2151 illa

1898 2181 2086 2242 verba,
2119 2180 2218 2234 καὶ
2265 2182 2544 2236 θεοποιὸν
2599 2183 2926 2251 ἁπλότητα.
2965 2183 3063 2239 Ubi
3113 2202 3328 2255 quoque
3380 2203 3487 2243 vox

1897 2269 2169 2339 ἁπλότης
2198 2280 2400 2327 statum
2434 2274 2630 2329 anima:
2659 2275 2955 2341 spiritalem
2987 2276 3361 2344 signiﬁcanter
3386 2294 3487 2332 ex-

1898 2366 2107 2432 primit,
2144 2374 2333 2434 utpote
2354 2365 2683 2435 simplicem,
2717 2376 2768 2421 et
2796 2381 2827 2421 a
2860 2367 3023 2422 rebus
3047 2367 3216 2423 variis
3244 2378 3299 2424 et
3327 2384 3481 2424 com-

1896 2459 2088 2529 positis
2116 2460 2477 2513 abstractum.
2509 2459 2644 2513 Vide
2672 2458 2733 2512 D.
2775 2459 3036 2513 Thomam
3069 2460 3197 2536 1-2,
3230 2477 3323 2531 qu.
3354 2463 3480 2529 110,

1896 2558 2003 2602 art.
2035 2550 2084 2613 1,
2123 2560 2179 2603 et
2215 2549 2333 2614 2-2,
2363 2558 2556 2619 quaest.
2592 2548 2678 2618 17,
2722 2558 2830 2604 art.
2862 2549 2920 2618 4,
2954 2558 3007 2606 et
3045 2552 3262 2622 qu.'81,
3290 2563 3397 2614 art.
3423 2556 3482 2624 8,

1895 2640 2129 2710 aliisque
2161 2642 2295 2696 locis
2320 2642 2592 2712 plurimis.

1979 2729 2332 2795 Duodecitno,
2366 2730 2534 2783 Deum
2585 2744 2707 2786 esse
2751 2745 2935 2787 rerum
2991 2735 3234 2788 omnium
3270 2735 3479 2804 princi-

1892 2821 2040 2891 pium
2081 2830 2134 2874 et
2178 2820 2363 2875 linem.
2392 2820 2506 2874 Καὶ
2537 2821 2647 2890 γὰρ
2689 2821 2758 2887 ἐξ
2802 2823 2987 2877 αὐτοῦ
3018 2823 3236 2891 πάντα,
3268 2825 3368 2879 καὶ
3397 2828 3484 2897 εις

1892 2914 2095 2967 αὐτόν.
2128 2913 2205 2966 Ex
2251 2929 2356 2982 qua
2398 2914 2632 2968 veritate
2660 2915 2815 2969 divus
2845 2914 3085 2971 Thomas
3119 2918 3324 2985 passim
3360 2922 3482 2987 plu-

1894 3007 2060 3059 rimas
2098 3005 2317 3060 deducit
2364 3006 2765 3074 conclusiones,
2800 3016 2859 3061 ut
2893 3009 3080 3063 videre
3124 3020 3207 3063 est
3253 3022 3407 3077 parte
3440 3027 3480 3076 ι,

270 3099 502 3168 Quinto,
543 3101 763 3153 Patrem
809 3114 931 3154 esse
980 3099 1310 3168 principium
1354 3100 1789 3165 emanationum,
1818 3109 1861 3167 ς,
1896 3097 2197 3166 quaestione
2243 3097 2337 3162 22,
2370 3098 2601 3152 articulo
2635 3096 2702 3164 2;
2733 3108 2927 3166 quaest.
2962 3098 3056 3162 41,
3090 3109 3194 3153 art.
3225 3101 3277 3164 1,
3318 3100 3372 3166 2,
3402 3103 3475 3167 5;

200 3198 313 3243 tam
342 3205 535 3244 earum
559 3205 679 3259 quae
708 3190 777 3244 ad
803 3189 944 3244 intra
984 3203 1147 3257 quam
1183 3204 1305 3258 quae
1330 3189 1396 3242 ad
1428 3197 1582 3244 extra
1615 3190 1795 3242 nomi-

200 3289 432 3343 nantur,
462 3290 523 3333 ut
563 3280 845 3334 insinuant
892 3278 983 3332 illa
1025 3277 1196 3331 verba
1226 3299 1239 3334 :
1285 3267 1464 3336 Ἀλλὰ
1495 3279 1596 3332 καὶ
1626 3277 1794 3333 πᾶσα

197 3370 646 3440 πατροκινήτου
670 3372 1084 3442 φωτοφανείας
1114 3370 1387 3440 πρόοδος.
1409 3372 1544 3426 llinc
1575 3372 1792 3426 D.Tho-

198 3480 323 3518 mas
361 3480 414 3533 p.
444 3478 485 3526 1,
530 3478 586 3532 q.
617 3462 708 3530 55,
763 3470 869 3517 art.
906 3464 963 3528 1,
996 3470 1153 3518 docet
1176 3461 1392 3516 Patrem
1424 3474 1545 3515 esse
1585 3459 1791 3528 princi-

199 3555 354 3624 pium
386 3555 440 3608 in
473 3554 697 3619 divinis,
725 3554 888 3624 eique
913 3568 1112 3608 nomen
1145 3552 1397 3621 principii
1425 3549 1791 3621 personaliter

199 3645 522 3710 convenire,
554 3645 787 3713 ideoque
814 3644 1035 3698 nomina
1070 3641 1395 3713 principium
1420 3640 1787 3711 signiﬁcantia

199 3738 353 3794 Patri
383 3751 509 3792 esse
555 3736 927 3791 attribuenda.
958 3734 1144 3790 Potest
1197 3735 1285 3788 hic
1338 3734 1505 3787 etiam
1558 3732 1788 3802 intelligi

199 3830 377 3900 gratia
403 3828 749 3898 prmveniens
781 3838 841 3882 et
867 3827 1128 3881 auxilium
1176 3825 1272 3879 Dei
1308 3838 1554 3888 movens,
1583 3824 1648 3878 de
1678 3840 1787 3895 qua

199 3923 263 3977 D.
294 3923 535 3979 Thomas
558 3921 678 3987 1-2,
706 3938 801 3987 qu.
836 3921 975 3991 IIl.|

272 4015 470 4077 Sexto,
500 4016 705 4070 bonum
742 4029 865 4069 esse
896 4014 979 4068 sui
1008 4012 1343 4079 diﬂ‘nsivum,
1373 4012 1521 4084 quod
1571 4012 1788 4082 signant

200 4109 289 4163 illa
319 4109 513 4176 verba,
561 4111 670 4175 Εὶς
717 4106 877 4181 ἡμᾶς
905 4106 1192 4175 φοιτῶσα.
1230 4108 1366 4164 Vide
1412 4108 1475 4163 D.
1514 4108 1785 4165 Thomam

199 4217 252 4271 p.
284 4215 326 4266 1,
353 4215 411 4268 q.
443 4201 497 4264 5,
527 4211 632 4257 art.
660 4200 717 4254 4.

270 4291 547 4359 Septimo,
580 4291 747 4345 Deum
771 4292 954 4346 omnia
982 4292 1163 4347 facere
1193 4299 1413 4361 propter
1442 4307 1595 4346 suam
1628 4291 1786 4346 boni-

1897 3199 2091 3258 qnzest.
2126 3188 2217 3254 65,
2252 3201 2359 3243 art.
2384 3190 2452 3257 2;
2487 3199 2680 3258 quaest.
2715 3190 2840 3255 105,
2882 3199 2986 3243 art.
3013 3190 3081 3257 2;
3127 3202 3318 3260 qumst.
3354 3192 3477 3260 105,

1896 3291 2002 3335 art.
2024 3281 2094 3346 5;
2123 3281 2251 3334 item
2284 3290 2428 3350 part.
2462 3281 2582 3345 1-2,
2610 3290 2805 3349 quaest.
2834 3282 2926 3346 69,
2958 3291 3063 3334 art.
3091 3281 3147 3344 2,
3185 3292 3294 3340 etc.

1969 3374 2096 3426 llmc
2124 3374 2191 3426 ad
2222 3373 2436 3426 leonem
2488 3388 2553 3427 ex
2601 3388 2800 3443 ungue,
2832 3381 2892 3427 ut
2933 3373 2988 3426 in
3032 3375 3322 3443 proverbio
3371 3385 3477 3444 est,

1895 3462 2333 3532 cognoscendum
2366 3461 2501 3515 satis
2525 3461 2656 3516 sint.

2388 3550 2822 3607 OBSERVATIO
2860 3550 2973 3606 XII.

1961 3642 2181 3697 Iuvabit
2217 3642 2381 3697 etiam
2411 3657 2515 3695 non
2543 3656 2732 3710 parum
2754 3628 2825 3696 ad
2857 3643 3157 3711 pleniorem
3182 3645 3240 3699 S.
3271 3644 3476 3717 Diony—

1897 3736 1962 3788 sii
2020 3734 2462 3802 intelligentiam,
2508 3734 2651 3787 scire
2690 3733 2807 3787 loca
2859 3750 2978 3803 qua:
3029 3736 3091 3789 D.
3123 3735 3359 3793 Thomas
3406 3754 3475 3796 ex

1889 3827 2007 3893 ipso
2052 3823 2208 3889 citat,
2250 3832 2307 3877 ut
2348 3823 2490 3878 sicut
2521 3823 2724 3876 Doctor
2750 3823 3041 3892 Angelicus
3089 3840 3158 3880 ex
3212 3826 3303 3881 illo
3352 3827 3469 3882 sole

1889 3930 2146 3985 maguum
2177 3915 2456 3984 sapientiae
2503 3915 2683 3968 lumen
2737 3915 2971 3984 accepit,
3003 3916 3077 3968 ita
3111 3917 3355 3970 vicissim
3392 3918 3475 3971 Iu-

1888 4011 2051 4064 minis
2081 4008 2322 4076 ejusdem
2353 4007 2536 4061 radios
2568 4009 2634 4061 ad
2666 4018 2885 4077 captum
2926 4017 3172 4063 nostrum
3212 4019 3337 4078 apte
3362 4011 3474 4065 dis-

1889 4104 2139 4169 tributos,
2167 4100 2511 4155 hicrarchieo
2544 4102 2651 4155 ritu
2683 4103 2736 4155 in
2767 4116 2866 4155 nos
2899 4099 3269 4155 transfundat.

2322 4208 2389 4247 DE
2421 4206 2668 4249 ϐοειεδτι
2698 4207 3016 4247 ΗΙΕΠΔΚΟΗΙΔ
3030 4230 3045 4245 ο

1956 4288 2133 4357 Caput
2160 4287 2415 4357 primum.
2445 4286 2587 4356 quod
2623 4286 2691 4339 de
2720 4286 3003 4354 Scriptura
3037 4290 3154 4339 sive
3184 4300 3342 4340 sacra
3368 4288 3467 4338 do-

199 4394 387 4445 talem,
432 4384 580 4453 quod
624 4385 805 4439 innuit
854 4386 1179 4441 vocabulum
1227 4384 1619 4455 ἁγαθοδότως.
1655 4382 1784 4439 Vide
1818 4443 1852 4455 λ
1886 4385 2063 4439 ctrina
2091 4393 2194 4447 est,
2228 4398 2412 4451 quam,
2439 4391 2497 4434 ut
2520 4380 2761 4450 ejusdem
2798 4380 3128 4449 argumenti,
3162 4382 3228 4434 ad
3257 4379 3463 4450 Diony-

199 4479 262 4531 D.
301 4476 569 4531 Thomam
603 4493 658 4547 p.
692 4493 730 4545 ι,
757 4493 811 4548 q.
846 4477 935 4542 65,
963 4487 1065 4532 art.
1096 4477 1153 4531 2.

269 4573 500 4633 Octavo,
535 4570 719 4625 lumen
751 4571 942 4639 gratia:
967 4572 1208 4642 gratuito
1235 4570 1331 4624 Dei
1363 4585 1589 4626 munere
1622 4568 1782 4623 nobis

196 4665 483 4734 inspirari,
510 4675 568 4718 et
596 4670 1001 4732 consequenter
1031 4677 1140 4717 non
1178 4664 1291 4717 dari
1325 4662 1482 4717 nobis
1510 4677 1578 4717 ex
1612 4661 1781 4715 meri-

196 4759 269 4812 tis
320 4757 558 4820 nostris,
610 4756 754 4824 quod
806 4755 948 4809 idem
996 4754 1317 4809 vocabulum
1366 4752 1780 4825 signiﬁcandum

193 4851 424 4920 praebet.
456 4849 513 4903 S.
544 4847 783 4902 Thomas
813 4847 936 4913 1-2,
966 4860 1023 4915 q.
1053 4845 1177 4911 109,
1214 4858 1319 4901 art.
1350 4847 1403 4913 6,
1442 4848 1494 4900 in
1528 4859 1779 4914 corpore.

265 4943 447 5006 Nono,
475 4941 660 4994 lumen
680 4940 870 5008 gratiae
899 4954 931 4993 a
961 4940 1076 4995 solo
1104 4938 1218 4994 Deo
1245 4939 1556 4993 immediate
1584 4939 1779 4993 animas

192 5032 432 5088 infundi.
463 5031 529 5086 D.
552 5029 787 5085 Thomas
810 5030 919 5095 1-2,
946 5045 1001 5100 q.
1033 5030 1101 5085 76
1122 5041 1178 5085 et
1206 5029 1329 5086 112.
1354 5029 1488 5084 Item
1510 5028 1779 5084 excedere

192 5125 569 5182 conditionem
600 5132 810 5178 natura:
841 5134 1057 5192 creatae,
1090 5133 1145 5179 et
1173 5136 1294 5177 esse
1329 5123 1537 5177 ordinis
1581 5136 1776 5190 super-

191 5218 465 5273 naturalis
500 5241 512 5273 :
546 5218 663 5280 1-2,
690 5233 746 5287 q.
776 5218 901 5283 11ι1,
933 5226 1037 5272 art.
1068 5218 1120 5286 1,
1147 5218 1202 5272 in
1239 5231 1490 5286 corpore,
1524 5224 1580 5270 et
1608 5225 1713 5268 art.
1742 5214 1775 5267 2

189 5322 245 5367 et
266 5313 301 5365 5
324 5313 463 5367 ibid.
500 5311 915 5379 Consequenter
947 5310 1221 5365 hominem
1250 5309 1369 5365 sine
1407 5307 1644 5379 gratuito
1677 5306 1774 5361 Dei

192 5405 400 5459 auxilio
448 5419 561 5459 non
592 5417 754 5472 posse
798 5419 857 5459 se
908 5403 974 5459 ad
1020 5404 1251 5472 gratiam
1288 5403 1616 5474 disponere:
1648 5415 1705 5472 p.
1734 5416 1774 5468 1,

190 5509 245 5562 q.
279 5494 369 5559 62,
399 5504 507 5548 art.
541 5492 595 5559 2,
620 5506 677 5549 et
703 5493 821 5561 1—2,
846 5510 899 5566 q.
934 5495 1061 5563 109,
1090 5502 1196 5551 art.
1220 5492 1275 5549 6.

260 5652 305 5684 ⁷³
331 5650 494 5706 Joan.
539 5663 619 5709 v1.
654 5648 745 5705 44.

1886 4476 1951 4530 sii
2004 4474 2306 4543 exemplum
2352 4473 2527 4543 primo
2574 4472 2692 4525 loco
2744 4472 2948 4542 posuit,
2986 4472 3185 4525 citatur
3231 4481 3386 4539 parte
3423 4487 3467 4536 1,

1887 4567 2183 4634 qumstione
2225 4565 2277 4629 1,
2312 4563 2547 4618 articulo
2579 4562 2633 4627 9,
2671 4562 2721 4616 in
2754 4577 3004 4631 corpore,
3029 4572 3083 4617 et
3115 4562 3183 4615 ad
3216 4562 3250 4615 2
3296 4572 3350 4617 et
3386 4564 3463 4627 5;

1884 4658 2013 4711 item
2045 4665 2236 4725 quaest.
2268 4655 2323 4721 9,
2350 4665 2456 4709 art.
2486 4656 2511 4709 1
2542 4656 2609 4709 ad
2646 4655 2712 4722 5;
2748 4657 2875 4709 item
2919 4664 3114 4724 quaest.
3144 4654 3234 4718 88,
3271 4662 3376 4707 art.
3409 4654 3463 4715 2.

1882 4760 1937 4803 et
1977 4758 2167 4817 quaest.
2200 4745 2320 4813 108,
2346 4756 2452 4799 art.
2485 4747 2510 4799 1
2539 4754 2594 4800 et
2616 4745 2669 4798 4.
2695 4745 2753 4799 lu
2795 4745 2978 4799 Prima
3009 4760 3140 4799 vero
3170 4745 3463 4811 Secundre,

1884 4847 2077 4910 quaest.
2107 4839 2194 4905 99,
2226 4848 2331 4892 art.
2362 4838 2417 4891 5.
2448 4836 2507 4891 In
2538 4847 2693 4907 parte
2720 4853 2802 4902 111,
2831 4850 3025 4906 quiest.
3051 4835 3140 4900 60,
3172 4846 3275 4890 art.
3301 4837 3370 4901 ις
3409 4839 3463 4893 iu

1882 4944 2026 5002 part.
2058 4948 2075 4987 1
2101 4931 2279 4997 Sent.,
2304 4933 2432 4986 dist.
2459 4932 2555 4996 22,
2583 4941 2775 5000 quatst.
2808 4929 2864 4995 1,
2890 4938 2995 4982 art.
3025 4929 3081 4996 2,
3114 4938 3172 4983 et
3204 4930 3335 4984 dist.
3367 4930 3461 4995 54,

1882 5036 2073 5099 quaest.
2106 5027 2162 5093 5,
2195 5034 2300 5080 art.
2326 5027 2384 5093 1;
2416 5026 2468 5079 in
2498 5033 2639 5094 part.
2674 5040 2714 5077 ιι
2760 5022 2939 5089 Sent.,
2966 5022 3091 5077 dist.
3115 5023 3169 5087 9,
3184 5031 3377 5091 quaest.
3405 5022 3460 5087 1,

1880 5129 1987 5173 art.
2010 5123 2063 5175 8.
3037 5154 3067 5175 ι-

1951 5211 2122 5279 Caput
2143 5209 2439 5265 secundum
2470 5206 2670 5261 citatur
2697 5203 2750 5258 in
2776 5212 2931 5272 parte
2957 5218 3000 5266 1,
3037 5203 3336 5272 quaestione
3365 5201 3461 5267 15,

1883 5303 2112 5359 articqu
2153 5303 2211 5370 5,
2252 5312 2308 5357 et
2354 5310 2457 5354 art.
2492 5300 2589 5365 12;
2646 5305 2834 5368 quaest.
2876 5295 2967 5361 51,
3029 5307 3134 5350 art.
3160 5295 3303 5349 5.1a
3333 5294 3460 5359 2-2,

1885 5404 2074 5468 quiest.
2105 5395 2227 5461 112,
2267 5403 2373 5448 art.
2415 5394 2471 5448 2.
2505 5393 2561 5446 In
2594 5402 2732 5462 part.
2767 5408 2783 5446 1
2834 5391 3200 5457 Sententiar.,
3249 5387 3455 5453 (ΗΜΛ,

1885 5497 2080 5564 qumst.
2113 5488 2168 5558 2,
2218 5498 2323 5543 art.
2352 5486 2417 5555 1;
2449 5487 2577 5543 dist.
2611 5485 2704 5555 22,
2751 5492 2942 5555 quwst.
2986 5482 3041 5552 1,
3068 5490 3168 5537 art.
3204 5484 3226 5535 1
3272 5486 3329 5535 et
3374 5476 3456 5547 Ξῖ
