3916 6234
537 321 606 377 95
1672 319 1730 374 S.
1772 318 2143 375 DIONYSIUS
2185 319 2649 381 AREOPAGITA.
3715 317 3800 374 96

598 437 774 506 Caput
825 436 1205 492 duodecimum
1255 438 1456 493 citatur
1486 436 1538 490 in
1572 447 1724 504 parte
1764 452 1806 499 ι,
1856 439 2105 506 ψιωειὶο-
2132 443 2180 497 Α
2280 435 2519 505 Epistula
2569 437 2637 489 ad
2682 433 2871 490 Caium
2900 434 3103 490 citatur
3134 435 3186 490 in
3218 444 3372 505 parte
3408 448 3491 502 ιιι,
3524 437 3802 505 qumstiu.

533 528 952 593 net5,articu|o
976 528 1034 594 8;
1070 528 1390 597 qumstJO8,
1410 528 1648 582 art.5.ln
1670 528 1783 591 2-2,
1812 528 2102 595 qua:st.29,

533 630 639 679 art.
677 622 731 675 2.
761 620 819 673 lu
846 628 985 689 part.
1014 636 1098 683 ιιι,
1125 628 1317 689 qumst.
1345 618 1438 684 27,
1483 625 1585 673 art.
1612 618 1665 671 2.
1700 618 1756 671 1n
1788 618 2108 685 Quaestioni-

532 714 634 767 bus
663 712 971 781 disputatis,
1001 712 1067 765 de
1104 713 1345 780 putentia
1374 710 1487 778 Dei,
1518 720 1708 780 qurest.
1732 711 1785 775 9,
1812 722 1916 766 art.
1946 713 1998 767 7.

605 804 782 871 Caput
812 804 1081 857 decimum
1114 802 1330 855 tertium
1362 803 1562 855 citatur
1606 802 1659 855 in
1709 812 1862 870 parte
1895 818 1929 856 ι-
1970 818 2111 871 quie-

533 895 711 949 stioue
751 894 837 959 11,
892 892 1121 946 articulo
1171 892 1221 943 1.
1280 892 1334 945 lu
1385 902 1527 961 part.
1584 907 1600 946 ι
1658 891 1835 955 Sent.,
1889 891 2018 948 dist.
2050 892 2108 957 2,

533 994 729 1052 quaest.
761 986 811 1051 1,
845 994 949 1039 art.
979 986 1002 1037 1
1035 995 1089 1039 et
1112 986 1163 1038 5.
1190 984 1243 1037 ln
1275 983 1675 1050 Quaastionibus
1698 984 2015 1053 disputatis,
2042 984 2110 1040 de

533 1075 770 1141 potentia
805 1075 919 1141 Dei,
952 1085 1143 1145 qumst.
1172 1075 1224 1138 7,
1258 1084 1365 1127 art.
1398 1074 1463 1139 5;
1496 1082 1694 1143 quzest.
1731 1074 1786 1138 9,
1821 1082 1926 1129 art.
1963 1074 2015 1129 7.

1013 1225 1255 1267 IYSTICE
1290 1227 1631 1268 THEOLOGI£.

598 1350 769 1419 Caput
802 1353 1037 1419 primum
1064 1352 1271 1406 citatur
1315 1351 1369 1404 in
1414 1360 1565 1419 parte
1597 1367 1639 1414 ι,
1687 1352 1987 1421 quaestione
2024 1352 2109 1417 l2,

534 1442 764 1497 articulo
790 1432 889 1509 i3;
922 1455 1112 1513 quaest.
1135 1446 1220 1510 15,
1248 1456 1349 1499 art.
1377 1446 1428 1499 6.
1460 1445 1516 1498 ln
1544 1454 1685 1514 part.
1705 1460 1787 1510 ιιι,
1810 1455 2001 1515 quiest.
2021 1446 2110 1510 99.,

535 1544 638 1587 art.
672 1533 727 1587 2.
760 1534 816 1588 In
846 1545 987 1604 part.
1020 1552 1057 1588 ιι
1105 1534 1282 1599 Sent.,
1317 1536 1443 1589 dist.
1480 1535 1534 1599 9,
1584 1545 1776 1605 quaest.
1806 1538 1857 1599 1,
1912 1547 2017 1590 art.
2055 1536 2108 1590 2.

534 1622 590 1675 lu
610 1622 1007 1689 Quaestionibus
1029 1626 1339 1694 disputatis,
1378 1627 1443 1680 de
1466 1626 1703 1695 potentia
1720 1625 1833 1693 Dei,
1856 1628 2112 1695 qumstJ,

536 1726 643 1770 art.
676 1715 741 1782 5;
772 1725 962 1787 quaest.
994 1716 1047 1786 9,
1096 1726 1201 1773 art.
1233 1719 1300 1785 7;
1352 1718 1418 1773 de
1455 1720 1776 1787 virtutibus,
1832 1730 2026 1789 quazst.
2058 1722 2110 1786 1,

535 1816 641 1860 art.
671 1806 724 1861 8.

2208 543 2275 583 ne
2309 528 2396 593 92,
2425 528 2652 582 articulo
2678 529 2727 582 1.

2279 619 2518 689 Epistula
2552 622 2619 673 ad
2645 620 2987 675 Doruthazum
3012 621 3213 674 citatur
3249 620 3301 673 in
3330 630 3479 689 parte
3505 635 3589 686 ιιι,
3620 634 3787 690 qua:-

2210 714 2387 768 stioue
2414 713 2505 780 92,
2539 714 2772 767 articulo
2806 714 2859 766 1.

2281 806 2517 874 Epistula
2552 808 2619 861 ad
2654 806 3012 877 Polycarpum
3046 806 3247 861 citatur
3268 807 3317 860 in
3347 816 3501 876 parte
3534 822 3569 860 ιι
3599 806 3800 870 Sent.,

2212 898 2337 953 dist.
2371 899 2458 965 15,
2494 908 2683 968 qumst.
2719 900 2768 965 1,
2796 908 2899 953 art.
2928 900 2979 953 4.

2283 989 2518 1061 Epistula
2552 992 2617 1043 ad
2644 991 3014 1059 Dcmophilum
3043 992 3245 1046 citatur
3272 993 3323 1045 iu
3350 999 3502 1060 parte
3531 1006 3581 1044 tv
3601 989 3800 1057 Sent.,

2212 1080 2339 1137 dist.
2374 1083 2461 1145 19,
2495 1092 2684 1151 quarst.
2715 1084 2771 1147 2,
2804 1094 2907 1137 art.
2938 1084 2993 1138 2.

2283 1173 2362 1225 Ex
2396 1174 2480 1226 his
2509 1174 2735 1241 aliisque
2769 1175 2903 1227 locis
2953 1189 3073 1242 quae
3116 1188 3202 1229 me
3253 1172 3584 1244 effugerunt,
3620 1173 3799 1229 facile

2214 1273 2361 1333 patet
2411 1264 2732 1333 Angelicum
2762 1266 3047 1319 Ductorem
3093 1275 3257 1319 tutam
3316 1266 3431 1320 fere
3477 1266 3800 1321 doctrinam

2216 1356 2573 1426 theologicam
2618 1372 2683 1410 ex
2720 1358 3026 1423 purissimis
3063 1358 3304 1429 Dionysii
3354 1359 3599 1413 fontibus
3651 1360 3805 1413 hau-

2214 1447 2371 1512 sisse,
2402 1463 2524 1501 cum
2558 1447 2647 1501 vix
2680 1447 2786 1500 ulla
2811 1448 2879 1501 sit
2912 1449 3168 1517 periodus
3194 1464 3223 1503 e
3251 1466 3355 1518 qua
3383 1466 3487 1505 non
3512 1451 3631 1519 ipse
3663 1462 3804 1503 tan-

2214 1553 2374 1606 quant
2426 1539 2543 1607 apis
2591 1550 2970 1607 argumentosa
3016 1540 3376 1610 theologicum
3422 1556 3646 1595 succum
3693 1556 3803 1594 ex-

2214 1630 2463 1691 traxerit,
2517 1638 2571 1683 et
2610 1630 2659 1682 in
2697 1629 2996 1694 Summam,
3034 1630 3197 1683 veluti
3232 1631 3504 1701 quoddam
3541 1630 3803 1695 alveare,

2215 1721 2459 1790 pluribus
2505 1723 2891 1789 quaestionibus
2937 1722 3291 1792 articulisque
3324 1763 3341 1789 ,
3393 1739 3490 1778 ceu
3539 1724 3805 1788 cellulis,

2141 1812 2185 1866 B
2217 1814 2520 1883 theologico
2551 1814 2708 1868 melle
2736 1814 3034 1880 servando,
3071 1815 3412 1882 distinctum,
3448 1816 3757 1885 redegerit.

543 2000 3761 2037 -———-———-—-————————-——-—————————._____________.

962 2167 1566 2286 ISAGOGE
1646 2170 2628 2289 BALTHASARIS
2713 2176 3391 2293 CORDERII

1764 2408 2080 2451 SOCIETATIS
2118 2412 2239 2452 JESU
2274 2412 2543 2453 TBEOLOGI

1012 2550 1121 2610 AD
1164 2548 1595 2611 MYSTICAM
1642 2550 2183 2613 THEOLOGIAM
2227 2552 2290 2614 S.
2324 2552 2686 2615 DIONYSII
2734 2556 3306 2620 AREOPAGITJE.

612 2878 728 2945 Quo
758 2862 971 2930 facilior
1002 2873 1295 2943 puriorque
1324 2872 1479 2927 nobis
1508 2871 1574 2925 ad
1614 2883 1960 2928 sacrosancta
1996 2874 2108 2946 My-
2134 2871 2181 2933 C
2214 2870 2556 2925 Timotheum
2605 2870 2908 2939 scripturus
2939 2889 2952 2922 :
2992 2870 3154 2937 Vide,
3191 2872 3393 2941 inquit,
3446 2889 3509 2927 ne
3534 2876 3802 2944 explodas

537 2971 689 3025 sticaa
721 2967 1001 3036 theologia:
1048 2969 1209 3036 adyta
1250 2967 1319 3020 sit
1349 2982 1626 3032 accessus,
1677 2982 1851 3036 opera:
1883 2968 2112 3036 pretium

540 3062 721 3123 interit,
745 3075 811 3114 ex
846 3058 967 3112 aliis
1002 3056 1241 3125 ejusdem
1278 3059 1449 3116 sancti
1490 3056 1665 3116 Patris
1697 3056 1965 3132 Operibus
1992 3059 2116 3119 bre-

538 3155 625 3210 via
677 3152 921 3224 quaedam
972 3150 1265 3226 προτέλεια
1312 3171 1404 3207 seu
1456 3155 1712 3224 prmludia
1764 3156 2114 3223 przetuittere,

537 3250 735 3317 quibus
785 3264 937 3303 mens
989 3258 1177 3303 nostra
1219 3249 1669 3316 prmexcrcitata,
1720 3248 1826 3301 ritu
1880 3249 2115 3317 quodam

540 3342 767 3411 mystico
802 3352 1155 3410 prmparetur,
1210 3348 1298 3403 ut,
1343 3350 1601 3409 quantum
1649 3343 1730 3394 fas
1770 3348 1889 3407 est,
1932 3352 2117 3398 sancte

538 3433 703 3485 rebus
731 3432 1093 3486 sanctissimis
1125 3430 1511 3499 conjungatur.

610 3525 688 3579 1\'e
720 3537 898 3577 autem
921 3540 950 3577 a
976 3524 1162 3591 janua,
1189 3534 1247 3576 ut
1277 3525 1327 3576 in
1360 3524 1645 3593 proverbio
1673 3534 1775 3590 est,
1804 3533 1857 3578 et
1893 3541 1921 3580 a
1949 3541 2115 3595 scopo

541 3620 893 3681 aberremus,
942 3617 1381 3686 cognoscendum
1430 3625 1557 3671 ante
1607 3618 1792 3670 omnia
1838 3617 1966 3685 quid
2023 3632 2118 3685 per

542 3709 827 3779 mysticam
873 3707 1204 3773 theologiam
1250 3706 1605 3775 intelligatur,
1646 3717 1701 3761 et
1744 3722 1863 3775 qua:
1903 3708 1973 3761 sit
2002 3706 2118 3776 ejus

545 3799 808 3860 delinitio,
849 3800 1103 3865 quodque
1153 3798 1481 3867 principium
1533 3814 1628 3852 seu
1675 3799 1850 3868 origo,
1885 3800 2008 3867 quis
2052 3800 2117 3852 li-

546 3890 649 3952 nis,
697 3904 815 3956 qua:
844 3891 909 3940 ad
942 3888 1083 3942 illam
1120 3892 1603 3958 prmrequirantur,
1648 3900 1699 3943 ct
1742 3892 2013 3959 quomodo
2050 3890 2117 3943 ad

544 3980 716 4047 ipsam
750 3980 1117 4032 accedendum
1166 3979 1266 4044 sit,
1290 3989 1344 4032 et
1376 3997 1480 4049 qua
1515 3981 1729 4035 tandem
1763 3981 1971 4035 ratione
2013 3980 2118 4033 mi-

547 4073 736 4127 rabilis
782 4072 870 4126 illa
903 4074 1149 4143 mystica:
1181 4073 1463 4145 theologia:
1490 4076 1617 4128 unio
1658 4076 1709 4128 in
1742 4076 1922 4129 anima
1953 4076 2120 4145 perli-

546 4166 762 4220 ciatur:
794 4181 912 4233 qua:
961 4165 1140 4217 omnia
1182 4165 1417 4219 breviter
1466 4173 1671 4236 septem
1711 4166 1980 4235 capitibus
2026 4180 2117 4220 se-

548 4258 837 4327 quentibus
866 4256 1282 4325 explicabimus.

1061 4398 1288 4454 CAPUT
1328 4396 1615 4453 PRIMUM.

692 4492 835 4558 Quid
864 4510 956 4562 per
987 4494 1260 4561 mysticam
1290 4492 1602 4560 theologiam
1633 4490 1980 4561 intelligatur.

524 4566 534 4613 ί
622 4585 847 4657 Mystica
873 4602 968 4641 seu
1001 4584 1323 4655 mysteriosa
1352 4582 1641 4653 theOIOgia,
1668 4583 1714 4636 si
1748 4584 1853 4635 vim
1889 4582 2124 4637 nominis

552 4678 824 4739 attendas,
856 4677 1109 4746 designat
1138 4677 1428 4743 quamdam
1464 4692 1675 4730 sacram
1701 4685 1753 4729 et
1778 4690 2033 4729 arcanam
2060 4680 2127 4730 de

555 4771 666 4824 Deo
716 4770 1018 4839 divinisque
1071 4773 1231 4823 rebus
1289 4771 1553 4823 notitiam.
1604 4769 1927 4839 Μυστήριον
1982 4768 2126 4823 enim

552 4863 758 4919 Graecis
793 4864 933 4917 idem
972 4874 1054 4919 est
1087 4865 1227 4933 quod
1262 4862 1477 4919 Latinis
1520 4877 1799 4926 arcanum,
1840 4860 2125 4925 occultum,

553 4956 813 5019 abditum,
845 4966 1126 5018 secretum,
1167 4963 1221 5007 et
1251 4953 1470 5022 quidem
1502 4959 1937 5015 sacrosanctum,
1983 4952 2126 5020 quod

556 5047 775 5101 nonnisi
837 5047 1149 5101 hominibus
1196 5049 1369 5101 sacris
1420 5046 1956 5111 communicandum,
2002 5060 2131 5114 pro-

560 5140 701 5193 lanis
747 5152 876 5192 vero
913 5139 1296 5191 occultandam
1330 5140 1399 5193 sit
1432 5156 1444 5192 :
1480 5154 1617 5206 quos
1665 5137 1873 5192 idcirco
1912 5136 1970 5190 S.
2005 5136 2131 5190 Dio-

562 5232 748 5301 uysius
788 5233 1068 5303 ἀμυήτους
1096 5239 1248 5283 vocat
1268 5230 1339 5295 ⁸⁸,
1370 5233 1420 5284 id
1451 5241 1533 5285 est
1561 5240 1809 5285 exsortes
1838 5229 2132 5299 mysterio-

564 5338 703 5385 rum,
743 5322 941 5390 quibus
994 5321 1291 5375 secundum
1331 5321 1501 5389 legem
1551 5320 1951 5375 hierarchicam
1988 5324 2138 5372 vetat

565 5419 823 5489 mysteria
858 5417 959 5487 (sic
981 5418 1123 5470 enim
1156 5415 1390 5485 appellat
1434 5411 1798 5483 sacramenta)
1833 5410 2130 5481 propalari.

566 5517 786 5573 Sciebat
814 5515 1012 5584 quippe
1039 5510 1179 5582 quod
1200 5518 1587 5563 sacramentum
1634 5508 1769 5574 regis
1816 5504 2134 5558 abscondere

2217 2962 2411 3017 Sancta
2448 2973 2783 3025 sanctorum;
2811 2966 2935 3029 quin
2969 2966 3141 3033 potius
3170 2984 3368 3021 arcana
3403 2968 3495 3022 Dei
3526 2973 3807 3025 revereba-

2219 3053 2323 3123 τίς,
2372 3072 2435 3112 ac
2484 3054 2817 3129 spiritalibus
2869 3056 3434 3133 inaspectabilibasque
3496 3062 3815 3121 nationibus

2221 3149 2538 3215 celebrabis;
2572 3152 2841 3203 inaccessa
2876 3153 3084 3221 quidem
3118 3154 3357 3221 profanis
3389 3156 3481 3209 illa
3507 3169 3555 3211 et
3594 3158 3815 3211 intacta

2219 3242 2552 3305 reservanda,
2592 3242 2719 3294 solis
2752 3257 2868 3295 vero
2905 3241 3127 3303 sanctis,
3174 3257 3291 3295 cum
3336 3260 3490 3296 sacra
3534 3246 3817 3313 quadam,

2219 3342 2371 3401 prout
2418 3334 2502 3401 fas
2544 3340 2653 3399 est,
2701 3331 2943 3386 claritate
2980 3349 3061 3387 res
3104 3350 3286 3388 sacras
3330 3337 3813 3392 communicando.

2220 3424 2310 3478 lde
2328 3440 2489 3493 mque
2527 3426 2627 3479 sub
2660 3423 2822 3478 linem
2862 3424 3101 3492 ejusdem
3147 3426 3339 3495 capitis
3386 3427 3582 3480 iterum
3622 3428 3820 3483 incul-

2220 3526 2330 3582 cat,
2356 3528 2413 3571 ut
2436 3517 2590 3587 juxta
2617 3518 2782 3571 ritum
2810 3518 3211 3573 hierarchicum
3240 3518 3584 3590 profiteatur,
3609 3532 3818 3577 sancta

2222 3613 2439 3679 quidem
2489 3619 2678 3665 sancte
2720 3618 3093 3677 contrectare,
3122 3611 3235 3666 sola
3268 3621 3451 3666 autem
3496 3613 3695 3668 deilica
3728 3615 3821 3669 di-

2220 3703 2383 3767 vinis,
2421 3700 2759 3769 perﬁcientia
2802 3700 3148 3768 perfectionis
3190 3703 3506 3771 capacibus,
3555 3706 3817 3758 sanctis-

2221 3809 2327 3862 que
2352 3794 2695 3848 sanctissima
2731 3794 3153 3849 communicare.
3180 3794 3271 3850 Sic
3302 3795 3552 3851 Christus
3583 3812 3817 3867 quoque

2221 3886 2290 3939 ad
2341 3886 2525 3939 turbas
2560 3886 2612 3939 in
2647 3884 2916 3954 parabolis
2960 3884 3287 3953 loquebatur
3309 3886 3377 3950 ⁸³,
3412 3895 3468 3939 et
3502 3887 3632 3941 solis
3672 3903 3819 3957 apo-

2223 3975 2377 4029 stolis
2415 3976 2580 4030 dabat
2610 3991 2767 4031 nosse
2798 3977 3057 4046 mysteria
3090 3978 3238 4046 regni
3270 3976 3387 4033 Dei.
3434 3977 3619 4047 Neque
3658 3981 3816 4033 enim

2224 4069 2306 4124 fas
2355 4079 2439 4124 est
2470 4078 2553 4139 (ut
2594 4071 2791 4125 ibidem
2824 4070 3053 4124 Oracula
3091 4069 3389 4140 testantur)
3429 4070 3609 4138 porcis
3643 4071 3823 4141 proji-

2223 4176 2346 4215 cere
2381 4161 2703 4230 spiritalium
2753 4162 3165 4228 margaritarum
3215 4177 3410 4231 purum
3443 4162 3595 4216 illum
3632 4167 3699 4218 a‘c
3730 4164 3823 4217 lu-

2153 4292 2196 4347 D
2228 4253 2410 4307 cidum
2458 4252 2945 4321 pulchriﬁcumque
2978 4253 3323 4307 adornatum.

2304 4341 2491 4411 itaque
2530 4342 2622 4411 qui
2663 4342 2947 4411 mysticam
2986 4341 3311 4410 theologiam
3342 4343 3689 4406 nominat”,
3722 4361 3821 4399 ar—

2229 4448 2419 4488 canam
2468 4434 2757 4502 quamdam
2786 4435 3010 4491 omnino
3058 4450 3272 4490 sacram
3305 4436 3559 4506 designat
3585 4439 3821 4506 sapien—

2231 4528 2381 4592 tiam,
2413 4526 2503 4580 Dei
2541 4525 2856 4596 principalis
2885 4525 3310 4594 pulchritudinis
3353 4528 3649 4598 imaginem
3682 4544 3819 4597 pro-

2227 4621 2367 4691 prio,
2398 4630 2657 4689 quantum
2701 4619 2783 4677 fas
2816 4628 2937 4684 est,
2985 4620 3255 4689 principio
3307 4619 3695 4676 conformem:
3730 4624 3817 4677 si-

2230 4713 2447 4783 quidem
2491 4710 2777 4779 cujuslibet
2819 4726 3007 4765 eorum
3054 4711 3148 4780 qui
3186 4712 3433 4781 mysticis
3479 4712 3820 4767 illustratio-

2230 4807 2390 4859 nibus
2431 4805 2769 4867 imbuuntur,
2817 4803 2868 4856 in
2901 4803 3002 4857 hoc
3035 4803 3143 4856 sita
3194 4803 3457 4872 perfectio
3486 4814 3603 4867 est,
3648 4814 3710 4860 ut
3744 4809 3820 4862 ad

2231 4895 2464 4948 divinam
2512 4910 2606 4963 pro
2638 4906 2796 4962 captu
2830 4896 3061 4963 quisque
3084 4910 3181 4949 suo
3208 4905 3597 4963 promoveatur
3624 4899 3819 4953 imita-

2236 4987 2466 5050 tionem,
2496 4986 2700 5054 Deique
2730 4986 2783 5039 in
2815 4986 3110 5056 semetipso
3136 4986 3375 5054 excipiat
3404 4988 3816 5055 operationem,

2235 5078 2289 5130 iu
2347 5077 2547 5130 mentis
2594 5075 2778 5130 abdito
2827 5075 3169 5130 divinissime
3221 5076 3591 5144 relucentem,
3642 5095 3818 5148 quam

2236 5170 2429 5225 exinde
2458 5171 2566 5223 ritu
2600 5168 2947 5223 bierarchico
2975 5168 3027 5221 in
3060 5169 3198 5225 alios
3224 5169 3592 5225 transfundat.

2855 5306 3081 5363 CAPUT
3118 5308 3183 5363 ll.

2487 5402 2618 5468 Qua:
2642 5403 2709 5456 sit
2742 5402 2979 5470 deﬁnitio
3004 5403 3237 5472 mystica:
3260 5403 3555 5474 theologica.

2309 5495 2535 5551 Omissis
2562 5496 2745 5560 variis,
2785 5511 2921 5564 quas
2952 5498 3105 5550 varie
3151 5497 3397 5552 diversas
3440 5497 3690 5562 tradunt,
3723 5499 3822 5553 dc-

568 5614 757 5666 bonum
785 5621 860 5666 est
882 5610 950 5662 3‘.
978 5608 1115 5662 Hinc
1146 5606 1211 5660 de
1244 5602 1514 5674 mysteriis
1542 5615 1635 5657 seu
1670 5596 2033 5654 sacramentis
2066 5596 2132 5649 ad
2240 5588 2607 5656 finitionibus,
2649 5589 2731 5644 vel
2780 5589 2962 5660 putius
3008 5588 3633 5658 circumscriptionibus,
3691 5592 3820 5646 bre-

645 5768 689 5799 ⁸⁰
719 5773 845 5832 Cap.
895 5771 919 5825 1
959 5768 1157 5825 Eccles.
1198 5764 1525 5824 literarcltiw.
1606 5762 1647 5793 ⁸¹
1690 5759 1822 5815 Tub.
1873 5774 1971 5825 xu,
2022 5756 2072 5809 Ἰ.

2177 5754 2193 5784 ³
2222 5753 2352 5810 Luc.
2402 5768 2516 5814 vui,
2564 5752 2648 5809 10.
2721 5749 2767 5783 ⁸³
2800 5750 2923 5806 thl.
2961 5749 3227 5805 Itierarch.
3260 5763 3384 5817 cap.
3413 5745 3467 5802 3.
