3916 6234
184 329 262 384 9'7
1566 328 2097 388 PROLEGOMENA.
3386 338 3455 393 98

182 444 337 497 viter
384 451 445 496 et
494 442 645 498 clare
689 445 911 499 videtur
958 443 1063 498 hoc
1111 442 1274 498 modo
1322 443 1537 499 deliniri
1584 460 1783 515 posse:
1813 448 1862 507 Α
1888 446 2025 500 stice
2054 444 2265 513 perﬁcit
2290 452 2340 499 et
2380 443 2656 510 informat,
2687 445 2760 499 ita
2808 456 2869 501 ut
2898 446 3073 501 tribus
3114 447 3235 502 istis
3269 450 3459 502 excel-

185 526 499 597 Theologia
558 533 784 601 mystica
839 541 923 586 est
973 532 1243 601 sapientia
1297 536 1781 602 experimentalis,

184 619 289 676 Dei
347 621 639 688 ali‘ectiva,
688 625 947 681 divinitus
1000 627 1209 695 inlusa,
1252 643 1377 699 qua
1432 638 1668 684 mentem
1714 631 1784 685 ab

184 706 346 760 omni
396 708 801 767 inordinatione
845 728 1064 782 puram,
1111 732 1206 786 per
1254 727 1410 773 actus
1454 728 1781 788 supernatu-

189 797 345 853 rales
392 800 538 866 ﬁdei,
580 806 695 872 spei
721 814 778 861 et
804 807 1112 875 cbaritatis,
1146 826 1273 865 cum
1304 809 1416 867 Deo
1443 811 1631 867 intime
1655 826 1788 867 cono

186 893 403 961 jungit.

268 982 407 1039 Haec
428 985 674 1042 deﬁnitio
694 1000 910 1046 constat
936 992 1192 1049 omnibus
1217 994 1465 1064 partibus
1490 1008 1582 1049 seu
1614 1008 1783 1047 mem-

189 1075 312 1133 bris
340 1077 413 1135 ad
446 1081 722 1150 propriam
768 1083 999 1152 alicujus
1031 1087 1105 1139 rei
1151 1085 1529 1140 deﬁnitionem
1582 1100 1781 1139 secun-

187 1168 324 1221 dum
376 1171 736 1241 philosophize
760 1174 907 1243 leges
947 1176 1247 1245 requisitis.
1284 1175 1467 1231 Genus
1499 1176 1641 1231 enim
1686 1176 1783 1231 de-

186 1258 335 1313 liniti
394 1263 482 1316 hic
530 1274 615 1318 est
661 1266 919 1333 sapientia
956 1269 1402 1336 experimentalis,
1451 1284 1547 1323 seu
1591 1269 1782 1337 sapida

184 1352 450 1405 scientia.
478 1352 597 1413 Non
621 1358 766 1411 enim
795 1359 909 1414 haec
933 1360 1205 1429 theologia
1232 1370 1317 1416 est
1340 1362 1586 1430 quaedam
1611 1363 1784 1417 otiosa

183 1443 474 1497 sterilisve
516 1448 841 1515 speculatio,
882 1451 974 1505 sed
1021 1452 1365 1518 sapidissime
1395 1453 1491 1507 Dei
1532 1464 1785 1508 contem-

183 1531 386 1600 platio,
416 1548 539 1601 quae
571 1538 899 1593 suavissimo
948 1542 1126 1610 (cujus
1172 1544 1391 1612 quidem
1432 1544 1486 1599 in
1532 1545 1635 1600 hac
1674 1544 1782 1599 vita

184 1639 429 1693 capaces
473 1628 688 1695 sumus)
739 1647 937 1699 sapore
981 1635 1212 1703 spiritali
1266 1646 1503 1691 mentem
1554 1639 1781 1706 imbuit,

185 1717 481 1786 multoque
529 1721 908 1779 delectabilius
959 1741 1078 1781 eam
1116 1728 1311 1792 allicit,
1348 1744 1517 1798 quam
1562 1731 1630 1785 ab
1676 1731 1783 1785 ullo

182 1811 529 1878 Spiritalium
560 1813 757 1868 harum
787 1817 1105 1874 deliciarum
1134 1821 1419 1891 inexperto
1447 1822 1656 1893 concipi
1685 1832 1781 1877 aut

182 1902 339 1953 credi
374 1905 573 1969 possit.
914 1920 917 1925 ‘

254 1990 583 2050 Dill'erentia
619 2008 725 2063 est,
780 1999 875 2054 Dei
902 2001 1163 2070 affection,
1215 2018 1326 2071 quo
1362 2004 1544 2060 dill‘ert
1587 2021 1616 2060 a
1652 2007 1776 2062 reli-

182 2083 313 2151 quis
370 2087 622 2143 scientiis
674 2091 999 2162 theologicis
1044 2108 1165 2161 quae
1215 2095 1553 2152 intellectum
1603 2098 1777 2154 infor-

184 2185 379 2242 mant,
425 2192 551 2233 cum
597 2182 714 2236 hinc
756 2185 1111 2254 principalius
1156 2186 1357 2242 alliciat
1399 2190 1773 2256 voluntatem;

183 2264 319 2319 licet
349 2268 520 2323 etiam
556 2286 763 2326 arcano
802 2277 1042 2342 quodam
1093 2278 1302 2335 lumine
1348 2281 1588 2337 illustret
1616 2283 1774 2339 intel-

185 2356 421 2427 lectum,
451 2364 518 2417 ad
551 2363 719 2419 Deum
752 2376 806 2421 et
838 2383 926 2424 res
956 2384 1149 2426 omnes
1178 2375 1554 2444 eminentiori,
1588 2388 1775 2449 utpote

187 2456 627 2520 supernaturali,
660 2460 819 2513 modo
847 2462 1276 2532 intelligendum.

262 2541 584 2611 Pmprietas
633 2546 794 2612 hujus
839 2550 1123 2618 sapientiae
1166 2569 1278 2623 prae
1308 2560 1520 2615 caeteris
1570 2562 1771 2618 eximia

189 2641 302 2700 εει,
358 2637 503 2703 quod
541 2637 613 2691 sit
663 2640 915 2695 divinitus
949 2642 1163 2711 infusa,
1211 2662 1321 2703 non
1373 2660 1493 2707 arte
1536 2654 1766 2711 humani

190 2725 523 2793 magisterii,
554 2741 642 2781 aut
679 2730 878 2800 ingenii
913 2737 1329 2807 perspicuitate,
1361 2744 1446 2799 vel
1493 2748 1656 2802 studii
1688 2764 1775 2804 as-

190 2815 453 2871 siduitate
502 2819 817 2877 humanitus
866 2827 1175 2895 acquisita;
1228 2833 1431 2903 quippe
1471 2837 1669 2892 donum
1718 2847 1774 2894 et

188 2907 480 2964 charisma
530 2914 852 2970 nobilissimi
907 2918 1144 2987 Spiritus
1195 2926 1371 2979 sancti
1424 2929 1769 3001 principalis,

188 3002 281 3071 qui
325 3019 456 3057 cum
497 3022 604 3061 non
641 3008 984 3078 ingrediatur
1024 3013 1261 3068 animam
1295 3016 1638 3088 malevolam,
1674 3038 1772 3079 nc-

1888 534 2209 589 lentissimis
2256 537 2514 589 virtutum
2550 537 2975 607 theologicarum
3006 538 3244 601 actibus,
3286 539 3455 594 totius

1887 630 2132 699 mysticae
2166 627 2451 697 theologia:
2487 629 2751 699 perfectio
2797 639 2852 685 et
2893 632 3131 686 essentia
3172 632 3460 686 continea-

1888 727 1993 783 tur,
2037 718 2116 771 uti
2165 718 2386 787 pulchre
2428 733 2492 772 ac
2537 719 2655 773 fuse
2702 720 2755 773 in
2798 718 2953 773 libris
2993 718 3350 773 divinissimis
3384 717 3460 771 De

1887 824 2106 862 ascensu
2133 809 2322 862 montis
2351 808 2597 875 Carmeli,
2640 809 2717 863 De
2748 818 2898 863 nocte
2928 810 3147 863 obscura
3171 848 3188 873 ,
3234 816 3291 863 et
3319 809 3461 863 Can—

1885 898 2091 953 tionum
2140 913 2267 953 vere
2319 900 2671 968 mysticarum
2713 899 3179 955 declarationibus
3207 898 3305 969 (6),
3358 914 3463 954 ex~

1887 990 2038 1057 ponit
2068 991 2387 1045 venerabilis
2417 991 2577 1045 Pater
2608 989 2850 1047 Joannes
2893 991 2961 1048 de
3001 991 3051 1045 la
3080 991 3241 1055 Cruz,
3274 1004 3458 1045 rerum

1886 1081 2241 1151 mysticarum
2278 1083 2712 1151 expertissimus.

1957 1171 2037 1226 Ex
2083 1172 2278 1242 quibus
2325 1180 2475 1243 patet
2521 1172 2853 1243 theologiam
2906 1173 3194 1243 mysticam
3248 1182 3359 1227 tam
3406 1174 3460 1228 in

1888 1265 2190 1320 substantia
2217 1279 2315 1320 sua
2342 1279 2502 1336 quam
2529 1265 2581 1319 in
2611 1266 2770 1319 modo
2800 1264 3125 1334 procedendi
3153 1281 3278 1321 esse
3312 1281 3463 1322 mere

1887 1356 2381 1427 supernaturalem.
2435 1356 2717 1426 Siquidem
2764 1366 2819 1411 et
2870 1358 3139 1427 principia
3197 1360 3354 1429 ejus,
3405 1366 3463 1413 et

1886 1448 2083 1515 media,
2106 1457 2160 1504 et
2191 1448 2333 1515 linis,
2362 1455 2416 1502 et
2446 1450 2499 1503 in
2535 1448 2685 1503 hunc
2714 1449 2965 1504 tendendi
3002 1451 3214 1515 modus,
3253 1460 3459 1506 natura:

1884 1539 2031 1594 vires
2071 1549 2237 1608 atque
2283 1539 2532 1596 ordinem
2565 1542 2783 1609 penitus
2823 1542 3243 1608 transcendunt,
3277 1542 3353 1597 uti
3392 1558 3462 1598 ex

1880 1629 1993 1699 jam
2028 1630 2194 1685 dictis
2229 1629 2391 1685 facile
2425 1630 2721 1701 colligitur,
2748 1640 2802 1687 et
2833 1646 2900 1686 ex
2930 1633 3289 1701 sequentibus
3330 1632 3462 1687 ube-

1888 1721 2001 1776 rius
2040 1721 2288 1791 liquebit.
2320 1719 2477 1776 Unde
2512 1722 2760 1793 sequitur
2800 1737 2922 1778 cum
2956 1724 3151 1793 ipsam,
3188 1733 3299 1777 tum
3338 1738 3464 1792 pro-

1890 1811 2068 1866 ximas
2112 1811 2179 1865 ad
2234 1812 2490 1866 unionem
2539 1813 2829 1883 mysticam
2881 1813 3299 1884 dispositiones,
3351 1830 3459 1869 non

1888 1918 1957 1958 ex
1996 1901 2225 1957 aibitrio
2256 1911 2464 1971 nostro,
2516 1903 2611 1957 sed
2655 1918 2725 1957 ex
2770 1902 2941 1959 solius
2984 1905 3243 1959 benevola
3293 1906 3458 1959 mise-

1889 1993 2059 2047 rcntis
2090 2008 2154 2047 ac
2191 1993 2467 2065 dignantis
2497 1992 2592 2049 Dei
2626 1996 2800 2063 gratia
2851 1996 3176 2065 dependere.
3204 1997 3304 2065 Qui
3336 2014 3459 2054 cum

1886 2085 2151 2155 benignus
2181 2085 2251 2141 sit
2292 2101 2357 2141 ac
2386 2086 2575 2141 multa:
2604 2087 2986 2153 miserationis,
3019 2089 3326 2158 dignatione
3359 2106 3458 2145 sua

1886 2177 2106 2245 copiose
2137 2192 2237 2233 nos
2276 2178 2560 2247 praevenit,
2585 2187 2640 2233 et
2682 2179 2747 2233 ad
2779 2179 2960 2235 cordis
2983 2181 3200 2249 ,ostium
3245 2180 3451 2250 pulsat,

1886 2275 1943 2322 et
1971 2278 2256 2338 exspectat
2297 2279 2357 2325 ut
2400 2268 2478 2326 illi
2507 2271 2711 2325 aditum
2742 2272 3154 2342 patefaciamus,
3178 2274 3457 2329 obstacula

1885 2360 2233 2427 removendo,
2256 2370 2480 2429 paratus
2502 2377 2603 2418 nos
2627 2363 2864 2434 dirigere
2892 2378 2955 2419 ac
2983 2364 3251 2420 deducere
3283 2381 3458 2436 usque

1886 2451 1955 2505 ad
1989 2460 2231 2507 montem
2269 2450 2432 2520 Oreb,
2463 2468 2527 2509 ac
2558 2469 2869 2524 supremum
2903 2457 3187 2527 theologiae
3217 2460 3456 2529 mysticae

1886 2540 2199 2612 fastigium,
2254 2542 2551 2600 dummodo
2620 2544 2844 2615 jugibus
2910 2561 2974 2601 ac
3032 2546 3455 2603 ferventissimis

1886 2632 2062 2702 ipsum
2086 2633 2336 2702 precibus
2358 2634 2691 2703 invocemus,
2716 2637 2938 2706 ductum
2961 2635 3078 2706 ejus
3106 2639 3456 2695 exactissime

1885 2724 2257 2783 observantes.
2282 2737 2294 2748 ‘

2487 2816 2714 2874 CAPUT
2752 2817 2836 2875 ill.

2006 2899 2021 2905 ”
2083 2910 2236 2976 Quod
2261 2910 2327 2964 sit
2357 2909 2674 2980 principium
2706 2910 2940 2980 mystica:
2968 2910 3263 2982 theologica.

1954 3000 2087 3057 Cum
2120 3003 2351 3070 ipsamet
2380 3002 2604 3073 mystica
2633 3002 2925 3072 theoIOgia,
2958 3003 3087 3072 quid
3119 3006 3212 3073 sit,
3244 3014 3389 3061 recte
3421 3022 3455 3062 a

187 3112 295 3164 que
349 3099 569 3154 habitet
619 3102 674 3153 in
732 3118 962 3171 corpore
1012 3108 1233 3163 subdito
1284 3110 1526 3179 peccatis
1565 3117 1636 3183 ab,
1684 3135 1783 3188 pro
1812 3118 1853 3174 (ς
1885 3098 2066 3164 nobis,
2115 3107 2174 3153 ut
2205 3098 2419 3168 opinor,
2470 3096 2691 3152 deﬁnita
2729 3098 2827 3162 sit,
2874 3106 3043 3153 restat
3089 3108 3145 3151 ut
3186 3099 3450 3168 originem

187 3187 441 3253 subjecto
492 3192 723 3258 requirit
786 3204 1007 3247 mentem
1059 3196 1124 3248 ab
1177 3201 1321 3252 omni
1384 3187 1775 3262 inordinatione

186 3294 402 3343 puram.
434 3277 594 3343 Nam,
616 3290 674 3334 ut
708 3283 788 3335 ait
820 3284 1001 3353 regius
1030 3285 1299 3355 Propheta
1326 3307 1339 3343 :
1367 3290 1499 3356 Quis
1532 3297 1777 3351 ascendet

187 3369 242 3420 in
274 3377 509 3423 montem
558 3370 801 3439 Domini,
848 3385 937 3427 aut
968 3378 1083 3443 quis
1128 3380 1287 3432 stabit
1328 3382 1381 3435 in
1432 3383 1773 3442 locosancto

188 3458 339 3525 ejus,
387 3460 494 3513 nisi
528 3462 784 3516 innocens
830 3468 1095 3532 manibus,
1136 3480 1186 3522 et
1231 3473 1427 3527 mundo
1459 3477 1635 3542 corde,
1682 3481 1772 3548 qui

189 3564 295 3600 non
333 3552 530 3618 accepit
558 3551 615 3604 in
644 3569 777 3606 vano
802 3556 1033 3610 animam
1060 3576 1214 3613 suam
1234 3562 1322 3616 3'?
1354 3564 1493 3630 Quin
1524 3576 1577 3621 et
1613 3568 1776 3625 Chri-

188 3649 341 3693 stus:
367 3640 546 3706 Beati,
573 3644 768 3713 inquit,
790 3649 984 3701 mundo
1008 3652 1183 3717 corde,
1206 3655 1451 3723 quoniam
1476 3658 1579 3726 ipsi
1604 3660 1771 3715 Deum

191 3731 445 3785 ridebunt
474 3732 544 3787 ⁸⁸.
576 3732 748 3790 Porro
781 3737 907 3792 linis
935 3755 1034 3809 per
1064 3742 1272 3800 hancce
1312 3749 1631 3816 sapientiam
1683 3753 1768 3807 in—

189 3831 397 3890 tentus,
427 3834 512 3878 est
554 3827 678 3880 unio
706 3844 825 3881 cum
867 3829 998 3896 Deo,
1041 3846 1245 3902 quanta
1293 3840 1551 3897 nimirum
1593 3853 1770 3914 potest

190 3911 241 3965 in
296 3915 397 3969 hac
452 3916 570 3970 vita
626 3919 903 3987 obtineri,
948 3927 1254 3983 arctissima
1307 3911 1766 4007 suavissiniaque.

188 4003 363 4060 Media
396 4024 530 4062 vero
565 4009 725 4080 hujus
758 4013 1064 4071 obtinenda:
1106 4032 1234 4073 sunt
1271 4033 1424 4078 actus
1482 4003 1769 4099 theologici

188 4103 671 4169 supernaturales,
726 4106 889 4173 ﬁdei,
934 4111 1050 4179 spei
1103 4123 1157 4166 et
1204 4114 1519 4185 cbaritatis,
1569 4122 1770 4189 quibus

190 4191 501 4249 immediate
553 4211 709 4250 mens
742 4197 912 4253 Deum
959 4202 1196 4274 attingit,
1244 4222 1341 4276 per
1369 4206 1530 4263 ﬁdem
1562 4212 1769 4270 scilicet

189 4284 508 4353 caliginose,
534 4302 632 4356 per
662 4302 814 4359 spem
848 4297 1262 4365 suspense,'per
1290 4299 1617 4358 charitatcm
1646 4318 1767 4373 per-

189 4377 346 4433 fecte.
396 4378 565 4434 Fides
592 4382 738 4436 enim
770 4398 892 4438 cum
926 4386 998 4439 sit
1043 4399 1409 4456 argumentum
1458 4410 1560 4447 non
1604 4412 1766 4464 appa-

1879 3191 1998 3260 ejus
2032 3192 2448 3261 investigemus.
2476 3189 2648 3261 Hujus
2680 3190 2845 3261 igitur
2867 3191 3193 3260 principium
3226 3200 3279 3245 et
3299 3192 3450 3261 origo

1877 3283 2124 3349 mysticae
2170 3281 2481 3350 theologia,
2511 3290 2573 3337 ut
2610 3282 2784 3337 sancti
2818 3281 3057 3352 Dionysii
3086 3281 3269 3337 verbis
3301 3291 3447 3347 utar,

1876 3373 1999 3429 fons
2031 3383 2118 3429 est
2158 3374 2301 3437 vitae,
2350 3374 2587 3429 essentia
2626 3373 2905 3440 bonitatis,
2941 3390 3044 3427 una
3090 3388 3271 3428 rerum
3318 3390 3442 3429 om-

1874 3467 2027 3520 nium
2070 3482 2235 3522 causa
2282 3466 2544 3534 Trinitas,
2584 3482 2613 3521 a
2646 3483 2749 3536 qua
2793 3482 2893 3540 per
2933 3466 3197 3522 bonitatis
3243 3466 3448 3521 redun-

1874 3556 2138 3621 dantiam,
2181 3556 2259 3609 uti
2298 3566 2515 3619 caetera,
2557 3556 2636 3610 sic
2675 3555 2840 3610 etiam
2880 3557 3051 3611 hocce
3079 3555 3265 3609 datum
3298 3557 3445 3625 opti-

1872 3665 2019 3704 mum
2051 3656 2105 3703 et
2144 3648 2343 3703 donum
2380 3647 2682 3718 perfectum
2728 3648 3116 3718 benignissime
3155 3645 3442 3718 proﬂuxit,

1873 3742 2154 3795 desursum
2186 3740 2519 3796 descendens
2556 3754 2587 3794 a
2617 3739 2782 3794 Patre
2813 3739 3076 3793 luminum
3118 3754 3217 3809 per
3246 3739 3444 3795 Filium

1873 3835 1926 3887 in
1978 3834 2189 3905 Spiritu
2234 3843 2450 3901 sancto,
2495 3834 2585 3902 qui
2630 3847 2727 3903 per
2774 3832 2877 3887 hoc
2928 3833 3128 3886 donum
3165 3835 3445 3902 sapientiai

1872 3926 2029 3981 nobis
2084 3927 2245 3981 modo
2308 3925 2652 3980 nobilissimo
2704 3925 3159 3980 communicatur.
3205 3925 3346 3992 Quin
3387 3934 3445 3980 et

1872 4019 2114 4087 mystica:
2161 4017 2344 4072 omnis
2393 4030 2423 4070 a
2456 4015 2620 4071 Patre
2656 4024 2815 4071 motae
2868 4016 3246 4073 illustrationis
3288 4032 3441 4073 ema-

1870 4109 2017 4162 natio
2054 4109 2108 4162 in
2154 4123 2253 4163 nos
2280 4107 2521 4164 beneﬁce
2548 4111 2857 4178 exundans,
2885 4110 3084 4175 denuo,
3109 4124 3209 4163 ceu
3239 4110 3441 4165 uniﬁca

1867 4200 1973 4264 vis,
2007 4201 2073 4253 ad
2110 4215 2304 4270 supera
2353 4217 2451 4258 nos
2484 4204 2793 4257 revocando
2844 4201 3191 4271 simpliﬁcat,
3221 4210 3275 4256 et
3304 4218 3439 4257 con-

1866 4295 2030 4347 vertit
2057 4293 2124 4347 ad
2161 4294 2546 4364 congregantis
2592 4292 2770 4347 Patris
2794 4293 3060 4346 unitatem
3093 4307 3156 4347 ac
3184 4293 3436 4347 deitieam

1868 4387 2298 4456 simplicitatem,
2328 4398 2492 4456 atque
2519 4387 2585 4441 ad
2614 4401 2692 4450 se,
2720 4394 2781 4439 ut
2813 4385 2893 4440 fas
2922 4396 3024 4453 est,
3071 4385 3433 4449 attendentes,

188 4474 416 4524 rentium
444 4473 515 4540 ⁸⁷,
561 4483 644 4528 est
682 4474 857 4544 caligo
888 4476 990 4531 ista
1040 4481 1269 4548 mystica
1319 4481 1377 4537 S.
1405 4483 1573 4540 Paulo
1606 4456 1757 4541 e't'S.
1792 4456 1841 4513 D
1864 4495 1965 4548 pro
1995 4479 2257 4548 cujusque
2288 4479 2612 4549 capacitate,
2649 4477 3046 4546 simplilicativa
3089 4492 3184 4531 sua
3235 4478 3437 4532 unione

190 4561 449 4628 Dionysio
494 4562 629 4617 adeo
662 4564 956 4629 celebrata,
1003 4566 1068 4619 de
1114 4581 1222 4634 qua
1261 4570 1384 4624 vide
1423 4587 1545 4640 cap.
1577 4573 1601 4626 1
1634 4584 1688 4628 ct
1726 4573 1763 4627 2

191 4649 345 4719 ligat.
398 4652 586 4714 theol.,
614 4665 670 4707 et
698 4654 858 4723 epist.
887 4656 917 4710 5
948 4659 1015 4710 ad
1061 4656 1413 4727 Dorotheum,
1455 4672 1619 4733 atque
1660 4665 1762 4719 ibi-

187 4740 303 4794 dem
341 4752 561 4796 nostras
599 4744 999 4800 adnotationes.
1032 4743 1168 4814 Spes
1214 4762 1344 4804 vero
1387 4765 1508 4803 cum
1558 4751 1633 4806 sit
1675 4767 1756 4806 re.

186 4850 301 4888 rum
346 4850 470 4902 qua:
521 4837 755 4891 necdum
809 4840 1155 4905 possidentur
1179 4841 1245 4904 ⁸⁸,
1296 4844 1611 4898 earumdem
1660 4860 1759 4899 ex-

186 4928 524 4995 spectatione
580 4943 646 4981 ac
700 4929 973 4985 desiderio
1039 4934 1275 4986 animum
1353 4934 1753 5000 quodammodo

187 5018 491 5086 suspendit,
521 5030 687 5089 atque
736 5021 808 5075 ita
848 5038 943 5091 per
977 5022 1121 5075 illam
1164 5025 1390 5092 mystica
1422 5022 1483 5077 ﬁt
1516 5039 1751 5093 suspen-

186 5108 282 5161 sio.
315 5108 572 5164 Charitas
603 5112 855 5181 denique,
886 5128 1007 5168 cum
1056 5114 1129 5167 sit
1173 5113 1432 5167 vinculum
1481 5114 1754 5184 perfectio-

185 5202 260 5253 nis
281 5199 351 5262 ⁸⁸.
384 5216 507 5256 cum
542 5205 658 5271 ipso
688 5204 798 5258 Deo
828 5206 1065 5260 animam
1100 5205 1422 5260 felicissime
1450 5206 1751 5277 conjungit.

184 5292 256 5344 Ac
298 5292 435 5346 ﬁdes
465 5295 682 5362 quidem
716 5294 1067 5360 intellectum,
1100 5312 1223 5365 spes
1250 5297 1593 5361 memoriam,
1623 5300 1753 5352 cha-

186 5383 312 5437 ritas
361 5383 698 5438 voluntatem
743 5395 797 5439 et
839 5384 1088 5440 allectum
1134 5402 1296 5456 supra
1328 5397 1584 5441 naturam
1628 5402 1749 5459 my-

248 5541 294 5575 “
320 5543 460 5612 Sap.
493 5554 534 5604 t,
565 5541 621 5595 4.
699 5543 745 5574 ⁸⁵
787 5543 929 5600 Psal.
968 5560 1134 5611 χχιιι,
1160 5547 1215 5611 5,
1241 5544 1295 5600 4.

1372 5544 1419 5578 ⁸³
1453 5543 1642 5601 Matth.
1692 5560 1753 5615 ν,
1784 5547 1841 5609 8.
1914 5548 1958 5581 ⁸⁷
1987 5548 2122 5606 lleb.
2158 5565 2231 5615 xl,
2264 5550 2314 5603 l.

1864 4569 2099 4639 subrigit
2150 4569 2509 4639 uniﬁcatque.
2562 4569 2803 4623 Dicimus
2851 4568 3035 4637 itaque
3074 4582 3196 4621 cum
3241 4569 3433 4622 eodem

1862 4672 2050 4719 sancto
2070 4663 2350 4733 Dionysio,
2377 4660 2858 4732 Dei-principalem
2892 4659 3302 4721 beatitudinem,
3338 4675 3434 4713 na-

1865 4765 2041 4809 turam
2084 4755 2408 4819 divinitatis,
2442 4753 2770 4822 principium
2808 4750 3195 4816 deiﬁcationis,
3224 4765 3290 4805 ex
3322 4767 3433 4819 quo

1863 4842 2148 4896 deiﬁcandi
2182 4842 2522 4909 deiﬁcantur,
2558 4841 2845 4911 mysticam
2890 4840 3215 4912 theologiam
3260 4841 3311 4894 in
3345 4857 3433 4895 sa-

1862 4931 2027 4985 lutem
2056 4939 2110 4985 et
2145 4930 2540 4985 deiﬁcationem
2571 4931 2849 4986 hominum
2881 4932 3242 4994 concessisse,
3269 4931 3437 4984 modo

1862 5021 2073 5076 scilicet
2111 5023 2285 5092 magis
2325 5023 2691 5078 immateriato
2719 5032 2772 5079 et
2799 5023 3139 5093 spiritaliori,
3182 5036 3288 5075 non
3334 5036 3431 5074 ex—

1862 5115 2134 5168 trinsecus
2179 5116 2248 5169 ad
2293 5114 2476 5169 divina
2514 5102 2805 5181 movendo,
2842 5117 2935 5171 sed
2983 5113 3306 5184 intelligibili
3336 5128 3429 5166 ra-

1861 5203 2008 5258 tione
2058 5213 2226 5274 atque
2270 5205 2602 5261 intrinsecus
2641 5221 2775 5276 pura
2824 5205 3138 5275 liquidaque
3182 5205 3427 5257 illustra-

1860 5296 2010 5350 tione
2057 5296 2453 5351 divinissimam
2488 5297 2557 5352 iis
2586 5298 2919 5352 voluntatem
2952 5296 3283 5351 irradiando.
3312 5292 3425 5347 Hu-

1852 5384 1944 5454 jus
1972 5396 2151 5442 autem
2191 5388 2388 5443 divinae
2416 5387 2773 5459 beatitudinis
2802 5389 3018 5445 bonitas
3050 5390 3238 5443 eadem
3279 5398 3425 5439 sem-

2390 5545 2437 5579 ⁸⁸
2466 5546 2625 5602 Rom.
2676 5564 2800 5616 νιςιι,
2829 5546 2919 5600 24.
2993 5545 3040 5577 ⁸⁸
3073 5544 3188 5600 Col.
3216 5558 3299 5609 ιιι,
3327 5541 3425 5595 14,

247 5700 320 5770 (li)
351 5701 501 5776 Allidc
534 5698 768 5757 (Euvres
825 5702 1097 5771 complete:
1145 5705 1208 5759 de
1261 5704 1430 5759 sainte
1478 5701 1730 5775 T/térése,
1763 5710 1805 5759 t.
1852 5702 1951 5776 lll,
1993 5702 2190 5762 Montis
2224 5703 2390 5762 Rubri
2432 5704 2591 5776 1852,
2651 5705 2829 5776 iit-4°,
2892 5719 2956 5760 ex
3002 5700 3142 5773 typis
3185 5698 3424 5758 autem:

185 5768 492 5827 Catholicae.
