3916 6234
444 338 513 394 99
1584 326 1640 382 S.
1686 320 2058 382 DlON'lSlUS
2091 317 2548 377 AREOPAGITA.

3630 312 3747 367 ωας

442 470 544 526 per
584 461 640 508 et
686 450 881 506 eodem
920 447 1081 503 modo
1129 460 1189 502 se
1233 446 1440 502 habens
1465 445 1535 506 νο.
1578 444 1856 499 benelicos
1897 442 2035 496 lueis
2064 447 2113 505 Α
2141 438 2453 493 lectualiter
2493 450 2553 489 se
2590 441 2926 503 componant
2964 433 3036 496 ’⁵,
3083 438 3245 500 atque
3284 430 3473 485 divino
3509 431 3747 499 princi-

442 564 557 605 sua:
603 545 786 600 radios
834 542 1050 598 etmctis
1100 539 1276 595 oculis
1327 538 1659 593 mentalibus
1710 537 2031 592 luculenter

443 638 724 710 expandit,
761 638 1009 704 adeoque
1038 635 1083 689 si
1117 637 1636 711 spontanea_mente
1674 630 2032 700 praeditorum

442 730 663 787 arbitrii
711 729 945 784 libertas
975 724 1221 796 spiritale
1267 724 1450 779 lumen
1484 722 1722 787 deserat,
1757 736 1786 775 a
1825 729 2027 774 natura

443 824 546 878 sibi
596 823 795 877 insitas
856 819 961 874 luci
1014 817 1350 887 excipiendae
1398 816 1583 880 vires,
1633 827 1821 867 amore
1875 810 2031 881 parvi

441 915 805 988 przecludens,
840 911 1096 981 praesenti
1129 910 1347 980 quidem
1381 908 1491 962 luci
1521 921 1580 961 se
1609 905 1885 972 subducit,
1918 905 2033 959 hazc

442 1020 626 1064 tamen
660 1022 785 1063 eam
836 1004 1063 1060 minime
1096 1003 1366 1065 destituit,
1406 1005 1501 1057 sed
1531 1001 1616 1055 vel
1648 999 2032 1054 conniventem

442 1100 747 1164 illuminat,
778 1107 945 1167 atque
978 1094 1257 1150 aversanti
1305 1092 1541 1163 benigne
1571 1106 1801 1161 prorsus
1836 1105 2033 1146 occur-

440 1195 513 1249 rit
534 1192 601 1248 ".
648 1192 910 1261 Quisquis
942 1188 1109 1261 igitur
1137 1189 1203 1243 ad
1238 1187 1465 1243 insitum
1495 1201 1526 1241 a
1557 1185 1669 1240 Deo
1699 1194 1916 1239 naturas
1947 1184 2029 1237 lu-

440 1300 565 1340 men
603 1283 930 1347 recurrerit,
972 1279 1242 1352 principio
1283 1279 1502 1349 quidem
1542 1293 1666 1333 cum
1694 1278 1788 1331 Dei
1820 1275 2035 1345 adjuto-

440 1378 546 1442 rio,
582 1378 705 1447 quis
736 1376 961 1431 tandem
1005 1371 1123 1445 ipse
1154 1375 1228 1428 sit
1265 1373 1494 1436 videbit,
1524 1372 1738 1440 hocque
1770 1371 1907 1426 lueis
1934 1385 2033 1426 ac-

441 1469 691 1525 cessione
723 1484 922 1525 munus
952 1483 1173 1523 sacrum
1202 1469 1431 1523 referet.
1462 1465 1635 1520 Porro
1676 1464 1769 1535 qui
1806 1465 2032 1534 propria

440 1574 539 1614 sua
567 1558 832 1616 irrellexis
858 1558 1034 1614 oculis
1056 1557 1520 1619 consideraverit,
1552 1556 1772 1611 abditas
1806 1558 2028 1625 quidem

438 1655 804 1727 ignorationis
831 1668 945 1709 sua:
971 1649 1232 1707 tenebras
1254 1649 1585 1715 eliminabit,
1611 1648 2033 1720 perfectissima:

438 1756 622 1802 tamen
654 1746 748 1801 Dei
782 1744 1006 1800 unionis
1045 1752 1101 1797 et
1132 1741 1577 1814 participationis
1608 1743 1788 1797 adhuc
1811 1756 2027 1807 exsors,

438 1838 681 1906 ejusdem
718 1837 993 1893 desiderio
1037 1844 1233 1906 sponte
1276 1850 1385 1890 non
1432 1832 1729 1899 aﬂicietur,
1765 1834 1864 1889 sed
1898 1848 2028 1889 sen-

436 1933 541 1987 sim
588 1932 825 2000 primum
852 1946 882 1984 a
911 1927 1149 2001 prppriis
1179 1927 1247 1982 ad
1278 1927 1519 1997 potiora,
1550 1938 1607 1982 et
1639 1942 1705 1981 ex
1741 1927 1807 1983 iis
1836 1928 1903 1981 ad
1936 1944 2032 1997 po-

437 2022 672 2087 tissima,
699 2038 801 2079 nec
829 2037 935 2077 non
965 2021 1244 2092 perfectus
1276 2020 1497 2075 tandem
1527 2036 1624 2091 per
1650 2021 1743 2077 Dei
1770 2021 2028 2092 gratiam,

438 2115 507 2169 ad
551 2112 1135 2184 divino-principalem
1210 2111 1509 2178 unionem,
1564 2126 1724 2167 sacro
1791 2111 2029 2181 quodam

435 2206 634 2263 ordine
684 2207 975 2262 evehetur.
1003 2206 1097 2261 Sic
1128 2216 1311 2260 autem
1344 2205 1645 2259 adductum
1679 2204 1864 2259 divina
1898 2204 2029 2258 bea-

438 2299 619 2354 titudo
652 2299 719 2353 ad
759 2298 843 2353 sui
873 2297 1116 2354 admittit
1142 2297 1734 2362 communicationem,
1767 2297 2032 2368 propria:-

436 2406 547 2462 qne
580 2391 718 2447 lucis
770 2393 945 2448 instar
978 2391 1123 2463 signi
1168 2390 1452 2459 cujusdam
1485 2390 1663 2462 ipsum
1695 2390 2026 2461 participat,

436 2484 552 2541 Deo
582 2486 833 2539 intimum
881 2484 1134 2550 reddens,
1168 2493 1334 2552 atque
1365 2492 1679 2538 consortem
1734 2497 2028 2537 munerum

437 2575 771 2631 divinorum.
803 2573 992 2646 Neque
1015 2574 1160 2629 enim
1193 2575 1304 2629 vita
1330 2575 1487 2630 nobis
1516 2583 1601 2630 est
1635 2572 1724 2629 cui
1761 2575 1843 2628 vis
1872 2573 2025 2627 illata

435 2668 512 2723 sit
547 2667 632 2721 vel
680 2667 937 2737 imposita
985 2668 1289 2722 necessitas
1331 2668 1411 2731 θ’,
1458 2681 1637 2737 neque
1686 2680 1817 2720 vero
1861 2666 2029 2721 etiam

435 2772 626 2812 eorum
654 2758 853 2828 quibus
884 2758 1201 2828 providetur
1231 2758 1514 2823 libertate,
1545 2754 1751 2811 divina:
1786 2757 2031 2811 illustra-

438 2849 603 2904 tionis
636 2866 665 2903 a
710 2848 1064 2906 Providentia
1114 2850 1392 2905 manantis
1426 2849 1565 2904 radii
1609 2850 2029 2915 obtunduntur;

436 2940 533 2995 sed
586 2938 875 2995 oculorum
936 2939 1257 2996 mentalium
1325 2938 1711 2995 dissimilitudo
1763 2938 1927 3002 facit,
1972 2949 2033 2994 ut

434 3032 727 3086 exundans
758 3040 1006 3102 paterna:
1033 3031 1296 3087 bonitatis
1330 3030 1652 3093 illustratio,
1681 3030 1769 3084 vel
1805 3033 2030 3086 omnino

2136 530 2313 600 palem
2345 528 2761 582 similitudinem
2794 526 3322 596 supermumlialiter
3345 526 3745 593 contemplan-

2138 629 2241 684 tes,
2272 619 2340 673 ad
2371 619 2619 674 eamdem
2648 618 2888 687 speciem
2920 632 3075 671 suam
3108 626 3379 671 conentur
3405 614 3743 678 elformare,

2133 712 2255 782 jure
2295 712 2495 766 merito
2527 710 2787 765 uberiore
2822 724 3042 778 quoque
3072 708 3313 775 gaudent
3343 706 3463 774 ejus
3494 708 3747 777 partici-

2136 804 2380 874 patione,
2415 802 2560 873 quod
2593 802 2706 855 sint
2737 801 2963 863 assidui,
2997 814 3063 854 ac
3094 814 3315 866 semper
3347 800 3413 853 ad
3443 799 3743 853 anteriora

2137 910 2410 963 nunquam
2456 893 2757 948 fatiscentis
2789 892 2994 945 amoris
3028 892 3382 947 contentione
3430 905 3488 945 se
3523 901 3743 945 exten-

2135 987 2303 1050 dant,
2348 997 2401 1040 et
2443 986 2827 1055 primordiales
2858 986 3249 1040 illustrationes
3281 986 3743 1038 immaterialiter

2138 1081 2453 1150 liquidoque
2480 1082 2807 1149 suscipiant,
2842 1090 3007 1149 atque
3036 1079 3103 1133 ad
3135 1081 3357 1133 easdem
3391 1092 3744 1146 componan-

2136 1183 2245 1241 tur,
2298 1176 2580 1243 vitamque
2630 1188 2848 1228 omnem
2910 1174 3150 1227 habeant
3216 1172 3549 1241 spiritalem.
3598 1171 3741 1224 Puri

2135 1266 2407 1335 siquidem
2455 1265 2713 1320 censendi
2738 1265 2819 1329 ",
2870 1279 2977 1319 non
3026 1265 3183 1335 quasi
3219 1281 3248 1319 a
3300 1264 3533 1319 maculis
3582 1265 3741 1316 duu-

2139 1367 2288 1412 taxat
2317 1358 2545 1425 'mpuris
2575 1358 3088 1427 colluvionibusque
3114 1359 3224 1413 sint
3252 1358 3435 1419 liberi,
3460 1358 3543 1412 vel
3578 1358 3738 1428 quod

2133 1448 2509 1505 materialibus
2570 1450 2896 1519 imaginibus
2939 1451 3161 1504 minime
3215 1451 3568 1514 adhrereant,
3630 1450 3738 1503 sed

2135 1543 2277 1611 quod
2309 1542 2456 1596 omni
2492 1557 2551 1597 re
2580 1552 2766 1596 creata
2795 1541 3053 1596 celsiores
3071 1557 3182 1611 prae
3208 1556 3421 1595 summa
3453 1542 3738 1609 puritate,

2134 1631 2221 1685 vel
2251 1632 2486 1686 maxime
2514 1632 2875 1687 deiformibus
2906 1632 3208 1685 virtutibus
3238 1634 3348 1685 sint
3388 1632 3737 1698 coordinati,

2136 1726 2458 1795 ordinisque
2491 1726 2572 1779 sui
2611 1733 2816 1779 motum
2850 1724 3133 1793 preprium
3164 1724 3602 1793 mquabilemque
3630 1739 3741 1793 per

2139 1831 2377 1871 amorem
2412 1816 2506 1871 Dei
2539 1824 2862 1871 constanter
2893 1824 3117 1869 teneant
3161 1815 3513 1881 invariatum,
3546 1829 3742 1885 neque

2140 1907 2303 1962 ullam
2350 1908 2403 1961 in
2457 1908 2701 1962 deterius
2749 1907 3045 1961 admittant
3099 1906 3577 1969 imminutionem,
3628 1907 3739 1961 sed

2140 2000 2529 2054 inconcussam
2576 2013 2796 2065 semper
2817 2009 2875 2053 et
2906 1997 3243 2052 immobilem
3279 1998 3566 2053 deiformis
3612 2014 3741 2055 suae

2135 2090 2490 2161 proprietatis
2529 2092 2715 2143 sedem
2758 2089 3027 2143 habeant.
3066 2088 3539 2159 Contemplatores
3594 2090 3737 2143 item

2135 2197 2242 2236 non
2289 2183 2442 2252 quasi
2492 2180 2898 2251 symbolorum,
2943 2196 3064 2250 quae
3112 2196 3276 2236 sensu
3315 2182 3402 2235 vel
3448 2182 3742 2251 imagina-

2136 2276 2285 2331 tione
2342 2275 2743 2345 percipiantur,
2796 2282 3168 2343 spectatores,
3218 2288 3397 2343 neque
3450 2275 3736 2330 varietate

2134 2369 2401 2423 duntaxat
2430 2382 2714 2423 sacrarum
2748 2366 3163 2437 Scripturarum
3198 2367 3268 2421 ad
3301 2367 3469 2422 Deum
3499 2368 3738 2421 elevan~

2135 2468 2243 2526 tur,
2290 2461 2385 2516 sed
2417 2460 2565 2515 omni
2616 2460 2931 2529 cognitione
2962 2460 3197 2530 simplici
3249 2461 3462 2515 altioris
3497 2462 3738 2517 luminis

2132 2552 2439 2623 replentur,
2482 2560 2647 2620 atque
2698 2551 3167 2620 contemplatione
3214 2552 3365 2607 illius
3404 2553 3731 2623 pulchritu-

2133 2645 2297 2709 dinis,
2341 2660 2462 2715 quae
2504 2644 2749 2699 ell‘ectrix
2781 2655 2837 2699 et
2869 2647 3023 2715 origo
3071 2647 3252 2701 omnis
3289 2647 3736 2716 pulchritudinis

2133 2742 2342 2809 existit,
2380 2758 2610 2813 quaeque
2644 2757 2810 2813 supra
2844 2743 3211 2796 substantiam
3252 2753 3337 2795 est
3365 2749 3419 2795 et
3451 2742 3505 2795 in
3540 2740 3737 2794 Trini-

2133 2841 2246 2890 tate
2294 2834 2745 2903 supraspleudet,
2781 2845 3047 2903 quantum
3095 2834 3304 2888 homini
3343 2832 3427 2887 fas
3460 2841 3546 2888 est
3591 2837 3735 2889 reli-

2132 2929 2373 2983 ciuntur.
2414 2927 2827 2982 Communionis
2864 2940 3081 2996 quoque
3127 2926 3256 2981 Jesu
3302 2927 3556 2982 similiter
3596 2944 3739 2999 par-

2135 3024 2325 3092 ticipes
2363 3020 2520 3086 liunt,
2550 3035 2656 3074 non
2686 3021 2845 3089 quasi
2881 3020 2933 3074 in
2969 3020 3296 3090 imaginibus
3329 3031 3519 3076 sancte
3547 3022 3736 3077 infor-

434 3137 589 3177 cassa
620 3125 712 3188 sit,
740 3134 794 3178 et
826 3133 1051 3195 propter
1077 3139 1269 3179 eorum
1309 3123 1733 3194 repugnantiam
1784 3120 2023 3191 inutilis,
2056 3142 2105 3205 ρ
2136 3118 2321 3181 matis,
2356 3130 2476 3184 qua:
2512 3113 2681 3167 veluti
2732 3113 2925 3167 forma:
2958 3113 3011 3166 in
3062 3114 3195 3183 ipsis
3231 3114 3484 3169 deiﬁcam
3527 3116 3733 3170 simili-

435 3215 522 3270 vel
550 3214 669 3285 ejus
701 3216 1157 3287 participationes
1198 3217 1442 3272 existant
1476 3217 1802 3288 inaequales,
1844 3231 2027 3287 parva:

432 3307 519 3361 vel
565 3322 798 3378 magna,
842 3309 1097 3363 obscurae
1144 3308 1231 3364 vel
1283 3308 1467 3374 clarae,
1510 3326 1636 3364 cum
1670 3324 1812 3364 unus
1861 3308 1933 3362 sit
1973 3317 2029 3362 et

433 3401 700 3471 simplex,
748 3402 1053 3471 eodemque
1087 3402 1249 3457 modo
1292 3418 1513 3473 semper
1558 3418 1617 3459 se
1658 3403 1859 3458 habeat
1903 3400 2025 3455 l'on-

434 3496 559 3553 talis
588 3496 679 3552 ille
710 3497 927 3565 radius,
958 3498 1047 3566 qui
1077 3496 1283 3565 jugiter
1315 3506 1404 3551 est
1431 3510 1740 3567 expansus.

1047 3634 1279 3692 CAPUT
1318 3635 1411 3694 IV.

747 3749 882 3817 Qui:
907 3750 974 3805 sit
1002 3751 1125 3819 ﬁnis
1153 3752 1391 3822 mystica:
1423 3751 1717 3823 theologica.

506 3861 698 3919 Omnis
725 3878 893 3932 porro
929 3864 1175 3935 mysticae
1220 3863 1507 3935 theologia:
1552 3879 1753 3934 scopus
1782 3874 1865 3921 est
1892 3883 2023 3939 erga

436 3954 609 4009 Deum
640 3963 697 4007 et
734 3968 822 4009 res
856 3955 1070 4010 divinas
1096 3956 1356 4010 continua
1388 3956 1609 4011 dilectio
1632 3956 1701 4022 ’³,
1734 3972 1853 4027 qua:
1888 3959 2024 4013 divi-

434 4045 585 4099 nitus
613 4045 898 4111 inseritur,
928 4054 984 4100 et
1017 4060 1117 4115 per
1145 4046 1264 4116 ejus
1291 4046 1548 4102 unionem
1584 4061 2020 4115 consummatur,

434 4153 667 4208 quaeque
698 4138 802 4192 hac
833 4138 987 4207 prior
1017 4147 1122 4204 est,
1152 4138 1232 4193 illi
1263 4138 1679 4194 adversantium
1710 4142 2021 4195 omnimoda

433 4238 490 4283 et
536 4228 931 4285 irrevertibilis
974 4230 1135 4301 luga;
1186 4230 1428 4300 cognitio
1463 4230 1555 4284 Dei
1599 4231 2020 4299 perfectissima,

433 4332 492 4375 ct
537 4323 803 4393 simplicis
856 4321 1221 4392 perfectionis
1277 4321 1395 4391 ejus
1440 4321 1625 4375 divina
1674 4324 2023 4393 participatio

434 4412 756 4483 l'ruitioqne,
782 4429 903 4483 qua:
930 4427 1148 4468 omnem
1193 4411 1287 4466 Dei
1334 4411 1833 4481 contemplatorem
1859 4413 2022 4482 spiri-

2135 3209 2377 3262 tudinem
2409 3206 2749 3275 exprimant,
2785 3206 2880 3259 sed
2918 3213 3181 3274 tanquam
3210 3222 3338 3262 vere
3365 3207 3432 3261 ad
3470 3221 3595 3261 eum
3632 3224 3736 3278 ap-

2129 3299 2595 3370 propinquantes,
2641 3295 2696 3348 in
2742 3294 2859 3364 ipsa
2914 3296 3090 3364 prima
3156 3297 3579 3367 participatione
3626 3315 3732 3353 co-

2130 3391 2391 3463 gnitionis
2451 3388 2714 3443 luminum
2776 3386 2897 3455 ejus
2953 3388 3307 3453 deitieorum,
3355 3390 3499 3459 quod
3552 3390 3731 3445 Deum

2130 3483 2379 3539 imitandi
2412 3486 2551 3538 ratio
2581 3484 2978 3539 sublimissimo
3010 3482 3143 3552 ipsis
3177 3481 3338 3536 modo
3382 3480 3454 3536 sit
3484 3482 3727 3547 indulta,

2128 3585 2184 3632 et
2212 3576 2266 3629 in
2300 3576 2592 3645 primaeva,
2628 3585 2896 3645 quantum
2934 3575 3152 3644 quidem
3188 3571 3271 3627 l'as
3309 3582 3415 3638 est,
3450 3574 3729 3643 potentia,

2129 3672 2328 3727 divinis
2359 3671 2476 3740 ejus
2528 3672 2895 3742 humanisque
2942 3672 3243 3726 virtutibus
3284 3670 3724 3727 communicent.

2129 3765 2396 3820 Similiter
2426 3763 2655 3834 perfecti
2690 3774 2837 3832 sunt,
2871 3780 2976 3819 non
3010 3766 3169 3834 quasi
3198 3763 3497 3819 varietates
3527 3777 3727 3818 sacras

2127 3862 2433 3921 resolvendi
2478 3865 2705 3921 scientia
2753 3866 2865 3920 sint
2916 3866 3213 3930 illusuati,
3262 3865 3359 3920 sed
3406 3864 3552 3934 quod
3600 3865 3724 3933 pri-

2129 3955 2301 4009 maria
2354 3965 2410 4011 et
2449 3957 2801 4027 praecellente
2836 3958 2932 4012 Dei
2986 3958 3196 4013 unione
3239 3958 3531 4021 satientur,
3561 3957 3723 4027 juxta

2126 4060 2437 4115 supremam
2468 4047 2652 4115 illam,
2699 4048 2858 4119 cujus
2889 4063 3120 4117 capaces
3149 4056 3279 4103 sunt
3306 4046 3590 4112 mortales,
3637 4047 3723 4100 di-

2126 4138 2239 4192 vini
2281 4139 2489 4194 amoris
2518 4139 2891 4204 inﬂuentiatn;
2929 4140 3200 4207 siquidem
3232 4138 3301 4192 ab
3350 4139 3587 4208 ipsamet
3636 4136 3723 4190 di-

2125 4233 2351 4287 vinitate
2382 4235 2555 4289 sacris
2604 4235 2861 4303 mysticis
2909 4234 3225 4297 initiantur,
3268 4231 3395 4286 dum
3442 4231 3511 4285 ad
3546 4231 3719 4285 Deum

2126 4340 2222 4393 per
2246 4324 2595 4381 dilectionem
2623 4326 3007 4397 subriguntur,
3038 4339 3139 4379 nec
3174 4339 3283 4379 non
3317 4324 3370 4377 in
3403 4338 3471 4377 eo
3500 4337 3716 4376 summa

2125 4415 2363 4484 puritate
2403 4432 2730 4488 summaque
2768 4416 3081 4472 constantia
3132 4416 3513 4478 stabiliuntur,
3547 4424 3719 4484 atque

436 4504 529 4557 tali
585 4505 748 4559 modo
802 4506 981 4559 rellcit
1032 4504 1385 4573 deiﬁcatque.
1434 4501 1572 4557 Cum
1624 4503 1769 4558 enim
1821 4506 2021 4559 habeat
2053 4499 2096 4553 D
2127 4508 2639 4577 supernaturalibus
2664 4510 2976 4563 divinorum
3008 4524 3235 4577 operum
3283 4506 3613 4573 rationibus,
3646 4508 3715 4561 ab

434 4597 607 4651 Deum
638 4596 817 4653 omnis
862 4612 1039 4653 saera:
1074 4612 1186 4652 sua:
1219 4610 1437 4651 arcanae
1466 4611 1589 4650 cum
1620 4596 1866 4652 scientia:
1906 4605 2016 4650 tum

433 4690 771 4756 operationis
804 4689 965 4745 linem
987 4690 1058 4757 ⁸⁸,
1089 4690 1155 4744 ad
1191 4687 1595 4746 divinissimum
1624 4689 1742 4759 ejus
1765 4690 2017 4744 decorem

434 4789 755 4835 constanter
794 4781 1078 4847 intuendo,
1122 4781 1377 4836 eumdem
1410 4780 1591 4850 quoad
1621 4789 1803 4850 potest
1831 4783 2017 4848 expri-

433 4872 554 4935 mit,
582 4885 683 4924 nec
715 4884 823 4923 non
854 4871 1075 4924 divinos
1105 4870 1188 4924 sui
1235 4878 1545 4934 consortes,
1574 4884 1732 4923 sacra
1770 4869 2017 4937 quaedam

434 4962 647 5030 perlicit
678 4962 969 5016 simulacra
1001 4963 1333 5033 speculaqne
1379 4961 1685 5018 clarissima
1727 4972 1781 5017 et
1824 4962 2019 5016 imum.

434 5055 640 5120 culala,
683 5070 806 5123 quae
850 5057 1143 5126 primitivze
1190 5057 1360 5123 lucis,
1411 5071 1749 5126 summaeque
1797 5056 2018 5110 deitatis

434 5146 644 5200 radium
695 5147 996 5216 excipiant,
1030 5157 1085 5202 et
1132 5149 1186 5201 in
1222 5149 1392 5204 Deum
1438 5149 1615 5218 ipsum
1663 5164 1695 5203 a
1734 5163 1842 5215 quo
1888 5163 2015 5217 pro-

432 5240 619 5305 tluxit,
664 5241 1037 5296 sincerissime
1075 5240 1383 5296 reﬂectant.
1431 5241 1569 5297 llinc
1603 5241 1822 5312 mystici
1864 5242 2018 5295 theo-

433 5331 539 5401 logi
588 5332 847 5401 primario
895 5333 1381 5403 multipliciterque
1430 5335 1596 5388 Deum
1644 5334 2015 5405 participant,

432 5433 487 5476 ct
532 5422 940 5479 sublimissimis
975 5440 1040 5479 ac
1074 5425 1259 5479 multis
1290 5426 1464 5481 modis
1505 5442 1771 5481 arcanum
1802 5426 1895 5480 Dei
1925 5441 2019 5480 co-

434 5524 727 5583 gnoscunt.
770 5514 909 5572 Cum
952 5517 1102 5573 enim
1143 5519 1217 5574 ad
1265 5517 1592 5575 imitandum
1637 5518 1813 5576 Deum
1857 5519 2023 5573 intel—

2127 4597 2358 4667 ipsomet
2402 4600 2589 4655 divino
2652 4601 2960 4671 principatu
3011 4600 3373 4662 θεοδιδάκτοις
3419 4617 3715 4671 μυσταγω-

2125 4687 2273 4756 γίαις
2302 4690 2652 4746 erudiuntur.
2691 4689 2844 4745 Unde
2879 4690 2961 4754 lit,
3006 4700 3066 4743 ut
3090 4690 3305 4760 mystici
3337 4690 3576 4759 theologi
3628 4705 3715 4744 re-

2124 4781 2376 4837 conditos
2426 4798 2675 4853 quosque
2732 4781 3035 4852 Scriptura:
3105 4797 3301 4837 sensus
3345 4790 3401 4836 et
3449 4782 3715 4837 scientias

2124 4873 2350 4940 quasvis
2403 4875 2686 4929 naturales
2732 4874 2892 4945 longe
2934 4873 3096 4928 aliter
3129 4888 3292 4941 quam
3343 4873 3436 4927 alii
3485 4873 3715 4944 (quippe

2126 4966 2638 5036 supernaturaliter)
2666 4967 2970 5037 intelligant
2994 4975 3414 5037 penetrentque,
3443 4980 3567 5020 cum
3601 4982 3711 5021 non

2128 5056 2332 5110 dividui
2367 5068 2459 5112 aut
2494 5075 2523 5112 e
2550 5059 2812 5125 dividuis,
2845 5060 2926 5115 vel
2960 5061 3237 5126 sensibus,
3270 5060 3355 5115 vel
3398 5060 3712 5114 rationibus

2126 5146 2515 5203 ratiocinaudo
2556 5150 2813 5220 colligant
2837 5154 3145 5218 scientiam,
3171 5153 3265 5207 sed
3295 5152 3365 5205 ab
3396 5152 3546 5205 omni
3589 5166 3712 5206 ma-

2127 5238 2301 5293 teriali
2334 5256 2399 5295 ac
2444 5243 2693 5297 sensibili
2740 5244 3052 5313 pluralitate
3085 5245 3238 5313 puri,
3274 5260 3303 5297 a
3337 5243 3566 5298 materia
3617 5260 3711 5298 se—

2125 5339 2277 5384 creto
2316 5341 2479 5400 atque
2530 5333 2789 5388 uniforini
2844 5338 3003 5391 modo
3052 5336 3286 5406 spiritali
3334 5351 3399 5390 ea
3446 5336 3709 5405 capiant,

2122 5438 2466 5493 quaecunque
2492 5426 2579 5479 vel
2626 5429 2677 5479 in
2709 5429 2910 5482 divinis
2942 5431 3025 5484 vel
3063 5431 3113 5483 in
3159 5430 3416 5484 humanis
3456 5432 3709 5485 scientiis

2124 5515 2357 5586 intelligi
2389 5528 2643 5589 possunt.
2675 5521 2771 5575 Est
2797 5523 2941 5576 enim
2987 5523 3093 5578 illis
3135 5524 3217 5577 vis
3240 5523 3284 5554 "
3309 5525 3561 5594 qumdam
3595 5525 3710 5594 spi-

437 5715 485 5747 9°
523 5720 665 5799 [ἶφι.
718 5722 855 5799 (tier.
880 5739 1003 5799 cap.
1037 5723 1089 5779 l.
1167 5722 1210 5799 _“
1246 5724 1403 5799 fled.
1446 5727 1580 5781 hier.
1606 5743 1729 5798 cap.
1759 5727 1816 5782 9..
1896 5723 1942 5799 ’ξ
1981 5717 2022 5771 (ἶ

2131 5790 2135 5799 Ι
2179 5720 2311 5778 hier.
2345 5741 2464 5796 cap.
2492 5727 2545 5783 9.
2623 5728 2670 5760 ’³
2709 5723 2851 5779 Eccl.
2878 5725 3010 5782 hier.
3050 5742 3171 5799 cap.
3205 5726 3252 5786 l.
3330 5734 3377 5765 “
3407 5729 3536 5789 (ἐστι.
3574 5734 3711 5793 ‘u'er.

434 5805 553 5859 cap.
589 5792 641 5843 5.
719 5792 764 5825 ⁹⁸
805 5792 973 5864 lbi-4.,
1004 5810 1124 5866 cap.
1154 5795 1209 5851 4.
1239 5797 1286 5829 ’⁸
1321 5798 1488 5868 λιγέα..
1520 5814 1641 5871 cap.
1676 5792 1735 5857 7.

396 6108 583 6177 ‘R

1813 5800 1857 5833 ’⁷
1898 5794 1974 5849 De
2024 5790 2197 5851 divin.
2249 5790 2572 5870 nomn-cap.
2613 5799 2665 5854 7.
