3916 6234
137 389 232 444 NH

135 492 322 556 ritalis
347 508 517 569 atque
547 499 798 570 operatio
822 497 1353 568 impermistaatque
1386 498 1731 555 immaculata

1499 381 2045 440 PROLEGOMENA.

3323 377 3430 433 102

1841 494 2151 552 adhibenda
2202 502 2289 551 est
2330 492 2477 563 jugis
2526 492 2913 561 mortificatio,
2962 502 3023 547 ut
3062 495 3187 562 quis
3237 506 3433 550 exsors

134 596 387 663 puritate
420 595 805 663 resplendens,
829 602 885 647 et
907 592 1208 661 conspicax
1235 592 1545 647 divinarum
1580 592 1739 647 iutel-
1770 558 1812 615 Α
1850 589 1942 643 fiat
1990 597 2045 643 et
2084 602 2283 657 expers
2329 586 2573 641 omnium
2632 586 3028 641 uniformitatis
3074 586 3427 641 divisionum.

134 683 523 754 ligentiarum,
550 699 672 753 quae
703 698 803 752 per
827 681 1116 737 divisionis
1143 696 1208 736 ac
1250 683 1495 737 materia;
1536 696 1739 737 caren-

136 779 301 842 tiam,
334 776 599 832 deiformi
634 775 847 830 unitate
883 774 951 828 ad
981 773 1223 828 divinam
1252 782 1307 829 et
1337 774 1622 845 plusquam
1651 789 1739 829 sa-

134 871 383 938 pientem
422 876 671 922 mentem
698 881 765 921 ac
791 866 1065 921 rationem
1098 864 1364 921 divinitus
1394 865 1737 922 efformatur.

136 962 279 1016 Hinc
325 961 549 1032 mystici
587 959 824 1027 theologi
869 960 975 1014 hoc
1019 974 1240 1027 quoque
1274 974 1493 1014 sacrum
1541 975 1741 1018 munus

138 1057 415 1123 referunt,
442 1064 502 1107 ut
527 1055 676 1123 quod
698 1054 1005 1107 divinorum
1049 1052 1296 1106 omnium
1330 1052 1736 1109 divinissimum

136 1158 257 1216 est,
299 1148 359 1202 in
404 1148 587 1203 salute
626 1161 694 1202 ac
731 1146 1075 1216 perfectione
1110 1145 1492 1216 proximorum
1537 1162 1743 1218 procu-

139 1241 340 1304 randa,
372 1239 564 1295 divino
597 1254 824 1310 prorsus
868 1248 922 1294 et
968 1237 1321 1294 eminentiori
1373 1254 1487 1309 pra:
1528 1241 1743 1296 caeteris

140 1335 308 1388 modo
338 1332 628 1401 ipsiusmet
656 1332 753 1386 Bei
781 1341 1169 1400 cooperatores
1192 1331 1463 1397 existant;
1498 1345 1603 1387 non
1631 1347 1746 1386 om-

142 1424 276 1480 nino
306 1424 505 1480 dissita
538 1424 614 1479 ab
642 1426 840 1480 ordine
868 1424 1091 1480 ctelesti
1135 1424 1510 1480 insinuatione
1540 1427 1593 1480 in
1626 1427 1746 1479 ani-

140 1535 265 1575 mos
296 1520 593 1574 hominum
629 1519 930 1585 inﬂuendo,
968 1527 1025 1574 et
1076 1533 1107 1571 a
1149 1520 1434 1589 quibusvis
1473 1519 1620 1574 vitiis
1663 1528 1747 1574 at-

141 1627 249 1682 que
283 1611 808 1683 imperfectionibus
852 1616 919 1670 ad
962 1630 1181 1671 omnem
1221 1615 1481 1671 virtutem
1525 1623 1583 1670 et
1622 1614 1748 1671 vitae

143 1706 505 1761 sanctitatem
544 1706 906 1762 traducendo.

782 1842 1011 1900 CAPUT
1050 1845 1116 1902 V.

180 1958 451 2023 Quwnam
479 1956 940 2028 prterequirantur
964 1956 1034 2010 ad
1066 1958 1343 2028 mysticam
1369 1956 1709 2029 theologiam.

213 2072 299 2125 Ad
335 2072 485 2125 hanc
519 2069 848 2141 theologiam
881 2068 929 2102 ’⁸
971 2071 1297 2140 cumprimis
1338 2073 1757 2143 praerequiritur

142 2173 326 2219 status
380 2164 612 2233 quidam
656 2163 1097 2233 supernaturalis
1141 2164 1245 2233 ipsi
1282 2166 1755 2235 proportionatus,

145 2257 235 2325 qui
267 2272 401 2310 cum
437 2256 512 2310 sit
563 2256 722 2325 quasi
776 2256 1024 2324 quaedam
1058 2257 1231 2311 altera
1266 2259 1521 2311 nativitas
1547 2259 1754 2326 divina,

146 2364 435 2419 nunquam
485 2352 633 2403 sane‘
670 2348 1026 2414 intellexerit,
1078 2351 1277 2404 nedum
1323 2353 1559 2421 gesserit
1600 2354 1759 2423 quid-

146 2445 294 2511 piam
350 2442 661 2497 secundum
715 2442 1001 2513 mysticam
1051 2442 1407 2514 theologiam,
1439 2444 1525 2499 cui
1552 2460 1619 2500 ne
1642 2447 1759 2517 ipse

148 2534 375 2603 quidem
410 2542 592 2587 status
626 2533 718 2588 hic
760 2533 1022 2590 divinitus
1068 2533 1286 2591 afﬂatus
1333 2537 1427 2592 sit.
1456 2537 1671 2593 Etenim
1703 2550 1761 2594 et

150 2627 315 2680 nobis
345 2628 617 2693 (humano
654 2625 912 2694 loquendi
964 2627 1147 2699 modo)
1182 2630 1475 2686 existentia
1520 2634 1755 2702 primum

151 2737 291 2791 opus
318 2730 436 2785 est,
471 2730 535 2774 ut
563 2719 825 2789 deinceps
866 2735 987 2790 quae
1025 2723 1199 2776 nostri
1229 2722 1331 2778 fori
1370 2734 1517 2791 sunt,
1550 2736 1758 2783 tracte-

151 2829 297 2881 mus,
338 2830 470 2869 cum
498 2813 552 2867 id
581 2814 727 2883 quod
778 2812 930 2868 nullo
977 2815 1139 2870 modo
1186 2817 1394 2883 existit,
1428 2831 1603 2888 neque
1639 2835 1759 2873 mo-

153 2909 360 2961 tionem
415 2922 597 2978 neque
645 2908 1011 2963 substantiam
1059 2910 1285 2964 omnino
1333 2910 1569 2977 habeat;
1616 2914 1761 2983 quod

153 3010 343 3056 autem
398 3017 623 3072 quoquo
674 3018 838 3072 pacto
886 3012 989 3070 est,
1044 3017 1107 3055 ea
1164 3005 1380 3057 demum
1432 3013 1488 3059 et
1538 3015 1661 3077 agat
1707 3016 1762 3061 et

153 3094 424 3161 patiatur,
458 3109 580 3163 qua!
630 3103 840 3148 natura:
883 3102 1169 3163 statusque
1218 3103 1346 3148 sunt
1375 3095 1481 3151 sui.
1519 3095 1762 3151 Dicimus

156 3189 345 3257 itaque
375 3187 624 3242 assiduis
647 3187 716 3241 ad
746 3186 917 3243 Deum
954 3187 1285 3241 eonuitendo
1311 3189 1757 3258 aspirationibns,

156 3289 324 3349 atque
376 3280 643 3336 totalibus
694 3283 1096 3337 contrariorum
1142 3282 1657 3339 mortiﬁcationibus
1703 3267 1834 3341 etc

156 3373 560 3429 abolitionibus
592 3375 843 3430 homines
860 3376 1135 3444 spiritales
1163 3384 1339 3431 status
1372 3375 1530 3443 hujus
1558 3378 1765 3432 deifor‘

160 3466 261 3519 mis
288 3465 748 3521 immutabilitate
796 3467 985 3535 poliri.
1028 3465 1145 3519 Non
1174 3468 1317 3521 enim
1350 3468 1416 3522 ab
1443 3469 1590 3522 omni
1621 3469 1765 3523 dun-

161 3568 310 3612 taxat
336 3559 550 3613 malitia
579 3560 710 3627 ipsis
735 3560 1101 3614 recedendum
1131 3571 1235 3625 est,
1264 3561 1359 3615 sed
1386 3560 1764 3617 obilurandum

159 3653 418 3719 viriliter,
456 3661 512 3707 et
562 3652 936 3722 imperterrite
982 3667 1199 3723 semper
1233 3654 1615 3709 obsistendum
1662 3656 1765 3724 ipsi

163 3745 341 3797 noxia:
391 3743 737 3809 remissioni;
780 3759 880 3798 nec
907 3759 937 3798 a
983 3759 1142 3799 sacro
1168 3753 1254 3800 est
1301 3761 1540 3816 unquam
1581 3762 1769 3802 amore

163 3837 498 3891 cessandum
522 3878 538 3901 ,
570 3847 654 3892 ast
680 3838 1031 3892 continenter
1052 3852 1115 3891 ae
1147 3848 1410 3908 perpetuo
1436 3854 1535 3910 pro
1562 3840 1770 3897 viribus

160 3927 210 3982 ei
249 3929 647 3994 insistendum,
681 3931 745 3983 ad
786 3930 1181 4000 perfectionem
1231 3931 1401 3987 divini
1430 3932 1770 4003 principatus

164 4024 613 4077 sublimationem
634 4033 824 4079 sancte
851 4039 1068 4095 semper
1095 4027 1308 4093 negotia
1338 4041 1437 4081 sua
1462 4027 1768 4097 dirigendo.

166 4113 351 4183 Neque
382 4114 535 4167 enim
570 4113 617 4145 θ’
654 4114 736 4168 fas
767 4123 849 4168 est
879 4116 1123 4186 mysticis
1170 4115 1439 4187 theologis
1470 4116 1769 4187 quidquam

166 4206 409 4275 operari,
440 4205 590 4275 quod
619 4204 820 4260 divinis
868 4207 1322 4277 inspirationibus
1366 4208 1451 4264 vel
1484 4207 1769 4263 minimum

169 4308 461 4366 repugnet,
515 4299 627 4351 imo
669 4313 769 4353 nec
829 4300 1022 4355 iisdem
1075 4300 1396 4365 dissentire.
1445 4301 1490 4356 si
1527 4300 1773 4355 divinam

169 4401 429 4459 appetant
462 4390 796 4454 claritatem,
842 4404 895 4445 et
923 4396 988 4446 ad
1021 4393 1162 4447 hanc
1208 4404 1419 4461 sancte,
1453 4404 1511 4448 ut
1544 4410 1644 4465 par
1668 4403 1771 4459 cst,

172 4485 445 4552 aspireut.
478 4481 670 4553 Itaque
703 4485 948 4553 perfecta
982 4486 1067 4541 sui
1110 4485 1284 4555 ipsius
1317 4487 1666 4542 abdicatione
1704 4486 1773 4519 ¹⁰⁰

172 4592 234 4630 ac
260 4576 526 4630 continua
560 4577 612 4630 iu
659 4578 827 4633 rebus
874 4580 1132 4635 omnibus
1178 4580 1602 4635 mortificatione
1638 4596 1775 4651 Opus

173 4679 290 4733 est;
324 4670 551 4739 quando
580 4670 799 4740 quidem
842 4681 1093 4726 naturam
1147 4673 1441 4726 humanam
1488 4674 1621 4727 vitio
1653 4690 1776 4742 pru-

177 4763 394 4833 toplasti
445 4762 649 4817 divinis
695 4763 853 4818 bonis
900 4763 1217 4834 spoliatam,
1268 4764 1378 4819 vita
1420 4765 1775 4834 passionibus

174 4855 411 4909 obnoxia
453 4855 693 4921 excepit,
746 4865 802 4909 et
851 4865 1251 4927 consequenter
1301 4858 1468 4912 homo
1506 4874 1536 4913 a
1592 4860 1773 4913 divina

176 4950 374 5015 gratia,
405 4963 530 5018 qua:
563 4948 739 5018 ipsum
776 4950 844 5003 ad
891 4966 1089 5020 supera
1140 4951 1478 5022 subrigcbat,
1511 4953 1780 5023 dilapsus,

173 5056 230 5100 et
262 5046 331 5099 ad
361 5053 616 5100 extrema
644 5046 920 5099 contraria
956 5045 1071 5114 jam
1101 5060 1342 5116 praeceps
1378 5047 1562 5111 datus,
1611 5046 1779 5099 variis

173 5136 698 5207 perturbationibus
728 5138 1036 5208 expositam
1072 5148 1267 5195 nactus
1308 5147 1394 5193 est
1438 5138 1777 5192 immutatio-

175 5247 323 5287 nem.
356 5228 519 5286 Unae
559 5245 683 5284 cum
717 5245 823 5286 non
858 5232 1029 5301 possit
1074 5234 1143 5284 ad
1184 5246 1352 5285 unum
1381 5229 1585 5301 colligi,
1616 5240 1779 5300 atque

177 5326 342 5379 unius
395 5325 644 5394 pacifica:
682 5325 903 5379 uuiouis
952 5328 1227 5394 particeps
1280 5324 1518 5378 existere
1565 5324 1656 5393 qui
1690 5339 1779 5378 sc-

178 5431 306 5469 eum
343 5416 467 5486 ipse
515 5416 765 5482 dissidet,
806 5430 983 5485 neque
1027 5417 1191 5469 liceat
1234 5431 1448 5471 summe
1502 5416 1781 5471 contraria

180 5508 340 5561 simul
394 5511 752 5579 participare,
805 5508 888 5564 vel
943 5509 1501 5563 communicationem
1539 5509 1779 5580 aliquam

180 5619 304 5655 eum
336 5619 451 5657 uno
490 5604 740 5666 habenti,
792 5603 1001 5657 divisas
1056 5603 1260 5657 habere
1310 5603 1479 5667 vitas,
1526 5603 1571 5655 si
1621 5603 1784 5659 unius

181 5689 275 5745 Dei
336 5692 596 5745 stabilem
634 5691 891 5763 prmfcrat
922 5694 1436 5763 participationem,
1471 5696 1784 5752 necessario

252 5806 301 5838 "
342 5807 491 5863 Eccl.
538 5810 674 5864 hier.
720 5826 841 5877 cap.
867 5813 919 5864 ἓ.

998 5812 1044 5843 9°
1082 5812 1210 5866 le.
1254 5813 1389 5867 hier.
1422 5828 1543 5884 cap.
1570 5813 1623 5867 5.

188 5879 319 5934 diu.
354 5897 479 5949 cap.
526 5881 581 5935 4.

665 5881 683 5912 ³
726 5879 804 5935 De
841 5884 1001 5939 divin.
1036 5902 1202 5954 nom.,
1252 5884 1378 5955 c'ap.
1428 5879 1548 5958 4,'§
1604 5886 1655 5942 6.

1810 4640 1859 4700 D

1706 5816 1776 5851 ¹⁰⁶
1820 5816 1968 5874 Eccl.
1995 5818 2129 5874 Itier.
2158 5834 2281 5891 cap.
2305 5817 2359 5877 3.

1839 681 2138 751 Propterea
2188 679 2289 735 viri
2332 680 2528 763 saucti,
2574 680 2884 734 divinorum
2932 679 3318 733 communione
3348 681 3433 733 di-

1842 775 2014 842 gnati,
2053 773 2179 828 dam
2211 786 2311 842 pro
2335 786 2589 826 mensura
2624 772 2815 840 gratias
2851 771 3049 825 divinae
3091 771 3198 826 sibi
3222 772 3437 827 collata:

1844 867 1910 920 ad
1943 866 2332 922 deiformitatis
2378 874 2436 921 et
2470 865 2715 936 mystica:
2740 865 2963 920 unionis
2994 865 3277 937 fastigium
3307 881 3436 936 per-

1845 954 2163 1012 fectissimis
2191 957 2614 1027 perfectivisque
2639 955 3077 1011 deificationibus
3101 957 3437 1019 evehuntur,

1845 1063 1911 1103 ea
1957 1064 2079 1118 quae
2110 1049 2296 1104 carnis
2344 1057 2474 1103 sunt
2530 1049 2753 1103 minime
2788 1057 2988 1103 curant
3042 1051 3184 1104 citra
3231 1058 3442 1104 natura:

1849 1142 2257 1207 necessitatem,
2288 1143 2470 1212 idque,
2508 1150 2669 1211 prout
2711 1157 2841 1196 usus
2866 1141 2992 1209 fert,
3028 1142 3244 1209 obiter;
3278 1154 3442 1213 atque

1848 1235 1953 1291 hoc
1981 1236 2141 1288 modo
2172 1234 2335 1289 etiam
2387 1248 2613 1303 corpora
2660 1232 2875 1287 illorum
2926 1249 3022 1302 per
3064 1232 3443 1288 mortiﬁcatio-

1848 1340 1973 1380 nem
2004 1325 2403 1394 quodammodo
2422 1325 2841 1395 Spiritualizata,
2868 1326 2921 1380 in
2951 1326 3175 1396 mystica
3208 1325 3444 1380 deificao

1850 1419 1996 1473 tione
2030 1416 2290 1486 templum
2322 1416 2459 1470 ﬁunt
2500 1416 2737 1486 Spiritus
2781 1416 3345 1487 divino-principalis,
3386 1416 3444 1471 in

1850 1526 1958 1580 quo
1985 1510 2167 1565 simiie
2200 1510 2252 1564 in
2285 1509 2447 1563 simili
2479 1510 2741 1565 fundatur
2767 1525 2831 1565 ac
2864 1511 3193 1567 collocatur.

2470 1620 2702 1678 CAPUT
2744 1622 2832 1678 Vl.

1853 1715 1974 1781 Qua
2000 1717 2209 1769 ratione
2232 1715 2300 1767 ad
2324 1717 2601 1787 mysticam
2626 1714 2945 1786 theologiam
2975 1715 3329 1770 accedendum
3356 1715 3446 1772 sit.

1922 1810 2231 1866 Ubstaculis
2291 1819 2346 1865 et
2400 1810 2801 1881 impedimentis
2856 1823 2952 1880 per
3015 1809 3449 1865 monilicatiouis

1778 1912 1823 1967 B
1852 1905 2174 1959 exercitium
2212 1903 2465 1970 sublatis,
2513 1902 2878 1957 adhibendum
2918 1911 3001 1957 est
3022 1903 3186 1958 etiam
3212 1903 3449 1958 studium

1858 1996 2145 2061 orationis,
2182 1995 2433 2065 exemplo
2476 1994 2717 2065 Dionysii
2753 1995 3033 2066 mysticam
3064 1996 3392 2066 theologiam
3417 2012 3448 2051 a

1860 2090 2219 2145 sanctissimas
2296 2089 2583 2144 Trinitatis
2664 2089 3011 2144 invocatione
3088 2091 3449 2159 auspicantis.

1860 2180 2092 2253 Oportet
2119 2182 2286 2253 igitur
2313 2194 2411 2235 nos
2440 2181 2676 2251 primum
2714 2182 3062 2236 orationibus
3093 2182 3161 2236 ad
3209 2180 3377 2236 Deum
3407 2182 3450 2246 ’,

1863 2285 2119 2346 tanquam
2150 2276 2217 2330 ad
2257 2274 2499 2346 mystica:
2543 2273 2822 2345 theologiae
2874 2275 3198 2345 principium
3233 2276 3450 2343 adduci,

1861 2384 1925 2424 ac
1955 2370 2152 2426 deinde
2178 2371 2354 2442 magis
2378 2371 2474 2440 ipsi
2503 2371 2958 2441 propinquantes,
2998 2370 3218 2425 edoceri
3246 2374 3455 2439 Optima

1861 2477 2092 2534 qumque
2124 2477 2373 2526 munera,
2409 2476 2529 2534 quae
2577 2474 2743 2533 penes
2780 2461 2956 2531 ipsum
2998 2470 3127 2517 sunt
3167 2462 3453 2517 collocata.

1861 2556 1998 2611 Nam
2033 2556 2147 2626 ipse
2174 2557 2392 2627 quidem
2431 2572 2675 2628 praesens
2710 2558 2866 2611 adest
2908 2556 3186 2624 omnibus,
3217 2572 3322 2611 non
3355 2570 3459 2609 au-

1862 2658 1971 2705 tem
2005 2649 2077 2704 illi
2105 2651 2307 2706 adsunt
2345 2652 2570 2715 omnia;
2598 2652 2694 2706 sed
2722 2666 2844 2705 cum
2876 2664 2998 2705 eum
3028 2651 3235 2705 sanctis
3263 2663 3460 2720 preca-

1866 2743 2126 2808 tionibus,
2170 2752 2224 2799 et
2259 2752 2441 2798 mente
2472 2742 2790 2812 tranquilla,
2817 2751 2873 2797 et
2918 2742 2984 2796 ad
3028 2742 3263 2797 divinam
3295 2743 3461 2798 unio-

1863 2851 1989 2891 nem
2037 2837 2453 2891 accommodata
2498 2834 2877 2905 deprecamur,
2933 2842 3045 2887 tum
3094 2832 3313 2887 demum
3358 2848 3461 2890 nos

1863 2930 2029 2986 etiam
2069 2931 2119 2985 ei
2150 2938 2452 3001 praesentes
2501 2944 2715 2985 sumus.
2768 2927 2887 2997 ipse
2935 2927 3082 2987 enim
3126 2940 3228 2981 nec
3262 2927 3313 2980 in
3343 2925 3466 2981 loco

1865 3022 1939 3078 ita
1976 3032 2060 3078 est
2082 3031 2141 3076 ut
2178 3036 2404 3091 usquam
2447 3019 2610 3083 absit,
2647 3017 2731 3072 vel
2756 3034 2823 3072 ex
2853 3016 2977 3071 aliis
3007 3016 3073 3069 ad
3102 3013 3206 3070 alia
3240 3016 3462 3086 migret.

1864 3104 2005 3180 Quin
2038 3112 2148 3168 imo
2173 3112 2379 3176 dicere,
2409 3110 2462 3164 in
2492 3108 2750 3165 omnibus
2798 3107 2974 3179 ipsum
3006 3121 3148 3173 esse,
3182 3108 3327 3177 quod
3361 3108 3466 3161 mi-

1868 3220 1969 3258 nus
1998 3212 2082 3259 est
2123 3201 2243 3273 ejus
2274 3200 2564 3264 infinitate,
2613 3214 2733 3266 qua:
2772 3207 2827 3253 et
2876 3198 3091 3253 excedit
3120 3206 3179 3251 et
3218 3198 3469 3253 continet

1867 3294 2141 3346 universa.
2172 3290 2282 3345 Nos
2313 3290 2461 3361 ipsos
2493 3290 2677 3358 itaque
2716 3288 3060 3343 orationibus
3086 3288 3152 3342 ad
3185 3286 3469 3342 sublimio-

1866 3400 1982 3441 rem
2019 3386 2329 3441 divinorum
2363 3384 2830 3453 benignorumque
2851 3381 3129 3436 radiorum
3159 3381 3467 3436 contuitum

1867 3490 2267 3546 comparemus.
2304 3473 2773 3540 Quemadmodum
2811 3476 2856 3527 si
2885 3471 3279 3526 lucidissimam
3305 3479 3465 3526 eate—

1867 3581 1992 3621 nam
2018 3581 2049 3621 e
2072 3580 2288 3620 summo
2310 3564 2449 3620 caelo
2470 3578 2821 3634 suspensam,
2852 3569 2904 3616 et
2928 3563 3033 3617 huc
3064 3576 3233 3632 usque
3256 3560 3466 3616 demis-

1868 3672 2010 3724 sam,
2043 3656 2295 3711 Inanibus
2327 3655 2555 3710 alternis
2586 3656 2640 3709 in
2674 3653 2948 3709 anteriora
2982 3653 3258 3722 protensis
3290 3652 3471 3708 conti-

1871 3758 2073 3806 nenter
2109 3748 2502 3819 arriperemus,
2536 3746 2818 3802 attrahere
2861 3745 3077 3815 quidem
3105 3748 3274 3815 ipsam
3310 3746 3467 3801 vide-

1873 3854 2082 3903 remur,
2121 3855 2179 3895 re
2207 3848 2388 3895 autem
2422 3852 2678 3894 veranou
2710 3837 2861 3894 illam
2901 3836 3003 3907 ipsi
3048 3837 3471 3904 deduceremus,

1873 3939 1930 3986 ut
1957 3946 2079 4001 quan
2112 3946 2347 4002 superne
2377 3938 2432 3985 et
2471 3928 2687 3985 inferne
2724 3944 2967 4000 prrcsens
3002 3938 3171 3995 esset,
3208 3928 3305 3985 sed
3336 3928 3471 3999 ipsi-

1875 4032 1985 4079 met
2022 4026 2194 4095 magis
2226 4025 2292 4078 ad
2334 4023 2684 4079 sulilimiores
2725 4023 3003 4079 radiorum
3037 4024 3329 4079 illustrium
3363 4023 3474 4079 ful-

1874 4132 2035 4189 gores
2088 4118 2466 4173 eveheremur.
2509 4118 2617 4171 Aut
2667 4116 2810 4171 sicut
2867 4115 2913 4171 si
2961 4117 3144 4170 navim
3200 4116 3473 4187 ingressi,

1876 4212 2136 4265 rudentes
2181 4224 2246 4263 ex
2279 4218 2434 4279 petra
2468 4209 2705 4280 quadam
2740 4208 2806 4261 ad
2854 4223 2953 4263 nos
2994 4222 3165 4277 usque
3190 4218 3475 4277 porrectos

1879 4304 2068 4359 auxilii
2109 4318 2275 4357 causa
2323 4312 2657 4366 teneremus,
2710 4316 2815 4356 non
2868 4299 2937 4354 ad
2986 4314 3085 4355 nos
3110 4308 3345 4370 petram,
3379 4301 3475 4356 sed

1879 4397 2128 4465 nosipsos
2161 4410 2353 4449 revera
2388 4393 2683 4463 navimque
2709 4392 2775 4446 ad
2801 4400 3013 4461 petram
3040 4392 3474 4446 traduceremus.

1952 4488 2299 4559 Quapropter
2348 4496 2478 4540 ante
2524 4486 2734 4550 omnia,
2784 4482 3090 4554 prmserlim
3144 4484 3199 4537 in
3244 4486 3474 4554 mystica

1884 4581 2178 4652 theologia,
2231 4579 2300 4634 ab
2344 4579 2598 4635 oratione
2658 4576 3048 4648 auspicandum
3096 4584 3181 4631 est
3214 4593 3229 4631 :
3265 4590 3372 4631 non
3417 4584 3479 4631 ut

1882 4675 2083 4747 ubique
2106 4682 2162 4730 et
2185 4689 2451 4746 nusquam
2476 4682 2799 4744 prmsentem
2826 4674 3083 4729 virtutem
3109 4671 3476 4735 attrahamus,

1882 4769 1997 4833 sed,
2038 4777 2098 4823 ut
2126 4768 2329 4824 divinis
2362 4766 2979 4823 commcmorationibus
3008 4764 3478 4821 invocationibus-

1892 4881 2003 4936 que
2035 4881 2133 4921 nos
2165 4867 2313 4935 ipsos
2342 4865 2421 4920 illi
2454 4864 2716 4919 dedamus
2756 4872 2920 4932 atque
2953 4861 3230 4917 uniamus,
3259 4858 3477 4914 Etenim

1883 4958 2119 5013 essentia
2152 4957 2241 5011 illa
2270 4958 2315 5022 ',
2344 4955 2499 5025 cujus
2538 4955 2724 5010 odoris
2755 4954 3002 5010 suavitas
3051 4962 3289 5009 mentem
3317 4966 3480 5022 supe-

1890 5060 1995 5114 rat,
2031 5048 2099 5102 ab
2128 5048 2301 5119 igneis
2330 5047 2748 5118 purissimisque
2796 5046 3069 5103 mentibus
3097 5046 3162 5098 ad
3187 5043 3270 5098 sui
3301 5043 3480 5097 mani-

1888 5143 2237 5198 festationem
2287 5157 2386 5213 per
2427 5140 2865 5197 ferventissimas
2922 5138 3207 5195 orationes
3256 5134 3478 5190 invitari

1890 5245 2058 5300 amat,
2091 5235 2574 5305 divinissimasque
2620 5249 2747 5289 snas
2792 5232 3187 5303 inSpirationes
3231 5229 3479 5283 luculen-

1892 5327 2120 5382 tissimis
2173 5326 2649 5381 distributionibus
2695 5326 3006 5394 impertitur
3052 5322 3193 5388 illis,
3245 5322 3337 5391 qui
3395 5319 3480 5374 sic

1889 5420 2037 5474 illam
2088 5419 2609 5490 supramundialiter
2661 5418 2978 5472 invitarunt.
3042 5414 3137 5469 Est
3190 5414 3332 5467 enim
3384 5410 3478 5464 lux

1889 5529 2017 5567 vera
2066 5513 2087 5545 ⁸
2126 5529 2245 5582 quae
2286 5526 2503 5567 omnem
2544 5521 2778 5566 mentem
2810 5511 2994 5581 implet
3026 5510 3230 5563 lumine
3258 5504 3478 5560 intelie-

1889 5608 2257 5672 ctili,o.vnnem
2292 5603 2471 5663 autem
2508 5608 2868 5677 ignorantiam
2895 5614 2951 5659 et
2979 5617 3222 5659 errarem
3252 5614 3319 5655 ex
3350 5612 3474 5652 om-

1890 5698 2048 5752 nibus
2076 5700 2274 5755 animis
2302 5702 2353 5755 in
2391 5702 2590 5771 quibus
2625 5710 2732 5766 est,
2763 5699 2934 5771 ejicit,
2972 5710 3026 5751 ct
3059 5697 3188 5766 ipsis
3217 5692 3479 5749 omnibus

2441 5820 2456 5850 ¹
2502 5818 2575 5875 De
2604 5820 2767 5875 divin.
2795 5834 2935 5873 nom.
2974 5830 3098 5887 Cap.
3131 5815 3184 5871 5.
3263 5816 3283 5846 ⁸
3323 5812 3477 5869 Ecce.
