3916 6234
455 382 560 437 105

1601 378 1658 434 S.
1699 377 2072 435 DlONYSlUS
2109 372 2571 435 AREOPAGITA.

3606 376 3711 432 1οι

447 499 631 555 lumen
661 504 911 552 sanctum
953 496 1229 569 impertit,
1271 511 1569 566 eorumque
1600 497 1785 552 oculos
1815 505 2027 550 meuta-
2054 513 2101 569 Α
2130 494 2183 548 in
2220 494 2507 549 animabus
2541 492 2741 547 nostris
2785 492 3006 563 exigant
3032 491 3231 548 habere
3261 493 3362 549 sibi
3395 493 3714 550 confornies

449 589 530 644 les
556 604 584 642 a
614 587 849 656 caligine
877 596 930 642 et
959 588 1263 658 ignorantia
1312 586 1641 642 circumfusa
1684 598 1941 659 repurgat
1970 598 2027 644 et

449 681 665 745 liberat,
698 689 754 734 et
784 680 990 735 excitat
1020 689 1183 749 atque
1220 679 1393 748 aperit
1422 678 1587 733 multa
1617 681 1889 749 gravitate
1939 690 2024 736 te-

448 772 741 829 nebrarum
785 786 1074 842 oppressos
1122 781 1172 827 et
1219 772 1429 826 clausos
1474 788 1488 823 :
1534 772 1736 841 datque
1784 772 2020 842 primum

449 865 670 933 quidem
720 864 1049 919 mediocrem
1095 862 1471 932 splendorem,
1529 864 1723 918 deinde
1766 874 2024 933 tanquam

449 955 737 1024 degustato
768 953 987 1017 lumine,
1018 954 1189 1009 oculis
1209 954 1319 1024 jam
1348 955 1518 1024 magis
1542 964 1662 1024 post
1688 957 2021 1024 degustatio-

448 1061 572 1099 nem
622 1044 801 1100 lumen
850 1045 1259 1114 appetentibus,
1311 1047 1487 1115 magis
1544 1062 1603 1101 se
1649 1047 1916 1116 impertit,
1972 1056 2031 1101 et

449 1136 723 1204 copiosius
750 1134 993 1204 allulget,
1039 1136 1297 1204 quoniam
1324 1135 1635 1191 dilexerunt
1664 1138 1926 1203 multum;
1957 1154 2021 1193 ac

449 1242 667 1295 semper
695 1227 920 1280 ulterius
960 1226 1215 1295 provehit
1258 1228 1607 1297 proportione
1640 1230 1807 1283 studii
1834 1246 2024 1285 eorum

449 1319 516 1373 ad
546 1319 915 1387 aspiciendum
946 1334 1184 1374 sursum.
1223 1319 1437 1374 Etenim
1468 1322 1491 1353 ⁵
1535 1322 1677 1377 sicut
1717 1322 2025 1393 ignorantia

448 1420 698 1466 errantes
750 1412 974 1479 dirimit,
1024 1413 1105 1467 sic
1152 1412 1419 1467 adventus
1465 1414 1688 1471 luminis
1732 1426 2030 1486 congregat

450 1510 508 1555 et
537 1502 755 1569 copulat
806 1501 1163 1567 illuminatos,
1216 1502 1535 1571 perﬁcitque
1576 1519 1694 1571 eos,
1742 1516 1801 1560 et
1853 1507 1922 1561 ad
1973 1508 2026 1561 id

450 1595 593 1664 quod
619 1609 746 1650 vere
776 1605 859 1651 est
886 1597 1177 1662 convertit,
1210 1611 1238 1650 a
1265 1598 1446 1651 multis
1481 1597 1891 1667 opinationibus
1934 1615 2030 1655 eos

450 1701 737 1753 revocans,
769 1702 835 1743 ac
867 1690 1049 1743 varios
1077 1701 1351 1758 aspectus,
1377 1692 1485 1759 vel,
1518 1704 1577 1745 ut
1608 1692 1781 1762 magis
1808 1694 2030 1763 proprie

450 1779 647 1842 dicam,
674 1780 822 1833 varia
849 1778 904 1833 in
931 1794 1095 1835 unam
1124 1794 1308 1834 veram
1333 1791 1388 1836 et
1414 1797 1605 1850 puram
1630 1798 1691 1837 ac
1724 1784 2027 1854 simplicem

2134 599 2233 655 per
2262 586 2547 646 virtutem,
2591 584 3030 651 incorruptibiles
3079 587 3367 655 imagines.
3407 584 3711 640 Incireum-

2133 675 2397 745 scriptum
2430 676 2576 730 enim
2619 675 2748 729 illud
2783 669 2999 730 virtutis
3032 676 3314 733 deifonnis
3351 678 3712 733 simulacrqu

2135 768 2240 822 rite
2272 768 2595 822 imitandum
2618 776 2721 831 est,
2761 777 2822 823 ut
2856 769 3119 838 spiritalis
3152 784 3216 823 ac
3246 770 3498 839 fragrans
3529 772 3713 839 ipsum

2132 860 2337 916 referat
2379 860 2748 931 pulchritudo,
2790 876 3016 931 seseque
3058 862 3255 917 formet
3294 873 3351 917 et
3391 864 3611 932 efﬁngat
3644 864 3713 916 ad

2130 954 2552 1025 pulcherrimam
2575 956 2693 1024 ejus
2734 954 3115 1013 imitationem.
3158 956 3226 1009 Et
3261 956 3405 1011 sicut
3432 957 3483 1010 in
3513 958 3714 1027 imagi-

2134 1044 2295 1099 nibus
2343 1044 2653 1111 sensilibus,
2705 1045 2751 1100 si
2800 1046 2976 1114 pictor
3010 1046 3077 1100 ad
3112 1047 3420 1116 primawam
3470 1048 3713 1116 Speciem

2133 1144 2446 1191 constanter
2473 1137 2735 1202 intendat,
2769 1138 2912 1190 nulla
2941 1151 3001 1191 re
3024 1138 3126 1190 alia
3155 1138 3355 1192 visihiIi
3387 1138 3711 1202 distractus,

2133 1244 2313 1299 neque
2334 1230 2633 1285 secundum
2663 1229 2942 1299 quidpiam
2977 1231 3203 1291 divisus,
3232 1230 3380 1284 illum
3405 1232 3580 1301 ipsum
3616 1233 3714 1301 qui

2135 1321 2511 1393 depingendus
2539 1332 2639 1387 est,
2668 1325 2712 1377 si
2745 1324 2818 1377 ita
2856 1324 3041 1379 dicere
3081 1324 3259 1389 liceat,
3306 1324 3714 1393 quodammodo

2130 1412 2441 1482 replicabit,
2472 1423 2633 1482 atque
2682 1414 2971 1483 ipsammet
3016 1417 3300 1471 veritatem
3345 1416 3401 1469 in
3448 1417 3716 1470 similitu-

2133 1505 2277 1572 dine,
2328 1515 2384 1561 et
2428 1508 2782 1577 archetypum
2828 1508 2881 1561 in
2936 1508 3174 1577 imagine
3229 1508 3523 1578 exprimet,
3571 1509 3716 1564 alte-

2133 1613 2364 1669 rumque
2429 1600 2483 1653 in
2538 1600 2709 1655 altero
2756 1601 2893 1656 citra
2963 1600 3286 1655 substantia:
3339 1601 3713 1657 differentiam

2130 1691 2364 1758 referet;
2402 1692 2479 1747 sic
2522 1694 2774 1764 mysticis
2816 1694 2870 1747 in
2940 1704 3121 1748 mente
3162 1694 3465 1762 pictoribus
3510 1709 3716 1749 suave-

2134 1780 2333 1837 olentis
2358 1792 2411 1837 et
2441 1798 2655 1838 arcanae
2679 1784 3317 1853 pulchritudinisintenta
3344 1794 3715 1852 constansque

449 1872 814 1942 cognitionem
848 1873 1143 1941 contrahit,
1174 1882 1228 1928 et
1257 1888 1365 1928 uno
1412 1874 1616 1931 lumine
1666 1875 1869 1932 uniﬁco
1925 1877 2029 1932 im-
2059 1866 2101 1923 Β
2130 1872 2513 1942 contemplatio
2545 1874 2887 1930 infallibiiem
2931 1874 3081 1929 indet
3127 1875 3473 1945 maximeque
3499 1875 3711 1932 deifor-

449 1965 581 2037 plet.

520 2055 692 2111 Porro
736 2056 917 2113 lumen
956 2058 1057 2112 hoc
1097 2057 1355 2111 unificum
1387 2058 1688 2130 accipimus
1729 2073 1827 2130 per
1862 2059 2025 2117 Chri-

450 2156 593 2203 stum
619 2148 661 2214 ',
689 2150 781 2218 qui
814 2158 1037 2218 paterna
1070 2150 1165 2204 (ua:
1187 2160 1273 2205 est
1303 2167 1445 2218 vera,
1475 2167 1592 2221 quc:
1620 2151 1887 2206 illuminat
1911 2168 2027 2205 om-

447 2255 566 2295 nem
615 2240 878 2294 hominem
929 2243 1217 2296 venientem
1272 2244 1330 2297 in
1380 2242 1519 2297 hunc
1561 2244 1813 2297 mundum
1841 2243 1883 2307 ⁸,
1932 2257 2028 2312 per

449 2346 610 2401 quem
653 2332 719 2385 ad
751 2332 1015 2401 originem
1044 2333 1179 2389 lueis
1228 2335 1441 2389 Patrem
1473 2349 1751 2390 accessum
1790 2336 2029 2391 obtinui-

449 2437 595 2478 mus.
626 2420 728 2501 Hie
756 2432 840 2477 est
866 2424 957 2492 qui
986 2425 1184 2479 mentis
1213 2426 1429 2495 quidem
1474 2435 1675 2481 nostrae
1719 2426 2027 2481 obscurita»

450 2525 562 2572 tem
591 2518 611 2551 ⁷
641 2518 802 2573 beato
842 2520 1134 2587 divinoque
1175 2517 1379 2574 lumine
1417 2518 1665 2589 replevit,
1711 2518 2027 2574 deformita-

449 2618 672 2680 temque
709 2622 950 2667 nostram
1005 2612 1361 2668 deiformibus
1399 2615 1737 2670 ornamentis
1787 2615 2026 2670 illustra-

448 2697 551 2764 vit,
604 2700 774 2754 animi
818 2708 998 2756 autem
1044 2700 1375 2756 domicilium
1415 2717 1537 2759 cum
1571 2704 1811 2773 perfecta
1852 2704 2029 2760 salute

448 2792 701 2847 essentia:
749 2802 1069 2863 naturaeque
1108 2803 1349 2860 nostrae,
1402 2809 1522 2865 quae
1567 2797 1742 2851 ferme
1792 2798 2025 2867 collapsa

448 2890 571 2936 erat
616 2890 675 2937 et
712 2883 1049 2950 conciderat,
1092 2882 1408 2940 fmdissimis
1458 2886 1765 2956 quibusque
1813 2890 2025 2955 passio-

448 2973 613 3028 nibus
642 2980 808 3043 atque
853 2974 1286 3044 inquinamentis
1332 2977 1510 3031 noxiis
1554 2976 1827 3046 liberavit,
1872 2992 2025 3034 com-

448 3074 758 3121 monstrata
793 3066 948 3121 nobis
973 3067 1433 3136 supermundialis
1460 3082 1716 3139 anagoga:
1740 3083 1804 3124 ac
1832 3070 2026 3126 divinae

447 3158 576 3213 vitae
606 3173 820 3223 norma,
846 3173 946 3228 per
967 3172 1127 3228 quam
1160 3159 1227 3214 ad
1267 3173 1454 3214 sacras
1482 3157 1600 3228 ejus
1622 3159 2025 3227 similitudines,

449 3250 631 3319 quoad
684 3249 799 3319 ejus
843 3251 959 3306 fieri
1005 3259 1206 3319 potest,
1252 3252 1571 3306 evehamur.
1624 3251 1853 3308 Unicum
1880 3254 2025 3307 enim

445 3342 581 3398 illud
609 3340 634 3373 ⁸
658 3357 721 3397 ac
769 3341 997 3412 simplex
1043 3357 1413 3413 arcanumque
1457 3341 1587 3398 Jesu
1620 3344 1854 3399 Verbum
1887 3345 2028 3400 divi-

446 3432 731 3489 nissimum
775 3446 873 3503 per
908 3433 1337 3502 assumptionem
1385 3434 1742 3491 humanitatis
1788 3444 2023 3501 ηοειτεε,

445 3525 503 3577 in
529 3524 979 3593 compositionem
1012 3523 1177 3577 simul
1204 3534 1255 3579 et
1296 3533 1609 3594 aspectum,
1653 3527 1773 3582 sine
1803 3527 1908 3582 ulla
1938 3527 2024 3585 sui

446 3615 848 3681 immutatione,
880 3631 978 3685 pro
1018 3631 1115 3671 sua
1159 3617 1402 3673 bonitate
1423 3618 1862 3690 benignitateque
1892 3636 2023 3690 pro-

446 3708 653 3773 cessit,
707 3709 987 3777 nostrique
1038 3723 1224 3763 secum
1275 3711 1533 3766 unificam
1582 3714 2021 3770 communionem

444 3799 687 3854 benefice
710 3802 1065 3869 excogitavit,
1098 3816 1160 3855 ea
1193 3816 1312 3870 qua:
1343 3802 1395 3856 in
1424 3805 1579 3858 nobis
1612 3804 1839 3859 humilia
1874 3814 2020 3873 sunt,

446 3891 805 3945 divinissimis
834 3894 946 3945 suis
981 3892 1177 3947 uniens
1207 3894 1567 3961 excellentiis,
1596 3905 1732 3950 utet
1759 3912 1859 3952 nos
1889 3898 2019 3967 ipsi,

446 3994 706 4054 tanquam
748 3986 989 4039 membra
1035 3987 1276 4055 corpori,
1323 4002 1422 4056 per
1464 3987 1701 4057 ejusdem
1753 3991 2019 4047 immacu-

445 4076 569 4131 lata:
612 4091 677 4131 ac
714 4078 909 4131 divinae
957 4078 1081 4132 vitae
1126 4080 1465 4133 identitatem
1514 4095 1877 4149 congruamus
1904 4125 1919 4149 ,
1951 4099 2018 4139 ne

446 4169 892 4238 corruptibilibus
921 4170 1097 4223 necati
1148 4170 1524 4240 passionibus,
1558 4174 1755 4228 divinis
1789 4174 1905 4229 istis
1929 4190 2017 4229 sa-

444 4262 796 4333 nissimisque
827 4263 1084 4317 membris
1122 4263 1438 4334 incongrui,
1482 4265 1711 4334 vitaeque
1736 4267 2019 4336 ineapaces

445 4357 761 4411 existamus.

515 4447 742 4518 Oportet
769 4448 932 4517 igitur
960 4462 1081 4513 nos,
1108 4447 1154 4503 si
1177 4446 1243 4502 ad
1268 4449 1706 4503 communionem
1735 4438 1852 4517 ejus
1876 4451 2018 4520 aSpi-

2131 1978 2271 2018 mem
2305 1964 2764 2034 imaginationem.

2200 2052 2394 2111 Merito
2426 2056 2610 2125 itaque
2652 2057 2866 2129 mystici
2913 2058 3173 2127 pictores,
3209 2059 3427 2129 quando
3467 2066 3713 2116 mentem

2132 2160 2284 2200 suam
2315 2148 2383 2202 ad
2422 2147 2931 2218 superessentiaiem
2979 2149 3125 2204 illam
3168 2148 3501 2220 fragrantem
3544 2154 3719 2221 spiri-

2131 2239 2406 2308 taiemque
2460 2240 2921 2310 pulchritudinem
2994 2252 3312 2298 constanter
3369 2242 3711 2312 eil‘ormaut,

2132 2332 2334 2385 nullam
2360 2332 2618 2387 virtutem
2649 2348 2835 2387 earum
2864 2348 2983 2404 qua:
3006 2334 3073 2388 iis
3100 2334 3307 2400 insunt,
3338 2347 3528 2405 agunt,
3558 2347 3619 2390 ut
3642 2339 3714 2392 ab

2131 2424 2463 2492 hominibus,
2488 2424 2631 2479 sicut
2658 2425 2920 2493 scriptum
2944 2434 3051 2493 est,
3082 2426 3400 2492 videantur,
3432 2427 3526 2483 sed
3551 2430 3715 2496 quid-

2130 2512 2259 2581 quid
2304 2514 2357 2566 in
2411 2514 2614 2568 virtute
2651 2530 2866 2568 sacrum
2914 2528 2977 2569 ac
3027 2516 3270 2569 maxime
3308 2515 3569 2570 deiforme
3604 2527 3712 2584 est,

2131 2604 2274 2657 intra
2297 2613 2535 2660 mentem
2563 2620 2737 2671 suam,
2779 2619 2899 2674 qum
2928 2605 2993 2659 ad
3038 2604 3326 2675 imaginem
3372 2614 3426 2661 ct
3453 2606 3716 2661 similitu-

2130 2695 2311 2750 dinem
2355 2696 2450 2751 Dei
2499 2695 2643 2751 facta
2690 2707 2813 2759 est,
2862 2697 3224 2751 recondcntes
3278 2698 3343 2750 ad
3388 2699 3711 2765 prima'vam

2130 2787 2397 2843 duntaxat
2444 2788 2682 2858 speciem
2733 2796 2898 2860 atque
2938 2787 3353 2855 intelligentiam
3403 2790 3711 2844 intuentur.

2129 2878 2316 2949 Neque
2354 2880 2499 2935 enim
2538 2882 2711 2936 solum
2741 2879 3026 2937 dissimilia
3059 2880 3267 2950 vident,
3301 2880 3393 2939 sed
3420 2895 3489 2940 ne
3520 2881 3585 2939 ad
3618 2896 3715 2941 eo-

2131 2986 2251 3025 rum
2284 2971 2504 3041 quidem
2538 2983 2818 3042 aspectum
2851 2974 3262 3043 pertrahuntur.
3314 2975 3712 3042 Quamobrem,

2131 3060 2391 3117 sicuteos
2415 3062 2595 3128 decet,
2622 3078 2729 3118 non
2758 3080 2819 3117 ea
2873 3079 2994 3133 quae
3051 3074 3258 3121 temere
3300 3061 3578 3131 videntur,
3616 3070 3717 3124 sed

2131 3167 2251 3221 quae
2285 3168 2411 3208 vere
2433 3154 2577 3224 justa
2604 3164 2730 3210 sunt
2752 3170 2816 3209 ac
2840 3156 3004 3221 bona,
3031 3157 3264 3228 diligunt
3298 3175 3312 3211 :
3345 3174 3521 3228 neque
3547 3162 3713 3213 istam

2129 3252 2382 3315 spectant
2433 3247 2657 3317 gloriam
2712 3263 2831 3317 quze
2875 3248 2993 3303 sine
3035 3250 3246 3303 ratione
3307 3249 3468 3320 vulgo
3508 3251 3715 3319 paSsim

2128 3337 2288 3392 beata
2319 3340 2665 3407 prtedicatur,
2688 3340 2781 3393 sed
2814 3338 3113 3395 imitatione
3138 3340 3231 3395 Dei
3256 3341 3455 3395 bonum
3488 3342 3719 3395 malum-

2128 3444 2237 3500 que
2262 3445 2359 3499 per
2390 3445 2447 3485 se
2495 3429 2837 3500 iudicantes,
2882 3430 3065 3484 divina
3115 3434 3362 3501 qumdam
3410 3433 3713 3487 simulacra

2128 3516 2266 3573 ﬁunt
2295 3521 2455 3575 istius
2483 3519 2801 3592 fragrantia“.
2849 3520 3084 3586 divinae,
3134 3538 3255 3591 qua:
3301 3523 3503 3577 bonum
3551 3526 3605 3578 in
3653 3542 3717 3580 se

2125 3612 2345 3665 odorem
2374 3627 2501 3668 vere
2538 3613 2846 3679 continens,
2884 3614 2952 3667 ad
2980 3612 3111 3668 illud
3141 3616 3284 3683 quod
3312 3616 3475 3687 vulgo
3503 3619 3714 3687 passim

2125 3701 2467 3772 inaequaliter
2531 3712 2795 3773 apparet,
2870 3722 3150 3777 nunquam
3204 3711 3579 3774 convertitur,
3655 3711 3714 3765 in

2124 3796 2268 3851 veris
2294 3796 2407 3851 suis
2434 3797 2756 3863 imaginibus
2778 3800 3086 3868 exprimens
3112 3802 3416 3857 veritatem.

2196 3886 2333 3943 Hinc
2363 3887 2407 3918 ¹⁰
2439 3890 2484 3942 si
2521 3905 2672 3944 more
2712 3891 2950 3945 humano
2986 3907 3048 3946 ea
3096 3908 3213 3962 quae
3241 3909 3405 3962 supra
3437 3912 3538 3951 nos
3579 3907 3717 3953 sunt

2124 3980 2475 4049 accipiamus,
2501 3990 2557 4036 et
2584 3980 2945 4037 familiaribus
2971 3986 3126 4040 nobis
3159 3990 3407 4044 sensibus
3436 3991 3712 4045 inbzrreao

2124 4088 2266 4141 mus,
2296 4084 2457 4142 atque
2476 4075 2654 4129 divina
2676 4091 2798 4130 cum
2832 4080 3032 4133 nostris
3050 4080 3417 4146 conferamus,
3445 4080 3708 4148 fallimur,

2124 4164 2166 4219 si
2191 4165 2485 4219 secundum
2513 4165 2564 4219 id
2585 4167 2725 4234 quod
2746 4166 2948 4222 deforis
2968 4179 3213 4239 apparet,
3239 4172 3522 4242 mysticam
3549 4187 3712 4227 arca-

2123 4268 2357 4323 namque
2378 4255 2700 4325 theoIOgiam
2730 4258 3046 4320 metiamur;
3075 4275 3197 4313 cum
3220 4260 3364 4314 scire
3384 4262 3709 4330 debeamus,

2122 4352 2357 4398 mentem
2406 4347 2623 4414 quidem
2674 4356 2917 4400 nostram
2962 4348 3170 4416 pollere
3224 4350 3279 4403 vi
3324 4350 3708 4421 intelligendi,

2121 4450 2225 4504 qua
2251 4452 2338 4491 res
2375 4436 2715 4493 intellectiies
2742 4439 2842 4508 ipsi
2872 4442 3319 4509 proportionatas
3351 4452 3709 4511 contueatur,

445 4555 661 4608 remus,
690 4540 1085 4595 divinissimam
1120 4540 1240 4609 ejus
1283 4541 1337 4595 in
1376 4556 1538 4596 carne
1585 4542 1750 4595 vitam
1779 4554 2018 4599 eontem-
2049 4554 2094 4610 1)
2128 4538 2309 4584 [amen
2360 4530 2516 4583 ίδιθιῐι
2564 4529 2840 4596 unionem.
2888 4546 2993 4600 qua
3046 4532 3211 4587 Γευυε
3234 4548 3293 4587 se
3325 4535 3711 4602 superioribus

443 4633 604 4703 piari,
626 4640 788 4699 atque
823 4639 1067 4684 sanctam
1101 4631 1272 4699 ipsius
1295 4632 1707 4699 impeccantiam
1738 4633 2019 4702 imitando,

446 4724 511 4777 ad
538 4722 964 4778 deiformitatem
1003 4730 1058 4774 et
1106 4720 1511 4776 immaculatum
1555 4731 1756 4778 statum
1792 4736 2018 4779 conten-

446 4814 595 4867 dere.
625 4812 739 4866 ilac
783 4826 1016 4881 namque
1057 4812 1296 4878 ratione,
1344 4821 1506 4879 prout
1550 4814 1706 4869 nobis
1745 4817 2015 4885 congruit,

447 4907 853 4963 similitudinem
892 4921 1044 4959 suam
1067 4904 1516 4961 communicabit.

514 4998 776 5053 Caeterum
824 4997 1071 5068 mysticis
1110 4996 1374 5066 theologis
1403 4996 1703 5051 obvelanda
1746 5005 1832 5051 est
1860 5010 2013 5050 men-

447 5091 515 5144 tis
541 5088 802 5144 sanctitas
835 5096 998 5156 atque
1042 5085 1341 5157 fragrantia
1365 5087 1409 5151 ’,
1463 5102 1584 5140 cum
1625 5087 1883 5142 divinitus
1912 5090 2010 5144 viri

444 5180 617 5234 sancti
638 5178 950 5248 jubeantur,
977 5191 1087 5231 non
1118 5178 1185 5231 ad
1220 5192 1410 5231 vanam
1436 5177 1659 5247 gloriam
1688 5189 2012 5248 apparentes

443 5271 630 5327 arcani
670 5270 764 5323 Dei
792 5268 1047 5337 pulchras
1074 5283 1137 5322 ac
1180 5268 1487 5338 fragrantes
1519 5268 1721 5323 habere
1761 5268 2014 5324 similitu-

442 5365 618 5418 dines.
656 5359 934 5429 Siquidem
964 5373 1161 5413 arcana
1202 5360 1296 5414 Dei
1348 5358 1565 5421 decora,
1601 5376 1833 5429 quorum
1879 5375 2012 5413 sua-

439 5456 582 5508 vitas
605 5450 940 5507 intellectum
975 5459 1220 5518 superat,
1256 5464 1479 5517 prorsus
1507 5458 1633 5504 sunt
1663 5451 2009 5513 intemerata,

440 5546 677 5615 solisque
700 5543 830 5597 viris
854 5540 1189 5613 spiritalibus
1204 5540 1522 5610 spiritaliter
1550 5550 1837 5611 apparent,
1866 5540 2009 5609 quod

516 5734 538 5763 ⁸
569 5732 645 5786 De
671 5731 834 5800 divin.
865 5746 1004 5782 nom.
1038 5743 1087 5783 c.
1112 5727 1168 5792 4,
1192 5727 1289 5800 §6.
1366 5728 1387 5760 ⁸
1417 5725 2055 5800 ΕωΙηΙιῑειξΑοίιβηὶῂἳ.

2123 4620 2491 4690 conjungitur,
2516 4633 2770 4675 naturam
2800 4622 2968 4690 ipsius
2996 4622 3153 4691 longe
3185 4638 3469 4690 superare.
3496 4625 3710 4679 Secun-

2123 4713 2250 4766 dum
2285 4715 2426 4769 hanc
2455 4715 2638 4785 itaque
2667 4716 2919 4771 unionem
2951 4718 3134 4771 divina
3176 4717 3268 4771 illa
3305 4721 3537 4789 mystica
3576 4733 3711 4776 sunt

2125 4803 2497 4876 intelligenda,
2545 4822 2652 4862 non
2699 4822 2851 4877 more
2902 4818 3112 4872 nostro,
3146 4808 3242 4863 sed
3291 4820 3566 4878 quatenus
3605 4827 3710 4866 nos

2123 4896 2221 4963 ipsi
2272 4906 2413 4951 totos
2443 4913 2543 4953 nos
2580 4914 2608 4951 a
2643 4899 2800 4953 nobis
2852 4900 3095 4953 totaliter
3127 4901 3467 4966 abdicamus,
3518 4912 3573 4956 et
3605 4906 3707 4958 toti

2123 4994 2412 5047 transimus
2445 4993 2496 5046 in
2550 4993 2742 5057 Deum,
2784 5001 2843 5046 ut
2890 5008 3012 5048 cum
3044 4995 3307 5064 Apostolo
3361 5013 3490 5052 vere
3520 4999 3712 5055 dicere

2119 5083 2431 5151 possimus:
2476 5082 2601 5136 Vivo
2646 5098 2764 5151 ego,
2795 5083 2913 5153 jam
2934 5100 3034 5137 non
3061 5101 3179 5154 ego,
3224 5088 3344 5139 vivit
3383 5104 3502 5141 vero
3527 5088 3581 5142 in
3623 5104 3710 5143 me

2118 5172 2359 5227 Christus
2388 5173 2452 5227 “.
2497 5172 2627 5239 Quze
2658 5188 2759 5227 vox
2791 5184 2873 5227 εει
2900 5174 3011 5227 veri
3058 5177 3321 5231 amatoris
3367 5179 3460 5245 qui
3504 5193 3708 5233 excesw

2116 5276 2263 5320 serat
2291 5282 2320 5321 e
2350 5282 2408 5321 se
2448 5267 2577 5331 Deo,
2609 5276 2661 5321 et
2694 5282 2801 5319 non
2824 5266 2935 5335 jam
2971 5270 3140 5323 vitam
3168 5285 3344 5333 suam,
3378 5272 3473 5324 sed
3506 5272 3707 5335 amati,

2116 5368 2371 5427 tanquam
2431 5360 2782 5414 vehementer
2832 5360 3127 5429 dilectam,
3200 5362 3459 5416 viventis.
3511 5360 3709 5431 itaque

2113 5448 2269 5517 longe
2301 5459 2522 5517 prmstat
2558 5466 2654 5504 nos
2689 5451 2780 5505 Dei
2814 5467 2936 5507 esse
2966 5468 3127 5522 quam
3161 5464 3413 5518 nostros;
3442 5455 3523 5507 sie
3550 5455 3705 5507 enim

2113 5541 2294 5595 divina
2328 5542 2486 5597 nobis
2531 5543 2646 5598 dari
2681 5552 2956 5612 poterunt,
3010 5546 3057 5599 si
3112 5560 3236 5600 eum
3282 5545 3393 5599 Deo
3427 5544 3709 5603 fuerimus

3473 5720 3703 5789 'lbia.,

2133 5722 2500 5797 “haud,
2558 5725 2577 5755 ⁷
2614 5722 2945 5797 βεςΙῖΙιὶεν..
2989 5737 3110 5793 cap.
3138 5725 3193 5791 5,
3252 5723 3394 5797 5η.

441 5803 471 5875 ς
500 5802 581 5858 l2.
655 5804 675 5832 ”
695 5799 836 5854 Eccl.
860 5800 1014 5869 hicn,
1041 5814 1161 5869 cap.
1190 5793 1245 5865 λ,
1270 5809 1519 5869 partem,
1554 5796 1651 5867 §i.
1691 5795 1732 5827 ¹⁰
1749 5794 1825 5849 De
1840 5793 1989 5849 devii:
2013 5812 2179 5859 nom.,
2204 5811 2320 5863 cap.
2350 5794 2402 5861 7,
2429 5793 2456 5864 §
2485 5793 2530 5849 l.
2612 5793 2651 5823 ¹¹
2677 5793 2794 5848 Gal.
2827 5809 2885 5860 ll,
2916 5797 3005 5849 ‘20.
