3916 6234
229 267 335 323 105

1597 263 2128 322 PROLEGOMENA.

3378 257 3482 314 106

222 388 529 458 conjuncti.
581 387 735 444 llanc
779 399 961 444 autem
1009 389 1258 445 intimam
1288 387 1728 457 coniunctionem
1759 390 1803 422 "
1833 394 1880 451 Α
1909 388 2076 442 Deum
2131 399 2254 440 cum
2317 393 2502 437 amore
2555 378 2762 446 integre
2808 373 3111 440 convertit,
3183 374 3489 444 incompre-

223 483 568 551 acquirimns
602 497 701 552 per
729 483 908 537 vivam
934 482 1120 545 ﬁdem,
1138 497 1258 551 qua:
1279 492 1362 536 est
1393 490 1654 536 constans
1678 481 1808 536 ﬁde-

223 573 355 628 lium
385 574 816 639 ﬁrmamentum,
847 585 902 628 et
932 573 1124 628 fundat
1153 588 1252 627 nos
1279 574 1331 626 in
1365 573 1619 636 veritate,
1645 584 1809 643 atque

223 667 277 719 in
340 667 504 720 nobis
551 667 863 728 veritatem,
918 668 1043 720 dum
1091 665 1482 720 indissnasihili
1527 665 1810 720 identitate

223 757 532 824 simplicem
584 757 836 811 veritatis
881 757 1249 825 cognitionem
1284 758 1594 812 obtinemus
1628 772 1808 811 rerum

221 849 647 903 credendarum.
699 847 834 901 Nam
886 848 928 901 si
982 849 1222 917 cognitio
1272 864 1360 902 res
1406 849 1656 915 cognitas
1687 863 1807 903 cum

223 943 689 1010 cognoscentibus
717 944 862 1004 unit,
897 943 1166 1010 ignoratio
1188 957 1317 996 vero
1343 943 1614 1012 ignoranti
1643 958 1809 998 causa

221 1043 380 1086 estut
397 1047 616 1101 semper
633 1043 826 1099 mutet,
851 1044 1011 1097 atque
1029 1050 1057 1087 a
1077 1034 1368 1102 semetipso
1380 1035 1669 1104 discrepet,
1685 1051 1810 1090 eum

220 1127 308 1193 qui
334 1129 512 1181 credit
538 1129 590 1181 in
624 1128 1050 1197 veritate,juxta
1079 1130 1443 1198 Scripturam,
1474 1130 1605 1184 nihil
1630 1147 1657 1184 a
1683 1145 1810 1185 vero

224 1218 351 1272 ﬁdei
377 1218 740 1273 fundamento
764 1218 1077 1284 dimovebit,
1108 1221 1160 1273 in
1184 1235 1292 1288 quo
1321 1221 1682 1274 constantiam
1715 1223 1812 1274 ha-

221 1309 368 1362 hebit
383 1309 679 1364 immobilis
696 1321 748 1364 et
766 1309 1115 1364 immutabilis
1132 1311 1452 1366 identitatis.
1468 1311 1643 1366 Probe
1663 1329 1813 1366 nam-

219 1410 326 1463 que
343 1398 496 1450 nnvit
513 1399 765 1467 quisquis
791 1400 972 1453 unitus
990 1408 1071 1454 est
1087 1401 1327 1465 veritati,
1354 1417 1514 1470 quam
1534 1404 1669 1457 bene
1695 1419 1813 1459 sese

225 1488 448 1551 habeat.
482 1492 736 1558 quamvis
765 1506 888 1545 eum
931 1491 1084 1545 multi
1116 1501 1176 1546 ut
1223 1503 1499 1547 amentem
1554 1504 1809 1564 arguant.

219 1578 378 1634 Latet
405 1582 553 1635 enim
585 1581 726 1646 illos,
757 1584 834 1636 uti
888 1597 987 1651 par
1034 1595 1140 1646 est,
1185 1598 1311 1636 eum
1365 1597 1464 1652 per
1511 1600 1654 1638 verte
1688 1585 1810 1638 ﬁdei

219 1674 510 1729 veritatem
572 1689 638 1728 ex
691 1690 878 1729 errore
913 1675 1407 1744 excessissezipse
1453 1686 1634 1730 autem
1685 1690 1812 1732 vere

1910 477 2163 534 hensibili
2195 476 2315 530 luce
2344 475 2394 527 in
2425 471 2647 526 fundum
2680 467 2801 536 ejus
2835 464 3145 536 eﬂulgente,
3176 467 3405 522 rationis
3431 477 3487 522 et

1911 569 2220 623 intellectus
2269 563 2459 620 oculus
2502 560 2883 615 reverberatns
2939 557 3137 627 ealigat
3185 574 3200 612 :
3257 560 3488 628 simplex.

1909 675 2038 714 vero
2070 660 2236 728 ipsius
2279 658 2474 710 animae
2520 653 2726 707 oculus.
2766 666 2957 720 nempe
2989 665 3145 720 pura,
3171 651 3336 714 nuda,
3366 652 3490 706 uni-

1913 751 2127 814 formis,
2158 761 2213 806 et
2241 765 2404 818 supra
2438 747 2780 803 intellecutm
2819 744 3030 800 elevata
3057 746 3338 814 cogitatio,
3372 761 3489 799 ma—

1912 853 2004 898 net
2033 851 2273 912 apertus.

1983 936 2156 990 Porro
2194 934 2424 989 naturali
2477 933 2678 988 lumine
2709 932 3014 987 intellectus
3053 947 3082 986 a
3125 941 3273 986 tanta
3319 932 3489 987 clari-

1915 1037 2024 1082 tate
2051 1028 2359 1089 ohl'uscato,
2389 1025 2571 1079 anima
2613 1027 2746 1078 nihil
2783 1026 2833 1078 in
2868 1033 3110 1092 tempore
3141 1025 3359 1094 aspicit,
3390 1027 3484 1078 sed

1914 1136 2078 1188 supra
2120 1130 2334 1186 tempus
2376 1127 2428 1172 et
2469 1119 2646 1172 locum
2688 1127 2897 1181 erecta,
2929 1119 3225 1187 quamdam
3263 1119 3488 1172 mterni-

1911 1217 2038 1269 tatis
2078 1215 2466 1285 proprietatem
2514 1214 2762 1268 assumit.
2814 1213 2945 1266 Nam
3007 1214 3270 1283 imagines
3291 1224 3346 1269 et
3378 1216 3492 1271 dis-

1917 1307 2232 1361 tinctionem
2294 1306 2899 1373 considerationemque
2950 1321 3132 1360 rerum
3197 1308 3488 1370 amittens.

1909 1399 2020 1468 jam
2071 1399 2449 1467 experimento
2495 1398 2674 1462 discit,
2705 1399 2873 1451 Deum
2916 1399 3072 1464 longe
3103 1403 3492 1458 transcendere

1914 1505 2105 1545 omnes
2153 1490 2487 1559 corporales,
2535 1491 2846 1558 spirituales
2895 1502 3060 1562 atque
3096 1494 3308 1550 divlnas
3355 1496 3490 1550 ima-

1916 1583 2088 1651 gines,
2124 1590 2180 1636 et
2215 1581 2479 1650 quidquid
2526 1583 2801 1636 intellectu
2830 1586 3191 1652 apprehendi,
3223 1589 3487 1657 quidquid

1915 1674 1982 1728 de
2012 1673 2119 1726 Deo
2164 1673 2270 1727 dici
2315 1673 2574 1739 scribive,
2617 1675 2876 1743 quidquid
2914 1677 3150 1730 nominis
3195 1679 3242 1732 ei
3286 1680 3485 1746 imponi

218 1765 369 1818 novit
397 1779 463 1818 se
493 1780 622 1828 non,
675 1775 734 1818 ut
783 1765 856 1819 illi
913 1765 1246 1832 fabulantur,
1303 1767 1568 1834 insanire,
1600 1768 1694 1821 sed
1743 1768 1811 1820 ab
1843 1747 1885 1802 Β
1916 1775 2122 1833 potest,
2149 1765 2296 1818 clare
2322 1761 2579 1834 perspicit
2605 1765 2727 1819 talia
2754 1767 2934 1820 omnia
2971 1784 2998 1820 a
3035 1770 3264 1823 veritate
3292 1771 3490 1825 divinae

218 1855 464 1909 instabili
511 1856 872 1924 mutabilique
923 1859 1236 1912 omnimode
1263 1859 1498 1912 errantis
1529 1859 1809 1913 varietatis

219 1945 501 2010 motione,
562 1961 660 2014 per
710 1944 1012 2014 simplicem
1060 1947 1204 2000 circa
1253 1949 1444 2002 eadem
1502 1964 1718 2018 semper
1757 1957 1811 2003 et

215 2037 406 2090 eodem
442 2040 604 2091 modo
629 2053 688 2092 se
721 2038 1004 2092 habentem
1040 2040 1322 2093 veritatem
1349 2055 1470 2094 esse
1497 2041 1806 2096 liberatum.

217 2127 329 2181 lloc
358 2128 525 2184 modo
557 2129 720 2198 primi
750 2129 950 2184 divina:
983 2132 1266 2201 sapientia:
1305 2143 1505 2186 nostrae
1534 2134 1810 2200 professo-

217 2235 303 2273 res
330 2235 434 2288 pro
469 2221 702 2274 veritate
730 2223 971 2290 quotidie
997 2224 1390 2288 moriebantur,
1429 2226 1804 2288 testiﬁcantes,

218 2313 295 2365 uti
321 2329 425 2381 par
456 2323 564 2376 est,
601 2323 655 2367 et
681 2329 933 2369 sermone
965 2324 1020 2369 et
1066 2330 1252 2384 opere,
1298 2317 1632 2385 singularem
1661 2317 1807 2371 illam

219 2401 552 2457 Christianae
599 2405 846 2475 veritatis
876 2405 1236 2475 agnitionem,
1263 2407 1508 2460 omnium
1537 2421 1656 2462 esse
1685 2415 1806 2462 eum

219 2494 721 2564 simplicissimam,
758 2505 869 2549 tum
903 2496 1326 2564 divinissimam;
1383 2498 1492 2551 imo
1539 2499 1720 2568 potius
1764 2497 1809 2529 ¹³

219 2585 364 2640 banc
419 2587 596 2639 solam
662 2602 782 2642 esse
837 2603 1022 2641 veram
1076 2597 1240 2656 atque
1284 2589 1503 2643 unicam
1547 2589 1809 2659 simplicis

219 2678 314 2729 Dei
353 2679 630 2732 notitiam.
655 2677 753 2734 Est
780 2679 922 2734 enim
951 2679 1285 2735 divinissima
1320 2681 1411 2736 Dei
1462 2683 1650 2736 notitia
1691 2697 1810 2751 quae

220 2782 319 2839 per
373 2769 738 2825 uescientiam
788 2771 1086 2842 accipitur,
1149 2775 1446 2828 secundum
1492 2772 1661 2838 illam,
1692 2788 1810 2844 quae

219 2877 388 2931 supra
438 2863 772 2918 intellectum
809 2873 926 2929 est,
969 2865 1245 2931 unionem,
1281 2866 1499 2935 quando
1548 2867 1808 2920 nimirum

218 2970 381 3007 mens
419 2971 449 3007 a
485 2957 646 3008 rebus
693 2957 950 3010 omnibus
991 2959 1273 3021 recedens,
1321 2973 1386 3012 ac
1414 2966 1577 3011 totam
1610 2966 1811 3012 semet-

219 3050 396 3117 ipsam
450 3049 732 3113 deserens,
779 3049 1013 3118 desuper
1052 3048 1376 3120 fulgentibus
1406 3051 1572 3106 radiis
1600 3052 1803 3115 unitur,

218 3148 423 3214 quibus
453 3147 504 3200 in
559 3147 651 3201 illo
683 3145 1024 3200 inscrutabili
1060 3147 1344 3216 sapientiae
1397 3146 1665 3217 profundo
1695 3147 1808 3202 col-

218 3235 510 3292 lustratur.

803 3375 1027 3433 CAPUT
1071 3376 1182 3432 VII.

223 3514 504 3578 Quomodo
545 3513 806 3567 mirabilis
831 3513 941 3587 illa
987 3518 1222 3585 mystica:
1263 3516 1537 3587 theologia:
1591 3516 1716 3570 unio
1754 3518 1808 3571 in

749 3586 927 3638 anima
959 3587 1266 3655 perﬁciatur
1279 3626 1295 3646 .

295 3695 739 3751 Sublimissimus
770 3713 953 3752 rerum
990 3700 1346 3770 niysticarum
1374 3699 1670 3768 interpres,
1701 3698 1809 3753 Lu-

222 3787 450 3840 dovicus
511 3784 769 3849 Blosius,
835 3787 887 3839 in
939 3785 1279 3841 Institutione
1335 3802 1432 3843 sua
1497 3789 1804 3856 spirituali,

219 3893 342 3947 cap.
383 3879 486 3940 I2,
523 3876 553 3948 ς
602 3878 656 3941 2,
692 3879 876 3932 divina
926 3895 1155 3948 prorsus
1198 3880 1410 3935 ratione
1453 3881 1614 3946 hanc,
1646 3897 1804 3949 quam

219 3978 482 4036 expertus
519 3969 724 4035 fuerat,
773 3971 1017 4040 mystica:
1076 3971 1362 4041 theologia:
1409 3973 1663 4026 unionem
1713 3975 1807 4028 de-

219 4062 494 4128 scribens,
525 4060 699 4125 Felix,
751 4060 949 4128 inquit,
1006 4062 1096 4114 illa
1158 4063 1362 4128 anima,
1417 4080 1537 4133 quae
1582 4065 1803 4134 puritati

221 4155 426 4217 cordis,
469 4160 782 4221 sanctaque
827 4153 1215 4206 introversioui
1259 4155 1462 4222 jugiter
1505 4154 1708 4218 studet,
1751 4163 1808 4209 et

219 4245 433 4314 privato
459 4245 656 4307 amori,
689 4259 784 4297 seu
834 4245 1063 4312 propr-im
1110 4246 1411 4311 voluntati,
1463 4250 1805 4316 propriaeque

219 4337 532 4406 (μιξεδίιὶρηί
581 4351 809 4405 prorsus
851 4337 1151 4389 renuntiat.
1196 4336 1321 4390 Ilmc
1364 4340 1511 4391 enim
1544 4339 1716 4408 magis
1742 4353 1805 4393 ac

218 4430 396 4497 magis
428 4427 540 4480 Deo
571 4427 1010 4496 appropinquare
1059 4435 1324 4481 meretur.
1378 4427 1618 4483 Tandem
1677 4443 1804 4483 vero

217 4518 595 4590 superioribus
628 4515 746 4584 ejus
791 4518 1001 4571 viribus
1040 4517 1222 4571 divina
1269 4519 1443 4588 gratia
1483 4521 1798 4584 sublevatis,
1834 4500 1878 4555 D

216 4612 535 4669 clariﬁcatis
561 4620 615 4663 et
639 4609 936 4671 exornatis,
958 4609 1222 4662 unitatem
1251 4609 1656 4679 nuditatemque
1687 4613 1800 4680 spi-

215 4708 353 4758 ritus
389 4704 622 4764 obtinet,
664 4710 719 4754 et
749 4717 942 4771 purum
974 4713 1137 4772 atque
1183 4702 1510 4770 indepictum
1539 4717 1802 4768 amorem,

213 4797 633 4865 simplicemque
663 4796 1049 4862 cogitationem
1075 4834 1089 4858 ,
1137 4807 1257 4863 qua:
1287 4794 1677 4864 cogitationum
1706 4809 1804 4849 ex-

214 4903 338 4957 pers
367 4896 476 4953 est,
531 4886 871 4955 adipiscitur.
924 4885 1042 4939 Jam
1090 4886 1275 4955 itaque
1325 4901 1447 4940 cum
1488 4885 1805 4941 excellentis

215 4980 621 5047 indicibilisque
643 4978 833 5047 gratia:
867 4978 960 5032 Dei
994 4979 1061 5032 sit
1095 4993 1306 5048 capax,
1337 4977 1404 5031 ad
1439 4977 1619 5031 vivum
1655 4976 1801 5031 illum

213 5073 422 5127 fontem
450 5071 546 5140 qui
577 5069 644 5124 ab
672 5079 874 5126 aeterno
907 5078 1112 5133 manat,
1141 5085 1208 5123 ac
1237 5079 1552 5123 sanctorum
1596 5079 1805 5124 mentes

215 5166 350 5218 satis
376 5176 652 5231 superque
681 5160 879 5225 reﬁcit,
909 5163 1240 5232 perducitur.
1272 5161 1391 5216 Jam
1423 5162 1562 5215 vires
1586 5161 1705 5230 ejus
1735 5163 1801 5216 ad

215 5257 389 5309 instar
444 5253 724 5308 stellarum
766 5254 968 5318 lucent,
1006 5263 1060 5308 et
1110 5253 1224 5323 ipsa
1264 5256 1321 5308 lit
1345 5254 1537 5308 idonea
1560 5253 1626 5307 ad
1666 5267 1799 5307 con-

217 5346 590 5415 temwandum
639 5341 953 5401 Divinitatis
984 5347 1272 5416 abyssum,
1326 5361 1541 5413 sereno,
1572 5345 1802 5414 simplici

219 5449 274 5494 et
292 5438 542 5509 jucundo
565 5437 787 5503 intuitu,
814 5437 1020 5507 absque
1050 5437 1458 5506 imaginatione,
1482 5445 1538 5491 et
1563 5436 1681 5491 sine
1707 5435 1804 5488 ali-

219 5549 321 5603 qua
355 5528 672 5587 intellectus
723 5531 1075 5588 admistione.
1119 5531 1272 5586 Unde
1314 5529 1533 5600 quando
1575 5543 1696 5585 sese
1734 5529 1800 5582 ad

291 5714 334 5748 ¹¹
389 5711 463 5768 De
478 5713 644 5766 divin.
667 5723 902 5778 nom.,c,
939 5714 988 5775 7,
1015 5710 1042 5781 §
1069 5707 1122 5762 4.

545 5809 810 5868 Ρηιιοι..
858 5808 974 5867 Gn.
1012 5803 1120 5862 111.

1201 5709 1244 5740 ιι
1286 5707 1446 5775 lbid.,
1481 5706 1510 5778 ς
1547 5707 1602 5764 5.

1913 1855 2163 1908 eSsentiaa
2192 1855 2243 1908 in
2275 1855 2544 1908 inﬁnitum
2577 1857 2804 1922 distare,
2831 1857 2899 1909 ob
2933 1858 3092 1925 idque
3119 1861 3364 1914 eamdem
3397 1874 3489 1914 es-

1912 1947 2145 2000 sentiam
2195 1946 2636 2000 innontinabiletn
2684 1963 2824 2001 esse.
2871 1947 3083 2011 Ignorat
3129 1959 3308 2003 tamen
3359 1953 3487 2020 quid

1913 2040 1987 2092 sit
2031 2039 2194 2104 Deus,
2247 2053 2407 2106 quem
2457 2041 2645 2094 sentit.
2693 2037 2831 2094 Hinc
2878 2043 3300 2110 prmcognitione
3342 2044 3484 2098 facta

1911 2130 2028 2183 sine
2058 2130 2389 2199 cognitione,
2423 2129 2474 2182 in
2518 2129 2636 2184 solo
2680 2131 2925 2195 amabili,
2973 2133 3138 2197 nudo,
3169 2134 3402 2203 simplici
3433 2146 3489 2189 et

1912 2222 2098 2290 ignoto
2127 2223 2238 2276 Deo
2267 2220 2524 2292 quiescit.
2558 2221 2672 2276 Lux
2706 2225 2906 2294 quippe
2934 2226 3114 2280 divina
3152 2238 3374 2297 propter
3399 2231 3485 2284 ni-

1909 2317 2072 2369 miam
2104 2316 2186 2369 sui
2211 2315 2514 2370 claritatem
2535 2317 2932 2374 inaccessibilis
2959 2328 3040 2374 est
3075 2337 3088 2373 :
3119 2323 3260 2377 unde
3291 2332 3348 2377 et
3393 2340 3487 2376 ca-

1910 2407 2012 2476 ligo
2046 2407 2365 2476 appellatur.
2400 2407 2636 2478 Suscipit
2662 2411 2750 2464 hic
2786 2411 2963 2464 anima
2991 2413 3212 2466 verbum
3252 2415 3488 2470 abscon-

1909 2496 2103 2560 ditum,
2151 2500 2295 2568 quod
2347 2499 2488 2553 Deus
2543 2500 2593 2553 in
2647 2500 2860 2555 interno
2911 2502 3126 2559 silentio
3173 2512 3227 2558 et
3279 2519 3490 2564 secreto

1911 2590 2112 2644 mentis
2151 2605 2368 2644 recessu
2405 2593 2663 2660 loquitur.
2696 2593 2807 2647 Hoc
2850 2596 3099 2662 su~cipit,
3132 2608 3294 2667 atque
3325 2601 3489 2655 unio-

1908 2683 1994 2737 nis
2050 2684 2294 2753 mystica:
2347 2684 2686 2752 complexum
2748 2686 2980 2741 feliciter
3036 2695 3329 2758 experitur.
3384 2693 3487 2750 Ubi

1909 2774 2053 2830 enim
2087 2774 2426 2829 intellectum
2460 2793 2756 2846 omnesque
2804 2778 3071 2851 imagines
3104 2798 3202 2851 per
3248 2798 3484 2842 amorem

1910 2869 2180 2932 excessit,
2228 2877 2280 2920 et
2336 2882 2495 2936 supra
2546 2869 2893 2935 semetipsatn
2952 2882 3139 2926 evecta
3187 2881 3306 2937 est,
3345 2876 3488 2944 quod

1912 2957 2060 3011 solas
2086 2958 2223 3011 Deus
2251 2959 2298 3011 ei
2324 2969 2581 3027 praestare
2611 2969 2812 3028 potest,
2834 2961 2944 3029 jam
2966 2977 2994 3014 a
3020 2978 3077 3017 se
3103 2963 3341 3020 deﬂuens
3363 2983 3490 3036 pro-

1911 3049 2030 3102 ﬂuit
2053 3049 2105 3101 in
2140 3050 2304 3102 Deum
2340 3067 2354 3102 :
2386 3059 2619 3117 tuncque
2649 3050 2790 3104 Deus
2820 3067 2921 3120 pax
2951 3062 3004 3107 et
3036 3054 3219 3109 l'ruitio
3246 3061 3359 3124 ejus
3381 3069 3484 3113 est.

1910 3140 2002 3194 Illa
2038 3155 2168 3210 ergo
2204 3142 2254 3193 in
2287 3142 2376 3194 tali
2404 3142 2598 3196 mentis
2625 3156 2854 3197 excessu
2884 3146 3084 3212 posita,
3105 3147 3230 3216 jure
3262 3160 3483 3206 canta::

1910 3231 1977 3285 In
2014 3249 2140 3301 pace
2181 3234 2236 3285 in
2278 3233 2505 3302 idipsum
2557 3232 2819 3287 dormiam
2859 3245 2908 3288 et
2949 3239 3266 3306 requiescam
3295 3243 3357 3298 “.
3386 3243 3487 3299 De-

1910 3323 2046 3389 ﬂuit,
2095 3326 2336 3395 inquam,
2381 3339 2571 3379 amans
2617 3328 2822 3391 anima,
2855 3326 3151 3399 deﬁcitque
3195 3347 3223 3385 a
3253 3349 3310 3389 se
3345 3335 3484 3403 ipsa,

1909 3426 1967 3470 et
2017 3416 2166 3469 velut
2219 3416 2286 3468 ad
2328 3415 2556 3469 nihilum
2606 3416 2846 3478 redacta,
2904 3420 2956 3472 in
2999 3422 3252 3492 abyssum
3295 3431 3483 3483 teterni

1909 3509 2112 3562 amoris
2149 3508 2435 3562 collabitur
2476 3529 2488 3562 :
2530 3508 2618 3562 ubi
2661 3510 2763 3563 sibi
2809 3520 3041 3579 mortua,
3080 3516 3212 3570 vivit
3255 3518 3307 3572 in
3356 3522 3483 3586 Deo,

1909 3601 2041 3654 nihil
2083 3600 2283 3664 sciens,
2325 3601 2460 3654 nihil
2507 3600 2750 3656 sentiens
2801 3612 2998 3670 pra’ter
3044 3623 3285 3663 amorem
3323 3627 3484 3680 quem

1909 3699 2106 3760 gustat.
2147 3691 2330 3746 Perdit
2361 3692 2506 3747 enim
2539 3706 2597 3746 se
2637 3693 2688 3745 in
2721 3693 3026 3748 vastissima
3060 3697 3369 3757 Divinitatis
3398 3719 3484 3759 so—

1908 3782 2136 3837 litudine
2161 3792 2324 3851 atque
2353 3783 2587 3854 caligine
2619 3803 2631 3838 :
2678 3785 2773 3839 sed
2819 3786 2897 3841 sic
2936 3802 2998 3843 se
3028 3791 3272 3858 perdere,
3305 3796 3486 3863 potius

1907 3889 1966 3928 se
2017 3875 2262 3929 invenire
2305 3883 2409 3930 est.
2457 3877 2536 3931 lbi
2586 3891 2718 3932 sane
2759 3881 3019 3950 quidquid
3064 3893 3148 3937 est
3185 3886 3482 3942 humanum

1907 3979 2137 4030 exuens,
2170 3977 2225 4020 et
2250 3967 2398 4035 quod
2429 3976 2513 4022 est
2545 3967 2788 4023 divinum
2843 3971 3097 4036 induens,
3131 3977 3484 4033 transforma-

1877 4067 1999 4138 'tur
2025 4068 2528 4130 transmutaturque
2555 4061 2608 4116 in
2636 4061 2804 4116 Deum
2834 4080 2847 4116 :
2880 4064 3022 4120 sicut
3051 4066 3250 4123 ferrum
3283 4071 3333 4123 in
3361 4072 3485 4141 igne

1907 4149 2143 4220 positum
2186 4149 2418 4204 formam
2464 4151 2603 4220 ignis
2651 4152 2868 4220 accipit,
2900 4159 2955 4207 et
2995 4163 3386 4211 transmutatur
3428 4160 3483 4214 in

1909 4241 2109 4311 ignem.
2144 4239 2327 4295 Manet
2367 4250 2546 4296 tamen
2585 4243 2822 4298 essentia
2855 4245 3046 4299 anima:
3088 4247 3168 4301 sic
3197 4247 3481 4315 deiﬁcatae,

1905 4333 2360 4402 quemadmodum
2385 4335 2592 4388 ferrum
2618 4333 2843 4404 ignitum
2876 4350 2983 4390 non
3015 4336 3210 4392 desinit
3234 4353 3352 4393 esse
3377 4340 3485 4395 t‘er—

1907 4439 2049 4478 rum.

1978 4516 2146 4587 Igitur
2197 4518 2312 4587 ipsa
2360 4517 2563 4584 anima,
2609 4533 2731 4588 qua:
2771 4519 2922 4587 prius
2961 4527 3080 4573 erat
3123 4520 3344 4590 frigida,
3372 4523 3485 4592 jam

1911 4611 2065 4663 ardet
2098 4631 2108 4663 :
2140 4625 2260 4678 qua:
2291 4611 2443 4680 prius
2480 4619 2600 4664 erat
2639 4611 2946 4675 tenebrosa,
2988 4611 3098 4680 jam
3137 4613 3317 4683 lucet;
3369 4634 3489 4687 quae

1911 4700 2061 4769 prius
2090 4709 2208 4754 erat
2234 4701 2388 4765 dura,
2411 4702 2524 4768 jam
2556 4699 2736 4754 mollis
2773 4708 2874 4756 est.
2906 4700 3070 4757 Plane
3100 4711 3211 4759 tota
3248 4707 3491 4762 deicolor

1913 4805 2018 4859 est,
2055 4795 2182 4863 quia
2223 4796 2460 4848 essentia
2510 4795 2628 4863 ejus
2667 4796 2900 4851 essentia
2947 4796 3038 4850 Dei
3103 4799 3320 4866 perfusa
3383 4810 3485 4854 cst.

1915 4883 2051 4939 Tota
2080 4885 2246 4939 divini
2277 4887 2482 4940 amoris
2515 4887 2635 4957 igne
2662 4898 3030 4948 concremata,
3061 4899 3286 4958 totaque
3312 4890 3488 4960 lique-

1909 4976 2054 5032 facta
2111 4979 2331 5032 transiit
2376 4979 2430 5032 in
2476 4979 2668 5044 Deum,
2718 4990 2773 5034 et
2819 4982 2867 5036 ei
2923 4981 3042 5036 sine
3083 4984 3262 5037 medio
3310 4985 3480 5046 unita,

1911 5085 2157 5139 unusque
2206 5073 2430 5139 spiritus
2463 5088 2584 5126 cum
2629 5088 2694 5127 eo
2721 5072 2913 5127 effecta
2959 5083 3040 5126 est
3077 5091 3090 5126 :
3120 5074 3262 5129 sicut
3292 5090 3480 5128 aurum

1908 5171 1964 5214 et
1994 5176 2069 5215 tes
2096 5161 2148 5215 in
2178 5175 2341 5215 unam
2368 5162 2567 5215 metalli
2601 5178 2835 5218 massam
2865 5163 3187 5216 conﬂantur.
3218 5165 3481 5217 (Steterunt

1911 5251 2124 5306 illorum
2155 5254 2245 5322 qui
2282 5254 2332 5306 in
2371 5253 2538 5307 Deum
2572 5253 2646 5306 ita
2677 5253 2948 5309 excedunt
2975 5261 3028 5307 ct
3060 5255 3363 5322 rapiuntur,
3394 5255 3482 5308 di-

1911 5345 2050 5398 versi
2082 5344 2282 5412 gradus
2306 5353 2432 5398 sunt
2475 5364 2486 5399 :
2519 5361 2640 5398 nam
2670 5359 2736 5399 eo
2765 5347 2996 5415 quisque
3039 5345 3359 5416 profundius
3391 5354 3478 5397 at-

1908 5450 2014 5503 que
2039 5435 2327 5491 sublimius
2361 5437 2413 5490 in
2448 5437 2622 5507 ipsum
2651 5436 2820 5493 Deum
2854 5439 3131 5508 pertingit,
3170 5453 3275 5506 quo
3299 5435 3482 5490 eIIica—

1911 5526 2029 5582 cius
2078 5527 2471 5600 ardentiusque
2519 5543 2617 5584 seu
2661 5530 2966 5586 amorosius
2999 5545 3058 5586 se
3096 5531 3162 5583 ad
3196 5541 3319 5582 eum
3347 5542 3478 5584 con-

1683 5707 1725 5740 “
1753 5701 1895 5760 Psal.
1930 5720 2001 5769 Iv,
2032 5705 2086 5759 9.
