3916 6234
235 377 341 431 109

1597 361 2132 420 PBOLEGOMENA.

3374 363 3477 420 ΗΟ

225 491 552 563 ψαλμῳδίας
566 489 798 555 ἔντονον,
815 489 903 543 ἑτέ
910 506 1002 560 ρου
1015 489 1078 540 τὸ
1095 486 1231 559 πρὸς
1248 485 1493 545 ἃπαντας
1508 480 1803 553 συμπαθὲς.

1916 479 2300 544 intentionem,
2333 476 2562 534 alterius
2611 491 2743 548 erga
2794 490 2985 531 omnes
3014 479 3476 549 compassionem,

224 587 389 642 ἄλλου
411 584 505 639 τὸν
531 583 713 661 ζῆλον,
734 583 797 636 τὺ
813 584 984 654 πρᾶον
998 580 1178 643 ἄλλου,
1196 578 1289 631 καὶ
1311 575 1471 631 ἀλλου
1486 574 1613 629 ἀλλο
1631 591 1685 626 τι
1702 573 1811 627 τῶν

224 679 475 750 ἀγαθῶν,
507 680 586 742 ὡς
619 678 678 744 ὲξ
714 675 1023 749 ἀρχετύπου
1054 673 1425 744 κτησάμενος,
1451 669 1509 723 ἓν
1535 667 1594 735 ἐξ
1633 668 1809 723 ἀπάν-

222 789 336 827 των
356 769 501 834 εἶδος
520 770 728 833 εἰκόνος
747 771 803 822 ὲν
826 766 1037 838 σεαυτῷ
1060 766 1122 819 τὸ
1148 764 1433 819 κάλλιπον
1451 758 1803 832 ἀκριϐώσαια

224 839 339 920 Καί
364 881 431 932 γε
464 860 709 915 ποικίλον
752 855 848 913 καὶ
897 857 1041 928 μέγα
1085 856 1293 927 χρῆμα,
1334 852 1430 906 καὶ
1476 854 1592 913 τοῖς
1619 849 1811 923 πόρρω

225 954 459 1026 φανείης
492 955 588 1008 καὶ
617 956 731 1016 τοῖς
752 949 938 1020 ἐγγύς.
976 946 1200 1018 Τοῦτοή
1234 944 1490 1026 διηνεκὴς
1525 960 1608 996 σοι
1652 943 1812 1013 μέρι-

227 1064 359 1118 μνα,
396 1047 560 1100 τοῦτο
586 1044 646 1097 τὺ
676 1044 908 1114 ἔμμονον
932 1034 1268 1110 σπούδασμα,
1292 1024 1463 1115 ταῦτα
1490 1035 1598 1087 τῶν
1624 1050 1810 1106 κρειτ-

221 1140 403 1193 τόνων
429 1136 759 1207 ἐπιθυμιῶν,
787 1130 875 1197 αἶς
908 1135 1108 1207 ἐντήκῃ
1144 1133 1266 1185 ὅσαι
1293 1128 1499 1201 ἡμέραι
1540 1124 1718 1197 ζητῶν
1750 1124 1809 1176 ὲν

225 1227 594 1300 πνεύματιτά
628 1226 723 1280 τοῦ
755 1225 1079 1297 πνεύματος.
1128 1220 1343 1301 Τούτων
1382 1217 1478 1289 μία
1502 1232 1606 1279 τις,
1636 1214 1808 1301 οὺχηίή

223 1327 486 1397 τυχοῦσα,
511 1326 606 1379 καὶ
628 1328 661 1395 ἡ
690 1324 884 1395 μελέτη
916 1322 1022 1374 τῶν
1046 1316 1411 1399 θεοπνεύστων
1440 1310 1692 1386 Γραφῶν,
1722 1300 1811 1369 αἷς

222 1411 348 1473 καθ’
378 1419 621 1489 ἑκάστην
644 1416 946 1487 προσέχων,
963 1414 1057 1466 καὶ
1082 1405 1520 1483 μεγαλεπιὸόλως
1535 1398 1812 1489 ἀναπτύσ-

225 1528 337 1587 σων
366 1511 481 1563 τῶν
505 1508 814 1579 λεγομένων
832 1493 934 1587 ιτδν
966 1502 1109 1567 νοῦν,
1148 1502 1243 1587 καὶ
1269 1500 1488 1569 γνῶσιν,
1523 1495 1615 1549 καὶ
1656 1488 1808 1564 ἦθος,

223 1583 319 1657 καὶ
346 1605 459 1656 πᾶν
492 1586 634 1664 εἶδος
666 1583 956 1673 ἀπομάττῃ
987 1586 1340 1655 παιδεύᾶεως.

1914 573 2055 627 alius
2078 571 2279 633 zelum,
2314 570 2544 625 alterius
2569 569 3058 633 mansuetudinem,
3085 578 3141 624 et
3169 569 3309 626 alius
3336 572 3479 625 aliud

1916 663 2196 735 quidpiam
2233 663 2534 727 bonorum,
2584 670 2841 730 tanquam
2871 676 2938 716 ex
2972 661 3267 730 archetypo
3310 663 3482 725 possi-

1917 756 2074 819 dens,
2098 769 2263 808 unam
2292 767 2359 807 ex
2383 753 2640 807 omnibus
2670 751 2899 805 formam
2930 749 3180 820 imaginis
3206 750 3259 805 in
3287 758 3483 806 temet-

1914 847 2033 916 ipso
2062 845 2484 917 pulcherrimam
2530 843 2814 913 exprimis.
2851 844 3013 897 Certe
3040 841 3249 896 varium
3278 850 3334 897 et
3362 857 3483 896 ma-

1915 951 2079 1007 gnum
2104 936 2232 1005 quid
2264 949 2518 1004 appares,
2552 945 2659 988 tam
2707 933 2775 988 iis
2815 932 2906 1003 qui
2945 932 3159 1003 procul,
3187 948 3348 1003 quam
3394 934 3480 989 bis

1918 1030 2010 1100 qui
2041 1043 2210 1099 prope
2237 1039 2387 1083 sunt.
2430 1027 2555 1082 Haec
2585 1027 2802 1081 assidua
2850 1027 2946 1082 tibi
2987 1043 3144 1093 cura,
3178 1029 3280 1083 hoc
3307 1029 3484 1083 conti-

1919 1135 2087 1174 nuum
2120 1118 2381 1183 studium,
2431 1118 2549 1172 haec
2588 1118 2793 1187 optima
2826 1117 3118 1181 desideria,
3152 1117 3348 1186 quibus
3377 1117 3482 1172 illi-

1915 1206 2155 1277 quescis.
2183 1206 2311 1261 totis
2350 1207 2567 1271 diebus,
2610 1214 2862 1276 quaerens
2910 1206 2962 1261 iu
3005 1207 3200 1277 spiritu
3250 1221 3317 1261 ea
3359 1222 3481 1277 quae

1915 1308 2045 1353 sunt
2072 1297 2317 1368 spiritus.
2358 1297 2558 1351 llorum
2586 1311 2691 1349 una
2718 1297 2986 1366 quaedam,
3024 1292 3130 1351 non
3166 1296 3482 1367 qualiscun-

1916 1406 2021 1462 que
2051 1393 2239 1459 etiam,
2273 1389 2558 1445 meditatio
2595 1389 2860 1444 divinitus
2891 1388 3280 1459 inspiratarum
3330 1390 3481 1447 Scri-

1915 1498 2238 1557 pturarum,
2290 1482 2487 1551 quibus
2527 1480 2772 1551 quotidie
2820 1483 3129 1548 attendens,
3183 1490 3239 1537 et
3288 1496 3479 1552 magna

1918 1574 2251 1633 dexteritate
2273 1572 2491 1629 illorum
2513 1572 2635 1641 qua:
2663 1572 2915 1629 dicuntur
2934 1587 3151 1629 sensum
3177 1570 3478 1641 explicans,

222 1711 277 1756 et
310 1698 602 1752 scientiam
624 1737 640 1761 ,
674 1706 727 1750 et
760 1668 963 1773 mores,
991 1703 1318 1769 omnemque
1350 1685 1575 1739 formam
1605 1673 1870 1747 exprimis
1897 1668 2221 1773 disciplinae.

306 1789 473 1844 Ἀλλά
516 1788 654 1858 πρὸς
678 1789 790 1848 τοῖς
816 1768 993 1846 ἀλλοις
1023 1784 1118 1836 καὶ
1212 1778 1307 1833 τοῦ
1344 1776 1578 1849 μεγάλου
1622 1776 1810 1826 Διονυ-

221 1885 340 1939 σίου
370 1882 494 1952 θεία
542 1856 738 1941 πυκτὶς
761 1918 776 1942 ,
807 1876 907 1947 τῆς
939 1856 1313 1945 πνευματικῇ
1344 1865 1439 1925 καὶ
1468 1868 1654 1942 ἡδείας
1691 1868 1811 1919 Σει-

224 1973 386 2049 ρῆνος
410 1974 475 2028 τὸ
500 1969 845 2041 ἐνδιαίτημα,
901 1965 1251 2042 κατασχοῦσά
1287 1977 1366 2028 σε,
1407 1964 1526 2017 ὅλον
1550 1962 1811 2016 εἰσποιεῖ-

216 2087 328 2132 ται,
360 2069 459 2138 καὶ
483 2066 595 2119 τῶν
620 2065 797 2117 ἐκεῖσε
822 2061 1058 2133 χαρίτων
1085 2056 1429 2138 ἀναπιμπλᾷ,
1464 2055 1524 2109 οὺ
1571 2052 1727 2126 κηρῷ
1750 2052 1812 2106 τὸ

215 2162 313 2216 τοῦ
342 2134 510 2229 λόγου
540 2157 641 2221 τὰς
668 2150 906 2227 ψυχικὰς
937 2151 1105 2227 ἀκοὰς
1135 2134 1498 2229 φραξάμενον,
1528 2145 1651 2200 οὔτε
1704 2146 1811 2215 μὴν

216 2261 342 2321 ταῖς
386 2254 535 2310 κατά
570 2253 774 2322 κόσμον
808 2245 1202 2321 προσπαθείαις
1249 2240 1649 2312 συνδεδεμένον,
1691 2236 1805 2290 ἀλλ’

217 2351 409 2405 ἄνετον
439 2347 572 2400 ὄντα
594 2345 687 2399 καὶ
717 2339 1049 2414 ἐξῃρημένον
1078 2333 1295 2399 παντὸς,
1323 2333 1417 2407 καὶ
1439 2331 1617 2393 πάσας
1647 2329 1811 2383 ἀκου-

219 2434 799 2511 πικάςτήνεῳγμένον
839 2432 934 2486 καὶ
964 2427 1109 2493 νοῦν,
1145 2428 1225 2490 είς
1249 2425 1564 2511 πρέπουσαν
1605 2420 1804 2511 δηλαδὴ

217 2531 313 2584 καὶ
352 2510 471 2590 τοῖς
503 2524 819 2594 λεγομένοις
864 2520 957 2574 καὶ
1001 2520 1115 2580 τοῖς
1145 2514 1455 2587 νοουμένοις
1499 2510 1803 2594 ἀντίληψιν,

232 2618 371 2673 Ἀλλ’
416 2592 611 2686 ἐπειδῆ
639 2592 759 2667 ῖκαὶ
816 2610 1039 2663 εἰκόνων
1090 2603 1271 2675 ἐκείνη
1315 2601 1585 2672 ἀριφανὴς
1610 2638 1624 2664 9
1656 2599 1741 2668 ἔφ’

220 2708 391 2763 πολλά
442 2706 539 2759 καὶ
583 2703 840 2765 πολλάκις
881 2702 911 2753 ὁ
954 2696 1203 2768 τεχνίτης
1237 2690 1513 2746 ὲπιδάλλοι
1545 2690 1616 2744 τά
1661 2687 1807 2762 χρώ-

219 2819 390 2873 ματα,
423 2799 523 2874 καὶ
550 2797 724 2865 λόγων
766 2796 973 2856 ἐκεῖνος
1004 2791 1211 2862 σαφὴς,
1243 2780 1288 2857 ᾧ
1318 2783 1487 2864 πολλά
1512 2783 1607 2837 καὶ
1634 2781 1805 2844 ἄλλοι,

215 2896 311 2947 καὶ
332 2892 602 2953 πολλάκις
626 2889 781 2959 μόνον
804 2882 1292 2955 κατευστοχοῦντες
1318 2876 1429 2933 τῶν
1472 2874 1800 2947 λεγομένων,

216 2987 475 3037 ἐπειπεῖν
500 2982 604 3035 οὐκ
632 2979 966 3049 ἀπώκνησαν
984 2994 1000 3007 ο
1036 2975 1125 3029 διὰ
1133 2973 1313 3065 Ξοῦτο
1354 2969 1544 3041 σαφῶς
1591 2968 1689 3038 μὲν
1717 2966 1807 3018 λο-

212 3076 368 3149 γίζῃ,
392 3077 492 3129 καὶ
516 3075 617 3145 τῆς
646 3073 748 3143 σῆς
776 3069 1073 3141 φιλαγάθου
1097 3062 1324 3138 γνώμης
1350 3064 1567 3128 ἐπάξια,
1603 3062 1657 3116 εί
1688 3076 1806 3122 πως

212 3171 247 3240 ἡ
284 3169 408 3222 θεία
445 3165 630 3237 βίϐλος
662 3163 800 3234 αὕτη
834 3159 1222 3230 ἀναπτυχθείη,
1248 3157 1341 3211 καὶ
1373 3155 1677 3233 κοιζὸτερον
1705 3150 1804 3203 κα-
1836 3173 1879 3231 C

210 3264 451 3334 τασταίη
483 3260 547 3313 τὸ
572 3259 759 3329 χρῆμα
795 3254 915 3319 ταῖς
942 3254 1051 3333 τῶν
1072 3253 1300 3333 ’πολλῶν
1326 3252 1546 3325 ἀκοαῖς,
1578 3245 1808 3301 κάντεῦ-

213 3355 310 3409 θεν
362 3353 544 3423 ἔχοιεν
591 3348 915 3424 ὠφελεῖσθαι
964 3346 1171 3410 πολλοὶ,
1217 3343 1285 3397 τά
1314 3342 1453 3421 ὑπὲρ
1493 3338 1618 3393 νοῦν
1660 3334 1805 3416 κατά

210 3445 363 3509 νοῦν,
396 3443 496 3496 καὶ
520 3441 593 3495 τά
627 3442 770 3511 ὑπὲρ
813 3438 1041 3508 δύναμιν
1083 3434 1226 3489 κατά
1253 3434 1477 3503 δύναμιν
1506 3426 1803 3511 προσιέμετ-

211 3502 317 3592 νοι.
350 3502 534 3588 ’Ἔστι
575 3531 685 3603 γὰρ
715 3502 809 3584 καὶ
857 3502 1015 3582 τοῦτο
1052 3527 1146 3581 τοῦ
1190 3525 1412 3598 τρέφειν
1446 3519 1584 3586 εἶδος
1631 3520 1693 3574 οὐ
1742 3502 1805 3573 τὸ

213 3628 402 3701 τυχὸν,
438 3628 572 3680 ὅταν
593 3625 680 3686 τὶς
712 3624 788 3694 μὴ
819 3622 914 3690 ἀφ’
945 3618 1137 3674 ἑαυτοῦ
1164 3618 1264 3689 τὴν
1291 3616 1497 3688 τροφὴν
1527 3611 1801 3685 χορηγῶν,

217 3725 367 3797 ὅμως
395 3718 809 3793 προμαλάσσων¹
825 3714 1025 3785 ταύτην
1059 3709 1092 3783 ἢ
1128 3708 1615 3787 προμασσώμενος,
1644 3707 1804 3797 ἐπέν-

216 3794 444 3868 τειρκτον
475 3812 593 3872 τοῖς
624 3806 907 3860 ἀσθενέσιν
941 3802 1259 3872 ὲγκαθιστᾷ,
1289 3800 1389 3852 οὐκ
1411 3798 1577 3869 ἀλλην
1602 3794 1805 3868 προφέ-

224 3920 350 3976 ρων,
382 3902 485 3973 τὴν
520 3899 579 3953 δὲ
609 3892 976 3970 προκειμένην
1001 3890 1485 3963 κατεργαζόμενος.

284 3992 475 4062 Σοφῶς
501 3990 601 4062 μὲν
626 3984 719 4042 οὖν
753 3988 815 4040 τὸ
829 3985 1067 4041 τοιοῦτον
1094 3983 1323 4052 ὲλογίσω
1348 3981 1442 4035 καὶ
1470 3977 1768 4051 προμηθῶς
1785 3994 1799 4008 ·

216 4087 356 4159 πλὴν
386 4088 485 4138 καὶ
526 4085 608 4147 είς
632 4082 785 4144 τέλος
832 4080 899 4135 ἂν
945 4081 975 4133 ὁ
1021 4078 1281 4148 λογισμὸς
1317 4074 1495 4145 ἀπέϐη
1542 4071 1799 4144 χρηστὸν,

215 4158 375 4248 εἴπερ
404 4175 680 4245 ἐζήτησας
697 4172 856 4227 ἀλλον
896 4170 990 4225 καὶ
1031 4171 1134 4222 οὐκ
1163 4170 1283 4239 ἐμὲ,
1307 4169 1404 4221 καὶ
1446 4166 1603 4235 λόγον
1644 4160 1805 4235 εὗρες

215 4269 307 4322 καὶ
358 4267 568 4338 τρόπον
616 4264 695 4335 τῷ
750 4263 1033 4334 πράγματι
1084 4258 1450 4329 ἐξισούμενον,
1486 4256 1582 4311 καὶ
1632 4255 1802 4327 πρού-

215 4360 400 4429 τρέψω
425 4356 505 4427 τῷ
528 4353 683 4425 ἀξίῳ,
709 4351 896 4422 καὶτῷ
913 4350 1042 4423 ἱερῷ
1061 4349 1131 4403 τὰ
1148 4348 1269 4419 ἱερὰ
1284 4346 1649 4418 ὲνεχείρησας.
1682 4342 1798 4397 Νῦν

212 4451 291 4514 δὲ,
338 4449 506 4502 Ἀλλ’
546 4448 660 4513 οὐχ
708 4447 741 4498 ὀ
775 4442 981 4512 ,ϐωμὸς
1021 4440 1172 4509 πρὸς
1206 4438 1274 4493 τὸ
1308 4439 1486 4506 ἱερόν,
1529 4437 1658 4506 φασί
1681 4452 1695 4466 ⁸
1734 4436 1798 4489 σὺ

1990 1759 2099 1815 Sed
2128 1773 2241 1830 pra:
2279 1758 2493 1813 caeteris
2530 1756 2697 1814 etiam
2747 1757 2928 1825 magni
2966 1756 3207 1830 Dionysii
3262 1758 3479 1816 divinus

1839 1842 1883 1899 Β
1912 1851 2154 1917 libellus,
2186 1849 2453 1920 spiritalis
2484 1865 2547 1905 ac
2576 1850 2760 1905 suavis
2788 1848 2995 1903 Sirena:
3022 1849 3260 1913 mansio,
3289 1858 3341 1905 te
3379 1850 3478 1905 de-

1920 1946 2118 2008 tinens,
2172 1948 2347 1995 tutum
2392 1939 2580 2007 allicit,
2609 1949 2667 1996 et
2704 1939 2836 1995 inibi
2870 1939 3064 2007 gratiis
3106 1938 3315 2010 implet,
3348 1955 3476 1996 cera

1912 2034 2144 2092 rationis
2162 2048 2324 2088 aures
2345 2033 2539 2087 anitnae
2572 2034 2793 2087 minime
2810 2032 3152 2087 obtul‘antem
3179 2031 3279 2101 (ιι),
3300 2048 3477 2102 neque

1911 2139 2065 2184 certe
2100 2128 2389 2182 mundanis
2418 2127 2705 2182 aﬁ‘e'ctibus
2734 2126 3091 2196 implicatum,
3120 2128 3216 2181 sed
3246 2127 3478 2183 liberutn

1914 2219 2270 2274 exsistentem
2318 2228 2374 2273 et
2420 2218 2489 2273 ab
2534 2218 2680 2272 Omni
2713 2233 2772 2272 re
2808 2216 3141 2288 exemptum,
3178 2231 3478 2287 omnesque

1911 2310 2167 2364 audiendi
2212 2308 2499 2365 facultates
2531 2318 2587 2364 et
2615 2308 2948 2364 intellectum
2995 2310 3236 2379 patulum
3270 2310 3477 2365 balteu-

1915 2412 2048 2465 tem,
2076 2400 2143 2454 ad
2174 2400 2591 2454 conVeuientem
2620 2399 2830 2455 'scilicet
2860 2408 2965 2454 tam
3002 2412 3189 2455 eorum
3232 2413 3355 2472 qius
3398 2404 3481 2456 di-

1912 2501 2134 2556 cuntur,
2160 2496 2327 2560 quam
2360 2505 2481 2559 qua:
2510 2490 2890 2559 intelliguntttr
2914 2493 3334 2561 susceptionem.
3358 2494 3477 2549 Ca:-

1915 2595 2113 2648 terum,
2143 2599 2266 2637 cum
2316 2592 2370 2638 et
2416 2584 2597 2654 imago
2628 2584 2713 2638 illa
2746 2584 3005 2654 praeclara
3034 2586 3125 2653 sit,
3156 2587 3244 2641 cui
3279 2591 3479 2642 multos

1914 2676 2084 2731 etiam
2116 2675 2433 2745 fiequenter
2453 2677 2650 2731 artil‘ex
2688 2677 2910 2731 adhibet
2939 2678 3173 2743 colores,
3212 2688 3267 2733 et
3295 2695 3478 2735 sermo

1912 2768 2004 2824 ille
2032 2769 2376 2840 perspicuus,
2407 2770 2492 2822 cui
2529 2768 2697 2823 multa
2741 2770 2908 2823 etiam
2939 2769 3053 2839 alii,
3076 2778 3132 2826 et
3166 2785 3307 2841 saepe
3336 2774 3476 2827 dun-

1913 2868 2064 2913 taxat
2113 2858 2554 2927 conjecturantes
2601 2868 2720 2929 qius
2770 2860 3052 2927 dicantur,
3107 2867 3479 2933 sapor-addere

1910 2950 2053 3006 haud
2088 2951 2476 3021 neglexerunt;
2514 2950 2717 3006 idcirco
2746 2953 3021 3022 sapienter
3063 2956 3279 3024 quidem
3319 2960 3475 3029 engi-

1914 3054 2020 3109 tas,
2052 3054 2108 3100 et
2133 3047 2302 3116 proba
2336 3052 2517 3100 mente
2541 3055 2631 3098 tua
2665 3046 2848 3115 digna,
2873 3045 2917 3099 si
2942 3056 3049 3116 quo
3075 3048 3237 3103 modo
3262 3050 3479 3107 divinus

1911 3137 2003 3191 hic
2044 3137 2183 3193 liber
2231 3138 2558 3208 ekplicetur,
2600 3150 2769 3209 atque
2811 3140 3152 3195 communior
3203 3142 3298 3195 liat
3345 3158 3477 3199 usus

1910 3228 2029 3296 ejus
2064 3227 2419 3297 plurimorum
2456 3223 2841 3291 iutellectibus,
2876 3239 2930 3283 et
2960 3229 3085 3284 inde
3132 3230 3281 3283 multi
3314 3232 3480 3298 proﬂ-

1909 3320 2077 3385 ciattt,
2108 3321 2172 3376 ea
2207 3336 2329 3390 qua:
2358 3322 2521 3390 supra
2569 3321 2903 3377 intellectum
2951 3330 3123 3390 sunt,
3170 3328 3475 3380 secundum

1908 3408 2270 3477 intellectum,
2295 3424 2349 3469 et
2379 3424 2500 3484 qua:
2532 3424 2697 3484 supra
2724 3424 2961 3485 captum,
2990 3423 3087 3485 pro
3114 3428 3274 3486 captu
3307 3433 3479 3487 agno-

1908 3510 2147 3561 scentes.
2190 3506 2284 3561 Est
2321 3506 2467 3562 enim
2510 3506 2674 3561 etiam
2708 3507 2795 3561 hic
2829 3507 3102 3564 nut‘riendi
3154 3510 3346 3564 modus
3375 3510 3478 3563 tui-

1910 3599 2055 3652 nime
2085 3598 2346 3669 Vulgaris,
2381 3600 2598 3668 quando
2621 3599 2747 3668 quis
2783 3613 2888 3653 non
2917 3616 2945 3652 a
2978 3601 3270 3671 semetipso
3296 3602 3477 3656 cibum

1911 3692 2292 3761 sitppedit'ans,
2338 3703 2519 3747 tamen
2569 3693 2712 3749 hunc
2760 3706 3160 3764 praetnaccrans
3209 3694 3293 3748 vel
3338 3709 3478 3764 prte-

1918 3784 2243 3847 masticans,
2272 3794 2488 3854 sumptu
2514 3772 2725 3839 facilem
2756 3785 2984 3841 inﬁrmis
3012 3782 3285 3851 facit,non
3310 3786 3475 3842 alium

1907 3873 2255 3942 proferendo,
2286 3874 2381 3928 sed
2405 3874 2737 3944 p'rdpositum
2767 3874 3084 3944 subigendo.

1978 3962 2269 4034 Sapienter
2312 3965 2501 4033 utique
2543 3962 2672 4032 quid
2720 3964 2899 4021 simile
2944 3966 3195 4036 cogitasti
3235 3982 3297 4023 ac
3347 3983 3477 4036 pro-

1907 4056 2077 4112 vide:
2110 4057 2240 4126 quin
2275 4063 2330 4112 et
2370 4053 2530 4110 finem
2582 4048 2697 4111 haec
2737 4059 2995 4129 cogitatio
3040 4062 3242 4116 bonum
3284 4064 3476 4117 sortita

1907 4148 2070 4215 foret,
2102 4150 2147 4204 si
2179 4150 2525 4219 quaesivisses
2552 4149 2739 4216 alium,
2764 4161 2821 4206 et
2845 4166 2949 4206 non
2983 4168 3090 4217 tne,
3121 4169 3185 4208 ac
3208 4154 3474 4209 rationem

1916 4244 2217 4313 reperisses
2249 4252 2304 4296 et
2347 4243 2568 4297 modum
2602 4241 2730 4296 huic
2775 4244 2993 4311 negotio
3036 4247 3473 4310 convenientem,

1906 4346 1961 4389 et
1984 4333 2425 4389 concredidisses
2449 4334 2635 4403 digno,
2662 4346 2930 4404 sacroque
2956 4350 3107 4390 sacra
3136 4336 3471 4395 tradidisses.

1906 4424 2066 4480 Nunc
2098 4435 2307 4489 autem,
2341 4424 2458 4479 Non
2488 4433 2593 4491 est,
2627 4424 2900 4493 inquiunt,
2930 4425 3033 4481 hoc
3055 4426 3228 4481 altare
3261 4442 3357 4497 pro
3386 4445 3476 4482 sa-

212 4540 269 4593 δὲ
306 4540 405 4592 καὶ
449 4535 776 4609 προὺτρέψω
802 4535 894 4587 καὶ
921 4531 1309 4604 παρεκίνησας,
1337 4530 1429 4583 καὶ
1464 4532 1584 4591 ταῖς
1613 4528 1798 4597 εὐχαῖς

1913 4516 2117 4573 oriﬁcio
2146 4533 2161 4569 :
2198 4526 2253 4572 ttt
2286 4532 2416 4572 vero
2454 4517 2620 4572 etiam
2650 4517 2974 4571 adhortatus
3002 4533 3083 4581 es,
3113 4528 3170 4573 et
3191 4519 3468 4584 excitasti,

211 4632 287 4694 ὡς
322 4627 439 4693 οἷός
478 4646 542 4681 τε
587 4626 1021 4699 παρεθάρρυνας,
1054 4624 1131 4685 ὡς
1162 4623 1228 4676 ἂν
1264 4620 1586 4692 εὐεργετῶν,
1623 4620 1791 4689 ἡμᾶς,

212 4710 364 4794 οἶμαι
384 4763 399 4786 ,
441 4723 509 4791 τῇ
542 4720 641 4791 τῆς
670 4719 910 4788 ἐφέσεως
952 4713 1205 4785 κοινωνίᾳ
1234 4710 1557 4777 πλουτίζων,
1591 4711 1687 4763 καὶ
1729 4709 1791 4762 ού

210 4812 469 4865 τοσοῦτον
495 4808 585 4862 διά
607 4808 669 4861 τὸ
699 4808 965 4879 ἡμέτερον
1003 4803 1224 4865 ἀσθενὲς
1263 4802 1578 4873 ἀπήλπισας
1604 4840 1619 4864 ,
1669 4801 1793 4853 ὅσον

210 4905 299 4959 διά
337 4903 444 4974 τὴν
486 4901 583 4954 τοῦ
626 4900 763 4953 Θεοῦ
803 4900 962 4971 χάριν
1007 4896 1276 4968 ἧλπισας,
1323 4888 1385 4947 οὗ
1424 4894 1526 4965 τὴν
1568 4891 1794 4961 δύναμιν

212 4997 416 5069 μᾶλλον
464 4995 524 5046 ὲν
571 4991 826 5062 ἀσθενείᾳ.
868 4986 1203 5044 τελειοῦσθαι
1244 4984 1568 5055 κατέμαθες.
1625 4981 1690 5035 Τί
1738 4980 1796 5035 δὲ

209 5093 373 5161 ἡμεῖς
417 5086 560 5159 πρὸς
603 5083 856 5137 τοσοῦτον
884 5082 983 5152 τῆς
1015 5077 1468 5151 παρακελεύσεως
1521 5073 1751 5146 μέγεθος
1776 5112 1793 5139 ,

206 5184 324 5238 δέον
370 5178 675 5248 ίλιγγιᾶσαι
725 5176 817 5229 καὶ
850 5176 1139 5239 ἀπειπεῖν;
1188 5171 1328 5224 Ἀλλ’
1361 5163 1473 5233 οὖν,
1514 5166 1616 5221 οὐκ
1654 5163 1788 5238 ιοῖδα

206 5278 390 5341 ὅπως,
451 5274 556 5343 τῆς
594 5270 870 5343 ἡμετέρας
905 5266 1187 5328 ἀσθενείας
1236 5262 1642 5332 ἐπιλαθόμενοι,
1698 5254 1793 5313 καὶ

204 5370 264 5424 τὸ
290 5366 493 5423 Γνῶθι
524 5365 758 5420 σαυτὸν
803 5363 1148 5434 παριδόντες,
1185 5358 1298 5411 ὅλοι
1330 5356 1439 5409 τῶν
1483 5354 1592 5408 σῶν
1632 5352 1792 5421 γεγό-

204 5477 376 5531 ναμεν
425 5456 775 5530 προσταγῶν,
831 5456 923 5509 καὶ
971 5455 1049 5517 ὡς
1087 5452 1253 5522 πατρὶ
1298 5448 1514 5511 παῖδες,
1565 5446 1659 5499 καὶ
1714 5444 1791 5507 ὡς

1902 4621 1959 4664 et
1991 4608 2479 4680 postulationibus,
2511 4620 2774 4680 quantum
2801 4610 2920 4665 ﬁeri
2949 4619 3182 4679 poterat,
3215 4611 3472 4666 animasti

1906 4708 2167 4769 tanquam
2190 4699 2530 4763 benefactor,
2563 4714 2683 4765 nos,
2711 4710 2767 4753 ut
2790 4700 3004 4769 opinor,
3032 4700 3193 4770 hujus
3213 4700 3470 4756 desiderii

1904 4791 2294 4847 communione
2324 4789 2558 4856 beando,
2588 4800 2644 4845 et
2676 4806 2783 4844 non
2815 4800 3020 4844 tantum
3054 4802 3255 4846 nostrae
3299 4791 3471 4846 imhc-

1905 4881 2116 4938 cillitati
2147 4878 2358 4938 diuisus
2411 4897 2494 4941 es.
2540 4891 2804 4952 quantum
2850 4882 2944 4937 Dei
2978 4883 3167 4953 gratia:
3206 4882 3467 4947 conﬁsus,

1904 4974 2063 5043 cujus
2088 4975 2345 5030 virtutem
2386 4974 2558 5045 magis
2597 4974 2648 5028 in
2683 4974 2999 5029 inﬁrmitate
3036 4974 3224 5046 perlici
3264 4989 3470 5044 cogno-

1904 5070 2054 5126 visti.
2105 5069 2247 5136 Quid
2294 5085 2461 5139 porro
2493 5085 2593 5125 nos
2636 5069 2704 5122 ad
2753 5076 2957 5122 tantam
3004 5066 3327 5121 adhortandi
3359 5066 3467 5121 vim

1905 5172 2232 5234 oportuerat
2279 5163 2504 5233 percelli
2536 5172 2592 5217 et
2628 5160 2920 5216 recusare?
2949 5158 3327 5213 Verumtamen
3358 5174 3465 5214 non

1903 5257 2021 5311 scio
2072 5254 2345 5324 quomodo
2404 5266 2607 5309 nostra:
2647 5251 3036 5307 imbecillitatis
3083 5250 3257 5317 obliti,
3302 5261 3465 5321 atque

1903 5342 2055 5411 illud,
2089 5344 2264 5400 Nosce
2293 5347 2536 5415 teipsum,
2577 5344 2932 5416 negligentes,
2970 5345 3063 5396 toti
3103 5344 3170 5396 ad
3215 5353 3302 5395 tua
3333 5342 3460 5395 facti

1902 5452 2094 5496 sumus
2131 5438 2380 5507 imperia,
2408 5448 2465 5492 et
2496 5447 2753 5505 tanquam
2794 5438 2935 5506 patri
2968 5435 3058 5488 filii
3086 5475 3100 5498 ,
3126 5443 3179 5489 et
3206 5444 3459 5501 tanquam

207 5529 449 5624 μαθηταὶ
476 5529 831 5620 διδασκάλῳ,
894 5546 989 5599 καὶ
1039 5544 1116 5607 ὡς
1160 5540 1397 5612 δεσπότῃ
1454 5537 1789 5609 θεράποντες

1913 5531 2152 5603 iiscipuli
2196 5531 2491 5602 Magistro,
2541 5541 2596 5583 et
2626 5530 2768 5584 sicut
2811 5529 2954 5585 servi
2999 5529 3215 5584 domino
3275 5540 3458 5581 sumus

270 5667 352 5737 (α)
378 5664 567 5737 Vertit
585 5662 881 5737 Corderius
897 5659 1050 5728 quasi
1064 5657 1250 5737 Graece
1266 5653 1491 5733 legisset
1508 5666 1528 5737 ξ
1544 5651 1606 5737 οὐ

202 5724 404 5819 φῦ
421 5735 669 5819 ,λάγουςη
706 5724 1073 5819 sederem
1101 5724 1642 5819 δερνξιεξξςξιιιίξεῖειῑ,

208 5789 396 5875 tentia,
420 5789 770 5878 legendum'G
780 5789 916 5859 rauce
937 5800 1025 5855 ςοὺ
1048 5795 1223 5869 κηρῷ,
1241 5794 1301 5849 τὺ
1316 5791 1408 5847 τοῦ
1420 5789 1770 5863 λόγου,κ.τ.λ.
1783 5829 1799 5855 ,

1898 5647 2093 5702 Latine
2112 5662 2276 5703 vero:
2311 5647 2544 5709 Gera,ut
2574 5646 2718 5700 aiunt
2732 5644 2958 5713 fabulae,
2985 5659 3137 5697 aures
3160 5641 3351 5713 animi;
3365 5640 3456 5693 ob-

1902 5726 2185 5772 turantem.
2200 5719 2472 5773 Caeterum
2494 5731 2601 5769 non
2632 5711 2796 5770 semel
2820 5714 3076 5767 dormitat
3108 5711 3455 5765 doctissimus

1904 5788 2195 5860 interpres,
2227 5798 2286 5844 ut
2308 5785 2724 5845 Gra‘cecalleuti
2759 5785 2983 5855 patebit.
3019 5783 3175 5838 liotr.
3214 5781 3449 5836 ΡΑτιιοι..
