3916 6234
1554 338 1613 396 S.
1656 339 2028 399 DIONYSIUS
2065 343 2527 405 AREOPAGITA.

3445 370 3456 381 '
3563 352 3672 410 ΗΞ

420 458 669 512 obsecuti
698 496 715 521 ,
777 454 911 511 nulli
961 456 1186 513 omnino
1236 456 1424 523 alteri,
1455 472 1619 528 quam
1651 461 1759 515 tuis
1786 462 1986 517 sanctis

2094 466 2664 538 κατηκολουθήσαμεν,
2689 467 2862 520 οὐδενί
2907 484 2969 536 γε
3011 466 3225 530 πάντως
3257 467 3448 547 ἐτέερῳ,
3482 465 3518 537 ἢ
3546 469 3673 531 ταῖς

424 547 640 615 piisque
706 547 1114 615 precationibus
1173 546 1402 612 conﬁsi,
1466 550 1695 617 quibus,
1763 551 1988 620 opinor,

2098 559 2217 621 σαῖς
2244 558 2426 626 ἁγίαις
2454 559 2640 628 εὐχαῖς
2666 559 2759 613 καὶ
2788 558 3089 612 θεοπειθέσι
3128 558 3519 630 θαρρήσαντες,
3554 550 3670 621 αἷς.

423 640 586 696 etiam
628 640 978 697 invisibiliter
1019 638 1259 705 sufl‘ulti,
1297 640 1456 697 facile
1502 642 1604 699 hoc
1643 660 1781 716 Opus
1826 647 1986 703 susti-

2094 640 2266 717 οἶμαι,
2290 650 2383 701 καὶ
2406 650 2648 722 ἀοράτως
2672 650 3017 722 ἐπαρθέντες,
3045 649 3242 721 ῥᾳδίως
3275 650 3589 721 ὑπέστημεν
3608 646 3673 703 1.":

498 820 704 890 Ecquid
732 822 876 877 enim
925 822 1315 877 mirum?cum
1363 823 1527 879 etiam
1583 840 1715 882 voce
1763 827 1987 885 dimissa

420 912 554 966 Elia:
585 913 651 965 ad
675 912 936 978 Eliseum,
967 913 1153 968 statim
1188 915 1294 979 hic,
1328 924 1384 969 et
1414 916 1580 970 boves
1603 916 1745 981 illos,
1780 930 1833 973 et
1864 934 1983 972 ara-

420 1013 502 1054 tra
530 1042 547 1067 ,
579 1011 633 1057 et
666 1018 880 1057 onmem
908 1004 1304 1074 supellectilem
1350 1006 1512 1059 aliam
1542 1007 1833 1075 abjiciens,
1881 1025 1990 1077 quo

416 1095 584 1160 pedes
613 1094 881 1162 ferebant,
911 1104 1034 1166 post
1076 1108 1362 1152 vocantem
1401 1099 1724 1165 cucurrerit,
1776 1103 1988 1157 tametsi

418 1201 635 1256 quoque
670 1188 838 1243 boves
880 1189 1015 1243 istos
1059 1190 1337 1245 sacriﬁcio
1383 1191 1727 1249 destinasset.
1788 1195 1988 1252 Eodem

420 1277 581 1331 modo
610 1277 775 1331 etiam
806 1292 909 1332 nos
930 1317 945 1342 ,
977 1279 1335 1335 saecularibus
1365 1281 1541 1335 turbis
1572 1298 1637 1337 ac
1670 1285 1990 1339 tumultibus

424 1368 707 1437 neglectis,
738 1370 834 1423 toti
870 1370 922 1423 in
956 1386 1065 1425 uno
1097 1372 1278 1427 studio
1309 1370 1527 1437 fuimus,
1561 1374 1701 1443 quod
1734 1374 1986 1429 nimirum

421 1462 600 1516 sacris
625 1460 850 1515 Litteris
876 1462 1339 1517 consecravimus.
1362 1462 1670 1518 Edisseram
1697 1466 1857 1519 etiam
1887 1466 1989 1520 hoc

416 1567 703 1616 arcanum,
756 1552 1014 1621 quoniam
1061 1568 1276 1623 quoque
1323 1569 1537 1609 verum.
1583 1555 1732 1610 Adeo
1776 1557 1990 1612 deditus

413 1658 562 1698 cram
594 1643 720 1699 huic
763 1645 1001 1715 negotio,
1032 1654 1087 1701 et
1120 1646 1203 1699 sic
1236 1646 1510 1716 rapiebar,
1542 1657 1599 1702 ut
1625 1647 1788 1703 etiam
1816 1662 1988 1716 saepe-

415 1751 641 1789 numero
668 1738 1012 1793 sermonibus
1045 1748 1358 1802 vacantem,
1390 1740 1702 1793 exclamare
1750 1756 1834 1793 me
1861 1756 1990 1795 (3011·-

2096 739 2317 811 ὲγχείρη
2328 757 2421 810 μα·
3566 762 3571 763 ν

2168 829 2276 882 Καὶ
2332 831 2383 883 τί
2438 830 2547 903 γὰρ
2599 831 2782 898 ξένον;
2828 831 2961 884 ὅπου
3006 831 3098 885 καὶ
3150 831 3249 902 τῆς
3300 831 3488 900 φωνῆς
3545 831 3673 883 ἐπι-

2099 920 2442 992 πεμφθείσης
2463 922 2560 993 τῆς
2599 922 2775 977 Ἡλίου
2794 923 2871 994 τῷ
2903 922 3381 993 Ἐλισσαίῳ,εύθὺς
3396 918 3549 985 οὗτος
3575 923 3675 976 καὶ

2099 1013 2224 1083 βόας
2249 1014 2507 1079 ἐκείνους,
2552 1015 2645 1069 καὶ
2670 1015 2892 1085 ἄροτρα,
2924 1015 3017 1067 καὶ
3040 1016 3218 1067 πᾶσαν
3252 1013 3451 1083 σκευὴν
3478 1013 3675 1084 ἑτέραν

2097 1106 2526 1177 ἀποσεισάμενος
2545 1149 2559 1172 ,
2661 1106 2835 1182 ποδρν
2864 1102 3031 1177 εἶχεν,
3055 1106 3229 1159 ὀπίσω
3255 1104 3350 1157 τοῦ
3373 1104 3675 1166 καλοῦντος

2097 1198 2486 1271 ἐπέδραμεν,εἰ
2510 1198 2565 1250 δὲ
2586 1198 2679 1250 καὶ
2704 1196 2831 1267 βόας
2847 1198 3051 1261 ἐκεῖνος
3081 1196 3190 1268 [Ion
3205 1194 3470 1267 ἐκείνους]
3504 1195 3676 1265 ἱέρευ-

2099 1290 2407 1361 σε.“Τρόπον
2425 1289 2516 1343 τὸν
2548 1287 2707 1341 αὑτὸν
2736 1288 2828 1341 καὶ
2852 1290 3034 1359 ἡμεῖς,
3066 1287 3193 1350 τοὺς
3223 1286 3510 1357 βιωτικοὺς
3531 1302 3676 1356 παρ-

2099 1378 2294 1443 ιδόντες
2309 1379 2567 1451 θορύϐους
2592 1380 2682 1432 καὶ
2714 1376 3079 1450 τυρϐασμοὺς,
3104 1378 3212 1431 ὅλοι
3241 1377 3512 1448 μερίμνης
3542 1377 3677 1446 μιᾶς

2095 1470 2410 1543 ἐγενόμεθα,
2441 1472 2506 1542 ἢν
2533 1470 2596 1540 δὴ
2633 1470 2727 1523 καὶ
2756 1473 2869 1533 τοῖς
2908 1471 3074 1540 ίεροῖς
3105 1468 3319 1536 Λογίοις
3357 1466 3676 1538 ἀφιερώσα-

2097 1580 2217 1633 μεν.
2261 1560 2489 1627 Ἐξείπω
2543 1560 2633 1613 καὶ
2671 1558 2731 1611 τὸ
2774 1558 3104 1631 ἀπόρρητον,
3163 1557 3244 1610 ὅτι
3310 1558 3403 1609 καὶ
3435 1555 3673 1626 ἀληθές·

2092 1653 2343 1707 τοσοῦτον
2369 1651 2632 1721 ἐγενόμην
2658 1648 2753 1702 τοῦ
2784 1649 3123 1719 πράγματος,
3150 1647 3244 1700 καὶ
3272 1647 3444 1709 οὕτως
3472 1646 3674 1708 ἑάλων,

2095 1744 2236 1799 ὥστε
2272 1743 2363 1797 καὶ
2389 1739 2656 1810 πολλαχοῦ
2689 1740 2798 1792 τῶν
2825 1739 2995 1807 λόγων
3020 1738 3359 1809 σχολάσαντι,
3384 1738 3678 1805 διαφωνεῖν

415 1827 623 1895 tigerit,
650 1829 777 1882 dum
806 1830 1179 1898 expenderem
1232 1830 1360 1885 hinc
1404 1845 1663 1886 sensuum
1705 1831 1986 1900 profundi-

2094 1814 2185 1909 .13;
2218 1834 2495 1889 συνέϐαινε
2516 1872 2531 1896 ,
2574 1830 2921 1885 κατανοοῦντι
2966 1828 3118 1883 ἐνθεν
3149 1829 3210 1883 τὸ
3233 1828 3343 1882 τῶν
3377 1827 3677 1899 νοημάτων

416 1924 607 1978 tatem,
634 1917 761 1972 inde
796 1918 1080 1987 theologia!
1105 1918 1528 1984 sublimitatem;
1565 1921 1654 1975 hic
1694 1919 1746 1973 in
1784 1920 1989 1977 divinis

418 2008 826 2074 eruditionem,
887 2008 997 2063 illic
1044 2010 1098 2062 in
1155 2010 1490 2078 explicandis
1544 2011 1989 2075 accuratiouem,

424 2099 556 2154 alibi
586 2100 1040 2166 moderatiOnem,
1070 2101 1193 2156 alibi
1219 2102 1460 2157 numinis
1487 2100 1842 2169 amationem,
1871 2103 1991 2157 ubi-

421 2207 527 2261 que
559 2191 902 2247 divinitatem
926 2200 985 2247 et
1015 2193 1386 2248 securitatem.

462 2282 600 2350 Quid
619 2286 832 2337 demum
844 2298 943 2353 ego
958 2283 1151 2339 faciam
1169 2284 1271 2340 nisi
1288 2294 1443 2355 prato
1456 2286 1785 2342 fertilissima
1803 2284 1990 2341 Sancti

417 2374 577 2443 bujus
603 2375 805 2443 scripta
823 2389 1011 2444 compa
1022 2390 1157 2440 rem,
1178 2375 1249 2429 ita
1270 2385 1327 2429 ut
1346 2376 1502 2430 velim
1522 2377 1739 2447 quidem
1758 2391 1956 2445 carpen
1972 2406 1990 2418 -

414 2466 483 2517 do
515 2467 728 2521 caeteris
758 2464 1124 2535 pulcherrima
1148 2479 1486 2535 proponere;
1509 2481 1613 2522 non
1648 2466 1857 2522 valeam
1895 2482 1992 2522 au-

416 2565 548 2617 tem,
585 2557 677 2610 sed
710 2555 1000 2610 immobilis
1020 2556 1343 2620 consistam,
1363 2564 1418 2610 et
1432 2557 1585 2625 quasi
1608 2564 1789 2611 mutus
1804 2570 1990 2611 mane-

420 2662 481 2701 re
502 2662 665 2718 cogar
687 2662 795 2718 pra:
819 2648 1008 2717 gratiae
1023 2648 1321 2703 varietate?
1341 2648 1433 2702 Sic
1452 2664 1552 2718 ego
1570 2664 1674 2704 non
1698 2650 1985 2720 interpres,

417 2754 525 2793 non
551 2742 961 2809 paraphrastes,
984 2741 1075 2795 sed
1107 2742 1324 2794 auditor
1346 2756 1487 2795 sum.
1514 2740 1766 2810 Magnum
1790 2756 1921 2796 sane
1941 2743 1987 2797 si

411 2833 500 2888 vel
531 2843 704 2904 mysta
737 2833 861 2885 liam
896 2832 1198 2887 cmlestium
1253 2832 1505 2886 tubarum
1528 2872 1543 2897 ,
1594 2842 1840 2889 attamen
1876 2850 1985 2889 non

415 2926 559 2981 illico
591 2941 655 2980 ac
686 2934 909 2993 repente
955 2924 1322 2979 iusonantium
1353 2924 1443 2991 (ne
1476 2924 1604 2979 hinc
1631 2926 1796 2979 etiam
1825 2928 1987 2996 spiri—

417 3018 576 3072 tualis
615 3016 845 3072 facultas
881 3016 1136 3071 audiendi
1186 3016 1573 3069 detrimentum
1616 3017 1842 3085 capiat),
1887 3018 1985 3073 sed

412 3110 612 3163 sensim
632 3117 688 3163 et
713 3108 970 3177 paulatim
995 3106 1398 3176 penetrantium
1428 3105 1496 3158 ad
1524 3105 1857 3160 intimioretn
1890 3122 1986 3161 co-

412 3201 675 3269 gnitionis
707 3215 924 3255 sonum.
970 3197 1069 3264 Qui
1102 3210 1234 3251 sane
1282 3198 1472 3251 modus
1512 3206 1596 3252 est
1639 3199 1868 3253 vacandi
1915 3180 2054 3253 abc

411 3292 688 3356 omnibus,
736 3300 792 3343 et
839 3288 1171 3342 intellectum
1219 3285 1524 3356 applicandi
1571 3287 1639 3341 ad
1681 3302 1767 3343 res
1813 3290 1984 3342 maxi-

411 3398 548 3449 mas,
598 3381 801 3438 sensim
847 3380 936 3435 illa
968 3393 1089 3449 qua:
1137 3377 1517 3448 intelliguntur
1561 3379 1888 3449 subigendo,
1930 3389 1984 3434 et

411 3475 630 3529 tandem
684 3472 985 3544 perfectam
1034 3470 1399 3541 cognitionem
1453 3485 1576 3523 cum
1624 3481 1983 3540 cognoscente

411 3567 737 3638 copulando.
772 3566 881 3620 Hoc
912 3574 1094 3619 autem
1130 3564 1261 3617 mibi
1293 3562 1525 3616 contulit
1569 3563 1830 3633 propositi
1872 3578 1984 3633 sco-

409 3674 538 3726 pus,
570 3660 696 3713 dum
727 3656 938 3727 singula
969 3655 1263 3710 considero
1305 3667 1427 3723 qua:
1470 3653 1745 3708 dicuntur.
1797 3653 1983 3723 Neque

412 3752 595 3804 minus
617 3751 762 3819 quod
798 3748 961 3802 etiam
993 3744 1329 3805 addendum,
1360 3744 1501 3812 quod
1533 3757 1860 3812 magnopere
1889 3747 1984 3797 ad-

409 3842 561 3912 jutus
583 3842 713 3904 sim,
744 3837 1373 3907 antiquiores,tanquam
1412 3833 1593 3903 populi
1625 3835 1896 3899 seniores,
1927 3836 1981 3889 in

414 3946 641 3985 ascensu
672 3930 740 3984 ad
767 3930 1010 3983 divinum
1038 3926 1382 3996 mystagogiae
1411 3936 1652 3979 montem
1682 3926 1979 3993 sequendo.

2096 1928 2257 2000 βάθος
2282 1967 2296 1989 ,
2332 1925 2539 1980 ἐκεῖθεν
2574 1923 2635 1976 τὸ
2681 1922 2783 1992 τῆς
2810 1921 3084 1990 θεολογίας
3112 1920 3277 1990 {id/0;"
3311 1914 3414 1973 ὦδε
3447 1919 3511 1972 τὸ
3541 1919 3677 1991 περὶ

2090 2018 2159 2071 τὰ
2189 2016 2309 2070 θεῖα
2339 2003 2778 2085 ἐπιστημονικὸν,
2813 2007 2915 2066 ὦδε
2954 2012 3013 2065 τὸ
3053 2012 3183 2084 περὶ
3218 2012 3315 2081 τὴν
3350 2010 3677 2080 ἐξαγγελίαν

2091 2108 2575 2183 ἀπηκριϐωμένον·
2608 2106 2840 2177 ἀλλαχοῦ
2862 2102 2923 2159 τὸ
2951 2105 3192 2177 μέτριον,
3224 2104 3454 2175 ἀλλαχοῦ
3489 2104 3555 2157 τδ
3584 2103 3677 2156 ἔν-

2092 2203 2232 2268 θεον,
2261 2200 2536 2270 πανταχοῦ
2561 2200 2622 2251 τὸ
2648 2198 2789 2251 θεῖον
2816 2194 2911 2251 καὶ
2944 2197 3205 2266 ἀσφαλές.

2161 2297 2273 2349 Καὶ
2322 2294 2375 2347 τί
2430 2312 2494 2363 γε
2545 2292 2671 2371 ἄλλο
2718 2290 2750 2362 ἥ
2800 2290 3025 2360 λειμῶνι
3081 2286 3372 2360 πολυφόρῳ
3416 2287 3519 2351 τάς
3571 2287 3676 2342 τοῦ

2104 2388 2283 2456 Ἀγίου
2311 2384 2527 2458 γραφὰς
2559 2380 2967 2454 παρεικάζοντι,
3012 2382 3087 2443 ὼς
3112 2378 3395 2450 βούλεσθαι
3425 2380 3526 2451 μὲν
3546 2379 3671 2448 δρε-

2090 2480 2311 2550 πομένῳ
2338 2481 2450 2541 τοῖς
2478 2476 2655 2538 ἄλλοις
2683 2472 2996 2547 προτιθέναι
3038 2470 3107 2524 τὰ
3139 2472 3422 2537 κάλλιστα,
3460 2471 3536 2542 μὴ
3579 2468 3667 2522 δύο

2089 2570 2281 2625 νασθαι
2298 2570 2373 2632 δὲ,
2397 2568 2509 2623 ἀλλ’
2527 2567 2854 2638 ἀκινητίζειν
2875 2558 2984 2617 οἷον
3014 2565 3105 2616 καὶ
3130 2562 3515 2626 ἀπενεοῦσθαι,
3536 2558 3679 2632 πρὸς

2086 2664 2149 2717 τδ
2184 2662 2423 2716 ποικίλον
2454 2659 2555 2730 τῆς
2594 2658 2848 2729 χάριτος;
2883 2654 3070 2721 Οῦτως
3099 2655 3209 2724 ἐγὼ
3242 2657 3343 2709 οὐκ
3370 2654 3675 2725 ἐξηγητὴς,

2088 2754 2147 2805 οὐ
2191 2749 2605 2824 παραφραστὴς,
2634 2747 2746 2801 ἀλλ’
2780 2750 3073 2821 ἀκροατής.
3116 2747 3278 2814 Μέγα
3322 2745 3453 2817 γὰρ,
3499 2746 3549 2797 εί
3580 2747 3677 2798 καὶ

2090 2845 2300 2917 μύστης
2350 2844 2458 2897 τῶν
2505 2843 2771 2914 οὐρανίων
2817 2841 3084 2911 ἐγενόμην
3130 2839 3475 2906 σαλπίγγων,
3529 2837 3676 2909 πλὴν

2084 2940 2186 2993 οὐκ
2214 2940 2372 3003 εὐθὺς
2398 2941 2489 2993 καὶ
2522 2939 2779 3009 ἐξαίφνης
2810 2934 3120 3005 ἐνηχουσῶν
3152 2932 3256 3003 (ἶν’
3291 2928 3383 2985 οῦν
3414 2929 3677 2983 ἐντεῦθεν

2086 3033 2176 3085 καὶ
2196 3032 2293 3102 τὴν
2315 3029 2506 3101 νοεράν
2532 3026 2861 3097 ἀκουστικὴν
2891 3024 3207 3095 παρεϐλάϐη
3218 3023 3371 3094 μεν),
3400 3022 3515 3075 ἀλλ’
3547 3018 3677 3093 ἠρέ-

2090 3138 2196 3191 μα,
2229 3120 2322 3172 καὶ
2368 3118 2509 3171 κατὰ
2563 3112 2755 3189 μικρὸν
2798 3113 3245 3187 προϐιϐαζουσῶν
3284 3110 3423 3183 πρὸς
3464 3110 3528 3164 τὸ
3572 3111 3679 3181 τῆς

2086 3212 2338 3281 γνώσεως
2385 3209 2754 3281 ἐνηχέστερον.
2810 3210 2904 3271 ὐς
2958 3207 3022 3277 δὴ
3069 3205 3273 3276 τρόπος
3313 3203 3511 3273 σχολῆς
3562 3202 3680 3256 ἀπὸ

2087 3307 2324 3370 πάντων,
2354 3302 2447 3356 καὶ
2477 3300 2750 3372 προσοχῆς
2786 3299 2879 3352 ἐπὶ
2912 3302 3024 3361 τοῖς
3055 3296 3334 3367 μεγίστοις
3365 3295 3485 3369 νοδς
3528 3294 3681 3347 κατά

2086 3397 2279 3469 μικρὸν
2302 3392 2707 3465 ἀναμάττεσθαι
2734 3390 2803 3443 τά
2833 3382 3117 3459 νοούμενα,
3148 3387 3242 3440 καὶ
3272 3386 3427 3448 τέλος
3463 3387 3546 3448 εἰς
3580 3402 3680 3437 τε-

2082 3490 2227 3543 λείαν
2256 3487 2455 3558 γνῶσιν
2490 3483 2758 3549 ἐνίξεσθαι
2783 3482 2874 3534 τὸν
2900 3480 3256 3551 γινώσκοντα.
3289 3477 3462 3530 Τοῦτο
3486 3476 3547 3529 δέ
3580 3492 3679 3545 μοι

2084 3580 2367 3653 προύξένει
2416 3581 2444 3631 ὁ
2483 3576 2576 3629 τοῦ
2620 3574 2983 3647 προκειμένου
3018 3571 3249 3633 σκοπὸς,
3280 3571 3339 3622 ἐν
3382 3569 3680 3622 ἐπιστάσει

2082 3673 2349 3743 γινομένῳ
2376 3669 2484 3723 τῶν
2524 3666 2831 3737 λεγομέιων
2859 3663 2979 3717 καθ’
3008 3663 3255 3715 ἕκαστον.
3283 3662 3360 3715 Οὐ
3388 3664 3573 3733 χεῖρον
3614 3663 3675 3716 δέ

2084 3764 2392 3837 προσθεῖναι
2415 3761 2508 3813 καὶ
2540 3757 2718 3819 τοῦτο,
2749 3757 2830 3809 ὅτι
2858 3757 2951 3809 καὶ
2978 3754 3231 3826 μεγάλως
3263 3753 3680 3824 ἐχειραγωγού-

2086 3872 2221 3926 μην,
2248 3852 2447 3905 ὡσανεὶ
2487 3847 2615 3902 λαοῦ
2661 3846 3084 3917 πρεσϐυτέροις,
3135 3847 3250 3907 τοῖς
3292 3844 3679 3914 παλαιοτέροις

2083 3944 2346 4015 ἑπόμενος
2379 3940 2513 4011 πρὸς
2552 3938 2653 4009 τὴν
2695 3936 2788 3988 ἐπὶ
2825 3932 2886 3988 τὸ
2926 3934 3066 3988 θεῖον
3096 3934 3223 4006 ὅρος
3250 3933 3352 4003 τῆς
3382 3950 3681 4003 μυσταγω-

414 4023 524 4092 Qui
552 4036 685 4077 sane
715 4021 840 4075 dum
882 4018 1069 4073 Sancti
1114 4014 1271 4083 bujus
1294 4016 1495 4084 scripta
1529 4015 1978 4083 interpretantur,

412 4117 555 4169 viam
582 4128 647 4167 eo
672 4109 985 4165 tendentem
1014 4109 1145 4163 mihi
1182 4118 1584 4179 exposuerunt,
1616 4123 1679 4162 ac
1710 4121 1795 4160 me
1826 4122 1983 4160 secu-

415 4221 537 4262 rum
570 4202 956 4266 reddiderunt;
1005 4198 1357 4269 quamobrem
1387 4199 1552 4252 etiam
1586 4196 1862 4263 contendi,
1894 4196 1981 4251 do-

2083 4036 2207 4104 γίας
2248 4031 2525 4086 ἀνάϐασιν.
2564 4030 2626 4082 Οἱ
2656 4027 2719 4098 δὴ
2750 4026 2840 4079 καὶ
2860 4026 2931 4078 τὰ
2953 4024 3048 4077 τοῦ
3082 4025 3331 4094 μάκαρος
3360 4022 3675 4094 ἐξηγούμε-

2082 4144 2186 4191 νοι,
2215 4125 2315 4194 τῆς
2359 4120 2637 4175 ἐπὶτοῦτο
2684 4117 2958 4188 φερούσης
3006 4134 3095 4187 μοι
3128 4114 3443 4185 ἐξηγοῦντο,
3472 4116 3569 4168 καὶ
3610 4114 3675 4166 τὸ

2081 4214 2318 4283 ἀσφαλὲς
2344 4212 2602 4282 παρεῖχον
2620 4225 2632 4237 ·
2665 4208 2748 4276 ἐφ’
2773 4208 2909 4278 ὅπερ
2937 4205 3029 4259 καὶ
3056 4203 3381 4275 ὁρμηθείην,
3414 4203 3522 4265 ἓως
3546 4203 3678 4274 ὁδη-

414 4314 515 4354 nec
566 4296 933 4368 pertingerem
979 4307 1045 4347 eo
1085 4306 1195 4362 quo
1245 4290 1555 4359 pertingere
1604 4297 1880 4359 poteram,
1926 4297 1981 4341 et

2094 4308 2343 4377 γούμενος
2391 4302 2598 4371 ἔφθασα
2641 4293 2701 4352 οὗ
2751 4298 2951 4368 φθάσαι
2993 4295 3088 4349 καὶ
3122 4294 3421 4366 ἐδυνήθην,
3471 4295 3569 4347 καὶ
3607 4289 3675 4346 οὗ

410 4405 521 4462 quo
550 4388 790 4460 perveni.
829 4386 885 4441 Si
910 4385 1129 4455 quidem
1160 4397 1329 4452 prope
1349 4420 1363 4445 ,
1393 4390 1450 4434 ut
1476 4395 1666 4471 spero,
1702 4379 1876 4471 gratia
1913 4380 1983 4433 sit

2094 4399 2414 4471 κατήντησα.
2448 4394 2511 4446 Εἰ
2546 4391 2641 4462 μὲν
2666 4385 2758 4442 οὖν
2783 4390 2949 4457 ἐγγὺς
2982 4388 3082 4456 τῆς
3116 4386 3350 4451 ἐλπίδος,
3376 4385 3542 4457 χάρις
3571 4386 3683 4455 μὲν

410 4484 543 4547 Deo,
571 4497 602 4536 a
630 4495 739 4549 quo
769 4493 933 4535 omne
951 4475 1094 4546 quod
1125 4476 1194 4528 ab
1239 4472 1551 4528 hominibus
1581 4470 1717 4525 bene
1751 4470 1831 4536 ﬁt,
1864 4485 1982 4541 gra-

2094 4470 2356 4558 Baqr‘mp‘
2381 4480 2440 4538 οὗ
2472 4484 2577 4535 πᾶν
2608 4480 2911 4552 ἀνθρώποις
2938 4477 2999 4530 τὸ
3020 4476 3477 4571 κατορθούμενον,
3506 4478 3676 4548 χάρις

414 4576 484 4629 tia
519 4574 650 4629 item
674 4572 781 4626 tuis
807 4569 1012 4625 sanctis
1034 4567 1310 4637 precibus,
1333 4564 1528 4633 quibus
1559 4562 1751 4628 fretus,
1783 4562 1851 4616 ad
1882 4564 1981 4617 hoc

2094 4575 2139 4627 5ἐ
2172 4575 2263 4627 καὶ
2290 4574 2408 4634 ταῖς
2448 4572 2565 4631 σαῖς
2598 4569 2781 4636 ἁγίαις
2812 4567 3030 4636 εὐχαῖς,
3067 4562 3156 4628 αἷς
3203 4566 3488 4637 θαρρήσας
3536 4569 3681 4621 ἀπε..

411 4680 546 4734 Opus
589 4678 678 4717 me
717 4660 951 4723 accinxi,
996 4668 1052 4712 et
1098 4657 1298 4726 quibus
1339 4655 1591 4725 adjutus,
1624 4668 1729 4707 non
1760 4653 1981 4708 omnino

2094 4664 2327 4733 Ξυσάμην
2374 4659 2510 4730 πρὸς
2552 4656 2613 4709 τὸ
2646 4654 2946 4724 ἐγχείρημα
2969 4693 2984 4718 ,
3020 4655 3114 4706 καὶ
3142 4647 3231 4715 αἷς
3261 4652 3637 4725 βοηθούμενος
3657 4694 3673 4716 ,

410 4753 601 4824 procul
631 4767 661 4806 a
693 4755 892 4806 decoro
920 4749 1195 4803 aberravi.

2094 4755 2143 4809 >ύ
2173 4754 2360 4825 πόρρω
2388 4747 2663 4810 παντελῶς
2691 4746 2996 4817 ἐξετράπην
3028 4744 3123 4797 τοῦ
3157 4744 3389 4807 δέοντος.

487 4840 641 4912 Q’nod
671 4842 716 4898 si
742 4846 845 4897 hoc
870 4840 1087 4912 quidem
1122 4854 1251 4905 non,
1282 4838 1375 4892 sed
1401 4835 1623 4892 omnino
1655 4835 1841 4889 videar
1870 4835 1983 4888 inu-

2154 4845 2217 4896 Εἰ
2245 4843 2302 4896 δὲ
2334 4840 2492 4894 τοῦτο
2523 4836 2619 4908 μὲν
2654 4837 2713 4889 οῦ
2734 4877 2748 4901 ,
2782 4837 2961 4905 πάντη
2986 4835 3043 4888 δὲ
3076 4834 3303 4906 φανείην
3342 4834 3677 4905 ἀλυσιτελὴς

411 4939 523 4995 tilis
575 4944 630 4991 et
684 4933 1093 5003 reprobandus,
1148 4933 1277 4998 quid
1343 4928 1453 4999 pati
1513 4934 1745 4993 oportet,
1806 4925 1983 4978 sicubi

2094 4934 2179 4986 καὶ
2212 4931 2500 5000 ἀδόκιμος,
2528 4924 2584 4980 τί
2623 4926 2728 4997 χρὴ
2762 4925 2973 4987 παθεῖν,
3016 4925 3070 4977 εῐ
3120 4942 3225 4977 που
3260 4925 3480 4988 πολλοῖς
3511 4926 3678 4977 ἀνια-

408 5028 663 5103 plurimis
718 5027 931 5080 haerens
1010 5019 1415 5075 difﬁcultatibus
1475 5027 1694 5086 propter
1755 5015 1980 5082 imperi-

2094 5026 2199 5095 ροῐς
2223 5019 2358 5091 πρὸς
2383 5022 2451 5089 τῇ
2485 5017 2691 5087 ἀμαθίᾳ
2725 5032 2946 5086 συνισχη
2956 5015 3134 5083 μένος,
3156 5016 3217 5067 τὸ
3243 5017 3409 5085 τυχὸν
3434 5017 3497 5068 οὐ
3530 5034 3671 5069 κατ.

410 5125 540 5178 Iiam
583 5118 857 5189 quidpiam
890 5117 1028 5169 forte
1087 5128 1194 5168 non
1242 5123 1389 5166 recte
1420 5109 1634 5179 attigi?
1664 5110 1765 5164 boc
1802 5108 1977 5177 ipsum

2094 5111 2355 5181 ὤρθωσας
2392 5108 2453 5160 τὸ
2493 5106 2621 5175 γοῦν
2662 5105 2798 5177 πρὸς
2848 5103 3029 5173 ἰσχύος
3095 5107 3247 5175 ὅμως
3291 5110 3679 5175 προσαγαγεῖν

409 5229 542 5272 sane
559 5226 658 5285 pro
681 5208 820 5265 virili
844 5206 1002 5263 simul
1022 5207 1073 5259 in
1101 5204 1333 5259 medium
1355 5202 1601 5272 proferre
1630 5200 1852 5254 minime
1887 5213 1982 5253 nec

2094 5202 2186 5254 οὐκ
2213 5197 2526 5265 ἀπώκνησα.
2554 5195 2625 5247 Σὺ
2658 5194 2713 5248 δὲ
2751 5195 2784 5264 ἡ
2817 5192 2886 5246 τὰ
2920 5196 3097 5248 πάντα
3128 5195 3276 5266 ψυχὴ
3310 5196 3678 5267 θεομίμητος,

410 5280 574 5377 εΙοιὶξ
598 5303 679 5358 Tu
702 5315 832 5355 vero
861 5299 1042 5352 anima
1075 5310 1172 5364 per
1204 5296 1385 5348 omnia
1420 5292 1588 5347 Deum
1606 5292 1979 5356 imitans,non

2094 5292 2148 5343 οὐ
2180 5291 2239 5342 τὸ
2270 5288 2390 5341 κατ’
2415 5286 2590 5351 ἀξίαν,
2626 5280 2684 5337 εὖ
2713 5280 2848 5345 οἶδα,
2880 5283 3157 5354 ζητήσεις,
3194 5284 3310 5338 ἀλλ’
3336 5286 3583 5359 ἀποδέξῃ
3610 5286 3685 5340 τὸ

410 5372 464 5454 id
493 5397 637 5467 quod
667 5408 735 5448 ex
757 5391 953 5447 merito
979 5400 1084 5451 est,
1108 5398 1250 5441 recte
1276 5388 1413 5452 scio,
1438 5398 1667 5454 quaeres,
1684 5383 1777 5437 sed
1795 5395 1979 5450 prom-

2094 5378 2392 5450 πρόθυμον·
2436 5375 2557 5427 ἐπεὶ
2597 5375 2690 5426 καὶ
2727 5372 2845 5442 Θεῷ
2879 5390 3011 5441 φασι
3046 5374 3199 5442 φίλον
3235 5375 3300 5428 τδ
3337 5374 3486 5429 κατά
3509 5375 3682 5430 δύνα-

410 5462 560 5558 ptum
586 5487 826 5541 animum
867 5480 1154 5543 admittes,
1203 5474 1643 5545 quandoquidem
1675 5473 1837 5526 etiam
1870 5472 1979 5525 Deo

2094 5486 2199 5538 μιν.
2248 5465 2405 5519 Ἀλλά
2447 5465 2651 5516 τούτων
2699 5465 2793 5533 μὲν
2833 5462 2951 5525 an;
2978 5503 2992 5526 ,
3028 5466 3225 5535 καιρὸς
3265 5467 3323 5520 δὲ
3366 5467 3560 5520 λοιπὸν
3604 5468 3681 5520 τὰ

412 5554 597 5633 dicant
629 5585 843 5646 gratum
875 5585 995 5627 esse
1038 5567 1183 5639 quod
1227 5567 1528 5621 secundum
1572 5565 1718 5619 vires
1764 5561 1842 5615 ﬁt.
1875 5561 1981 5615 SeJ

2094 5558 2227 5611 κατά
2271 5558 2360 5609 τὸν
2415 5556 2585 5625 μέγαν
2630 5554 2899 5607 Διονύσιον
2932 5554 3205 5621 ἐκθεῖναι,
3240 5560 3342 5611 ὅσα
3387 5558 3531 5629 δῆτα
3577 5560 3683 5612 καὶ

411 5669 480 5722 de
520 5668 602 5722 bis
634 5644 850 5735 quidem
870 5663 1003 5718 satis
1039 5678 1053 5726 ;
1093 5668 1352 5715 cmlerum
1395 5667 1608 5724 tempus
1647 5663 1732 5709 est
1768 5670 1832 5709 ea
1862 5666 1982 5721 quae

2094 5650 2197 5709 τοῖς
2232 5645 2476 5705 παλαιοῖς
2509 5644 2804 5714 ἱστόρηται.

413 5764 481 5818 ad
519 5776 772 5832 magnum
803 5760 1117 5830 Dionysium
1165 5756 1441 5827 pertinent
1485 5751 1825 5825 exponendi,
1870 5763 1987 5819 qua:
2017 5755 2166 5803 certe
2194 5744 2358 5799 etiam
2391 5744 2459 5798 ab
2496 5741 2733 5811 antiquis
2765 5740 3001 5797 historiae
3030 5740 3289 5796 mandata
3321 5750 3471 5795 sunt.
