3916 6234
238 388 350 445 H3

1645 368 2182 430 PROLEGOMENA.

3389 346 3490 402 ιιι

312 500 428 568 Τὴν
461 496 637 550 τοίνυν
664 494 962 561 εὐγένειαν,
993 490 1085 545 καὶ
1109 490 1169 543 τὸ
1192 492 1249 544 ἐν
1275 487 1496 559 πλούτῳ
1530 484 1827 559 περιφανὲς

1999 478 2347 534 Nobilitatem
2374 475 2561 543 igitur,
2594 478 2648 525 et
2679 468 2919 523 illustres
2942 462 3158 517 άίιίιίος
3183 460 3300 531 ejus
3327 461 3497 517 Athe-

240 589 412 644 αὑτοῦ
434 630 449 653 ,
492 588 554 641 τὸ
589 588 707 641 κατ’
756 586 1067 656 Ἀθηναίους
1103 584 1397 655 παρίστησι
1433 580 1824 653 βουλευτήριον.

252 684 345 745 Ὦς
378 680 491 751 γὰρ
521 682 549 733 ὁ
582 680 723 743 θεῖος
756 680 972 740 Λουκᾶς
1011 678 1213 748 ἱστορεῖ
1262 679 1319 728 ἐν
1362 678 1484 737 ταῖς
1536 672 1827 743 Πράξεσιν,

240 769 325 837 εἷς
363 773 464 825 xui
497 767 651 834 οὗτος
677 767 746 841 ἦν
774 771 882 823 τῶν
910 767 1306 839 ἀρεοπαγιτῶν.
1332 765 1440 819 Τοῦ
1466 765 1645 818 τοίνυν
1680 761 1827 834 ἱεροῦ

242 862 554 917 ἀποστόλου
580 861 793 913 Παύλου
822 863 940 923 ταῖς
981 859 1229 929 Ἀθήναις
1255 856 1707 927 ἐπιδημήσαντος,
1737 851 1829 904 καί

240 971 353 1008 τισι
385 952 498 1007 τῶν
532 952 591 1019 ἐξ
636 952 960 1023 Ἐπικούρου
989 951 1080 1003 xui.
1106 950 1216 1003 τῶν
1244 948 1350 1003 ἀπὸ
1374 948 1476 1018 τῆς
1498 948 1666 1009 Στοᾶς
1694 962 1831 1016 συμ-

242 1046 529 1108 ϐαλόντος,
565 1046 659 1097 xui.
688 1044 781 1097 τὸν
820 1042 975 1112 λόγον
1012 1041 1114 1111 τῆς
1153 1041 1408 1111 ἀληθείας
1439 1038 1828 1110 κηρύττοντος,

240 1140 393 1201 τινες
419 1137 533 1189 τῶν
564 1138 741 1188 ἐκεῖσε
777 1134 1076 1204 φιλοσόφων
1102 1132 1289 1186 τοῦτον
1315 1131 1603 1202 συσχόντες
1628 1130 1719 1182 ἐπὶ
1739 1129 1830 1182 τὸν

247 1232 475 1301 Ἀρειον
516 1229 702 1294 Πάγον
737 1228 1047 1297 ἀπήγαγον,
1080 1223 1236 1287 δίκας
1329 1217 1404 1277 ὧν
1451 1223 1831 1295 ἐδημηγόρησε

243 1319 515 1373 δώσοντα.
559 1315 725 1369 Ἀλλά
756 1316 977 1372 κάκεῖσε
1014 1313 1352 1385 δημηγορεῖ,
1394 1316 1488 1367 καὶ
1526 1315 1629 1385 τῆς
1669 1311 1831 1368 αὑτοῦ

246 1409 405 1470 θείας
437 1405 686 1477 γλώττης
717 1406 939 1477 θήραμα
966 1404 1233 1473 γίνονται,
1269 1406 1363 1457 καὶ
1401 1403 1548 1457 ἄλλοι
1597 1404 1694 1475 μὲν
1735 1405 1835 1457 οὐκ

245 1501 421 1569 ὀλίγοι
446 1538 463 1562 ,
494 1496 631 1551 ἀλλά
664 1497 759 1549 καὶ
790 1497 954 1560 αὐτὸς
980 1496 1252 1557 Διονύσιος
1272 1535 1286 1558 ,
1322 1496 1416 1549 xui
1448 1495 1584 1566 γυνὴ
1614 1495 1835 1565 ὀνόματι

250 1592 531 1662 Δάμαρις,
563 1589 659 1642 xui.
682 1589 861 1661 ’ἑτεροι
891 1590 986 1643 σὺν
1016 1588 1217 1650 αὐτοῖς.
1249 1585 1633 1659 Προστέθειται
1664 1584 1719 1637 δὲ
1744 1586 1837 1638 xui

246 1682 310 1741 τὸ
341 1684 447 1753 τῆς
476 1682 633 1747 ἀξίας
661 1681 841 1755 αὐτῷ·
876 1681 1010 1751 φησὶ
1042 1679 1172 1751 γὰρ,
1208 1683 1240 1735 ό
1275 1680 1713 1748 Ἂρεοπαγίτης,
1748 1677 1840 1733 διά

1932 574 2201 629 niensium
2255 570 2358 623 iste
2418 575 2642 622 senatus
2694 560 2959 617 declarat.
3030 554 3491 622 Quemadmodum

1929 663 2073 719 enim
2101 661 2257 715 divus
2288 658 2463 713 Lucas
2490 654 2734 710 historiae
2766 649 2989 705 mandat
3017 647 3071 700 in
3104 644 3326 699 Actibus
3348 642 3413 707 “',
3448 642 3497 697 is

1928 755 2092 811 etiam
2123 767 2261 806 unus
2281 762 2397 807 erat
2432 746 2895 817 areopagitarum.
2925 740 3060 795 Cum
3086 738 3250 808 igitur
3275 744 3497 789 sanctus

1932 845 2209 916 apostolus
2242 843 2442 898 Paulus
2481 841 2724 894 Athenas
2767 832 3045 905 profectus
3069 837 3247 895 esset,
3279 837 3336 882 et
3373 841 3493 880 cum

1931 939 2260 1009 quibusdam
2288 933 2569 1004 Epicureis
2594 945 2659 984 ac
2685 926 2889 982 Stoicis
2909 937 3255 992 congressus,
3272 917 3496 974 verbum

1930 1029 2181 1085 veritatis
2246 1027 2609 1098 praedicaret;
2665 1018 2913 1075 nonnulli
2983 1016 3147 1070 isthic
3193 1009 3497 1083 philosophi

1932 1133 2053 1174 eum
2087 1116 2607 1187 comprehendentes
2639 1112 2706 1167 ad
2752 1112 3096 1179 Areopagum
3139 1105 3497 1167 abduxerunt,

1935 1225 2129 1281 poenas
2159 1210 2410 1264 daturum
2445 1215 2670 1277 propter
2710 1216 2774 1258 ea
2817 1216 2939 1270 quae
2976 1199 3330 1254 concionatus
3356 1201 3497 1248 erat.

1937 1304 2137 1357 Verum
2188 1301 2354 1356 etiam
2400 1298 2511 1353 illic
2554 1295 2934 1357 concionatur,
2984 1301 3038 1345 et
3086 1289 3281 1343 divina:
3330 1285 3500 1356 ipsius

1936 1395 2131 1464 linguai
2156 1393 2336 1463 praeda
2365 1390 2519 1457 fiunt,
2544 1397 2747 1459 praeter
2783 1386 2919 1440 alios
2949 1398 3057 1438 non
3084 1395 3302 1452 paucos,
3335 1377 3497 1431 etiam

1937 1489 2050 1558 ipse
2081 1485 2399 1555 Dionysius,
2426 1491 2482 1539 et
2515 1481 2711 1537 mulier
2750 1477 2971 1533 nomine
3011 1472 3278 1538 Damaris,
3316 1479 3369 1525 et
3407 1468 3499 1523 alii

1936 1597 2058 1638 cum
2092 1580 2192 1634 eis.
2225 1578 2368 1645 Quin
2404 1584 2460 1632 et
2494 1574 2780 1643 adjunctus
2811 1580 2895 1626 est
2933 1570 3007 1625 illi
3054 1567 3239 1621 titulus
3278 1563 3504 1634 dignita-

1938 1673 2041 1739 tis;
2079 1670 2156 1725 ait
2194 1670 2362 1734 enim,
2406 1664 2762 1736 AreOpagita,
2808 1660 2877 1715 ob
2922 1658 3208 1719 illustrem,
3252 1663 3310 1708 ut
3350 1652 3501 1706 arbi-

245 1777 311 1828 τὺ
365 1776 672 1847 περιφανὲς
720 1749 815 1828 τού
860 1774 1086 1845 ἀνδρὸς,
1118 1745 1308 1845 οἶμαι,
1335 1745 1406 1827 -ἔν
1450 1745 1715 1845 τενσοφίᾳ.
1744 1772 1837 1825 καὶ

1956 1779 2077 1827 .ror,
2109 1760 2212 1815 viri
2244 1757 2586 1826 sapientiam,
2642 1764 2698 1807 et
2747 1750 2987 1814 divitias,
3019 1763 3083 1801 ac
3106 1745 3266 1800 tertio
3283 1753 3504 1814 propter

249 1835 497 1937 πλούτῷ,
516 1835 528 1844 ’
548 1835 854 1937 καὶ-τρίτῳ
893 1835 972 1936 si];
1160 1835 1432 1929 πολιτείας
1463 1835 1835 1935 ἀνεπιλήπτῳ.

1963 1846 2420 1920 rreprehensibile
2448 1843 2662 1898 vivendi
2698 1840 3037 1896 institutum.
3082 1835 3199 1890 Non
3240 1835 3382 1888 enim
3410 1846 3503 1885 cu-

248 1958 327 2012 Ού
373 1957 491 2027 γάρ
528 1956 730 2019 παντὸς
769 1952 836 2027 ἦν
873 1957 935 2008 τὸ
967 1958 1045 2019 είς
1076 1957 1446 2027 ἀρεοπαγίτας
1481 1956 1687 2019 τελεῖν,
1723 1954 1837 2011 ἀλλ’

247 2049 308 2101 ὃν
344 2049 413 2102 ἂν
450 2051 483 2120 ή
521 2048 689 2119 συχνὴ
722 2049 901 2119 σοφία,
928 2050 1023 2103 καὶ
1051 2052 1078 2102 ὁ
1104 2049 1337 2120 χρηστὸς
1359 2048 1507 2118 βίος,
1542 2048 1635 2101 xui.
1666 2046 1726 2099 τὸ
1748 2047 1840 2099 ἐπὶ

249 2141 424 2192 πᾶσιν
463 2140 831 2213 ἀνεπίληπτον
861 2140 940 2202 εἰς
968 2140 1032 2192 τὸ
1064 2137 1303 2192 τοιοῦτον
1342 2138 1698 2211 προύκαλεῖτο
1729 2138 1843 2203 ἀξί-

249 2251 415 2305 ωμα·
466 2233 534 2285 ἐκ
588 2232 697 2303 γὰρ
743 2231 851 2285 τῶν
900 2231 1055 2285 ἐννέα
1104 2230 1520 2301 καθισταμένων
1566 2230 1842 2302 ἀρχόντων

263 2324 562 2396 Ἀθήνῃσιν
594 2324 702 2376 ἔδει
728 2325 852 2387 τοὺς
881 2323 1246 2394 ἀρεοπαγίτας
1271 2318 1429 2386 εἶναι,
1460 2315 1533 2376 ὧν
1564 2324 1592 2375 ὁ
1614 2320 1844 2394 ἀριθμὸς

250 2418 334 2479 είς
360 2416 462 2469 ἕνα
489 2416 587 2467 καὶ
614 2416 954 2485 πεντήκοντα
981 2414 1265 2467 ἐποσοῦτο.

330 2504 577 2567 Ἔξωθεν
618 2504 674 2558 δὲ
705 2505 807 2575 τῆς
848 2506 1053 2568 πόλεως
1090 2501 1158 2576 ἦν
1206 2505 1267 2558 τὸ
1310 2503 1450 2558 κατά
1486 2503 1579 2557 τὸν
1627 2504 1846 2575 Ἀρειον

255 2599 445 2665 Πάγον
493 2597 865 2669 δικαστήριον,
901 2598 1095 2668 κληθὲν
1120 2598 1281 2661 οὕτω,
1312 2597 1399 2651 διά
1440 2598 1502 2652 τὸ
1547 2598 1638 2651 τὸν
1671 2599 1847 2669 "Ap-qv

254 2690 442 2746 ἐκεῖσε
481 2686 714 2757 λαχόντα
760 2688 838 2759 τῷ
865 2688 1153 2741 Ποσειδῶνι
1194 2687 1368 2758 δίκην,
1404 2686 1573 2757 πῆξαι
1607 2688 1667 2741 τὸ
1716 2688 1848 2743 [διον

258 2780 545 2852 σκῆπτρον
587 2780 672 2848 ἐφ’
705 2774 749 2847 ᾧ
795 2780 1031 2852 κριθείη,
1077 2779 1273 2834 ὄτιτδν
1313 2780 1521 2833 ἐκείνου
1556 2781 1669 2835 υἱὸν
1717 2780 1850 2837 ἀπέ-

257 2887 474 2923 κτεινεν
516 2870 865 2942 Ἁλιρρόθιον.
911 2868 1185 2933 Ἐδίκαζον
1213 2869 1270 2922 δὲ
1333 2873 1686 2941 ἀρεοπαγῖται
1722 2871 1855 2943 περὶ

254 2960 369 3012 τῶν
388 2959 655 3031 μειζόνων
673 2962 1020 3032 σφαλμάτων,
1048 2962 1141 3014 xui.
1163 2963 1197 3032 ἡ
1216 2960 1421 3017 τούτων
1441 2961 1621 3032 κρίσις
1637 2962 1737 3014 οὐκ
1752 2961 1852 3015 ἐδί-

1937 1942 2111 2012 jusvis
2156 1950 2275 1994 erat
2319 1938 2466 1992 inter
2497 1934 2854 2004 Areopagitas
2896 1928 3145 1991 censeri,
3190 1926 3284 1980 sed
3344 1936 3503 1992 quem

1944 2035 2110 2089 multa
2134 2032 2424 2105 sapientia,
2453 2041 2509 2086 et
2533 2028 2701 2099 proba
2731 2028 2863 2093 vita,
2892 2034 2949 2079 et
2978 2025 3032 2078 in
3060 2023 3311 2078 omnibus
3335 2020 3506 2088 culpae

1941 2125 2156 2179 vacatio
2192 2123 2258 2177 ad
2297 2132 2504 2177 tantam
2544 2126 2805 2174 evexerat
2837 2115 3157 2185 dignitatem
3190 2129 3205 2164 :
3239 2110 3504 2180 siquidem

1942 2217 2174 2272 Athenis
2199 2232 2264 2271 ex
2288 2228 2481 2271 novem
2506 2211 2839 2283 principibus
2864 2207 3196 2272 constitutis,
3226 2202 3509 2276 Oportebat

1945 2324 2066 2364 esse
2093 2308 2495 2377 Areopagitas,
2548 2316 2780 2374 quorum
2828 2312 3088 2355 numerus
3133 2297 3199 2351 ad
3245 2312 3414 2350 unum
3455 2299 3509 2348 et

1944 2399 2338 2469 quinquaginta
2372 2404 2633 2451 extensus
2660 2391 2785 2446 fuit.

2015 2492 2147 2546 Erat
2198 2500 2378 2545 autem
2420 2499 2575 2543 extra
2625 2498 2804 2540 arcem
2870 2482 2924 2536 in
2976 2480 3116 2537 colle
3160 2478 3353 2534 Martio
3414 2477 3511 2533 tri-

1947 2582 2132 2648 bunal,
2158 2581 2239 2636 sic
2284 2579 2641 2650 appellatum,
2684 2579 2830 2647 quod
2879 2575 2954 2630 ibi
2996 2573 3141 2628 Mars
3181 2571 3509 2627 sententiam

1949 2672 2247 2741 accepisset
2274 2670 2523 2741 Neptuno
2550 2678 2823 2737 sceptrum
2868 2666 3145 2735 proprium
3193 2663 3410 2733 ligendi,
3446 2661 3512 2715 ad

1950 2764 2094 2831 quod
2124 2763 2519 2817 condemnatus
2562 2759 2685 2824 fuit,
2713 2758 2856 2828 quod
2877 2755 3045 2811 lilium
3094 2754 3209 2823 ejus
3238 2752 3516 2808 Halirrho-

1950 2855 2104 2908 thion
2129 2854 2443 2909 occidisset.
2493 2851 2816 2907 Judicabant
2865 2860 3045 2904 autem
3099 2844 3420 2916 areopagitze
3450 2844 3516 2898 de

1954 2944 2270 3013 majoribus,
2309 2954 2469 3013 atque
2510 2942 2704 2997 horum
2752 2940 3019 2995 sententia
3057 2952 3163 2992 non
3190 2933 3520 2991 concedebat

255 3054 350 3107 δον
367 3055 452 3125 τῷ
468 3054 710 3125 κριθέντι
724 3023 831 3125 τὴν.
843 3023 1044 3123 ἔφεσιν·
1064 3053 1143 3140 διρ
1160 3023 1252 3107 καὶ
1263 3054 1337 3117 ὡς
1352 3023 1552 3114 καινίῖὒν
1563 3053 1850 3125 δαιμονίων

1956 3039 2314 3093 condemnato
2340 3034 2778 3105 appellationem.
2809 3028 3169 3094 Quamobrem
3217 3023 3519 3096 philosophi

258 3120 610 3214 καταγγελέα
634 3146 727 3199 τὸν
756 3120 1029 3200 θειότατον
1052 3120 1151 3217 τῆς
1183 3145 1439 3216 ἀληθείας
1465 3120 1679 3218 κήρυκα
1706 3143 1850 3198 Παῦ-

1958 3130 2205 3197 Paulum,
2228 3128 2621 3184 divinissimum
2665 3124 2913 3181 veritatis
2941 3120 3371 3192 praedicatorem,
3390 3124 3519 3168 .tau-

257 3238 375 3301 λον,
575 3238 673 3309 τὴν
701 3237 763 3302 ἐξ
806 3238 1015 3309 Ἀρείου
1048 3207 1232 3307 Πάγου
1263 3207 1458 3309 βουλήν
1496 3207 1554 3289 οἵ
1578 3236 1850 3307 φιλόσοφοι

1956 3236 2117 3291 quam
2150 3233 2414 3275 novorum
2463 3217 2848 3273 dtemoniorum
2896 3225 3221 3283 praeconem,
3253 3208 3318 3261 ad
3348 3207 3520 3260 Areo-

258 3298 542 3382 Elxouutv.
587 3298 760 3381 Ἀλλά.
798 3298 882 3383 τὸ.
913 3298 1213 3400 τηνικαῦτα
1263 3298 1466 3400 ,χρόνου
1514 3298 1789 3399 βούλεύωνΙ
1826 3330 1850 3381 ό

1957 3316 2077 3386 pagi
2110 3312 2400 3369 concilium
2430 3309 2674 3365 trahunt.
2710 3308 2904 3363 Verum
2944 3315 3072 3358 tunc
3117 3298 3376 3370 temporis
3398 3311 3519 3350 cum

262 3420 573 3491 πάμμεγας
597 3419 869 3483 Διονύσιος
888 3461 903 3485 ,
943 3421 1167 3493 ἐκφέρει
1208 3422 1308 3492 τὴν
1334 3420 1514 3491 κρίσιν
1540 3420 1853 3484 ἀδέκαστον,

261 3510 327 3569 οὐ
370 3510 578 3578 λόγοις,
632 3512 746 3564 ἀλλ’
797 3513 981 3576 αὐτοῖς
1024 3512 1363 3584 πράγμασιν.
1406 3511 1707 3589 Ἐρρὦσθαι
1748 3511 1858 3585 γὰρ

264 3603 431 3671 ἀφεὶς
460 3603 637 3671 πάγον
665 3605 873 3656 ἐκεῖνον
915 3604 1010 3657 xui
1052 3602 1335 3673 σέμνωμα,
1368 3604 1461 3656 xui.
1480 3604 1658 3657 πᾶσαν
1692 3601 1862 3674 ἀλλην

266 3695 392 3747 κατ’
422 3695 591 3749 αὐτὸν
625 3698 1002 3767 περιφάνειαν,
1046 3696 1155 3749 τῶν
1208 3696 1367 3767 ίερῶν
1401 3696 1601 3764 ίῢγγων
1650 3696 1860 3765 γίνεται

268 3790 509 3853 Παύλου,
544 3791 640 3842 xui
683 3788 1081 3861 πῳσκολλᾶται
1110 3787 1331 3865 Χριστῷ
1353 3787 1418 3841 δι’
1462 3786 1645 3840 αὑτοῦ.
1672 3786 1863 3839 ηΤελεῖ.

266 3898 356 3934 ται
403 3881 592 3951 μέντοι
636 3880 724 3934 διὰ
771 3880 963 3933 τούτου
1013 3880 1084 3935 τά
1129 3879 1230 3948 τῆς
1280 3878 1553 3949 σωτηρίας
1596 3877 1857 3949 δόγματα,

269 3972 703 4040 παιδαγωγεῖται
729 3971 784 4025 δὲ
828 3971 1218 4033 διδασκαλικῶς
1244 3969 1337 4023 xui.
1365 3968 1471 4022 ὑπὸ
1511 3967 1588 4039 τῷ
1622 3970 1861 4039 μεγίστῳ

282 4064 555 4135 Ἶεροθέῳ,
594 4065 671 4125 ὡς
712 4063 872 4127 αὐτὸς
914 4064 973 4119 ὲν
1024 4061 1237 4126 πολλοῖς
1279 4061 1560 4133 μαρτυρεῖ.
1590 4059 1724 4112 Εἶτα
1768 4057 1861 4113 καὶ

272 4157 381 4211 {me
422 4156 641 4209 Παύλου
691 4155 989 4218 ἐπίσκοπος
1040 4154 1150 4208 τῶν
1218 4153 1471 4225 Ἀθήνῃσι
1537 4149 1862 4204 πιστευσάν-

272 4263 382 4299 των
422 4246 765 4299 καθίσταται.

344 4339 737 4393 Συντάττονται
748 4336 925 4391 τοίνυν
939 4336 1017 4409 τῷ
1040 4336 1291 4409 μακαρίῳ
1302 4333 1583 4406 πολλά”μὲν
1596 4333 1687 4387 xui
1699 4332 1786 4385 ἓτε
1794 4348 1861 4402 ρα

277 4434 712 4503 συγγράμματα,
742 4424 817 4484 ὧν
850 4430 913 4502 δὴ
942 4431 1037 4484 xui.
1067 4429 1261 4501 μνείαν
1293 4431 1525 4482 ποιεῖται
1572 4426 1666 4479 xui.
1708 4419 1861 4487 οὗτος

1958 3407 2188 3463 concilio
2217 3406 2504 3461 interesset
2530 3401 2801 3456 maximus
2830 3395 3138 3467 Dionysius,
3174 3392 3380 3461 profert
3405 3404 3523 3443 sen-

1961 3501 2183 3554 tentiam
2198 3500 2711 3567 incorruptant,non
2728 3492 2929 3553 verbis,
2944 3489 3036 3543 sed
3060 3486 3220 3540 factis
3232 3480 3522 3555 ipsis.Nam

1961 3594 2141 3650 valere
2167 3592 2364 3664 iubens
2388 3589 2583 3645 collem
2611 3587 2782 3649 illum,
2813 3591 2870 3637 et
2897 3581 3236 3651 dignitatem,
3268 3587 3323 3632 et
3367 3574 3525 3643 quid-

1962 3687 2092 3757 quid
2122 3687 2177 3741 in
2207 3699 2274 3740 eo
2304 3682 2513 3737 illustre
2538 3687 2680 3741 erat,
2708 3676 2879 3731 sacris
2906 3672 3053 3727 Pauli
3083 3670 3302 3724 voribus
3330 3679 3526 3721 conce-

1963 3755 2061 3844 dit,
2094 3786 2149 3833 et
2184 3791 2280 3846 per
2308 3776 2481 3846 ipsum
2506 3770 2724 3826 Christo
2782 3763 3165 3838 agglutinatur.
3212 3762 3289 3813 Ac
3333 3755 3526 3813 salutis

1964 3870 2180 3940 quidem
2205 3865 2474 3938 dogmatis
2507 3865 2574 3918 ab
2619 3862 2737 3931 ipso
2770 3859 3037 3922 initiatur,
3074 3853 3166 3909 sed
3213 3867 3244 3906 a
3289 3849 3525 3904 maximo

1966 3963 2261 4019 Hierotheo
2297 3956 2685 4029 magistraliter
2717 3950 3044 4009 instituitur,
3074 3941 3524 4016 quemadmodum

1965 4057 2197 4126 ipsemet
2238 4050 2488 4123 plurimis
2512 4047 2647 4103 locis
2692 4052 2942 4101 testatur.
2970 4036 3319 4095 Posttnodum
3364 4032 3526 4087 etiam

1965 4124 1999 4203 a
2030 4145 2195 4202 Paulo
2226 4143 2465 4199 ﬁdelium
2488 4138 2900 4195 Atheniensium
2929 4132 3216 4203 episcopus
3243 4124 3526 4182 constitui-

1965 4250 2073 4298 tur.

2035 4332 2300 4387 Cancrum
2328 4327 2627 4397 composita
2656 4323 2875 4378 fuerunt
2909 4318 2978 4372 ab
3010 4317 3110 4370 hoc
3141 4319 3331 4368 sancto
3361 4306 3527 4361 multa

1967 4423 2127 4477 etiam
2161 4421 2266 4475 alia
2303 4422 2528 4489 scripta,
2576 4427 2809 4486 quorum
2856 4420 3073 4481 quoque
3120 4405 3346 4472 ipsemet
3375 4413 3530 4451 men-

276 4528 335 4577 ὲν
358 4494 513 4585 ταῖς.
545 4494 962 4595 εὑρισκομέναις
1018 4494 1419 4592 πραγματείαις
1466 4517 1650 4572 αὐτοῦ.
1704 4515 1850 4567 Ἀλλᾶ

1973 4515 2170 4570 tionem
2202 4514 2330 4569 facit
2358 4513 2409 4566 in
2454 4511 2710 4580 operibus
2755 4518 2873 4573 quae
2918 4507 3150 4556 exstant.
3190 4494 3328 4561 Quin
3375 4501 3430 4544 et
3453 4500 3532 4543 te-

276 4616 373 4668 xui
405 4617 763 4685 μαρτυρεῖται
818 4611 1082 4677 σώζεσθαι
1114 4612 1303 4674 ταῦτα,
1335 4612 1439 4673 ἕως
1483 4607 1697 4671 πολλοῦ,
1724 4605 1864 4660 κατὰ

277 4707 379 4777 τὴν
404 4708 464 4758 ἐν
506 4705 694 4777 Ῥώμῃ
742 4703 1087 4776 βιϐλιοθήκην
1137 4702 1544 4772 ἀνατεθειμένα.
1576 4698 1778 4771 Γράφει
1806 4697 1863 4750 δὲ

278 4801 350 4852 τά
399 4798 630 4850 πλεῖστα
676 4796 814 4868 πρὸς
859 4797 947 4850 τὸν
988 4798 1045 4849 ἐν
1090 4796 1265 4865 ἁγίοις
1309 4792 1570 4865 Τιμόθεον
1619 4790 1711 4843 τὸν
1755 4787 1862 4841 τῶν

293 4891 562 4960 Ἐφεσίων
588 4890 905 4952 ἐπίσκοπον,
933 4889 1037 4942 ὑπὸ
1074 4889 1180 4945 τῶν
1208 4886 1349 4941 κατὰ
1367 4886 1463 4957 τὴν
1494 4886 1726 4953 Ἔφεσον
1765 4880 1873 4949 τῆς

292 4982 542 5052 Ἰωνικῆς
569 4981 883 5051 φιλοσοφίας
909 4978 1285 5051 προεστώτων,
1314 4974 1547 5039 ὡςείκδς
1592 4972 1872 5041 πάσχοντα

282 5075 609 5148 πράγματα,
639 5073 733 5126 xui
756 5073 1155 5144 πυνθανόμενον
1178 5071 1254 5133 ὡς
1281 5069 1390 5139 εἱδή
1401 5084 1559 5139 μονος
1586 5064 1683 5118 τοῦ
1710 5062 1872 5131 ἀγίου

280 5170 382 5241 τῆς
424 5167 761 5237 ἐξωτερικῆς
784 5166 1121 5236 φιλοσοφίας,
1157 5165 1243 5217 ἵνα
1296 5163 1389 5215 xui.
1437 5159 1635 5231 μᾶλλον
1672 5154 1874 5226 ἀγωνί-

282 5262 451 5324 ζοιτο.
478 5260 810 5327 Συνάγονται
853 5257 1034 5328 μέντοι
1078 5258 1144 5310 ἐκ
1183 5255 1291 5308 τῶν
1337 5250 1748 5325 προειρημένων
1773 5242 1873 5301 τοῦ

284 5349 501 5419 Πατρὸς
531 5349 976 5419 συγγραμμάτων
1001 5348 1095 5401 xui.
1116 5348 1297 5417 ἕτερα,
1327 5344 1363 5399 ὃ.
1392 5345 1489 5415 οὐχ
1530 5344 1875 5414 εὑρίσκονται

285 5442 422 5511 παρ’
457 5440 592 5511 ἡμῖν
616 5438 765 5491 τάδε·
798 5438 939 5506 Περὶ
1008 5434 1336 5508 (irrelth
1369 5430 1693 5500 ὶδιοτήτων,
1726 5429 1873 5499 Περὶ

286 5529 525 5601 ψυχῆς,
554 5531 695 5598 Περὶ
722 5529 956 5584 δικαίου
971 5529 1069 5585 καὶ
1105 5528 1265 5584 θείου
1281 5524 1709 5594 δικαιωτηρίου,
1726 5519 1869 5593 Περὶ

371 5759 417 5793 ⁸⁸
450 5760 573 5816 Act.
620 5772 760 5824 xvu,
789 5758 884 5817 54.

1974 4607 2231 4664 stimonio
2260 4602 2668 4673 comprobatum
2696 4605 2799 4662 est,
2834 4595 2948 4648 haec
3000 4591 3160 4658 longo
3182 4596 3431 4653 tempore
3476 4580 3530 4633 in

1973 4698 2218 4754 Romana
2272 4695 2599 4751 bibliotheca
2651 4686 2942 4757 deposita,
2998 4680 3165 4735 fuisse
3233 4679 3529 4729 asservata.

1976 4791 2178 4847 Scribit
2239 4799 2418 4843 autem
2471 4783 2700 4854 plurima
2754 4780 2820 4833 ad
2885 4783 3134 4830 sanctum
3191 4764 3533 4823 Timotheum

1974 4881 2329 4952 Ephesiorum
2360 4879 2692 4947 episcopum,
2722 4885 2751 4925 a
2794 4866 3067 4939 primariis
3113 4861 3313 4917 ionica:
3361 4854 3535 4925 philo-

1973 4973 2178 5042 s0phia:
2220 4944 2608 5030 sectatoribus,
2659 4959 2855 5030 Ephesi
2900 4955 3185 5028 plurimas,
3220 4949 3294 5004 uti
3324 4944 3535 5001 verosi-

1976 5039 2103 5118 mile
2130 5070 2233 5123 est,
2265 5058 2540 5114 molestias
2568 5054 2952 5113 sustinentem,
2994 5056 3050 5102 et
3078 5051 3324 5101 sanctum
3366 5039 3533 5099 hunc,

1981 5165 2235 5222 tanquam
2285 5159 2529 5204 externae
2562 5141 2917 5215 philosophia:
2958 5137 3214 5207 peritum,
3246 5126 3530 5185 consulen-

1977 5253 2107 5308 tem,
2156 5248 2216 5295 ut
2246 5239 2477 5293 validius
2534 5234 2834 5290 dimicaret.
2884 5228 3221 5296 Colliguntur
3261 5232 3422 5289 porro
3464 5230 3531 5269 ex

1977 5333 2250 5408 praedictis
2300 5330 2458 5398 hujus
2516 5326 2693 5381 Patris
2740 5321 2959 5392 scriptis
3015 5318 3176 5408 etiam
3230 5312 3359 5408 alia,
3414 5320 3533 5374 quas

1976 5402 2116 5496 apud
2147 5440 2246 5480 nos
2293 5423 2515 5478 minime
2556 5417 2924 5488 reperiuntur,
2970 5406 3219 5463 videlicet
3251 5402 3329 5455 De
3370 5411 3531 5496 σηρι-

1978 5488 2099 5573 Ιίεὶε
2140 5515 2564 5586 ριόιινὶειαιὶῡιιε,
2612 5510 2686 5565 De
2726 5508 2923 5570 anima,
2959 5500 3033 5555 De
3069 5500 3213 5571 justo
3255 5508 3316 5545 ac
3356 5488 3532 5542 divino
