3916 6234
214 358 320 415 121

1297 357 1381 413 DE
1416 354 1745 413 C(ELESTI
1782 353 2233 419 HlERARCHlA,
2271 352 2423 408 CAP.
2461 352 2503 407 ι.

3395 355 3499 410 122

208 492 375 547 mea,
422 475 520 528 καὶ
560 470 810 528 Geomth
850 471 1149 544 ἁπλότητα.
1202 473 1314 527 Καὶ
1362 470 1473 543 γὰρ
1512 472 1582 537 ἐξ
1625 471 1808 527 αὑτοῦ

1917 468 2235 539 plicitatem.
2265 468 2532 535 Quoniam
2564 484 2629 523 ea:
2656 468 2769 537 ipso
2811 478 2861 524 et
2905 469 2962 524 in
2993 485 3166 540 apsum
3213 480 3332 524 sunt
3379 488 3497 525 om—

208 572 410 625 πὰντα
440 572 487 602 ’³
521 569 620 623 καὶ
651 571 740 635 εἰς
769 567 977 634 αὐτὸν,
1008 566 1085 632 ὡς
1108 570 1137 622 ό
1166 567 1309 641 ἱερὸς
1331 566 1434 638 ἔφη
1463 567 1639 633 λόγος.

275 884 494 939 Οὐκοῦν
535 886 745 963 Ἱησξοῠν
783 886 1257 960 ἐπικαλεσάμενοι,
1285 888 1351 943 τὸ
1376 888 1640 961 πατρικὸν
1663 888 1810 959 φῶς,

200 976 262 1030 τὺ
297 977 359 1031 δν
386 979 456 1032 τὸ
488 980 787 1048 ἀληθινὸν
817 981 882 1045 ³³,
917 980 948 1035 ὃ
992 979 1221 1051 φωτίζει
1268 980 1466 1036 πάντα
1497 981 1811 1051 ἄνθρωπον

199 1069 539 1139 ἐρχόμενον
569 1076 658 1139 εἰς
694 1074 804 1128 τὸν
834 1076 1083 1144 κόσμον,
1106 1076 1173 1129 δι’
1199 1070 1259 1130 οὗ
1285 1076 1384 1147 τὴν
1415 1075 1552 1148 πρὸς
1578 1074 1667 1129 τὸν
1706 1077 1808 1148 ἀρ-

200 1160 443 1228 χίφωτον
491 1162 716 1235 Πατέρα
771 1166 1140 1236 προσαγωγὴν
1179 1167 1526 1236 ἐσχήκαμεν“,
1577 1165 1670 1217 ἐπὶ
1708 1165 1809 1229 τὰς

197 1250 310 1301 τῶν
364 1252 679 1323 ἰερωτάτων
717 1254 916 1324 λογίων
965 1257 1482 1329 πατροπαραδότους
1511 1256 1807 1329 magiam;

199 1342 275 1404 ώς
317 1344 544 1411 ἐφικτὸν
574 1347 981 1420 ἀνανεύσωμεν,
1012 1348 1228 1413 καὶτὰς
1254 1349 1346 1404 ὑπ’
1383 1348 1562 1402 αὐτῶν
1604 1350 1808 1422 συμϐο-

198 1432 371 1498 λικῶς
396 1437 531 1506 ἡμῖν
560 1439 656 1491 καὶ
693 1440 1053 1509 ἀναγωγικῶς
1099 1440 1464 1512 ὲκφανθείσας
1508 1442 1616 1497 τῶν
1643 1446 1805 1517 οὐρα-

197 1524 329 1575 νίων
354 1525 496 1601 νοῷν
527 1527 834 1599 ἰεραρχίας,
865 1530 941 1593 ὡς
976 1525 1087 1585 οἷόν
1126 1531 1189 1583 τέ
1220 1533 1409 1602 ἐσμεν,
1455 1531 1805 1589 ὲποπτεύσωο

200 1630 303 1683 μεν
328 1631 343 1644 ·
371 1618 469 1669 καὶ
490 1617 593 1688 τὴν
620 1620 858 1691 ἀρχικὴν
901 1622 992 1675 καὶ
1025 1622 1361 1693 ὑπεράρχιον
1386 1622 1431 1653 ³⁵
1455 1621 1550 1676 τοῦ
1589 1622 1805 1696 θεαρχι-

1918 564 2007 616 nia
2044 560 2096 625 ιι,
2130 569 2189 613 ιιι
2221 576 2401 617 sermo
2434 577 2591 617 sacer
2621 561 2716 616 ait.

1821 721 1849 792 ς
1886 720 1946 775 ιι.

1988 884 2353 952 Quamobrem
2392 882 2579 938 Jesum
2624 881 2979 945 invocantes,
3032 881 3084 951 2
3136 881 3227 952 qui
3272 890 3493 951 paterna

1915 979 2010 1033 lux
2036 989 2122 1033 est
2149 994 2290 1042 vera,
2318 992 2436 1042 qua:
2464 974 2730 1028 illuminat
2756 990 2963 1027 onmem
2994 972 3257 1027 hominem
3283 975 3496 1028 venien-

1912 1081 2016 1126 tem
2052 1072 2108 1125 in
2134 1072 2272 1124 hunc
2294 1068 2549 1124 mundum
2576 1077 2627 1131 ο,
2654 1081 2752 1135 per
2776 1080 2935 1135 quem
2975 1066 3041 1119 ad
3067 1066 3332 1136 originem
3358 1065 3494 1121 lucis

1913 1165 2131 1220 Patrem
2163 1177 2445 1218 accessum
2477 1160 2831 1224 obtinuimus,
2878 1158 2946 1211 ad
2990 1158 3492 1213 sacratissimorum

1910 1269 1940 1308 a
1975 1253 2228 1308 Patribus
2263 1251 2491 1305 traditas
2546 1249 2887 1318 eloquiorum
2941 1247 3336 1302 illustrationes
3392 1262 3494 1317 pro

1911 1346 2118 1399 viribus
2170 1342 2566 1413 suspiciamus;
2620 1356 2830 1395 necnon
2894 1340 2963 1395 ab
3002 1340 3136 1409 ipsis
3188 1339 3491 1408 symbolice

1910 1439 2069 1493 nobis
2103 1446 2159 1492 et
2189 1436 2487 1506 auagogice
2512 1433 2815 1504 patefactas
2860 1432 3170 1487 caelestium
3224 1432 3491 1484 mentium

1910 1528 2293 1591 hierarchias,
2341 1534 2503 1595 prout
2552 1538 2880 1595 possumus,
2934 1522 3281 1587 intueamur;
3330 1531 3493 1589 atque

1905 1620 2285 1693 principialem
2314 1627 2370 1673 et
2426 1614 2969 1686 superprincipialem
3000 1614 3198 1677 Patris,
3226 1612 3316 1682 qui
3342 1613 3492 1681 prin-

195 1706 297 1759 κοῦ
345 1707 565 1779 [ἰατρὸς
594 1711 926 1779 φωτοδοσίαν
1054 1712 1152 1777 τὰς
1180 1714 1287 1765 τῶν
1324 1714 1570 1783 ἀγγέλων
1598 1717 1727 1786 ἡμῖν
1748 1718 1807 1769 ὲν

1910 1714 2112 1783 cipium
2157 1711 2468 1766 Divinitatis
2515 1717 2618 1773 est,
2676 1707 3097 1762 illustrationem
3144 1707 3287 1776 (quae
3333 1704 3491 1759 nobis

192 1804 534 1864 τυπωτικοῖς
562 1802 851 1873 συμϐόλοις
878 1804 1123 1875 ἐκφαίνει
1165 1807 1586 1878 μακαριωτάτας
1629 1809 1808 1880 ἰεραρ-

193 1890 370 1962 χίας),
423 1892 614 1957 ἀῢλοις
658 1896 752 1947 καὶ
800 1896 1065 1967 ἀτρεμέσι
1088 1897 1207 1961 νοὸς
1242 1890 1543 1969 ὀφθαλμοῖς
1569 1899 1805 1965 εἰσδεξά-

196 2000 380 2055 μενοι,
413 1985 580 2038 πάλιν
614 1985 674 2052 ἐξ
698 1987 873 2058 αὐτῆς
910 1989 1005 2043 ἐπὶ
1037 1974 1354 2061 τὴν“ἀπλῆν
1390 1990 1562 2061 αὐτῆς
1602 1991 1804 2045 ἀνατα-

193 2076 385 2147 θῶμεν
427 2078 644 2133 ἀκτῖνα.
675 2079 787 2131 Καὶ
835 2079 944 2152 γάρ
982 2080 1103 2133 οὐδὲ
1145 2081 1284 2153 αὐτὴ
1328 2080 1547 2135 πώποτε
1586 2083 1685 2154 τῆς
1726 2085 1805 2137 οἰ-

193 2171 359 2233 κείας
400 2170 591 2241 ἐνικῆς
624 2170 903 2242 ὲνδὸτητος
934 2174 982 2205 ’⁸
1023 2172 1396 2239 ἀπολείπεται,
1422 2175 1559 2245 πρὸς
1588 2175 1804 2245 ἀναγω-

190 2260 363 2330 γικὴν
388 2260 448 2313 δὲ
469 2262 514 2290 ²⁶
530 2262 623 2314 καὶ
643 2263 886 2316 ἑνοποιὸν
908 2263 1018 2317 τῶν
1042 2265 1455 2336 προνοουμένων
1479 2266 1799 2339 σύγκρασιν,

190 2351 608 2424 ἀγαθοπρεπῶς
654 2354 1034 2428 πληθυνομένη
1088 2357 1184 2410 καὶ
1234 2356 1523 2429 προϊοῦσα,
1555 2360 1706 2430 μένει
1740 2376 1800 2413 τε

192 2442 347 2496 ἔνδον
379 2444 588 2513 ἑαυτῆς
629 2445 916 2517 ἀραρότως
940 2447 985 2479 ⁸⁷
1011 2448 1070 2499 ὲν
1096 2448 1336 2519 ἀκινήτῳ
1363 2448 1653 2519 ταυτότητι
1704 2465 1802 2520 μο-

190 2533 374 2603 vitam;
402 2539 708 2605 πεπηγυῖα,
740 2536 837 2589 καὶ
858 2538 984 2601 τοὺς
1007 2538 1094 2590 ἐπ’
1117 2538 1289 2608 αὐτὴν
1330 2538 1404 2602 ὡς
1429 2538 1647 2611 θεμιτὸν
1670 2540 1801 2593 ἀνα-

190 2626 456 2690 νεύοντας
479 2667 494 2691 ,
542 2627 822 2697 ἀναλόγως
860 2628 1044 2693 αὐτοῖς
1083 2630 1354 2683 ἀνατείνει
1374 2669 1389 2695 ,
1430 2631 1523 2684 καὶ
1566 2632 1801 2686 ἑνοποιεί

191 2720 342 2772 κατά
370 2719 474 2791 τὴν
502 2719 818 2792 ἀπλωτικὴν
855 2718 1028 2791 αὐτῆς
1067 2721 1259 2775 ἕνωσιν
1284 2721 1348 2776 ’⁸.
1380 2722 1490 2775 Καὶ
1526 2722 1635 2793 γὰρ
1676 2723 1797 2777 οὐδὲ

186 2810 420 2863 δυνατὸν
451 2812 657 2885 ἑτέρως
702 2814 835 2884 ἡμῖν
883 2812 1187 2884 ἐπιλάμψαι
1225 2814 1327 2886 τὴν
1372 2813 1667 2887 Θεαρχικὴν
1698 2816 1799 2868 ἀκ-

186 2906 337 2968 τῖνα,
373 2903 451 2975 μὴ
484 2908 532 2939 ²⁹
562 2911 628 2980 τῇ
662 2909 903 2979 ποικιλίᾳ
935 2906 1044 2960 τῶν
1086 2907 1245 2980 ἱερῶν
1282 2909 1799 2981 παραπετασμάτων

186 2996 561 3067 ἀναγωγικῶς
609 2981 1188 3073 περικεκαλυμμένην,
1232 3001 1328 3055 καὶ
1360 3004 1473 3064 τοίς
1498 3000 1617 3053 καθ’
1649 3001 1796 3071 ἡμᾶς

1907 1805 2225 1876 angelorum
2260 1803 2312 1857 in
2360 1800 2610 1872 ﬁguratis
2658 1799 2826 1869 signis
2877 1798 3220 1853 beatissimas
3251 1796 3491 1851 elucidat

1906 1897 2268 1965 bierarchias)
2318 1893 2770 1949 immaterialibus
2820 1900 2876 1947 et
2924 1890 3237 1946 intremulis
3288 1892 3490 1945 mentis

1904 1990 2082 2047 oculis
2112 1989 2560 2052 iutromittentes,
2594 2001 2659 2041 ex
2709 1986 2901 2041 eadem
2948 1998 3138 2038 rursus
3178 1983 3231 2036 in
3276 1980 3486 2051 simpli-

1903 2098 2021 2141 cem
2073 2083 2194 2154 ejus
2242 2082 2453 2136 radium
2509 2081 2856 2135 intendamus
2887 2101 2898 2135 :
2934 2092 3246 2148 quanquam
3311 2091 3489 2147 neque

1904 2175 2137 2244 ipsamet
2172 2188 2409 2242 unquam
2441 2171 2630 2225 intima
2661 2185 2756 2224 sua
2793 2169 3005 2223 unitate
3029 2166 3362 2231 destituitur,
3389 2166 3486 2221 sed

1902 2267 1970 2321 ad
2003 2267 2387 2321 sublimautem
2438 2274 2495 2319 et
2543 2261 2898 2315 uuiﬁcautem
2947 2274 3133 2314 eorum
3159 2258 3253 2328 qui
3297 2258 3483 2327 provi-

1903 2357 2086 2412 dentia
2136 2356 2511 2426 gubernantur
2541 2352 3137 2423 contemperationem,
3191 2350 3356 2411 dum,
3410 2349 3486 2404 uti

1901 2450 2081 2515 decet,
2114 2446 2351 2515 benigne
2384 2444 2782 2515 multiplicatur
2826 2450 2999 2512 atque
3041 2453 3284 2506 emanat,
3317 2441 3485 2496 etiam

1900 2540 2049 2595 intus
2072 2539 2125 2593 iu
2158 2538 2452 2608 semetipsa
2486 2536 2756 2591 stabiliter
2796 2544 3000 2600 manet,
3034 2534 3293 2589 immobili
3329 2533 3484 2588 iden-

1901 2634 2063 2688 titate
2090 2631 2346 2687 unimode
2393 2632 2632 2697 ﬁrmata,
2663 2640 2720 2686 et
2749 2631 2817 2686 ad
2859 2646 2919 2686 se
2960 2638 3019 2683 ut
3060 2629 3143 2683 fas
3172 2638 3257 2684 est
3299 2637 3484 2683 atten-

1899 2725 2111 2789 dentes,
2144 2738 2245 2794 pro
2287 2721 2552 2792 cujusque
2575 2722 2902 2792 capacitate,
2932 2720 3343 2790 simplilicativa
3385 2736 3483 2774 sua

1898 2818 2101 2873 unione
2148 2817 2413 2888 subrigit,
2466 2815 2817 2884 uniﬁcatque.
2875 2815 3063 2885 Neque
3109 2814 3253 2869 enim
3308 2821 3487 2883 potest

1896 2909 2055 2963 aliter
2080 2907 2609 2979 divino-principalis
2634 2908 2723 2962 ille
2746 2908 2930 2961 radius
2956 2905 3115 2961 nobis
3146 2905 3481 2969 illucescere,

1896 3001 2003 3057 nisi
2054 3016 2337 3057 sacrorum
2381 3001 2646 3056 varietate
2687 3000 3152 3070 operimentorum
3184 2997 3485 3068 anagogice

188 3093 430 3165 προνοίᾳ
457 3066 701 3164 πατρικῇ
742 3066 1029 3164 συμφυώς,
1057 3066 1150 3148 καὶ
1179 3093 1397 3158 οἰκείως
1410 3066 1799 3165 διεσκευασμέ-

1905 3093 2205 3158 obvelatus,
2250 3091 2408 3147 nobis
2456 3106 2677 3162 quoque
2720 3066 2945 3161 paterna
2979 3066 3323 3159 providentia
3354 3102 3485 3143 cou-

188 3196 310 3251 νην.

1898 3185 2224 3241 naturaliter
2252 3199 2318 3239 ac
2348 3186 2566 3255 proprie
2602 3185 2676 3239 sit
2704 3182 3167 3239 accommodatus.

1744 3361 1773 3434 ς
1808 3359 1899 3417 ιιι.

262 3476 358 3565 Διὸ
401 3476 501 3531 καὶ
550 3474 650 3547 τὴν
680 3476 981 3548 ὁσιωτάτην
1011 3476 1168 3549 ἡμῶν
1199 3477 1502 3551 ἰεραρχίαν,
1550 3480 1584 3551 ἡ
1617 3477 1799 3532 τελετ-

194 3570 359 3643 ἀρχις
392 3567 693 3640 ἱεροθεσία,
734 3568 835 3640 τῆς
872 3568 981 3623 τῶν
1006 3570 1273 3643 οὐρανίων
1304 3570 1594 3644 ἰεραρχιῶν
1629 3573 1798 3646 ὑπερ-

192 3664 426 3735 κοσμίου
477 3665 768 3736 μιμήσεως
820 3664 1142 3731 ἀξιώσασα,
1195 3667 1289 3720 καὶ
1335 3666 1437 3730 τάς
1498 3666 1797 3739 εἰρημένας

192 3758 393 3821 estw;
428 3757 711 3829 ἰεραρχίας
756 3758 963 3822 ὑλαίοις
996 3760 1241 3831 σχήμασι
1285 3762 1380 3813 καὶ
1420 3765 1794 3833 μορφωτικαϊς

195 3850 481 3904 συνθέσεσι
534 3852 917 3908 διαποικίλασα
946 3888 962 3916 ,
1020 3850 1423 3923 παραδέδωκεν,
1465 3855 1615 3918 ὅπως
1655 3856 1789 3909 ἁνα-

192 3953 367 4021 λόγως
411 3954 549 4024 ἡμῖν
583 3953 788 4017 αὐτοῖς,
839 3952 949 4006 ἀπὸ
994 3952 1105 4006 τῶν
1157 3953 1466 4025 ἰερωτάτων
1510 3953 1785 4021 πλάσεων,

193 4045 284 4099 ἐπὶ
312 4043 414 4107 τάς
447 4042 627 4107 ἁπλᾶς
654 4043 750 4096 καὶ
785 4042 1105 4107 ἀτυπώτους
1132 4044 1457 4116 ἀναχθῶμεν
1496 4044 1790 4115 ἀναγωγὰς

194 4139 283 4191 καὶ
299 4135 691 4207 ἀφομοιώσεις·
716 4136 839 4188 ἐπεὶ
860 4136 994 4207 μηδὲ
1013 4136 1237 4191 δυνατόν
1266 4139 1383 4191 ἐστι
1407 4137 1485 4209 τῷ
1502 4137 1623 4191 καθ’
1641 4140 1790 4211 ἡμᾶς

192 4226 268 4279 νοῒ
294 4227 365 4291 ³⁸,
408 4224 548 4297 πρὸς
579 4225 679 4296 τὴν
720 4225 882 4279 άῡλον
928 4226 1141 4297 ἐκείνην
1181 4227 1515 4300 ἀναταθῆναι
1553 4229 1663 4282 τῶν
1694 4230 1787 4282 οὐ-

195 4317 396 4388 ρανίων
447 4315 741 4388 ἰεραρχιῶκν
793 4315 1025 4388 μίμησιν
1066 4335 1125 4371 τε
1176 4319 1272 4372 καὶ
1312 4317 1565 4391 θεωρίαν,
1609 4322 1659 4373 εἰ
1710 4321 1787 4393 μὴ

1973 3477 2315 3549 Quapropter
2366 3480 2642 3549 primitiva
2690 3479 2783 3536 illa
2828 3480 3030 3535 rituum
3076 3493 3358 3533 sacrorum
3398 3477 3485 3534 in-

1900 3570 2133 3637 stitutio,
2159 3572 2560 3627 sanctissimam
2592 3584 2834 3628 nostram
2869 3572 3236 3629 ltierarchiam
3291 3586 3486 3642 super-

1897 3665 2172 3720 mundana
2204 3665 2511 3721 caelestium
2564 3665 2999 3720 ltierarchiarum
3049 3664 3361 3719 imitatione
3400 3663 3485 3719 di-

1894 3773 2056 3830 gnam
2089 3772 2342 3823 censens,
2374 3758 2667 3827 praedictas
2697 3756 3089 3812 immateriales
3116 3755 3481 3823 ltierarchias,

1898 3852 2276 3909 materialibus
2310 3852 2496 3923 ﬁguris
2541 3860 2597 3907 et
2646 3851 2955 3905 formativis
2999 3851 3485 3921 compositionibus

1897 3946 2230 4017 variegando
2280 3944 2651 4015 transcripsit,
2708 3952 2766 3997 ut
2822 3959 2922 4014 pro
2970 3952 3154 3999 nostra
3206 3959 3331 3999 cum
3375 3944 3483 4001 illis

1896 4036 2275 4107 proportione,
2310 4051 2339 4089 a
2373 4034 2769 4090 sacratissimis
2814 4032 3129 4087 ﬁctionibus
3165 4034 3232 4087 ad
3268 4034 3481 4104 simpli-

1895 4142 1988 4183 ces
2031 4130 2327 4199 ﬁgurarum
2376 4137 2630 4198 expertes
2673 4138 2948 4194 auagogas
2999 4133 3057 4179 et
3096 4124 3483 4180 similitudines

1896 4221 2224 4285 evebamur;
2255 4220 2695 4290 quandoquidem
2728 4219 2848 4273 ﬁeri
2882 4235 2988 4272 non
3019 4219 3212 4289 possit,
3242 4228 3300 4273 ut
3325 4233 3483 4273 mens

1895 4323 2087 4369 nostra
2133 4315 2201 4368 ad
2260 4312 2678 4367 immaterialem
2724 4310 2870 4365 illam
2908 4312 3213 4366 caelestium
3263 4312 3480 4365 bierar-

191 4414 253 4482 τῇ
291 4412 420 4463 κατ’
461 4410 626 4462 αὐτὸν
663 4409 826 4482 ὑλαίᾳ
865 4410 1206 4484 χειραγωγίᾳ
1244 4414 1544 4484 χρήσαιτο,
1578 4412 1648 4467 τά
1690 4414 1789 4485 μὲν

1905 4407 2144 4462 chiarum
2179 4406 2534 4461 imitationem
2567 4421 2631 4460 ac
2676 4406 3195 4475 contemplationem
3227 4405 3480 4460 intenda-

193 4501 502 4572 φαινόμενα
535 4499 727 4571 κάλλη,
763 4502 864 4572 τῆς
912 4502 1155 4572 ἀφανοῦς
1197 4505 1534 4578 εὐπρεπείας
1566 4506 1791 4559 άπεικο-

193 4592 430 4661 νίσματα
496 4588 860 4661 λογιζόμενος·
923 4592 1017 4644 καὶ
1066 4591 1164 4656 τὰς
1211 4591 1476 4663 αἰσθητὰς
1540 4592 1787 4657 εὐωδίας,

194 4681 570 4752 ἑκτυπώματα
602 4682 698 4753 τῆς
730 4682 927 4753 νοητῆς
967 4684 1283 4749 διαδόσεως’
1335 4685 1428 4739 καὶ
1475 4686 1575 4757 τῆς
1623 4684 1788 4739 ἀΰλου

193 4774 529 4843 φωτοδοσίας
570 4774 757 4828 εἰκόνα
795 4814 810 4839 ,
849 4774 920 4827 τά
966 4775 1128 4829 ὑλικά
1160 4775 1347 4846 φῶτα·
1394 4776 1491 4830 καὶ
1522 4777 1619 4849 τῆς
1649 4777 1793 4831 κατά

192 4867 315 4921 νοῦν
360 4866 711 4939 θεωρητικῆς
736 4869 1183 4942 ἀποπληρώσεως
1203 4911 1217 4935 ,
1250 4870 1349 4935 τὰς
1388 4872 1686 4940 διεξοδικὰς
1717 4875 1792 4927 ἰε-

196 4960 291 5033 ρὰς
321 4960 629 5033 μαθητείας
652 4978 667 4991 ·
703 4961 799 5015 καὶ
824 4961 926 5033 τῆς
958 4963 1280 5034 ἐναρμονίου
1306 4964 1442 5036 πρὸς
1461 4964 1530 5018 τὰ
1553 4964 1672 5019 Θεῖα
1700 4966 1795 5020 καὶ

268 5117 297 5158 b
330 5117 492 5171 Rom.
541 5132 621 5181 ιι,
674 5117 767 5173 36.
849 5125 873 5155 ο
901 5115 1057 5172 Joan.
1086 5134 1126 5184 I,
1152 5117 1210 5174 9.

1896 4507 2002 4562 tur,
2036 4499 2142 4553 nisi
2174 4514 2204 4554 e
2250 4500 2586 4568 propinquo,
2624 4498 2894 4553 materiali
2933 4514 3028 4552 usa
3071 4497 3239 4553 fuerit
3284 4512 3479 4551 manu-

1894 4594 2152 4649 ductione
2182 4615 2193 4649 :
2221 4594 2513 4665 cogitando
2556 4593 2793 4657 scilicet,
2838 4604 3169 4661 apparentes
3214 4593 3313 4646 has
3356 4591 3479 4662 pul-

1892 4686 2256 4753 chritudines,
2291 4700 2619 4741 arcanorum
2670 4699 2794 4738 esse
2838 4686 3095 4739 decorum
3138 4682 3372 4752 efﬁgies;
3412 4700 3478 4739 ac

1896 4779 2125 4834 sensiles
2151 4780 2381 4834 odorum
2415 4778 2738 4844 suavitates,
2781 4790 3071 4844 expressas
3105 4791 3226 4830 esse
3271 4775 3479 4845 ﬁguras

1898 4872 2160 4943 spiritalis
2215 4870 2635 4941 dispensationis
2666 4908 2683 4934 ,
2712 4878 2769 4924 et
2827 4868 3205 4923 immaterialis
3238 4868 3477 4923 illustra—

1903 4966 2069 5020 tionis
2113 4965 2351 5034 speciem
2396 4977 2507 5033 pra:
2563 4976 2623 5016 se
2675 4960 2823 5015 ferre
2872 4960 3079 5017 lumina
3135 4961 3469 5016 materiata:

1486 5269 1716 5327 νΑιιιΑε
1757 5239 2169 5331 L‘ECTtoaes.

265 5457 311 5486 ¹²
351 5453 455 5509 Ch.
491 5453 554 5525 D.
591 5452 655 5525 P.
683 5454 754 5507 τὰ
787 5454 984 5519 πάντα,
1030 5457 1214 5525 itaque
1246 5456 1299 5509 in
1336 5454 1524 5519 Paulo,
1562 5454 1719 5523 cujus
1750 5456 1864 5511 haec
1910 5455 2075 5509 verba
2127 5464 2273 5525 sunt.
2332 5457 2607 5513 scribitur.
2685 5458 2731 5491 ”
2762 5457 2818 5513 In
2870 5456 3049 5511 Budazi
3102 5456 3292 5512 codice
3344 5468 3466 5512 erat

200 5526 417 5598 vitiose,
467 5524 531 5598 τρ
578 5524 709 5598 δντα
756 5525 1253 5598 ἀληθινόν,ᾲίιξιιιιιθ
1303 5526 1613 5579 emendavit
1640 5524 1808 5590 ὅντως

1906 5524 2142 5598 ληθινόν,
2176 5524 2536 5598 Pachymeres
2588 5528 2898 5598 natatilegi
2949 5528 3068 5598 sine
3117 5526 3466 5598 distinctione

199 5595 261 5647 τὸ
282 5596 343 5649 ὃν
370 5594 434 5647 τὸ
463 5594 743 5665 ἀληθινόν,
773 5606 831 5649 et
850 5594 981 5650 cum
1001 5594 1373 5658 distinctione,
1401 5605 1694 5665 utrumque
1719 5612 1808 5665 ext

1905 5594 2023 5651 ens.
2101 5596 2146 5628 ”
2188 5597 2258 5648 ita
2287 5594 2593 5665 legendum.
2670 5600 2717 5631 ”
2753 5594 2989 5651 Memmii
3035 5596 3219 5649 liberé

203 5680 361 5740 quam
387 5667 690 5740 ‘Iectlpnem
735 5676 962 5740 secutus
995 5674 1086 5740 est
1122 5666 1320 5740 Scotus
1344 5674 1399 5720 et
1428 5665 1791 5740 Sarracenus.

1905 5667 2042 5740 '_Ch.
2087 5666 2148 5720 D.
2186 5665 2247 5740 Ρ.
2301 5667 2422 5740 Sar,
2466 5668 2604 5740 πρὸς
2635 5667 2939 5740 ἀναγωγὴν
2964 5665 3044 5740 δέ.
3120 5666 3163 5696 ³⁷
3193 5666 3262 5720 ΙΙ.

3351 5612 3463 5662 τος,

3354 5666 3465 5725 ένει

206 5735 349 5817 {vso}
381 5734 589 5805 ἑαυτῆς
615 5734 888 5860 cogar“,
914 5736 1008 5789 sed
1059 5736 1354 5817 mendose,_
1384 5735 1605 5803 Opinor,
1659 5752 1782 5791 cum
1810 5737 1959 5789 nulla
2005 5738 2329 5817 auctoritate
2373 5738 2478 5795 alia
2512 5734 2763 5795 'uitaturJ
2833 5734 3135 5793 “Budaeus
3178 5737 3467 5809 aspiravit,

210 5806 391 5860 αὑτης.
498 5806 544 5837 ⁹⁹
576 5805 639 5860 Β.
718 5807 733 5859 ἰ
763 5806 862 5860 μή.
891 5805 1219 5860 luteroretes
1250 5822 1355 5860 um
1394 5815 1633 5860 vertunt.
1712 5805 1755 5839 ³⁹
1786 5806 1889 5860 Cb.
1925 5809 1985 5860 ι).
2020 5806 2079 5860 Ρ.
2112 5825 2186 5860 νω

210 5806 391 5877 αὐτῆς.
498 5806 544 5837 ⁹⁹
576 5805 639 5866 Β.

718 5807 733 5859 ἰ
762 5806 862 5878 μή.
891 5805 1219 5877 luterpretes
1250 5808 1355 5861 nisi
1394 5815 1633 5863 vcrtuut.
1712 5805 1755 5839 ³⁹
1786 5806 1889 5865 Cb.
1924 5809 1985 5864 ι).
2020 5806 2079 5864 l’.
2112 5806 2209 5878 νῷ,
