3916 6234
223 312 332 370 ηε
872 310 964 366 DE
995 306 1322 368 C(ELESTI
1350 307 1769 366 nimam

1924 301 2801 366 P.1—mm'
3361 303 3470 376 iss

222 441 402 481 rerum
440 423 637 493 primm
664 423 889 480 Joannis
911 441 967 491 v,
1002 423 1117 493 20),
1154 426 1417 489 secundo,
1454 425 1581 494 quia
1628 441 1782 489 vera,
1826 434 1882 480 et
1916 424 2162 493 opposita
2222 422 2377 494 falsis
2414 421 2680 477 doctrinis
2726 420 3009 494 gentilium
3038 428 3094 476 et
3119 419 3469 494 philosopho-

228 506 378 550 rum.
410 492 626 561 Tertio,
658 498 783 563 quia
824 497 1011 549 verius
1043 492 1420 563 etperl‘ectius
1457 492 1555 551 nos
1587 495 1880 555 illuminat.
1912 492 2077 562 quam
2120 495 2296 548 omnis
2330 493 2419 546 lux
2447 507 2736 560 corporea,
2776 503 2834 548 ut
2883 492 2957 548 sit
2986 492 3301 561 metaphora
3336 492 3350 549 Ξ
3387 498 3467 550 sic

223 564 486 622 Christus
510 562 713 620 dicitur
760 579 891 619 vera
931 566 1060 619 vitis
1101 562 1163 629 l7;
1201 565 1281 621 sic
1329 566 1674 621 Eucharistia
1706 565 1909 619 dicitur
1930 580 2093 620 verus
2121 565 2281 632 panis
2310 575 2372 616 ω.

300 634 410 700 Qui
441 635 720 706 illuminat
750 652 953 706 omnem
984 635 1270 706 hominem.
1297 637 1459 706 Quia.
1507 636 1683 703 inquit
1712 635 1967 706 Cygillus,
2016 635 2278 706 omnibus
2325 644 2450 689 actu
2497 635 2589 706 dat
2620 632 2799 706 lumen
2830 632 3078 693 rationis.
3096 632 3309 706 _Verum
3347 635 3465 690 haec

229 708 430 760 melius
467 705 762 774 accipeﬁde
802 703 1005 759 lumine
1035 704 1291 774 spiritali.
1326 701 1771 760 Verbum—euim'
1798 704 1980 758 Patris
2012 704 2283 774 illuminat
2324 718 2539 758 omnem
2567 703 2843 758 hominem
2876 713 2927 774 ηε
2956 701 3145 774 supple
3202 716 3463 774 quantum

228 775 286 829 in
333 775 459 844 ipso
506 772 613 829 est;
654 773 808 829 Unde
855 775 951 842 qui
997 772 1103 829 non
1138 775 1538 837 illuminantur,
1577 775 1682 829 sibi
1709 778 2018 844 imputent_:
2035 774 2158 843 quia
2190 773 2368 826 lumen
2407 774 2551 839 ﬁdei,
2587 781 2641 827 et
2662 774 2851 842 gratiae
2893 772 3093 828 Christi
3130 773 3344 840 oblatae,
3380 791 3465 830 re-

220 842 411 916 cipgre
446 844 647 898 nolunt
676 863 689 898 :
718 844 794 916 ita
826 845 970 898 idem
1008 844 1268 916 Cyrillus,
1302 861 1424 900 cum
1455 842 1848 916 Chrysostomo
1890 855 1945 899 et
1976 842 2403 913 Theophylacto.

294 912 407 967 Per
437 930 591 978 quem
616 915 685 985 ad
721 911 1068 985 ἀρχιερωτον,⁷
1088 914 1137 967 id
1169 924 1274 975 est,
1305 916 1558 985 originem
1574 911 1725 968 'lucis
1748 913 1982 976 Patrem,
2008 911 2274 985 accessum
2311 914 2643 985 obtinuimus_
2658 913 2819 985 (unus
2867 911 3317 985 enimdmediator
3366 914 3463 973 Dei

220 994 270 1037 et
300 985 613 1047 hominum,
638 981 806 1037 homo
820 981 1067 1038 Christus
1103 986 1262 1055 Jesus
1298 984 1347 1055 °)
1386 981 1456 1038 aa
1482 985 1962 1039 sacratissimorum
2011 1001 2043 1035 a
2064 981 2573 1055 ARatribustraditas
2597 981 2942 1055 Eloquiorum
2976 982 3377 1047 illustrationes,
3410 985 3463 1038 id

220 1062 309 1107 est
340 1069 540 1107 sacras
571 1055 908 1123 Scripturas,
956 1070 1051 1124 pro
1083 1054 1277 1108 viribus
1300 1052 1694 1123 suspiciamus;
1741 1070 1834 1106 nec
1886 1070 1989 1106 non
2021 1053 2083 1106 ab
2105 1053 2233 1119 ipsis
2273 1052 2554 1121 symbolice
2597 1054 2745 1105 nobis
2788 1063 2836 1105 et
2861 1055 3143 1175 anagogice
3170 1055 3464 1121 pate/actas

220 1125 523 1175 caelestium
554 1128 812 1175 mentium
851 1124 1205 1175 Itierarchias.
1232 1134 1386 1175 prout
1425 1141 1725 1175 possumus.
1754 1122 2080 1175 intueamur.
2121 1122 2280 1175 Nam.
2315 1131 2373 1174 ιιι
2410 1121 2856 1175 Chrvsostomus.
2885 1123 3032 1175 ltomi
3061 1164 3074 1175 .
3114 1124 3185 1175 26
3214 1124 3269 1175 in
3300 1124 3464 1175 Joan-

218 1125 523 1190 ctzlestium
554 1121 812 1178 ment—ium
851 1121 1205 1189 ltierarchias,
1232 1121 1399 1192 prout»
1425 1141 1725 1192 possumus,
1754 1122 2080 1179 intueamur.
2121 1122 2280 1186 Nam,
2312 1131 2373 1192 ttt
2410 1121 2856 1192 Chrysostomus,
2885 1121 3074 1178 homil.
3114 1124 3185 1176 26
3214 1124 3269 1176 in
3300 1124 3465 1187 Joan-

218 1210 340 1245 nem
367 1195 452 1246 ait
492 1193 557 1224 ³³⁸
591 1212 605 1250 :
634 1192 807 1248 Omne
845 1193 978 1249 illud
1009 1195 1154 1263 quod
1183 1196 1282 1248 sub
1306 1191 1525 1249 sensum
1551 1194 1722 1256 cadit,
1754 1192 2116 1263 substantiam
2170 1191 2482 1263 angelorum
2523 1191 2801 1263 declarare
2846 1208 2952 1245 non
2983 1203 3180 1259 potest,
3215 1195 3309 1247 sed
3339 1210 3461 1247 cor-

219 1276 325 1329 pus
352 1263 503 1328 quod
535 1263 701 1333 habet
728 1261 1146 1318 crassitudinem
1177 1274 1230 1318 et
1248 1265 1514 1332 triplicem
1544 1263 1962 1333 dimensionem.
1987 1261 2139 1333 Unde
2168 1261 2329 1333 ﬁtnt,
2362 1261 2486 1314 dum
2517 1261 2816 1333 Scriptura,
2849 1263 2916 1316 ad
2942 1273 3159 1331 captum
3189 1273 3458 1329 nostrum,

216 1333 516 1399 spiritibus
552 1332 897 1402 incorporeis
944 1348 1239 1402 corporeas
1290 1330 1493 1400 ﬁguras
1523 1332 1757 1401 afﬁngit,
1813 1331 1880 1385 iis
1911 1332 2129 1399 quidem
2160 1330 2250 1398 qui
2278 1332 2421 1400 digni
2468 1341 2614 1399 sunt,
2642 1330 2712 1385 'ct
2754 1332 2821 1385 ad
2851 1333 3207 1402 anngogicmtt
3240 1348 3457 1387 sensum

221 1402 653 1464 transcendunt,
677 1401 1010 1465 innotescat,
1037 1401 1264 1470 reliquis
1296 1418 1428 1457 vero
1450 1403 1702 1456 omnibus
1747 1402 1799 1455 in
1839 1415 2042 1456 arcano
2070 1409 2160 1470 _et
2208 1402 2421 1455 occulto
2453 1401 2830 1470 relinquatur:
2888 1401 3169 1469 quod’illis
3193 1404 3326 1457 visis
3351 1404 3461 1457 alte

216 1473 599 1543 signiﬁcatur,
628 1472 802 1537 Atque
826 1468 1190 1543 principialeru
1218 1483 1266 1526 et
1288 1488 1450 1541 supra
1470 1488 1644 1543 quam
1672 1471 2046 1543 principialem
2060 1468 2262 1543 Patris,
2311 1472 2401 1540 qui
2424 1468 2744 1543 principium
2772 1468 3075 1543 Divinitatis
3095 1481 3195 1536 est,
3221 1473 3461 1528 illustra-

215 1544 444 1612 tionem,
480 1542 534 1595 id
562 1552 649 1596 est
685 1541 1026 1612 Scripturam
1059 1542 1207 1612 (vide
1236 1559 1420 1610 supra.
1455 1541 1752 1596 Generales
1776 1541 2208 1612 observationes)
2248 1556 2365 1612 qua;
2394 1543 2543 1612 nobis
2593 1541 2898 1612 angelorum
2920 1542 2973 1593 in
3000 1541 3245 1611 ﬁguratis
3295 1543 3460 1612 signis

215 1610 565 1681 beatissimas
596 1610 827 1668 elucidat
881 1610 1229 1677 hierarchias,
1261 1613 1315 1667 id
1348 1621 1434 1666 est
1466 1613 1567 1666 sub
1591 1611 1851 1681 symbolis
1874 1622 1927 1664 et
1957 1611 2145 1681 lignris
2179 1611 2476 1665 materiatis
2505 1610 2725 1680 angelos
2778 1610 3062 1672 describit,
3126 1610 3460 1669 immateria-

213 1679 352 1734 libus
376 1693 430 1735 et
460 1683 767 1735 intremulis
813 1687 1001 1737 mentis
1027 1683 1194 1737 oculis
1234 1679 1665 1744 intromittentes,
1713 1679 2018 1734 abstracte'
2042 1697 2070 1733 a
2124 1683 2356 1734 materia
2411 1679 2686 1735 intellectu
2716 1681 3108 1750 concipientes,
3143 1698 3209 1736 ex
3247 1684 3456 1750 eadem,

212 1749 433 1822 scilicet
464 1751 777 1822 Scriptura,
805 1763 1073 1822 quatenus
1108 1752 1413 1822 symbolica
1436 1762 1543 1819 est,
1573 1761 1629 1822 et
1684 1749 1872 1819 ﬁguris
1921 1751 2217 1822 variegata,
2251 1767 2437 1804 rursus
2478 1753 2547 1803 ad
2599 1749 2886 1822 simplicem
2904 1753 3023 1821 ejus
3049 1753 3261 1805 radium
3287 1749 3462 1807 intené-

211 1818 431 1887 damus,
469 1820 521 1874 id
546 1818 629 1875 est
658 1818 957 1889 simplicem
981 1821 1101 1891 ejus
1133 1818 1350 1876 sensum
1404 1818 1876 1891 litteralem,’sive
1906 1818 2191 1875 veritatem
2240 1822 2338 1875 sub
2369 1821 2554 1888 ﬁguris
2588 1818 2973 1876 illis'latentein
3004 1823 3408 1878 consideremus
3438 1841 3454 1878 :

212 1906 531 1960 quanquam
565 1907 730 1960 neque
758 1894 980 1961 ipsumet
1012 1889 1318 1961 Scriptura,
1356 1907 1460 1959 qua
1486 1902 1643 1962 parte
1665 1889 1969 1962 symbolica
2011 1901 2116 1962 est,
2146 1908 2377 1962 unquam
2399 1890 2603 1962 intima
2632 1908 2729 1944 sua
2760 1893 2964 1944 unitate
3005 1894 3351 1958 destituitur;
3402 1894 3458 1948 id

210 1968 295 2033 est
323 1958 618 2033 nunquam
644 1958 739 2015 Vest
780 1958 899 2016 sine
923 1963 1115 2016 intimo
1141 1958 1248 2015 suo
1274 1958 1437 2033 sensu
1484 1958 1723 2025 litterali,
1777 1960 1891 2033 qui
1932 1960 2087 2033 omni
2118 1958 2333 2033 _senstti.
2373 1961 2532 2014 etiam
2580 1960 2810 2028 ﬁgurato
2849 1970 2905 2015 et
2935 1963 3191 2033 mystico,
3224 1977 3458 2033 semper

212 2030 410 2100 subest
446 2048 461 2083 :
511 2032 605 2083 sed
637 2036 707 2083 ad
745 2034 1115 2086 sublimantem
1139 2041 1187 2085 et
1223 2031 1559 2100 uniﬁcantem
1584 2045 1764 2084 eorum
1799 2030 1891 2100 qui
1944 2031 2271 2097 providentia
2308 2041 2560 2099 reguntur
2588 2030 3151 2099 contemperatio'nem;
3184 2032 3236 2086 id
3265 2030 3369 2087 est
3399 2043 3458 2087 ut

212 2098 477 2171 homines
508 2116 539 2153 a
571 2104 803 2157 terrenis
830 2112 885 2156 et
932 2103 1124 2155 divisis
1153 2098 1598 2171 cogitationibus,
1628 2100 1707 2171 ad,
1738 2099 1991 2171 caelestia
2023 2104 2206 2171 animo
2256 2098 2485 2171 collecm
2529 2098 2833 2156 n'ieditanda
2895 2102 3253 2158 inducantur:
3307 2104 3454 2167 dum,

209 2169 291 2238 uti
320 2172 501 2233 decet,
532 2171 748 2240 benigne
796 2173 1178 2239 multiplicatur
1209 2169 1363 2241 atque
1386 2182 1596 2223 emanat
1622 2186 1641 2235 ;
1672 2169 1751 2241 id
1786 2177 1871 2223 est
1900 2170 2026 2224 dum
2051 2170 2266 2225 decenti
2296 2172 2457 2225 modo
2489 2171 2795 2239 Scriptura,
2858 2171 2968 2225 Deo
3017 2187 3076 2228 se
3124 2172 3356 2239 benigne
3386 2175 3453 2227 ad

211 2247 436 2306 captum
466 2251 714 2296 nostrum
744 2242 1220 2307 accommodanle,
1260 2240 1521 2311 ﬁguratus
1547 2256 1625 2312 ac,
1650 2240 1899 2294 diversos
1935 2253 2150 2312 sensus,
2174 2256 2298 2293 cum
2331 2241 2650 2309 allegoricos
2677 2250 2787 2295 tum
2832 2241 3064 2297 morales
3109 2253 3164 2297 et
3194 2243 3454 2312 anagogi-

210 2324 306 2379 eos
341 2320 617 2374 contmet,
668 2315 828 2364 etiam
884 2313 1026 2364 intus
1062 2313 1118 2363 in
1152 2309 1431 2379 semetipsa
1450 2309 1710 2363 stabiliter
1742 2319 1952 2373 manet;
1991 2309 2043 2362 id
2078 2322 2181 2374 est,
2215 2325 2427 2379 semper
2478 2312 2830 2366 intrinsecum
2868 2326 3029 2365 suum
3065 2328 3287 2368 sensum
3306 2309 3457 2367 litie-

211 2378 385 2450 [alem
419 2382 609 2443 habet,
645 2382 902 2441 immobili
930 2382 1208 2435 identitate
1230 2381 1477 2435 unimode
1507 2382 1742 2447 ﬁrmata,
1778 2379 1832 2432 id
1855 2388 1941 2432 est
1972 2381 2064 2448 qui
2113 2378 2387 2450 nunquam
2418 2382 2699 2446 variatur;
2734 2397 2928 2436 sensus
2953 2384 3096 2436 enim
3126 2382 3379 2437 litteralis
3421 2400 3453 2436 a

212 2447 428 2517 Spiritu
463 2458 659 2515 sancto
684 2454 945 2519 primario
973 2456 1212 2506 intentus
1246 2466 1465 2520 semper
1490 2450 1631 2520 idem
1657 2458 1762 2514 est,
1787 2447 2139 2520 quantumvis
2171 2447 2599 2520 multiplicemur
2639 2465 2831 2506 sensus
2859 2452 3311 2506 accommodativi
3369 2454 3457 2507 vel

212 2520 391 2591 tropis
426 2535 493 2574 ac
529 2518 720 2591 ﬁguris
762 2523 1063 2577 vestiantur
1090 2539 1105 2575 :
1130 2532 1178 2574 et
1200 2590 1205 2591 γ
1227 2523 1297 2574 ad
1324 2518 1400 2585 se,
1431 2531 1488 2573 ut
1522 2519 1603 2589 [as
1626 2528 1728 2591 est,
1767 2518 2116 2591 attendentes,
2148 2535 2247 2591 pro
2283 2518 2533 2591 cujusque
2590 2523 2905 2588 capacitate,
2936 2523 3331 2591 simpliﬁcativa
3354 2540 3455 2578 sua

210 2588 437 2659 unione,
473 2588 686 2660 scilicet
713 2591 942 2660 simplici
977 2607 1073 2646 sua
1097 2590 1349 2649 veritate.
1389 2604 1548 2660 quam
1572 2589 1835 2653 continet,
1864 2588 2083 2660 subrigit
2119 2588 2459 2660 uniﬁcatque,
2496 2604 2690 2659 nempe
2730 2607 2761 2645 a
2815 2588 3048 2660 terrenis
3078 2588 3144 2646 ad
3171 2592 3454 2657 ccelestia,

209 2658 281 2732 et_
305 2673 335 2710 a
374 2658 621 2732 dividuis
643 2658 1070 2732 cogitationibus
1094 2664 1161 2732 ad
1197 2659 1365 2732 animi
1394 2658 1773 2732 collectionem
1797 2658 1970 2732 et_Dei_
2016 2658 2456 2730 conjunctionem
2490 2658 2838 2732 traducendo.
2891 2659 3074 2731 Neque
3102 2663 3241 2715 enim
3292 2672 3455 2731 potest

206 2726 370 2801 aliter
394 2728 499 2801 Dei
523 2732 615 2784 itte
652 2726 832 2784 mitius
877 2726 1217 2800 principalis,
1250 2730 1303 2784 id
1334 2742 1417 2785 est
1449 2730 1674 2783 intimus
1718 2728 1812 2801 ille
1853 2726 2150 2798 Scriptuni:
2174 2742 2387 2796 sensus,
2436 2745 2559 2785 cum
2593 2731 2662 2785 de
2694 2731 2893 2786 divinis
2924 2726 3154 2801 et'mere
3180 2726 3447 2801 spiritali-

207 2787 311 2870 bus
343 2800 517 2853 rebus
550 2804 682 2867 agit,
710 2801 857 2870 nobis
877 2787 1215 2863 'illuceicere,
1244 2802 1346 2854 nisi
1381 2814 1657 2870 sacrorum
1689 2799 1943 2853 varietate
1976 2787 2416 2870 bperimentorum
2442 2802 2726 2870 anagogice
2749 2802 3034 2857 obvelatus.
3068 2787 3227 2866 Nam;
3261 2812 3317 2856 ut
3354 2805 3457 2856 hoc

208 2864 330 2921 loco
354 2870 439 2922 ait
469 2864 632 2939 divus
669 2864 1111 2943 blas‘imus,sine
1144 2872 1287 2943 typis
1337 2881 1395 2943 et
1442 2869 1708 2943 symbolis
1762 2883 1871 2923 non
1910 2864 2217 2943 possumus,
2251 2869 2377 2943 dum
2406 2870 2458 2923 in
2489 2864 2717 2941 corpore
2756 2887 2966 2935 sumus,
2993 2864 3243 2942 aspicere
3268 2873 3453 2926 incor-

205 2951 377 3003 porca
404 2949 464 2994 et
495 2942 742 3011 materia:
769 2942 1038 3011 expertia.
1066 2939 1333 3007 Quoniam
1372 2941 1438 3011 in
1476 2939 1589 3011 hoc
1637 2939 1763 3011 vitae
1810 2948 1957 3011 statu
2010 2940 2194 2994 anima
2247 2940 2465 3007 quidem
2510 2939 2746 3009 corpore
2786 2944 2982 2997 vestita
3013 2939 3130 3007 est,
3157 2943 3294 2996 ratio
3324 2957 3456 2996 vero

205 3011 635 3078 imaginatione,
662 3008 1078 3081 mensrdenique
1108 3012 1336 3067 ratione.
1368 3010 1507 3064 Hinc
1548 3008 1889 3081 imaginatio,
1955 3025 2063 3079 qua
2097 3013 2299 3081 utimur
2329 3008 2667 3080 vivimusque
2708 3013 3196 3081 quamplurimum,
3252 3012 3453 3067 intelli—

204 3081 409 3150 gentia:
442 3082 700 3136 notiones
729 3082 952 3136 assidue
983 3079 1323 3136 sensibilium
1348 3079 1677 3150 imaginibus
1706 3080 1920 3146 induit;
1952 3079 2207 3148 quocirca
2233 3081 2531 3148 cognitioni
2564 3079 2785 3143 nostrae,
2812 3079 2919 3137 non
2959 3092 3066 3136 tam
3098 3084 3265 3147 nuda,
3290 3098 3452 3150 quam

204 3148 407 3223 testita
432 3153 683 3223 quaedam
708 3154 1116 3223 accommodata
1173 3150 1444 3223 videntur.
1465 3148 1728 3223 _lnduuut
1774 3150 1939 3223 igitur
1988 3150 2280 3223 sapientes
2308 3152 2529 3223 merito,
2576 3153 2725 3207 sicut
2775 3152 3036 3218 diximus,
3099 3148 3453 3207 sensibilibus

202 3219 435 3285 quidem
462 3222 865 3290 intelligibtlia;
901 3223 985 3291 bis
1020 3219 1148 3281 vero
1179 3222 1386 3275 divina.
1422 3221 1529 3291 ,Sic
1569 3221 1737 3273 etiam
1781 3220 1935 3291 Plato
1989 3221 2215 3289 provide
2263 3219 2436 3291 jubet,
2472 3224 2748 3275 hominem
2807 3225 2909 3276 sub
2955 3224 3243 3277 tenebroso
3290 3238 3453 3291 Specu

204 3293 504 3359 nutritum,
538 3295 606 3345 ad
639 3294 953 3347 intuendam
1003 3292 1361 3347 meridianam
1418 3290 1598 3345 lucem
1646 3304 1752 3344 non
1811 3290 1991 3344 subito
2024 3290 2485 3358 compellendum,
2521 3294 2617 3346 sed
2643 3294 3055 3347 monstrandum
3080 3293 3207 3347 huic
3238 3290 3409 3347 solent
3432 3332 3451 3359 ,

203 3358 389 3435 primo
413 3364 637 3435 quidem
661 3365 728 3417 ad
774 3362 1013 3435 lucerna:
1048 3363 1233 3416 lumen
1267 3364 1320 3415 in
1355 3375 1494 3435 aqua
1592 3359 1879 3435 deindein
1906 3361 2057 3435 luna,
2091 3362 2192 3435 sub
2224 3372 2382 3435 nocte
2426 3377 2641 3435 serena,
2672 3362 2892 3435 demum
2936 3364 2998 3435 iu
3027 3364 3141 3435 ipsa
3175 3364 3319 3435 aeris
3366 3358 3452 3417 se-

206 3428 448 3550 inﬁmitate
506 3434 729 3488 diurna.
787 3432 1070 3489 Similibus
1123 3445 1341 3502 quoque
1394 3428 1658 3514 gradibus
1718 3432 1855 3485 rude
1911 3431 2025 3485 vult
2095 3431 2372 3500 ingenium
2426 3432 2497 3487 ad
2560 3428 3059 3502 contemplandum
3101 3433 3450 3488 Divinitatem

337 3516 450 3550 ιιω.

270 3514 450 3554 rauci.

200 3511 585 3644 pumicare
611 3574 760 3628 nobis
785 3582 833 3628 et
859 3574 1148 3644 anagogice
1180 3572 1500 3643 patefactas.
1530 3571 1581 3642 5
1610 3569 1747 3627 Hinc
1772 3580 1995 3644 sanctus
2017 3570 2255 3626 Thomas
2300 3586 2317 3625 ι
2361 3582 2535 3641 parte,
2570 3581 2761 3641 quaest.
2799 3572 2857 3639 1,
2886 3581 2989 3627 art.
3024 3572 3077 3637 9,
3113 3572 3168 3627 in
3196 3585 3447 3641 corpore,

202 3640 505 3712 concludit,
538 3645 590 3695 in
618 3659 777 3698 sacra
806 3640 1077 3711 doctrina,
1129 3640 1253 3697 cum
1279 3640 1343 3698 ea
1376 3640 1593 3698 cunctis
1626 3643 1938 3697 hominibus
1969 3652 2335 3712 communiter
2364 3640 2729 3711 proponatur,
2799 3643 3134 3712 metaphoris
3163 3653 3219 3698 et
3246 3657 3446 3708 corpo-

204 3709 418 3764 ralibus
439 3713 904 3769 similitudinibus
934 3709 1119 3768 divina
1168 3713 1367 3782 exponi
1421 3714 1656 3765 maxime
1704 3716 2035 3771 conveniens
2064 3728 2207 3765 esse.
2272 3709 2418 3766 Deus
2459 3709 2603 3767 enim
2626 3752 2642 3777 ,
2694 3714 2889 3779 inquit,
2917 3709 3169 3768 omnibus
3201 3714 3452 3782 providet

204 3782 513 3854 secundum
547 3784 691 3850 quod
728 3786 992 3854 competit
1026 3798 1212 3854 eorum
1239 3780 1480 3854 naturae.
1527 3780 1620 3854 Est
1674 3794 1854 3854 autem
1887 3784 2135 3836 naturale
2166 3784 2393 3846 boniiui,
2426 3795 2484 3837 ut
2538 3799 2640 3852 per
2676 3784 2959 3838 sensibdia
2987 3786 3054 3839 ad
3088 3780 3477 3851 iutelligibilia.

205 3850 433 3924 veniat;
464 3853 594 3921 quia
632 3857 809 3908 omnis
836 3850 1022 3908 nostra
1052 3852 1293 3921 cognitio
1330 3868 1361 3906 a
1384 3868 1549 3908 sensu
1600 3853 1813 3906 initium
1845 3853 2027 3924 habet.
2092 3853 2244 3910 Unde
2292 3850 2683 3908 convenienter
2722 3857 2774 3906 in
2809 3870 2967 3909 sacra
3024 3850 3306 3924 Scriptura
3340 3863 3449 3907 tra-

201 3916 424 3974 duntur
460 3916 624 3977 nobis
647 3925 954 3993 spiritualia
990 3925 1090 3979 sub
1122 3916 1461 3995 metaphoris
1490 3924 1881 3992 corporalium.
1907 3923 1975 3977 Et
2006 3927 2112 3979 hoc
2139 3934 2224 3977 est
2249 3925 2392 3993 quod
2426 3925 2568 3977 inira
2613 3925 2773 3994 paulo
2804 3936 2927 3995 post
2970 3925 3106 3978 dicit
3134 3916 3445 3993 Dionysius,

204 4004 309 4042 non
340 4007 506 4060 posse
556 3995 716 4047 aliter
766 3993 1341 4065 divinwprincipaletn
1388 3995 1538 4047 illum
1581 3996 1794 4049 radium
1846 3995 2003 4050 nobis
2066 3995 2403 4060 illucescere,
2460 3995 2562 4049 nisi
2619 3993 2902 4053 Sacrorum
2949 3997 3215 4049 varietate
3266 3995 3447 4062 operi-

208 4075 523 4142 mentorum
574 4067 875 4143 anagogice
922 4062 1261 4120 obvelatum.
1307 4062 1540 4134 Badium
1574 4074 1756 4121 autem
1785 4065 2356 4136 divino-principalem
2406 4076 2559 4119 vocat
2584 4066 2759 4135 ipsam
2784 4083 2965 4124 rerum
2995 4066 3303 4120 divinarqu
3351 4078 3444 4118 ve-

205 4146 445 4192 rtlatetn.

273 4206 451 4263 Porro
475 4211 993 4267 convenientissima
1021 4209 1182 4267 nobis
1208 4209 1387 4278 divina
1421 4206 1874 4278 similitudinibus
1898 4204 2275 4278 corporalibus
2321 4204 2613 4278 designari,
2667 4222 2734 4262 ex
2783 4206 3036 4278 Dionysio
3083 4213 3319 4274 quatuor
3358 4218 3447 4257 ra-

206 4276 447 4334 tionibus
480 4282 675 4351 probat
705 4286 767 4336 D.
793 4283 1032 4337 Thomas
1069 4284 1122 4334 in
1148 4283 1241 4338 lib.
1275 4296 1290 4334 t
1349 4277 1609 4343 Sentent.,
1639 4279 1768 4331 dist.
1794 4276 1885 4341 34,
1910 4291 1970 4344 q.
1993 4276 2048 4340 5,
2081 4276 2313 4351 articulo
2343 4276 2396 4351 1.
2450 4276 2633 4331 Prima
2679 4290 2735 4334 et
2783 4276 3095 4349 principalis
3116 4286 3198 4351 est
3228 4285 3447 4351 propter

204 4352 448 4422 materia:
471 4343 889 4419 sublimitatem,
925 4368 1046 4422 qua:
1075 4354 1248 4406 nostri
1276 4352 1584 4404 intellectus
1611 4343 1964 4422 capacitatem
1998 4347 2235 4422 excedit.
2265 4343 2418 4422 Unde
2458 4362 2565 4401 non
2598 4343 2886 4422 possumus
2914 4343 3095 4422 rerum
3134 4343 3444 4399 divinarum

205 4420 496 4475 veritatem
530 4426 825 4476 secundum
865 4414 1081 4477 modum
1105 4436 1261 4475 suum
1290 4436 1507 4489 capere,
1540 4414 1704 4487 atque
1727 4420 1849 4473 ideo
1872 4426 2097 4489 oportet,
2112 4414 2241 4489 illas
2291 4418 2445 4470 nobis
2474 4414 2768 4472 secundum
2804 4421 3017 4473 modum
3048 4426 3295 4469 nostrum
3320 4429 3445 4489 pro-

204 4490 349 4555 poni.
384 4562 387 4563 ν
412 4492 514 4545 Est
541 4503 721 4563 autem
748 4494 907 4548 nobis
931 4493 1307 4555 connaturale,
1341 4485 1372 4544 ti
1400 4485 1751 4563 seu—sibilibus
1782 4485 2323 4563 in__inte_lligibiliutn,
2353 4498 2408 4540 et
2436 4501 2465 4539 a
2513 4490 2903 4557 posterioribus
2934 4490 2987 4563 in
3033 4485 3445 4563 priorumnoti-

206 4571 331 4612 nam
358 4562 649 4629 devenire;
682 4573 738 4616 et
768 4563 973 4618 idcirco
1003 4564 1104 4617 sub
1127 4563 1299 4631 ﬁgura
1323 4560 1686 4627 sensibilium,
1722 4557 1873 4613 intell
1896 4555 2082 4627 gibilia
2115 4555 2273 4611 nobis
2303 4555 2705 4625 proponuntur,
2740 4571 2798 4612 ut
2819 4575 2886 4614 ex
2913 4562 2998 4613 bis
3022 4555 3142 4626 qua:
3165 4556 3437 4620 novimus,

204 4632 765 4706 adnincognitamens
798 4644 983 4687 nostra
1007 4644 1216 4702 surgat.
1364 4700 1412 4706 __
1510 4702 1520 4706 _
1618 4700 1630 4706 _
1715 4699 1725 4706 _
2721 4702 2733 4706 _
2838 4700 2868 4706 __
2963 4700 2973 4706 _

270 4696 524 4756 Secuu'da
556 4702 694 4757 ratio
714 4712 820 4768 est,
842 4709 992 4773 quia,
1023 4696 1147 4757 cum
1188 4706 1242 4756 in
1291 4700 1447 4765 nobis
1478 4702 1549 4756 sit
1598 4699 1821 4773 duplex_
1848 4713 1975 4773 pars
2016 4696 2420 4773 cognoscitiva,_
2461 4698 2671 4755 scilicet
2720 4700 3045 4773 intellectiva
3083 4709 3138 4752 et
3165 4696 3444 4773 sensitiva,

205 4775 438 4838 providit
465 4774 651 4826 divina
683 4766 987 4844 Sapientia,
1026 4784 1086 4827 ut
1143 4786 1374 4841 utraque
1399 4788 1545 4840 pars,
1575 4766 1754 4838 quoad
1793 4766 1911 4844 ﬁeri
1942 4777 2181 4837 poterat,
2213 4783 2266 4844 ut
2314 4768 2520 4844 divina
2550 4773 2919 4844 reduceretur.
2957 4771 3025 4823 Et
3065 4780 3352 4844 prepterea
3384 4766 3447 4817 li-

203 4856 362 4921 guras
395 4839 776 4909 corporalium
795 4845 1068 4909 adhibuit,
1101 4859 1222 4912 qua:
1248 4839 1505 4898 settsniVa
1536 4853 1692 4913 parte
1721 4841 1839 4910 capi
1868 4849 2118 4909 possunt,
2177 4839 2306 4907 quia
2360 4839 2475 4907 ipsa
2507 4839 2893 4896 intellectualia
2923 4856 3107 4899 rerum
3138 4840 3447 4893 divinarum

203 4922 467 4969 atttnttet‘e
505 4928 613 4967 non
638 4922 869 4969 poterat.
3044 4966 3045 4969 η

271 4928 332 4964 illl
796 4935 806 4945 '
852 4954 869 4969 .
3044 4966 3045 4969 η

271 4928 467 5038 Iesu-ii:
486 4928 932 5057 :i‘ii'quﬁriiuia
962 4987 1016 5041 in
1046 4985 1158 5041 Deo
1186 4989 1372 5043 verius
1402 4982 1783 5054 cognoscimus
1805 4979 1934 5049 quid
1967 4993 2092 5057 non"
2107 4986 2212 5043 est,
2248 4992 2409 5057 quam
2438 4978 2564 5050 quid
2594 4992 2715 5057 _est.
2742 4981 2897 5039 Unde
2924 4979 3326 5057 S._Dionysius
3356 4989 3450 5057 se-

203 5056 384 5126 quenti
414 5071 576 5124 cap.,
606 5054 636 5126 ᾗ
664 5055 699 5109 5
727 5065 775 5120 P,
805 5048 941 5112 dicit
972 5061 1294 5124 negationes
1322 5061 1373 5111 in
1404 5048 1605 5110 divinis
1633 5066 1758 5126 esse
1791 5048 1974 5126 veras,
2008 5048 2397 5126 allirmationes
2430 5048 2559 5105 vero
2591 5053 2941 5126 inc0ngruas.
2989 5053 3057 5107 Et
3085 5048 3205 5126 ideo
3234 5063 3359 5126 cum
3382 5051 3449 5100 de

205 5124 455 5178 omnibus
477 5122 699 5193 quaa'de
730 5126 839 5178 Deo
867 5122 1242 5193 enuntiamus,
1271 5127 1683 5195 intelligendum
1715 5123 1807 5192 sit,
1836 5122 1927 5195 illa
1957 5137 2062 5195 non
2097 5133 2193 5195 eo_
2218 5123 2381 5195 modo
2416 5125 2711 5177 convenire
2751 5125 2883 5186 Deo,
2916 5132 3080 5190 prout
3103 5122 3449 5175 inveniuntur

206 5204 257 5242 In
284 5190 579 5260 creaturis,
606 5198 701 5250 se'd
726 5211 822 5265 per
851 5199 1088 5266 aliquem
1114 5190 1336 5254 modum
1384 5190 1708 5251 imitationis
1729 5190 1799 5266 _et
1852 5190 2249 5256 similitudinis,
2289 5192 2612 5266 _ltujnsutod't
2660 5197 2955 5247 entinenua
2986 5196 3115 5266 Dei“
3134 5202 3449 5266 expressius

206 5258 599 5339 ostendebatur
627 5258 817 5339 per-ea
850 5258 971 5337 quae
1001 5273 1176 5339 tnagis
1208 5268 1493 5333 inanilesta
1538 5272 1665 5339 sunt
1691 5264 1760 5315 ab
1788 5263 1940 5339 ipso__
1966 5258 2414 5339 removerulltec
2463 5272 2644 5339 autem
2692 5274 2823 5339 sunt
2852 5262 3178 5339 corporalia,
3210 5258 3267 5313 et
3326 5260 3448 5337 ideo

205 5331 750 5393 conveniendus—fuit
792 5331 1507 5410 Speciebus'corporahbus
1550 5331 1735 5403 divina
1765 5331 2088 5401 snguilicari,
2144 5338 2202 5384 ut
2256 5332 2343 5386 bis
2374 5334 2712 5390 assuefactus
2737 5338 2974 5389 disceret
3021 5334 3294 5386 humanus
3324 5331 3448 5382 ani-

309 5468 527 5527 1.loan.
580 5470 757 5549 ΠΛ.
854 5480 895 5508 m
936 5469 1094 5525 Joan.
1147 5484 1225 5536 vr,
1266 5468 1351 5525 56.
1437 5464 1714 5521 ησιοειηΛ.
1794 5460 1855 5517 ο]

1539 5481 1647 5521 ian.
1673 5480 1714 5519 1.
1794 5460 1865 5517 οι
1895 5459 2041 5517 Tim.
2071 5475 2133 5526 ll,
2174 5458 2229 5512 5.
2310 5469 2338 5509 P
2375 5456 2506 5513 Cael.
2538 5458 2672 5513 Itier.
2720 5474 2839 5530 cap.
2888 5459 2946 5527 2;
2981 5459 3085 5532 53.

1489 5606 1723 5663 VARUE
1758 5600 2159 5661 LECTIONES.

275 5731 337 5761 "‘
387 5729 503 5789 Hoc
555 5749 662 5790 non
716 5743 895 5805 exstat
952 5732 1005 5788 in
1056 5733 1211 5789 libris
1272 5731 1538 5804 vulgatis,
1589 5733 1683 5789 sed
1738 5731 1939 5788 citalur
1984 5748 2013 5790 a
2062 5731 2430 5804 Cyparissiota
2477 5730 2531 5786 in
2582 5724 2875 5796 Theologia
2920 5722 3229 5780 materiata.
