3916 6234
183 262 290 317 129

692 253 782 307 DE
815 252 1143 311 C(ELESTI
1178 254 1628 322 HIERARCIIIA,
1683 255 1839 313 CAP.
1878 254 1919 308 Ι.
1960 285 2030 297 -
2062 250 2412 309 PARAPHR.
2451 246 2929 305 PACHYMERIE.

3356 248 3461 306 150

257 372 286 445 §
320 375 364 427 1.
396 372 573 444 Φησὶν
598 373 627 426 6
661 374 837 445 μέγας
864 372 1142 436 Διονύσιος
1164 372 1303 444 πρὸς
1349 374 1443 428 τὸν
1474 373 1583 426 τῶν
1621 372 1779 442 Ἐφε-

1954 371 1983 444 §
2026 371 2061 431 1,
2106 372 2335 441 Magnus
2357 367 2649 439 Dionysius
2700 367 2768 422 ad
2819 366 3183 437 Ephesiorum
3241 367 3461 438 episco-

182 464 321 517 σίων
354 464 664 518 ἐπίσκοπον
706 463 991 534 Τιμόθεον,
1027 464 1087 516 ὂν
1146 464 1240 516 καὶ
1296 464 1776 536 συμπρεσϐύτερον

177 556 363 619 καλεῖ,
398 556 569 609 οἱονεὶ
592 555 1016 618 συνεπίσκοπον,
1052 556 1129 619 ὡς
1160 556 1256 610 καὶ
1287 556 1480 609 ἐαυτὸν
1539 555 1780 627 πρεσϐύ-

178 663 365 716 τερον,
400 642 518 699 οἷον
553 648 854 700 ἐπίσκοπον
891 646 1058 717 (οὕτω
1090 647 1200 719 γὰρ
1234 648 1331 702 καὶ
1362 651 1390 701 6
1423 647 1637 713 Παῦλος
1661 650 1781 710 ταῖς

175 740 279 809 τῆς
337 740 530 802 Ἀσίας
591 739 1024 809 συντασσόμενος
1059 739 1425 810 Ἐκκλησίαις,
1484 740 1669 810 φησὶν,
1703 740 1780 804 ὼς

177 832 237 882 ὲν
271 833 396 893 ταῖς
430 830 678 901 Πράξεσι
732 830 999 904 φέρεται),
1036 832 1170 901 φησὶ
1203 832 1406 895 τοίνυν,
1455 831 1780 902 δανεισάμε-

177 941 272 988 νος
299 927 367 977 ὲκ
388 924 493 977 τοῦ
542 923 799 977 Ἰακώϐου
833 924 895 978 τὸ
930 925 1241 996 προοίμιον,
1276 927 1359 979 ὃτι
1382 928 1532 979 πᾶσα
1566 927 1781 999 παροχὴ

180 1017 419 1085 ἀγαθοῦ,
488 1018 583 1070 καὶ
634 1019 744 1071 πᾶν
776 1018 1024 1089 χάρισμα
1083 1018 1311 1083 τέλειον,
1347 1020 1443 1072 καὶ
1495 1018 1779 1082 ἀνελλιπὲς

179 1110 403 1171 πάντως
437 1108 563 1161 καθ’
583 1108 737 1172 αὑτὸ,
765 1109 890 1161 ἐπεὶ
922 1107 1077 1191 παρὰ
1108 1108 1205 1179 τὴν
1237 1109 1347 1162 τῶν
1370 1109 1783 1180 ὑποδεχομένων

179 1202 298 1267 ἕξιν
357 1201 633 1265 πολλάκις
694 1201 967 1254 ἐλλείπει·
1030 1202 1124 1255 καὶ
1180 1203 1243 1255 οὑ
1297 1202 1393 1255 τοῦ
1446 1202 1784 1273 χαρίσματος

179 1292 374 1356 τοῦτο,
455 1292 597 1346 ἀλλὰ
661 1294 762 1365 τῆς
820 1293 1097 1365 ἡμετέρας
1155 1293 1441 1364 δυνάμεως
1504 1293 1786 1365 χωρούσης

181 1389 306 1442 καθ’
346 1390 479 1442 ὅσον
533 1386 622 1443 οἵα
654 1388 716 1441 τέ
767 1390 935 1443 ἐστιν.
998 1391 1087 1452 Ὠς
1146 1387 1256 1460 γὰρ
1308 1391 1337 1442 6
1396 1384 1557 1453 αὐτὸς
1610 1389 1783 1459 ἥλιος,

181 1480 473 1550 διαφόροις
518 1481 907 1551 ὑποκειμένοις
959 1480 1327 1546 ἐπιπολάζων,
1383 1480 1569 1552 ἕτερον
1599 1482 1785 1552 ἐτέρου

1878 479 2004 533 pum
2036 463 2408 527 Timmheum,
2446 478 2607 530 quem
2634 470 2690 516 et
2708 459 3241 530 compresbyterum,
3296 459 3348 513 id
3377 467 3463 514 est

1880 556 2284 625 coepiscopum,
2318 564 2497 618 vocat,
2529 557 2672 609 sicut
2712 555 2826 622 ipse
2854 568 2915 607 se
2954 552 3330 623 presbyterum
3364 568 3462 606 seu

1880 650 2197 717 episcopum
2230 652 2379 715 (nam
2413 655 2469 700 et
2497 647 2688 702 eodem
2714 647 2875 701 modo
2917 644 3117 700 Paulus
3152 645 3294 699 Asia:
3315 660 3463 699 com-

1881 755 2089 809 ponens
2117 739 2392 793 Ecclesias
2421 739 2675 808 loquitur,
2712 749 2769 792 ut
2803 738 2856 792 in
2886 739 3038 793 Actis
3104 737 3341 791 refertur
3376 739 3396 775 ι
3418 739 3460 806 ),

1881 847 1949 887 ex
1998 831 2205 887 Jacobo
2246 832 2570 901 prommium
2620 834 2916 887 mutuando
2945 832 3021 885 ait
3048 848 3061 885 :
3092 830 3256 886 Omne
3276 832 3462 883 datum

1884 923 2101 988 bonum,
2128 935 2174 978 et
2207 941 2359 978 omne
2419 924 2621 978 donum
2647 925 2937 993 perfectum
2967 936 3020 988 ιι,
3051 933 3107 978 et
3142 924 3465 979 indeliciens

1886 1017 1938 1070 in
1970 1017 2288 1087 semetipso,
2313 1019 2529 1072 tametsi
2555 1034 2650 1089 pro
2675 1019 3084 1087 suscipientium
3125 1018 3462 1080 habitudine,

1887 1124 2269 1177 saepenumero
2327 1110 2587 1164 deﬁciat:
2648 1111 2790 1178 quod
2829 1110 3014 1179 utique
3061 1125 3170 1164 non
3222 1126 3287 1165 ex
3321 1110 3466 1164 dono

1887 1200 2183 1269 provenit,
2248 1201 2344 1255 sed
2402 1217 2467 1255 ex
2526 1200 2737 1255 viribus
2773 1203 3002 1265 nostris,
3060 1217 3182 1270 qua:
3241 1202 3468 1269 capiunt

1886 1300 2153 1360 quantum
2188 1300 2437 1361 possunt.
2468 1291 2932 1357 Quemadmodum
2960 1293 3106 1346 enim
3139 1292 3253 1361 ipse
3280 1293 3330 1361 7
3354 1289 3462 1355 sol,

1888 1380 2119 1434 diversis
2144 1382 2309 1435 rebus
2370 1382 2605 1436 subditis
2659 1397 2967 1451 apparens,
3027 1382 3256 1436 alterum
3292 1382 3468 1437 altero

1890 1473 2013 1543 plus
2042 1472 2314 1536 calefacit,
2350 1473 2511 1541 idque
2542 1488 2649 1527 non
2697 1473 2771 1528 ob
2800 1474 2958 1538 solis,
2987 1474 3083 1527 sed
3116 1488 3303 1527 eorum
3344 1489 3468 1543 quia:

184 1572 344 1641 πλέον
401 1572 722 1643 θερμαίνει,
785 1573 879 1626 καὶ
938 1574 1000 1625 οὑ
1049 1572 1142 1627 τοῦ
1196 1574 1349 1645 ἡλίου
1407 1572 1599 1636 τοῦτο,
1652 1570 1784 1625 ἀλλὰ

1892 1562 2063 1617 solem
2097 1564 2383 1632 excipiunt
2408 1565 2784 1619 diversitatem
2816 1582 2830 1618 :
2887 1564 2969 1619 sic
2994 1565 3181 1633 utique
3223 1566 3466 1620 divinum

182 1665 290 1716 τῶν
322 1664 750 1735 ὑποδεχομένων
806 1666 899 1719 τὸν
958 1667 1145 1736 ἥλιον·
1199 1658 1342 1720 οὑτω
1393 1666 1485 1719 καὶ
1534 1665 1594 1718 τὸ
1644 1664 1786 1717 θεῖον

1892 1655 2092 1708 donum
2125 1671 2247 1710 cum
2280 1656 2352 1710 sit
2408 1656 2737 1726 perfectum,
2788 1672 2885 1726 pro
2935 1658 3353 1727 suscipientium
3375 1674 3469 1712 ca-

182 1753 417 1825 δώρημα
448 1755 658 1808 τέλειον
689 1754 770 1819 ὃν,
796 1755 937 1809 κατὰ
964 1735 1091 1819 τοὺς
1116 1756 1544 1827 ὑποδεχομένους
1566 1748 1782 1825 ὑφίεταί

1889 1747 2125 1814 pacitate
2157 1747 2245 1800 vel
2278 1749 2583 1801 remittitur
2610 1749 2692 1802 vel
2730 1749 3055 1803 intenditur.
3112 1748 3280 1803 Omne
3305 1749 3470 1819 igitur

182 1865 240 1900 τε
287 1850 383 1901 καὶ
440 1848 794 1902 ἐπιτείνεται.
847 1846 978 1903 Πᾶν
1033 1848 1215 1902 τοίνυν
1267 1848 1500 1901 τέλειον
1544 1846 1785 1916 δώρημα

184 1942 520 2007 οὐρανόθεν
551 1939 706 2003 ἐστὶ,
754 1942 1198 2010 κατερχόμενον
1226 1940 1343 1995 ἀπὸ
1390 1939 1497 1993 τοῦ
1526 1938 1645 1992 τῶν
1667 1938 1786 2007 9dr—

184 2049 300 2086 των
331 2033 593 2100 Πατρός.
630 2033 853 2104 Πατέρα
879 2033 936 2085 δὲ
965 2034 1077 2086 τῶν
1112 2032 1307 2102 φώτων
1365 2032 1515 2100 λέγει
1539 2031 1633 2085 τὸν
1653 2032 1785 2087 Θεὸν

182 2124 210 2174 6
246 2123 426 2194 μέγας
469 2124 746 2187 Ἰάκωϐος,
802 2125 880 2186 ὡς
937 2124 1158 2196 Πατέρα
1185 2124 1508 2194 οἰκτιρμῶν,
1562 2125 1654 2178 τὸν
1686 2125 1784 2178 αὑ-

183 2213 365 2281 τοφῶς
398 2214 555 2277 ὄντα,
591 2215 687 2267 καὶ
720 2212 1053 2287 δημιουργὸν
1101 2213 1197 2267 καὶ
1256 2214 1650 2285 συντηρητικὸν
1676 2214 1786 2268 τῶν

186 2306 380 2375 φώτων
403 2324 418 2336 ο
459 2309 645 2379 πατὴρ
675 2308 784 2379 γάρ
822 2310 972 2361 ἐστιν
1028 2309 1056 2361 ὁ
1089 2307 1355 2378 παράγων
1388 2308 1483 2360 καὶ
1502 2306 1685 2378 τηρῶν
1715 2304 1787 2359 τὰ

184 2398 242 2463 ἐξ
274 2396 486 2450 αὑτοῦ·
525 2398 672 2452 οὑτω
704 2399 798 2452 καὶ
827 2401 856 2452 6
906 2394 1043 2463 Θεὸς
1094 2400 1287 2469 Πατὴρ
1318 2398 1428 2451 τῶν
1462 2397 1676 2466 φώτων,
1712 2400 1787 2463 ὼς

187 2491 279 2542 καὶ
312 2491 503 2561 πάσης
537 2491 774 2555 κτίσεως
806 2493 923 2544 ἐστι
984 2490 1334 2563 δημιουργός.
1399 2492 1511 2545 Οὑκ
1553 2487 1674 2544 εἷπε
1707 2484 1783 2555 δὲ,

190 2581 379 2654 Πατὴρ
436 2582 695 2653 οὑρανοῦ,
760 2582 884 2636 οὑτε
932 2582 1058 2653 γῆς,
1125 2582 1263 2636 ἀλλὰ
1308 2583 1524 2652 φώτων,
1578 2582 1667 2636 διὰ
1724 2582 1787 2635 τὸ

189 2673 593 2744 προκείμενον,
658 2675 740 2727 ὅτι
792 2674 889 2727 καὶ
949 2673 1020 2727 τὰ
1078 2673 1379 2745 δωρήματα
1440 2673 1787 2745 ὲκφωτισμοῦ

187 2763 331 2816 Θείου
368 2767 488 2827 τοίς
520 2763 835 2836 ἀνθρώποις
867 2764 1193 2832 ἐγγίνονται.
1216 2762 1416 2817 Τοῦτον
1448 2765 1538 2818 τὸν
1572 2764 1789 2835 Πατέρα

186 2855 293 2907 τῶν
346 2854 573 2924 φώτων,
623 2855 982 2928 παρακατιὼν
1014 2856 1109 2909 καὶ
1154 2855 1438 2920 άπολύτως
1491 2856 1648 2910 καλεῖ
1674 2857 1787 2909 Πα-

187 2947 320 3017 τέρα
382 2948 572 3017 μόνον,
622 2948 773 3016 πρὸς
820 2948 936 3017 τὴν
989 2948 1098 3002 τοῦ
1157 2949 1512 3018 συναγωτοῦ
1558 2949 1789 3016 Πατρός

189 3036 459 3103 ἑνότητα
494 3035 695 3104 λέγων,
724 3036 800 3099 ὡς
830 3030 1164 3109 δημιουργὸν
1209 3037 1305 3090 καί¹
1369 3037 1599 3107 συνοχέα
1631 3037 1788 3108 ἡμῶν
1815 3073 1857 3131 C

187 3146 244 3182 τε
271 3130 372 3183 καὶ
431 3130 616 3199 πάσης
667 3128 933 3192 κτίσεως·
988 3129 1021 3199 ἢ
1067 3130 1159 3182 καὶ
1200 3128 1374 3191 ἄλλως
1423 3128 1645 3199 Πατέρα
1678 3127 1790 3198 φάν

187 3237 315 3287 των,
354 3220 493 3273 Υἱοῦ
526 3237 587 3273 τε
645 3223 737 3274 καὶ
784 3221 1107 3291 Πνεύματος
1162 3218 1426 3290 δηλονότι.
1494 3218 1655 3273 Ἀλλὰ
1688 3220 1789 3273 καί¹

191 3314 337 3365 πᾶσα
392 3312 709 3383 θεοκινήτου
744 3311 1093 3382 φωτοχυσίας
1140 3308 1481 3381 προέλευσις,
1516 3309 1596 3371 εἰς
1634 3309 1785 3379 ἡμᾶς

190 3403 244 3470 ἐξ
304 3402 650 3472 ἀγαθότητος
703 3385 1150 3473 παραγινομένη,
1213 3399 1374 3452 πάλιν
1428 3399 1503 3462 ὡς
1550 3399 1789 3462 ένοποιὸς

190 3494 326 3567 αὕτη
396 3496 629 3565 δύναμις
673 3495 863 3563 ἀνάγει
922 3494 1091 3564 ἡμᾶς,
1122 3492 1217 3545 καὶ
1249 3490 1498 3556 άναπλοῖ,
1534 3491 1628 3542 καὶ
1673 3491 1789 3543 ένο-

193 3588 354 3651 ποιεῖ,
416 3587 511 3637 καί¹
565 3586 628 3638 τὸ
679 3587 984 3657 ὲνοφρονεῖν
1035 3583 1464 3654 παρασκευάζει,
1534 3582 1628 3635 καὶ
1678 3582 1788 3636 ἀπὸ

190 3675 295 3728 τῶν
349 3676 531 3746 γηῖων
588 3675 910 3747 ἐπιστρέφει
977 3675 1114 3745 πρὸς
1175 3674 1273 3746 τὴν
1320 3673 1415 3726 τοῦ
1466 3672 1784 3743 συναγωγοῦ

193 3764 323 3817 Θεοῦ
355 3766 578 3836 Πατρὸς
610 3766 863 3835 ἑνότητα,
930 3765 1026 3818 καὶ
1060 3762 1306 3817 θεοποιὸν
1338 3761 1640 3832 ἁπλότητα.
1670 3760 1785 3814 Μέ-

194 3858 416 3928 χριγάρ
448 3858 643 3911 τούτου
690 3858 1082 3929 κεχωρισμένοι
1131 3858 1251 3919 ταῖς
1297 3853 1543 3926 γνώμαις
1597 3853 1782 3923 ἐσμὲν,

196 3950 293 4013 ἕως
324 3944 388 4003 οὗ
432 3950 576 4003 κατὰ
629 3950 834 4021 κόσμον
895 3948 1325 4022 περιπατῶμεν
1384 3948 1512 4002 ὅταν
1544 3946 1601 3999 δὲ
1651 3943 1786 4016 πρὸς

196 4040 321 4096 Θεὸν
352 4043 752 4114 άνυψωθῶμεν,
787 4044 909 4097 τότε
970 4042 1030 4095 ἓν
1090 4040 1357 4112 γινόμεθα
1414 4043 1473 4094 ὲν
1515 4040 1654 4111 Θεῷ,
1689 4040 1785 4093 καὶ

198 4136 374 4206 χάριτι
430 4136 576 4189 κατὰ
598 4136 696 4207 τὴν
730 4137 1011 4209 ἁπλότητα
1031 4134 1442 4206 θεοποιούμεθα,
1474 4131 1659 4197 καθὼς
1690 4132 1785 4186 καὶ

196 4228 221 4277 6
256 4220 465 4298 Κύριος
521 4224 661 4297 πρὸς
712 4225 804 4279 τὸν
861 4227 1056 4280 ἑαυτοῦ
1119 4226 1339 4297 Πατέρα
1397 4226 1594 4296 φησιν,
1653 4226 1786 4277 Ἵνα

197 4314 343 4371 ὦσιν
407 4316 501 4379 ἓν,
552 4317 745 4378 καθὼς
793 4317 894 4370 καὶ
943 4318 1116 4388 ἡμεῖς
1163 4318 1232 4371 ἓν
1255 4319 1462 4387 ἐσμεν.
1525 4316 1597 4369 Τὸ
1629 4315 1779 4385 γοῦν,

1886 1841 2085 1893 donum
2114 1839 2403 1909 perfectum
2436 1842 2717 1895 desursum
2739 1853 2835 1907 est,
2886 1843 3200 1896 descendens
3242 1859 3274 1894 a
3308 1839 3470 1894 Patre

1885 1927 2146 1982 luminum
2178 1937 2226 1984 ν.
2246 1928 2460 1986 Patrem
2497 1941 2679 1985 autem
2719 1931 2987 1985 luminum
3023 1947 3252 2001 magnus
3275 1932 3362 1986 hic
3385 1929 3471 1985 Ja-

1886 2021 2057 2074 cobus
2071 2020 2238 2075 Deum
2269 2032 2448 2087 vocat,
2474 2031 2660 2093 utpote
2692 2018 2906 2078 Patrem
2943 2023 3469 2087 misericordiarum,

1886 2113 1977 2181 qui
2011 2122 2066 2165 et
2105 2113 2332 2182 ipsemet
2375 2114 2464 2169 lux
2519 2125 2625 2179 est,
2653 2126 2710 2171 et
2749 2126 2974 2171 creator
3011 2132 3076 2171 ac
3108 2127 3469 2172 conservator

1887 2205 2151 2260 luminum
2184 2224 2197 2261 :
2235 2220 2392 2276 pater
2417 2209 2566 2263 enim
2607 2218 2692 2264 est
2722 2211 2812 2277 qui
2842 2211 3161 2279 producitet
3183 2221 3473 2265 conservat

1887 2312 2008 2366 quae
2036 2312 2103 2352 ex
2152 2297 2271 2366 ipso
2302 2307 2468 2365 sunt;
2499 2301 2577 2353 sic
2610 2307 2665 2354 et
2698 2300 2838 2354 Deus
2865 2298 3030 2354 Pater
3059 2301 3352 2367 luminum,
3410 2312 3473 2357 ut

1890 2390 1979 2461 qui
2016 2391 2196 2445 omnis
2226 2400 2500 2446 creatura:
2521 2393 2775 2447 conditor
2798 2394 3054 2448 exsistat.
3080 2395 3197 2449 Non
3223 2396 3359 2449 dixit
3380 2412 3474 2449 au-

1891 2493 2019 2551 tem,
2069 2483 2234 2538 Pater
2274 2484 2423 2550 caeli,
2452 2501 2630 2554 neque
2662 2496 2843 2551 terrae,
2888 2487 2983 2542 sed
3026 2487 3314 2551 luminum,
3348 2505 3475 2559 pro-

1890 2584 2016 2642 pter
2041 2576 2385 2645 propositum
2412 2594 2427 2643 ;
2454 2578 2711 2645 quoniam
2740 2578 2905 2633 etiam
2939 2582 3077 2635 dona
3128 2595 3196 2634 ex
3230 2581 3473 2636 illustra-

1889 2668 2037 2721 tione
2077 2668 2260 2723 divina
2317 2669 2633 2725 hominibus
2687 2671 3000 2741 obtingunt.
3051 2672 3206 2727 Hunc
3252 2673 3471 2730 Patrem

1890 2758 2153 2813 luminum
2189 2760 2241 2814 in
2273 2760 2506 2816 decursu
2545 2762 2712 2816 etiam
2768 2763 3017 2818 absolute
3046 2764 3221 2819 solum
3253 2764 3471 2837 Patrem

1891 2854 2166 2920 nominat,
2247 2853 2475 2909 dicens:
2507 2852 2588 2908 Ad
2622 2858 2883 2909 unitatem
2927 2856 3109 2911 Patris
3152 2874 3475 2928 congregan-

1890 2944 1999 3001 tis.
2048 2953 2109 2998 ut
2160 2945 2251 3014 qui
2320 2954 2535 3000 creator
2602 2946 2672 3000 sit
2734 2961 2801 3001 ac
2856 2961 3215 3004 conservator
3284 2959 3474 3006 noster

1890 3037 2179 3105 omnisque
2211 3046 2515 3092 creaturae:
2545 3051 2856 3107 quanquam
2908 3041 3073 3094 etiam
3119 3042 3256 3097 alias
3307 3042 3475 3098 Pater

1892 3126 2157 3181 luminum
2195 3128 2289 3192 sit,
2346 3128 2559 3183 scilicet
2584 3128 2703 3185 Filii
2748 3145 2813 3184 ac
2863 3130 3103 3201 Spiritus
3129 3136 3328 3192 sancti.
3361 3134 3471 3190 Sed

1890 3227 1946 3273 et
1967 3220 2149 3275 omnis
2179 3233 2208 3272 a
2242 3218 2352 3273 Deo
2379 3221 2785 3289 proficiscentis
2816 3224 3203 3281 illustrationis
3235 3242 3471 3296 proven-

1893 3319 2000 3376 tus,
2037 3311 2103 3365 ad
2137 3327 2237 3366 nos
2266 3326 2333 3366 ex
2362 3313 2608 3369 bonitate
2636 3316 2943 3382 dimanans,
2976 3319 3174 3381 denuo,
3196 3334 3295 3373 ceu
3327 3321 3473 3389 ipsa-

1890 3411 2004 3457 met
2040 3404 2122 3457 vis
2155 3404 2386 3467 unifica,
2423 3421 2639 3462 sursum
2664 3423 2762 3463 nos
2792 3408 2991 3475 elevat,
3024 3410 3467 3482 simplificatque,

1891 3495 2115 3563 etquid
2161 3511 2329 3548 unum
2371 3495 2530 3561 facit,
2580 3506 2744 3567 atque
2805 3499 2873 3553 ad
2929 3515 3093 3555 unum
3145 3503 3468 3573 sapiendum

1891 3584 2157 3640 informat
2184 3604 2197 3651 ;
2232 3601 2334 3641 nec
2360 3602 2468 3642 non
2495 3603 2526 3642 a
2558 3588 2792 3644 terrenis
2838 3592 3114 3646 convertit
3144 3592 3210 3647 ad
3238 3608 3470 3664 congre-

1892 3677 2074 3747 gantis
2100 3676 2191 3730 Dei
2226 3675 2411 3732 Patris
2436 3678 2727 3744 unitatem,
2768 3695 2833 3734 ac
2863 3680 3115 3737 deiﬁcam
3146 3685 3471 3755 simplicita-

1887 3777 2020 3824 tem.
2058 3770 2131 3824 Eo
2156 3770 2300 3825 enim
2339 3787 2509 3842 usque
2532 3774 2821 3828 sententiis
2848 3774 3202 3842 dissidemus,
3228 3780 3467 3845 quandiu

1888 3863 2186 3916 secundum
2242 3864 2501 3917 mundum
2547 3865 2930 3919 ambulamus:
2975 3869 3193 3934 quando
3250 3884 3379 3923 vero
3402 3871 3469 3925 ad

1887 3953 2059 4009 Deum
2090 3956 2354 4026 assumpti
2387 3956 2822 4024 fuerimus,tunc
2847 3975 3013 4013 unum
3039 3975 3228 4017 sumus
3256 3962 3308 4016 in
3336 3963 3467 4028 Deo,

1888 4054 2049 4115 atque
2073 4047 2189 4117 ejus
2213 4049 2388 4119 gratia
2420 4065 2519 4120 per
2536 4050 2944 4119 simplicitatem
2972 4051 3322 4116 deificamur,
3352 4056 3463 4110 sieo

1887 4148 1946 4193 ut
2011 4140 2175 4194 etiam
2208 4142 2466 4198 Dominus
2514 4145 2582 4198 ad
2635 4143 2851 4199 Patrem
2883 4158 3041 4199 suum
3093 4145 3208 4201 ait:
3262 4145 3330 4201 Ut
3361 4148 3467 4202 sint

1885 4248 2072 4298 unum,
2102 4236 2239 4288 sicut
2269 4243 2316 4288 et
2358 4252 2452 4289 nos
2510 4253 2673 4290 unum
2725 4254 2909 4291 sumus
2955 4251 3003 4291 ι.
3063 4238 3203 4293 lllud
3259 4239 3465 4308 itaque,

1892 4321 2061 4378 Omne
2096 4325 2294 4379 donum
2323 4340 2388 4379 ex
2419 4327 2553 4390 Deo,
2587 4341 2652 4380 ex
2676 4325 2878 4383 Jacobo
2903 4328 3167 4399 sumpsit;
3199 4328 3342 4384 istud
3367 4344 3467 4383 au-

202 4401 319 4460 Πᾶν
339 4406 588 4475 δώρημα
612 4408 677 4459 ὲκ
725 4406 883 4471 Θεοῦ,
924 4408 988 4460 ὲκ
1032 4407 1127 4460 τοῦ
1173 4405 1433 4460 Ἰακώϐου
1466 4405 1688 4476 εἴληφε·
1724 4405 1784 4458 τὸ

1891 4423 2022 4483 tem,
2068 4414 2332 4483 Quoniam
2358 4432 2520 4472 omne
2542 4417 2744 4472 bonum
2784 4420 2835 4473 in
2864 4421 3039 4490 ipsum
3073 4420 3263 4487 tendit,
3290 4430 3345 4474 et
3368 4436 3467 4474 nos

200 4499 268 4562 δὲ,
302 4501 430 4553 Ὅτι
465 4499 562 4552 καὶ
594 4501 701 4553 πᾶν
730 4498 937 4568 ἀγαθὸν
982 4500 1060 4562 είς
1090 4498 1253 4552 αὑτὸν
1286 4499 1474 4561 τείνει,
1500 4499 1593 4551 καὶ
1634 4498 1783 4568 ἡμᾶς

200 4591 424 4659 ἀνάγει,
497 4590 558 4657 ὲξ
609 4590 803 4644 ἑαυτοῦ
866 4591 1099 4661 τίθησιν.
1193 4590 1503 4662 Ἀμφότερα
1564 4588 1622 4643 δὲ
1684 4606 1793 4671 κατ

202 4680 529 4745 τασκευάζει
580 4682 647 4733 ὲκ
690 4681 786 4734 τοῦ
846 4679 1169 4735 Ἀποστόλου
1229 4680 1478 4749 λέγοντος
1531 4679 1661 4732 Ὅτι
1712 4678 1783 4743 ἐξ

204 4774 380 4827 αὐτοῦ
422 4774 498 4827 τὰ
527 4773 744 4836 πάντα,
774 4773 873 4826 καί
904 4777 990 4840 εἰς
1026 4774 1236 4832 αὐτόν.

266 4866 381 4937 §ll.
428 4866 585 4919 Ἐπεὶ
625 4868 806 4920 τοίνυν
840 4869 904 4920 ὲκ
942 4867 1037 4920 τοῦ
1070 4866 1205 4920 Θεοῦ
1239 4868 1375 4929 ἐστι,
1410 4867 1504 4920 καὶ
1535 4868 1615 4932 είς
1655 4867 1786 4921 Θεὸν

205 4955 356 5009 τείνει
407 4958 518 5009 πᾶν
563 4956 765 5024 ἀγαθὸν
787 4997 804 5022 ,
860 4957 994 5027 φέρε
1039 4956 1491 5028 ἐπικαλεσάμενοι
1540 4957 1631 5011 τὸν
1676 4960 1788 5012 Σω-

206 5047 337 5119 τῆρα
374 5048 605 5120 Κύριον,
646 5049 708 5101 τὸ
750 5047 846 5101 τοῦ
895 5049 1106 5119 Πατρὸς
1140 5048 1256 5118 φῶς
1297 5050 1393 5103 καὶ
1424 5048 1786 5119 ἀπαύγασμα,

205 5138 378 5203 τὸόν,
435 5140 500 5191 τὸ
550 5139 821 5211 ἀληθινόν.
878 5141 950 5194 Ἢ
978 5141 1115 5211 ἅμα,
1163 5141 1246 5193 ὅτι
1284 5141 1379 5194 καὶ
1430 5139 1499 5192 τὰ
1540 5139 1786 5213 ἡμέτερα

206 5229 321 5285 ὄντα
368 5230 642 5300 λέγονται,
689 5233 827 5286 ἀλλὰ
852 5232 993 5287 κατὰ
1032 5232 1286 5304 μετοχὴν,
1337 5231 1514 5285 καὶοὺ
1560 5231 1783 5301 κυρίως.

211 5322 275 5374 Ἥ
296 5323 444 5376 κατὰ
471 5324 725 5395 στιγμὴν,
755 5324 819 5377 τὸ
846 5324 981 5394 φῶς.
1014 5326 1171 5377 Ποῖον
1206 5324 1321 5393 φῶς
1343 5339 1360 5388 ;
1385 5322 1459 5375 Τὸ
1482 5322 1561 5386 ὃν,
1587 5322 1648 5375 οὑ
1676 5320 1785 5392 γὰρ

208 5413 551 5487 ἀνύπαρκτόν
580 5420 747 5482 ἐστιν,
768 5416 844 5481 ὡς
865 5417 1025 5471 τοῦτο
1056 5418 1116 5471 τὸ
1160 5416 1296 5487 φῶς.
1345 5416 1505 5471 Ποῖον
1528 5415 1643 5485 φῶς
1667 5432 1682 5481 ;
1712 5415 1786 5469 Τὸ

210 5506 473 5579 ἀληθινὸν,
501 5510 643 5564 κατὰ
674 5511 775 5582 τὴν
815 5510 909 5564 τοῦ
955 5508 1336 5581 εὐαγγελιστοῦ
1382 5508 1628 5564 Ἰωάννου
1670 5527 1785 5579 φω-

283 5692 298 5722 ι
342 5688 465 5745 Act.
522 5706 619 5755 xx,
680 5689 771 5749 18.
843 5702 872 5731 ιι
914 5687 1030 5747 Jac.
1064 5706 1105 5759 ι,
1157 5689 1243 5745 17.
1318 5699 1345 5727 ν
1381 5685 1512 5745 lbid.

1887 4519 2103 4560 sursum
2134 4505 2299 4571 levat,
2319 4522 2385 4561 ex
2417 4516 2593 4561 semet
2616 4508 2731 4577 ipse
2763 4509 2935 4576 ponit.
2968 4507 3275 4578 Utrumque
3302 4526 3465 4578 porro

1887 4596 2182 4652 conllrmat
2224 4612 2292 4653 ex
2328 4597 2586 4668 Apostolo
2636 4598 2892 4654 dicente:
2934 4599 3201 4665 Quoniam
3247 4616 3313 4653 ex
3349 4602 3463 4669 ipso

1885 4691 2085 4755 omnia,
2115 4698 2163 4744 et
2192 4692 2247 4745 in
2278 4691 2469 4761 ipsum.

1960 4863 1989 4937 ς
2018 4862 2082 4919 ll.
2114 4862 2247 4918 Cum
2274 4863 2456 4932 itaque
2486 4876 2550 4917 ex
2585 4861 2697 4918 Deo
2726 4862 2829 4930 sit,
2874 4869 2927 4917 et
2968 4862 3022 4917 in
3058 4861 3226 4916 Deum
3267 4862 3456 4917 tendat

1889 4970 2051 5011 omne
2072 4957 2293 5021 bonum,
2319 4954 2545 5025 agedum
2571 4954 2887 5010 invocantes
2907 4952 3242 5008 Salvatorem
3273 4952 3460 5007 Domi-

1893 5064 2045 5113 num,
2073 5049 2163 5119 qui
2207 5047 2385 5103 Patris
2413 5048 2499 5101 lux
2556 5054 2642 5102 est
2684 5062 2749 5102 ac
2778 5046 3055 5115 splendor,
3106 5046 3197 5115 qui
3236 5053 3338 5108 est,
3369 5045 3460 5113 qui

1889 5154 2051 5194 verus
2078 5147 2180 5194 est.
2234 5136 2325 5193 Vel
2356 5137 2721 5207 coniunctim;
2770 5136 2895 5207 quia
2943 5138 3105 5191 etiam
3138 5151 3226 5191 res
3262 5146 3461 5191 nostrae

1890 5228 2149 5282 dicuntur
2198 5241 2355 5292 esse,
2406 5228 2503 5283 sed
2551 5243 2648 5297 per
2689 5227 3207 5298 participationem,
3260 5235 3317 5280 et
3350 5242 3457 5280 non

1885 5317 2126 5387 proprie.
2158 5316 2259 5373 Vel
2301 5331 2425 5371 cum
2456 5317 2916 5387 interpunctione,
2949 5316 3085 5371 Lux.
3119 5313 3304 5383 Qualis
3333 5316 3460 5370 lux?

1885 5409 2018 5477 Quae
2044 5419 2162 5475 est;
2195 5422 2372 5480 neque
2401 5409 2547 5464 enim
2579 5410 2928 5465 subsistentia
2955 5422 3129 5475 caret,
3158 5408 3235 5463 uti
3276 5407 3455 5463 lumen

1887 5506 1991 5561 ltoc
2025 5513 2299 5560 nostrum.
2327 5503 2515 5571 Qualis
2542 5502 2672 5560 lux?
2702 5501 2876 5570 Vera,
2921 5501 3072 5573 juxta
3108 5498 3456 5570 evangelista

1808 5692 1834 5721 ³
1875 5683 2032 5741 Joan.
2059 5698 2196 5751 xm,
2252 5680 2344 5737 ‘22.
