3916 6234
428 259 527 317 131
1617 267 1674 324 S.
1711 266 2010 324 DIONYSII
2042 256 2506 323 AREOPAGITAS
3577 273 3686 328 {5‘2

427 377 648 433 Joannis
674 391 880 442 vocem,
907 378 1039 434 Erat
1066 381 1158 437 lux
1179 394 1338 447 vera;
1368 397 1491 435 nam
1516 382 1794 452 subjungit
1824 402 1838 437 :
1869 386 1993 449 Qua

2101 385 2229 455 νὴν,
2275 379 2394 437 Ἦν
2418 383 2482 436 τὸ
2506 381 2630 451 φῶς
2670 383 2734 437 τὸ
2780 382 3101 451 ἀληθινόν·
3145 382 3392 454 ἐπιφέρει
3436 383 3579 456 γάρ·
3615 389 3687 439 ὐ

430 468 698 521 illuminat
740 476 941 524 omnem
982 473 1241 527 hominem
1275 473 1559 526 venientem
1584 474 1637 525 in
1668 475 1806 527 hunc
1836 492 1993 527 mun-

2100 475 2327 545 φωτίζει
2361 475 2557 529 πάντα
2593 474 2908 543 ἄνθρωπον
2926 470 3255 543 ἐρχόμενον
3295 477 3383 542 εἰς
3431 475 3543 529 τόν
3586 479 3690 530 κό-

428 561 553 612 dum
585 568 635 625 θ’,
667 567 761 629 per
789 578 948 630 quam
983 565 1145 617 etiam
1189 563 1254 617 ad
1298 564 1622 635 principium
1656 564 1790 619 lucis
1813 566 1871 635 8
1898 565 1993 619 Pa-

2099 584 2276 636 σμον,
2296 567 2362 620 δι’
2381 562 2441 621 οὗ
2458 568 2550 621 καὶ
2567 567 2666 637 τὴν
2686 566 2820 638 πρὸς
2836 567 2926 619 τὸν
2946 566 3250 637 ἀρχίφωτον
3266 567 3485 639 Πατέρα
3508 585 3687 639 προσ-

431 659 569 704 trem
618 655 897 708 acc'essum
947 656 1283 711 obtinuimus
1333 673 1348 710 :
1388 658 1993 727 principium,inquam,

2102 657 2315 711 έλευσιν
2367 657 2662 727 ἐλάϐομεν·
2714 656 3023 727 ἀρχίφωτον
3071 657 3208 728 δὲ,ἢ
3243 658 3318 719 ὼς
3370 659 3547 729 ἀρχὴν
3589 660 3689 713 xui.

429 742 601 810 lucis;
635 745 717 800 vel
765 747 890 816 quia
928 748 1252 817 principium
1298 757 1355 803 et
1396 763 1558 803 causa
1596 748 1856 803 luminum
1888 759 1993 817 est,

2099 749 2277 802 αἰτίαν
2308 747 2417 801 τῶν
2451 746 2666 817 φώτων,
2693 747 2786 799 τοῦ
2819 732 2949 799 Υἰόῦ
2997 748 3091 799 καὶ
3121 746 3217 798 τοῦ
3260 747 3577 817 Πνεύματος
3598 764 3613 777 ·
3651 748 3685 817 ἢ

429 836 554 891 Filii
614 838 825 893 scilicet
872 854 936 893 ac
970 839 1204 906 Spiritus
1240 840 1449 906 sancti;
1493 840 1579 894 νει
1611 843 1754 911 quod
1785 842 1852 895 ab
1891 841 1993 896 ini-

2096 840 2188 893 τὸν
2217 838 2275 904 ἐξ
2300 839 2471 910 ἀρχῆς
2505 837 2621 907 φῶς
2643 838 2803 890 ὄνταδ
2842 836 2995 890 οὐδὲν
3037 837 3093 889 δὲ
3123 837 3225 906 τῆς
3262 838 3437 908 ἀρχῆς
3476 837 3689 919 ἀνάξε-

428 928 507 982 ιίο
536 928 625 981 lux
658 930 919 994 exsistat;
946 928 1078 982 nihil
1105 940 1283 982 autem
1311 930 1580 1000 principio
1611 934 1861 1000 superius
1890 943 1993 989 est.

2101 948 2210 1001 ρον.
2244 929 2382 1001 Φέρε
2427 930 2558 998 γοῦν
2591 929 3047 999 ἐπικαλεσάμενοι
3086 928 3178 981 τὸν
3209 928 3429 999 Κύριον,
3456 930 3551 981 ἐπὶ
3582 930 3688 992 τας

427 1019 666 1089 Agedum
716 1035 867 1089 ergo,
915 1020 1231 1074 invocantes
1263 1022 1568 1087 Dominum,
1616 1022 1683 1076 ad
1723 1023 1993 1079 illumina-

2097 1021 2390 1093 ἐλλάμψεις
2409 1022 2517 1076 τῶν
2538 1021 3033 1093 πατροπαραδότων
3058 1018 3310 1091 Γραφῶν,
3334 1020 3409 1083 ὡς
3429 1019 3680 1085 δυνατὸν,

430 1110 604 1165 tiones
660 1110 1069 1180 Scripturarum
1120 1128 1150 1166 a
1204 1113 1461 1168 Patribus
1522 1115 1842 1171 traditarum
1895 1133 1993 1187 pro

2095 1113 2510 1183 ἀνανεύσωμεν,
2553 1114 2648 1168 καὶ
2678 1112 2777 1176 τάς
2820 1100 2913 1165 ύπ’
2961 1110 3140 1165 αὐτῶν
3196 1110 3541 1182 συμϐολικῶς
3583 1111 3685 1164 καὶ

426 1203 632 1257 viribus
658 1203 981 1271 aspiremus,
1004 1214 1055 1255 et
1082 1217 1201 1273 quae
1230 1206 1299 1259 ab
1327 1206 1434 1262 illis
1458 1208 1754 1278 symbolice
1782 1217 1838 1262 et
1867 1225 1993 1263 ana-

2095 1204 2454 1273 ἀναγωγικῶς
2505 1203 2588 1274 (ού
2627 1203 2736 1276 γὰρ
2781 1201 3060 1273 φυσικῶς,
3110 1201 3246 1256 ἀλλά
3269 1202 3358 1256 διά
3390 1220 3555 1257 τινων
3579 1221 3683 1276 ση-

425 1294 610 1363 gogice
663 1302 863 1364 (neque
924 1296 1068 1349 enim
1127 1298 1485 1361 naturaliter,
1534 1300 1628 1353 sed
1690 1313 1789 1368 per
1841 1303 1993 1369 signa

2099 1294 2379 1365 μείωνιτά
2420 1295 2645 1365 οὐράνια
2686 1294 2913 1365 έδειξαν)
2961 1292 3355 1364 παραδοθείσας
3396 1295 3686 1367 ἱεραρχίας

424 1407 666 1475 quaedam
712 1423 798 1462 res
828 1408 1076 1464 ctelestes
1107 1409 1573 1481 demonstrarunt)
1603 1413 1826 1468 traditas
1855 1412 1993 1466 divi-

2095 1385 2203 1440 τῶν
2232 1384 2391 1438 θείων
2423 1385 2723 1454 δυνάμεων,
2749 1384 2815 1447 ἃς
2848 1387 2943 1437 καὶ
2973 1385 3119 1450 νόας
3149 1381 3317 1451 λέγει,
3358 1386 3497 1456 πρὸς
3530 1389 3685 1441 ἀντι-

369 1514 372 1516 '
424 1503 617 1551 narum
668 1499 929 1554 virtutum
982 1494 1370 1556 llierarchias‘:
1409 1500 1546 1571 quas
1595 1504 1758 1557 etiam
1789 1494 1987 1560 mentes

2095 1476 2380 1547 διαστολὴν
2410 1475 2519 1528 τῶν
2554 1474 2803 1547 αἰσθήσει
2830 1474 3047 1540 ζώντων
3072 1476 3227 1546 ήμῶν
3245 1491 3260 1505 ⁶
3289 1474 3433 1528 οὕτω
3462 1476 3686 1548 γὰρκαὶ

423 1589 677 1659 appellat,
709 1594 774 1646 ad
806 1592 977 1647 nostri
1005 1592 1387 1660 diﬂ'erentiam,
1418 1595 1507 1663 qui
1542 1610 1702 1651 sensu
1727 1598 1990 1665 vivimus;

2105 1568 2327 1631 Ἡσαΐας
2350 1567 2439 1620 τὸν
2460 1566 2591 1644 γοῦν
2606 1566 3004 1649 τδνγμέγαντδν
3033 1566 3192 1656 Ἀσσύ
3202 1585 3311 1638 ριον
3329 1584 3343 1596 ·
3370 1568 3465 1620 καὶ
3494 1568 3683 1632 πάλιν,

424 1698 548 1735 nam
574 1692 628 1737 et
658 1684 736 1737 sic
779 1683 953 1751 Isaiae,
1006 1700 1159 1739 mens
1201 1701 1394 1755 magna
1425 1686 1719 1757 Assyrius;
1774 1700 1829 1743 et
1860 1690 1987 1743 item

2095 1658 2223 1735 νοῦς
2246 1659 2450 1735 ἑέῖαςν
2472 1658 2671 1744 ἑρκοὲνί
2700 1654 3333 1740 βὲβψλῷνοξίῖδῧὲέστιν,
3356 1658 3383 1710 δ
3414 1656 3683 1741 διράδολος·

423 1786 575 1827 mens
599 1789 812 1844 magna,
847 1748 1103 1845 princeps
1146 1748 1465 1846 Babylonis,
1505 1748 1558 1833 id
1596 1789 1681 1833 est
1707 1748 1988 1835 diabolus.

2095 1751 2206 1821 Τὴν
2245 1751 2375 1819 γοῦν
2407 1750 2565 1804 θείων
2598 1749 2735 1831 νοῶν
2774 1749 3077 1820 ἰεραρχίαν,
3103 1748 3223 1802 καθ’
3256 1750 3376 1802 ὅσον
3406 1748 3682 1819 ἰσχύομὲν,

422 1864 754 1929 Divinarum,
793 1865 1033 1934 inquam,
1081 1867 1341 1921 mentium
1385 1868 1781 1939 hierarcbiam,
1815 1874 1993 1941 quoad

2096 1841 2428 1911 κατίδωμεν,
2455 1841 2549 1894 καὶ
2580 1841 2679 1912 τὴν
2709 1841 3038 1910 φωτοδοσίαν
3066 1841 3165 1912 τὴν
3196 1842 3259 1893 ὲκ
3282 1840 3438 1904 Θεοῦ,
3464 1836 3535 1912 ἦς
3562 1840 3687 1911 δίχα

420 1970 708 2026 possumus
735 1955 1064 2021 intueamur,
1090 1966 1253 2028 atque
1303 1958 1726 2016 illustrationcm
1774 1930 1894 2033 quae
1924 1979 1993 2019 ex

2095 1932 2202 1985 οὐδ’
2252 1930 2422 1993 αὑτὰς
2463 1930 2562 1994 τάς
2607 1930 2891 2002 οὐρανίους
2923 1930 3210 2001 δυνάμεις,
3250 1931 3323 2002 μὴ
3375 1932 3522 2001 ὃτιγε
3553 1934 3686 1987 Θεὸν

420 2049 534 2104 Deo
563 2060 670 2114 est,
716 2052 833 2106 sine
877 2063 980 2121 qua
1028 2054 1202 2121 neque
1253 2052 1399 2122 ipsas
1437 2055 1692 2110 cmlestcs
1742 2057 1989 2127 virtutes,

2095 2021 2360 2093 γνωρίσαι
2415 2021 2583 2085 ἐστὶν,
2630 2020 2705 2083 ὡς
2744 2020 2963 2089 ἐφικτὸν
2982 2059 2997 2084 ,
3045 2022 3535 2093 κατοπτεύσωμεν·
3586 2024 3686 2094 τὴν

2107 2112 2162 2130 1,-
2233 2112 2329 2130 ,,\,_
2378 2106 3246 2130 γεω3.-μ-ν¹”1κ,τκηη-ωνὶΙῨκκΙκ
3327 2129 3330 2130 ,
3430 2114 3453 2130 υ
3572 2114 3644 2130 ἀἱ

422 2158 599 2211 neque
630 2144 796 2198 Deum
822 2160 980 2199 nosse
1004 2142 1269 2210 valemus,
1297 2151 1557 2214 quantum
1590 2146 1669 2202 fas
1690 2157 1794 2213 cst,
1821 2151 1990 2220 inspi-

2096 2112 2351 2182 ἀρχικὴν,
2371 2111 2446 2173 ὡς
2472 2111 2727 2181 ἀπαρχῆς
2746 2111 2908 2164 οὖσαν
2930 2111 3023 2163 καὶ
3044 2113 3145 2164 ὑπε
3155 2112 3372 2182 ράρχιον
3391 2130 3404 2142 ·
3426 2114 3506 2166 ὅτι
3530 2114 3691 2167 οὐδὲν

510 2200 526 2211 .
1255 2200 1268 2210 .
1314 2200 1329 2214 .
1652 2200 1794 2213 τ
1823 2200 1957 2220 μητ-

422 2235 671 2299 ciamus;
720 2235 1117 2304 principialem,
1166 2235 1411 2305 inquam,
1452 2236 1635 2303 illam,
1688 2249 1872 2309 utpote
1922 2242 1992 2296 ab

2095 2202 2187 2254 ὲπὶ
2236 2200 2369 2253 Θεοῦ
2428 2200 2627 2262 ἱκανῶς
2668 2200 2779 2269 ἔχει
2823 2201 2922 2270 τῆς
2950 2201 3241 2270 σημασίας,
3276 2200 3411 2253 ἀλλά
3455 2202 3549 2253 καὶ
3577 2204 3691 2265 πᾶς

426 2327 582 2382 initio
611 2328 987 2393 exsistentem,
1012 2339 1066 2381 et
1089 2325 1627 2397 superprincipialem
1663 2324 1678 2384 ὲ
1708 2328 1829 2398 quia
1859 2330 1992 2385 nihil

2095 2293 2270 2361 λόγος,
2307 2292 2400 2345 καί⁵
2432 2293 2579 2345 πᾶσα
2600 2290 2777 2345 ἔννοια
2802 2291 3089 2362 ἡττῶνται,
3112 2291 3254 2345 οὕτω
3283 2293 3378 2345 καὶ
3403 2293 3562 2346 οὐσία
3592 2294 3691 2346 καὶ

421 2420 488 2475 de
516 2417 627 2475 Deo
658 2420 789 2475 satis
822 2421 1193 2489 signiﬁcanter
1217 2417 1395 2473 eli‘e‘rri
1427 2430 1625 2489 potest,
1646 2422 1888 2491 quihimo
1906 2422 1993 2477 hic

2096 2385 2439 2455 ὑπερούσιος,
2476 2385 2569 2437 καὶ
2600 2384 2732 2447 Θεὸς
2764 2384 2858 2436 καὶ
2895 2384 3179 2455 ὑπέρθεος.
3210 2384 3426 2455 Ταύτην
3453 2381 3547 2438 οὖν
3583 2387 3690 2457 τὴν

429 2471 483 2475 η
517 2471 620 2475 _--
660 2471 785 2475 ρ---
1227 2471 1240 2473 -
1324 2471 1334 2472 κ
1651 2471 1991 2491 1w-_--__--__-_

426 2510 606 2566 omnis
641 2512 816 2566 oratio
854 2512 1142 2581 omnisque
1188 2509 1450 2579 cogitatio
1480 2511 1687 2577 deﬁcit,
1723 2515 1802 2569 sic
1830 2524 1886 2569 et
1904 2528 1993 2569 es-

2095 2478 2159 2529 ὲκ
2192 2476 2328 2529 Θεοῦ
2356 2476 2693 2544 φωτοχυσίαν
2718 2471 3020 2540 δεξάμενοι,
3060 2474 3094 2543 ἡ
3136 2472 3234 2535 τάς
3264 2473 3545 2544 ἰεραρχίας
3574 2472 3688 2526 τῶν

2095 2569 2343 2637 ἀγγέλων
2394 2568 2451 2620 ὲν
2488 2568 2817 2628 τυπωτικοῐς
2844 2564 3131 2635 συμϐόλοις
3171 2567 3266 2617 καὶ
3308 2564 3689 2636 εἰκονίσμασιν

2095 2662 2379 2733 ἐκφαίνει,
2410 2660 2594 2723 ἀῦλοις
2632 2660 2726 2713 καὶ
2769 2661 3061 2731 ἀτρεμέσιν
3093 2656 3406 2729 ὀφθαλμοῖς,
3452 2656 3484 2727 ἢ
3518 2656 3691 2709 οἰονεὶ

2096 2755 2341 2824 στερροῖς
2366 2752 2397 2823 ἢ
2432 2752 2526 2804 καὶ
2563 2751 2785 2823 ἡσύχοις
2818 2750 3017 2825 (χαίρει
3050 2749 3156 2823 γὰρ
3184 2748 3246 2801 τὸ
3268 2748 3687 2825 Θεῖονῂτξτμηψσυά

2093 2820 2323 2919 χιςι’,’ὼς
2352 2820 2443 2914 τῷΔ
2462 2820 2603 2919 cm
2631 2820 3195 2916 ﬁevmiafeovapig)
3228 2820 3389 2892 πάλιν
3416 2820 3689 2907 ἒξῖὖὲῆς

2095 2935 2198 3005 τῆς
2231 2935 2581 3005 φωτοδοσίας,
2624 2934 2716 2986 ἐπὶ
2737 2934 2836 3005 τὴν
2867 2932 3015 2986 θείαν
3060 2931 3430 3001 ἀνυψωθῶμεν
3463 2930 3687 2993 ἀκτῖνα,

2094 3026 2239 3081 κατά
2270 3027 2371 3096 τὴν
2416 3025 2476 3091 ἐξ
2525 3026 2698 3097 ἀρχῆς
2739 3024 3015 3087 ὑπόθεσιν,
3063 3024 3129 3095 ἢν
3154 3022 3449 3092 ἐλέγομεν,
3498 3021 3582 3073 ὅτι
3625 3021 3692 3085 ἐξ

2021 3102 2069 3166 C
2098 3116 2263 3173 αὑτοῦ
2295 3117 2356 3170 τὸ
2381 3116 2605 3186 ἀγαθὸν,
2657 3118 2750 3170 καὶ
2793 3117 2875 3178 εἰς
2898 3114 3081 3178 αὑτὸν,
3129 3113 3222 3166 καὶ
3274 3110 3691 3181 ὲνοποιηθῶμεν

2097 3206 2156 3260 ὲν
2187 3208 2253 3277 τῇ
2302 3205 2423 3277 θείᾳ
2462 3205 2742 3277 ἁπλότητι.
2794 3204 2916 3258 Ὅτι
2959 3203 3068 3257 οὐδ’
3114 3203 3271 3274 αύτὴ⁷
3298 3200 3689 3271 ποικιλλομένη

2095 3296 2233 3368 πρὸς
2268 3294 2337 3349 τά
2369 3295 2742 3366 ύποδεχόμενα
2780 3295 3057 3362 ἐξίσταται
3082 3294 3182 3364 τῆς
3209 3293 3343 3357 ἰδίας
3376 3292 3563 3361 ἑνικῆς
3587 3292 3689 3345 καὶ

2095 3387 2275 3457 ἁπλῆς
2298 3387 2579 3457 ὲνδότητος
2599 3387 2693 3440 καὶ
2725 3386 3261 3458 κροφιότητοςίπᾶσι
3285 3383 3394 3454 γάρ
3418 3386 3529 3445 τοῖς
3551 3383 3691 3449 ἔξω·

2096 3476 2186 3531 θεν
2215 3478 2385 3547 αὐτῆς
2418 3477 2692 3545 ἄγνωστός
2734 3477 2894 3548 ἐστι),
2931 3476 3307 3548 πληθύνομένη
3338 3475 3396 3528 δὲ
3436 3474 3529 3529 καὶ
3564 3490 3693 3526 ποι-

423 3546 767 3602 uniﬁcemur.
800 3544 984 3614 Neque
1014 3544 1161 3599 enim
1207 3543 1346 3614 ipse,
1379 3545 1506 3599 dum
1556 3543 1612 3599 in
1653 3543 1993 3614 suscipienti-

2095 3543 2385 3641 κιλλομένη
2419 3543 2555 3639 πρὸς
2582 3568 2680 3639 τὴν
2709 3567 2817 3622 τῶν
2844 3543 3254 3639 προνοουμένων
3288 3543 3584 3636 συνάφειαν
3617 3565 3691 3619 δι’

422 3639 526 3695 bus
562 3638 975 3709 multiplicatur,
1006 3651 1036 3690 a
1062 3636 1279 3706 pr0pria
1324 3634 1415 3689 illa
1446 3650 1542 3691 sua
1585 3634 1743 3690 unica
1781 3634 1993 3704 simpli-

2095 3634 2426 3735 ἀγαθότητα,
2459 3634 2608 3734 μένει
2638 3634 2802 3715 πάλιν
2835 3634 2981 3715 ἔνδον
3014 3634 3213 3731 ὲαιιτῆς
3245 3634 3455 3729 παγίως
3477 3661 3534 3712 ὲν
3562 3660 3693 3712 ἀκι-

423 3734 585 3802 cique
606 3731 892 3785 intimitate
913 3743 1075 3799 atque
1120 3728 1482 3784 occultatione
1500 3728 1680 3783 deﬁcit
1704 3727 1993 3798 (siquidem

2095 3756 2241 3827 νήτῳ
2287 3755 2614 3827 ταυτότητι,
2678 3755 2772 3809 καὶ
2824 3755 2951 3818 τοὺς
2990 3755 3076 3805 ἐπ’
3114 3753 3281 3822 αὐτὴν
3325 3750 3692 3814 ἀνανεύοντας

423 3824 676 3879 omnibus
701 3821 976 3877 extraneis
1003 3820 1306 3888 incognitus
1320 3817 1576 3888 exsistit),
1595 3819 1718 3873 dum
1741 3832 1870 3875 vero
1894 3833 1993 3888 pro

2095 3817 2346 3911 Evomeret,
2378 3817 2890 3917 cautiq‘pévouoa'
2924 3846 3116 3917 ὥσπερ
3156 3817 3417 3915 ’τὸ-φῶς,
3450 3840 3691 3912 φωτίζον

424 3929 614 3970 eorum
639 3913 730 3981 qui
755 3912 1097 3980 providentia
1141 3922 1405 3982 reguntur
1449 3920 1752 3991 captu‘per
1779 3909 1993 3965 bonita-

2095 3909 2341 4010 ἀθρόως,
2398 3936 2514 4007 φῶς
2538 3909 2637 3989 ’τὸν
2658 3936 2789 3989 αὐτὸ
2827 3937 3010 4007 μένει,
3045 3909 3186 3989 κατὰ
3221 3909 3321 4005 την
3369 3909 3691 4003 ἀπλωτικὴν

426 4017 534 4062 tem
566 4002 957 4072 multiplicatur
988 4017 1053 4057 ac
1079 4004 1406 4071 variegatur,
1427 4003 1599 4057 denuo
1626 3999 1768 4055 intra
1800 4008 1993 4056 semet-

2095 3999 2266 4098 αὐτῆς
2291 3999 2393 4081 καὶ
2411 3999 2655 4080 ένοποιὸν
2689 3999 2880 4079 ἕνωσιν
2915 4027 3010 4079 καὶ
3026 3999 3346 4097 ταυτότητα,
3366 4024 3460 4078 καὶ
3491 3999 3692 4089 ἀνάγει

427 4101 602 4170 ipsum
645 4097 872 4150 ﬁrmiter
910 4094 965 4148 in
1005 4093 1269 4148 immobili
1298 4092 1579 4147 identitate
1607 4100 1810 4155 manet,
1837 4098 1993 4159 atque

2095 4123 2221 4183 τοὺς
2254 4120 2680 4190 ὑποδεχομένους
2712 4118 2989 4186 ἀναλόγως
3007 4115 3332 4181 αύτοῖς,καθ’
3364 4116 3486 4169 ὅσον
3519 4115 3695 4169 σπεύ-

426 4194 482 4247 in
533 4192 714 4259 ipsum
766 4187 1043 4243 intuentes
1094 4187 1360 4251 uniﬁcat,
1404 4187 1543 4241 idem
1586 4187 1638 4240 in
1688 4202 1747 4241 se
1780 4200 1993 4255 perma-

2095 4212 2276 4275 δουσι,
2311 4212 2559 4265 τοσοῦτον
2592 4212 2686 4264 καὶ
2731 4210 3148 4280 φωτιζομένους.
3182 4209 3334 4271 Τέως
3366 4208 3422 4260 δὲ
3469 4206 3692 4272 σκόπει,

426 4304 597 4355 nens;
630 4302 735 4342 non
763 4300 921 4341 secus
950 4298 1015 4338 ac
1043 4274 1223 4337 lumen
1245 4322 1262 4347 ,
1308 4282 1434 4336 dum
1473 4274 1775 4335 luculenter
1805 4279 1993 4333 illumi-

2095 4306 2176 4358 ὅτι
2223 4306 2256 4375 ἡ
2304 4306 2401 4376 μὲν
2452 4274 2754 4365 ἀνάνευσις
2782 4274 3059 4373 ἡμετέρα·
3107 4301 3140 4371 ὴ
3186 4300 3232 4353 δ’
3277 4298 3539 4362 ἀνάτασις
3592 4299 3696 4352 καὶ

428 4392 545 4447 nat,
563 4380 701 4435 idem
720 4379 884 4433 etiam
907 4376 963 4431 in
984 4390 1042 4430 se
1065 4382 1307 4429 remanet
1329 4372 1624 4428 secundum
1653 4372 1993 4441 simpliﬁcam

2100 4372 2374 4466 ἀνύψωσις
2420 4398 2485 4449 ὲκ
2528 4393 2684 4448 Θεοῦ.
2728 4372 2902 4463 Εἰμὴ
2933 4390 3042 4463 γὰρ
3075 4392 3237 4461 ἡμεῖς
3266 4389 3374 4441 τῶν
3406 4390 3695 4460 κοσμικῶν

425 4490 576 4529 suam
624 4483 681 4527 et
719 4471 974 4525 unilicam
1018 4467 1270 4522 unionem
1308 4465 1794 4535 identitatemque,
1840 4472 1897 4517 et
1936 4478 1993 4516 se

2542 4446 2554 4448 ἡ
2580 4484 2697 4544 πῶς
2730 4486 2763 4554 ὴ
2826 4446 3127 4551 ἀνύιζάωσιςη
3166 4446 3259 4533 καὶ
3322 4482 3350 4533 ὁ
3408 4446 3698 4552 φωτισμδς

426 4563 786 4634 excipientes,
816 4577 912 4632 pro
942 4560 1204 4629 cujusque
1236 4567 1419 4627 captu,
1455 4558 1507 4611 in
1549 4567 1809 4625 quantum
1839 4572 1993 4612 acce-

2101 4577 2511 4647 ὲπιγενήσεταις
2554 4573 2696 4628 κατά
2715 4573 2776 4626 τό
2797 4589 2811 4603 ⁸
2845 4568 2998 4639 τιλιρα
3032 4572 3175 4636 τοὺς
3194 4571 3541 4638 ὀφθαλμούς
3570 4590 3697 4641 μου

426 4656 585 4716 dunt,
637 4652 879 4705 illustres
928 4650 1124 4705 reddit.
1183 4640 1288 4705 Ubi
1331 4647 1583 4712 observa,
1627 4656 1684 4700 ut
1720 4649 1993 4718 suspicere

2102 4672 2188 4735 εὶς
2207 4668 2278 4721 τὰ
2298 4640 2427 4736 ύρη,
2448 4668 2585 4736 6'er
2602 4666 2733 4733 ἥξει
2758 4668 2794 4733 ἡ
2811 4661 3061 4730 ,βοήθειά
3081 4662 3335 4733 μου.Κα“ι
3354 4664 3486 4734 γὰρ,
3506 4640 3695 4732 φησὶν,

428 4746 647 4815 quidem
681 4753 951 4807 nostrum,
998 4743 1093 4797 sed
1143 4741 1436 4796 illustratio
1480 4748 1533 4795 et
1584 4739 1813 4797 elevatio
1857 4745 1929 4797 sit
1966 4757 1993 4796 a

2102 4728 2226 4812 οὐδὲ
2270 4728 2707 4819 abstersis,
2740 4728 3044 4824 ἐπιλάμψαι
3079 4728 3176 4823 τὴν
3210 4728 3614 4815 θείαιίάὶιτινέι,
3646 4753 3699 4805 εἰ

433 4840 563 4894 Deo.
589 4835 703 4891 Nisi
744 4835 889 4891 enim
928 4848 961 4889 e
1005 4834 1168 4889 rebus
1222 4832 1574 4888 saecularibus
1618 4835 1993 4891 emerserimus

2111 4852 2186 4923 μὴ
2219 4850 2279 4915 ἐξ
2319 4843 2393 4904 ὧν
2428 4847 2828 4919 συνειθίσμεθα,
2864 4848 2957 4901 καὶ
2997 4845 3073 4916 μὴ
3116 4843 3205 4897 διά
3231 4861 3397 4900 τινων
3439 4860 3701 4915 παραπε-

429 4928 967 4999 suspexerimusque,
992 4925 1265 4993 quomodo
1291 4924 1348 4994 9
1367 4925 1599 4979 elevatio
1628 4934 1683 4979 et
1712 4918 1993 4979 illuSlratin

2098 4918 2391 5014 τασμάτων
2419 4918 2968 5011 περικεκαλυμμένην
2996 4935 3077 5007 (τὸ
3099 4933 3208 5006 γὰρ
3228 4933 3493 4987 ἄστεκτον
3525 4933 3701 5003 αὐτῆς

430 5023 587 5078 nobis
611 5017 897 5087 obtingat?
923 5016 1079 5085 juxta
1111 5016 1240 5071 illud
1260 5056 1276 5081 ,
1329 5017 1514 5070 Levavi
1559 5018 1737 5072 oculos
1772 5033 1911 5071 meos
1944 5018 1993 5072 in

2097 5034 2192 5088 τοῦ
2227 5034 2403 5103 φωτὸς
2436 5035 2530 5087 καὶ
2560 5034 2659 5104 τῆς
2690 5030 2973 5101 δυνάμεως
2995 5068 3009 5091 ,
3035 5028 3119 5091 τίς
3145 5025 3572 5099 ύποστήσεταις)
3603 5027 3697 5079 καὶ

427 5124 655 5178 montes,
684 5112 820 5165 unde
856 5110 1021 5164 ueniet
1053 5109 1314 5163 auxilium
1351 5110 1479 5164 mihi
1532 5119 1578 5164 ι.
1613 5108 1798 5180 Neque
1828 5114 1993 5174 enim,

2099 5125 2165 5176 ὲκ
2186 5123 2294 5176 τῶν
2323 5121 2631 5194 ἡμετέρων,
2666 5119 2893 5191 προνοίᾳ
2907 5116 3040 5170 Θεοῦ
3077 5116 3349 5186 συμφυῶς
3369 5116 3461 5169 καὶ
3478 5114 3694 5179 οἰκείως

431 5207 633 5276 inquit,
657 5204 773 5259 ﬁeri
800 5211 982 5271 potest
1014 5211 1072 5255 ut
1101 5202 1319 5256 divinus
1357 5202 1448 5257 ille
1471 5203 1653 5258 radius
1695 5205 1851 5260 nobis
1878 5204 1993 5258 illu-

2098 5217 2219 5277 ταῖς
2236 5213 2528 5284 ἡμετέραις
2559 5210 2840 5281 αἰσθήσεσι
2865 5209 3330 5278 διεσκευασμένην
3352 5224 3366 5237 ο
3402 5207 3490 5259 ὅτε
3509 5203 3691 5276 δηλον-

432 5311 574 5373 ceat,
607 5299 709 5354 nisi
746 5295 1066 5367 quibusdam
1094 5310 1275 5349 rerum
1305 5294 1462 5349 nobis
1487 5295 1833 5350 familiarium
1861 5296 1993 5351 vela—

2098 5306 2182 5359 ότι
2232 5301 2556 5375 σωματικῶς
2611 5300 2682 5354 τὰ
2737 5300 3004 5371 ἀσώματα
3066 5297 3338 5367 λέγομεν,
3389 5290 3499 5349 οἷον
3557 5295 3689 5365 μέλ-ζ

434 5394 631 5449 mentis
682 5392 845 5446 fuerit
892 5387 1172 5449 obvelatus
1226 5388 1376 5454 (nam
1427 5387 1769 5444 intolerabile
1822 5388 1993 5443 lumen

2110 5397 2425 5469 ἀνθρώπινα
2450 5395 2543 5448 ἐπὶ
2570 5391 2705 5446 Θεοῦ
2727 5434 2741 5457 ,
2785 5392 2880 5446 καὶ
2928 5391 3164 5462 θυμοὺς,
3200 5389 3301 5442 καί
3346 5387 3566 5447 ὕπνους,
3601 5386 3686 5440 καὶ

434 5488 552 5554 ejus
580 5499 645 5539 ac
674 5484 931 5537 virtutem
972 5480 1095 5549 quis
1115 5479 1492 5551 sustinebiti),
1525 5489 1581 5534 et
1610 5493 1677 5535 ex
1712 5480 1873 5535 rebus
1902 5495 1993 5534 no-

2108 5485 2179 5539 τά
2204 5485 2588 5557 παραπλήσια·
2616 5482 2789 5537 ταῦτα
2819 5482 2927 5554 γάρ
2952 5482 3066 5534 ἐστι
3096 5479 3167 5533 τα
3190 5476 3697 5550 παραπετάσματα.

435 5578 721 5643 stratibus,
753 5576 847 5632 Dei
880 5574 1194 5647 prudentia,
1223 5574 1654 5630 connaturaliter
1690 5589 1753 5631 ac
1784 5575 1993 5647 proprie

2121 5577 2276 5632 Ἐπεὶ
2306 5572 2399 5633 οὖν
2423 5577 2535 5639 τοῖς
2567 5573 2845 5645 αἰσθητοῖς
2874 5570 2943 5626 τὰ
2975 5570 3114 5639 ὑπὲρ
3142 5568 3399 5637 αἴσθησιν
3433 5561 3695 5618 ἐντυποῦ-

3242 1729 3632 1749 Μ

429 2604 603 2658 sentia
651 2612 706 2658 et
752 2604 1245 2673 superessentialis,
1297 2620 1396 2660 nec
1425 2619 1530 2659 non
1568 2605 1713 2661 Deus
1746 2616 1803 2660 et
1828 2620 1993 2677 supra

425 2697 617 2751 Deum.
662 2696 813 2753 lianc
840 2698 1021 2766 itaque
1047 2699 1481 2761 illustrationcm,
1508 2714 1625 2767 qua:
1650 2697 1715 2754 ex
1750 2698 1858 2753 Deo
1885 2708 1990 2764 est,

421 2789 818 2858 suscipientes,
859 2804 980 2860 quae
1022 2790 1337 2860 angelorum
1388 2790 1723 2846 lti'crarcbias
1760 2790 1811 2844 in
1853 2790 1993 2859 ﬁgu-

420 2884 558 2935 ratis
586 2881 848 2953 symbolis
881 2890 934 2936 et
965 2880 1289 2951 imaginibus
1321 2883 1617 2952 exprimit,
1656 2882 1992 2936 immateria-

419 2971 563 3027 libus
591 2982 645 3027 et
672 2971 982 3027 intremulis
1012 2972 1212 3039 Oculis,
1239 2972 1290 3026 id
1331 2982 1415 3028 est
1447 2972 1569 3027 ﬁxis
1594 2988 1688 3027 seu
1731 2971 1993 3041 tranquil-

420 3065 490 3121 lis
516 3065 686 3137 (amat
732 3066 878 3121 enim
927 3066 1066 3119 Deus
1112 3064 1597 3134 tranquillitatem,
1630 3064 1774 3119 sicut
1814 3064 1993 3119 virtus

420 3156 698 3210 contraria
731 3155 1139 3223 turbatione-In),
1162 3169 1379 3208 rursum
1400 3168 1467 3209 ex
1495 3154 1727 3224 ipsamet
1756 3153 1996 3209 illustra-

421 3249 572 3304 tione
597 3247 663 3301 ad
701 3248 943 3302 divinum
985 3246 1195 3301 radium
1228 3246 1556 3313 intueamur,
1580 3246 1731 3315 juxta
1766 3246 1994 3316 primam

419 3341 847 3410 propositionem
896 3354 1060 3411 quam
1128 3338 1357 3394 fecimus
1401 3339 1709 3406 :Qu'oniam
1759 3354 1828 3394 ex
1880 3339 1996 3409 ipso

420 3431 622 3488 bonum
656 3441 711 3486 et
741 3432 795 3486 in
828 3432 1040 3502 ipsum;
1071 3440 1229 3501 atque
1253 3432 1329 3485 ita
1355 3433 1407 3486 in
1437 3431 1619 3485 divina
1650 3431 1998 3501 simplicitate

540 5761 572 5806 1
603 5751 763 5811 Joan.
810 5768 851 5821 ι,
878 5754 931 5810 9.
1012 5763 1035 5793 ³
1073 5752 1217 5811 Psal.
1261 5768 1391 5824 cxx,
1425 5753 1477 5812 l.
