3916 6234
180 240 282 300 133

711 236 801 293 DE
837 233 1165 292 CCELESTI
1203 232 1649 298 HIERARCHIA,
1687 231 1841 288 CAP.
1884 230 1924 286 Ι.
1966 260 2035 270 ——
2067 228 2415 285 PARAPHR.
2454 228 2930 286 PACHYMERE.

3362 233 3468 299 134

178 373 296 426 μεν,
332 353 544 425 ὁμοίως
576 353 689 424 ἔχει
716 352 813 407 καὶ
840 353 872 423 ἡ
903 350 1027 404 καθ’
1052 351 1200 421 ἡμᾶς
1234 350 1485 422 ίεραρχία
1519 349 1656 421 πρὸς
1680 347 1765 420 τὴι

1881 346 2087 400 nostris
2118 346 2372 399 sensibus
2411 345 2487 398 sit
2516 345 2963 399 accommodatus
2998 362 3013 399 :
3048 347 3264 415 quando
3310 349 3469 403 nimi-

171 447 432 519 οὐρανίαν
485 447 705 515 ἐκείνην
746 445 843 499 καὶ
906 445 1090 514 ἀφανῆ
1114 460 1128 473 ⁸
1164 442 1306 495 οὑτω
1342 443 1450 513 γὰρ
1491 442 1783 511 εὐδόκησεν

170 540 205 607 ἡ
231 537 557 607 τελετάρχις
611 535 904 605 ίεροθεσία,
934 535 1092 605 ἡτῆς
1116 535 1225 587 τῶν
1259 533 1420 605 ἱερῶν
1467 533 1783 603 μυστηρίων

167 636 202 703 ἡ
212 632 325 701 μῶν
357 632 787 701 διακοσμήσεως
809 628 965 692 τάξις
991 644 1053 679 τε
1092 628 1187 679 καὶ
1216 625 1516 697 παράδοσις
1535 640 1548 653 ⁸
1585 621 1779 693 τελετὴ

167 724 275 794 γάρ
319 723 547 791 λέγεται
593 725 626 793 ἡ
664 721 777 773 τῶν
822 717 1139 790 μυστηρίων
1190 716 1510 787 μετάδοσις,
1553 713 1649 767 ἆτε
1686 712 1779 765 τὸν

172 813 482 883 μυούμενον
504 810 791 866 τελειοῦσα
809 827 822 839 ⁸
856 808 1095 870 καὶτοὺς
1126 806 1511 878 μεμυημένους
1534 804 1777 867 τελείους

167 903 326 956 καλεῖ
355 903 386 954 6
424 901 771 965 Ἀπόστολος,
794 900 967 967 λέγων
990 914 1003 926 ·
1044 897 1216 949 Ὅσοι
1246 895 1359 949 οὖν
1378 896 1613 959 τέλειοι,
1638 892 1777 946 τοῦ-

166 1007 235 1043 το
261 989 603 1060 φρονῶμεν.

167 1084 326 1150 tioui,
357 1100 485 1153 qua:
512 1098 797 1138 sacrorum
829 1083 1032 1137 rituum
1055 1089 1369 1137 nostrorum
1429 1081 1567 1133 ordo
1613 1088 1668 1133 et
1720 1080 1939 1136 traditio
1983 1092 2067 1137 est

1892 453 2010 491 rum
2041 437 2402 507 corporaliter
2429 453 2493 490 ea
2524 452 2644 505 qua:
2669 436 2988 504 incorporea
3014 447 3139 490 sunt
3164 436 3464 505 eﬁ'erimus,

1890 537 1951 580 ut
1984 542 2106 581 cum
2141 528 2207 581 de
2245 527 2355 581 Deo
2405 527 2650 580 membra
2702 526 2962 589 humana,
3012 526 3355 597 furoresque,
3400 547 3467 587 ac

1887 634 2108 675 somnos
2136 620 2350 689 aliaque
2380 618 2579 673 similia
2621 620 3009 686 enuntiamus;
3048 620 3316 689 siquidem
3352 623 3468 677 hmc

1893 710 2200 763 velamenta
2233 719 2383 764 sunt.
2410 708 2637 774 Quando
2685 710 2847 779 igitur
2877 725 2937 764 ea
2973 725 3091 778 qua:
3128 725 3345 765 sensum
3375 729 3468 766 su-

1883 812 2076 869 perant
2105 816 2206 870 per
2233 817 2320 854 res
2354 801 2580 856 sensiles
2612 802 2972 869 explicamus,
2991 812 3104 857 tum
3132 814 3318 859 nostra
3350 805 3465 861 haec

1886 894 2195 949 hierarchia
2222 893 2420 948 similis
2452 904 2535 950 est
2578 894 2783 950 caelesti
2808 903 2864 949 et
2894 897 3121 949 occulta:
3166 914 3180 950 :
3215 897 3293 951 sic
3320 897 3467 951 enim

1892 987 2099 1056 placuit
2136 988 2520 1058 mysteriorum
2575 1000 2859 1041 sacrorum
2917 987 3149 1056 principi
3201 977 3471 1043 constitu-é

2133 1100 2147 1136 :
2194 1082 2464 1152 siquidem
2506 1082 2740 1135 initiatio
2781 1096 2874 1135 seu
2922 1081 3222 1151 perfectio,
3279 1092 3467 1138 sacru-

164 1191 288 1231 rum
346 1176 744 1247 mysteriorum
803 1173 1232 1230 communicatio
1282 1179 1647 1240 nuncupatur,
1705 1180 1764 1226 ut
1815 1188 1936 1242 quae
1980 1172 2225 1231 initiatos
2272 1175 2555 1243 perﬁciat;
2601 1184 2764 1242 atque
2805 1174 2883 1227 ita
2928 1184 3292 1238 consecratos,
3336 1190 3464 1246 per-

169 1260 350 1318 fectos
407 1274 577 1318 vocat
632 1263 943 1331 Apostolus,
994 1262 1181 1316 dicens
1220 1277 1237 1316 :
1286 1259 1597 1327 Quicunque
1638 1273 1761 1328 erga
1793 1260 2014 1331 perfecti
2043 1279 2245 1326 sumus,
2280 1265 2376 1317 hoc
2405 1264 2693 1317 sentiamus
2734 1276 2783 1318 ιι.

234 1376 262 1447 §
301 1376 387 1429 lll.
441 1377 751 1448 Εὑδόκησεν
788 1371 881 1429 οὖν
920 1375 956 1445 ἡ
998 1372 1315 1444 τελετάρχις
1357 1368 1646 1440 ἱεροθεσία,
1681 1369 1768 1421 ἵνα

164 1468 259 1530 τάς
304 1469 510 1532 ἀῢλους
538 1470 633 1521 καὶ
661 1467 945 1540 οὐρανίους
986 1466 1266 1537 ίεραρχίας
1291 1463 1498 1525 ὑλικοῖς
1528 1461 1770 1532 σχήμασι

165 1560 256 1611 καὶ
287 1562 531 1628 μορφαῖς
564 1556 884 1630 παραδώσῃ,
926 1559 1075 1619 ὅπως
1111 1554 1390 1621 ἀναλόγως
1431 1552 1539 1605 ἀπὸ
1564 1551 1770 1603 τούτων

1949 1372 1977 1443 §
2008 1372 2096 1428 Ill.
2127 1373 2468 1445 Complacuit
2515 1375 2699 1444 itaque
2731 1375 3115 1445 mysteriorum
3177 1389 3460 1430 sacrorum

1878 1467 2106 1536 principi
2180 1467 2591 1532 constitutioni,
2659 1467 3047 1521 immateriales
3106 1468 3462 1538 caelestesque

1878 1558 2218 1613 hierarchias
2248 1557 2622 1611 materialibus
2646 1557 2837 1627 ﬁguris
2860 1574 2924 1611 ac
2953 1559 3145 1614 formis
3163 1574 3456 1629 exponere,

162 1650 267 1701 τῶν
298 1649 470 1718 ἱερῶν
493 1649 794 1702 τυπώσεων
811 1650 903 1701 ἐπὶ
928 1648 1027 1711 τάς
1046 1646 1366 1708 ἀτυπώτους
1397 1645 1491 1697 καὶ
1514 1646 1655 1713 ἀσχη
1667 1659 1765 1713 μα-

1881 1660 1938 1702 υι
1969 1664 2066 1717 pro
2092 1658 2249 1717 captu
2275 1658 2460 1702 nostro
2488 1651 2555 1703 ab
2582 1649 2732 1702 hisce
2760 1648 2933 1701 sacris
2962 1648 3457 1715 ell'ormationibus,

162 1739 379 1803 τίπους
422 1740 751 1810 ἀναχθῶμεν
795 1738 1103 1807 ἀναγωγάς.
1140 1738 1284 1808 Ὅρα
1308 1735 1451 1805 γὰρ,
1482 1732 1775 1815 ποιήσεις,

164 1838 313 1905 φησὶ,
345 1835 504 1887 κατὰ
542 1835 651 1887 τὸν
682 1836 871 1887 τύπον
896 1832 1003 1885 τὸν
1025 1831 1337 1899 δειχθέντα
1364 1845 1464 1883 σοι
1487 1845 1500 1858 ·
1547 1828 1671 1879 ἐπεὶ
1703 1826 1778 1898 μὴ

161 1927 385 1981 δυνατόν
422 1928 544 1979 ἐστι
575 1925 653 1997 τῷ
682 1925 933 1996 ἡμετέρῳ
968 1923 1049 1978 νοῒ
1082 1924 1218 1993 πρὸς
1245 1923 1345 1993 τὴν
1375 1922 1535 1975 eam
1562 1919 1778 1989 ἐκείνην

162 2018 521 2088 ἀνυψωθῆναι
565 2018 900 2071 κατάστασιν
948 2002 1203 2086 ἀμέσως,
1236 2014 1311 2084 μὴ
1335 2013 1425 2066 διά
1448 2028 1609 2065 τινων
1645 2028 1778 2083 μορ-

162 2110 274 2178 φῶν
303 2111 403 2162 καὶ
438 2110 736 2180 σχημάτων
766 2107 1282 2179 χειραγωγουμένῳ,
1313 2105 1407 2158 καὶ
1443 2103 1778 2174 λογιζομένῳ

162 2201 223 2251 ἐκ
253 2200 470 2252 τούτων
512 2202 697 2251 ἐκεῖνα
720 2216 733 2228 ·
764 2198 832 2251 τὰ
856 2198 953 2269 μὲν
994 2197 1290 2267 φαινόμενα
1317 2194 1509 2264 κάλλη,
1547 2195 1645 2265 τὴν
1680 2190 1774 2244 τοῦ

161 2288 287 2341 ναοῦ
310 2331 326 2353 ,
353 2289 525 2357 λέγω,
557 2288 820 2361 καλλονὴν
840 2289 935 2341 καὶ
958 2286 1311 2356 εὐπρέπειαν,
1341 2283 1775 2353 ἀπεικονίσματα

160 2381 255 2450 τῆς
282 2381 537 2450 ἀφανοῦς
562 2381 865 2452 εὐμορφίας
889 2379 1065 2450 ἔχοντι
1084 2396 1097 2409 ⁸
1132 2377 1232 2442 τὰς
1262 2377 1318 2430 δὲ
1341 2376 1430 2430 διά
1448 2376 1555 2429 τῶν
1576 2375 1774 2446 θυμια-

165 2472 347 2543 μάτων
392 2472 650 2535 εὐωδίας,
693 2473 792 2543 τῆς
819 2472 1019 2542 νοητῆς
1045 2471 1333 2533 διαδόσεως
1367 2467 1735 2539 ἐκτυπὼματα
1753 2486 1767 2499 ο

161 2564 449 2618 διαδίδοται
489 2563 603 2634 γὰρ
658 2565 687 2616 6
728 2562 1008 2634 φωτισμὸς
1057 2564 1269 2625 ἐκεῖσε,
1334 2560 1409 2624 ὡς
1462 2558 1694 2613 ἐνταῦθα
1736 2561 1769 2631 ἡ

162 2656 356 2710 εὐώία
377 2673 392 2685 ·
430 2654 501 2708 τά
535 2655 594 2707 δὲ
623 2654 732 2708 τῶν
772 2654 959 2724 κηρῶν
987 2654 1081 2706 καὶ⁹
1115 2652 1210 2705 τοῦ
1251 2652 1433 2705 ἐλαίου
1464 2651 1637 2720 φῶτα,
1669 2650 1771 2719 τῆς

164 2747 513 2817 φωτοχυσίας
543 2747 759 2817 ἐκείνης
786 2745 988 2809 εἰκόνα,
1015 2744 1109 2798 καὶ
1136 2743 1238 2813 τῆς
1264 2741 1404 2796 κατά
1443 2741 1568 2796 νοῦν
1606 2742 1769 2795 πάλιν

162 2837 512 2908 θεωρητικῆς
539 2837 863 2908 πλησμονῆς
889 2853 902 2865 ·
933 2831 995 2888 τὸ
1022 2834 1130 2906 γὰρ
1152 2835 1219 2886 ἐκ
1248 2833 1443 2904 μέρους
1474 2832 1620 2885 ἔστιν
1676 2833 1766 2885 ὅτε

162 2932 251 2984 καὶ
280 2932 422 3001 ημῖν
448 2928 949 2999 καταργηθήσεται,
987 2925 1129 2980 κατὰ
1165 2925 1257 2978 τὸν
1295 2924 1609 2979 Ἀπόστολον
1629 2939 1642 2952 ·
1667 2922 1767 2987 τὰς

1884 1741 1949 1792 ad
1977 1738 2272 1793 formarum
2293 1739 2695 1808 figurarumque
2714 1750 2966 1806 expertes
2982 1755 3255 1810 anagogas
3274 1742 3458 1795 tradu-

1882 1847 2089 1886 camur.
2118 1831 2279 1897 Ecce,
2311 1830 2481 1897 enim,-
2516 1831 2709 1899 inquit,
2759 1830 2922 1898 facies
2958 1832 3249 1885 secundum
3273 1850 3455 1889 exem-

1880 1924 1999 1994 plar
2019 1922 2157 1993 quod
2184 1923 2275 1975 tibi
2297 1931 2649 1976 monstratum
2675 1931 2749 1975 est
2775 1922 2803 1960 δ
2834 1939 2847 1974 :
2877 1922 3313 1991 quandoquidem
3339 1925 3453 1981 ﬁeri

1881 2028 1985 2068 non
2021 2012 2195 2081 possit
2226 2022 2284 2065 ut
2320 2027 2473 2066 mens
2504 2020 2690 2065 nostra
2722 2012 2788 2064 ad
2828 2012 3251 2067 immateriatam
3293 2014 3453 2071 istam

1879 2104 2325 2158 constitutionem
2374 2102 2687 2157 immediate
2734 2102 3074 2171 subrigatur,
3115 2105 3217 2158 nisi
3265 2105 3454 2163 formis

1878 2194 2200 2262 quibusdam
2239 2208 2304 2246 ac
2344 2191 2531 2262 ﬁguris
2579 2193 2735 2263 quasi
2784 2209 2945 2247 manu
2976 2194 3134 2249 ducta
3183 2196 3370 2259 fuerit,
3397 2207 3454 2253 et

1876 2299 1942 2339 ex
1976 2283 2062 2337 his
2106 2283 2194 2337 illa
2246 2284 2564 2353 conjecerit.
2622 2284 2801 2353 Atque
2853 2295 3175 2353 apparentes
3234 2288 3451 2356 quidem

1875 2374 2331 2442 pulchritudines,
2369 2373 2577 2443 templi,
2622 2375 2767 2440 dico,
2799 2384 3143 2431 venustatem
3188 2391 3254 2429 ac
3292 2379 3453 2432 deco-

1876 2480 2012 2529 rem,
2033 2464 2263 2519 occulta:
2280 2464 2428 2519 illius
2447 2466 2752 2519 venustatis
2778 2467 3042 2538 imagines
3064 2484 3173 2538 pra:
3194 2485 3250 2524 se
3271 2469 3448 2537 ferre;

1874 2570 2071 2610 suaves
2127 2570 2259 2611 vero
2302 2558 2711 2627 thymiamatum
2766 2559 2982 2623 odores,
3034 2562 3295 2631 spiritalis
3331 2576 3452 2618 esse

1874 2648 2181 2703 traditionis
2211 2646 2603 2719 efﬁgiationes:
2630 2650 2869 2704 traditur
2898 2652 3042 2705 enim
3069 2652 3179 2709 illic
3206 2654 3449 2709 illustra-

1872 2738 1971 2802 tio,
1994 2739 2452 2808 quemadmodum
2478 2740 2566 2795 ltic
2595 2741 2781 2795 odoris
2808 2743 3127 2811 fragrantia.
3156 2744 3449 2801 Cereorum

1870 2840 2051 2886 autem
2080 2829 2295 2901 oleique
2332 2831 2623 2885 luminaria
2668 2841 2795 2887 sunt
2838 2833 2984 2887 illius
3040 2835 3449 2895 illuminatiouis

1871 2923 2166 2993 imagines,
2215 2923 2292 2977 uti
2324 2924 2490 2977 etiam
2530 2922 2674 2977 illius
2720 2926 3174 2995 contemplativa,
3210 2944 3329 2999 qua:
3363 2946 3447 2986 se.

161 3020 466 3089 διεξώικὰς
510 3019 835 3091 μαθητείας,
873 3018 975 3081 τὰς
1013 3017 1102 3070 διά
1132 3018 1242 3071 τῶν
1269 3016 1560 3087 ὁρωμένων
1615 3035 1765 3089 πρα-

1873 3014 2111 3069 cundum
2144 3023 2382 3068 mentem
2413 3023 2517 3079 est,
2544 3015 2848 3068 saturitatis
2875 3031 2889 3066 :
2923 3019 3179 3084 quoniam
3220 3020 3272 3073 id
3302 3024 3448 3089 quod

148 3113 369 3183 γμάτων
383 3112 669 3179 καὶλόγων
694 3109 1039 3179 πλατυτέρας
1065 3107 1384 3171 ἀποδείξεις.
1420 3104 1514 3168 Τίς
1540 3104 1597 3157 δέ
1624 3106 1768 3157 ἐστιν

162 3209 193 3275 ἡ
220 3206 544 3278 Θεωρητικὴ
570 3202 666 3257 τοῦ
691 3204 813 3283 νορς
839 3202 1125 3273 πλησμονή
1150 3218 1164 3266 ;
1207 3201 1289 3253 ὅτι
1329 3197 1506 3270 δῆλον,
1540 3197 1716 3267 ζητῶν
1742 3199 1770 3250 6

162 3298 280 3361 νοῦς
309 3295 448 3367 περὶ
491 3294 605 3347 τῶν
652 3293 835 3357 θείων,
872 3292 969 3346 καὶ
1019 3290 1237 3361 θεωρῶν
1281 3284 1485 3352 οὗτινος
1523 3285 1771 3341 ὁπωσοῦν

163 3386 522 3460 ἐπιδράξεται
550 3428 565 3452 ,
610 3384 918 3458 πληροῦται
964 3385 1022 3437 ἐν
1070 3382 1265 3452 ἐκείνῳ
1288 3381 1382 3434 καὶ
1433 3379 1766 3450 κορέννυται.

164 3482 224 3533 Τί
253 3483 370 3552 γάρ
390 3484 518 3535 ἐστι
548 3479 659 3533 τῶν
691 3477 872 3540 Θείων,
904 3477 1040 3547 ὅπερ
1066 3476 1163 3545 οὐχ
1187 3473 1475 3545 ὑπεραίρει
1494 3471 1584 3523 τὸν
1622 3469 1766 3536 νοῦν,

163 3574 253 3626 καὶ
280 3576 384 3646 τὴν
406 3573 596 3642 ἔφεσιν
620 3568 809 3633 αὐτοῦ,
832 3567 1017 3638 λίχνην
1041 3562 1224 3629 οὖσαν,
1256 3565 1437 3635 ἵστησι
1462 3564 1555 3616 καὶ
1579 3561 1768 3633 κορέν-

164 3681 312 3729 vam;
351 3663 614 3732 καθάπερ
638 3660 891 3731 είρηται’
936 3654 1278 3725 Ἐμνήσθην
1318 3654 1424 3707 τοῦ
1457 3653 1624 3716 Θεοῦ,
1671 3651 1770 3706 καί

163 3753 510 3824 εὐφράνθην
528 3768 542 3780 ·
575 3750 671 3804 καὶ
707 3748 870 3804 πάλιν
892 3765 908 3789 '-
952 3744 1246 3814 Ἐδίψ-ησέ
1274 3761 1347 3798 σε
1377 3745 1416 3813 ἡ
1438 3743 1608 3812 ψυχή
1624 3763 1765 3813 μου,

165 3852 499 3919 ποσαπλῶς
519 3852 589 3905 δὲ
622 3852 660 3919 ἡ
692 3848 852 3917 σάρξ
867 3864 1006 3917 μου.
1039 3845 1180 3915 Διψᾷ
1209 3845 1242 3914 ἡ
1272 3843 1439 3914 ψυχὴ,
1468 3844 1563 3896 καὶ
1600 3844 1767 3915 ἐμπι-

168 3946 389 4010 aliaat,
438 3945 518 4007 ὡς
548 3943 750 4013 ἔχουσα
789 3938 1068 4009 ἐπιτήδεια
1103 3936 1285 4006 δοχεῖα
1323 3934 1432 3988 τῶν
1474 3933 1641 3988 ’θείων
1683 3936 1768 3988 ἐνι-

166 4036 314 4088 νοιῶν
335 4053 348 4063 ·
378 4031 517 4103 διψᾷ
545 4034 579 4103 ἡ
602 4030 759 4101 σάρξ,
787 4026 923 4081 ἀλλά
950 4022 1245 4085 ποσαπλῶς
1271 4022 1406 4092 πρὸς
1432 4021 1530 4091 τὴν
1551 4019 1728 4091 ψυχήν
1747 4036 1762 4050 ο

166 4126 281 4178 οὐδὲ
318 4124 435 4194 γάρ
464 4123 579 4193 ἔχει
605 4119 877 4189 ὑποδοχῆς
926 4114 1359 4185 ἐπιτηδειότητα,
1401 4111 1528 4181 ξένη
1561 4110 1766 4164 παντά-

168 4222 323 4270 πασιν
371 4212 515 4269 οὖσα
557 4201 692 4284 πρὸς
726 4212 827 4275 τὰς
866 4210 1017 4273 θείας
1066 4209 1162 4262 καὶ
1216 4204 1413 4277 νοητὰς
1458 4204 1759 4275 ἐμφάσεις·

168 4304 278 4372 ὅθεν
302 4305 423 4366 καὶ,
450 4303 530 4365 ὡς
558 4299 884 4372 ὑστεροῦσα,
912 4299 1000 4351 ἀεὶ
1022 4295 1416 4367 ἐπιτεταμένην
1443 4295 1542 4365 τὴν
1579 4293 1762 4361 ἔφεσιν

169 4370 291 4466 ἔξει,
319 4399 349 4450 ὁ
373 4397 434 4449 δὲ
463 4394 589 4457 νοῦς
617 4394 831 4464 πλήρης
850 4392 1075 4460 γίνεται,
1100 4384 1304 4452 οὗτινος
1324 4387 1389 4440 ἂν
1411 4387 1503 4439 καὶ
1536 4384 1759 4455 ἅψηται.

170 4487 379 4555 Ταύτης
419 4480 515 4537 οῦν
545 4483 647 4551 τῆς
688 4481 1010 4552 πλησμονῆς
1047 4480 1254 4542 εἰκόνες
1280 4478 1417 4531 εἰσὶν
1442 4477 1497 4530 αἱ
1534 4475 1623 4529 διὰ
1652 4475 1762 4529 τῶν

168 4578 332 4645 λόγων
370 4574 714 4639 ἀποδείξεις,
755 4575 868 4634 τοῖς
914 4571 1300 4642 ἐπιχειρήμασι
1340 4567 1756 4637 πλατυνόμεναι.

169 4663 271 4736 Τῆς
313 4668 374 4720 δέ
424 4666 516 4718 ἀεὶ
572 4665 666 4717 καὶ
705 4662 970 4726 ὡσαύτως
1023 4660 1252 4731 ἐχούσης
1298 4659 1393 4713 καὶ
1418 4656 1757 4728 τεταγμένης

167 4758 294 4827 πρὸς
314 4755 390 4809 τά
421 4755 546 4806 θεῖα
571 4753 738 4819 ἐξεως
756 4793 771 4816 ,
815 4750 897 4823 (οὑ
926 4751 1034 4821 γὰρ
1056 4750 1252 4816 ἀταξία
1274 4766 1357 4811 τις
1394 4749 1593 4811 ἐκεῖσε,
1638 4745 1754 4798 ἀλλ’

168 4848 482 4920 ἐναρμόνιος
512 4845 647 4910 ἕξις,
688 4843 763 4907 ὼς
786 4844 875 4896 ἀεὶ
918 4843 1049 4913 περὶ
1079 4842 1211 4895 αὐτὸ
1234 4840 1342 4893 τῶν
1379 4837 1537 4891 θείων
1569 4834 1753 4908 μενόν-

165 4958 263 4993 των
287 4982 303 5005 ,
342 4938 460 4993 τῶν
504 4937 792 5008 ἡμετέρων
831 4937 890 4989 ἐν
931 4936 1171 5007 διηνεκεί
1211 4935 1310 5004 ῤοῇ
1354 4930 1691 5000 φαινομένων
1710 4926 1751 4997 ·)

165 5034 362 5088 τούτων
390 5026 489 5086 οὖν
518 5030 628 5083 τῶν
652 5028 1002 5098 τεταγμένων
1020 5026 1185 5092 ἕξεων
1208 5023 1422 5084 εἰκόνας
1446 5021 1544 5083 τάς
1564 5018 1752 5073 ἐνθάδε

169 5125 354 5197 ἔχομεν
389 5123 597 5189 τάξεις,
619 5121 745 5184 τοὺς
774 5118 1078 5191 ίερατικοὺς
1102 5115 1362 5189 βαθμοὺς,
1384 5111 1483 5175 τὰς
1512 5111 1746 5174 στάσεις,

168 5214 254 5277 τὰς
294 5211 733 5284 καθέδραςέτάς
775 5208 987 5274 στολὰς,
1024 5210 1118 5262 καὶ
1155 5207 1210 5260 εί
1236 5224 1290 5259 τι
1316 5201 1744 5272 τοιουτότροπον,

169 5306 320 5378 αἴπερ
348 5306 453 5375 τὴν
475 5303 635 5369 τάξιν
663 5302 1079 5374 ἀπαράλλακτον
1108 5298 1314 5369 ἔχουσι,
1340 5296 1437 5349 καὶ¹
1467 5292 1621 5354 τέλος
1645 5291 1747 5360 τῆς

180 5397 344 5469 Ἰησοῦ
381 5396 678 5467 μετουσίας
703 5394 801 5465 τὴν
831 5393 979 5447 θείαν
1006 5388 1336 5464 μετάληψιν,
1372 5387 1439 5457 ἢν
1466 5382 1744 5451 καὶ¹εὐχα-

174 5490 371 5558 ριττίαν
410 5488 587 5557 λέγει,
611 5487 687 5551 ὡς
710 5486 804 5541 τοῦ
833 5484 1040 5557 Κυρίου
1060 5482 1239 5554 ἡμῶν,
1266 5480 1429 5552 ἡνίκα
1458 5473 1741 5547 παρεδίδου

1789 4361 1841 4421 D

1871 3120 1935 3160 ex
1963 3116 2117 3175 parte
2146 3118 2251 3170 est,
2282 3107 2575 3176 aliquando
2597 3117 2652 3162 et
2676 3107 2857 3174 nobis,
2883 3112 3177 3165 secundum
3208 3113 3445 3182 Aposto-

1871 3197 2004 3263 lum,
2044 3199 2400 3254 evacuabitur
2439 3208 2486 3252 ο.
2518 3196 2734 3253 Dill‘usae
2776 3213 2938 3268 porro
2977 3199 3274 3271 disciplina:
3321 3213 3448 3258 sunt

1871 3291 2108 3348 fusiores
2144 3291 2385 3347 visarum
2420 3305 2604 3345 rerum
2646 3306 2711 3345 ac
2754 3306 3065 3347 sermonum
3104 3297 3446 3351 demonstra-

1872 3384 2072 3439 tiones.
2111 3382 2372 3450 Quaenam
2418 3392 2600 3438 autem
2649 3393 2734 3438 est
2778 3385 3194 3454 contemplativa
3248 3390 3443 3443 mentis

1875 3476 2132 3531 satietas?
2184 3479 2404 3545 quando
2455 3474 2708 3529 nimirqu
2750 3491 2840 3531 res
2870 3476 3083 3531 divinas
3108 3494 3260 3534 mens
3296 3479 3443 3535 inve-

1870 3566 2059 3635 stigat,
2097 3573 2154 3621 et
2195 3579 2294 3633 per
2336 3564 2847 3634 contemplationem
2894 3566 3169 3637 quidpiam
3198 3583 3439 3637 compre-

1870 3660 2085 3725 hendit,
2135 3658 2371 3730 repletur
2422 3660 2608 3729 utique
2669 3660 2774 3729 ιο
2827 3674 2892 3714 ac
2942 3671 3243 3717 saturatur.
3298 3661 3438 3729 Quid

1868 3753 2011 3808 enim
2036 3761 2120 3807 est
2148 3767 2331 3807 rerum
2376 3752 2707 3817 divinarum,
2751 3753 2894 3820 quod
2926 3768 3033 3806 non
3066 3763 3302 3809 mentem
3328 3756 3439 3808 ele-

1867 3852 1980 3909 vet,
2014 3852 2178 3914 atque
2224 3843 2476 3899 all‘ectum
2515 3844 2659 3913 ejus,
2700 3844 2792 3913 qui
2830 3845 3073 3913 quaedam
3121 3844 3290 3901 fames
3326 3860 3435 3915 est,

1868 3936 2030 3991 sistat
2068 3944 2125 3990 et
2172 3936 2447 3991 exsatiet?
2488 3936 2943 4005 quemadmodum
2990 3937 3252 4006 scriptum
3302 3949 3433 3996 est:

1868 4026 2073 4080 Memor
2119 4028 2198 4095 fui
2240 4027 2371 4091 Dei,
2428 4037 2475 4082 et
2520 4025 2805 4080 delectatus
2852 4043 2969 4080 sum
3012 4027 3080 4094 τις
3110 4029 3432 4085 etiterum:

1868 4117 2042 4172 Sitivit
2076 4119 2131 4171 in
2163 4130 2212 4172 te
2239 4119 2418 4173 anima
2446 4135 2583 4183 mea,
2618 4135 2775 4188 quam
2800 4119 3162 4187 multipliciter
3184 4121 3274 4172 tibi
3307 4136 3436 4175 cara

1864 4225 1979 4263 mea
2007 4220 2052 4262 θ.
2079 4207 2206 4263 Sitit
2236 4210 2411 4264 anima
2454 4224 2518 4264 ac
2548 4210 2804 4278 repletur,
2854 4219 3039 4278 utpote
3075 4210 3281 4263 habens
3306 4221 3430 4280 apta

1868 4301 2210 4370 receptacula
2257 4302 2563 4356 divinarum
2608 4302 2998 4373 cogitationum
3047 4319 3062 4354 :
3110 4301 3227 4355 sitit
3274 4317 3427 4367 caro,

1864 4392 1958 4447 sed
2014 4407 2176 4461 quam
2228 4392 2600 4461 multipliciter
2656 4401 2906 4462 respectu
2957 4393 3182 4457 animm;
3251 4408 3428 4461 neque

1858 4482 2004 4539 enim
2036 4484 2197 4539 habet
2218 4484 2576 4551 aptitudinem
2608 4485 2928 4552 recipiendi,
2959 4499 3078 4537 cum
3105 4487 3179 4537 sit
3204 4485 3427 4539 omnino

1858 4584 2120 4627 extranea
2175 4574 2376 4629 divinis
2428 4584 2483 4629 et
2536 4573 2870 4643 spiritalibus
2918 4574 3422 4629 insinuationibus:

1856 4676 2185 4736 quapropter
2215 4675 2473 4735 tanquam
2501 4680 2694 4736 egena,
2728 4664 2992 4718 intentum
3018 4678 3231 4734 semper
3260 4666 3426 4721 habet

1851 4761 2181 4829 appetitum,
2229 4773 2381 4812 mens
2438 4768 2616 4811 autem
2667 4773 2879 4827 semper
2929 4756 3086 4826 plena
3155 4767 3238 4812 est
3303 4758 3423 4826 ejus

1856 4852 1999 4920 quod
2060 4848 2438 4919 apprehendit.
2512 4847 2684 4919 Hujus
2746 4863 2879 4919 ergo
2945 4849 3213 4905 satietatis
3282 4850 3422 4906 ima-

1855 4944 2009 5013 gines
2062 4950 2219 5007 sunt,
2274 4955 2583 4994 sermonum
2639 4941 3128 4995 demonstrationes
3192 4940 3421 4997 rationi-

1854 5034 1955 5088 bus
1981 5032 2235 5086 dilatataz.
2251 5030 2421 5086 Porro
2440 5030 2559 5099 ejus
2580 5046 2697 5099 quae
2723 5047 2936 5100 semper
2955 5039 3008 5086 et
3035 5033 3223 5086 eodem
3256 5034 3418 5087 modo

1853 5137 1911 5177 se
1941 5124 2103 5177 habet
2130 5132 2275 5177 recte
2319 5122 2385 5176 ad
2411 5122 2623 5175 divinas
2668 5136 2754 5175 res
2798 5122 3060 5176 ordinata:
3088 5121 3419 5177 habitudinis

1854 5215 2018 5285 (nulla
2049 5216 2192 5269 enim
2224 5214 2295 5268 ibi
2326 5213 2691 5278 inordinatio,
2737 5214 2833 5267 sed
2878 5214 3101 5268 omnino
3144 5214 3428 5269 concinna-

1851 5307 2195 5370 constitutio,
2224 5307 2427 5377 quippe
2454 5305 2599 5359 circa
2624 5305 2764 5361 idem
2793 5319 3007 5375 semper
3026 5305 3221 5360 divinis
3251 5305 3415 5360 rebus

1852 5398 2221 5460 manentibus,
2255 5398 2521 5466 nobisque
2558 5398 2782 5465 perenni
2803 5395 2951 5449 ﬂuxu
2978 5395 3411 5465 apparentibus),

1850 5495 2064 5560 harum,
2092 5493 2333 5561 inquam,
2359 5491 2732 5547 ordinatarum
2751 5488 3122 5543 habitudinum
3146 5486 3411 5556 imagines
3478 5482 3479 5485 “

243 5675 269 5703 ι
310 5660 456 5718 Phil.
496 5676 582 5734 tu,
617 5660 706 5717 15.
782 5658 812 5701 ιι
851 5657 1022 5716 Exod.
1057 5672 1181 5713 xxv.
1213 5654 1303 5712 40.
1344 5664 1365 5693 τε
1397 5653 1417 5708 l
1449 5651 1564 5710 Cor.
1609 5651 1765 5709 sum

1920 5644 1945 5685 ἀ
1981 5644 2125 5702 Psal.
2154 5660 2340 5703 Lxxvl.
2372 5644 2423 5698 4.
2505 5655 2527 5684 ο
2560 5642 2699 5698 Psal.
2748 5657 2883 5696 an.
2910 5642 2964 5698 2.
