3916 6234
486 276 594 333 155

1663 270 1720 327 S.
1758 267 2054 326 DIONYSII
2089 266 2551 328 AREOPAGITE

3648 277 3752 335 136

486 401 616 447 sunt
642 391 741 457 illi,
772 406 912 463 quos
936 390 1026 447 bic
1050 389 1317 446 habemus
1338 428 1353 453 ,
1378 388 1619 452 ordines,
1653 390 1793 443 sacri
1832 390 2050 458 gradus,

2165 388 2227 442 τδ
2255 390 2495 444 τοιοῦτον
2536 389 2678 443 θεῖον
2720 387 3049 461 μυστήριον,
3092 390 3625 463 εὐχαριστήσαντος,
3660 396 3757 449 καὶ

482 484 767 548 stationes,
799 484 1105 549 cathedrae,
1135 484 1307 543 stolae,
1349 490 1405 535 et
1446 480 1487 535 si
1530 495 1652 549 quae
1702 489 1827 534 sunt
1851 480 2063 547 cjnsre-

483 578 665 639 modi,
691 590 813 643 quae
856 576 1100 628 ordinem
1140 576 1342 630 habent
1375 571 1784 634 immutabilem,
1818 586 1880 627 ac
1907 574 2059 625 deni-

482 680 588 735 que
632 665 758 721 Jesu
821 667 1257 737 participationis
1304 666 1541 719 divinam
1591 663 2055 729 communionem,

483 772 646 825 quam
707 766 762 812 et
806 759 1193 812 eucharistiam
1247 766 1406 810 Vocat
1443 773 1458 809 :
1492 770 1557 809 eo
1602 755 1744 825 quod
1795 755 2060 810 Dominus

484 861 697 914 noster,
740 850 958 918 quando
1000 848 1238 902 divinum
1287 846 1414 900 illud
1462 848 1776 917 mysterium
1808 848 2057 912 tradidit,

2163 478 2319 549 ἡμῶν
2360 480 2680 548 ὀφειλόντων
2714 480 3072 550 εὐχαριστεῖν,
3112 482 3193 535 ὅτι
3236 484 3493 538 τοιούτων
3524 483 3757 552 ἀγαθῶν

2162 573 2571 642 τετυχήκαμεν·
2624 574 2717 625 καὶ
2758 573 2859 626 ὃσα
2900 572 3055 635 ἄλλα,
3091 575 3323 638 ἐκείνοις
3368 576 3468 647 μὲν
3508 581 3757 654 ὑπερκο-

2164 662 2338 731 σμίως
2366 663 2458 715 καὶ
2479 662 2619 734 ὑπὲρ
2645 663 2947 734 ἄνθρωπον,
2970 666 3102 734 ἡμῖν
3117 665 3173 717 δὲ
3198 666 3543 736 συμϐολικῶς
3570 689 3758 744 παρα..

2159 755 2385 819 δέδοται,
2409 756 2502 808 καὶ
2521 755 2607 808 διὰ
2627 756 2865 826 σημείων
2890 772 2903 785 ·
2933 756 3052 808 οὐδὲ
3069 756 3176 828 γὰρ
3201 758 3377 823 ἄλλως
3395 763 3542 816 ἐστὶν
3566 766 3756 819 ὲκεῖνσ

2163 847 2373 917 μαθεῖν,
2408 848 2469 899 τὸ
2508 849 2653 917 παχὺ
2678 847 2835 900 τοῦτο
2864 848 3085 919 σαρκίον
3114 850 3529 920 περιφέροντας.

485 940 688 1011 gratias
719 942 921 1011 egerit;
966 941 1227 1008 nobisque
1271 940 1381 993 sint
1410 941 1633 1008 agenda:
1672 940 1892 1008 gratiae,
1933 939 2074 1005 quod
2118 940 2278 992 tantis
2325 939 2482 993 bouis
2528 939 2688 1008 potiti
2735 939 2939 1005 simus,
2982 948 3037 994 et
3079 956 3415 1012 quaecunque
3467 945 3578 998 alia
3628 947 3755 1002 aliis

484 1035 700 1103 quidem
748 1035 1264 1104 supermnndialiter
1306 1046 1578 1105 supraque
1621 1034 1928 1095 hominem,
1977 1034 2131 1089 nobis
2174 1045 2354 1087 autem
2398 1035 2691 1106 symbolice
2735 1036 2929 1090 tradita
2978 1044 3125 1102 sunt,
3174 1045 3229 1091 et
3278 1052 3376 1108 per
3418 1038 3613 1108 signa;
3658 1054 3759 1095 ne-

486 1130 594 1195 que
622 1126 763 1180 enim
791 1127 951 1179 aliter
978 1136 1062 1180 est
1086 1127 1191 1181 ista
1240 1143 1337 1181 nos
1371 1144 1418 1188 e.
1467 1129 1590 1180 dum
1632 1138 1870 1181 crassam
1921 1129 2058 1183 banc
2086 1143 2304 1183 carnem
2336 1127 2802 1183 circumlerimus.

554 1216 785 1286 Pr0ptcr
817 1219 956 1271 banc
989 1218 1172 1288 itaque
1199 1227 1439 1274 nostram
1470 1233 1567 1287 pro
1605 1220 1867 1289 cujusque
1897 1231 2057 1288 captu

483 1312 887 1367 deiﬁcationcm
916 1312 1004 1382 (eo
1035 1314 1181 1365 enim
1222 1328 1328 1382 quo
1370 1328 1654 1383 possumus
1682 1315 1840 1368 modo
1871 1314 2057 1367 initia-

481 1418 635 1469 mur;
669 1405 1005 1459 sensibiliter
1034 1407 1257 1474 quidem
1279 1446 1295 1473 ,
1329 1407 1381 1460 in
1423 1418 1685 1477 quantum
1724 1420 1884 1461 sensu
1924 1406 2060 1460 vivi-

481 1512 621 1561 mus,
669 1499 882 1554 ratione
908 1498 1063 1552 nobis
1111 1500 1454 1555 convenienti
1496 1515 1592 1567 per
1622 1499 1901 1568 symbola;
1947 1499 2059 1567 spi-

480 1588 714 1645 ritaliter
736 1606 886 1658 vero,
918 1594 967 1646 in
997 1602 1255 1661 quantum
1283 1601 1461 1646 mente
1484 1593 1873 1661 gubernantur,
1897 1592 2058 1645 modo

479 1682 637 1737 nobis
674 1686 1087 1738 accommodato
1133 1700 1227 1752 per
1267 1694 1616 1753 apparentem
1666 1683 2053 1752 mystagogiam

477 1781 534 1829 et
586 1774 1008 1832 “lustrationem
1062 1789 1078 1828 :

477 1872 883 1931 deiﬁcatiouent
936 1877 1119 1933 vocat,
1164 1866 1309 1937 quod
1363 1866 1547 1934 utique
1598 1877 1683 1920 est
1724 1864 2056 1935 perfectissi-

476 1980 624 2020 mum
684 1981 698 2018 :
753 1977 851 2030 per
918 1958 1177 2012 inferiora
1245 1971 1475 2025 namque
1540 1956 1821 2025 superiora
1888 1957 2056 2010 disci"-

476 2070 632 2119 inus;
696 2068 793 2123 per
867 2050 955 2105 illa
998 2066 1125 2103 vero
1176 2050 1379 2104 unitive
1428 2049 1789 2113 dedicantur);
1837 2056 2058 2115 propter

474 2148 592 2202 haec
617 2147 804 2217 igitur,
834 2145 1077 2213 inquam,
1101 2142 1365 2211 benignus
1398 2140 1485 2194 ille
1514 2138 1871 2195 sacerdotalis
1899 2138 2054 2201 ordo,

476 2239 821 2293 ltierarcbias
855 2238 990 2291 istas
1019 2237 1248 2305 figurate
1290 2232 1668 2297 manifestans,
1698 2241 2056 2299 nostramque

476 2327 621 2384 hanc
674 2328 1039 2382 bicrarcbiam
1089 2326 1161 2379 illi
1203 2325 1255 2378 in
1308 2325 1482 2379 sacris
1518 2324 1819 2381 associans.
1849 2336 2050 2375 secun—

475 2418 606 2472 dum
632 2435 753 2472 eam
786 2435 906 2488 qua:
936 2419 1053 2472 dari
1072 2426 1285 2488 poterat
1316 2412 2054 2478 similitudinem,sensilibus

476 2510 812 2577 imaginibus
843 2523 931 2563 res
965 2506 1263 2562 invisibiles
1293 2506 1615 2575 quibusdam
1654 2520 1822 2560 sacra:
1854 2519 1918 2559 ac
1952 2504 2049 2573 ιι

477 2601 675 2655 divinae
703 2616 926 2671 prorsus
957 2600 1251 2668 Scriptum
1288 2597 1421 2653 locis
1449 2597 1775 2667 descripsit;
1816 2611 1923 2664 quo
1956 2611 2053 2650 nos

476 2705 576 2759 per
605 2692 883 2745 sensibilia
916 2692 981 2745 ad
1018 2690 1289 2759 spiritalia
1329 2689 1657 2753 traduceret,
1691 2702 1789 2742 nec
1818 2702 1924 2741 non
1956 2702 2055 2754 per

474 2784 626 2852 signa
660 2785 774 2838 haec
819 2784 885 2838 ad
930 2783 1181 2837 caelestes
1235 2781 1352 2835 illas
1383 2779 1659 2849 Silllplit'es
1698 2779 2053 2848 compositio-

475 2879 668 2944 nisque
718 2886 973 2944 expertes
1023 2874 1335 2930 altitudines
1383 2888 1448 2928 ac
1490 2874 1836 2928 summitates
1870 2888 1886 2925 :
1922 2886 2047 2926 nam

474 2966 822 3022 summitates
876 2966 1112 3020 solemus
1157 2964 1469 3035 appellare,
1533 2966 1677 3034 quod
1740 2965 1794 3018 in
1859 2965 2051 3033 quavis

470 3057 708 3109 essentia
742 3056 1248 3126 prazstantissimutn
1284 3065 1398 3119 est,
1444 3054 1608 3119 sicut,
1656 3055 1807 3110 verbi
1850 3056 2046 3124 gratia,

2238 1222 2441 1291 Ἕνεκα
2497 1221 2627 1288 γοῦν
2691 1220 2895 1291 ταύτης
2956 1220 3060 1291 τῆς
3112 1220 3267 1291 ἡμῶν
3330 1220 3389 1289 ἐξ
3453 1222 3755 1293 ἀναλογίας

2164 1310 2442 1375 θεώσεως,
2496 1312 2575 1383 (ὃν
2633 1311 2741 1383 γὰρ
2793 1313 2991 1383 τρόπον
3035 1311 3341 1383 δυνάμεθα,
3401 1314 3593 1368 τοῦτον
3656 1317 3753 1371 καὶ

2160 1401 2491 1473 τελούμεθα·
2529 1401 2801 1472 αἰσθητῶς
2841 1403 2957 1473 μὲν,
2988 1403 3110 1456 καθ’
3147 1404 3174 1455 ὃ
3225 1405 3472 1476 αἰσθήσει
3505 1405 3748 1470 ζῶντες,

2162 1496 2438 1565 ἀναλόγως
2492 1495 2580 1549 διὰ
2636 1495 2949 1566 συμϐόλωνο
3013 1496 3221 1566 νοητῶς
3268 1497 3345 1561 δὲ,
3411 1498 3532 1550 καθ’
3589 1498 3620 1550 ὃ
3668 1498 3751 1551 νοῒ

2160 1586 2515 1658 διοικούμενοι
2566 1587 2843 1655 ἀναλόγως
2895 1586 2982 1640 διὰ
3030 1586 3131 1657 τῆς
3176 1589 3582 1659 ἐμφαινομένης
3647 1574 3753 1663 pp}

2164 1675 2471 1743 σταγωγίας
2507 1692 2565 1729 τε
2624 1676 2716 1729 καὶ
2770 1674 3119 1745 ὲλλάμψεωςο
3175 1677 3274 1749 τὴν
3329 1678 3437 1749 γὰρ
3476 1679 3753 1750 ἕλλαμψιν

1131 1775 1396 1843 siquidem
1439 1775 1585 1828 illam
1634 1774 2050 1829 illustrationem

2160 1767 2353 1821 θέωσιν
2385 1769 2553 1837 λέγει,
2580 1768 2738 1820 τοῦτο
2763 1756 2818 1820 δέ
2847 1769 2963 1820 ἐστι
3001 1768 3061 1821 τὸ
3088 1746 3424 1853 τελειότατον
3444 1789 3456 1800 ’
3502 1770 3597 1824 διὰ
3616 1746 3755 1845 γὰρ

2157 1860 2265 1913 τῶν
2290 1860 2439 1913 κάτω
2466 1860 2534 1914 τὰ
2554 1860 2664 1914 ἀνω
2689 1862 3028 1931 μανθάνομεν
3048 1900 3062 1923 ,
3104 1860 3169 1914 δι’
3196 1860 3425 1915 ἐκείνων
3454 1863 3511 1915 δὲ
3540 1864 3756 1917 ἀνατα-

2157 1954 2325 2017 τικῶς
2348 1952 2617 2023 θεούμεθα
2693 1953 2894 2007 τούτων
2917 1954 3079 2030 ἒκφκα
3106 1953 3330 2025 τοίνυνή
3362 1955 3756 2027 φιλάνθρωπος

2161 2047 2406 2119 ίερατικὴ
2449 2047 2620 2113 τάξις,
2657 2047 2995 2117 ἐμφαίνουσα
3036 2048 3280 2112 τυπικῶς
3330 2049 3429 2112 τὰς
3460 2051 3755 2123 ίεραρχίας

2157 2139 2391 2203 ὲκείνας,
2429 2142 2521 2194 καὶ
2552 2139 2760 2210 ταύτην
2788 2140 2887 2211 τὴν
2937 2138 3059 2192 καθ’
3106 2141 3252 2210 ἡμᾶς
3288 2140 3569 2213 ίεραρχίαν
3618 2143 3754 2194 συλ-

2156 2231 2462 2303 λειτουργὸν
2497 2233 2713 2304 ἐκείνης
2758 2232 2985 2286 ποιοῦσα
3032 2231 3173 2285 κατά
3204 2231 3303 2303 τὴν
3343 2234 3479 2304 πρὸς
3509 2233 3753 2304 δύναμιν

2156 2312 2507 2393 ἀφομοίωσιν,
2535 2326 2590 2376 ὲν
2616 2323 2899 2398 αἰσθηταῖς
2947 2323 3117 2375 εἰκόσι
3166 2322 3237 2375 τὰ
3277 2322 3479 2376 ἀθέατα
3504 2324 3752 2394 ἀνεγρά-

2154 2412 2312 2482 ψατο,
2349 2413 2451 2466 πού
2485 2414 2541 2466 δὲ
2572 2416 2628 2466 ὲν
2656 2417 2777 2477 ταῖς
2823 2415 2995 2485 ἱεραῖς
3029 2414 3122 2466 καὶ
3147 2413 3319 2477 θείαις
3352 2414 3572 2477 πάντως
3600 2416 3751 2487 Γρα-

2160 2509 2289 2576 φαῖς
2351 2506 2499 2569 ὅπως
2553 2505 2619 2559 ἂν
2673 2509 2820 2577 ἡμᾶς
2876 2507 3140 2575 ἀναγάγοι
3188 2506 3275 2559 διὰ
3315 2506 3424 2559 τῶν
3461 2506 3746 2578 αἰσθητῶν

2154 2598 2245 2650 ἐπὶ
2277 2594 2345 2649 τὰ
2378 2595 2563 2666 νοητὰ,
2599 2598 2693 2650 καὶ
2726 2596 2816 2650 διὰ
2858 2596 2965 2650 τῶν
3010 2597 3249 2666 σημείων
3280 2595 3482 2649 τούτων
3513 2598 3609 2650 ἐπὶ
3641 2597 3750 2661 τὰς

2152 2688 2261 2741 τῶν
2290 2688 2554 2759 οὐρανίων
2592 2690 2769 2753 ἁπλᾶς
2793 2690 2885 2743 καί
2915 2688 3241 2752 ἀσυνθέτους
3281 2688 3516 2758 ὐψῶσεις
3542 2706 3605 2742 τε
3645 2690 3749 2743 καὶ

2152 2780 2456 2851 ἀκρότητας
2474 2798 2486 2811 ·
2526 2782 2831 2852 ἀκρότητας
2863 2781 2971 2853 γὰρ
3000 2780 3269 2851 εἰώθαμεν
3303 2780 3488 2834 καλεῖν
3516 2780 3579 2832 τὸ
3604 2782 3747 2852 κράα-

2150 2886 2330 2923 τιστον
2374 2871 2590 2939 ἀπάσης
2640 2871 2860 2934 οὐσίας’
2901 2871 3009 2935 ὼς,
3062 2870 3194 2943 φέρε
3233 2871 3446 2935 εἰπεῖν,
3495 2870 3749 2941 ἀκρότης

2149 2959 2327 3033 ψυχῆς
2351 2965 2379 3016 ὁ
2407 2963 2531 3025 νοῦς
2550 2980 2563 2991 ·
2590 2964 2683 3017 καὶ
2706 2963 2907 3035 ἔρωτος
2927 2964 3165 3035 ἀκρότης
3188 2966 3216 3018 ὁ
3241 2964 3503 3036 διάπυρος
3532 2962 3707 3027 πόθος
3725 2980 3742 2993 ·

2151 3054 2244 3107 καὶ
2274 3054 2373 3123 τῆς
2406 3055 2528 3107 καθ’
2560 3058 2704 3126 ἡμᾶς
2739 3056 3020 3127 ἰεραρχίας
3060 3058 3094 3127 ἡ
3126 3056 3353 3128 οὐρανία
3383 3056 3483 3108 οὐκ
3504 3055 3746 3108 ἀπεικό-

472 3160 645 3211 mens,
664 3148 858 3202 animae
875 3146 1158 3202 summitas
1177 3148 1510 3216 appellatur;
1537 3155 1589 3201 et
1610 3147 1811 3201 amoris
1826 3146 2050 3201 summi-

2155 3160 2262 3206 τως
2293 3143 2530 3215 ἀκρότης
2563 3146 2699 3198 ἐστί.

472 3249 577 3302 tas,
625 3239 840 3295 fervens
885 3240 1239 3306 desiderium,
1293 3242 1536 3312 adeoque
1564 3250 1765 3297 nostra:
1796 3240 2118 3295 bierarchia‘.
2152 3238 2459 3301 summitas,
2500 3238 2590 3292 illa
2620 3238 2861 3293 caelestis
2903 3253 3009 3295 non
3050 3239 3323 3296 immerito
3364 3248 3741 3309 atmcupatar-

951 3586 1330 3675 CAPUT
1421 3585 1557 3671 Il.

472 3718 628 3789 Quod
675 3729 794 3789 apte
832 3736 913 3775 res
965 3722 1154 3774 divina:
1210 3729 1366 3790 alque
1403 3722 1632 3773 caelestes
1686 3721 2033 3775 dissimilibus

884 3792 1041 3844 eliam
1074 3792 1237 3859 signis
1269 3791 1617 3859 explicentur.

2511 3580 3157 3668 ΚΕΦΑΛΑΙΟΝ
3229 3579 3349 3669 Β’.

2146 3719 2267 3773 Ὅτι
2296 3721 2636 3788 πρεπόντως
2670 3721 2740 3773 τὰ
2771 3721 2895 3774 θεῖα
2928 3720 3025 3774 καὶ
3060 3720 3308 3789 οὐράνια
3350 3720 3451 3773 καὶ
3477 3720 3578 3775 διὰ
3608 3722 3739 3777 τῶν

2420 3792 2717 3860 ἀνομοίων
2738 3792 3059 3862 συμϐόλων
3076 3792 3442 3860 agnata-etas.

1782 3947 2116 4003 SYNOPSlS
2150 3946 2446 4005 CAPITIS.

469 4112 509 4162 1.
539 4105 855 4173 Facitoperis
876 4106 1020 4172 hujus
1040 4103 1441 4173 distributionem:
1469 4106 1530 4155 ll.
1562 4106 1736 4173 Mouet,
1771 4103 1954 4173 ﬁguras
1977 4102 2105 4163 illas,
2126 4102 2302 4173 quibus
2326 4118 2403 4156 res
2431 4104 2641 4173 ctelesles
2664 4117 2721 4173 ac
2744 4104 2988 4173 spiritales
3021 4102 3378 4173 describuntur,
3411 4106 3554 4173 rebus
3602 4107 3735 4173 ipsis

527 4185 630 4233 esse
649 4166 910 4233 dissimiles
926 4166 1009 4233 {et
1026 4167 1169 4233 simul
1190 4166 1701 4233 objectionioccurril,
1714 4166 1779 4233 ῳ
1794 4166 2027 4233 ﬁctionem
2050 4166 2229 4233 reddit,
2254 4180 2342 4215 cur
2369 4166 2525 4231 magis
2543 4166 2827 4233 expediebat
2850 4182 2928 4233 res
2950 4167 3082 4233 istas
3107 4166 3319 4218 ccelesles
3345 4182 3510 4233 rerum
3534 4166 3735 4233 ignobi-

527 4232 703 4296 liorum
722 4230 892 4296 [armis
911 4227 1167 4296 deliiwari,
1192 4227 1335 4296 quam
1355 4228 1660 4296 nobiliarum.
1688 4227 2022 4296 l.lt.A_Ostcnditm
2034 4227 2277 4296 duplicem
2296 4241 2400 4278 esse
2417 4227 2572 4296 stici-9’
2598 4227 2934 4295 descriptionis
2972 4228 3167 4296 modum
3196 4268 3206 4278 .
3233 4244 3378 4278 unum
3397 4227 3599 4296 scilicet,
3634 4248 3734 4296 per

526 4287 740 4357 similes}
765 4292 986 4357 alterum,
1008 4304 1094 4351 per
1113 4287 1374 4357 dissimiles
1395 4288 1578 4357 figuras
1604 4302 1619 4338 :
1640 4287 1709 4337 uti
1736 4287 1879 4337 etiam
1899 4289 1958 4357 de
1984 4290 2083 4357 Deo
2103 4287 2821 4357 omvdamperlafﬁrntalimies,
2850 4298 2895 4341 el
2914 4292 3140 4355 quaedam
3164 4304 3251 4357 per
3277 4290 3555 4357 negotiatus
3589 4287 3735 4357 prae-

527 4352 688 4404 αἰθανί
713 4349 732 4405 ί
750 4358 795 4403 el
814 4349 1086 4416 negationes
1110 4353 1177 4416 (tit
1199 4349 2165 4416 afﬁrmuiibnibusprivatur-exel'absonus
2187 4349 2529 4416 similitudines
2549 4350 2613 4399 ad
2638 4360 2845 4416 mentem
2862 4349 3074 4416 nostram
3112 4349 3397 4416 er'igenda'm
3419 4367 3523 4404 esse
3558 4349 3733 4416 aptio-

528 4430 627 4467 res.
654 4416 741 4479 lV._
760 4418 796 4464 Τ
802 4408 953 4479 radii.
972 4427 1037 4479 ea;
1049 4413 1199 4479 rebus
1220 4408 1438 4479 omnibus
1457 4408 1642 4479 aliquid
1668 4409 1775 4479 boui
1794 4408 1959 4479 colligi
1981 4424 2138 4473 posse,
2162 4410 2371 4479 elsiqiul
2388 4412 2615 4479 eagplicat,
2641 4414 2877 4479 quomodo
2897 4413 3146 4479 passiones
3166 4408 3273 4471 ifw,
3298 4408 3731 4479 coruupisccr'itia’,

530 4484 675 4544 et_res
699 4475 883 4544 similes
909 4473 1229 4544 intelligeqda:
1250 4471 1360 4544 sint,
1382 4470 1778 4544 quandoangelis
1812 4470 2151 4544 attribuuntur.
2190 4472 2247 4544 ιζ.
2273 4470 2488 4544 Ostendit
2512 4470 2751 4544 quomodo
2793 4470 2937 4524 etiam
2962 4474 3161 4537 ipsemet
3206 4470 3335 4527 Deus
3361 4476 3412 4525 in
3440 4470 3732 4541 Scripturt's

525 4538 785 4601 aliquando
804 4551 835 4587 a
858 4531 1083 4597 summis;
1101 4531 1420 4599 aliquando};
1442 4531 1639 4595 mediis,
1658 4531 1922 4597 aliquando
1941 4534 2088 4583 etiam
2101 4547 2133 4582 a
2152 4534 2294 4585 rebus
2311 4532 2495 4598 inﬁmis
2522 4531 2873 4586 denominetur.

2029 4684 2136 4759 ξι.

537 4865 657 4922 Mea
683 4867 875 4934 utique
902 4866 1194 4931 sententia,
1229 4864 1465 4935 primum
1505 4866 1721 4933 quidem
1764 4878 2031 4933 exponen-

2208 4864 2327 4936 Χρὴ
2355 4864 2662 4935 τοιγαροῦν,
2692 4865 2767 4928 ὡς
2806 4866 2979 4936 οἶμαι,
3026 4869 3240 4939 πρῶτον
3283 4870 3558 4935 ἐκθέσθαι,
3594 4871 3728 4926 τίνα

464 4960 614 5024 dum,
663 4974 825 5027 quem
871 4959 1050 5012 omnis
1083 4958 1406 5011 hierarchia:
1449 4971 1674 5026 scopum
1730 4970 1853 5011 esse
1898 4968 2028 5009 cen-

463 5066 703 5115 seamus,
737 5049 977 5118 quidque
1005 5050 1118 5102 suis
1153 5048 1409 5117 quaelibet.
1451 5048 1653 5102 divinis
1693 5045 2028 5114 contempla-

461 5140 678 5195 toribus
709 5140 885 5206 prosit
932 5156 946 5192 :
995 5139 1189 5192 deinde
1228 5153 1358 5192 vero
1396 5138 1651 5194 caelestes
1704 5138 2028 5193 bierarcbiie

458 5232 823 5294 celebrandae,
844 5230 1144 5286 secundum
1161 5230 1477 5285 earumdem
1497 5230 1788 5301 mysticam
1816 5230 1868 5283 in
1891 5228 2042 5284 Oraa

459 5324 599 5379 culis
644 5323 1083 5393 explanationem
1129 5338 1143 5374 :
1192 5329 1379 5391 postea
1429 5321 1665 5389 denique
1708 5320 2022 5375 dicendum.

2135 4955 2232 5025 μὲν
2265 4952 2402 5009 εἶναι
2444 4957 2643 5010 σκοπὸν
2681 4959 2896 5027 ἀπάσης
2930 4960 3208 5030 ίεραρχίας
3257 4959 3503 5031 οἰόμεθα,
3537 4961 3634 5013 καὶ
3666 4962 3727 5013 τί

2129 5048 2254 5110 τοὺς
2285 5049 2454 5118 αὐτῆς
2487 5050 2690 5120 ἑκάστη
2738 5049 3007 5113 θιασώτας
3037 5052 3297 5121 ὀνίνησιν·
3344 5051 3473 5121 ἑξῆς
3506 5052 3587 5115 δὲ,
3615 5052 3726 5116 τὰς

2126 5137 2381 5207 οὐρανίας
2418 5139 2697 5209 ἱεραρχίας
2720 5140 2764 5170 ³³
2794 5141 3049 5211 ὑμνῆσαι,
3086 5140 3230 5193 κατὰ
3278 5142 3378 5212 τὴν
3421 5141 3607 5194 αὐτῶν
3656 5143 3723 5195 ὲν

2127 5229 2239 5289 τοῖς
2298 5226 2496 5295 λογίοις
2541 5229 2883 5297 ὲκφαντείαν’
2946 5232 3230 5301 ἑπομένως
3290 5232 3349 5285 δὲ
3405 5222 3451 5254 ³⁵
3483 5225 3713 5291 τούτοις

2129 5319 2322 5380 εἰπεῖν,
2351 5319 2561 5382 ὁποίαις
2593 5320 2764 5391 ἱεραῖς
2796 5321 3106 5393 μορφώσεσι
3145 5323 3245 5386 τὰς
3275 5324 3534 5394 οὐρανίας
3569 5341 3719 5395 σχη-

1762 5470 1988 5527 VARUE
2026 5469 2416 5528 LECTIONES.

529 5612 573 5643 ⁸³
627 5612 692 5665 D.
732 5611 1054 5681 οὐρανίους.
1100 5610 1156 5663 In
1208 5611 1309 5664 hoc
1352 5608 1855 5681 nomine_variant
1914 5606 2030 5665 fere
2085 5609 2420 5680 exemplaria

457 5686 504 5719 ⁸⁵
540 5682 584 5736 D
626 5681 687 5736 P.
730 5678 1023 5752 Ἐπομὲνος
1045 5697 1125 5745 τε,
1155 5682 1297 5751 quod
1343 5680 1434 5736 Sc.
1466 5678 1724 5748 sequitur.

2531 5613 2675 5681 quod
2749 5614 2916 5670 semel
2982 5616 3334 5674 admonuisse
3402 5617 3479 5674 sit
3545 5619 3714 5677 satis.
