3916 6234
218 336 328 397 437

1164 335 1263 391 -ΒΕ
1297 332 1623 393 C(ELESTI
1662 329 2115 395 HIERARCHIA,
2157 328 2313 385 CAP.
2352 326 2413 385 ll.

3388 327 3486 383 £33

215 453 515 527 ματίζουσι
543 456 933 529 διακοσμήσεις
959 457 1017 509 αἱ
1057 456 1166 509 τῶν
1196 457 1391 525 λογίων
1442 454 1807 527 ίερογραφίαι,

1923 451 2115 522 quibus
2166 449 2359 505 formis
2406 446 2869 505 sacrisctelestes
2921 446 3057 502 istos
3102 445 3324 501 ordines
3371 443 3487 499 elo-

211 550 313 603 καὶ
340 549 484 621 πρὸς
531 550 691 603 ποίαν
723 547 1025 618 ἀναχθῆναι
1057 548 1164 620 χρὴ
1197 547 1287 601 διὰ
1329 546 1439 601 τῶν
1473 545 1810 617 πλασμάτων

210 637 502 711 ἁπλότητα
527 640 593 706 ³⁸,
622 640 773 703 ὅπως
803 639 877 711 μὴ
909 640 1003 693 καὶ
1040 639 1205 709 ἡμεῖς
1226 637 1486 701 ὡσαύτως
1512 640 1630 701 τοῖς
1682 635 1812 688 πολ-

212 727 333 792 λοῖς
360 729 601 801 ἀνιέρως
650 726 915 800 οἰώμεθα,
948 730 1078 792 τοὺς
1108 727 1393 799 οὐρανίους
1433 728 1527 781 καὶ
1558 726 1812 791 θεοειδεῖς

212 823 261 854 ³⁸
288 820 416 885 νόας
443 820 752 885 πολύποδας
794 817 933 875 εἶναί
981 837 1135 884 τινας
1187 820 1281 873 καὶ
1328 816 1809 890 πολυπροσώπους,

214 914 315 967 καὶ
350 913 493 982 πρὸς
539 912 678 983 βοῶν
722 912 1073 983 κτηνωδείαν,
1109 912 1141 983 ἢ
1188 911 1326 984 πρὸς
1372 910 1598 963 λεόντων
1650 908 1815 980 θηρο-

218 1005 466 1074 μορφίαν
510 1004 557 1047 ’7
590 1004 1029 1076 τετυπωμένους,
1078 1004 1170 1059 καὶ
1224 1002 1361 1077 πρὸς
1412 1003 1585 1057 ἀετῶν
1638 1004 1812 1073 ἀγκυ-

214 1092 529 1165 λόχειλον⁸³
556 1090 717 1159 εἶδος,
745 1096 779 1169 ἢ
810 1095 946 1167 πρὸς
963 1095 1180 1167 πτηνῶν
1204 1094 1443 1168 τριχώδη
1475 1097 1813 1166 πτεροφυῖαν

212 1186 751 1258 διαπεπλασμένους,
789 1188 882 1242 καὶ
907 1188 1135 1259 τροχούς
1172 1205 1328 1252 τινας
1361 1186 1629 1260 πυρώδεις
1671 1188 1813 1275 ὑτέὲρ

214 1276 310 1329 τὸν
342 1277 580 1348 οὐρανὸν
619 1277 1041 1349 φανταζώμεθα,
1090 1278 1186 1332 καὶ
1226 1276 1449 1349 θρόνους
1488 1276 1706 1339 ὑλαίους
1743 1279 1811 1348 τῇ

215 1367 457 1439 θεαρχίᾳ
521 1369 660 1441 πρὸς
708 1369 1007 1441 ἀνάκλησιν
1060 1368 1418 1441 ἐπιτηδείους,
1471 1368 1567 1423 καὶ
1614 1368 1816 1432 ἵππους

215 1460 378 1523 τινὰς
416 1460 902 1533 πολυχρωμάτους,
932 1462 1029 1517 καὶ
1069 1462 1403 1535 δορυφόρους
1440 1462 1814 1534 ἀρχιστρατή-

216 1568 372 1619 γους,
409 1553 506 1605 καὶ
538 1554 640 1607 ὅσα
662 1554 797 1609 ἀλλα
830 1555 968 1627 πρὸς
1010 1553 1118 1608 τῶν
1138 1554 1332 1623 λογίων
1394 1555 1527 1625 ἡμῖν
1566 1553 1818 1626 ίεροπλά-

217 1654 363 1705 στως
392 1644 452 1695 ἐν
477 1644 722 1717 ποικιλίᾳ
752 1645 861 1699 τῶν
890 1645 1298 1718 ἐκφαντορικῶν
1329 1645 1609 1716 συμϐόλων
1637 1662 1815 1716 παρα-

214 1733 451 1788 δέδοται.
478 1737 592 1790 Καὶ
621 1736 732 1810 γὰρ
748 1736 991 1808 ἀτεχνῶς
1022 1740 1054 1809 ἡ
1079 1736 1329 1806 θεολογία
1358 1739 1481 1799 ταῖς
1505 1737 1818 1809 ποιητικαῖς

1914 543 2168 613 quiorum
2225 559 2399 600 sacrae
2450 544 2729 600 delineent
2780 542 3200 611 descriptiones,
3241 554 3341 594 nec
3378 553 3485 592 non

1913 635 1979 690 ad
2006 635 2223 704 qualem
2259 634 2451 689 adduci
2484 634 2679 690 deceat
2708 649 2806 704 per
2859 633 3065 689 formas
3108 634 3243 686 istas
3278 631 3484 699 simpli.

1914 729 2157 792 citatem,
2192 742 2262 783 ne
2312 737 2368 782 et
2418 743 2538 793 nos,
2573 742 2723 781 more
2772 727 2939 796 vulgi,
2978 726 3245 792 sacrilege
3295 725 3486 792 opine-

1914 836 2057 884 mur,
2082 820 2340 875 cmlestes
2372 820 2498 875 illas
2523 834 2585 874 ac
2603 820 2892 874 deiformes
2923 816 3335 887 intelligentias,
3354 817 3493 869 ntul-

1917 912 2127 981 tipedes
2159 912 2421 982 quasdam
2451 925 2573 966 esse
2600 926 2664 965 ac
2716 908 3096 969 multiformes.
3148 923 3247 962 nec
3283 923 3392 961 non
3424 906 3491 960 ad

1915 1007 2077 1061 boum
2150 1007 2431 1076 pecuinam
2490 1005 2537 1070 τ,
2590 1004 2888 1059 ferinamve
2936 1003 3152 1056 leonum
3241 1011 3489 1055 naturam

1915 1096 2251 1161 eﬂ‘ormatas,
2284 1106 2339 1151 et
2371 1097 2437 1151 ad
2484 1097 2788 1167 aquilarum
2834 1095 2986 1150 curvi
3034 1094 3194 1147 rostri
3226 1092 3489 1161 speciem.

1913 1188 2001 1243 vel
2034 1188 2096 1242 ad
2127 1188 2413 1243 voluerunt
2448 1188 2719 1243 hirsutam
2771 1186 3225 1257 plumescentiam
3256 1183 3486 1246 eﬂictas.

1916 1288 2174 1348 rotasque
2193 1281 2407 1351 aliquas
2430 1281 2630 1351 ignitas
2651 1294 2810 1350 supra
2830 1278 3029 1333 cmlum
3058 1277 3423 1347 imaginentur
3441 1277 3488 1340 ε,

1916 1386 1980 1426 ac
2004 1373 2160 1427 sedes
2183 1374 2515 1440 materiatas,
2548 1372 2654 1427 Deo
2679 1373 2900 1426 deorum
2938 1370 3004 1422 ad
3036 1370 3490 1423 discumbendum

1918 1466 2382 1526 accommodatas.
2429 1472 2487 1518 et
2520 1464 2780 1532 quosdam
2825 1476 2998 1531 equos
3032 1461 3405 1516 multicolores
3436 1461 3489 1523 ιι,

1919 1557 2275 1625 hastatosque
2311 1557 2476 1611 duces
2515 1557 2792 1610 exercitus
2831 1556 2874 1619 ί,
2905 1565 2959 1607 et
3014 1568 3354 1622 qna'cunque
3386 1552 3491 1606 alia

1919 1646 2077 1701 nobis
2106 1650 2174 1701 ab
2221 1647 2451 1715 eloquiis
2482 1649 2701 1703 ﬁctione
2745 1646 2983 1714 quadam
3028 1660 3207 1710 sacra,
3233 1643 3491 1714 explana—

1934 1739 2202 1792 toriorum
2275 1739 2539 1793 varietate
2598 1739 2876 1807 signorum
2952 1745 3081 1791 sunt
3145 1736 3489 1803 transcripta.

219 1803 644 1896 ιεροπλαστίαις
686 1803 915 1882 ἐπὶτῶν
950 1803 1372 1901 ἀσχηματίστων
1409 1828 1546 1881 νοῶν
1588 1803 1631 1861 ³6
1657 1828 1817 1899 ἐχρή-

1935 1828 2230 1884 Enimvero
2277 1830 2460 1899 palam
2526 1803 2797 1899 theoiogia
2862 1826 3090 1896 poeticis
3145 1827 3249 1896 12
3298 1836 3490 1881 sancte

216 1933 373 1981 σατο,
409 1921 503 1973 τὸν
534 1920 656 1974 καθ’
683 1920 1189 1993 ὴμᾶς,ὡςεῖρηται,
1218 1921 1341 1975 νοῦν
1367 1910 1814 1992 ἀνάσκεψαμένη,

216 2007 316 2059 xui.
341 2009 447 2079 τῆς
472 2010 684 2075 οἰκείας
714 2010 864 2082 αὐτῷ
902 2012 998 2065 καὶ
1032 2010 1313 2083 συμφυοῦς
1352 2011 1642 2082 ἀναγωγῆς
1684 2027 1819 2083 προ-

216 2102 496 2171 νοήσασα,
545 2105 642 2157 καὶ
673 2102 810 2178 πρὸς
833 2104 995 2161 αὐτὸν
1023 2104 1383 2160 ἀναπλάσασα
1416 2104 1516 2169 τὰς
1543 2106 1819 2177 ἀναγωγι-

217 2188 324 2254 κάς
350 2192 742 2263 ίερογραφίας.

1921 1919 2260 1985 ﬁctionibus,
2306 1922 2357 1975 in
2383 1922 2699 1977 carentibus
2749 1920 2918 1990 tigura
2952 1917 3223 1973 mentibus
3247 1933 3341 1971 usa
3387 1929 3491 1981 est,

1924 2012 1991 2065 ad
2018 2021 2285 2078 nostrum,
2308 2012 2387 2067 uti
2413 2014 2611 2068 dictum
2640 2023 2746 2076 est,
2782 2011 3114 2085 intellectum
3138 2009 3498 2072 attendendn,

1933 2118 2038 2158 nec
2059 2118 2163 2157 non
2188 2104 2462 2174 propriam
2492 2103 2594 2173 ipsi
2637 2114 2691 2158 et
2723 2101 3135 2158 connaturulem
3168 2102 3235 2156 ad
3258 2114 3489 2170 superna

1924 2194 2210 2249 transitum
2238 2193 2592 2264 providendo,
2624 2204 2681 2250 et
2708 2194 2775 2249 ad
2808 2194 3061 2248 eumdem
3085 2192 3495 2248 accommodate

1920 2300 2114 2343 sacras
2142 2285 2460 2354 Scripturas
2476 2287 2809 2357 anagogicas
2830 2284 3144 2355 eﬂigiando.

1787 2442 1814 2515 ᾗ
1853 2440 1937 2502 ll.

293 2602 359 2655 El
392 2599 455 2654 δέ
481 2616 563 2670 τῳ
584 2599 733 2653 δοκεῖ
784 2598 887 2666 τάς
916 2600 1013 2673 μὲν
1044 2600 1198 2673 ίεράς
1230 2602 1591 2673 ἀποδέχεσθαι
1625 2603 1816 2657 συνθέ-

222 2710 361 2757 σεις,
412 2692 492 2755 ὼς
530 2692 641 2744 τῶν
685 2692 875 2745 ἁπλῶν
904 2694 988 2763 ἐφ’
1044 2694 1254 2747 ἑαυτῶν
1297 2693 1590 2764 ἀγνώστων
1630 2711 1689 2747 τε
1725 2696 1819 2748 καὶ

221 2783 563 2856 ἀθεωρήτων
596 2785 729 2855 ἡμῖν
750 2786 1123 2856 ὑπαρχόντων
1156 2786 1261 2839 ἀπε
1270 2786 1609 2857 μφαινούσας
1631 2786 1687 2840 δὲ
1711 2786 1819 2839 οἴε-

220 2892 310 2928 ται
327 2875 433 2937 τὰς
448 2874 561 2926 τῶν
578 2874 748 2943 ἀγίων
762 2875 897 2959 νόων
913 2877 970 2929 ἐν
986 2878 1097 2939 τοῖς
1111 2875 1309 2946 λογίοις
1326 2876 1738 2947 είκονογραφίας
1750 2877 1817 2939 ⁵⁸,

1997 2604 2151 2671 Quod
2182 2606 2228 2660 si
2257 2606 2341 2660 cui
2370 2607 2656 2661 videantur
2681 2621 2851 2662 sacrm
2876 2606 3093 2675 quidem
3136 2606 3496 2675 approbande

1926 2697 2372 2765 compositiones,
2408 2699 2549 2767 quod
2602 2714 2691 2753 res
2717 2698 2995 2768 simplices
3024 2699 3219 2767 seipsis
3274 2701 3495 2769 ignotm,

1928 2789 2085 2843 nobis
2129 2798 2180 2844 et
2220 2790 2516 2845 invisibiles
2566 2791 2870 2856 exsistant;
2909 2790 3206 2846 dissimiles
3250 2791 3497 2860 profecto

1926 2890 2048 2931 esse
2074 2878 2215 2932 sciat
2245 2888 2559 2933 sanctarum
2593 2879 2855 2933 mentium
2901 2879 2953 2933 in
2985 2879 3215 2949 eloquiis
3254 2882 3497 2935 delinea-

222 2973 319 3022 καὶ
369 2968 581 3029 πᾶσαν,
627 2966 702 3030 ὡς
737 2967 932 3031 εἰπεῖν,
980 2968 1080 3039 τὴν
1135 2967 1409 3038 ἀπότομον
1465 2967 1669 3039 ταύτην
1710 2967 1817 3021 τῶν

1932 2966 2130 3030 tiones,
2150 2980 2252 3019 nec
2280 2980 2387 3021 non
2420 2980 2634 3020 Omnem
2664 2965 2807 3020 hanc
2832 2966 3015 3020 rudem
3039 2966 3327 3034 quamdam
3350 2982 3496 3026 esse.

220 3058 545 3128 ἀγγελικῶν
575 3059 855 3131 ὀνομάτων
885 3029 1121 3133 σκηνῆν·
1165 3063 1257 3115 ιιαλ
1289 3029 1490 3133 χρῆναί
1525 3029 1657 3134 φησι
1695 3064 1817 3126 τοὺς

1927 3065 1987 3112 ιιι
2017 3058 2093 3112 ita
2140 3057 2347 3123 dicam,
2382 3056 2663 3112 nominum
2708 3056 3081 3128 angelicorum
3132 3057 3493 3113 inumbratio-

223 3151 520 3218 θεολόγους
569 3151 662 3204 ἐπὶ
711 3152 1119 3223 σωματοποιῖαν
1160 3153 1298 3217 ὅλως
1341 3154 1451 3208 τῶν
1514 3153 1821 3225 ἀσωμάτων

221 3241 583 3313 ἐληλυθότας,
626 3243 849 3306 οἰκείοις
879 3243 1012 3297 αὐτὸ
1067 3242 1111 3275 δι
1146 3243 1240 3298 καὶ
1263 3242 1340 3307 ὠς
1367 3243 1587 3299 δυνατὸν
1625 3261 1822 3314 συγγε-

224 3334 373 3387 νέσιν
415 3334 783 3388 ἀναπλάττειν
832 3351 893 3387 τε
944 3335 1038 3388 καὶ
1077 3333 1354 3404 ἐκφαίνειν
1398 3338 1817 3407 σχηματισμοῖς,

224 3426 289 3476 ἐκ
320 3423 437 3476 τῶν
470 3423 604 3495 παρ’
638 3425 769 3495 ἡμῖν
815 3423 1159 3494 τιμιωτάτων
1202 3424 1297 3478 καὶ
1337 3424 1514 3478 ἀύλων
1564 3424 1746 3488 ποσῶς
1773 3426 1823 3459 ⁸³

224 3516 321 3568 καὶ
358 3516 778 3588 ὑπερκειμένων
804 3515 1023 3580 οὐσιῶν,
1051 3516 1146 3570 καὶ
1178 3518 1253 3589 μὴ
1280 3520 1400 3582 ταῖς
1426 3517 1707 3589 οὐρανίαις
1726 3518 1820 3571 καὶ

226 3606 526 3660 θεοειδέσιν
556 3606 821 3677 ἀπλότησι
853 3607 952 3671 τὰς
982 3607 1076 3660 ἐπὶ
1107 3607 1213 3678 γῆς
1241 3608 1475 3679 ἐσχάτας
1509 3608 1819 3681 περιτεθέν-

225 3714 323 3762 τας
358 3698 408 3730 ⁸³
443 3698 845 3769 πολυμορφίας.
877 3697 950 3752 Τὸ
976 3699 1075 3770 μὲν
1104 3698 1213 3772 γάρ
1259 3700 1417 3772 ἡμῶν
1456 3717 1514 3753 τε
1549 3701 1821 3770 ἀναγωγι-

228 3790 472 3860 κώτερον
505 3790 733 3861 ἔμελλεν
763 3786 924 3855 εἶναι,
945 3791 1041 3844 καὶ
1074 3790 1173 3855 τάς
1188 3791 1591 3865 ὐπερκοσμίους
1622 3793 1821 3862 ἐκφαν-

227 3882 416 3953 τορίας
447 3882 512 3935 οὐ
544 3882 783 3953 κατῆγεν
800 3883 880 3945 είς
906 3881 1005 3946 τάς
1037 3882 1490 3954 ἀπεμφαινούσας
1512 3884 1823 3955 ἀνομοιότη-

226 3989 356 4037 τας*
392 3974 457 4027 τὸ
487 3974 569 4038 δὲ,
609 3974 705 4028 καὶ¹
745 3974 826 4039 είς
870 3973 969 4039 τάς
1000 3974 1149 4040 θείας
1178 3975 1431 4048 ἀθέσμως
1456 3975 1756 4049 ἐξυϐρίζειν
1775 3977 1822 4010 δ”

236 4063 520 4135 δυνάμεις,
570 4065 665 4118 καὶ
700 4065 789 4119 τὸν
821 4065 1090 4137 ἡμέτερον
1138 4066 1269 4131 ἴσως
1299 4068 1616 4140 ἀποπλανᾷν
1672 4068 1819 4137 νοῦν,

232 4157 312 4219 είς
338 4156 441 4220 τὰς
468 4156 724 4229 ἀνιέρους
745 4156 924 4211 αὐτῶν
956 4159 1199 4223 ἐνιζάνον
1232 4160 1528 4226 συνθέσεις
1557 4164 1650 4216 καὶ
1682 4164 1823 4235 τάχα

232 4249 325 4301 καὶ
365 4249 636 4321 οἰήσεται,
668 4249 739 4304 τά
780 4250 1149 4324 ὐπερουράνια
1193 4252 1473 4307 λεοντείων
1521 4255 1684 4310 τινῶν
1728 4258 1822 4311 καὶ

236 4337 473 4390 ἱππείων
522 4338 707 4410 ἐσμῶν
759 4340 1284 4412 ἀποπεπληρῶσθαι,
1335 4342 1431 4395 καὶ
1508 4343 1822 4415 μυκητικῆς

236 4429 583 4499 ὐμνολογίας,
616 4433 712 4485 καὶ
746 4430 1017 4504 ὀρνιθείας
1059 4432 1394 4505 ἀγελαρχίας
1425 4433 1492 4498 ⁸⁵,
1528 4434 1621 4488 καὶ
1665 4435 1820 4500 ζώων

236 4518 410 4571 ἄλλων
443 4520 541 4573 καὶ
579 4519 721 4573 ὑλῶν
746 4522 1109 4593 ἀτιμοτέρων,
1126 4523 1227 4577 ὅσα
1252 4523 1389 4595 πρὸς
1416 4524 1479 4578 τὸ
1504 4526 1703 4580 ἄτοπον
1728 4526 1822 4579 καὶ⁸

236 4608 389 4661 νόθον
436 4610 534 4663 καὶ
568 4610 815 4682 ἐμπαθὲς
848 4608 1224 4666 ἀποκλιθεῖσαι
1269 4612 1316 4645 ⁸⁸
1346 4613 1737 4687 διαγράφουσιν
1764 4617 1821 4669 αί

238 4702 380 4755 κατά
413 4704 524 4756 πᾶν
568 4702 809 4772 ἀνόμοιοι
840 4703 949 4758 τῶν
990 4704 1150 4776 δῆθεν
1190 4707 1597 4777 ἐκφαντορικῶν
1625 4708 1821 4775 λογίων

330 4871 351 4910 ί
379 4879 574 4936 Ειεειι.
610 4896 649 4948 ι,
673 4880 727 4934 7.
808 4883 834 4921 ε
863 4882 1001 4937 Dan.
1032 4897 1135 4948 vn,
1162 4884 1216 4940 9.
1295 4885 1321 4925 ιι
1356 4884 1524 4940 Zach.
1559 4900 1597 4948 ι,
1622 4883 1678 4939 8.

1924 3167 2072 3208 nem.
2101 3151 2241 3206 Sunt
2282 3160 2339 3205 et
2363 3152 2452 3219 qui
2481 3150 2690 3215 dicunt,
2726 3148 3013 3220 theologos
3064 3161 3336 3219 oportere,
3370 3152 3497 3206 dum

1922 3242 1989 3297 ad
2036 3244 2261 3297 omnino
2310 3243 2761 3312 incorporearum
2821 3258 3001 3296 rerum
3051 3245 3490 3312 corporationetn

1920 3332 2167 3395 veniunt,
2219 3331 2457 3401 propriis
2488 3330 2633 3397 illas,
2665 3340 2723 3385 et
2776 3332 2956 3400 quoad
3004 3332 3117 3387 tieri
3168 3342 3365 3400 potest,
3398 3346 3499 3386 co-

1922 3422 2104 3494 gnatis
2154 3422 2446 3478 eﬂ‘ormarc
2471 3431 2635 3493 atque
2663 3423 2940 3494 explicare
2980 3425 3268 3493 speciebus
3306 3438 3491 3479 earum

1922 3529 2042 3583 quae
2076 3514 2216 3584 apud
2248 3529 2347 3569 nos
2378 3524 2503 3569 sunt
2527 3516 3127 3585 prmstantissitnarum,
3161 3526 3215 3570 et
3244 3531 3311 3571 ex
3343 3528 3497 3585 parte

1923 3603 2367 3659 immaterialium
2393 3620 2455 3661 ac
2485 3606 2989 3661 transcendentium
3024 3607 3450 3662 substantiarum
3476 3625 3492 3673 ;

1922 3706 1980 3751 et
2010 3711 2353 3766 nequaquam
2377 3688 2695 3754 caelestibus
2725 3714 2788 3754 ac
2816 3698 3179 3755 deiformibus
3228 3700 3494 3769 simplici-

1925 3788 2151 3853 tatibtzs,
2186 3798 2435 3844 terrenas
2467 3789 2588 3844 illas
2642 3789 2857 3845 intimas
2912 3792 3259 3847 circumdare
3308 3793 3495 3847 multi-

1924 3877 2253 3935 formitatcs.
2289 3881 2573 3952 Siquidem
2606 3880 2658 3937 id
2712 3890 2916 3937 nostra:
2967 3883 3139 3953 magis
3164 3884 3329 3938 etiam
3365 3900 3499 3939 con-

1923 3973 2170 4029 duxisset
2203 3975 2593 4043 sublimationi,
2644 3990 2824 4046 neque
2885 3975 3356 4045 supermundiales
3401 3990 3500 4030 ex-

1924 4066 2271 4136 planationes
2315 4067 2381 4121 ad
2411 4068 2743 4136 incongruas
2784 4066 3256 4122 dissimilitudines
3286 4069 3496 4139 coegis-

1922 4167 2047 4215 set:
2078 4160 2187 4214 hoc
2221 4169 2401 4214 autem
2435 4168 2492 4213 et
2525 4158 2736 4214 divinas
2764 4158 2994 4213 nefande
3039 4159 3270 4213 virtutes
3297 4159 3495 4227 elevat,

1924 4260 2090 4321 atque
2109 4259 2358 4305 nostrum
2380 4250 2587 4320 pariter
2607 4264 2797 4304 errare
2822 4250 2956 4303 facit
2979 4250 3336 4317 intellectum,
3363 4251 3488 4304 dum

1927 4342 2221 4396 immundis
2253 4341 2373 4395 istis
2402 4340 2625 4396 inhteret
2650 4342 3139 4410 compositionibus
3163 4360 3176 4372 ·
3215 4353 3268 4397 et
3291 4343 3494 4397 fortas—

1924 4435 2001 4490 sis
2028 4434 2191 4488 etiam
2245 4434 2481 4502 putabit,
2533 4432 2943 4502 supercmlestia
2973 4432 3207 4488 leoninis
3260 4433 3484 4504 quibus-

1927 4526 2050 4581 dam
2080 4538 2135 4580 ιιι
2167 4527 2389 4595 equinis
2434 4524 2778 4580 examinibus
2822 4523 3019 4578 referta
3078 4539 3227 4591 esse,
3263 4539 3363 4580 nec
3389 4539 3494 4579 non

1923 4617 2139 4687 mugitu
2191 4616 2546 4672 reboantibus
2593 4614 2813 4669 laudum
2852 4615 3110 4678 canticis,
3156 4622 3212 4671 et
3255 4615 3495 4671 avicula-

1924 4709 2068 4764 rium
2116 4724 2343 4779 gregum
2393 4708 2763 4777 praefecturis.
2808 4706 3042 4776 aliisque
3078 4707 3406 4762 animalibus
3431 4722 3496 4761 ac

1761 4886 1776 4924 ί
1811 4885 1851 4940 ll
1878 4884 2051 4940 Mach.
2079 4900 2165 4949 ιιι,
2191 4884 2262 4944 26
2291 4900 2305 4950 ',
2336 4882 2503 4939 Josuc
2532 4900 2587 4949 v,
2617 4884 2701 4938 1'5.

1517 5039 1753 5096 VARIAS
1789 5039 2199 5096 LECTIONES.

310 5192 356 5224 ³³
384 5191 456 5246 ll.
488 5192 893 5270 ἀπλαστότητα.
926 5197 1130 5270 Scottis
1164 5200 1319 5254 vertit
1353 5195 1671 5270 Veritatem.
1757 5199 1803 5232 ³⁸
1860 5201 2295 5270 coniunctionem
2331 5202 2426 5270 καί
2465 5212 2570 5251 non
2603 5196 2765 5270 habet
2794 5196 2894 5270 Ch.
2936 5204 3285 5270 necuveteres
3330 5198 3497 5270 inter-

239 5275 461 5333 pretes”
490 5263 607 5333 Duo
650 5263 881 5320 reddunt
941 5270 1036 5322 καὶ
1070 5267 1343 5333 θεοειδεῖς.

1442 5269 1485 5300 ³⁷
1525 5271 1585 5323 ι).
1627 5270 1686 5342 ξ).
1723 5269 2141 5342 θηριομορφίαν.

2244 5268 2287 5299 ³⁸
2331 5268 2385 5321 in
2414 5269 2788 5321 vetustissimo
2826 5266 3063 5321 Memmii
3114 5268 3495 5334 corrigebatur

236 5320 662 5404 ἀγκυλοχείλων.
689 5404 698 5409 _
738 5335 785 5409 ’ἢ
818 5320 1033 5409 variant
1060 5320 1181 5392 libri
1219 5320 1983 5409 in'éecentu'iosi,nimim
2199 5349 2255 5391 ttt
2275 5337 2386 5409 Δ(λιι.
2419 5320 2497 5391 et
2522 5320 2610 5404 0.,
2640 5337 2775 5390 νόων
2803 5320 3065 5409 scriptum
3099 5320 3494 5409 habetrt._ptt_d.

239 5419 333 5456 sua
376 5419 544 5473 manu
593 5404 814 5472 scripsit
851 5408 1008 5462 νοῶν.
1072 5410 1251 5463 Semel
1298 5411 1400 5465 hoc
1448 5413 1723 5466 monuisse
1766 5404 2036 5473 subiciat;
2091 5427 2216 5466 nam
2266 5406 2524 5471 frequens
2566 5409 2667 5459 hoc
2712 5404 2935 5461 verbum
2981 5407 3241 5460 occurrit.
3333 5405 3380 5436 δ’
3418 5406 3489 5459 Μ.

240 5472 598 5547 ῖςρογραφίας
621 5513 637 5537 ,
673 5476 756 5528 cui
790 5476 1006 5547 lectioni
1048 5478 1243 5535 Scotus
1270 5480 1638 5547 ,astipulatur.

1765 5481 1809 5514 δι
1841 5480 2059 5544 αὐτούς,
2095 5481 2157 5535 ι).
2199 5488 2260 5533 ιιι
2315 5479 2381 5529 ad
2446 5475 2729 5544 θεολόγους
2785 5475 3071 5530 referatur.

3173 5473 3218 5505 “
3246 5473 3315 5527 M.
3350 5473 3491 5536 πῶς.

434 5552 492 5597 et
524 5543 585 5595 Ι).
617 5545 971 5624 περιτιθέναι.
998 5619 1010 5624 _
1046 5549 1109 5624 “_
1134 5549 1206 5624 D._
1226 5542 1524 5624 ἐξυϐρίζει.
1560 5550 1633 5624 Μ.
1669 5551 1770 5624 οὐκ
1804 5542 2106 5624 ἐξυόρίζειν
2158 5592 2176 5617 ,
2220 5558 2271 5624 et
2310 5548 2411 5599 οὐκ
2442 5542 2779 5624 ἀποπλανᾷν.
2806 5545 2997 5624 βυ.όωί
3031 5545 3202 5624 codex
3236 5544 3341 5624 οὐκ
3369 5542 3492 5624 egu-

238 5610 462 5693 ὀρίζειν,
499 5612 648 5681 quod
659 5610 769 5693 _i'lle
795 5619 1159 5693 correxit‘oox
1190 5610 1460 5693 εειςσρὶςέ,
1496 5630 1551 5675 et
1574 5621 1675 5675 οὐκ
1708 5610 2019 5675 ἀπεπλάναξ
2053 5610 2323 5693 ltahabe}
2360 5618 2507 5693 ets.
2558 5616 2619 5693 ιζ.
2652 5610 2933 5693 irjpriori,
2959 5623 3113 5681 parte
3148 5628 3273 5693 1'0"
3329 5614 3490 5693 habet

241 5681 604 5759 njgationem.
656 5681 855 5742 Scotus
887 5690 1201 5759 negationes
1222 5681 1407 5758 veriit,
1436 5681 1774 5748 Sarraceuus
1804 5694 2042 5748 omittit.‘
2109 5692 2154 5725 “
2188 5690 2256 5745 Μ.
2284 5681 3022 5758 ὀρνιθητικῆςβζόρνιθίας.

239 5752 504 5823 κλιθῆναι.

557 5843 833 5904 ΡΑτιιυι.
883 5842 999 5902 Gn.
1036 5844 1147 5904 Ill.

3146 5683 3191 5715 ⁸⁸
3223 5698 3314 5755 γρ.
3350 5684 3473 5736 ἀπο-

3128 5846 3169 5908 τι
