3916 6234
458 350 558 407 159

1627 352 1677 407 S.
1717 352 1873 409 ΒΞοΝ
1882 351 2013 408 YSll
2050 354 2508 413 AREOPAGITIE

3598 360 3697 417 NO

454 462 737 518 vilioribus
770 464 1035 531 materiis,
1060 480 1199 530 quas
1246 467 1312 521 ad
1343 467 1735 521 absurditatem
1774 478 1824 522 et
1859 483 2002 538 spur

2125 472 2456 541 ὁμοιότητες.
2507 472 2640 525 Ἀλλ’
2677 474 2709 542 ἡ
2766 476 2803 504 ⁸⁷
2840 476 2935 543 τῆς
2962 471 3213 545 ἀληθείας
3267 471 3342 533 ὡς
3383 471 3550 545 οἶμαι,
3597 476 3697 547 ζή-

453 556 659 618 citiam,
690 571 754 611 ac
787 560 1093 627 passionem
1123 560 1496 627 provocando,
1540 574 1638 628 per
1675 562 1862 614 omnia
1912 562 2023 615 dis-

452 647 658 702 similes
693 649 1024 717 ejuscemodi
1066 650 1457 704 elucidantium
1487 652 1837 721 eloquiorqu
1867 652 2022 707 simi-

450 738 711 792 litudines
734 740 1071 794 describunt.
1105 740 1367 795 Veritatis
1399 751 1607 805 tamen,
1637 744 1713 796 uti
1759 759 1901 806 reor,
1934 746 2019 798 in-

451 815 670 895 dagatio
745 830 1087 884 demonstrat
1176 832 1609 885 sacratissimam
1672 833 2018 903 eloquiorum

451 918 800 985 sapientiam,
835 922 886 973 in
934 921 1233 976 caelestium
1299 923 1671 979 ellietionibus
1714 927 2019 998 intelligen-

449 1009 670 1075 tiarum,
702 1021 987 1082 utrumque
1036 1014 1341 1070 luculenter
1390 1018 1713 1084 providisse,
1749 1028 2010 1088 utneque

446 1103 678 1157 virtutes
704 1104 901 1159 divina:
926 1107 1015 1171 '(ut
1050 1108 1118 1159 ita
1145 1110 1266 1176 quis
1307 1109 1529 1181 dixerit)
1560 1114 2018 1167 c0ntumeliosius

446 1204 909 1261 extenuarentur;
969 1214 1143 1268 neque
1195 1216 1291 1254 nos
1340 1201 1489 1255 bumi
1542 1205 1853 1271 repentibus
1886 1206 2019 1258 ima-

444 1287 626 1350 giuum
682 1288 983 1342 vilitatibus
1032 1292 1273 1346 tenacius
1325 1292 1688 1362 aﬁigeremur.
1724 1294 2015 1361 Cteterum,

444 1394 542 1432 cur
583 1380 775 1433 merito
841 1382 1008 1451 ﬁgura
1076 1386 1384 1440 carentibus
1455 1388 1663 1458 ﬁgurae,
1719 1399 1775 1444 et
1816 1389 2018 1459 eﬂigies

444 1468 743 1537 iueﬁigiatis
778 1473 940 1526 rebus
976 1474 1224 1530 obductae
1275 1477 1494 1544 fuerint,
1527 1496 1631 1534 non
1668 1484 1843 1536 solum
1890 1498 2017 1536 cau-

442 1578 554 1614 sam
582 1563 781 1616 dixerit
817 1565 940 1633 quis
964 1582 1083 1621 esse
1118 1580 1354 1623 nostram
1386 1573 1812 1629 imbecillitatem
1856 1615 1871 1640 ,
1898 1591 2017 1644 quae

441 1654 628 1722 nequit
659 1656 967 1711 inuuediatc
1002 1660 1336 1727 spiritalibus
1362 1663 1647 1720 intendere
1675 1670 2014 1738 contempla-

441 1746 699 1808 tionibus.
760 1749 1072 1820 indigetque
1134 1756 1372 1821 propriis
1424 1772 1488 1810 ac
1538 1762 2012 1824 connaturalibus,

2122 578 2278 630 τησις
2335 564 2676 618 ἀποδείκνυσι
2730 567 2827 635 τὴν
2870 564 2979 616 τῶν
3022 564 3214 632 λογίων
3264 567 3562 635 ἱερωτάτην
3609 581 3697 619 σο-

2125 653 2270 721 φίαν,
2305 657 2361 707 ὲν
2402 659 2520 727 ταῖς
2553 657 2662 709 τῶν
2692 656 2955 727 οὑρανίων
2986 657 3119 729 γόων
3166 655 3525 725 μορφώσεσιν,
3562 658 3699 709 ἐκα-

2122 750 2277 820 τέρου
2308 750 2499 820 κομιδῇ
2536 752 2928 821 προνοήσασαν,
2960 750 3035 809 ὡς
3086 752 3220 820 μήτε
3265 750 3344 812 είς
3382 749 3480 812 τὰς
3522 749 3695 812 Θείας,

2122 840 2197 902 ὡς
2229 840 2293 893 ἂν
2323 840 2454 910 φαίη
2482 857 2585 903 τις,
2612 840 2887 910 ἐξυϐρίσαι
2915 840 3192 910 δυνάμεις,
3237 842 3371 911 μήτε
3405 841 3509 911 μὴν
3546 842 3701 911 ἡμᾶς

2122 934 2200 995 είς
2230 932 2326 995 τὰς
2346 933 2713 1004 χαμαιζήλους
2729 931 2988 1003 ἐμπαθῶς
3005 933 3317 1002 ἐμπαγῆναι
3337 931 3443 983 τῶν
3472 931 3699 983 εἰκόνων

2120 1022 2528 1089 ταπεινότητας.
2561 1022 2683 1074 ’Ὁτι
2739 1021 2837 1091 μὲν
2872 1020 2979 1092 γὰρ
3026 1021 3251 1085 εἰκότως
3295 1019 3699 1092 προϐέϐληνται

2120 1110 2228 1162 τῶν
2295 1110 2591 1163 ἀτυπώτων
2640 1113 2690 1163 σί
2748 1111 2931 1175 τύποι,
2998 1111 3091 1163 καὶ
3150 1110 3218 1163 τὰ
3280 1112 3529 1181 σχήματα
3588 1110 3699 1161 τῶν

2123 1206 2568 1276 ἀσχηματίστων,
2629 1205 2689 1257 οὑ
2737 1204 2902 1274 μόνην
2948 1203 3126 1257 αἰτίαν
3173 1203 3307 1271 φαίη
3361 1219 3444 1263 τις
3493 1201 3558 1254 ἂν
3615 1198 3697 1253 εῐ-

2120 1318 2206 1352 ναι
2258 1300 2356 1369 τὴν
2409 1298 2530 1352 καθ’
2580 1300 2729 1367 ἡμᾶς
2790 1298 3078 1365 ἀναλογίαν
3126 1295 3489 1349 ἀδυνατοῦσαν
3554 1296 3697 1365 ἀμέ-

2121 1406 2227 1451 σως
2277 1390 2369 1441 ἐπὶ
2396 1388 2494 1450 τάς
2526 1386 2722 1457 νοητὰς
2750 1386 3122 1439 ἀνατείνεσθαι
3166 1385 3418 1455 θεωρίας,
3455 1384 3549 1437 καὶ
3576 1384 3695 1437 δεο-

2121 1482 2285 1551 μένην
2315 1480 2529 1532 οίκείων
2578 1479 2670 1531 καὶ
2720 1477 2983 1548 συμφυῶν
3026 1476 3347 1545 ἀναγωγιῶν
3393 1477 3458 1539 ⁸⁸,
3508 1478 3565 1530 αῖ
3596 1476 3697 1539 τὰς

2122 1574 2349 1642 ἐφικτάς
2414 1576 2543 1644 ἡμῖν
2607 1573 2915 1644 μορφώσεις
2979 1572 3317 1642 προτείνουσι
3364 1569 3472 1622 τῶν
3520 1571 3697 1640 ἀμορι

2118 1665 2307 1735 φώτων
2337 1665 2735 1737 καὶὺπερφυῶν
2762 1665 3048 1733 θεαμάτων
3072 1663 3114 1695 δ’
3133 1680 3144 1691 ·
3170 1662 3283 1715 ἀλλ’
3315 1664 3395 1715 ὅτι
3417 1662 3509 1714 καί
3532 1662 3697 1714 τοῦτο

2114 1763 2226 1822 τοῖς
2272 1762 2549 1829 μυστικοῖς
2599 1759 2797 1826 λογίοις
2841 1759 2954 1809 ἐστὶ
3006 1754 3471 1826 πρεπωδέστατον,
3517 1752 3583 1805 τὸ
3626 1754 3694 1805 δι’

438 1839 637 1905 quibus
689 1840 961 1907 erigatur,
1008 1844 1355 1900 adminiculis
1408 1863 1500 1901 seu
1550 1852 1854 1921 anagogiis,
1889 1869 2002 1923 quae

2111 1852 2437 1923 ἀπορρήτων
2495 1849 2587 1902 καὶ
2634 1848 2792 1918 ἱερῶν
2844 1847 3178 1917 αἰνιγμάτων
3224 1844 3691 1914 ἀποκρύπτεσθαι,

437 1941 717 2000 perceptas
749 1950 776 1985 a
814 1936 971 1989 nobis
1000 1937 1202 2007 efﬁgies
1256 1941 1561 2009 ineﬁlgiatis
1588 1959 1652 1998 ac
1680 1943 2009 2013 superna’tu-

437 2021 646 2075 ralibus
693 2027 1022 2091 spectaculis
1051 2032 1423 2096 praetendant;
1463 2036 1556 2088 sed
1585 2038 1725 2104 quod
1760 2037 1860 2092 boc
1896 2054 2010 2108 my-

435 2113 591 2169 sticis
644 2116 811 2171 etiam
876 2121 1112 2173 oraculis
1168 2123 1250 2176 vel
1306 2128 1540 2180 maxime
1586 2130 1893 2193 conveniat,
1951 2139 2009 2182 ut

438 2203 539 2273 13
562 2204 922 2262 ineﬁ‘abilibus
946 2221 998 2262 et
1024 2212 1197 2264 sacris
1218 2213 1595 2282 :enigmatibus
1621 2218 1926 2271 recondant.
1955 2227 2011 2271 et

434 2297 773 2351 inaccessam
828 2311 985 2371 vulgo
1036 2304 1371 2357 constituant
1406 2322 1619 2361 sacram
1651 2307 1795 2360 illam
1829 2318 1883 2361 et
1918 2323 2006 2361 ar-

433 2403 622 2442 canam
651 2396 1221 2459 supermundanarum
1254 2398 1517 2450 mentium
1545 2400 1855 2454 veritatem.
1884 2400 2009 2467 Qui-

431 2478 565 2535 libet
587 2484 729 2535 enim
763 2500 866 2539 non
902 2495 983 2539 est
1013 2497 1257 2552 sanctus,
1292 2504 1468 2557 neque
1495 2492 1758 2555 omnium,
1788 2503 1843 2544 ut
1866 2490 2003 2545 Ora-

430 2569 554 2623 cula
605 2582 895 2640 testantur,
925 2576 1153 2631 scientia
1187 2587 1273 2632 est
1302 2578 1351 2631 ιι.
1386 2579 1557 2634 Porro
1585 2580 1629 2633 si
1683 2583 1808 2650 quis
1842 2584 2003 2637 abso-

2113 1941 2204 1993 κα¹ι
2269 1938 2467 1993 ἄϐατον
2498 1941 2607 1999 τοῖς
2676 1937 2890 1998 πολλοῖς
2948 1934 3153 1988 τιθέναι
3217 1932 3313 2003 τὴν
3380 1932 3531 2003 ἱερὰν
3594 1933 3692 1986 καὶ

2113 2032 2348 2100 κρυφίαν
2380 2028 2488 2081 τῶν
2512 2027 2897 2097 ὑπερκοσμίων
2926 2026 3059 2099 WSth
3082 2024 3352 2094 ἀλήθειαν.
3397 2025 3553 2076 Ἔστι
3580 2022 3693 2093 γὰρ

2110 2124 2170 2175 οὑ
2202 2122 2309 2173 πᾶς
2354 2121 2516 2191 ἱερὸς,
2544 2121 2663 2172 οὑδὲ
2705 2121 2941 2181 πάντων,
2986 2118 3061 2180 ὡς
3106 2116 3175 2169 τὰ
3223 2116 3383 2183 λόγιά
3431 2132 3617 2184 φησιν,
3657 2116 3691 2184 ἡ

2110 2216 2328 2285 γνῶσις.
2387 2215 2450 2266 Εἰ
2504 2213 2559 2266 δὲ
2618 2213 2716 2275 τὰς
2763 2210 3210 2282 ἀπεμφαινοὺσας
3270 2208 3692 2280 εἰκονογραφίας

2110 2306 2406 2359 αἰτιάσοιτό
2432 2322 2535 2367 τις,
2573 2304 2836 2358 αἰδεῖσθαι
2872 2302 3043 2369 λέγων
3078 2300 3383 2353 ἀνατιθέναι
3421 2298 3490 2351 τά
3516 2296 3693 2359 οὕτως

2115 2393 2313 2466 αἰσχρά
2357 2393 2698 2466 μορφώματα
2742 2394 2862 2472 ταῖς
2921 2389 3176 2442 θεοειδέσι
3226 2389 3319 2440 καὶ
3360 2388 3696 2456 ἁγιωτάταις

2108 2488 2545 2557 διακοσμήσεσιν·
2576 2485 2790 2555 ἀπόχρη
2827 2484 2962 2553 πρὸς
3005 2480 3165 2535 αὑτὸν
3188 2482 3382 2543 εἰπεῖν,
3412 2480 3489 2543 ὡς
3512 2478 3695 2541 διττός

2110 2583 2223 2633 ἐστι
2252 2580 2349 2650 τῆς
2384 2579 2536 2650 ἱερᾶς
2563 2574 2925 2645 ὲκφαντορίας
2956 2576 2984 2627 ό
3006 2574 3225 2643 τρόπος,

432 2675 534 2715 nas
591 2662 948 2734 eiligiationes
1002 2667 1319 2737 improbaril
1355 2708 1371 2732 ν
1418 2669 1722 2738 pudendum
1774 2687 2062 2733 asserens,
2091 2682 2197 2725 tam
2245 2670 2418 2738 turpia
2474 2667 2825 2721 deiformibus
2865 2664 3330 2733 sanctissimisque
3373 2662 3691 2715 adornatio-

428 2754 590 2809 nibus
618 2755 872 2828 aiﬁttgere
929 2759 1262 2826 simulacra,
1304 2760 1441 2816 satis
1485 2762 1555 2815 sit
1581 2761 1655 2816 illi
1702 2763 2047 2833 reposuisse,
2077 2764 2340 2831 duplicem
2387 2778 2508 2817 csse
2561 2777 2730 2817 sacrae
2762 2758 2904 2813 illius
2949 2756 3186 2827 mysticae
3234 2752 3694 2809 manifestations

428 2848 669 2901 modum.

1956 2971 1984 3043 ς
2023 2968 2128 3029 lll.

502 3110 675 3166 Unum
716 3113 959 3179 quidem,
1004 3115 1118 3184 qui,
1153 3123 1209 3167 ut
1254 3132 1351 3185 par
1383 3126 1484 3184 est,
1526 3133 1622 3187 per
1663 3118 1866 3173 similes
1907 3134 1992 3172 sa-
2019 3131 2062 3187 ο

425 3221 639 3259 crarum
668 3206 965 3273 ﬁgurarum
1002 3208 1262 3277 imagines
1288 3211 1568 3277 procedit;
1593 3211 1819 3265 alterum
1846 3224 1993 3274 vero,

425 3298 518 3367 qui
569 3313 663 3368 per
720 3299 1013 3354 dissimiles
1064 3302 1471 3357 eﬁormatioues
1526 3304 1591 3357 ad
1628 3303 1995 3357 omnimodam

423 3387 920 3443 dissimilitudinem
962 3400 1017 3445 et
1047 3392 1470 3461 discrepantiam
1516 3394 1806 3464 eﬁingitur.
1839 3395 1996 3448 Deni-

421 3492 527 3545 que
559 3481 924 3534 venerandam
961 3486 1441 3551 superessentialis
1485 3486 1712 3541 Deitatis
1765 3488 1996 3541 beatitu-

422 3570 624 3632 dinem,
660 3570 1048 3625 elucidantium
1094 3575 1431 3641 eloquiorum
1466 3577 1709 3646 mystica:
1739 3577 1993 3630 traditio-

421 3675 517 3713 nes
557 3661 845 3729 aliquaudo
892 3665 1109 3732 quidem
1166 3676 1224 3719 ut
1275 3667 1509 3721 Verbum
1548 3680 1603 3723 et
1651 3680 1912 3734 mentem,
1940 3680 1995 3723 et

418 3752 780 3807 substantiam
821 3753 1067 3822 laudant,
1117 3759 1530 3813 convenientem
1565 3760 1674 3814 Deo
1707 3760 1991 3813 rationabi-

420 3855 583 3898 tatem
615 3854 777 3915 atque
816 3848 1138 3916 sapientiam
1180 3850 1298 3918 ejus
1336 3851 1711 3917 declarantes;
1745 3867 1843 3906 nec
1887 3868 1990 3907 non

418 3936 784 3990 essentialiter
811 3950 1077 3992 essentem
1110 3941 1515 4006 exsistentiam,
1546 3953 1597 3995 et
1631 3957 1809 3997 rerum
1841 3945 1988 3998 exsi-

418 4030 632 4084 stentize
684 4048 905 4085 causam
946 4050 1157 4101 veram,
1212 4046 1374 4104 atque
1412 4037 1589 4090 instar
1631 4036 1764 4091 lucis
1818 4037 1988 4104 ipsam

418 4120 700 4192 ciliugunt,
750 4133 805 4177 et
839 4126 1005 4178 vitam
1051 4127 1326 4195 appeilant
1355 4146 1369 4179 :
1400 4128 1705 4197 cujusmodi
1737 4130 1987 4195 ﬁgmenta

415 4225 569 4265 sacra
596 4229 610 4274 ;
642 4228 763 4267 cum
812 4217 1029 4283 quidem
1080 4218 1249 4288 magis
1287 4234 1523 4289 congrua
1566 4220 1695 4287 sint,
1730 4223 1986 4275 materia-

413 4302 664 4373 libusque
719 4305 909 4375 ﬁguris
954 4312 1278 4366 anlecellere
1323 4315 1727 4382 quodammodo
1764 4315 1986 4369 videan-

413 4403 525 4457 tur,
558 4406 795 4452 attamen
832 4400 978 4455 velut
1006 4403 1083 4456 sic
1119 4404 1281 4457 etiam
1310 4420 1337 4456 a
1368 4405 1564 4461 divinae
1616 4406 1986 4461 similitudinis

2178 3118 2235 3169 '0
2269 3116 2385 3185 μὲν,
2418 3116 2494 3177 ὡς
2534 3114 2697 3177 εἰκὸς,
2736 3112 2822 3166 διὰ
2860 3113 2968 3165 τῶν
3001 3114 3201 3183 ὁμοίων
3232 3112 3433 3185 προῖὼν
3476 3109 3690 3181 ἰεροτύ-

2102 3227 2217 3263 πων
2249 3208 2488 3261 εἰκόνων·
2513 3208 2541 3258 ό
2567 3206 2621 3257 δὲ
2664 3205 2751 3257 διὰ
2778 3205 2885 3256 τῶν
2926 3205 3195 3275 ἀνομοίων
3228 3204 3572 3275 μορφοποιῶν
3603 3204 3690 3266 εἰς

2099 3297 2160 3356 τδ
2188 3297 2463 3359 παντελῶς
2490 3296 2537 3326 ⁸⁰
2583 3295 2834 3357 ἀπεοικὸς
2863 3296 2953 3347 καὶ
2993 3296 3328 3364 ἀπεμφαῖνον
3378 3293 3686 3363 πλαττόμε-

2099 3410 2207 3455 νος.
2248 3389 2461 3459 ’Δμέλει
2484 3389 2575 3440 καὶ
2600 3388 2697 3457 τὴν
2732 3385 3029 3457 σεϐασμίαν
3054 3387 3152 3457 τῆς
3180 3386 3501 3457 ὑπερουσίου
3528 3384 3689 3457 θεαρ-

2098 3484 2221 3554 χίας
2253 3480 2623 3552 μακαριότητα
2648 3479 2754 3530 τῶν
2775 3476 3175 3547 ὲκφαντορικῶν
3203 3477 3399 3545 λογίων
3418 3477 3472 3528 αἱ
3499 3493 3688 3544 μυστι-

2097 3576 2189 3628 καὶ
2243 3573 2563 3645 παραδόσεις
2617 3570 2745 3623 ποτε
2790 3569 2889 3640 μὲν
2935 3569 3008 3631 ὡς
3035 3567 3209 3636 Λόγον
3250 3568 3343 3620 καὶ
3383 3567 3507 3620 νοῦν
3583 3568 3685 3621 καὶ

2094 3668 2280 3720 οὑσίαν
2310 3663 2558 3735 ὑμνοῦσι,
2604 3664 2701 3734 τὴν
2731 3661 3008 3732 θεοπρεπῆ
3034 3661 3320 3729 λογιότητα
3348 3660 3439 3712 καὶ
3481 3661 3680 3727 σοςίαν

2094 3758 2261 3827 αὐτῆς
2293 3755 2563 3828 δηλοῦσαι,
2611 3756 2701 3807 καὶ
2731 3754 2897 3815 ὅντως
2938 3749 3101 3805 οὖσαν
3146 3749 3395 3823 ὓπαρξιν,
3435 3751 3527 3804 καὶ
3575 3753 3680 3821 τῆς

2093 3848 2199 3900 τῶν
2230 3846 2394 3899 όντων
2423 3844 2708 3915 ὑπάρξεως
2735 3843 2912 3895 αἰτίαν
2939 3840 3219 3912 ἀληθινὴν,
3254 3841 3345 3893 καὶ
3366 3842 3411 3873 ⁸ο
3431 3843 3525 3903 ’ὡς
3557 3839 3681 3907 φῶς

2093 3938 2260 4009 αὑτὴν
2290 3937 2708 3995 ἀναπλάττουσι,
2743 3934 2836 3986 καὶ
2873 3932 3015 4001 ζωὴν
3046 3930 3399 3984 ἀποκαλοῦσιο
3429 3930 3538 3983 τῶν
3560 3946 3677 3983 τοι-

2091 4025 2261 4077 ούτων
2300 4025 2459 4096 ἱερῶν
2505 4023 2940 4093 ἁναπλασμάτων
2972 4021 3307 4093 σεμνοτέρων
3351 4021 3449 4090 μὲν
3484 4021 3678 4083 όντων,

2091 4120 2186 4171 καὶ
2214 4118 2321 4170 τῶν
2354 4118 2635 4189 προσὺλων
2670 4114 2999 4188 μορφώσεων
3042 4114 3397 4186 ὑπερκεῖσθαι
3441 4130 3559 4175 πως
3589 4113 3681 4166 δο-

2092 4209 2348 4273 κούντων,
2374 4208 2704 4261 ἀποδεόντων
2725 4208 2781 4259 δὲ
2810 4208 2901 4260 καὶ
2926 4208 3068 4259 οὑτω
3097 4207 3193 4277 τῆς
3219 4204 3510 4275 θεαρχικῆς
3535 4203 3681 4275 πρὺς

2092 4303 2342 4373 ἀλήθειαν
2370 4302 2685 4373 ὲμφερείας·
2718 4302 2832 4354 ἔστι
2861 4300 2969 4372 γὰρ
3000 4301 3140 4379 ὑπὲρ
3170 4302 3347 4353 πᾶσαν
3368 4299 3551 4353 οὐσίαν
3578 4300 3681 4351 καὶ

2092 4397 2253 4468 ζωὴν,
2313 4397 2523 4459 οὐδενὸς
2588 4396 2682 4467 μὲν
2724 4398 2891 4467 αὑτὴν
2941 4398 3116 4465 φωτὸς
3158 4396 3673 4467 χαρακτηρίζοντος,

410 4488 646 4545 veritate
680 4491 968 4557 deﬁciunt;
1002 4495 1266 4563 siquidem
1308 4495 1521 4549 cxi-edit
1548 4512 1760 4550 omnem
1794 4511 1983 4551 essen-

2106 4490 2287 4552 παντὸς
2308 4489 2361 4541 δὲ
2393 4489 2552 4557 λόγου
2582 4490 2675 4541 καὶ
2717 4489 2808 4563 νοῦ
2838 4490 2935 4559 τῆς
2959 4488 3273 4559 ὁμοιότητος
3307 4486 3475 4558 αὐτῆς
3510 4488 3678 4555 ἀσυγ-

412 4579 542 4633 tiam
581 4591 636 4635 et
666 4583 850 4647 vitam,
891 4601 1065 4654 neque
1097 4587 1264 4654 ipsam
1299 4587 1404 4641 ulla
1435 4586 1525 4641 lux
1562 4588 1838 4657 exprimit,
1863 4603 1981 4641 om—

411 4671 605 4739 nisque
647 4674 785 4729 ratio
810 4690 873 4730 ac
902 4677 1011 4729 vita
1041 4683 1106 4729 ab
1142 4677 1259 4746 ejus
1305 4680 1659 4733 similitudine
1701 4682 1978 4747 incompa-

410 4762 654 4817 rabiliter
684 4765 959 4822 desciscit.
993 4767 1395 4837 Nonnunquam
1450 4784 1578 4822 vero
1626 4769 1980 4823 dissimilibus

407 4853 866 4912 elucidatiouibus
892 4859 959 4912 ab
985 4859 1175 4913 iisdem
1204 4860 1437 4930 eloquiis
1467 4862 1980 4930 supermundialiter

406 4946 737 5011 celebratur,
779 4951 904 5004 dum
939 4952 1084 5006 illaut
1123 4955 1448 5011 invisibilem
1487 4956 1528 5018 ι,
1563 4964 1617 5010 et
1644 4955 1909 5007 inﬁnitam
1940 4961 1978 4983 "

406 5048 462 5091 et
509 5039 1112 5109 incomprehensibilem
1161 5054 1187 5081 ιι
1218 5046 1511 5115 appellant,
1561 5057 1615 5099 et
1663 5060 1728 5097 ex
1784 5046 1979 5113 quibus

408 5142 513 5182 non
544 5130 673 5197 quid
702 5139 804 5194 est,
836 5132 931 5187 sed
980 5134 1109 5202 quid
1157 5152 1260 5190 non
1307 5147 1392 5189 est
1427 5137 1779 5207 signiﬁcatur.
1806 5137 1983 5204 Atque

480 5271 505 5309 Ιι
536 5269 553 5323 l
582 5270 708 5325 Cor.
746 5287 863 5337 vm,
890 5274 943 5326 7.
1029 5274 1043 5311 ι
1081 5276 1267 5331 ΙΤίιιι.
1300 5294 1372 5342 vi,
1409 5278 1494 5331 16.

1572 5289 1611 5316 ιη
1644 5277 1997 5342 Psal.t:x1.tv,
2037 5279 2123 5333 15.

2088 4582 2290 4651 κρίτως
2344 4580 2805 4649 ἀπολειπομένων.
2841 4580 2977 4632 Ποτὲ
3033 4579 3088 4632 δὲ
3137 4583 3255 4643 ταῖς
3317 4570 3587 4648 ἀνομοίοις
3626 4578 3673 4609 ⁸¹

2088 4673 2468 4742 ὲκφαντορίαις
2512 4671 2615 4724 ὑπὸ
2658 4671 2764 4722 τῶν
2817 4670 2994 4723 αὑτῶν
3041 4670 3237 4737 λογίων
3286 4670 3676 4741 ὑπερκοσμίως

2089 4767 2354 4837 ὑμνεῖται,
2390 4766 2614 4835 ἀόρατον
2640 4764 2807 4833 αὑτὴν
2826 4803 2841 4827 ,
2874 4764 2968 4816 καὶ
2996 4764 3239 4834 ἄπειρον,
3266 4763 3358 4816 καὶ
3384 4762 3676 4833 ἀχὼρητον

2088 4855 2533 4917 ἀποκαλούντων,
2570 4855 2662 4906 καὶ
2710 4853 2779 4906 τὰ
2806 4852 2865 4917 ἐξ
2896 4848 2990 4917 ὧν,
3038 4854 3101 4905 οὑ
3130 4853 3182 4904 τί
3221 4855 3387 4918 ἐστιν,
3428 4853 3563 4906 ἀλλά
3616 4856 3673 4906 τί

2085 4957 2185 5007 οὑκ
2215 4954 2352 5017 ἐστι,
2386 4953 2723 5025 σημαίνεται.
2762 4952 2932 5006 Τοῦτο
2959 4954 3087 5023 γὰρ,
3121 4953 3197 5016 ὡς
3228 4949 3401 5023 οἶμαι,
3437 4953 3533 5005 καὶ
3565 4969 3670 5005 κυ-

2091 5047 2345 5117 ριώτερόν
2390 5048 2534 5098 ἐστιν
2590 5048 2677 5097 ἐπ’
2720 5046 2909 5114 αὑτῆς·
2961 5046 3210 5116 ἐπείπερ,
3259 5046 3335 5108 ὼς
3378 5048 3409 5117 ή
3459 5046 3669 5117 κρυφία

2089 5137 2183 5191 καὶ
2224 5139 2255 5207 ἡ
2295 5137 2541 5208 ἱερατικὴ
2600 5136 2895 5208 παράδοσις
2937 5138 3275 5206 ὑφηγήσατο,
3316 5138 3376 5190 τὸ
3415 5138 3514 5207 μὲν
3564 5139 3667 5193 οὑκ

2200 5290 2227 5316 η
2264 5281 2414 5335 Rom.
2441 5296 2515 5343 xu,
2541 5280 2629 5331 55.

1684 5447 1912 5503 VARle
1950 5447 2349 5515 LECTJONES.

474 5608 517 5639 ⁸⁷
554 5610 671 5689 lege
708 5610 1105 5689 inflammandi
1138 5626 1296 5689 casu,
1328 5625 1598 5689 consensu
1630 5612 2110 5689 esemplariumj.
2188 5612 2237 5689 ‘_°_
2259 5610 2357 5664 Cb.
2393 5618 2447 5663 et
2479 5609 2664 5689 D._§t_va_l

758 5679 826 5753 ⁸⁰ξ
858 5680 1129 5753 Praepnuit
1181 5681 1410 5736 Budaeus
1464 5681 1593 5736 ποτὲ
1626 5682 1705 5747 δέ,
1743 5675 1888 5751 quod
1938 5675 2334 5753 nullilcodices
2384 5689 2481 5734 aut
2520 5678 2613 5732 alii
2652 5675 2981 5750 interpretes
3013 5679 3232 5737 habent.
3306 5676 3352 5708 ⁸¹
3386 5676 3450 5731 Β.
3478 5675 3659 5735 eth.

402 5679 681 5742 παντελές..

404 5750 603 5803 addunt
634 5750 748 5813 καί,
780 5750 879 5814 sic,
906 5753 1032 5803 ποτὲ
1066 5750 1121 5804 δὲ
1155 5754 1249 5805 καὶ
1276 5755 1393 5815 ταῖς
1420 5753 1506 5806 ἀν.

2188 5612 2233 5642 ⁸⁸
2259 5610 2357 5664 Ch.
2393 5618 2447 5663 et
2479 5609 2891 5679 D.ﬁvaTmY¢BV.
2970 5609 3016 5639 δ’
3049 5607 3156 5660 τῶν
3184 5607 3428 5679 εἰκόνων.
3504 5604 3656 5679 “AD;
