3916 6234
234 362 331 417 id!

1240 362 1325 416 DE
1356 361 1683 418 C(ELESTI
1728 357 2177 423 HIERARCHIA,
2220 358 2373 413 CAP.
2418 356 2482 412 11.

3409 358 3507 411 Hi

230 474 371 533 εῖναι
406 479 553 532 κατά
581 495 633 531 τι
664 481 772 534 τῶν
805 481 976 536 ὄντων
1015 482 1181 554 αὐτὴν
1215 481 1575 554 ἀληθεύομεν,
1606 480 1821 550 ἀγνοοῦ-

1932 480 2057 541 hoc,
2097 486 2156 529 ut
2207 476 2465 538 arbitror,
2506 472 2681 540 magis
2721 471 2820 539 ipsi
2865 471 3142 541 proprium
3190 480 3311 533 est;
3359 488 3505 536 nam,

232 588 335 641 μεν
368 570 428 623 δὲ
460 572 561 643 τὴν
597 572 920 645 ὐπερούσιον
944 574 1112 645 αὐτῆς
1162 574 1257 627 καὶ
1289 573 1515 643 ἀνόητον
1536 575 1627 626 καὶ
1656 571 1831 643 ἀρρη-

228 681 325 720 τον
358 666 665 737 ἀοριστίαν.
710 665 776 718 Εἰ
807 666 985 718 τοίνυν
1020 665 1075 717 αἱ
1122 664 1219 735 μὲν
1263 665 1563 734 ἀποφάσεις
1595 664 1689 716 ἐπὶ
1719 662 1829 715 τῶν

230 756 393 810 θείων
430 756 675 829 ἀληθεῖς,
700 759 754 811 αί
777 758 833 811 δὲ
855 757 1191 827 καταφάσεις
1213 758 1564 830 ἀνάρμοστοι,
1598 759 1664 827 τῇ
1694 772 1829 827 κρυ-

230 848 450 921 φιότητι
483 849 594 903 τῶν
628 849 955 921 ἀπορρήτων
981 850 1284 931 οἰκειοτέρα
1327 848 1521 921 μᾶλλόν
1555 850 1701 901 ἐστιν
1738 849 1830 901 ἐπὶ

229 940 340 993 τῶν
370 942 677 1013 ἀοράτωνή
706 942 796 995 διὰ
812 941 921 995 τῶν
946 941 1214 1013 ἀνομοίων
1243 942 1597 995 ἀναπλάσεων
1626 943 1830 1011 ἐκφαν-

229 1033 412 1103 τορία·
472 1034 677 1104 τιμῶσι
728 1032 1016 1105 τοιγαροῦν
1046 1035 1114 1098 ⁵¹,
1148 1034 1251 1086 οὐκ
1301 1035 1521 1103 αἴσχους
1576 1032 1827 1103 ἀποπλη-

234 1124 413 1194 ροῦσι,
444 1124 547 1188 τὰς
585 1124 870 1196 οὐρανίους
913 1125 1301 1196 διακοσμήσεις
1356 1126 1449 1177 καὶ
1494 1126 1551 1178 αἱ
1598 1125 1705 1178 τῶν
1739 1124 1829 1178 λο-

228 1218 365 1287 γίων
400 1218 772 1289 ίερογραφίαι,
800 1220 919 1281 ταῖς
944 1218 1219 1288 ἀνομοίοις
1246 1218 1415 1281 αὐτὰς
1451 1217 1829 1289 μορφοποιῖαις

228 1311 611 1379 ἐκφαίνουσαι,
659 1310 749 1363 διὰ
793 1309 996 1364 τούτων
1039 1310 1426 1363 ἀποδεικνῦσαι
1467 1310 1575 1363 τῶν
1627 1311 1827 1365 ὐλικῶν

229 1402 493 1453 ἁπάντων
542 1401 928 1472 ὐπερκοσμίως
972 1401 1336 1472 ἐκϐεϐηκυίας
1380 1402 1445 1454 ⁵³.
1486 1403 1607 1455 Ὅτι
1648 1402 1704 1455 δὲ
1736 1404 1828 1455 καὶ

227 1490 321 1541 τὸν
355 1492 631 1565 ἡμέτερον
669 1496 717 1527 ³⁸
741 1490 863 1545 νοῦν
908 1493 1168 1561 ἀνάγουσι
1206 1493 1404 1564 μᾶλλον
1450 1495 1506 1547 αί
1546 1495 1827 1564 ἀπεμφαί-

228 1602 423 1638 νουσαι
452 1587 564 1639 τῶν
600 1589 935 1659 ὁμοιοτήτων
956 1629 970 1654 ,
1000 1590 1101 1643 οὐκ
1132 1586 1284 1661 οἶμαί
1325 1607 1448 1644 τινα
1489 1592 1599 1645 τῶν
1633 1592 1828 1662 εὐφρο-

227 1676 467 1729 νούντων
521 1678 785 1749 ἀντερεῖν·
838 1680 919 1743 είς
969 1680 1067 1752 μὲν
1117 1684 1162 1716 ⁸⁸
1192 1683 1299 1751 γάρ
1342 1681 1443 1746 τὰς
1499 1685 1827 1757 τιμιωτέρας

230 1770 621 1841 ίεροπλαστίας
648 1770 795 1833 εἰκός
837 1772 952 1824 ἐστι
984 1773 1079 1825 καὶ
1116 1772 1451 1845 πλανηθῆναι
1481 1776 1545 1839 ⁵⁸,
1576 1793 1827 1847 χρυσοει-

1936 574 2012 626 ιιιὶ
2044 586 2244 626 arcana
2291 570 2380 624 illa
2422 567 2883 637 sacerdotalisque
2925 568 3146 622 traditio
3194 569 3508 629 insinuavit.

1938 680 2067 719 vere
2111 666 2365 729 dicimus,
2404 679 2522 718 eam
2567 678 2675 717 non
2714 675 2835 717 esse
2880 662 3178 717 secundum
3214 663 3507 732 quidquam

1937 772 2126 812 eorum
2158 772 2276 827 quae
2300 766 2449 819 sunt,
2481 756 2607 809 licet
2642 755 2763 825 ejus
2795 754 3308 824 superessentialem
3337 765 3391 809 et
3422 757 3508 809 in-

1935 850 2203 904 visibilem
2227 859 2282 903 et
2306 847 2633 903 ineifabilem
2664 848 2988 903 inﬁnitatem
3018 850 3346 916 ignoremus.
3375 832 3507 903 Cum

1935 958 2065 1011 ergo
2095 941 2413 1013 negationes
2449 942 2500 995 in
2536 941 2734 996 divinis
2765 956 2927 1006 vera},
2960 939 3346 995 aﬂirmationes
3379 956 3510 994 vero

1936 1036 2248 1100 incongrua:
2281 1041 2428 1100 sunt,
2464 1050 2789 1089 arcanorum
2836 1034 3155 1089 obscuritati
3187 1034 3356 1101 magis
3387 1048 3510 1102 pro-

1934 1131 2048 1200 pria
2081 1140 2165 1183 est
2190 1144 2369 1184 rerum
2395 1128 2746 1183 invisibilium
2774 1142 2868 1198 per
2896 1127 3185 1181 dissimiles
3208 1124 3510 1180 edictiones

1931 1217 2242 1287 explanatio
2275 1234 2289 1269 :
2316 1217 2580 1286 siquidem
2606 1218 2993 1281 condecoraut,
3024 1232 3128 1271 non
3157 1216 3506 1278 dedecorant,

1932 1312 2184 1368 coeleStes
2234 1314 2615 1369 adornatioues
2654 1327 2821 1367 sacrae
2848 1311 3219 1381 hujuscemodi
3269 1308 3509 1378 eloquio-

1932 1421 2052 1458 rum
2095 1406 2514 1476 descriptiones,
2547 1407 2673 1459 dum
2702 1403 3055 1459 dissimilibus
3084 1418 3177 1457 eas
3207 1402 3506 1457 formarum

1933 1496 2243 1552 ﬁctionibus
2270 1498 2599 1567 explanant;
2642 1496 2730 1550 bis
2776 1495 2909 1564 ipsis
2942 1494 3300 1559 declarantes,
3334 1502 3392 1545 ut
3424 1506 3511 1545 re-

1932 1588 2033 1642 bus
2068 1589 2323 1643 omnibns
2366 1586 2738 1641 materialibus
2784 1584 3300 1653 supermundialiter
3352 1592 3506 1637 ante—

1931 1683 2150 1737 cellant.
2173 1682 2324 1749 Quod
2354 1697 2482 1737 vero
2505 1681 2719 1735 absonre
2746 1678 3132 1732 similitudines
3163 1675 3334 1746 magis
3358 1690 3507 1729 men-

1934 1782 2043 1829 tem
2098 1784 2338 1829 nostram
2388 1773 2621 1843 erigant,
2670 1788 2846 1829 nemo.
2881 1780 2939 1823 ut
2987 1770 3201 1839 opinor,
3250 1768 3505 1823 cordatus

227 1862 336 1926 δεῖς
370 1864 419 1894 ⁵⁷
451 1882 608 1927 τινας
647 1864 927 1935 οἰομένους
971 1861 1112 1919 εἶναι
1160 1866 1261 1930 τάς
1311 1868 1570 1939 οὐρανίας
1618 1868 1821 1933 οὐσίας,

1933 1868 2307 1929 canlradicet;
2345 1864 2449 1937 ιή
2482 1867 2533 1918 in
2572 1864 2928 1919 nobilioribus
2958 1862 3102 1916 enim
3145 1861 3333 1917 foratis
3353 1860 3505 1916 eﬂin-

228 1958 321 2009 καὶ
376 1956 691 2025 φωτοειδές
735 1975 885 2020 τινας
930 1958 1147 2029 ἄνδρας,
1195 1960 1287 2012 καὶ
1334 1959 1824 2031 ἐξαστράπτοντας,

224 2051 553 2120 εὐπρεπεῖς,
602 2051 1013 2121 ἠμφιεσμένους
1066 2050 1271 2120 ἐσθῆτα
1330 2052 1501 2123 φανὴν
1530 2060 1597 2115 κο,
1624 2054 1715 2106 καὶ
1765 2054 1827 2107 τὸ

224 2142 482 2213 πυρῶδες
532 2142 783 2206 ἀϐλαϐῶς
816 2144 1257 2208 ἀποστίλϐοντας,
1314 2147 1407 2199 καὶ
1453 2146 1597 2209 ὅσοις
1648 2146 1826 2210 ἄλλοις

224 2233 662 2303 ὁμοιοτυπώτοις
693 2240 929 2307 μορφαῖς
958 2237 1004 2270 ⁸⁸
1033 2238 1067 2307 ἡ
1098 2237 1345 2305 θεολογία
1388 2238 1515 2301 τούς
1544 2238 1825 2309 οὐρανίους

225 2327 573 2397 ἐσχημάτισε
603 2328 746 2391 νόας.
780 2329 957 2400 Ὅπερ
980 2328 1066 2381 ἵνα
1097 2327 1171 2400 μὴ
1198 2329 1417 2382 πάθοιεν
1450 2330 1499 2383 οἱ
1530 2330 1695 2400 μηδὲν
1716 2329 1824 2383 τῶν

223 2419 578 2488 φαινομένων
621 2418 803 2473 καλῶν
840 2419 1171 2492 ὑψηλότερον
1212 2420 1611 2493 ὲννενοηκότες,
1648 2424 1681 2494 ἡ
1715 2424 1823 2476 τῶν

221 2512 389 2564 ὁσίων
412 2510 681 2579 θεολόγων
724 2509 1023 2581 άνατατικὴ
1064 2511 1221 2581 σοφία
1244 2513 1489 2584 καὶπρὸς
1517 2513 1616 2576 τὰς
1641 2514 1746 2567 ἀπε
1756 2532 1823 2585 μ-

222 2606 529 2674 φαινούσας
562 2607 956 2677 ἀνομοιότητας
1012 2604 1176 2676 ἱερῶς
1222 2607 1539 2675 κατάγεται,
1569 2606 1643 2677 μὴ
1689 2623 1823 2676 συγ-

221 2697 486 2769 χωροῦσα
511 2699 574 2752 τὸ
602 2699 866 2771 πρόσυλον
886 2701 919 2769 ἠ
930 2697 1067 2769 μῶν,
1096 2700 1176 2761 εἰς
1212 2698 1310 2762 τάς
1348 2699 1577 2771 αἰσχρὰς
1609 2698 1823 2763 εἰκόνας

221 2786 504 2857 ἁπομένον
542 2788 1014 2843 ἐπαναπαύεσθαι·
1062 2789 1388 2843 διανιστῶσα
1420 2790 1475 2843 δὲ
1523 2791 1583 2844 τὸ
1614 2791 1824 2859 ἀνωφε-

225 2878 319 2947 ρὲς
359 2879 465 2947 τῆς
494 2878 696 2950 ψυχῆς,
734 2884 829 2936 καὶ
862 2882 1233 2936 ὐπονύττουσα
1266 2883 1332 2952 τῇ
1376 2882 1685 2953 δυσμορφίᾳ
1712 2883 1821 2936 τῶν

224 2967 615 3038 συνθημάτων,
638 2970 712 3033 ὡς
732 2970 805 3042 μὴ
831 2971 1050 3043 θεμιτοῦ
1081 2972 1213 3043 μηδὲ
1233 2970 1465 3043 ἀληθοῦς
1481 2972 1525 3002 ⁶⁰
1542 2972 1824 3037 δοκοῦντος

224 3054 393 3121 εἶναι,
448 3060 586 3130 μηδὲ
639 3065 751 3125 τοῖς
798 3064 936 3132 ἄγαν
994 3063 1305 3133 προσύλοις,
1364 3064 1445 3116 ὅτι
1493 3066 1605 3128 τοῖς
1651 3063 1822 3128 οὕτως

1931 1960 2121 2028 gendis
2159 1959 2419 2013 credibile
2448 1968 2533 2012 est
2577 1972 2761 2011 errare
2810 1956 3041 2025 aliquos,
3074 1955 3162 2024 qui
3191 1955 3507 2009 existiment

1929 2066 2052 2105 esse
2087 2061 2309 2105 naturas
2345 2050 2596 2104 ctelestes
2637 2048 2821 2117 Specie
2854 2048 3086 2117 quadam
3131 2060 3318 2110 aurea,
3360 2047 3505 2099 viros

1930 2144 2191 2212 quosdam
2236 2144 2519 2205 micantes,
2558 2143 2767 2211 fulgore
2800 2143 3049 2205 decoros,
3089 2140 3284 2194 vestitu
3326 2138 3506 2207 splen-

1929 2237 2053 2289 dido
2097 2235 2348 2301 amictos,
2384 2236 2598 2302 igneum
2647 2235 2899 2301 quiddam
2936 2232 3155 2287 innoxie
3201 2231 3502 2295 vibrantes,

1926 2338 1982 2380 et
2024 2342 2360 2395 quazcunque
2409 2326 2527 2380 alia:
2581 2325 2842 2395 ejusmodi
2880 2324 3067 2377 formae
3112 2331 3258 2386 sunt,
3308 2322 3505 2391 quibus

1930 2417 2197 2487 theologia
2239 2422 2493 2472 caelestes
2521 2429 2728 2471 mentes
2779 2415 3055 2485 ﬁguravit.
3090 2414 3244 2481 Quod
3285 2414 3502 2483 quidem

1928 2526 1996 2565 ne
2034 2512 2101 2565 iis
2141 2510 2373 2572 eveniat,
2408 2511 2500 2578 qui
2558 2510 2692 2564 nihil
2733 2508 2917 2569 altius,
2944 2523 3104 2577 quam
3137 2507 3224 2562 illa
3277 2507 3500 2577 pulchra

1924 2611 1980 2657 et
2022 2602 2266 2669 speciosa
2313 2616 2435 2670 quze
2482 2610 2767 2669 apparent,
2819 2606 2998 2653 mente
3034 2596 3299 2667 complexi
3354 2605 3498 2660 sunt,

1925 2701 2233 2745 sanctorum
2286 2690 2657 2760 theologorum
2683 2690 2967 2758 sapientia,
3007 2703 3127 2756 qum
3167 2703 3378 2741 sursum
3406 2687 3503 2741 du-

1926 2784 2078 2838 cendi
2113 2784 2218 2836 vim
2243 2784 2430 2847 habet,
2466 2783 2533 2835 ad
2566 2782 3037 2837 dissimilittnlines
3059 2777 3288 2833 absonas
3315 2786 3503 2833 sancte

1926 2888 1987 2927 se
2013 2873 2219 2941 dejicit,
2255 2888 2361 2925 non
2397 2872 2719 2943 permittens
2754 2872 2826 2936 id,
2861 2872 3003 2940 quod
3050 2873 3101 2923 in
3133 2869 3292 2924 nobis
3322 2880 3501 2923 male-

1926 2970 2059 3025 riale
2113 2982 2231 3033 est,
2290 2970 2399 3024 illis
2456 2970 2729 3023 indecoris
2792 2967 3121 3039 imaginibus
3186 2966 3502 3021 inhterendo

1925 3064 2313 3134 acquiescere;
2348 3062 2440 3117 sed
2490 3062 2603 3132 ipsa
2655 3061 2996 3117 deformitate
3032 3059 3322 3130 ﬁgurarum
3353 3058 3504 3113 exci-

221 3150 478 3220 αίσχροῖς
513 3152 728 3223 ἐμφερῆ
762 3152 899 3225 πρὸς
922 3152 1177 3225 ἀλήθειάν
1213 3153 1423 3207 ἐστιτὰ
1455 3154 1821 3226 ὐπερουράνια

1928 3166 2046 3209 tans
2073 3164 2125 3209 et
2150 3155 2437 3209 stimulans
2458 3156 2793 3223 superiorem
2820 3153 3013 3207 animm
3035 3152 3358 3221 portionem,
3390 3160 3503 3204 tan-

223 3242 322 3294 καὶ
352 3242 476 3294 θεῖα
499 3241 769 3313 θεάματα.
805 3244 1013 3308 Ἀλλως
1029 3263 1089 3298 τε
1120 3248 1213 3299 καλ¹
1234 3245 1391 3299 τοῦτο
1412 3247 1660 3317 ἐννοῆσαι
1692 3248 1818 3319 χρὴ,

222 3330 285 3383 τὸ
322 3330 462 3400 μηδὲ
494 3330 553 3384 ἓν
594 3333 703 3386 τῶν
736 3333 903 3387 ὄντων
942 3332 1079 3388 εἶναι
1115 3335 1344 3390 καθόλου
1382 3336 1482 3411 τῆς
1526 3336 1620 3391 τοῦ
1656 3338 1819 3393 καλοῦ

228 3423 529 3493 μετουσίας
582 3426 964 3497 ἐστερημένον,
1015 3428 1195 3498 εἴπερ,
1245 3428 1321 3490 ὡς
1369 3430 1401 3498 ή
1462 3428 1571 3481 τῶν
1625 3427 1820 3498 λογίων

227 3513 461 3585 ἀλήθειά
487 3531 651 3586 φησι,
674 3514 871 3569 πάντα
902 3516 1059 3571 καλὰ
1088 3518 1250 3572 λίαν.

1925 3262 2087 3316 quant
2116 3246 2270 3299 nefas
2303 3248 2396 3309 sit,
2423 3257 2479 3301 et
2506 3260 2573 3299 ne
2600 3246 2667 3299 iis
2698 3245 2935 3314 quidem,
2955 3243 3045 3313 qui
3082 3244 3242 3297 rebus
3268 3244 3501 3299 terrenis

1927 3338 2084 3393 valde
2116 3337 2255 3391 aﬁixi
2297 3346 2442 3400 sunt,
2469 3337 2766 3391 verisimile
2810 3337 3078 3399 videatur,
3111 3344 3218 3386 tam
3251 3333 3501 3389 absurdis

1926 3429 2114 3485 formis
2138 3428 2336 3482 similia
2376 3442 2562 3481 revera
2595 3440 2719 3481 esse
2751 3426 2835 3480 illa
2884 3424 3289 3493 supracoalestia
3339 3434 3394 3478 et
3419 3423 3502 3478 di-

1926 3519 2074 3581 vina,
2106 3532 2227 3585 qua:
2254 3519 2306 3570 in
2336 3515 2596 3587 symbolis
2624 3530 2746 3569 cum
2778 3515 3137 3569 admiratione
3163 3523 3495 3584 spectantur.

229 3605 369 3672 Quin
410 3615 469 3660 et
506 3606 610 3661 boc
653 3608 964 3673 sciendum,
1010 3608 1143 3663 nihil
1174 3625 1362 3663 eorum
1403 3624 1524 3679 qua:
1554 3610 1829 3666 exsistunt
1888 3609 2105 3677 penitus
2151 3622 2274 3662 esse
2326 3606 2455 3661 boni
2511 3606 2931 3675 participatione
2981 3605 3291 3674 privatum;
3346 3620 3495 3669 cum,

228 3707 285 3750 ut
314 3698 394 3750 ait
432 3694 654 3756 veritas,
681 3693 982 3766 loquiorum
1006 3699 1183 3755 omnia
1209 3697 1342 3754 bona
1371 3699 1518 3753 valde
1543 3708 1588 3753 ο.

1764 3814 1791 3887 g
1856 3811 1957 3873 tv.

299 3989 493 4046 Ἔστιν
515 3986 608 4047 οὖν
647 3996 713 4048 ἐκ
744 3996 960 4051 πάντων
996 3999 1038 4030 ⁶¹
1071 4000 1356 4071 ἐπινοῆσαι
1390 4002 1433 4031 ⁶²
1465 4000 1635 4065 καλὰς
1680 4002 1816 4055 θεω-

228 4084 368 4154 eius.
402 4087 502 4139 καὶ
532 4090 645 4151 τοῖς
677 4092 889 4159 νοητοῖς
917 4108 978 4143 τε
1008 4094 1102 4145 καὶ
1134 4096 1338 4165 νοεροῖς
1378 4096 1441 4147 ἐκ
1474 4094 1584 4147 τῶν
1620 4094 1816 4148 ὐλαίων

223 4178 539 4231 ἀναπλάσαι
569 4179 668 4243 τὰς
696 4178 997 4251 λεγομένας
1024 4185 1309 4255 ἀνομοίους
1336 4186 1676 4256 ὁμοιότητας,
1700 4185 1819 4237 ὲτέ-

224 4285 303 4340 ρῳ
326 4270 523 4341 τρόπῳ
549 4271 660 4324 τῶν
681 4290 768 4326 νοε
777 4274 884 4345 ρῶν
912 4276 1164 4345 ἑχόντων,
1196 4277 1232 4331 ἃ.
1256 4281 1370 4341 τοῖς
1400 4277 1677 4348 αἰσθητοῖς
1700 4264 1816 4330 ἐττε-

222 4363 385 4434 ροίως
418 4364 846 4439 ἀωνενέμηται.
880 4369 992 4421 Καὶ
1024 4369 1132 4441 γάρ
1162 4370 1191 4421 ὁ
1214 4370 1385 4442 θυμὸς
1415 4374 1529 4434 τοῖς
1557 4372 1659 4441 μὲν
1686 4371 1813 4424 ἀλό-

220 4469 337 4520 γοις
359 4453 420 4520 ἐξ
446 4455 731 4525 ἐμπαθοῦς
750 4458 932 4529 ὁρμῆς
952 4460 1242 4528 ἐγγίνεται,
1269 4463 1363 4514 καὶ
1393 4461 1576 4533 πάσης
1597 4461 1817 4530 ἀλογίας

218 4545 371 4598 ἐστὶν
397 4547 689 4612 ἀνάπλεως
716 4552 750 4621 ἡ
784 4550 1071 4623 θυμοειδὴς
1098 4553 1277 4606 αὐτῶν
1306 4554 1537 4623 κίνησιςο
1573 4555 1685 4608 ἀλλ’
1717 4555 1809 4607 ἐπὶ

218 4637 327 4689 τῶν
366 4637 575 4709 νοερῶν
605 4640 777 4712 ἑτέρῳ
817 4642 1003 4713 τρόπῳ
1035 4643 1141 4715 χρὴ
1180 4644 1241 4696 τὸ
1273 4642 1501 4714 θυμικὸν
1537 4645 1805 4715 ἐννοῆσαι,

218 4726 437 4799 δηλοῦν,
468 4729 549 4792 ὡς
579 4726 755 4801 οἶμαι,
800 4732 897 4803 τὴν
931 4733 1249 4805 ἀρρενωπὸν
1289 4734 1466 4787 αὐτῶν
1499 4734 1804 4806 λογιότητα,

220 4822 316 4873 καί
334 4820 438 4892 τὴν
465 4821 780 4892 ἀμείλικτον
814 4824 925 4891 ἕξιν
950 4827 1007 4879 ὲν
1038 4829 1159 4891 ταῖς
1194 4826 1450 4879 θεοειδέσι
1482 4828 1577 4880 καὶ
1605 4827 1810 4897 ἀμετα-

222 4912 399 4975 ϐόλοις
430 4912 723 4982 ίδρύσεσιν.
775 4915 1048 4981 Ὡσαύτως
1070 4918 1363 4989 ἐπιθυμίαν
1400 4919 1496 4989 μὲν
1522 4913 1657 4971 εἷναί
1704 4936 1806 4988 φα-

222 5020 343 5075 μεν,
379 5005 476 5056 ἐπὶ
506 5005 617 5058 τῶν
660 5007 868 5077 ἀλόγων
898 5010 1302 5082 ἀπερίσκεπτόν
1322 5029 1443 5065 τινα
1476 5012 1570 5063 καὶ
1608 5013 1809 5083 πρόσυ-

294 5170 321 5198 ⁰
346 5162 486 5219 Gen.
515 5180 557 5230 ι,
583 5165 673 5219 5|.

2002 4002 2095 4057 Est
2129 4001 2295 4072 igitur
2333 4015 2397 4055 ex
2429 3999 2683 4055 omnibus
2733 4015 2927 4069 capere
2955 4000 3126 4057 bonas
3164 4003 3499 4073 contempla-

1922 4093 2134 4158 tiones;
2167 4092 2290 4162 quia
2323 4101 2378 4145 et
2406 4093 2538 4145 viris
2583 4092 3010 4162 intelligentibus
3051 4110 3117 4149 ac
3163 4096 3498 4164 spiritalibus

1920 4185 2047 4240 licet
2071 4185 2182 4255 jam
2210 4186 2383 4240 dictas
2412 4183 2886 4239 dissimilitudines
2916 4201 2981 4239 ex
3011 4188 3173 4242 rebus
3206 4189 3499 4243 materiali-

1919 4277 2020 4331 bus
2047 4278 2364 4343 elformare;
2410 4292 2533 4331 cum
2586 4291 2673 4330 res
2697 4277 2973 4346 spiritales
3015 4278 3123 4333 alio
3153 4279 3297 4348 ipsas
3336 4281 3495 4336 modo

1920 4369 2177 4434 habeant,
2224 4384 2386 4438 quam
2434 4369 2600 4422 rebus
2650 4368 3003 4424 sensibilibns
3045 4371 3319 4426 attributa:
3364 4373 3492 4427 sint.

1880 4458 2194 4528 ISiquidem
2246 4460 2472 4515 alTeCtns
2508 4460 2604 4515 ira:
2650 4460 2919 4515 creaturis
2975 4463 3383 4519 irrationalibus
3424 4480 3491 4519 ex

1918 4553 2119 4619 impetu
2150 4554 2420 4622 passionis
2466 4554 2838 4621 iugeneratur,
2873 4562 3034 4622 atque
3080 4555 3226 4607 omni
3275 4556 3494 4609 irratio-

1920 4644 2147 4699 nalitate
2185 4645 2375 4713 plenus
2399 4653 2483 4699 est
2521 4646 2817 4700 irascibilis
2847 4659 3037 4699 eorum
3068 4656 3246 4701 motus
3272 4665 3285 4701 :
3314 4648 3408 4703 Sed
3439 4650 3492 4704 in

1918 4735 2080 4789 rebus
2097 4735 2432 4805 spiritalibus
2455 4737 2614 4791 aliter
2635 4746 2851 4805 Oportet
2868 4738 2976 4790 vim
3008 4738 3337 4795 irascibilem
3364 4754 3492 4794 con-

1916 4827 2183 4893 siderare,
2238 4828 2571 4882 utvidelicet
2618 4829 2886 4898 signiﬁcet
2947 4830 3244 4885 masculam
3300 4847 3487 4887 earum

1919 4920 2209 4981 rationem,
2246 4919 2744 4988 immutabilemquc
2785 4927 2986 4974 statunt
3042 4922 3097 4976 in
3136 4922 3491 4979 deiformibus

1919 5012 2042 5067 istis
2094 5012 2569 5080 immobilibusque
2613 5012 2833 5067 sedibus
2885 5014 3179 5070 ﬁrmatum.
3227 5015 3491 5074 Similiter

1523 5282 1608 5337 VA
1620 5282 1755 5339 RIZE
1807 5283 2208 5344 LECTIONES.

290 5378 337 5452 ’ξ
391 5375 467 5430 Μ.
516 5376 928 5452 antiquissimus
967 5377 1149 5452 liber,
1189 5378 1373 5452 et_Se.
1404 5379 1620 5452 καὶᾼνῦν
1652 5379 1961 5452 τοιγαροῦν.

2064 5380 2233 5453 ⁸⁸-γρ.
2270 5382 2690 5453 ἀναϐεϐηκυίας.
2779 5382 2847 5453 ⁵⁸-
2863 5380 2928 5453 Β.
2955 5381 3035 5434 ἔτι
3068 5380 3125 5434 δὲ
3159 5382 3252 5434 καὶ
3284 5380 3360 5453 ti»;
3391 5381 3484 5453 τὸν

217 5447 511 5570 nite-cepam
550 5445 686 5500 Cum
726 5462 825 5517 pro
851 5447 934 5500 ὅτι
967 5448 1056 5501 hic
1089 5446 1223 5501 liber
1245 5449 1474 5503 haberet
1503 5448 1605 5513 ἔτι,
1640 5464 1701 5503 ea
1751 5445 2068 5518 depravatio
2107 5445 2261 5517 fecit,
2303 5464 2361 5507 nt
2399 5453 2475 5516 ὡς
2499 5445 2789 5506 ἰιιιιιὶἀοι-ἰι
2818 5450 3081 5514 Budaeus,
3114 5460 3173 5503 ut
3220 5451 3485 5505 orationis

221 5516 393 5570 κατι-ιλ
429 5517 634 5570 ηλόττις
677 5526 975 5570 consumat.
1050 5517 1096 5549 ⁸⁸
1128 5516 1225 5570 μέν
1264 5519 1327 5570 Ι).
1367 5534 1471 5570 non
1531 5521 1723 5570 habet.
1777 5535 1877 5570 nec
1935 5531 2085 5570 certe
2121 5522 2325 5570 aliquid
2365 5523 2611 5570 senilitnr
2655 5520 2799 5570 quod
2844 5522 3191 5570 resnnndeat.
3266 5519 3312 5551 ⁵⁸
3343 5520 3481 5570 ἀπο-

221 5516 393 5571 καταλ

468 5517 634 5586 λότης
677 5526 975 5571 conSIaret.
1050 5517 1096 5549 ⁸⁸
1128 5516 1225 5641 μέν
1264 5519 1327 5571 Ι).
1367 5534 1471 5572 non
1531 5521 1724 5583 habet,
1777 5516 1877 5574 nec
1935 5531 2085 5576 certe
2121 5516 2326 5591 aliquid
2365 5523 2611 5591 sequitur
2655 5520 2799 5590 quod
2844 5522 3191 5587 respondeat.
3266 5519 3312 5551 ⁵⁸
3343 5520 3481 5573 ἀπο-

468 5606 592 5641 ιναι.
627 5586 729 5641 Ch.
804 5587 850 5618 ⁸⁷
877 5589 1002 5641 lhme
1034 5603 1129 5641 ver
1168 5604 1196 5641 a
1248 5589 1443 5641 desunt
1490 5590 1541 5641 in
1574 5589 1673 5641 Ch.
1724 5600 1783 5641 ut
1809 5589 1951 5641 quod
1996 5592 2263 5641 sequitur-
2293 5592 2357 5641 C.
2410 5596 2523 5641 sive
2553 5593 2646 5641 καὶ
2680 5591 3006 5641 ωωτοειδεῖς.
3040 5604 3137 5641 nec
3176 5592 3480 5641 nosteriora

222 5586 592 5661 πλανηθῆναι,
627 5586 729 5641 Ch.
764 5587 850 5661 ﬂ"
877 5589 1002 5651 lhtee
1034 5586 1196 5661 verba
1229 5589 1443 5661 ‘desnnt
1481 5590 1541 5661 in
1574 5589 1685 5661 Ch.
1724 5589 1951 5661 utquod
1996 5586 2263 5661 sequitur.
2293 5592 2357 5647 (Σ.
2410 5586 2523 5647 sive
2553 5593 2646 5646 καὶ
2675 5586 3006 5661 φωτοειδεῖς,
3040 5604 3137 5661 nec
3176 5592 3480 5659 posteriora

224 5660 386 5711 vertit
434 5659 658 5712 Scottis.
761 5658 807 5689 ⁸⁸

225 5744 426 5800 ten-9‘5
458 5728 713 5800 κάλλεσιν
743 5728 778 5800 ἡ

835 5729 900 5799 ι).
946 5727 1107 5799 Ρ.ὀι
1140 5733 1191 5781 in
1219 5727 1466 5799 margine
1496 5727 1583 5784 Μ.
1667 5732 1687 5761 ⁸

226 5796 475 5871 ἀληθοῦς.

576 5672 658 5711 ns.
761 5658 807 5689 ⁸⁸
846 5665 1089 5730 φαεινὴν,
1229 5657 1286 5712 Ρ.
1312 5658 1492 5730 ἐσθῆτ’
1528 5660 1727 5759 ἀφανῆ,
1765 5657 1842 5713 Μξ
1935 5661 1982 5693 δ’
2010 5657 2109 5716 Ch.
2142 5663 2235 5715 καὶ
2266 5663 2419 5727 ὅσαις
2451 5663 2665 5725 ἄλλαις,
2693 5657 2797 5715 ’καὶ
2828 5662 2973 5723 ὅσοις
3020 5657 3201 5724 ἄλλοις
3230 5662 3480 5740 ῥμοιοτυ-

576 5728 798 5830 ’ἐσιῖ
835 5729 917 5830 12L
946 5727 1019 5830 1::
1051 5737 1107 5830 gl
1139 5730 1566 5830 m'g‘atzgipf
1626 5730 1986 5830 Ling-pnes
2017 5732 2259 5804 θεμιτοῦ,
2297 5736 2434 5821 μήτε
2466 5731 2719 5804 ἀληθοῦς.
2756 5731 2818 5789 Ρ.
2859 5732 2995 5802 μήτε
3036 5730 3282 5798 θεαιτου,
3343 5730 3480 5804 μηδὲ

655 5798 805 5854 addit
838 5798 939 5857 Ch.
967 5809 1023 5857 et
1053 5798 1113 5855 Ρ.
1139 5798 1364 5854 τούτων.
1399 5799 1443 5832 ⁹²
1476 5816 1568 5874 γρ.
1624 5798 1922 5872 ἐννοῆσαὶ(
2084 5798 2095 5804 ’
2248 5798 2251 5799 ⁷
2298 5798 2310 5804 '
2359 5798 2395 5821 ’ν

1935 5661 1982 5693 δ’
2010 5659 2109 5740 (Eli.
2142 5663 2235 5740 καὶ
2266 5663 2419 5740 ὅσαις
2451 5663 2665 5740 ἀλλαις2
2694 5659 2797 5740 καὶ.
2828 5662 2973 5740 ὅσοις
3020 5659 3201 5740 ἀλλοις
3230 5662 3481 5740 ῥμοιοτυς
