3916 6234
409 394 512 449 “3

1577 397 1633 454 S.
1672 395 1969 453 DIONYSII
2002 395 2469 454 AREOPAGITAS

3563 407 3668 461 HI

403 511 891 583 concupiscentiam
934 512 989 568 in
1032 512 1206 567 brutis
1233 526 1355 567 esse
1384 512 1614 567 dicimus
1655 514 1967 571 inconside-

2079 518 2182 579 λον,
2214 515 2276 581 ἐξ
2304 516 2551 586 ἐμφύτου
2602 520 2891 589 κινήσεως,
2923 518 2957 589 ἢ
3004 518 3287 590 συνηθείας
3333 521 3391 573 ὲν
3422 524 3532 585 τοῖς
3564 523 3670 576 ἀλ-

403 614 598 667 ratam,
627 611 681 657 et
725 605 791 657 ad
826 603 1029 672 aliquid
1081 602 1368 657 materiale
1399 615 1576 656 rerum
1608 603 1969 667 mutabilium,

400 710 465 750 ex
493 696 655 750 insita
690 695 1077 765 propensione,
1101 695 1183 751 vel
1211 694 1609 751 consuetudine
1644 695 1973 766 impotenter

400 788 700 856 ingenitam
753 786 1096 843 aﬂ'ectionem
1126 826 1142 853 ,
1189 796 1244 842 et
1300 787 1673 844 irrationalem
1728 790 1974 859 corporis

398 881 673 949 appetitus
712 879 1273 950 praedominationem,
1301 879 1392 948 qui
1429 889 1597 934 totum
1643 880 1844 935 animal
1873 884 1974 935 im-

396 969 550 1040 pellit
566 971 629 1025 ad
657 970 707 1024 id
730 970 868 1039 quod
887 984 1047 1024 sensu
1068 970 1730 1040 concupiscibileexsistit.
1750 970 1974 1038 Quando

400 1065 587 1133 itaque
614 1062 911 1117 dissimiles
938 1061 1323 1118 similitudines
1349 1062 1509 1117 rebus
1534 1063 1866 1133 spiritalibus
1891 1073 1972 1119 at-

399 1157 724 1220 tribuentes,
757 1155 1251 1225 concupiscentiam
1284 1155 1418 1225 ipsis
1446 1153 1762 1226 alllngemus
1786 1196 1803 1221 ,
1832 1157 1972 1210 divi-

398 1267 500 1307 nus
526 1266 678 1306 amor
727 1248 1133 1319 intelligendus,
1184 1247 1277 1319 qui
1328 1247 1603 1303 intellectu
1652 1248 1974 1317 rationeque

397 1342 733 1413 superiorem
788 1346 935 1394 amet
970 1336 1517 1404 immaterialitatem,
1570 1336 1874 1407 stabileque
1904 1336 1974 1391 sit

398 1450 464 1490 ac
490 1441 747 1489 constans
777 1430 1108 1486 desiderium
1157 1429 1690 1499 superessentialiter
1731 1444 1882 1499 pura:
1906 1443 1972 1485 ac

400 1523 751 1595 impassibilis
781 1520 1252 1591 contemplationis
1302 1528 1357 1574 et
1387 1520 1789 1575 communionis
1828 1535 1972 1577 vera:

397 1618 745 1687 sempiterna:
789 1629 854 1669 ac
880 1612 1164 1681 spiritalis,
1207 1612 1607 1668 sublimissimo;
1639 1613 1973 1683 purissima:-

398 1723 505 1779 que
532 1708 815 1771 claritatis,
830 1716 884 1760 et
904 1704 1204 1761 infallibilis
1227 1704 1662 1775 pulchrillcmque
1680 1704 1782 1776 l5
1802 1720 1970 1761 venu-

398 1801 575 1856 statis.
610 1800 677 1854 Et
712 1798 1083 1868 impotentiam
1111 1797 1443 1866 accipiamus
1491 1798 1779 1852 infractam
1802 1798 1966 1853 animi

399 1892 823 1956 contentionem,
856 1906 975 1961 quae
1019 1906 1049 1945 a
1105 1892 1321 1946 nemine
1369 1891 1547 1945 valeat
1598 1895 1973 1958 conquassari,

398 1993 624 2056 propter
654 1984 1049 2053 impermistnm
1095 1992 1151 2037 et
1198 1982 1592 2039 immutabilem
1626 1984 1822 2040 divinae
1853 1986 1972 2055 pul-

398 2077 723 2131 cbritudinis
752 2089 1012 2135 amorem,
1045 2079 1210 2143 atque
1249 2075 1472 2129 totalem
1501 2075 1556 2129 in
1584 2075 1639 2130 id
1678 2076 1820 2144 quod
1850 2091 1975 2131 vere

398 2168 759 2237 appetendum
793 2174 897 2229 est,
932 2166 1367 2236 propensionem.
1415 2167 1557 2234 Quin
1592 2177 1647 2221 et
1694 2167 1977 2237 ipsammet

398 2259 869 2314 irrationalitatem
887 2266 943 2311 et
971 2256 1442 2312 insensibilitatem
1469 2259 1522 2312 in
1548 2257 1724 2315 brutis
1749 2260 1973 2328 quidem

403 2348 797 2415 animantibus,
842 2350 925 2403 vel
978 2346 1224 2403 materiis
1272 2349 1611 2416 inanimatis,
1649 2352 1873 2408 rationis
1914 2365 1977 2406 ac

398 2455 593 2495 sensus
623 2440 842 2512 proprie
868 2440 1223 2509 privationem
1258 2457 1671 2511 nuncupamus;
1703 2444 1752 2497 in
1785 2445 1978 2498 imma-

399 2530 680 2586 terialibus
717 2545 845 2585 vero
882 2545 948 2587 ac
976 2531 1317 2601 spiritalibus
1364 2533 1600 2598 naturis,
1621 2535 1976 2590 eminentiam

398 2624 638 2692 ipsarum
688 2624 900 2693 (utpote
948 2624 1496 2695 supermundialium)
1538 2640 1844 2682 sermonem
1880 2643 1978 2683 no.

399 2730 573 2773 strum
592 2726 989 2785 transeuntem,
1003 2733 1067 2774 ac
1090 2718 1450 2789 corporalem,
1465 2730 1519 2774 et
1536 2720 1893 2788 materialem,
1911 2723 1979 2777 ab

399 2810 841 2880 incorporearum
898 2811 1122 2865 istarum
1176 2812 1438 2866 mentium
1503 2826 1670 2867 sensu
1717 2813 1976 2880 alienum,

397 2915 556 2957 sacro
584 2916 806 2971 prorsus
834 2902 995 2957 modo
1029 2902 1418 2957 transcendere
1452 2902 1794 2972 proﬁtemur.
1828 2903 1980 2959 Licet

398 2995 587 3064 itaque
636 3008 741 3047 non
795 2993 1120 3064 incongruas
1159 2994 1319 3048 rebus
1344 2993 1682 3059 cmlestibus,
1717 2997 1880 3049 etiam
1912 3011 1979 3051 ex

402 3086 680 3141 vilissimis
721 3085 960 3141 materia:
998 3088 1244 3157 partibus
1290 3087 1496 3144 formas
1537 3087 1826 3157 ellingere;
1854 3104 1976 3144 cum

2076 610 2317 673 λοιωτοίς
2337 607 2593 679 ἀκρατῶς
2623 611 2978 681 ὲγγινομένην
3005 611 3399 682 πῳσπάθειαν,
3427 613 3522 667 καὶ
3565 615 3672 687 τὴν

2079 703 2275 771 ἄλογον
2304 702 2404 772 τῆς
2438 702 2757 774 σωματικῆς
2795 702 3026 777 ὀρέξεως
3065 705 3420 776 ἐπικράτειαν
3446 746 3462 771 ,
3516 707 3671 761 ἀπαν

2074 792 2136 846 τὸ
2148 792 2284 859 ζῶον
2296 792 2543 867 ὠθούσης
2558 796 2650 849 ἐπὶ
2663 795 2721 849 τὸ
2737 796 2856 849 κατ’
2870 796 3028 869 αίσθη
3036 814 3118 850 σιν
3131 797 3288 851 ἐπιθυ
3295 799 3480 868 μητόν.
3498 800 3674 855 Ὅταν

2072 882 2149 946 δὲ,
2167 883 2265 947 τὰς
2282 885 2565 956 ἀνομοίους
2586 885 2906 956 ὁμοιότητας
2920 889 3031 950 τοῖς
3052 903 3136 940 νοε
3146 889 3257 958 ροῖς
3280 890 3669 961 περιτιθέντες,

2074 972 2371 1043 ἐπιθυμίαν
2399 974 2581 1037 αὐτοῖς
2623 974 3069 1045 περιπλάσωμεν,
3098 974 3277 1047 ἔρωτα
3325 975 3466 1029 θεῖον
3499 977 3674 1048 αὐτὴν

2075 1064 2327 1134 ἐννοῆσαι
2361 1063 2407 1094 ⁸³
2439 1062 2543 1134 χρὴ
2577 1062 2679 1133 τῆς
2708 1064 2847 1147 ὑπὲρ
2874 1062 3028 1132 λόγον
3056 1065 3149 1117 καὶ
3173 1062 3298 1117 νοῦν
3334 1064 3541 1130 ἀύλίας,
3568 1067 3669 1119 καὶ

2073 1153 2170 1225 τὴν
2220 1154 2413 1225 ἀκλινῆ
2460 1154 2557 1207 καὶ
2605 1153 2881 1208 ἀνένδατον
2935 1154 3122 1223 ἔφεσιν
3174 1154 3275 1225 τῆς
3324 1154 3672 1228 ὑπερουσίως

2073 1252 2247 1323 ἁγνῆς
2288 1254 2384 1306 καὶ
2419 1250 2665 1315 ἀπαθοῦς
2698 1250 2950 1323 θεωρίας,
2993 1252 3089 1305 καὶ
3132 1251 3233 1323 τῆς
3273 1251 3409 1324 πρὸς
3448 1252 3669 1324 ἐκείνην

2072 1346 2172 1416 τὴν
2233 1344 2481 1418 καθαρὰν
2538 1346 2633 1398 καὶ
2688 1344 2998 1415 ἀκροτάτην
3049 1342 3363 1414 διαύγειαν,
3413 1344 3508 1397 καὶ
3564 1344 3667 1415 τὴν

2073 1436 2288 1508 ἀπλανῆ
2325 1439 2372 1472 ⁸⁸
2393 1442 2490 1492 καὶ
2503 1437 2827 1497 καλλδποιὸν
2880 1434 3213 1508 εὐπρέπειαν
3241 1436 3464 1500 αίωνίας
3494 1436 3668 1500 ὅντως

2074 1526 2170 1581 καὶ
2216 1528 2412 1599 νοητῆς
2447 1528 2752 1589 κοινωνίας.
2799 1526 2910 1579 Καὶ
2952 1525 3012 1578 τὸ
3056 1524 3292 1598 ἀκρατὲς
3340 1526 3670 1595 ὲκλάόοιμεν

2073 1623 2165 1677 ἐπὶ
2211 1621 2306 1675 τοῦ
2359 1620 2608 1675 συντόνου
2659 1619 2755 1673 καὶ
2804 1618 3341 1691 ἀνεπιστρόφου,καὶ
3380 1618 3517 1690 πρὸς
3557 1635 3670 1689 μη-

2071 1715 2220 1779 δενὸς
2267 1712 2632 1767 ὲκκόπτεσθαι
2664 1712 2709 1743 ⁸⁵
2738 1711 3058 1783 δυναμένου,
3095 1710 3183 1764 διὰ
3226 1710 3317 1763 τὸν
3364 1710 3535 1781 ἀμιγῆ
3571 1720 3673 1771 καὶ

2073 1806 2429 1862 ἀναλλοίωτον
2476 1806 2577 1875 τῆς
2623 1803 2775 1868 θείας
2839 1803 3104 1875 καλλονῆς
3157 1804 3355 1875 ἔρωτα,
3421 1804 3514 1857 καὶ
3566 1805 3673 1877 τὴν

2077 1900 2264 1970 όλικὴν
2316 1897 2601 1953 ἀπόκλισιν
2644 1898 2738 1951 ἐπὶ
2782 1897 2843 1951 τὸ
2891 1897 3061 1961 ὅντως
3109 1895 3319 1966 ὲφετόν.
3362 1896 3522 1951 Ἀλλά
3570 1896 3669 1949 καὶ

2077 1994 2245 2066 αὐτὴν
2277 1994 2377 2064 τὴν
2436 1993 2659 2061 ἀλογίαν
2694 2010 2754 2046 τε
2785 1993 2879 2046 καὶ⁵
2915 1991 3268 2063 ἀναισθησίαν
3303 1993 3395 2044 ἐπὶ
3428 1990 3527 2062 μὲν
3556 1990 3673 2045 τῶν

2076 2087 2286 2156 ἀλόγων
2302 2084 2477 2151 ζώων,
2502 2084 2536 2157 ἢ
2556 2083 2666 2138 τῶν
2686 2083 2909 2155 ἀψύχων
2929 2083 3091 2149 ὑλῶν,
3111 2082 3364 2155 στέρησιν
3385 2083 3541 2152 λόγου
3573 2082 3673 2135 καὶ

2077 2178 2381 2249 αἰσθήσεως
2410 2176 2627 2241 οἰκείως
2658 2175 3057 2247 ἀποκαλοῦμεν·
3100 2176 3193 2229 ἐπὶ
3243 2176 3300 2230 δὲ
3345 2174 3452 2229 τῶν
3486 2175 3673 2230 ἀῢλων

2078 2268 2173 2322 καὶ
2209 2268 2410 2339 νοερῶν
2440 2265 2660 2332 οὐσιῶν,
2690 2264 3044 2338 ἀγιοπρεπῶς
3078 2264 3140 2319 τδ
3162 2265 3429 2338 ὑπερέχον
3462 2263 3668 2328 αὐτῶν,

2075 2362 2152 2427 ὡς
2183 2360 2588 2433 ὐπερκοσμίων,
2617 2360 2988 2431 ὁμολογοῦμεν
3030 2359 3125 2413 τοῦ
3159 2358 3280 2412 καθ’
3313 2359 3459 2429 ἡμᾶς
3501 2373 3673 2428 μετα-

2079 2454 2303 2510 ϐατικοῦ
2350 2456 2444 2508 καὶ
2488 2452 2800 2524 σωματικοῦ
2844 2452 3027 2521 λόγου,
3059 2451 3152 2505 καὶ
3196 2450 3299 2520 τῆς
3351 2450 3538 2513 ὐλαίας
3570 2453 3673 2504 καὶ

2077 2547 2362 2620 ἀλλοτρίας
2387 2546 2494 2599 τῶν
2522 2546 2826 2617 ἀσωμάτων
2858 2545 2992 2598 νόων
3022 2543 3344 2613 αἰσθήσεως.
3378 2543 3531 2595 Ἐστι
3554 2559 3673 2595 τοι-

2079 2638 2283 2713 γαροῦν
2314 2638 2413 2692 οὐκ
2447 2636 2758 2709 ἀπᾳδούσας
2779 2628 3084 2691 ἀναπλάσαι
3111 2637 3223 2697 τοῖς
3242 2634 3301 2687 οὐ
3313 2634 3513 2703 ρανίοις
3544 2650 3679 2706 μορ-

2078 2731 2206 2802 φάς,
2231 2731 2340 2784 κάκ
2366 2730 2476 2784 τῶν
2507 2730 2849 2801 ἀτιμοτάτων
2878 2728 2981 2798 τῆς
3007 2727 3139 2799 ὕλης
3175 2727 3377 2800 μερῶν,
3407 2727 3531 2779 ἐπεὶ
3569 2728 3674 2779 xal.

2080 2820 2239 2891 αὐτὴ,
2272 2820 2408 2891 πρὸς
2432 2820 2526 2873 τοῦ
2559 2820 2730 2883 ὄντως
2773 2818 2939 2873 καλοῦ
2969 2819 3070 2890 τὴν
3106 2818 3343 2890 ὓπαρξιν
3376 2818 3669 2887 ἐσχηκυῖα,

2080 2910 2222 2965 κατά
2252 2913 2431 2965 πᾶσαν
2474 2910 2646 2979 αὑτῆς
2673 2913 2774 2981 τὴν
2822 2909 3013 2963 ὑλαίαν
3039 2909 3396 2980 διακόσμησιν
3444 2907 3672 2978 ἀπηχή-

2084 3002 2229 3073 ματά
2258 3020 2377 3055 τινα
2424 3002 2525 3073 τῆς
2563 3003 2756 3074 νοερᾶς
2784 3000 3116 3073 εὐπρεπείας
3144 3000 3277 3071 ἔχει·
3308 2999 3401 3052 καὶ
3443 2998 3678 3052 δυνατόν

2081 3094 2197 3146 ἐστι
2225 3092 2293 3145 δι’
2324 3092 2503 3147 αὐτῶν
2538 3090 2837 3159 ἀνάγεσθαι
2881 3088 3019 3162 πρὸς
3058 3089 3157 3154 τάς
3192 3088 3388 3151 ἀύλους
3435 3087 3675 3159 ἁρχετυη

397 3188 451 3233 et
478 3179 614 3249 ipsa,
641 3180 804 3234 etiam
833 3179 901 3235 ab
926 3194 991 3234 eo
1015 3178 1107 3248 qui
1138 3194 1267 3235 vere
1297 3180 1525 3249 pulcher
1568 3193 1653 3236 est
1680 3181 1974 3245 exsistens,

2080 3182 2230 3247 πίας,
2263 3182 2552 3254 ἀνομοίως,
2589 3182 2665 3245 ὡς
2701 3180 2936 3254 εῐρηται,
2965 3180 3076 3235 τῶν
3102 3181 3433 3252 ὁμοιοτήτων
3462 3178 3673 3250 ἐκλαμ-

399 3286 496 3341 per
520 3286 734 3327 omnem
784 3270 866 3325 sui
925 3271 1256 3325 rnaterialem
1300 3271 1710 3341 dispositionem
1744 3273 1971 3344 vestigia

400 3365 645 3431 quaedam
690 3363 1078 3419 intellectualis
1121 3362 1319 3418 habeat
1370 3364 1698 3428 venustatis;
1754 3363 1977 3433 ﬁerique

400 3456 592 3526 possit,
641 3466 700 3510 ut
730 3470 828 3526 per
854 3470 915 3510 ea
950 3455 1018 3510 ad
1073 3454 1463 3511 immateriales
1499 3453 1705 3510 formas
1738 3453 1973 3523 primiti-

2080 3275 2414 3346 ϐανομένων,
2454 3276 2549 3328 καὶ
2589 3274 2699 3327 τῶν
2746 3274 2925 3328 αὐτῶν
2959 3275 3021 3328 οὐ
3055 3271 3286 3338 ταύτῶς,
3332 3272 3672 3343 ὲναρμονίως

2078 3371 2137 3424 δὲ
2171 3369 2264 3423 καὶ
2292 3368 2505 3430 οἰκείως
2533 3365 2759 3420 ἐπὶτῶν
2788 3365 2993 3437 νοερῶν
3010 3383 3070 3419 τε
3102 3365 3197 3419 καὶ
3229 3362 3503 3435 αἰσθητῶν
3536 3364 3669 3418 ίδιο-

2077 3458 2258 3531 τήτων
2287 3456 2640 3531 ὁριζομένων.

403 3565 500 3604 vas
535 3549 891 3618 adducamur,
927 3548 1292 3615 dissimiliter,
1345 3556 1405 3603 ut
1462 3548 1669 3604 dictum
1708 3556 1816 3615 est,
1877 3548 2261 3609 similitudines
2312 3552 2652 3622 accipiendo,
2702 3560 2757 3605 et
2816 3551 3033 3607 easdem
3070 3566 3176 3605 non
3235 3551 3427 3608 eodem
3478 3551 3646 3608 modo

397 3642 494 3697 sed
529 3656 765 3708 congrue
796 3656 861 3696 ac
887 3641 1108 3712 proprie
1132 3641 1404 3712 spiritales
1436 3655 1502 3697 ac
1535 3641 1823 3698 sensibiles
1849 3644 2212 3715 proprietates
2244 3644 2645 3714 distinguendo.

1954 3799 2099 3872 sv.

473 3938 598 3994 Haec
633 3940 890 4011 mysticos
926 3938 1208 4011 theologos
1240 3956 1345 3996 non
1392 3942 1525 3996 solis
1544 3940 1846 3997 cmlestium
1870 3941 1982 3997 dis-

399 4030 728 4102 positionum
780 4030 1294 4101 explanationibus,
1352 4048 1540 4087 verum
1593 4035 1760 4088 etiam
1813 4033 1979 4104 ipsis-

400 4122 1050 4193 rnetDei-principalibus
1092 4123 1547 4181 elucidationibus
1603 4126 1705 4182 rite
1760 4141 1980 4181 accom-

400 4216 650 4271 lnodasse
706 4216 1064 4285 reperiemus.
1117 4216 1182 4269 Et
1234 4216 1521 4287 aliquando
1553 4219 1767 4287 quidem
1828 4217 1977 4273 Divi-

398 4310 623 4364 nitatcm
660 4309 831 4379 ipsam
865 4323 894 4361 a
932 4307 1228 4362 luminibus
1274 4309 1539 4378 speciosis
1566 4309 1975 4376 concelebrant,

397 4402 551 4471 quasi
594 4399 777 4457 Solem
828 4399 1054 4468 justitiae
1081 4410 1128 4463 Ρ,
1176 4400 1330 4471 quasi
1380 4399 1591 4454 stellam
1648 4402 1971 4456 matutinam

2153 3941 2337 3996 Ταῦτα
2398 3942 2524 4007 τοὺς
2560 3943 2856 4014 μυπικοὺς
2911 3942 3195 4015 θεολόγους
3245 3945 3547 4017 εὑρήσομεν
3598 3947 3665 3999 οὐ

2084 4033 2272 4104 μόναις
2316 4037 2438 4099 ταῖς
2483 4035 2593 4090 τῶν
2653 4037 2919 4110 οὐρανίων
2976 4038 3283 4108 διακόσμων
3336 4037 3667 4106 ἑκφάνσεσιν

2082 4122 2244 4195 ίερῶς
2274 4125 2750 4196 περιπλάττοντας,
2778 4127 2913 4182 ἀλλά
2939 4128 3033 4182 καὶ
3060 4128 3250 4190 αὐταῖς
3285 4126 3394 4181 ἔσθ’
3424 4127 3513 4180 ὅτε
3541 4131 3668 4191 ταῖς

2080 4212 2399 4286 θεαρχικαῖς
2440 4219 2839 4292 ὲκφαντορίαις.
2889 4222 2998 4275 Καὶ
3047 4219 3176 4273 ποτὲ
3210 4218 3308 4290 μὲν
3355 4218 3524 4289 αὐτὴν
3551 4218 3669 4271 ἀπὸ

2077 4305 2186 4359 τῶν
2215 4310 2551 4380 φαινομένων
2590 4312 2787 4383 τιμίων
2822 4310 3100 4383 ὑμνοῦσιν,
3146 4312 3223 4374 ὡς
3264 4311 3412 4382 ἥλιον
3450 4312 3662 4365 δικαιο-

2080 4397 2265 4470 σύνης,
2295 4399 2371 4463 ὡς
2399 4401 2603 4474 ἀστέρα
2636 4403 2726 4456 τὸν
2755 4402 2889 4474 ἑῷον
2919 4404 2998 4466 είς
3027 4403 3071 4435 ⁸⁸
3100 4402 3224 4455 νοῦν
3258 4401 3419 4474 ίερῶς
3443 4401 3667 4456 ἀνατέλσ-

398 4492 565 4547 menti
602 4492 873 4547 sacratius
898 4491 1264 4557 oborientem,
1300 4493 1454 4561 quasi
1484 4493 1656 4548 lucem
1689 4503 1883 4562 aperte
1913 4503 1968 4549 et

2079 4488 2245 4555 λοντα,
2281 4492 2373 4545 καὶ
2404 4492 2480 4555 ὡς
2518 4492 2634 4561 φῶς
2673 4492 3129 4563 ἀπερικαλύπτως
3162 4493 3257 4547 καὶ
3287 4492 3492 4562 νοητῶς
3522 4507 3662 4545 κατ-

397 4582 805 4653 intelligibiliter
859 4582 1159 4636 radiantem
1191 4592 1250 4649 q;
1288 4584 1612 4653 quandoque
1663 4598 1792 4639 vero
1825 4600 1854 4639 a
1892 4600 1977 4639 re-

397 4677 496 4730 lms
531 4675 743 4740 mediis,
778 4689 927 4743 quasi
958 4675 1134 4745 ignem
1171 4675 1388 4731 innoxie
1416 4678 1704 4731 micantem
1735 4687 1780 4743 τ,
1816 4678 1974 4747 quasi

397 4782 590 4836 aquam
640 4766 822 4822 vitalis
854 4765 1207 4833 plenitudinis
1255 4767 1608 4834 collatricem,
1649 4778 1704 4823 et
1754 4768 1971 4839 symbo-

398 4858 498 4912 lice
531 4857 816 4926 loquendo,
842 4867 1087 4912 ventrem
1124 4859 1523 4914 subintrantem
1550 4871 1596 4927 ³,
1633 4858 1971 4928 ﬂuminaque

397 4953 661 5023 perpetim
687 4950 906 5007 liuentia
934 4954 1320 5009 scaturientem
1346 4969 1363 5009 :
1390 4968 1776 5023 nonnunquam
1804 4955 1971 5007 etiam

398 5044 467 5096 ab
503 5042 722 5109 inlimis,
758 5042 919 5112 quasi
960 5041 1216 5114 fragrans
1259 5054 1589 5115 unguentum
1624 5045 1668 5098 ι.
1704 5045 1856 5113 quasi
1891 5048 1969 5099 la-

398 5136 574 5198 pidem
617 5134 932 5203 angularem
967 5142 1019 5189 ιι.
1063 5136 1203 5203 Quin
1240 5136 1401 5191 etiam
1438 5136 1614 5190 ferina
1647 5151 1766 5190 eam
1796 5135 1969 5191 forma

396 5227 757 5288 circumdant,
794 5235 850 5281 et
905 5226 1077 5283 leonis
1130 5242 1195 5283 ac
1249 5226 1525 5298 panthera:
1580 5227 1969 5298 proprietatem

469 5398 761 5529 rél‘l’alacb.
789 5414 863 5468 Iv,
900 5399 954 5455 2.
1030 5408 1059 5449 s
1083 5398 1253 5468 Apoc.
1291 5415 1423 5466 xm,
1470 5399 1558 5457 16.

399 5489 460 5537 ιι,
513 5489 605 5529 ιιι

1654 5410 1677 5438 τ
1718 5399 1888 5456 Exod.
1943 5414 2026 5467 III,
2079 5399 2134 5454 2.

2090 4583 2343 4652 αυγάζοψ
2387 4585 2611 4638 ποτὲ’δὲ
2653 4586 2761 4639 ἀπὸ
2781 4585 2890 4639 τῶν
2925 4586 3124 4656 μέσων,
3159 4582 3234 4648 ὡς
3267 4582 3379 4657 πῦρ
3406 4585 3666 4650 ἀϐλαϐῶς

2084 4673 2336 4742 φωτίζον,
2373 4674 2450 4737 ὡς
2489 4673 2631 4745 ’ὐδωρ
2667 4673 2902 4746 ζωτικῆς
2930 4673 3370 4745 ἀποπληρώσεως
3400 4676 3659 4747 χορηγὸν,

2083 4767 2177 4819 καὶ
2205 4766 2546 4837 συμϐολικῶς
2575 4767 2769 4831 εἰπεῖν,
2801 4768 2880 4830 είς
2902 4767 3143 4839 γαστέρα
3170 4766 3536 4839 διαδυόμενον,
3561 4769 3661 4821 καὶ

2081 4860 2355 4929 ποταμοὺς
2390 4858 2683 4923 ἀναϐλύζον
2727 4860 2971 4930 ἀσχέτως
3010 4859 3398 4930 ἅπορῤέονταςο
3429 4859 3558 4911 ποτὲ
3599 4858 3659 4913 δὲ

2081 4953 2187 5005 ἀπὸ
2227 4951 2335 5005 τῶν
2366 4952 2626 5021 ἐσχάτων,
2651 4954 2727 5017 ὡς
2760 4952 2927 5025 μύρον
2964 4952 3181 5016 εὐῶδες,
3208 4952 3283 5015 ὼς
3316 4951 3458 5005 λίθον
3491 4952 3660 5023 ἀκρο-

2074 5046 2343 5112 γωνιαίον.
2384 5043 2540 5097 Ἀλλά
2582 5046 2674 5098 καὶ
2702 5044 3095 5116 θηριομορφίαν
3122 5044 3259 5112 αὐτῇ
3292 5040 3655 5113 περιτιθέασι,

2070 5136 2163 5188 καὶ
2194 5134 2405 5199 λέοντος
2423 5136 2559 5207 αὐτῇ
2582 5138 2676 5189 καὶ
2699 5135 2877 5206 πάνθη
2886 5152 2975 5207 ρος
2999 5134 3233 5205 ἰδιότητα
3266 5132 3652 5206 περιάπτουσι,

2070 5228 2163 5280 καὶ
2182 5227 2445 5298 πάρδαλιν
2463 5228 2632 5299 αὐτὴν
2656 5226 2871 5281 ἔσεσθαί
2896 5244 3047 5297 φασι,
3071 5226 3165 5279 καὶ
3187 5225 3387 5297 ἄρκτον
3415 5226 3656 5295 ἀπορου-

2241 5401 2450 5459 'Joan.
2508 5416 2603 5473 vn,
2658 5401 2748 5459 38.
2856 5402 3060 5458 ‘Cant.
3112 5402 3234 5467 1,2.
3367 5413 3399 5442 ι
3445 5399 3652 5472 Ephes-

1780 5606 2013 5665 VARLE
2051 5606 2452 5665 LECTIONES.

478 5763 522 5794 “
547 5762 617 5816 Μ.
670 5779 774 5868 mg]
811 5765 973 5821 habet
998 5767 1186 5891 αὐτ-Ἦ,

478 5849 656 5891 ποετις..
803 5835 903 5891 Cll.
940 5838 1000 5890 Ι).
1033 5838 1091 5891 b.
1168 5874 1180 5890 .

409 5834 656 5900 εὐπρεπ..
719 5835 765 5868 ⁸⁸
803 5835 903 5892 Cll.
940 5838 1000 5890 Ι).
1033 5838 1091 5892 S.
1121 5834 1180 5891 P.
1214 5835 1595 5908 ἐγκόπτεσθαι.
1634 5834 1637 5835 ⁷
1672 5835 1717 5867 ⁸⁸
1749 5852 1841 5909 γρ.
1876 5835 1970 5898 ὡς.

1234 5766 1512 5852 ησσήιιοᾶΛ
1546 5764 1814 5852 εειιιιξξιιτ,
1846 5765 2003 5852 λόγον
2052 5765 2165 5819 καί.
2242 5765 2302 5841 ,⁸⁵
2340 5764 2413 5822 Μ.
2457 5774 2512 5820 et
2554 5764 2645 5823 Sc.
2696 5765 2897 5839 ἀφανῆ.
2935 5772 2987 5819 at
3016 5764 3117 5822 Cb.
3142 5765 3353 5837 ἀπλανῆ
3378 5765 3471 5818 καὶ
3497 5764 3649 5821 θείαν
