3916 6234
262 330 375 407 iis

904 327 989 384 DE
1026 327 1353 386 C(ELESTI
1386 328 1832 392 HIERARCHIA,
1872 327 2023 385 CAP.
2066 327 2132 385 ll.
2163 356 2236 369 —
2267 324 2587 383 CORDERll
2620 323 2848 387 ΝΟΤᾹ-ε.

3442 323 3543 378 Ηῖ

266 443 460 516 μένην.
493 440 800 514 Προσθήσω
817 439 875 495 δὲ
907 440 1085 495 καὶτὸ
1111 440 1328 495 πάντων
1350 440 1672 514 ἀτιμότερον
1697 435 1854 503 εῖναι,

1963 437 2396 500 accommodant,
2432 449 2489 493 et
2520 437 2748 508 pardum
2794 436 2917 493 fore
2941 432 3096 493 aiunt
3126 449 3420 504 ursnmque
3445 450 3541 489 nr-

260 537 355 587 καὶ
405 531 614 603 μᾶλλον
653 530 1021 601 ἀπεμφαίνειν
1064 531 1277 595 δοκοῦν,
1312 531 1394 584 ὃτι
1437 530 1530 583 καὶ
1576 528 1858 599 σκώληκος

258 621 401 688 εἶδος
431 623 605 694 αὐτὴν
650 624 815 696 ἑαυτῇ
853 623 1344 697 περιπλάττουσαν,
1371 624 1422 677 οἱ
1462 622 1532 675 τὰ
1557 622 1676 675 θεῖα
1697 622 1865 676 δεινοὶ

259 714 739 787 παραδεδώκασιν.
774 713 930 768 Οῦτω
975 714 1179 779 πάντες
1215 714 1265 769 oi
1313 713 1583 783 θεόσοφοι,
1624 712 1718 766 καὶ
1762 710 1864 781 τῆς

259 807 504 878 κρυφίας
553 807 844 869 ἐπιπνοίας
890 804 1199 875 ὑποφῆται,
1246 806 1357 858 τῶν
1417 805 1723 859 ἀτελέστων
1767 803 1862 857 καὶ

257 898 494 970 ἀνιέρων
542 899 828 969 ἀχράντως
856 897 900 931 ⁸⁷
934 895 1410 949 ἀποδιαστέλλουσι
1449 894 1522 948 τὰ
1555 894 1721 963 Ἅγια
1751 892 1863 947 τῶν

255 992 432 1059 ἁγίων
454 1031 469 1055 ,
500 990 599 1044 καὶ
622 974 725 1059 τὴν
747 988 996 1057 ἀνόμοιον
1025 986 1404 1058 ίεροπλαστίαν
1447 984 1856 1057 πρεσϐεύουσιν,

255 1084 331 1147 ὡς
375 1085 518 1155 μήτε
546 1083 619 1136 τά
645 1082 763 1135 θεῖα
792 1084 906 1145 τοῖς
936 1080 1186 1152 βεϐήλοις
1208 1081 1508 1153 εὐχείρωτοι
1534 1075 1691 1139 εἶναι.
1721 1080 1858 1150 μήτε

250 1175 385 1237 τούς
421 1168 532 1226 τῶν
578 1173 742 1245 ιερῶν
787 1172 1116 1242 ἀγαλμάτων
1160 1171 1574 1243 φιλοθεάμονας,
1615 1173 1692 1236 ὡς
1722 1171 1857 1241 ἀλη-

253 1264 405 1318 θέσιν
436 1266 791 1335 ἐναπομεῖναι
819 1263 865 1296 ⁸⁸
897 1266 1011 1328 τοῖς
1064 1263 1281 1328 τύποις·
1315 1266 1409 1318 καὶ
1449 1263 1592 1353 (Rose
1619 1263 1689 1317 τὰ
1736 1263 1856 1316 θεῖα

250 1357 527 1429 τιμᾶσθαι
550 1361 672 1420 ταῖς
712 1354 969 1428 ἀληθέσιν
1000 1356 1331 1426 ἀποφάσεσι,
1355 1357 1450 1409 καὶ
1482 1359 1602 1420 ταῖς
1632 1358 1767 1429 πρὸς
1786 1358 1856 1411 τά

250 1449 463 1535 ἔσχατα
489 1451 602 1502 τῶν
639 1450 855 1502 οἰκείων
885 1450 1264 1521 ἀπηχημάτων
1294 1451 1557 1521 ὲτεροίαις
1580 1449 1855 1520 ἀφομοιώ-

252 1559 429 1625 σερὶ
457 1542 628 1595 Οὐδὲν
661 1537 753 1596 οὖν
784 1542 1005 1606 ἄτοπον,
1032 1543 1080 1594 εί
1114 1542 1208 1594 καὶ
1237 1540 1337 1604 τὰς
1374 1540 1630 1612 οὐρανίας
1666 1542 1852 1604 οὐσίας

248 1635 317 1690 ἐκ
363 1634 479 1689 τῶν
526 1634 993 1705 ἀπεμφαινουσῶν
1039 1633 1307 1705 ἀνομοίων
1336 1634 1672 1705 ὁμοιοτήτων
1716 1634 1849 1687 ἀνα-

249 1727 574 1789 πλάττουσι,
628 1724 773 1778 κατά
813 1725 913 1789 τὰς
962 1726 1258 1798 εἰρημένας
1298 1725 1495 1788 αἰτίας·
1538 1725 1600 1777 οὐ
1647 1724 1756 1798 γὰρ
1801 1725 1847 1757 οι

248 1813 316 1868 ἂν
346 1815 485 1877 ίσως
513 1812 636 1865 οὐδὲ
668 1816 849 1884 ἡμεῖς,
877 1814 958 1877 είς
988 1815 1213 1887 ζήτησιν
1257 1815 1357 1886 μὲν
1382 1814 1443 1881 ἐξ
1480 1815 1731 1887 ἀπορίας,
1774 1817 1855 1880 είς

245 1906 549 1977 ἀναγωγὴν
576 1906 623 1937 ⁷⁸
646 1904 703 1959 δὲ
731 1904 819 1958 διὰ
855 1905 958 1975 τῆς
1000 1905 1264 1977 ἀκριϐοῦς
1287 1907 1398 1961 τῶν
1434 1907 1595 1979 ιερῶν
1628 1908 1854 1980 ἐρεύνης

246 1994 639 2069 ὲληλύθειμεν,
666 1997 715 2049 εί
753 1996 827 2071 μὴ
866 1996 928 2051 τὸ
964 1996 1205 2060 δυσειδὲς
1244 1999 1394 2068 ἡμᾶς
1435 1997 1728 2071 ὲξετάραξε
1754 2002 1855 2072 τῆς

245 2089 356 2143 τῶν
382 2090 638 2159 ἀγγέλων
676 2091 1010 2161 ὲκφαντικῆς
1039 2090 1413 2157 ἀναπλάσεως,
1442 2093 1543 2147 οὐκ
1568 2093 1673 2147 ὲῶν
1695 2093 1855 2167 ἡμῶν

245 2182 341 2234 τὸν
366 2182 499 2235 νοῦν
534 2183 890 2254 ἐναπομεῖναι
914 2186 1038 2249 ταῖς
1067 2185 1404 2257 ἀπᾳδούσαις
1451 2187 1851 2270 μορφοποιίαις

248 2273 367 2328 ἀλλ’
400 2272 653 2345 ὲρεθίξον
680 2274 1077 2329 ἀπαναίνεσθαι
1110 2275 1211 2339 τὰς
1237 2275 1430 2338 ὑλικὰς
1459 2274 1851 2347 προσπαθείας,

249 2368 343 2420 καὶ
373 2367 702 2438 προσεθίζον
740 2369 1302 2441 ἱερῶςοάνατείνεσθαι
1335 2370 1425 2426 διὰ
1455 2372 1564 2425 τῶν
1595 2370 1855 2442 φαινομέ-

247 2476 355 2511 νων
388 2460 483 2513 ἐπὶ
517 2460 620 2524 τὰς
664 2462 1071 2534 ὑπερκοσμίους
1104 2464 1413 2533 ἀναγωγάς.
1463 2463 1712 2517 Τοσαῦτα
1754 2465 1853 2535 μὲν

248 2549 385 2618 ἡμῖν
413 2551 660 2621 εἰρήσθω
686 2551 774 2605 διὰ
807 2552 906 2616 τὰς
934 2552 1127 2617 ὑλικὰς
1147 2554 1241 2607 καὶ
1268 2554 1719 2624 ἀπεμφαινούσας
1742 2556 1853 2611 τῶν

249 2640 415 2711 ἱερῶν
463 2640 663 2710 λογίων
717 2644 1081 2712 ἀγγελοειδεῖς
1124 2646 1563 2717 είκονογραφίας·
1623 2648 1749 2720 ἑξῆς
1794 2648 1852 2704 δὲ

245 2732 622 2801 ἀφορίσασθαι
665 2733 793 2805 χρὴ,
832 2734 883 2787 τί
915 2735 1013 2806 μὲν
1058 2734 1227 2806 αὐτὴν
1265 2731 1527 2806 εἶναιτὴν
1572 2737 1851 2810 ίεραρχίαν

1966 534 2096 588 bum
2131 532 2328 586 catulis
2361 530 2718 586 ferocientem
2742 536 2793 585 ν.
2828 528 3040 583 Addam
3072 527 3238 583 etiam
3277 528 3419 596 quod
3446 527 3541 580 ab-

1960 624 2319 695 jectissimum
2370 622 2609 678 omnium
2664 620 3220 688 absurdissimumque
3282 618 3537 673 videtur:

1966 732 2089 772 nam
2119 726 2173 772 et
2200 715 2401 770 vermis
2436 714 2676 784 speciem
2725 714 2897 783 ipsam
2931 710 3035 767 sibi
3064 709 3337 765 aﬂlnxisse
3367 722 3416 776 ι,
3452 709 3539 765 di-

1962 808 2215 862 vinorum
2264 806 2421 877 periti
2462 804 2822 860 tradiderunt.
2870 803 2963 858 Sic
3010 816 3200 857 omnes
3243 800 3425 856 divina
3450 815 3539 856 sa—

1962 899 2201 967 pientes,
2226 906 2282 952 et
2315 896 2541 952 occulta:
2585 895 2957 964 inspirationis
3011 894 3355 965 interpretes,
3390 908 3419 946 a
3453 907 3537 947 re-

1959 991 2062 1047 bus
2093 989 2426 1061 imperfectis
2458 986 2813 1059 profanisque
2843 985 3048 1042 Sancta
3096 996 3410 1041 sanctorum
3450 986 3537 1039 in-

1961 1092 2223 1138 temerata
2258 1090 2570 1144 secernunt,
2607 1094 2707 1135 nec
2761 1093 2867 1131 non
2913 1077 3238 1132 dissimilem
3275 1076 3422 1132 illam
3449 1090 3538 1130 sa-

1959 1186 2108 1227 cram
2159 1170 2531 1239 depraedicant
2577 1166 2939 1234 edictionem,
2996 1174 3056 1220 ut
3106 1180 3210 1221 nec
3242 1163 3536 1219 immundis

1955 1262 2137 1317 divina
2173 1261 2284 1316 sint
2339 1261 2522 1325 obvia,
2581 1274 2754 1327 neque
2807 1257 3034 1313 studiosi
3089 1256 3391 1311 divinarum
3430 1253 3538 1325 ιθ

1954 1356 2256 1426 ﬁgurarum
2283 1354 2742 1424 contemplatores
2775 1351 2969 1407 formis
3002 1350 3123 1406 istis
3153 1358 3411 1421 tanquam
3438 1365 3534 1405 ve-

1953 1450 2030 1505 ris
2064 1450 2450 1514 immorentur;
2488 1455 2545 1502 et
2593 1455 2651 1499 ut
2695 1459 2782 1500 res
2827 1445 3024 1499 divinas
3071 1458 3195 1498 cum
3231 1443 3533 1498 verissimis

1952 1540 2357 1613 negationibns,
2395 1549 2507 1594 tum
2538 1537 2768 1593 diversis
2797 1551 2827 1592 a
2862 1537 3026 1591 rebus
3058 1534 3260 1589 inﬁmis
3286 1533 3534 1604 proprio-

1951 1649 2071 1688 rum
2105 1631 2458 1700 vestigiorum
2515 1629 2973 1686 similitudinibus
3024 1627 3390 1683 celebrentur.
3427 1625 3532 1680 Ne-

1953 1740 2226 1795 quaquam
2245 1725 2411 1794 igitur
2435 1724 2753 1787 absurdum,
2787 1722 2833 1779 si
2860 1729 3091 1776 naturas
3113 1720 3234 1776 illas
3251 1719 3528 1783 cmlestes,

1955 1815 2026 1872 ob
2057 1817 2233 1872 dictas
2274 1827 2493 1880 causas,
2555 1815 2985 1885 discrepantium
3026 1811 3530 1871 dissimilitudinutn

1956 1909 2404 1965 similitudinibus
2432 1907 2718 1964 eli'orment
2744 1921 2760 1962 :
2792 1922 2917 1963 nam
2948 1922 3126 1977 neque
3154 1921 3254 1961 nos
3278 1905 3527 1961 fortassis

1958 2003 2024 2059 ad
2047 2001 2409 2069 indagandum
2430 2001 2746 2067 dubitando,
2771 2001 2838 2056 ad
2861 2014 3156 2071 anagogem
3175 2000 3317 2070 (quae
3329 1998 3396 2054 ad
3410 2011 3523 2053 caa-

1956 2093 2113 2149 lestia
2139 2108 2237 2148 nos
2259 2092 2430 2162 ducit)
2446 2106 2541 2160 per
2556 2101 2864 2147 accuratam
2884 2105 3064 2145 rerum
3094 2104 3379 2145 sacrarum
3404 2103 3524 2159 per-

1955 2182 2340 2237 scrutationem
2360 2184 2716 2247 venissemus,
2734 2181 2835 2236 nisi
2867 2195 2974 2237 nos.
2995 2181 3308 2237 deformitas
3340 2179 3528 2249 expla-

1954 2274 2179 2329 natoriai
2192 2273 2424 2329 ﬁctionis
2445 2275 2761 2345 angelorum
2786 2273 3140 2344 perculisset;
3160 2288 3282 2342 quas
3296 2271 3523 2327 minime

1954 2366 2167 2422 sinebat
2200 2374 2436 2420 mentem
2472 2374 2715 2420 nostram
2747 2364 2968 2419 absonis
2991 2363 3114 2418 istis
3135 2361 3528 2421 eli'ormationi-

1954 2459 2054 2514 bus
2078 2458 2380 2523 immorari,
2407 2458 2501 2512 sed
2537 2471 2656 2512 eam
2684 2456 2955 2512 excitabat
2979 2454 3044 2510 ad
3065 2468 3256 2511 omnes
3280 2454 3530 2509 materia-

1954 2550 2034 2606 les
2065 2548 2379 2605 affectiones
2419 2550 2766 2612 deserendas,
2811 2556 2867 2603 et
2910 2545 3307 2603 assuefaciebat
3339 2557 3526 2601 sancte

1954 2657 2021 2697 ex
2051 2642 2119 2697 iis
2150 2656 2272 2711 qua:
2305 2649 2587 2712 apparent,
2624 2640 2691 2695 ad
2724 2638 3192 2709 supermundiales
3235 2637 3525 2707 anagogias

1952 2749 2048 2789 seu
2076 2748 2335 2790 ascensus
2366 2733 2632 2802 aspirare.
2674 2731 2800 2786 llaec
2830 2747 2860 2786 a
2890 2730 3045 2787 nobis
3075 2730 3220 2786 dicta
3259 2730 3368 2786 sint
3400 2744 3527 2799 pro-

1951 2833 2073 2895 pter
2124 2825 2441 2881 materiales
2492 2825 2614 2880 illas
2655 2838 2720 2878 ac
2759 2821 3073 2885 dissimiles.
3104 2837 3223 2893 quae
3257 2823 3312 2877 in
3354 2823 3526 2879 sacris

1952 2916 2184 2986 eloquiis
2230 2917 2522 2981 habentur,
2558 2915 2874 2985 angelorum
2903 2914 3297 2970 delineationes
3326 2931 3341 2971 :
3370 2913 3525 2969 dein-

246 2824 503 2895 οἰόμεθα·
542 2824 596 2877 τί
631 2825 687 2879 δὲ
715 2826 854 2898 πρὸς
891 2827 1062 2897 αὐτῆς
1101 2827 1383 2899 ίεραρχίας
1419 2828 1697 2883 ὀνίνασθαι
1724 2831 1853 2895 τοὺς

249 2917 549 2987 ἱεραρχίαν
596 2916 1068 2989 κεκληρωμένους.
1115 2918 1404 2989 Ἦγήσοιτο
1446 2919 1503 2973 δὲ
1544 2920 1639 2973 τοῦ
1693 2918 1849 2990 λόγου

246 3007 510 3081 Χριστὸς,
561 3007 721 3080 εἴπερ
750 3008 875 3079 ἐμοὶ
920 3008 1077 3079 θέμις
1117 3010 1314 3074 εἰπεῖν,
1341 3012 1370 3063 ό
1407 3010 1559 3081 ὲμδς,
1604 3012 1638 3082 η
1670 3012 1852 3083 πάσης

1956 3022 2081 3077 ceps
2105 3023 2235 3063 vero
2261 3008 2647 3071 definiendum,
2672 3006 2803 3079 quid
2835 3006 3125 3077 ipsammet
3159 3003 3521 3059 liierarcliiam

249 3098 580 3171 ίεραρχικῆς
598 3099 958 3170 ὲκφαντορίας
987 3100 1272 3155 ὲπίπνοιαί
1299 3102 1371 3155 Σὺ
1395 3102 1471 3165 δὲ,
1498 3096 1543 3155 ὦ
1565 3105 1683 3168 παῖ,
1709 3103 1854 3160 κατά

1956 3115 2074 3156 esse
2113 3101 2468 3166 arbitremur,
2492 3099 2731 3169 quidque
2750 3106 3034 3154 consortes
3055 3097 3173 3166 ejus
3195 3111 3263 3151 ex
3286 3098 3399 3167 ipsa
3426 3110 3521 3150 ca-

246 3189 347 3262 τὴν
404 3191 563 3244 ὁσίαν
608 3190 713 3261 τῆς
760 3189 884 3244 καθ’
924 3192 1075 3262 ἡμᾶς
1124 3194 1443 3266 ίεραρχικῆς
1496 3195 1845 3267 παραδόσεως

1956 3192 2100 3262 piant
2145 3193 2522 3249 emolumenti.
2569 3192 2655 3246 Sit
2698 3201 2878 3246 autem
2923 3191 3033 3246 dux
3077 3191 3229 3246 verbi
3275 3189 3524 3247 Christus

248 3280 829 3355 θεσμοθεσίαν,αὐτός
856 3300 916 3337 τε
961 3286 1303 3357 ἱεροπρεπῶς
1336 3287 1502 3341 ἄκουε
1544 3287 1654 3343 τῶν
1687 3289 1846 3361 ίερῶς

1956 3284 2017 3356 [si
2050 3284 2182 3339 mihi
2215 3284 2298 3340 fas
2339 3285 2409 3341 sit
2434 3282 2643 3354 dicere)
2681 3298 2856 3349 meus,
2887 3283 2981 3352 qui
3020 3284 3332 3339 universam
3376 3281 3520 3336 illam

247 3374 565 3445 λεγομένων
598 3376 778 3440 ἔνθεος
800 3378 997 3434 ὲνθέων
1023 3380 1080 3431 ὲν
1107 3380 1301 3451 μυήσει
1327 3379 1629 3451 γινόμενος,
1660 3383 1755 3435 καὶ
1776 3384 1843 3454 τῇ

1956 3378 2345 3434 hierarchicam
2376 3378 2607 3448 inspiret
2631 3377 3073 3434 elucidationem.
3111 3376 3190 3433 Tu
3229 3390 3383 3441 vero,
3422 3372 3521 3440 illi,

250 3467 396 3519 κατά
428 3466 560 3520 νοῦν
602 3469 926 3540 κρυφιότητι
967 3468 1038 3522 τά
1090 3469 1220 3538 ἅγια
1262 3471 1607 3542 περιστείλας
1642 3473 1710 3526 ἐκ
1748 3474 1847 3545 τῆς

1956 3469 2101 3536 iuxta
2132 3480 2375 3525 sanctam
2415 3468 2772 3525 hierarchicae
2804 3478 3004 3524 nostrae
3050 3465 3359 3522 traditionis
3389 3479 3521 3520 san-

251 3560 476 3629 ἀνιέρου
512 3559 772 3632 πληθύος,
809 3562 886 3625 ὡς
924 3561 1125 3634 ὲνοειδῆ
1152 3561 1495 3632 διαφύλαξονο
1536 3566 1596 3618 οὐ
1623 3564 1731 3637 γὰρ
1760 3565 1848 3620 θε-

1956 3561 2211 3626 ctionem,
2259 3569 2422 3632 prout
2445 3569 2631 3615 sancta
2656 3561 2831 3622 decet,
2860 3560 2985 3615 audi
3029 3574 3151 3630 qua:
3175 3566 3523 3615 sacrosancta

258 3651 439 3722 μιτδν,
472 3652 550 3717 ὡς
570 3653 640 3707 τὰ
669 3653 828 3723 λόγιά
855 3672 1038 3725 φησιν,
1072 3657 1153 3719 είς
1177 3655 1276 3720 ὐας
1296 3657 1593 3730 ἀπορῤίψαι
1615 3659 1714 3730 τὴν
1737 3659 1846 3713 τῶν

1956 3651 2323 3721 proferuntur,
2352 3654 2580 3725 ipsemet
2603 3652 2819 3709 divinus
2843 3654 3024 3709 divina
3048 3652 3294 3709 doctrina
3322 3650 3521 3718 factus,

252 3744 466 3814 νοητῶν
508 3747 863 3819 μαργαριτῶν
888 3748 1063 3822 ἀμιγῆ
1092 3749 1186 3803 καὶ
1234 3750 1495 3822 φωτοειδῆ
1524 3751 1620 3805 καὶ
1659 3751 1850 3806 καλλο-

1956 3757 2118 3818 atque
2163 3751 2329 3805 animi
2386 3760 2605 3806 secreto
2644 3760 2836 3805 sancta
2889 3749 3215 3816 recondens,
3262 3757 3520 3818 tanquam

255 3833 412 3887 ποιὸν
438 3838 759 3908 εὐκοσμίαν.

1956 3843 2268 3909 uniformia,
2300 3860 2330 3898 a
2357 3842 2585 3915 profana
2629 3844 2973 3900 multitudine
3005 3858 3305 3909 conserva;
3349 3856 3523 3911 neque

252 3929 400 3981 enim
433 3929 520 3984 fas
550 3940 655 3996 est,
677 3941 736 3987 ut
765 3930 991 4001 Eloquia
1028 3939 1296 3988 testantur
1341 3940 1393 3999 1,
1441 3934 1622 4001 porcis
1669 3933 1933 4002 projicere
1982 3935 2308 4004 spiritalium
2362 3935 2781 4007 margaritarum
2823 3949 3015 4005 purum
3060 3934 3233 3999 illum,
3274 3950 3340 3989 ac
3395 3932 3525 3988 luci-

256 4018 386 4071 dum
416 4019 905 4091 pulchrificumqne
932 4021 1278 4079 adornatum.

1416 4291 1947 4352 ADNOTATIONES
1978 4292 2321 4352 CORDERll.

253 4495 269 4509 .
327 4426 482 4509 Cum.
508 4427 695 4509 primo
734 4428 916 4499 capite
940 4428 1371 4509 _docuerit,__nos
1401 4446 1496 4509 per
1538 4431 1693 4509 signa
1733 4432 2012 4509 sensibilis
2054 4430 2509 4509 in_spiri_lua_lium
2544 4443 2724 4509 rerum
2770 4432 3023 4509 notitiam
3069 4432 3356 4498 devenire;
3394 4444 3521 4504 apte

253 4497 363 4577 iam
399 4497 826 4580 subjun_g_it,_res
854 4500 1102 4554 cmlestes
1126 4517 1189 4580 ac
1215 4497 1506 4580 divinasin
1526 4497 1834 4580 _Sc_riptur_is
1862 4497 2217 4580 dissimilibus
2248 4503 2417 4568 signis
2452 4514 2518 4554 ac
2545 4500 2733 4570 ﬁguris
2764 4503 3045 4573 explicari,
3079 4519 3204 4558 cum
3254 4497 3354 4575 per
3390 4497 3519 4575 pro-

258 4568 434 4642 pri_al_n
459 4568 872 4642 similitudinem
906 4586 969 4642 ac
999 4574 1230 4642 speciem
1265 4590 1293 4625 a
1322 4573 1478 4627 nobis
1526 4572 1579 4625 in
1613 4568 1714 4626 hac
1747 4574 1853 4627 vita
1886 4574 2137 4642 cognosci
2169 4582 2458 4642 nequeant.

330 4636 365 4725 ᾗ
395 4636 801 4725 lllicprimunt
832 4636 1048 4708 quidem
1077 4640 1210 4725 ficit
1246 4642 1437 4712 Operis
1456 4642 1560 4725 _sui
1588 4636 2049 4725 distributionem,
2079 4653 2133 4697 et
2161 4636 2286 4725 quid
2337 4642 2389 4695 in
2427 4643 2675 4725 praesenti
2710 4650 2942 4725 tractatu
2993 4652 3226 4713 spectet,
3252 4646 3477 4725 εξροῃῑι
3499 4687 3516 4712 ,

258 4716 504 4786 etc-aute
543 4718 750 4771 monet,
792 4725 889 4766 nos
933 4725 1030 4778 per
1066 4713 1273 4786 effictas
1316 4713 1627 4786 angelorum
1672 4712 1876 4770 formas
1921 4716 1988 4768 ad
2034 4713 2361 4786 eornmdem
2394 4712 2693 4786 simplicem
2739 4720 2996 4786 naturam
3024 4712 3517 4783 icontetnplandam

258 4778 457 4860 adduci
501 4789 778 4860 oportere,
818 4794 898 4846 ut,
932 4797 1054 4860 cum
1106 4778 1839 4860 ScripturaIlverbigratia,
1885 4785 2075 4860 tribuit
2116 4784 2307 4860 angelo
2336 4778 2567 4844 form-am
2596 4784 2826 4860 efﬁctam
2873 4784 3089 4860 aquilis,
3128 4778 3395 4860 sciat-nus,
3424 4800 3520 4860 per

260 4846 817 4932 lianc-formationem
848 4846 1357 4932 aquilaz,.qu:e'non
1395 4846 1669 4932 simplicis
1687 4846 1895 4932 natura:
1936 4856 2028 4932 sed
2061 4846 2379 4932 compositas
2426 4868 2548 4932 est,
2573 4852 2780 4932 nosAatl
2815 4846 2942 4921 quid
2984 4846 3210 4932 simplex
3245 4855 3296 4932 in
3326 4846 3519 4926 angelo

259 4917 672 5001 intelligendum
703 4917 981 5001 revocari;
1010 4917 1224 5001 scilicet
1248 4917 1569 5001 revocamur
1592 4926 1658 5001 ad
1687 4923 2093 5001 intelligendum
2131 4917 2249 4980 esse
2294 4924 2347 4979 in
2378 4917 2585 5001 angelis
2623 4927 2794 5001 aciem
2821 4917 3114 4994 quamdam
3145 4917 3519 4984 aetttissiinaitt

260 4988 528 5070 spiritalis
567 4998 624 5041 et
650 4989 896 5070 sublimis
927 4992 1328 5070 perspicientiae
1364 5014 1375 5047 ;
1404 5002 1573 5070 atque
1596 4993 1650 5070 id
1686 4988 1908 5070 quidem
1949 5008 2173 5070 necesse
2200 4988 2488 5070 est_scire',
2527 5015 2594 5054 ne
2620 4997 2776 5070 nobis
2800 4988 3034 5070 ένοιιιει
3070 4999 3212 5068 quod
3246 5012 3428 5070 vulgo,
3459 5010 3519 5055 nt

260 5058 652 5139 esistimemus-
677 5058 816 5114 forte
855 5058 1299 5139 liabere’angelos
1334 5058 1516 5139 pedes,
1548 5058 1737 5126 facies,
1765 5063 1899 5139 alas,
1927 5074 1981 5118 et
2016 5065 2264 5139 similiter
2299 5067 2350 5120 in
2382 5058 2501 5124 aliis
2531 5068 2723 5125 formis
2760 5064 2954 5124 efﬁctis
2976 5107 2993 5134 ,
3052 5058 3149 5138 pér
3178 5083 3315 5139 quas
3340 5058 3515 5126 “scri-

262 5135 423 5208 ptn'ra
452 5142 553 5208 nos
587 5128 654 5181 ad
678 5144 964 5208 ascensum
992 5128 1348 5208 anagogicuni
1383 5133 1541 5187 nobis
1580 5137 2050 5208 accommodatum
2080 5136 2288 5190 invitat.
2330 5165 2336 5174 -

266 5192 567 5281 ςηΡρεςξεξε
612 5212 791 5252 sancte
827 5192 1321 5281 (ictionilgulfllinc
1365 5212 1512 5281 patet
1551 5219 1767 5281 omnem
1807 5205 2131 5281 theologiam
2181 5209 2533 5281 symbolicam
2594 5210 3056 5281 habereualiqnid
3106 5209 3364 5276 efﬁctum,
3404 5212 3517 5267 sive

264 5262 393 5320 illud
423 5268 495 5321 sit
525 5269 579 5322 in
613 5262 978 5335 sermonibus,
1009 5272 1124 5325 sive
1156 5271 1210 5326 in
1246 5262 1579 5340 nominibus,
1610 5275 1723 5328 sive
1756 5275 1924 5329 etiam
1970 5262 2022 5329 in
2055 5262 2245 5331 formi's
2279 5262 3512 5352 seinsuisubj-ecti's.vnissimevero'proprinni

320 5459 349 5488 '
373 5451 516 5507 Osce
563 5466 687 5515 xm,
717 5452 770 5504 7.
848 5468 872 5495 ι
896 5453 1041 5511 Psal.
1069 5472 1183 5522 ut,
1230 5456 1287 5511 7.
1362 5467 1390 5504 1
1428 5457 1616 5513 Matth.
1651 5474 1746 5521 vu,
1779 5461 1833 5514 6.

1540 5633 1779 5691 VARIIE
1819 5635 2222 5693 LECTIUNES.

338 5745 379 5776 "
417 5745 487 5799 Il.
511 5747 815 5819 ἀχράντων.
894 5750 938 5783 ⁸⁸
978 5748 1045 5805 Μ.
1081 5751 1391 5822 ἀπομεῐναι.
1471 5750 1630 5807 "Ch.
1668 5752 1729 5807 D.
1763 5753 1824 5809 P.
1853 5753 1972 5808 οὐδὲ
2008 5755 2133 5828 γάρ.
2211 5756 2255 5787 ⁷⁸
2293 5755 2364 5809 Μ.
2394 5756 2633 5826 ἀγωγήν.
