3916 6234
422 282 517 336 151

1603 300 1643 357 8
1705 304 2003 364 DIONYSII
2042 312 2504 373 ΑΒΕΟΡΑΟΙΤᾹΞ

3568 332 3675 391 152

418 406 525 459 ὀπο
553 398 777 451 verlum
809 396 965 473 οἶμαι
995 408 1292 463 secundum
1342 418 1574 489 veteres)
1616 420 1849 485 prinutm
1888 438 1952 475 ex

418 500 623 521 nnnnrn
666 503 825 521 {unum
851 495 1113 521 ..n:...‘_-..
1136 507 1243 521 .--υ
1269 509 1378 521 .-μ-
1402 520 1407 521 ,
1426 520 1433 521 ,
1451 515 1462 521 -
1502 507 1513 519 ο
1842 512 1853 521 .
1948 516 1954 521 .

2059 470 2065 487 ,
2099 428 2402 501 παλαιοὺς),
2428 432 2643 503 πρῶτον
2662 434 2939 502 ἐκθέσθαι,
2961 439 3080 493 τίνα
3108 442 3205 513 μὲν
3226 443 3318 497 τὸν
3333 446 3431 518 τῆς
3458 446 3674 521 ἁπάσης

418 500 643 553 ponere,
666 503 826 557 quem
850 495 1115 551 universa:
1136 507 1245 551 tam
1269 507 1547 561 terrestris
1566 523 1729 577 quam
1750 512 1991 569 ccelestis

2096 522 2191 573 καὶ
2216 524 2413 594 γητνης
2441 527 2535 580 καὶ
2570 527 2821 599 οὐρανίου
2866 530 3145 603 ἱεραρχίας
3182 536 3381 592 σκοπὸν
3407 538 3669 610 οἰόμεθα’

417 575 741 637 hierarcbite
802 599 1025 655 scopum
1075 588 1413 649 arbitremur
1471 598 1833 667 (arbitremur
1882 608 1954 677 21

417 677 596 702 nullam
643 673 776 702 [Ιζ-ζι
836 692 933 702 ..-Α
967 694 1057 702 ----
1102 683 1305 702 Ast-Iw-
1359 687 1409 702 ,υ
1589 692 1601 702 .
1748 698 1758 702 -
1884 699 1907 702 λ

2096 575 2616 684 (οἱόιλέθαιδέήείπε,
2641 575 2787 674 Σιατά
2824 575 3172 698 (pugaqu
3199 627 3443 697 φιλόθεον
3470 575 3670 702 μὶλον

415 677 598 723 autem
641 673 797 734 dixit,
836 692 936 745 pro
965 694 1060 734 sua
1101 683 1478 755 philosOphica
1519 692 1602 748 vel
1651 698 1831 763 potius
1880 673 1990 755 [leo

413 756 585 811 amica
618 762 930 834 modestia);
954 771 1151 839 quidve
1170 779 1343 843 prosit
1366 779 1621 848 qutelibet
1646 756 1987 844 hierarchia-

413 862 534 900 rum
565 850 705 919 (sive
730 855 1011 914 etelestetn
1050 862 1280 931 dixeris,
1314 868 1431 923 sive
1459 876 1728 945 nostram)
1761 880 1844 933 sui
1882 881 1987 935 ini-

414 938 702 997 tiatoribus
756 945 1053 1005 initiatisve
1095 970 1108 1006 :
1160 957 1359 1013 deinde
1403 975 1533 1015 vero
1576 962 1871 1024 dicendum
1920 974 1987 1029 de

411 1033 731 1091 cmlestibus
764 1039 1120 1108 hierarchiis,
1157 1048 1313 1115 juxta
1346 1052 1517 1120 illam,
1538 1070 1704 1125 quam
1736 1060 1803 1114 de
1831 1062 1897 1115 iis
1929 1063 1982 1117 in

408 1125 582 1180 sacris
615 1126 815 1184 litteris
860 1132 1125 1193 habemus
1157 1142 1653 1204 manifestationem
1684 1161 1850 1222 alque
1888 1170 1984 1210 ex-

406 1214 798 1283 planationem.
837 1222 910 1277 De
943 1224 1050 1283 illis
1083 1241 1265 1285 autem
1311 1234 1562 1305 loquens,
1593 1243 1769 1295 utitur
1812 1247 1980 1300 verbo

405 1306 686 1379 ὑμνῆσαι;
719 1316 845 1382 quia
876 1317 943 1371 de
976 1336 1034 1374 re
1066 1322 1208 1377 bona
1241 1325 1409 1399 loqui,
1452 1330 1688 1401 hymnus
1718 1336 1833 1390 sive
1863 1335 1981 1392 laus

403 1399 531 1454 boui
573 1413 658 1456 est
686 1421 702 1470 ;
736 1407 882 1463 sicut
915 1412 983 1464 de
1018 1427 1076 1466 re
1108 1430 1271 1482 prava
1303 1422 1462 1474 verba
1494 1399 1717 1491 lacere,
1758 1428 1978 1497 vitupe-

404 1490 547 1545 rium
578 1506 660 1549 est
699 1499 848 1555 mali.
886 1502 961 1556 De
988 1506 1251 1575 angelicis
1294 1510 1483 1580 itaque
1518 1490 1830 1585 divinisque
1865 1523 1978 1576 vir-

401 1583 606 1639 tutibus
634 1589 797 1643 verba
831 1590 1036 1657 facere,
1057 1597 1196 1651 idem
1220 1610 1303 1654 est
1324 1611 1486 1671 atque
1508 1620 1600 1661 eas
1624 1583 1869 1666 laudare.
1895 1612 1977 1667 Ad

401 1675 517 1730 hzec
563 1678 852 1735 dicendum
882 1724 899 1748 ,
950 1690 1149 1754 quibus
1202 1690 1397 1747 formis
1448 1710 1617 1751 sacrae
1672 1698 1975 1769 Scriptura:

397 1765 650 1823 cteleSIes
693 1771 919 1829 ordines
956 1776 1229 1846 ﬁgurant;
1259 1790 1313 1836 et
1343 1784 1410 1838 ad
1457 1787 1675 1855 qualem
1708 1765 1974 1861 simplici-

399 1866 560 1913 tatem
592 1876 689 1931 per
718 1878 814 1918 eas
849 1866 1061 1924 formas
1085 1887 1207 1941 qua:
1237 1874 1587 1947 elliuguntur,
1618 1896 1966 1941 revocemur:

394 1950 547 2005 verbi
583 1956 782 2022 gratia,
834 1960 1186 2019 nominamus
1217 1965 1359 2021 forte
1401 1971 1661 2039 aquilam.
1694 1980 1969 2046 composi-

394 2052 508 2097 tum
536 2045 753 2113 aliquod
782 2051 1032 2115 dicimus,
1060 2066 1243 2112 mente
1275 2073 1405 2115 vero
1437 2078 1533 2132 per
1562 2066 1711 2121 visus
1735 2083 1967 2125 acumen

390 2144 448 2189 et
468 2137 842 2194 excellentiam
862 2144 930 2198 ad
949 2144 1353 2216 simplicitatem
1375 2154 1718 2213 adducimur.
1740 2159 1967 2226 Quando

388 2228 534 2283 enim
561 2233 683 2298 quis
712 2233 972 2302 loquitur,
998 2249 1053 2293 ut
1072 2242 1460 2314 intelligamus,
1491 2252 1715 2306 onuriuo
1758 2270 1973 2311 sermod

389 2335 488 2375 nes
522 2324 747 2379 adhibet
787 2345 801 2379 :
839 2342 962 2383 cum
998 2343 1180 2388 autem
1235 2338 1285 2389 id
1322 2340 1468 2405 quod
1503 2341 1708 2396 dicitur
1755 2345 1967 2409 intelleg

385 2420 538 2464 ctum
579 2412 762 2481 fuerit,
814 2417 1043 2488 simplex
1098 2423 1152 2475 in
1207 2436 1388 2481 mente
1432 2430 1671 2499 cognitio
1714 2437 1962 2504 exsistit;

387 2503 623 2558 maxime
659 2506 703 2559 si
753 2507 1019 2578 simplicia
1072 2512 1373 2585 furtnteque
1418 2524 1662 2590 expertia
1713 2526 1843 2592 siut,
1896 2532 1964 2586 de

387 2596 586 2662 quibus
614 2598 910 2678 loquimur.
944 2603 1001 2658 Si
1039 2607 1186 2660 enim
1222 2624 1308 2662 res
1336 2613 1567 2669 scnsiles
1600 2616 1673 2670 ita
1702 2633 1799 2687 per
1827 2621 1960 2675 sim-

388 2688 585 2756 plicem
645 2692 880 2763 aliquem
932 2711 1258 2769 conceptqu
1314 2704 1704 2776 intelligimus,
1755 2725 1960 2780 quanto

385 2782 561 2850 magis
594 2799 679 2838 res
705 2787 1023 2854 spiritales?
1055 2793 1235 2858 Quare
1268 2810 1431 2864 porro
1458 2801 1776 2868 quaerimus,
1808 2814 1865 2859 ut
1888 2806 1957 2860 ad

383 2867 797 2935 simplicitatem
837 2878 1214 2935 adducaumr?
1259 2894 1317 2938 ut
1351 2867 1726 2946 uouiaccidat
1775 2897 1953 2961 nobis,

379 2961 523 3027 quod
560 2965 718 3035 vulgo
770 2981 858 3023 res
887 2986 1076 3029 sae-ras
1108 2980 1337 3046 profano
1387 2985 1551 3038 modo
1586 2986 1950 3058 intelligenti;

378 3066 482 3106 nec
509 3046 773 3122 'putemus
815 3063 1067 3121 ccelestes
1102 3067 1221 3124 illas
1261 3074 1496 3130 virtutes
1542 3080 1743 3134 multos
1787 3082 1953 3149 pedes

2095 706 2467 777 μετριασμόν)·
2497 710 2591 761 καὶ
2632 710 2685 762 τί
2728 710 2930 781 ὠφελεῖ
2955 714 3162 787 ἑκάστη
3204 717 3314 771 τῶν
3357 719 3668 793 ῑεραρχιῶν,

2090 794 2193 847 κᾶν
2235 794 2332 867 τὴν
2358 798 2615 869 οὐρανίαν
2660 801 2840 877 εἴπῃς,
2884 804 2987 859 κᾶν
3019 808 3119 879 τὴν
3164 810 3289 864 καθ’
3329 812 3496 883 ἡμᾶς,
3542 816 3671 879 τοὺς

2086 887 2340 952 τελεστάς
2368 892 2565 963 αὐτῆς·
2606 894 2838 967 καθεξῆς
2874 898 2934 952 δὲ
2974 901 3147 955 εἰπεῖν
3190 904 3319 975 περὶ
3354 905 3466 960 τῶν
3504 907 3670 979 οὐρα-

2088 978 2215 1031 νίων
2266 981 2575 1054 ίεραρχιῶν,
2623 988 2765 1041 κατὰ
2810 990 2914 1062 τὴν
2941 993 3123 1046 αὐτῶν
3165 995 3526 1069 ὲκφαντορίαν
3570 978 3667 1055 καὶ

2084 1067 2316 1141 δήλωσιν
2342 1075 2442 1145 τὴν
2470 1077 2527 1129 ὲν
2554 1081 2674 1143 ταῖς
2701 1080 2885 1150 ἁγίαις
2916 1082 3179 1155 Γραφαίς.
3221 1086 3295 1139 Τὸ
3332 1067 3463 1157 γοῦν
3488 1091 3667 1144 είπεῖν

2086 1164 2215 1233 περὶ
2263 1164 2466 1220 τούτων
2520 1169 2759 1241 ὑμνῆσαι
2797 1173 2963 1243 λέγει,
3007 1178 3176 1231 ὅτιτὸ
3214 1180 3341 1251 περὶ
3385 1181 3548 1235 καλοῦ
3584 1184 3665 1235 εἰ·

2085 1256 2207 1306 πεῖν
2232 1254 2399 1325 ὕμνος
2423 1258 2590 1314 καλοῦ
2614 1264 2761 1317 ἐστιν
2782 1281 2795 1294 ’
2820 1264 3011 1338 ὥσπερ
3027 1268 3089 1321 τὸ
3112 1270 3239 1340 περὶ
3262 1271 3434 1325 κακοῦ
3460 1272 3660 1341 λέγειν,

2081 1346 2248 1416 ψόγος
2280 1351 2454 1405 κακοῦ
2483 1354 2619 1406 ἐστι.
2662 1355 2840 1411 Ταύτὸ
2862 1359 2991 1428 γοῦν
3014 1359 3075 1415 τὸ
3102 1364 3272 1416 εἰπεῖν
3302 1367 3395 1418 καὶ
3420 1366 3661 1439 ὑμνῆσαι

2082 1441 2210 1511 περὶ
2236 1441 2345 1494 τῶν
2382 1444 2687 1514 ἀΠελικῶν
2714 1448 2807 1501 καλ⁵
2835 1448 2996 1503 θείων
3018 1451 3316 1531 δυνάμεων.
3346 1456 3662 1515 Μετέπειτσ.

2079 1532 2137 1584 δὲ
2170 1533 2275 1605 χρὴ
2305 1536 2498 1601 εἰπεῖν,
2542 1540 2757 1604 ὁποίαις
2796 1542 3000 1596 εἰκόσιν
3044 1545 3100 1596 ai
3146 1546 3287 1615 ἱεραὶ
3320 1546 3533 1617 Γραφαὶ
3558 1547 3661 1612 τὰς

2078 1626 2334 1696 οὐρανίας
2360 1629 2748 1704 διακοσμήσεις
2776 1635 3192 1706 σχηματίζουσι,
3224 1638 3470 1709 καὶπρὸς
3494 1641 3661 1695 ποίαν

2078 1711 2357 1783 ἁπλότητα
2378 1715 2467 1769 διά
2489 1717 2598 1770 τῶν
2627 1719 2961 1790 πλασμάτων
2983 1721 3188 1775 τούτων
3226 1723 3291 1795 δὴ
3330 1724 3437 1778 τῶν
3464 1725 3657 1779 συνθέ-

2004 1818 2043 1873 B
2075 1822 2183 1858 των
2208 1807 2520 1879 ἀναγόμεθα
2539 1827 2552 1841 ·
2580 1806 2712 1877 οἷον,
2755 1812 2985 1884 λέγομεν
3013 1815 3172 1887 τυχὸν
3200 1816 3375 1881 ἀετὸν,
3403 1818 3659 1873 σύνθετόν

2072 1912 2125 1948 τι
2158 1895 2390 1967 λέγομεν
2408 1915 2423 1929 ο
2452 1900 2678 1971 νοοῦμεν
2704 1903 2768 1955 τὸ
2796 1904 3081 1976 ὀξυδερκὲς
3122 1908 3216 1959 καὶ
3247 1909 3421 1979 ὑπερη
3433 1911 3653 1980 ρμένον,

2072 1987 2210 2057 πρὸς
2242 1989 2523 2060 ἁπλότητα
2566 1992 2894 2064 ἀναγόμεθα.
2937 1996 3062 2049 Ὅτε
3099 1995 3207 2067 γὰρ
3247 1997 3393 2066 λέγοι
3424 2016 3528 2062 τις,
3564 2000 3657 2054 ἵνα

2071 2080 2373 2151 νοήσωμεν,
2410 2083 2625 2149 πάντως
2657 2086 2847 2155 λόγους
2879 2088 3223 2158 συντίθησιν·
3258 2091 3348 2145 ὅτε
3371 2090 3429 2145 δὲ
3458 2093 3519 2145 τὸ
3549 2096 3653 2165 ρη-

2069 2170 2159 2225 θὲν
2186 2173 2425 2246 νοηθείη,
2450 2174 2683 2247 ἀπλοῖκὴ
2712 2178 2854 2231 κατά
2883 2180 2972 2231 τὸν
2992 2179 3116 2233 νοῦν
3143 2184 3175 2252 ἡ
3205 2181 3382 2236 ἔννοια
3405 2184 3613 2251 γίνεται
3632 2202 3649 2214 ·

2068 2265 2161 2318 καὶ
2195 2265 2412 2335 μᾶλλον,
2445 2268 2532 2321 ὅτε
2571 2270 2718 2323 ἁπλᾶ
2749 2272 2856 2325 είσι
2887 2272 2981 2325 καὶ
3012 2274 3395 2346 ἀσχημάτιστα
3421 2276 3490 2330 τά
3520 2275 3653 2348 περὶ

2065 2354 2141 2413 ὧν
2170 2359 2418 2431 λέγομεν.
2448 2362 2511 2414 El
2538 2361 2646 2434 γὰρ
2673 2365 2765 2416 καὶ
2781 2366 2874 2419 ἐπὶ
2896 2365 3006 2418 τῶν
3033 2366 3308 2438 αἰσθητῶν
3329 2368 3471 2423 οὕτω
3499 2369 3653 2423 νοοῦ-

2069 2467 2167 2521 μεν
2197 2450 2339 2503 κατά
2361 2452 2539 2522 ἁπλῆν
2568 2471 2688 2508 τινα
2717 2455 2995 2527 επιϐολὴν,
3028 2458 3179 2529 πόσῳ
3208 2475 3273 2527 γε
3309 2459 3508 2529 μᾶλλον
3553 2462 3651 2518 ὲπὶ

2063 2538 2171 2590 τῶν
2216 2538 2454 2609 νοητῶν;
2486 2541 2589 2594 Διά
2618 2542 2672 2595 τί
2703 2543 2760 2599 δὲ
2796 2544 3089 2617 ζητοῦμεν,
3118 2549 3264 2612 ὅπως
3309 2549 3448 2621 πρὸς
3481 2550 3651 2605 ἁπλόφ

2062 2646 2199 2699 τητα
2224 2631 2625 2704 ἀναχθείημεν;
2652 2636 2738 2689 ἵνα
2764 2636 2838 2709 μὴ
2863 2637 3124 2710 πάθωμεν
3146 2652 3241 2693 και
3267 2641 3425 2712 ἡμεῖς
3446 2643 3649 2699 ταύτὸν

2059 2724 2171 2785 τοῖς
2204 2724 2416 2788 πολλοῖς
2445 2725 2674 2793 ἀνιέρως
2694 2726 2873 2781 νοοῦσι
2898 2728 2967 2782 τὰ
2991 2730 3132 2801 ίερά,
3161 2730 3301 2816 ὥστε
3336 2734 3650 2800 πολύποδας

2060 2812 2155 2865 καὶ
2184 2813 2648 2885 πολυπροσώπους
2682 2817 3105 2890 ὐπολαμδάνειν,
3138 2812 3233 2875 καὶ
3280 2824 3421 2877 κατά
3466 2828 3646 2901 κτήνη

2058 2910 2150 2961 καὶ
2202 2910 2365 2982 θηρία
2410 2916 2798 2984 τετυπωμένας
2845 2917 2945 2981 τὰς
2988 2919 3247 2991 οὐρανίας
3292 2920 3572 2994 δυνάμεις,
3608 2925 3643 2996 ἢ

2056 3004 2149 3056 καὶ
2173 3003 2349 3058 ἀετῶν
2381 3001 2521 3070 εἶδος
2546 3008 2799 3078 ὲχούσας,
2831 3011 2863 3081 ἢ
2894 3012 2990 3066 καὶ
3026 3014 3244 3083 πτηνῶν
3278 3018 3641 3087 πτεροφυῖαν,

2054 3090 2237 3155 καθὼς
2269 3095 2325 3145 ὲν
2354 3094 2433 3164 τῷ
2480 3095 2739 3169 Ἰεζεκιὴλ
2777 3098 3038 3170 εὓρηται·
3075 3101 3169 3153 καὶ
3196 3103 3423 3173 τροχοὺς

373 3150 433 3197 et
457 3147 656 3203 multas
684 3150 854 3209 facies
885 3157 1108 3224 habere,
1155 3172 1211 3216 et
1241 3166 1309 3218 ad
1343 3168 1610 3237 pecudum
1641 3170 1952 3228 {crurumve

377 3235 580 3271 fur-mna
618 3239 929 3271 αὔτη-...ημη
1001 3249 1081 3271 -.ηι
1136 3254 1276 3271 ..-η-ι
1607 3261 1618 3271 .

2217 3147 2234 3155 -
2404 3147 2415 3164 ,
2500 3147 2503 3148 ν
2780 3147 3004 3170 --τ-.-ν
3076 3147 3169 3153 ----
3206 3147 3222 3153 ν
3270 3147 3420 3171 Ἂν-.
3458 3147 3611 3175 mr—

2059 3187 2164 3251 δεις
2201 3189 2630 3261 ὐπερουρανίους
2672 3194 3061 3263 φαντάζεσθαι,
3104 3198 3199 3250 καλ⁵
3234 3147 3462 3269 θρόνους
3502 3199 3645 3271 πρὸς

377 3235 582 3292 fortnas
618 3239 955 3312 etl'ormatas,
1001 3249 1083 3304 vel
1131 3235 1438 3323 aquilarum
1470 3261 1710 3328 speciem
1743 3278 1855 3331 pra:
1892 3281 1952 3321 se

374 3327 544 3393 ferre,
567 3342 660 3386 aut
684 3335 964 3394 volucrum
990 3341 1468 3411 plumescentiam,
1491 3327 1949 3422 quemadmodum

374 3417 430 3469 in
489 3417 773 3480 Ezechiele
827 3432 1128 3499 reperitur;
1221 3446 1277 3491 et
1324 3455 1393 3494 ne
1440 3417 1742 3512 cogitemus
1802 3457 1948 3505 rotas

373 3513 640 3578 quasdam
676 3517 863 3587 igneas
893 3538 1061 3593 supra
1090 3529 1317 3596 ctelum,
1362 3542 1418 3587 et
1458 3535 1623 3591 sellas
1656 3539 1722 3592 ad
1754 3542 1949 3596 seden-

373 3599 501 3654 dum
537 3611 998 3679 accommodatas,
1048 3627 1210 3689 atque
1257 3635 1430 3690 equos
1478 3639 1543 3679 ac
1582 3628 1849 3686 satellites
1893 3642 1951 3687 et

372 3706 713 3764 quzecunque
746 3700 848 3753 alia
881 3719 909 3757 a
942 3709 1226 3775 prophetis
1268 3715 1446 3769 sacris
1476 3717 1644 3774 variis
1680 3723 1947 3792 symbolis

370 3794 499 3838 sunt
530 3788 754 3843 tradita.
795 3792 1011 3850 Etenim
1052 3800 1264 3856 utiliter
1312 3804 1587 3877 theologia
1620 3788 1828 3869 similes
1858 3829 1948 3871 sa-

370 3890 496 3929 cras
549 3879 752 3937 formas
813 3888 978 3943 rebus
1041 3891 1226 3960 ﬁgurae
1282 3900 1602 3968 expertibus
1656 3906 1940 3973 adhibuit;

369 3967 571 4034 partim
601 3972 844 4039 quidem,
891 3990 949 4032 ut
995 3980 1335 4052 intelligendi
1362 3967 1586 4045 virium
1628 4006 1940 4055 nostrarum

370 4060 597 4115 haberet
634 4067 899 4121 rationem
926 4088 940 4135 ;
978 4076 1176 4140 partim
1209 4092 1357 4140 vero,
1388 4092 1445 4134 ut
1472 4086 1752 4154 puopriam
1779 4092 1937 4147 nobis

367 4161 424 4203 et
460 4159 870 4213 cuuuaturalem
902 4162 969 4217 ad
997 4180 1235 4234 superna
1268 4176 1595 4239 penetrandi
1626 4179 1768 4234 viam
1797 4197 1938 4251 prte-

365 4257 608 4309 pararet.
640 4248 695 4302 lu
725 4262 986 4320 quantum
1017 4257 1161 4314 enim
1192 4264 1451 4334 aquilam,
1484 4283 1536 4321 v.
1558 4286 1637 4337 ε..
1662 4274 1933 4343 nominat,

364 4338 475 4393 duo
527 4344 684 4399 nobis
732 4349 973 4404 maxima
1010 4368 1237 4422 praestat
1279 4373 1293 4409 :

1359 4360 1627 4429 siquidem
1684 4370 1841 4423 nobis
1885 4389 1953 4429 ex
1994 4384 2234 4436 assuetis

2056 3279 2335 3335 άνάκλισιν
2370 3283 2733 3354 ἐπιτηδείους,
2766 3287 2860 3341 καὶ
2895 3288 3114 3353 ἵππους,
3152 3290 3247 3342 καὶ
3277 3291 3639 3361 δορυφόρους,

2054 3370 2151 3423 ml.
2177 3371 2279 3425 ὅσα
2321 3372 2454 3427 ἀλλα
2486 3375 2637 3447 παρά
2673 3378 2782 3431 τῶν
2813 3379 2975 3450 ίερῶν
3015 3382 3312 3453 προφητῶν
3355 3383 3445 3437 διά
3474 3402 3642 3439 τινων

2054 3463 2314 3517 ποικίλων
2345 3466 2753 3538 παραδέδονται.
2789 3470 2900 3523 Καὶ
2937 3471 3047 3543 γὰρ
3088 3474 3413 3545 ἐπιτηδείως
3442 3477 3476 3546 ἠ
3514 3475 3639 3529 θεο-

2052 3552 2207 3622 λογία
2226 3558 2339 3620 τοῖς
2353 3559 2613 3624 τοιούτοις
2634 3561 2800 3633 ίεροῖς
2818 3568 3218 3636 σχηματισμοῖς
3234 3568 3449 3623 ἐπὶτῶν
3471 3570 3639 3640 ἀσχηο

2055 3646 2331 3718 ματίστων
2372 3650 2660 3722 ἐχρήσατο,
2687 3654 2802 3724 ἁμα
2828 3656 2926 3725 μὲν
2961 3656 3060 3728 τὴν
3097 3657 3326 3729 δύναμιν
3358 3659 3453 3713 τοῦ
3491 3662 3637 3731 ἡμε-

2048 3738 2211 3809 τέρου
2244 3740 2363 3820 νορς
2395 3743 2732 3815 σκεψαμένη,
2781 3746 2897 3818 ἃμα
2928 3746 2985 3799 δὲ
3027 3751 3122 3802 καὶ
3154 3749 3250 3803 τοῦ
3296 3753 3498 3806 οἰκείου
3537 3756 3636 3808 καὶ

2050 3832 2331 3902 συμφυοῦς
2378 3834 2478 3905 τῆς
2511 3836 2802 3907 ἀναγωγῆς
2835 3843 3200 3912 προνοήσασα.
3251 3844 3339 3897 Ἐν
3382 3846 3492 3917 ὅσῳ
3521 3848 3637 3921 γὰρ

2047 3918 2195 3989 λέγει
2214 3923 2377 3992 τυχὸν
2403 3924 2581 3990 ἀετὸν,
2604 3926 2698 3979 δύο
2727 3932 3125 3997 κατασκευάζει
3153 3934 3221 3989 τά
3253 3936 3505 4006 μέγιστα,
3534 3918 3634 3992 καλ

2047 4013 2180 4083 ἡμῖν
2206 4016 2319 4076 τοῖς
2354 4016 2605 4088 συνήθεσι
2632 4021 2887 4092 γνωρίζει
2916 4024 2987 4077 τά
3016 4028 3336 4098 πράγματα,
3378 4031 3473 4083 καὶ
3501 4033 3633 4085 τού-

2042 4118 2155 4165 τοις
2181 4103 2437 4172 φυλάττει
2455 4109 2516 4161 τὸ
2539 4112 2805 4181 συμφυές*
2828 4114 2891 4167 τὸ
2912 4116 3020 4189 γὰρ
3038 4119 3324 4192 ὀξυδερκὲς
3348 4124 3441 4176 καὶ
3461 4126 3632 4195 ταχύ-

2046 4208 2205 4247 τατον
2237 4196 2330 4249 καὶ
2360 4194 2469 4251 οἷον
2503 4200 2883 4275 ὐπερηρμένον
2914 4208 3023 4262 τῶν
3050 4210 3319 4282 οὐρανίων
3342 4213 3630 4285 δυνάμεων

2045 4287 2399 4359 παρεδήλωσε
2419 4308 2432 4321 ·
2465 4293 2559 4347 καὶ
2590 4295 2686 4349 ἐπὶ
2710 4297 2820 4352 τῶν
2845 4299 3020 4356 ἄλλων
3048 4304 3107 4356 δὲ
3134 4305 3413 4371 ὡσαύτως.

2297 4400 2384 4439 res
2418 4386 2568 4456 ipsas
2605 4390 2874 4459 declarat,
2934 4396 3129 4466 iisque,
3172 4402 3320 4468 quod
3354 4412 3630 4455 conualu-

2298 4435 2379 4439 _--
2419 4435 2566 4456 -.ν-ν.-
2607 4435 2874 4459 ν--κ---ιινν
2934 4435 3129 4466 ιισῚυυ’
3172 4435 3319 4468 ιιιιυυ
3354 4435 3627 4455 ιιυιιιηιιιι-

363 4435 477 4489 rale
508 4446 629 4503 est,
674 4452 861 4495 servat
896 4462 909 4498 :
943 4462 1069 4501 nam
1104 4461 1157 4504 et
1188 4456 1451 4509 cernendi
1484 4472 1709 4515 acmneu
1739 4478 1807 4519 ac
1856 4470 2218 4539 celeritatem,
2254 4481 2500 4549 adeoque
2555 4486 2984 4553 przecellemiam
3012 4492 3271 4549 γίτωιυιη
3315 4497 3627 4552 caelesti“...

368 4530 659 4553 .lA..l._-,__-2.
714 4545 797 4553 -.η
914 4538 925 4549 ο
1032 4543 1083 4553 ι..
1182 4546 1193 4553 .
1263 4546 1316 4553 ...

363 4530 682 4597 declaravit,
709 4545 874 4604 atque
912 4538 964 4594 in
993 4543 1115 4596 aliis
1148 4546 1435 4603 similiter.

435 4619 463 4690 §
509 4623 572 4676 ll.
617 4624 754 4681 lliuc
786 4630 1059 4687 concludit
1094 4640 1367 4701 quomodo
1410 4655 1659 4710 oporteat
1700 4662 1798 4717 per
1848 4666 1936 4706 res
1970 4656 2015 4711 Ι)
2115 4654 2143 4726 §
2180 4655 2241 4709 ll.
2302 4659 2578 4717 Ἐντεῦθεν

358 4713 653 4771 dissimiles
682 4734 745 4772 ac
776 4730 1024 4777 terrenas
1052 4729 1305 4784 cmlestes
1334 4732 1610 4802 explicare
1641 4756 1656 4804 ;
1703 4742 1884 4810 aitque
1909 4760 1925 4799 :

357 4808 513 4875 Quod
547 4813 590 4863 si
614 4812 717 4881 21
750 4816 836 4868 cui
883 4819 1169 4875 videantur
1210 4838 1380 4880 sacrae
1416 4829 1633 4897 quidem
1680 4808 1930 4891 ﬁctiones

353 4903 891 4976 cumpositiouesque
912 4914 1295 4980 approbaudze,
1330 4920 1487 4988 quasi
1509 4936 1613 4975 non
1636 4924 1742 4978 alio
1761 4940 1926 4993 quam

358 4996 460 5047 huc
497 4994 684 5059 modo,
731 4999 801 5051 ita
832 5014 954 5066 quae
984 5005 1035 5055 iu
1086 5020 1145 5060 se
1173 5022 1518 5077 permanent,
1564 5025 1619 5069 et
1653 5018 1928 5088 incognita

355 5097 521 5154 atque
548 5087 955 5156 iuaspectabilia
990 5097 1289 5163 exsistunt,
1308 5104 1563 5169 cegnosci
1592 5119 1815 5175 queant,
1834 5112 1930 5167 ab-

354 5179 551 5231 surdas
581 5189 766 5233 autem
810 5182 1088 5239 existimet
1115 5188 1447 5258 cjuscemodi
1475 5200 1926 5269 compositiones,

355 5271 432 5322 uti
463 5279 520 5324 et
548 5286 767 5326 onmem
807 5274 952 5328 illam
1002 5280 1190 5334 rudem
1233 5287 1605 5355 angelicorum
1638 5293 1925 5348 nominum

351 5361 825 5419 adutubrationem
847 5368 961 5422 sive
984 5383 1231 5432 scenam.
1259 5376 1537 5447 Siquidem
1578 5393 1635 5437 ut
1667 5386 1722 5439 in
1758 5402 1923 5441 scena

350 5452 441 5507 alii
484 5464 611 5509 sunt
654 5457 748 5524 qui
780 5461 999 5526 adsunt,
1034 5465 1265 5521 aliorum
1310 5485 1437 5524 vero
1481 5489 1745 5543 personas
1776 5480 1925 5535 reie-

351 5553 502 5608 I'unl,
530 5548 606 5602 ita
635 5558 691 5601 et
720 5549 809 5604 hic
847 5554 950 5607 alia
981 5562 1282 5625 proposita,
1313 5564 1407 5617 sed
1432 5565 1539 5619 alio
1569 5568 1729 5621 modo
1756 5585 1920 5638 quam

349 5636 640 5703 exsistant,
663 5639 994 5700 referuntur.
1046 5652 1124 5706 Ac
1170 5655 1368 5709 decere
1422 5656 1643 5726 quidem
1700 5636 1793 5714 ille
1844 5661 1922 5713 ait

352 5727 652 5799 theologos,
702 5749 823 5790 cum
872 5753 935 5795 ea
986 5756 1104 5811 quae
1156 5743 1327 5815 ﬁgura
1372 5761 1564 5807 carent
1606 5756 1917 5823 exprimere

2622 4672 3041 4737 κατασκευάζει,
3087 4675 3206 4739 πῶς
3250 4680 3357 4752 χρὴ
3394 4683 3488 4735 καὶ
3531 4684 3628 4743 διὰ

2036 4744 2145 4800 τῶν
2169 4748 2435 4819 ἀνομοίων
2455 4755 2549 4808 καὶ
2572 4756 2865 4826 χθαμαλῶν
2888 4744 3587 4841 ἐκφαίνεσθαι-τάοὐράνια
3604 4791 3624 4806 ·

2036 4837 2129 4889 καί
2178 4857 2369 4911 φησιν·
2400 4844 2464 4897 Εἰ
2504 4845 2562 4900 δέ
2596 4864 2699 4900 τινι
2760 4851 2907 4905 δοκεῖ
2957 4854 3313 4925 ἀποδέχεσθαι
3368 4837 3469 4931 μέν
3518 4864 3625 4928 τὰς

2038 4929 2431 5002 ἱερογραφικάς
2482 4939 2758 5006 συνθέσεις
2802 4945 2897 4997 καὶ
2940 4946 3010 4998 τὰ
3053 4929 3379 5021 πλάσματα,
3419 4956 3497 5019 ὡς
3540 4958 3623 5030 μὴ

2036 5021 2213 5087 ἄλλως
2256 5025 2398 5091 ἐνὸν,
2442 5031 2490 5081 εί
2542 5030 2617 5102 μὴ
2661 5033 2832 5098 οὕτως
2862 5036 2931 5089 τὰ
2964 5038 3114 5092 ἁπλᾶ
3146 5043 3241 5095 καὶ
3273 5045 3358 5112 ἐφ’
3406 5021 3621 5103 ἑαυτιῦν

2042 5115 2290 5186 μένοντα,
2321 5121 2413 5173 καὶ
2445 5122 2696 5191 ἄγνωστα
2722 5128 2818 5179 καὶ
2846 5128 3134 5201 άθεώρητα
3160 5135 3493 5206 ὑπάρχοντα,
3524 5157 3619 5208 γι-

2037 5206 2339 5264 νώσκεσθαι
2358 5229 2371 5241 ’
2393 5214 2628 5278 ἀτόπους
2648 5217 2704 5269 δὲ
2726 5218 2898 5273 οἴεται
2917 5221 3016 5285 τὰς
3029 5225 3289 5291 τοιαύτας
3312 5229 3618 5298 συνθέσεις,

2036 5300 2131 5352 καὶ
2179 5303 2360 5355 πᾶσαν
2407 5307 2507 5377 τὴν
2560 5306 2831 5379 ἀπότομον
2897 5312 3102 5387 ταύτην
3146 5317 3256 5371 τῶν
3304 5320 3620 5389 ἁγγελικῶν

2031 5391 2311 5462 ὀνομάτων
2357 5400 2578 5469 σκηνήν.
2643 5400 2729 5462 Ὠς
2761 5402 2869 5474 γὰρ
2912 5405 2969 5458 ὲν
3000 5409 3067 5478 τῇ
3102 5414 3274 5481 σκηνῇ
3316 5413 3465 5467 ἄλλοι
3511 5416 3617 5485 μέν

2032 5482 2169 5536 εἰσιν
2191 5485 2241 5537 οί
2269 5486 2553 5557 παρόντες,
2579 5490 2795 5560 ἐτέρους
2820 5493 2876 5545 δὲ
2902 5496 3287 5570 ὑποκρίνονται
3305 5520 3319 5533 ’
3352 5482 3616 5561 οὕτωκαὶ

2028 5574 2259 5628 ἐνταῦθα
2280 5577 2415 5631 ἄλλα
2442 5579 2542 5649 μέν
2562 5583 2666 5634 εἰσι
2687 5580 2758 5635 τὰ
2779 5585 3133 5659 ὑποκείμενα,
3152 5595 3247 5647 καὶ⁸
3262 5594 3617 5670 ἀλλοτρόπως

2028 5665 2294 5735 λέγονται.
2344 5672 2451 5724 Καὶ
2485 5674 2735 5743 πρέπειν,
2783 5680 2948 5747 φησὶν
2994 5683 3221 5751 ἐκεῖνος,
3257 5691 3385 5753 τοὺς
3426 5665 3619 5745 θεολό-

2030 5774 2178 5827 γους,
2215 5760 2570 5833 βουλομένους
2597 5766 2663 5822 τὰ
2695 5769 3035 5826 ἀνεικόνιστα
3066 5777 3352 5848 είκονίσαι,
3383 5783 3617 5850 οἰκείοις
