3916 6234
196 343 297 397 ἵῦὂ

725 336 813 391 DE
844 327 1172 392 C(ELESTI
1214 322 1657 387 i‘llEBARCHlA,
1697 321 1788 378 ΟΝ

1891 319 1958 374 ll.
1992 346 2064 363 η·-
2098 312 2449 369 ΡΑΒᾸΡΗΚ.
2487 308 2965 367 ΡΑΕΗῨΜΕΗᾹΕ.

3355 306 3459 364 ιδι

193 450 286 503 καὶ
313 445 644 516 συγγενέσιν
666 442 941 513 ἐκφαίνειν
968 436 1389 510 σχηματισμοῖς,
1415 435 1481 487 ἐκ
1509 432 1620 486 τῶν
1654 432 1784 501 παρ’

1891 427 2099 493 volunt,
2147 425 2385 496 propriis
2420 423 2508 477 illa
2547 422 2908 493 cognatisque
2950 419 3260 487 etfurmare,
3299 421 3461 478 exiis

190 544 323 612 ήμίν
353 538 708 609 τιμιωτάτων
741 536 835 588 καὶ
866 532 1045 586 ἀΰλων
1073 530 1277 593 ποσῶς,
1310 526 1551 599 δηλονότι
1580 526 1646 579 ἐκ
1675 523 1785 577 τῶν

191 629 580 702 ἀνθρωπίνων,
622 627 716 680 καὶ
754 626 829 697 μὴ
858 622 918 690 ἐξ
950 622 1161 691 ἀλόγων
1192 621 1227 690 ἢ
1276 620 1368 673 καὶ
1400 617 1621 689 ἀψύχων
1642 633 1656 645 ·
1692 614 1786 668 καὶ

193 724 267 795 μὴ
304 704 663 793 περιτιθέναι
694 716 1069 786 πολυμοριρίας
1112 713 1331 776 ὲνύλους
1370 714 1491 774 ταῖς
1524 712 1785 780 ὑπερκει-

193 817 387 889 μέναις
416 814 740 884 ἀπλότησιν.
784 810 939 865 Οὖτω
963 808 1072 880 γὰρ
1100 807 1165 861 ἂν
1199 805 1357 876 εἴπερ
1380 802 1663 874 ἐποίησαν,
1693 800 1787 855 δύο

189 905 422 976 ἔμελλον
451 905 683 975 ποιῆσαι
718 902 787 954 τά
836 899 1035 968 ἀγαθὰ,
1072 899 1164 950 καὶ
1199 898 1345 969 ἡμᾶς
1385 896 1606 963 ἀνάγειν
1652 892 1787 963 πρὸς

189 998 486 1069 κρείττονα
537 997 631 1049 καὶ⁸
664 993 999 1065 ὑψηλοτέραν
1039 990 1270 1053 ἔννοιαν,
1310 988 1404 1042 καὶ
1442 986 1512 1039 τὰ
1550 984 1788 1056 ὑπερκό-

192 1105 329 1159 σμια
361 1088 440 1159 μὴ
476 1086 740 1155 κατάγειν
776 1085 871 1137 καὶ
896 1081 1126 1153 ἀτιμοῦν
1146 1099 1159 1111 ·
1194 1081 1273 1151 τῷ
1298 1079 1406 1150 γὰρ
1448 1077 1619 1140 οὕτως
1646 1077 1789 1128 είκο-

190 1183 493 1250 νογραφεῖν
529 1178 619 1232 διὰ
642 1176 751 1230 τῶν
774 1174 1068 1246 ἀλλοτρίων
1093 1174 1428 1234 παντάπασι,
1454 1169 1546 1223 δύο
1575 1162 1787 1222 ποιόὖσι

188 1272 259 1326 τὰ
292 1273 581 1343 χείριστα,
627 1272 689 1324 τό
733 1288 791 1323 τε
828 1270 907 1332 είς
939 1266 1009 1320 τὰ
1056 1266 1175 1318 θεῖα
1202 1263 1525 1336 ἐξυϐρίζειν,
1568 1262 1661 1314 καλ
1690 1258 1788 1331 τὴν

187 1364 475 1434 ἡμετέραν
518 1360 838 1432 ἀποπλανᾷν
871 1358 1108 1416 διάνοιαν
1141 1358 1222 1418 είς
1250 1355 1350 1418 τάς
1375 1354 1621 1425 ἀνιέρους
1650 1368 1789 1421 συμ-

186 1455 425 1518 πλάσεις
448 1452 913 1524 ἐναπομένουσαν.
932 1451 1041 1504 Καὶ
1064 1449 1205 1519 τάχα
1228 1448 1320 1501 καί
1342 1464 1426 1510 τις
1452 1444 1789 1516 ὑπολήψαιτο

184 1548 418 1600 τοιαῦτα
439 1547 514 1599 τὰ
537 1546 928 1617 ὑπερουράνια,
953 1541 1093 1628 ὥστε
1118 1543 1212 1594 καὶ
1234 1540 1452 1602 λέοντας
1472 1539 1567 1591 καὶ
1588 1538 1789 1598 ἵππους

185 1637 351 1705 εἶναι,
382 1641 483 1693 καὶ
513 1640 659 1691 κατά
688 1638 815 1700 τοὺς
847 1635 975 1706 βόας
1006 1632 1282 1705 μυκᾶσθαι
1312 1632 1411 1703 τὴν
1442 1627 1786 1700 ὑμνολογίαν,

186 1735 279 1786 καὶ
311 1733 419 1796 τάς
451 1735 638 1785 ἐκεῖσε
669 1728 1105 1800 ταγματαρχίας,
1137 1724 1409 1797 ὀρνιθείας
1462 1719 1790 1791 ἀγελαρχίας

184 1820 348 1886 εἶναι,
400 1793 503 1877 καὶ
535 1821 653 1886 ζῶα
682 1793 870 1890 ἕτερα,
919 1793 1013 1873 καὶ
1042 1793 1183 1880 ὔλας
1218 1817 1385 1879 ἄλλας
1431 1812 1784 1885 ἀτιμοτέρας,
1819 1793 1860 1850 Β

184 1919 278 1971 καὶ
300 1920 409 1970 ὅσα
446 1916 608 1981 ἄλλα,
642 1914 777 1987 πρὸς
803 1913 864 1965 τὸ
889 1912 1087 1965 ἄτοπον
1116 1913 1210 1965 καὶ
1242 1911 1391 1977 ξένον
1420 1909 1513 1963 καλ⁵
1543 1905 1787 1978 ἐμπαθὲς

184 2008 595 2072 ἀποπεσοῦσαι,
642 2009 697 2061 αἱ
743 2003 992 2059 τοιαῦται
1030 2004 1272 2073 ἀνόμοιοι
1307 2002 1621 2074 ὁμοιότητες
1694 2001 1788 2052 καὶ

185 2099 333 2167 ξέναι
384 2099 605 2162 εἰκόνες
654 2096 870 2151 ποιοῦσι
933 2094 1318 2163 φαντάζεσθαι.
1378 2095 1440 2147 Εἰ
1485 2092 1656 2147 ταῦτα
1704 2108 1791 2154 τις

181 2191 333 2259 λέγει
384 2193 485 2244 καὶ
500 2190 915 2261 διισχυρίζεται,
945 2188 1055 2244 ἀλλ’
1082 2188 1233 2259 ήτῆς
1254 2186 1509 2258 ἀληθείας
1536 2186 1784 2257 ζήτησις,

183 2286 273 2337 καὶ
308 2286 343 2354 ἡ
395 2282 652 2353 ἡμετέρα
697 2280 964 2352 ἑρμηνεία
1012 2297 1072 2333 τε
1121 2280 1216 2333 καὶ
1258 2278 1519 2349 ἐξήγησις
1566 2280 1623 2331 ἐν
1666 2281 1790 2341 ταῖς

182 2377 470 2437 τοιαύταις
520 2372 837 2445 μορσώσεσι
881 2374 981 2444 τὴν
1018 2372 1212 2441 σοφίαν
1267 2372 1513 2443 εὑρίσκει
1556 2389 1789 2445 προνοη-

184 2470 437 2541 σαμένην
462 2469 562 2522 καὶ
584 2468 692 2520 τῶν
725 2468 819 2521 δύο
843 2468 1045 2539 μερῶν,
1067 2466 1224 2537 ἡμῶν
1243 2484 1303 2519 τε
1324 2465 1433 2519 τῶν
1461 2468 1787 2534 ἀκουόντων,

182 2564 464 2617 κάκείνων
498 2564 632 2633 περὶ
662 2556 736 2613 ὧν
767 2561 895 2623 τοὺς
934 2560 1125 2627 λόγους
1169 2558 1481 2612 ποιοῦνται·
1529 2560 1605 2623 ὼς
1651 2562 1789 2631 μήτε

182 2655 403 2718 ἐκείνας
435 2652 846 2725 ἐνυϐρίζεσθαι,
882 2654 1019 2723 μήτε
1059 2651 1163 2721 μὴν
1206 2653 1353 2722 ἡμᾶς
1387 2653 1653 2723 ἐμπαθῶς
1705 2654 1790 2705 ἐν-

181 2748 490 2819 απομένειν
530 2750 651 2808 ταῖς
679 2745 958 2809 τοιαύταις
996 2744 1366 2815 ταπεινότησι.
1401 2744 1463 2797 Τί
1493 2744 1551 2797 δέ
1580 2747 1725 2798 ἐστιν
1753 2746 1787 2816 ἡ

181 2840 493 2911 ἀτιμοτέρα
519 2837 641 2909 ὖλη,
673 2839 767 2890 καὶ
797 2837 846 2889 τί
871 2837 931 2889 τὸ
953 2836 1152 2889 ἄτοπον
1178 2836 1275 2889 καὶ
1307 2835 1455 2902 ξένον
1483 2838 1577 2888 καὶ
1609 2837 1790 2906 ἐμπα-

182 2933 290 2995 Θές,
324 2933 502 3003 φησιν
532 2934 560 2984 ὁ
616 2928 900 3001 Ίεζεκιὴλ,
936 2930 1013 2993 ὡς
1040 2933 1295 3002 ὁμοίωμα
1324 2928 1626 2999 ἑωρακέναι
1656 2927 1786 2999 θρό-

180 3038 295 3085 νου,
335 3024 436 3075 καὶ
478 3023 558 3083 ὼς
603 3021 857 3091 ὁμοίωμα
892 3020 1124 3085 λέοντος.
1180 3023 1235 3076 Ὀ
1272 3021 1459 3093 θρόνος
1491 3020 1787 3093 ἀτιμοτέρα

182 3113 283 3183 ὕλη
324 3112 427 3165 τοῦ
464 3114 702 3175 λέοντος,
740 3114 823 3165 ὅτι
871 3113 1037 3176 αὐτὸς
1068 3114 1165 3183 μὲν
1215 3112 1441 3182 ἄψυχος,
1489 3114 1518 3165 ὁ
1560 3113 1617 3165 δέ
1651 3111 1787 3165 λέων
1814 3130 1857 3187 α

183 3203 435 3273 ἔμψυχος
456 3221 470 3233 ·
504 3202 655 3269 ξένον
683 3203 739 3256 δὲ
768 3205 862 3256 καὶ
892 3204 1092 3257 ἄτοπον
1116 3204 1211 3258 καὶ
1242 3204 1483 3274 ἐμπαθές
1509 3206 1674 3267 ἐστιν,
1704 3203 1788 3256 ὅτι

180 3296 242 3347 τὸ
262 3295 694 3367 λεοντόμορφον,
719 3296 949 3367 θυμικόν
970 3313 1024 3349 τι
1056 3295 1328 3366 σημαίνει·
1348 3296 1518 3349 καὶτὸ
1540 3295 1790 3366 μόσχειον

182 3384 347 3449 εἶδος,
382 3385 826 3457 ἐπιθυμητικόν·
869 3389 1029 3442 ἆτινα
1060 3387 1207 3457 πάθη
1239 3388 1333 3441 xal.
1373 3388 1581 3457 μεγάλα
1614 3388 1791 3460 ὑπάρ-

182 3497 396 3549 χουσιν.
433 3480 515 3532 UO
543 3480 624 3533 δεῖ
642 3481 771 3548 γοῦν
799 3480 1065 3551 ἐμπαθῶς
1084 3480 1259 3535 ταῦτα
1286 3484 1448 3534 νοεῖν.
1493 3482 1605 3534 Kal.
1633 3480 1788 3553 πρῶ-

183 3590 274 3625 τον
301 3573 406 3643 μὲν
433 3572 797 3637 δεικνύουσιν,
820 3574 903 3627 ὅτι
933 3575 1028 3627 καὶ
1056 3573 1383 3645 ἀμφοτέρων
1414 3575 1790 3645 προύνοήσατο

186 3669 221 3739 ἠ
252 3669 421 3737 σοφία
451 3667 551 3723 τοῦ
581 3668 719 3721 Θεοῦ
751 3668 895 3722 οὕτω
919 3670 1217 3740 ποιήσασα,
1248 3671 1342 3723 καὶ
1372 3671 1527 3740 ήμῶν
1558 3671 1652 3722 καὶ
1679 3669 1788 3723 τῶν

185 3764 461 3835 οὐρανίων
490 3762 719 3815 ἐκείνων
739 3779 752 3792 ·
782 3762 943 3833 ἡμῶν
968 3764 1088 3832 μὲν,
1120 3763 1203 3815 ὅτι
1241 3763 1415 3826 ἄλλως
1450 3763 1550 3816 οὐκ
1581 3758 1649 3833 ἦν
1681 3780 1787 3833 μα-

187 3855 303 3908 θεῖν
328 3856 401 3908 τά
429 3853 660 3908 τοιαῦτα
681 3872 694 3885 ·
730 3855 957 3908 ἐκείνων
985 3856 1063 3919 δὲ,
1095 3858 1198 3922 ὅτι,
1224 3858 1302 3920 ὼς
1333 3856 1590 3927 μυστικὰ,
1614 3855 1789 3919 οὕτως

184 3947 529 4017 ἀπορρήτως
571 3946 667 3999 καὶ
697 3947 798 3999 οὐκ
831 3946 1007 4010 ἄλλως
1055 3947 1163 4000 ἔδει
1207 3947 1578 4016 ἐκφαίνεσθαι.
1633 3945 1789 3999 Μετά

188 4040 367 4092 ταῦτα
408 4038 467 4091 δὲ
502 4037 688 4102 δείξει,
733 4036 854 4101 πῶς
889 4037 951 4088 οὐ
998 4037 1317 4108 λυμαίνεται
1347 4040 1461 4100 τοῖς
1498 4038 1789 4109 πράγμασι

187 4129 251 4181 τὸ
280 4130 636 4197 ἀπεμφαίνον
680 4128 776 4180 καὶ
825 4117 1079 4197 ἀνόμοιον
1109 4127 1220 4179 τῶν
1260 4126 1630 4198 εἰκασμάτων.
1678 4127 1789 4179 Kal.

188 4218 253 4288 δή
291 4235 483 4289 φησιν,
515 4219 595 4270 ὅτι
625 4217 851 4281 εἰκότως
881 4218 1227 4288 προτίθενται
1255 4221 1304 4271 οί
1332 4218 1492 4271 τύποι
1527 4217 1636 4271 τῶν
1662 4219 1790 4272 ἀτυ-

191 4306 416 4370 πώτων,
452 4306 677 4359 καὶτῶν
702 4308 1125 4378 ἀσχηματίστων
1146 4307 1213 4362 τὰ
1245 4310 1346 4379 σχή
1356 4326 1519 4379 ματα⁸
1541 4309 1601 4361 οὐ
1630 4309 1789 4379 μόνον

188 4399 277 4451 διὰ
292 4400 356 4452 τὸ
374 4401 645 4472 ἡμέτερον
676 4399 920 4465 ἀσθενὲς,
943 4401 1017 4472 μὴ
1045 4403 1171 4455 οἴων
1198 4419 1256 4454 τε
1276 4402 1443 4455 ὀντων
1461 4402 1681 4472 ἀμέσως
1696 4403 1790 4454 καὶ

1890 520 2054 592 rebus
2081 534 2201 588 qum
2233 518 2374 587 apud
2409 532 2507 571 nos
2540 514 2959 585 pretiosissimae
2986 522 3137 577 sunt,
3168 512 3461 583 minusque

1886 612 2225 677 materiales,
2252 609 2403 665 verbi
2434 610 2627 680 gratia,
2661 607 2918 663 humanis
2945 616 3001 661 et
3028 621 3133 660 non
3170 605 3465 678 irrationa-

1890 703 2020 757 lium
2072 712 2238 771 atque
2290 701 2725 755 iuanimatarnm
2773 713 2954 752 rerum
3010 697 3246 766 ﬁguris:
3287 710 3466 766 neque

1890 795 2200 850 materiales
2244 791 2709 847 multiformitates
2736 790 3008 860 supremis
3050 788 3157 842 illis
3197 788 3465 842 maxime-

1889 903 1996 956 que
2027 886 2367 957 simplicibus
2395 886 2561 940 rebus
2594 883 2954 953 allingeudas.
2991 883 3102 937 lloc
3135 882 3281 936 enim
3315 881 3358 934 si
3388 880 3466 934 fe-

1889 979 2122 1041 cissent,
2157 980 2265 1034 duo
2288 979 2430 1033 bona
2464 977 2888 1047 praestitissent;
2932 990 3057 1030 cum
3086 990 3186 1028 nos
3226 973 3292 1027 ad
3320 987 3464 1045 prae-

1891 1072 2210 1125 stantiorem
2234 1070 2719 1139 sublimioremque
2735 1069 3119 1139 cogitationem
3138 1066 3463 1129 erexissent,

1893 1172 2002 1216 tum
2039 1163 2139 1217 ista
2167 1160 2631 1231 supermuudialia
2682 1175 2787 1212 non
2828 1160 2902 1212 ita
2950 1158 3275 1224 dejecissent
3302 1166 3358 1210 et
3384 1158 3469 1209 in-

1890 1255 2275 1309 honorassent.
2292 1252 2411 1307 Jam
2439 1268 2569 1307 vero
2592 1251 2683 1305 illa
2711 1251 2790 1305 sic
2815 1250 3010 1304 alienis
3033 1250 3256 1304 omnino
3281 1247 3467 1317 figuris

1890 1345 2275 1408 describenda,
2306 1343 2443 1399 duas
2482 1358 2572 1397 res
2618 1343 2886 1411 pessimus
2927 1341 3317 1405 cuunuittunt;
3354 1350 3465 1392 tuin

1890 1440 2033 1509 quod
2066 1452 2152 1492 res
2181 1437 2398 1491 divinas
2438 1434 2839 1489 contumeliose
2874 1443 3145 1497 tractent;
3180 1444 3289 1485 tum
3322 1431 3465 1499 quod

1892 1530 2227 1585 intellectum
2275 1537 2520 1582 nostrum
2550 1529 2604 1581 in
2630 1541 2876 1581 errorem
2926 1524 3209 1589 inducant,
3240 1523 3464 1577 sacrile-

1891 1638 2080 1693 gisque
2108 1620 2604 1689 compositionibus
2627 1626 2825 1687 cogant
2853 1618 3141 1671 inhaerere.
3172 1615 3238 1668 Et
3265 1616 3465 1669 fortas-

1894 1712 1970 1765 sis
2000 1712 2165 1766 etiam
2197 1710 2399 1781 aliquis
2429 1710 2821 1779 suspicabitur,
2860 1723 2946 1762 res
2971 1706 3223 1763 caelestes
3253 1707 3464 1776 ejusce—

1890 1806 2033 1859 modi
2065 1806 2351 1869 exsistere,
2388 1813 2447 1857 ut
2492 1815 2546 1856 et
2580 1803 2766 1858 leones
2802 1804 2912 1855 sint
2944 1811 2999 1855 et
3024 1800 3167 1869 equi,
3197 1802 3467 1869 boumque

1891 1912 2041 1951 more
2068 1897 2258 1952 laudes
2287 1897 2553 1966 nmgiant,
2582 1907 2745 1964 atque
2773 1894 2970 1948 ibidem
2999 1904 3299 1947 turmarum
3325 1907 3465 1962 prae-

1890 1988 2133 2052 fecturm,
2153 1997 2207 2042 et
2233 1987 2537 2042 aviculares
2570 1986 2912 2056 principatus
2941 1986 3232 2046 exsistant,
3253 1984 3466 2052 aliaque

1890 2081 2171 2145 animalia,
2219 2079 2533 2134 materizcve
2579 2078 2703 2131 alia;
2738 2077 2980 2139 viliores,
3031 2086 3086 2130 et
3128 2089 3467 2145 quaecunque

1890 2172 2017 2235 alia,
2044 2171 2109 2225 ad
2143 2170 2402 2233 absurda,
2447 2170 2766 2238 peregrina,
2796 2167 3193 2238 passionesque
3231 2179 3467 2234 vergen-

1891 2267 1985 2330 tia,
2013 2261 2306 2317 dissimiles
2333 2261 2600 2328 ejusmodi
2638 2274 2702 2313 ac
2748 2261 3049 2329 peregrinae
3074 2257 3338 2328 imagines
3371 2273 3466 2312 co-

1891 2358 2250 2428 gitationibus
2298 2356 2588 2424 objiciunt.
2637 2354 2693 2408 Si
2740 2354 2865 2425 quis
2920 2358 3034 2407 tunc
3085 2351 3369 2419 objecerit,
3414 2358 3469 2403 et

1893 2450 2236 2521 indignetur;
2289 2448 2541 2502 veritatis
2586 2456 2769 2501 tamen
2818 2445 3120 2514 indagatio,
3174 2452 3468 2510 nostraque

1888 2542 2277 2612 interpretatio
2301 2553 2465 2611 atque
2494 2540 2792 2609 explicatio
2823 2539 2873 2592 in
2903 2537 3178 2591 similibus
3212 2535 3469 2590 eilorma-

1892 2636 2132 2690 tionibus
2176 2635 2402 2703 reperit,
2450 2632 2670 2701 utrique
2723 2632 2865 2699 parti
2910 2630 3237 2698 sapientiam
3292 2626 3470 2698 provi-

1891 2727 2055 2789 disse,
2101 2735 2209 2779 tam
2256 2725 2433 2790 nobis,
2477 2725 2723 2793 inquam,
2756 2721 3121 2783 auditoribus,
3155 2734 3320 2788 quam
3350 2718 3465 2772 illis

1891 2816 1959 2869 de
1987 2817 2184 2885 quibus
2208 2831 2392 2869 sermo
2421 2814 2772 2868 instituitur:
2807 2822 2865 2865 ut
2897 2826 3077 2880 neque
3112 2810 3245 2879 ipsis
3270 2808 3468 2875 injuria

1892 2906 2008 2972 (lat,
2042 2922 2221 2976 neque
2253 2920 2351 2959 nos
2376 2904 2713 2972 ejuscemodi
2743 2902 2940 2957 formis
2965 2901 3191 2968 abjectis
3221 2902 3467 2956 tenacius

1892 3000 2295 3054 adhmreamus.
2340 2998 2601 3063 Quaenam
2630 3005 2814 3050 autem
2857 2996 3018 3049 vilior
3067 2994 3156 3047 illa
3188 2995 3263 3048 sit
3298 3003 3471 3048 male.

1893 3090 1995 3153 ria,
2022 3090 2224 3158 quidve
2259 3088 2386 3142 illud
2427 3088 2725 3142 absurdum
2763 3102 2827 3140 ac
2852 3086 3222 3155 peregrinum,
3263 3093 3320 3139 et
3347 3100 3470 3153 pas-

1892 3181 2135 3235 sionibus
2160 3181 2484 3250 implexum,
2508 3181 2587 3233 ait
2613 3179 2885 3244 Ezechiel,
2908 3194 2936 3230 a
2963 3195 3022 3232 se
3050 3178 3218 3230 visam
3241 3191 3470 3232 narrans

1894 3275 2072 3329 throni
2104 3274 2543 3338 similitudinem,
2574 3282 2631 3326 et
2652 3272 2808 3342 quasi
2836 3270 3248 3325 similitudinem
3274 3270 3466 3327 leonis.

1890 3368 2145 3421 Thronns
2189 3368 2374 3435 utique
2404 3365 2560 3418 vilior
2590 3365 2816 3418 materia
2861 3362 3041 3429 leone,
3092 3363 3347 3431 quoniam
3380 3361 3470 3416 ille

1891 3460 2070 3513 anima
2122 3468 2295 3523 caret,
2346 3458 2432 3512 leo
2480 3471 2612 3510 vero
2656 3457 2842 3509 vivit:
2889 3455 3241 3525 peregrinum
3284 3463 3467 3507 autem

1889 3551 2019 3605 illud
2063 3560 2118 3604 et
2157 3549 2456 3604 absurdum
2510 3548 2972 3617 passionibusque
3018 3547 3316 3615 implexum
3358 3555 3467 3612 est,

1890 3645 2147 3713 quoniam
2179 3641 2354 3696 leonis
2384 3639 2559 3694 forma
2585 3639 2690 3692 vim
2721 3638 2993 3693 irascendi
3024 3638 3131 3707 22
3167 3635 3466 3705 signiﬁcat,

1889 3736 2154 3805 vitulique
2179 3736 2413 3805 species,
2443 3734 2554 3787 vim
2583 3730 3008 3799 concupiscendi
3034 3745 3051 3795 ;
3100 3744 3223 3799 qua:
3255 3728 3467 3797 passio-

1890 3843 1988 3883 nes
2012 3834 2067 3882 et
2095 3827 2311 3896 quidem
2342 3826 2693 3880 vehementes
2719 3834 2867 3879 sunt.
2896 3822 3010 3876 Non
3038 3831 3257 3892 Oportet
3284 3822 3469 3891 itaque

1889 3919 1980 3975 illa
2027 3918 2239 3988 patibili
2287 3919 2448 3972 modo
2497 3919 2770 3988 accipere.
2830 3918 2909 3971 Ac
2958 3915 3193 3987 primum
3246 3915 3467 3984 quidem

1890 4014 2204 4077 ostendunt,
2233 4011 2325 4065 Dei
2352 4010 2684 4080 sapientiam
2718 4010 2988 4079 utrisque,
3025 4018 3135 4062 tam
3168 4009 3324 4062 nobis
3354 4008 3468 4062 sci-

1892 4104 2018 4159 licet
2044 4118 2205 4174 quam
2240 4101 2532 4157 virtutibus
2568 4100 2910 4164 caelestibus,
2943 4101 3045 4153 hac
3092 4101 3309 4155 ratione
3339 4115 3469 4155 con-

1890 4197 2157 4253 suluisse:
2185 4195 2366 4258 nobis,
2383 4195 2628 4262 inquam,
2654 4193 2919 4262 quoniam
2944 4191 3102 4246 aliter
3129 4192 3231 4246 ista
3259 4192 3470 4246 discere

1891 4303 1997 4341 non
2027 4297 2342 4356 poteramus
2366 4302 2380 4350 ;
2409 4284 2515 4338 illis
2544 4300 2699 4350 vero,
2736 4284 2937 4352 quippe
2966 4283 3236 4353 mysticis,
3266 4297 3469 4336 conve-

1893 4384 2076 4437 niebat
2118 4381 2199 4436 sic
2235 4378 2453 4435 occulte
2487 4387 2543 4431 et
2578 4393 2683 4431 non
2718 4376 2878 4431 aliter
2912 4377 3199 4446 explicari.
3234 4376 3317 4429 Ad
3353 4375 3470 4429 haec

190 4490 314 4559 δίχα
354 4490 547 4545 τύπων
593 4493 686 4546 ἐπὶ
734 4492 835 4554 τὰς
879 4492 1078 4563 νοητὰς
1123 4493 1355 4566 θεωρίας
1392 4493 1784 4559 ἀνατείνεσθαι,

1894 4476 2109 4544 probat,
2149 4470 2422 4540 quomodo
2466 4468 2631 4524 rebus
2662 4468 2796 4537 ipsis
2839 4467 3230 4522 dissimilitudo
3275 4466 3367 4520 illa
3412 4475 3469 4522 et

191 4582 330 4634 ἀλλά
345 4583 438 4636 διὰ
457 4584 638 4654 μέσων
659 4584 993 4655 μορφώσεων
1013 4587 1275 4656 συμφυῶν
1292 4588 1386 4639 καὶ
1403 4588 1533 4657 ἡμῖν
1550 4584 1786 4653 οἰκείων,

188 4672 255 4735 ἃς
286 4674 355 4743 δὴ
388 4676 485 4726 καὶ
510 4675 860 4747 προτιθέασιν
889 4676 944 4727 αἱ
974 4676 1189 4747 Γραφαὶ
1219 4677 1441 4729 ἐκείνων
1468 4677 1581 4730 τῶν
1623 4678 1793 4747 ὑπερ-

191 4766 346 4833 φυῶν
378 4766 668 4836 θεαμάτων
689 4785 703 4798 ο
748 4767 865 4820 ἀλλ’
900 4769 982 4821 ὅτι
1027 4772 1121 4823 καὶ
1148 4772 1308 4823 τοῦτο
1335 4774 1455 4834 ταῖς
1500 4772 1792 4840 μυστικαῖς

191 4858 445 4929 Γραφαῖς
467 4860 942 4928 πρεπωδέστατον,
981 4862 1049 4914 δι’
1079 4863 1409 4934 ἀπορρήτων
1449 4864 1791 4932 αἰνιγμάτων

188 4950 261 5002 τά
294 4951 542 5021 μυστικά
566 4951 1038 5022 ἀποκρύπτεσθαι,
1077 4955 1172 5007 καλ⁸
1215 4953 1416 5008 ἄϐατον
1438 4952 1647 5006 τιθέναι
1675 4956 1789 5017 τοῖς

190 5041 415 5103 πολλοῖς
454 5042 555 5112 τὴν
604 5042 842 5114 κρυφίαν
891 5042 1172 5115 ἀλήθειαν.
1226 5045 1382 5097 Ἔστι
1429 5043 1539 5115 γὰρ
1574 5045 1635 5096 οὺ
1681 5044 1790 5106 πᾶς

194 5136 369 5207 ἱερὸς,
416 5135 540 5187 οὐδὲ
567 5137 785 5189 πάντων
813 5138 846 5207 ἡ
873 5137 1096 5205 γνῶσις,
1133 5136 1315 5200 καθὼς
1344 5140 1371 5191 ὁ
1402 5138 1606 5208 Κύριός
1656 5152 1789 5206 φησι

193 5226 333 5296 πρὸς
361 5226 493 5288 τοὺς
569 5226 901 5289 ἀποστόλους
922 5244 935 5258 ·
989 5228 1160 5297 Ὑμῖν
1188 5228 1425 5282 δέδοται
1470 5227 1691 5297 γνῶναι
1720 5225 1793 5279 τὰ

185 5315 506 5385 μυστήρια
532 5316 642 5384 τῆς
666 5318 995 5383 βασιλείας
1020 5318 1139 5371 τῶν
1167 5317 1458 5387 οὐρανῶν.

1895 4564 2241 4635 inaequalitas
2264 4560 2563 4629 eﬂigierum
2588 4559 2814 4614 minime
2849 4559 3069 4614 oﬂiciat.
3097 4557 3271 4627 lnqnit
3294 4558 3466 4621 enim,

1890 4668 2014 4736 jure
2060 4666 2258 4719 merito
2312 4666 2498 4732 ﬁgura:
2548 4661 2717 4715 rebus
2770 4653 3117 4725 inﬁguratis,
3170 4651 3469 4719 formaque

1894 4758 2071 4832 forma
2114 4754 2433 4811 carentibus
2455 4749 2794 4818 aiﬁuguutur
2828 4761 2934 4800 non
2974 4752 3193 4823 prapter
3222 4754 3464 4795 nosuam

1893 4854 2158 4906 duntaxat
2202 4844 2666 4907 imbecillitatem,
2716 4854 2824 4909 qua
2863 4852 2970 4891 non
3007 4834 3249 4889 valemus
3276 4834 3468 4887 imme-

1890 4944 2038 4998 diate
2075 4950 2130 4997 et
2160 4940 2278 4995 sine
2318 4937 2509 5007 ﬁguris
2540 4935 2609 4988 ad
2658 4928 2937 5001 spiritales
2979 4940 3172 4981 earum
3217 4934 3470 4981 contem-

1888 5033 2156 5105 plationes
2199 5043 2511 5097 assurgere,
2546 5029 2794 5093 adeoque
2822 5036 2960 5091 opus
3004 5021 3269 5074 habemus
3298 5018 3460 5073 inter-

1890 5128 2084 5183 mediis
2150 5127 2218 5181 iis
2270 5121 2745 5178 eﬂ‘ormationibus
2803 5117 2966 5172 nobis
3016 5113 3465 5169 connaturalibus

1890 5219 2253 5292 propriisque,
2298 5231 2435 5284 quas
2482 5214 2692 5268 idcirco
2720 5225 2894 5264 sacra:
2937 5208 3241 5277 Scriptura:
3270 5218 3463 5273 super-

1891 5312 2238 5369 naturalibus
2267 5311 2389 5365 istis
2417 5309 2745 5378 spectaculis
2772 5307 3158 5378 praetendunt;
3199 5303 3294 5360 sed
3319 5316 3461 5371 quo-

195 5408 347 5461 niam
374 5408 539 5462 etiam
570 5409 619 5461 id
645 5410 895 5480 mysticis
919 5409 1221 5479 Seripturis
1274 5410 1513 5465 niaxime
1554 5406 1840 5471 convenit,
1871 5420 2199 5461 arcanorum
2246 5403 2540 5473 aenigmata
2583 5401 2871 5466 abscondi,
2910 5412 2967 5454 ct
3003 5398 3269 5457 occultam
3311 5395 3457 5449 illam

192 5501 495 5564 veritatem
527 5501 690 5570 vulgo
722 5516 846 5556 esse
901 5503 1265 5559 inaccessam.
1318 5501 1508 5571 Neque
1564 5502 1711 5556 enim
1766 5499 1944 5569 quivis
1973 5507 2199 5554 sanctus
2226 5506 2331 5559 est,
2358 5507 2537 5563 neque
2570 5493 2813 5547 oumium
2842 5501 2927 5549 est
2957 5489 3218 5561 cognitio,
3266 5499 3458 5559 quem-

195 5608 227 5649 δ
249 5594 492 5647 ῖιιιυώιιιι
528 5593 790 5647 Dominus
812 5594 891 5649 ait
920 5600 987 5650 ad
1015 5597 1297 5666 apostolos
1335 5613 1351 5652 :
1394 5594 1553 5651 Vobis
1584 5595 1769 5649 datum

1902 5608 2051 5648 nosse
2079 5590 2326 5661 mysteria
2366 5589 2512 5660 regni
2532 5585 2779 5644 caelorum
2807 5586 2865 5644 1³.

280 5803 309 5837 ⁵
345 5795 535 5852 Hattb.
568 5812 688 5862 xm,
718 5798 808 5857 Η.
