3916 6234
470 334 574 390 153

1633 340 1688 395 S.
1729 340 2023 396 DlONYSll
2058 336 2523 394 ΔΒΕΟΡᾹΟΙΤᾸΞ

3617 340 3722 396 156

547 455 579 527 δ
618 455 700 511 lll.
736 457 887 523 Quod
926 458 968 510 si
1004 472 1134 510 vero
1160 457 1281 528 quis
1314 459 1595 513 admiserit
1624 459 1840 529 quidem
1875 458 2038 510 tali-nt

2222 456 2248 524 §
2281 456 2366 510 lll.
2394 457 2455 508 Ei
2496 456 2556 508 δέ
2586 472 2670 519 τις
2712 454 2918 524 δέχοιτο
2948 455 3045 525 μὲν
3075 454 3171 527 τὴν
3204 455 3459 527 τοιαύτην
3497 454 3588 508 διὰ
3613 454 3723 506 τῶν

471 561 569 615 per
604 561 689 601 res
727 548 956 602 sensiles
1003 564 1182 602 rerum
1229 550 1553 617 spiritalium
1589 549 2043 617 comprehensio—

473 655 621 703 nem,
669 640 761 693 sed
800 640 1065 708 improbet
1107 641 1373 695 duntaxat
1419 642 1688 695 absurdas
1730 641 2039 695 istiusmodi

472 731 767 787 formarum
817 733 1084 797 ﬁctiones,
1136 734 1349 797 dicens,
1404 736 1714 801 pudendum
1762 750 1883 789 esse
1930 745 2036 788 tam

472 832 656 891 turpes
682 825 841 876 rebus
868 823 1227 877 deil'ormihns
1256 824 1460 892 ﬁguras
1488 827 1924 889 accommodari;
1961 827 2035 879 illi

470 914 672 967 dictum
699 912 930 967 suﬁiciat
954 914 1217 983 duplicem
1244 929 1361 967 esse
1383 916 1762 970 manifeStandi
1792 918 2035 984 modum,

468 1005 699 1059 alterum
741 1006 955 1074 quidem
990 1021 1053 1059 ex
1089 1007 1377 1070 similibus,
1417 1008 1647 1061 alterum
1681 1024 1808 1063 vero
1837 1026 1904 1063 ex
1929 1012 2037 1065 dis-

467 1098 742 1153 similibus
794 1098 982 1152 formis
1026 1098 1286 1153 cﬁictum.
1349 1100 1446 1154 Ubi
1501 1103 1729 1155 observa
1776 1104 2033 1169 primum,

469 1192 599 1260 quid
658 1191 725 1244 de
779 1191 887 1244 Deo
949 1192 1191 1260 mysticae
1242 1192 1651 1260 Scripturarum
1713 1196 2035 1251 traditiones

468 1282 795 1335 etmntient:
857 1284 1179 1351 quandoque
1234 1284 1454 1351 quidem
1506 1301 1569 1338 ex
1625 1286 1927 1349 similibus,
1980 1298 2038 1343 ut

408 1380 409 1387 ‘
465 1374 689 1424 verbum
722 1387 786 1426 ac
814 1383 1069 1431 tuentem,
1093 1374 1248 1441 juxta
1278 1375 1405 1428 illttd
1434 1393 1447 1428 :
1496 1376 1627 1441 Quis
1654 1379 1792 1429 novit
1825 1393 2034 1430 sensum

465 1464 581 1533 (seu
616 1466 869 1535 mentem)
894 1465 1144 1519 Dominic
1164 1468 1190 1520 .’
1218 1479 1271 1521 et
1295 1472 1618 1537 essentiam,
1676 1470 1831 1537 juxta
1861 1473 1991 1527 illud
2017 1489 2027 1517 '-

466 1555 576 1625 Ego
623 1574 738 1609 sum
780 1558 868 1625 qui
906 1575 1021 1610 sum
1065 1558 1091 1597 ά
1130 1577 1142 1612 :
1193 1560 1362 1627 ipsam
1430 1563 1774 1632 sapientiam,
1826 1575 1881 1620 et
1929 1583 2035 1619 non

462 1649 789 1718 simpliciter
822 1652 1319 1717 ratiocinationem,
1350 1655 1443 1707 sed
1475 1655 1642 1725 ipsam
1663 1658 2038 1711 ratiocinatio-

462 1757 584 1795 nem
626 1745 941 1812 praedicant,
979 1761 1108 1800 vere
1167 1751 1526 1803 exsistentem
1556 1752 1867 1815 essentiam,
1908 1767 2035 1806 cau-

462 1851 688 1904 samque
713 1838 1047 1891 exsistentiie
1083 1855 1271 1895 rerum
1296 1852 1645 1905 caeterarnm,
1670 1852 1724 1897 et
1755 1844 1952 1900 lucem.
1982 1856 2037 1898 et
2071 1816 2111 1872 Β

465 1928 660 1990 vitam,
683 1936 742 1979 ut
769 1928 819 1980 in
851 1931 1021 1982 sacris
1048 1931 1352 2001 Evangeliis
1383 1933 1640 2001 habetur;
1674 1949 1795 2003 quae
1821 1936 2037 1988 nomina

462 2018 644 2071 omnia
695 2033 820 2073 cum
895 2021 1205 2075 honestiora
1265 2025 1482 2092 quidem
1534 2027 1688 2091 sint,
1748 2041 2041 2093 rerumque

468 2111 875 2178 sublimiorum,
928 2116 1008 2167 vel
1056 2116 1134 2168 sic
1176 2126 1353 2169 tamen
1404 2119 1565 2171 etiam
1605 2134 1635 2171 a
1685 2135 1810 2173 vera
1851 2118 2042 2174 simili-

463 2202 654 2256 tudine
683 2204 869 2271 procul
909 2206 1104 2258 absunt
1129 2224 1141 2269 ;
1172 2208 1439 2275 siquidem
1468 2219 1554 2262 est
1596 2226 1760 2280 super
1790 2212 1902 2265 haec
1929 2228 2041 2265 om-

464 2294 578 2358 nia,
624 2310 745 2346 cuni
786 2297 970 2363 utique
1021 2296 1120 2349 ista
1156 2298 1272 2351 sine
1323 2303 1733 2369 comparatione
1773 2318 1801 2356 a
1842 2316 2037 2358 natura

465 2386 555 2440 illa
624 2387 779 2439 beata
843 2386 1118 2443 deﬁciant.
1168 2389 1505 2461 Quandoque
1565 2410 1698 2448 vero
1758 2394 2040 2449 dissimili-

464 2479 565 2532 bus
608 2478 1067 2534 declarationibus
1108 2482 1351 2537 divintnn
1391 2484 1521 2538 illud
1570 2484 1774 2539 Numen
1810 2502 1906 2555 per
1946 2502 2042 2541 ne—

462 2570 731 2637 gationem
754 2569 858 2641 23
885 2571 1209 2637 celebratur,
1231 2590 1351 2627 cum
1383 2575 1768 2647 iuaspectabile
1793 2589 2037 2642 vocatur,

459 2664 515 2709 et
550 2656 834 2723 inﬁnitum,
879 2661 1135 2730 quodque
1184 2667 1298 2733 capi
1343 2680 1446 2718 non
1498 2669 1701 2736 possit;
1758 2670 1900 2724 unde
1932 2686 2037 2724 non

464 2752 593 2818 quid
626 2762 727 2816 est,
770 2754 864 2805 sed
898 2754 1026 2823 quid
1061 2772 1165 2809 non
1199 2767 1279 2811 est
1315 2759 1677 2827 signiﬁcatur.
1711 2762 1783 2815 Ex
1825 2763 2035 2818 duabus

465 2844 650 2911 itaque
700 2846 851 2899 hisce
893 2849 1383 2915 euuntiationibus,
1419 2854 1590 2921 magis
1623 2856 1897 2923 propriam
1947 2856 2040 2909 de-

462 2945 730 2988 monstrat
753 2952 871 2991 esse
901 2938 1068 3003 illam,
1101 2956 1219 3008 qua:
1250 2952 1333 2995 est
1364 2958 1428 2995 ex
1467 2946 1628 2997 rebus
1660 2945 2036 3002 dissimilibus.

462 3023 739 3093 Siquidem
786 3043 911 3082 vere
966 3031 1214 3087 novimus
1273 3033 1440 3087 Deum
1495 3052 1597 3089 non
1650 3051 1773 3091 esse
1829 3039 2038 3106 aliquid

464 3130 645 3169 rerum
668 3118 1072 3181 exsistentiutn,
1114 3121 1208 3174 sed
1247 3122 1560 3190 ignoramus
1594 3127 2031 3193 superessentia—

464 3208 567 3260 lem
594 3208 713 3277 ejus
742 3210 956 3261 termini
986 3213 1282 3265 carentiam
1304 3251 1319 3275 ,
1363 3222 1416 3265 et
1447 3213 2032 3284 inintelligibilitatem,

464 3298 602 3361 sive,
634 3309 690 3351 ut
726 3299 799 3352 ita
833 3300 1029 3363 dicam,
1075 3304 1405 3367 amentiam;
1441 3307 1754 3371 amentiam,
1788 3307 2035 3378 inquam,

464 3407 569 3443 non
603 3392 902 3445 secundum
959 3395 1156 3447 mentis
1196 3396 1581 3463 privationem,
1623 3399 1717 3451 sed
1749 3403 1889 3468 quod
1918 3403 2037 3470 ejus

465 3483 824 3549 cognitionem
885 3500 1037 3539 mens
1097 3488 1238 3540 nulla
1293 3489 1471 3557 capiat
1520 3508 1534 3543 :
1581 3494 2035 3556 quemadmodum

462 3574 625 3626 etiam
670 3573 806 3637 alia,
852 3586 909 3628 ut
952 3576 1298 3632 invisibilitas
1341 3588 1393 3632 et
1445 3581 1687 3635 inlinitas
1732 3582 1880 3649 ejus.
1929 3601 2034 3638 non

463 3666 756 3733 privative,
791 3670 883 3721 sed
918 3669 1166 3737 negative
1202 3672 1554 3740 intelligenda
1598 3685 1741 3729 sunt.
1777 3676 1912 3729 Cum
1946 3677 2041 3731 ita-

465 3772 571 3823 que
617 3760 935 3825 negationes
970 3761 1020 3813 in
1056 3762 1258 3817 divinis
1300 3780 1439 3816 vera:
1482 3766 1612 3830 sint,
1647 3767 2040 3823 aﬁirtnatioues

469 3862 596 3899 vero
629 3849 867 3910 absonaa,
897 3852 1067 3918 magis
1103 3856 1316 3922 propria
1351 3866 1435 3909 est
1471 3858 1519 3908 in
1551 3859 1616 3910 iis
1646 3860 1950 3915 enuntiatio
1977 3877 2039 3916 ac

468 3938 860 3992 demonstratio
893 3956 987 4009 per
1018 3943 1321 3998 dissimilia.
1364 3946 1493 4011 Qua:
1527 3964 1649 4001 cum
1690 3949 1762 4001 ita
1791 3964 1911 4005 sese
1947 3953 2043 4004 ha-

471 4026 634 4080 beant
676 4029 727 4083 iit
770 4031 909 4095 Deo,
960 4048 1301 4103 consequens
1347 4048 1431 4091 est
1485 4039 1801 4107 Scripturas
1852 4058 2041 4098 sacras

471 4118 742 4173 honorare
798 4124 1005 4190 potius,
1053 4135 1107 4178 et
1155 4142 1496 4199 nequaquam
1548 4131 1731 4201 aliquo
1779 4135 2041 4191 dedecore

470 4211 684 4266 aﬁirere
732 4215 946 4270 divinas
996 4218 1118 4272 illas
1172 4221 1579 4288 dispositiones,
1618 4241 1713 4293 per
1767 4226 2039 4295 ejusmodi

468 4300 764 4357 formarum
797 4306 1139 4361 dissimilium
1168 4308 1492 4375 eﬁietioues,
1523 4325 1578 4366 nt
1611 4314 1784 4383 bovis,
1821 4318 2038 4386 aquila),

468 4404 797 4465 caeterasque
826 4400 1023 4467 quibus
1052 4416 1143 4455 eas
1172 4402 1348 4455 innuit
1377 4409 1897 4473 supermnndialiter
1926 4428 2042 4464 ma-

2144 546 2417 615 αἰσθητῶν
2457 546 2679 598 εἰκόνων
2701 546 2809 598 τῶν
2829 546 3032 616 νοητῶν
3061 546 3387 617 κατάληψιν,
3419 546 3725 599 αἰτιάσαιτο

2141 638 2197 691 δὲ
2238 640 2397 709 μόνον
2435 638 2533 702 τὰς
2564 639 2805 702 ἀτόπους
2840 640 3278 708 εἰκονογραφίας,
3316 638 3489 707 λέγων
3531 641 3613 701 είς
3640 639 3726 691 αίο

2144 732 2345 801 σχύνην
2368 728 2505 783 εἶναι
2530 731 2599 784 τά
2617 731 2788 795 οὕτως
2816 731 3016 802 αἰσχρὰ
3036 731 3385 801 είκονίσματα
3411 735 3523 794 τοῖς
3551 731 3723 783 θεοει-

2140 826 2283 879 δέσιν
2340 823 2680 878 ἀνατιθέναι·
2744 826 2905 895 ἀρκεῖ
2970 826 3143 876 εἰπεῖν
3202 823 3341 895 πρὸς
3399 824 3600 887 αὑτὸν,
3650 823 3727 886 ὡς

2138 918 2313 981 διττός
2357 919 2470 970 ἐστι
2495 917 2595 987 τῆς
2623 917 2987 989 έκιραντορίας
3015 919 3043 970 6
3070 918 3273 989 τρόπος
3291 935 3304 947 ·
3338 918 3366 969 6
3396 918 3493 988 μὲν
3523 918 3587 968 έκ
3615 916 3723 968 τῶν

2139 1011 2342 1081 ὁμοίων
2363 1051 2376 1074 ,
2404 1011 2432 1061 6
2462 1011 2517 1063 δὲ
2537 1009 2625 1063 διὰ
2652 1009 2763 1062 τῶν
2796 1010 3061 1063 ἀνομοίων
3094 1009 3474 1080 μορφωμάτων
3496 1006 3732 1060 πλαττό-

2143 1120 2320 1173 μενος.
2374 1102 2481 1154 Καὶ
2534 1101 2610 1154 ῐδε
2659 1101 2873 1172 πρῶτον
2923 1102 3015 1153 ἐπὶ
3061 1100 3219 1164 Θεοῦ,
3270 1100 3323 1150 τί
3372 1098 3623 1165 λέγουσιν
3666 1102 3728 1151 αἱ

2142 1194 2403 1263 μυστικαὶ
2428 1193 2539 1245 τῶν
2567 1192 2800 1264 Γραφῶν
2835 1192 3163 1263 παραδόσεις
3188 1209 3201 1224 ·
3238 1192 3368 1243 ποτὲ
3399 1190 3496 1260 μὲν
3525 1190 3591 1241 ὲκ
3616 1188 3727 1240 τῶν

2138 1285 2361 1354 ὁμοίων,
2418 1283 2575 1351 λόγον
2623 1283 2718 1335 κα)⁵
2760 1282 2888 1336 νοῦν
2929 1282 3071 1335 κατά
3124 1283 3206 1344 τὸ,
3254 1282 3347 1345 Τίς
3377 1282 3529 1349 ἔγνω
3578 1279 3731 1331 νοῦν

2138 1378 2396 1444 Kvpt'ov;
2427 1377 2522 1430 καὶ
2554 1376 2763 1439 οὐσίαν,
2797 1374 2935 1427 κατὰ
2958 1374 3037 1438 τὸ,
3084 1371 3232 1441 Ἐγώ
3261 1374 3375 1440 ειμι
3412 1374 3443 1424 ό
3477 1369 3596 1423 ὧν·
3630 1369 3729 1439 τὴν

2139 1467 2487 1535 αὑτοσοφίαν,
2507 1468 2601 1519 καὶ
2624 1468 2720 1537 οὑχ
2756 1466 2941 1528 ἁπλῶς
2964 1466 3252 1534 λογιότητα
3276 1463 3390 1516 ἀλλ’
3422 1462 3733 1529 αὑτολογιό-

2137 1576 2273 1629 τητα
2292 1558 2577 1629 ὑμνοῦσαι,
2595 1558 2693 1627 τὴν
2710 1558 2878 1619 όντως
2900 1556 3131 1627 ὓπαρξιν
3149 1552 3312 1608 οὖσαν
3330 1554 3421 1606 καὶ
3438 1552 3616 1605 αἰτίαν
3630 1553 3733 1621 τῆς

2137 1649 2245 1701 τῶν
2271 1648 2444 1702 ἄλλων
2468 1648 2683 1700 πάντων
2710 1644 3021 1717 ὑπάρξεως,
3058 1645 3153 1697 καὶ
3183 1643 3297 1712 φῶς
3332 1642 3427 1694 καὶ
3451 1638 3615 1710 ζωὴν,
3656 1641 3737 1700 ὡς

2138 1748 2252 1807 τοῖς
2272 1746 2437 1814 ἱεροῖς
2455 1741 2807 1810 Εὑαγγελίοις
2826 1756 2838 1769 ·
2862 1739 2971 1792 τῶν
2986 1738 3241 1791 τοιούτων
3263 1736 3517 1789 ἁπάντων
3530 1734 3735 1802 ὀνομά-

2142 1863 2250 1898 των
2279 1843 2617 1915 σεμνοτέρων
2636 1842 2805 1893 όντων
2823 1842 2915 1893 καὶ
2944 1838 3353 1910 ὑπερκειμένων
3375 1834 3483 1887 τῶν
3507 1832 3735 1894 ὑλικῶν,

2144 1939 2191 1990 εί
2215 1937 2309 1989 καὶ
2335 1936 2476 1988 οὑτω
2498 1934 2658 1988 πάλιν
2689 1933 2826 2004 προς
2847 1931 2946 2001 τὴν
2979 1929 3236 2001 ἀληθινὴν
3271 1928 3568 1999 ἐμφέρειαν
3591 1927 3735 1978 ἀπο·-

2142 2030 2351 2083 δέουσιν
2370 2046 2381 2058 ·
2410 2028 2651 2099 ἔστιγὰρ
2669 2026 2807 2096 ὑπὲρ
2830 2023 3003 2076 ταῦτα
3026 2023 3221 2084 πάντα,
3241 2020 3276 2074 ἀ
3298 2019 3360 2091 δὴ
3385 2018 3739 2087 ἀσυγκρίτως

2142 2124 2241 2193 τῆς
2278 2121 2553 2193 μακαρίας
2588 2117 2972 2170 ἀπολείπονται
3002 2116 3236 2185 φύσεως.
3268 2112 3403 2165 Ποτὲ
3437 2112 3494 2164 δὲ
3527 2112 3592 2163 ὲκ
3621 2111 3737 2163 τῶν

2142 2214 2411 2284 ἀνομοίων
2459 2212 2708 2279 ὑμνεῖται
2744 2209 2802 2260 τὸ
2842 2210 2997 2259 Θεῖον
3034 2206 3175 2258 κατὰ
3215 2205 3506 2272 ἀπόφασιν,
3560 2204 3735 2273 ἀόρα-

2143 2324 2233 2358 τον
2292 2304 2604 2374 λεγόμενον,
2674 2302 2769 2353 καὶ
2850 2298 3094 2368 ἄπειρον,
3170 2297 3265 2348 καὶ
3326 2294 3639 2365 ἀχὼρητον·
3675 2295 3736 2359 ἐξ

2141 2392 2214 2452 ὧν
2256 2398 2316 2449 οὑ
2357 2396 2409 2448 τί
2456 2396 2620 2456 ἐστὶν,
2653 2391 2787 2446 ἀλλᾶ
2817 2392 2870 2445 τί
2911 2391 3011 2442 οὑκ
3049 2389 3162 2441 ἔστι
3207 2388 3551 2457 σημαίνεται.
3596 2385 3737 2438 Ἀπὸ

2142 2489 2271 2558 γοῦν
2300 2486 2502 2539 τούτων
2544 2485 2652 2538 τῶν
2679 2484 2772 2537 δύο
2812 2482 3131 2550 ὲκφάνσεων
3166 2479 3509 2550 κυριωτέραν
3542 2476 3641 2545 τὴν
3675 2474 3737 2539 ἐξ

2143 2581 2410 2651 ἀνομοίων
2444 2580 2700 2633 δείκνυσι.
2731 2576 2805 2629 Τὸ
2844 2576 2942 2646 μὲν
2983 2571 3077 2627 οῦν
3111 2573 3211 2625 οὐκ
3254 2567 3391 2623 εἶναι
3430 2568 3635 2638 ταύτην
3680 2583 3735 2617 τι

2140 2672 2247 2725 τῶν
2274 2671 2463 2734 όντων,
2488 2669 2849 2739 γινώσκομεν·
2876 2664 3175 2735 ἀγνοοῦμεν
3199 2664 3254 2715 δὲ
3282 2664 3378 2733 τὴν
3406 2659 3737 2732 ὑπερούσιον

2144 2764 2316 2833 αὐτῆς
2345 2762 2627 2834 ἀοριστίαν
2657 2762 2750 2813 καὶ
2799 2758 3052 2827 ἀνόητον·
3109 2756 3333 2825 ἀνόητον
3356 2754 3432 2817 δὲ,
3482 2753 3543 2805 οὑ
3590 2750 3737 2803 κατὰ

2145 2857 2403 2925 στέρησιν
2442 2853 2709 2923 νοήσεως,
2741 2852 2855 2904 ἀλλ’
2893 2853 2976 2905 ὅτι
3014 2852 3201 2920 νόησιν
3241 2849 3447 2918 ταύτης
3482 2848 3585 2899 οὐκ
3615 2846 3734 2897 ἐστι

2140 2946 2357 3001 λαϐεῖν·
2394 2944 2586 3015 ὥσπερ
2614 2944 2709 2996 καὶ
2748 2944 2934 3005 τᾶλλα,
2972 2944 3034 2995 τὸ
3066 2943 3292 3013 ἀόρατον
3337 2942 3430 2993 καὶ
3479 2939 3733 3008 ἄπειρον,

2141 3036 2201 3089 οὑ
2238 3033 2380 3089 κατά
2410 3036 2684 3106 στέρησιν,
2712 3033 2845 3087 ἀλλὰ
2885 3033 3027 3087 κατά
3058 3032 3348 3101 ἀπόφασιν.
3380 3029 3571 3081 Τοίνυν
3608 3028 3736 3080 ἐπεὶ

2064 3158 2105 3214 C
2144 3129 2200 3181 ai.
2245 3128 2343 3198 μὲν
2374 3127 2679 3195 ἀποφάσεις
2710 3127 2800 3179 ἐπὶ
2832 3126 2939 3178 τῶν
2970 3124 3151 3188 θείων,
3189 3123 3425 3193 ἀληθεῖς,
3457 3121 3512 3174 αἱ
3542 3118 3599 3171 δὲ
3630 3137 3735 3214 καέ-

2139 3222 2421 3289 ταιράσεις,
2464 3220 2827 3289 ἀνάρμοστοι·
2877 3217 3181 3288 οἰκειοτέρα
3233 3214 3428 3286 μᾶλλόν
3460 3216 3605 3265 ἐστιν
3637 3213 3737 3262 ἐπὶ

2140 3312 2344 3367 τούτων
2370 3314 2401 3381 ἡ
2427 3311 2515 3364 διὰ
2540 3312 2651 3362 τῶν
2682 3310 2952 3380 ἀνομοίων
2976 3307 3307 3377 ὲκφαντορία
3337 3307 3429 3357 καὶ
3470 3304 3729 3372 δήλωσις.

2140 3404 2248 3457 Καὶ
2274 3406 2320 3455 εἰ
2356 3401 2529 3454 ταῦτα
2566 3400 2741 3463 οὑτως
2771 3400 2863 3451 ἐπὶ
2891 3398 3049 3462 Θεοῦ,
3086 3396 3455 3466 συναγόμενόν
3486 3396 3606 3445 ἐστι
3636 3395 3737 3445 καὶ

2141 3498 2233 3550 ἐπὶ
2262 3496 2491 3558 τούτοις,
2521 3496 2601 3547 ὅτι
2632 3492 2869 3563 τιμῶσιν
2908 3492 3035 3562 ἄρα,
3067 3491 3167 3543 οὐκ
3206 3490 3428 3559 αἴσχους
3459 3486 3737 3557 πληροῦσι

2141 3588 2240 3651 τὰς
2268 3588 2418 3650 θείας
2444 3586 2831 3655 διακοσμήσεις
2866 3585 2919 3635 αἱ
2954 3584 3095 3653 ἱεραὶ
3133 3582 3366 3652 Γραφαὶ,
3397 3581 3451 3633 αἱ
3494 3579 3586 3631 διὰ
3620 3578 3737 3630 τῶν

2138 3678 2411 3749 ἀνομοίων
2443 3678 2811 3748 μορφοποιίαι,
2840 3674 2935 3727 τοῦ
2979 3675 3118 3745 βοὸς,
3154 3673 3248 3725 τοῦ
3279 3671 3458 3733 ἀετοῦ,
3499 3669 3736 3723 καὶτῶν

2140 3771 2340 3823 λοιπῶν
2387 3770 2557 3831 αὑτὰς
2601 3766 3008 3827 ὑποδεικνῦσαι,
3048 3766 3123 3828 ὼς
3182 3764 3436 3835 ὑπεράνω
3482 3761 3736 3831 δηλονότι

2140 3862 2305 3924 οὑσας
2342 3861 2451 3913 τῶν
2498 3860 2696 3912 ὑλικῶν
2724 3859 2976 3912 ἁπάντων
3018 3855 3418 3927 ὑπερκοσμίως.
3451 3856 3514 3906 Εἰ
3558 3854 3669 3924 γὰρ
3704 3856 3736 3907 ό

2141 3953 2534 4023 λεοντόμορφος
2593 3950 2917 4019 λεγόμενος,
2966 3948 3061 4001 καὶ
3108 3946 3416 4009 πολύπους,
3476 3945 3570 3997 καὶ
3622 3960 3733 3997 πο-

2140 4043 2425 4112 λύπτερος,
2453 4041 2547 4093 καὶ
2590 4038 2805 4107 λογικός
2850 4039 2986 4099 ἐστι,
3028 4035 3123 4088 καὶ
3151 4033 3341 4095 ἄῦλος,
3376 4031 3491 4094 πῶς
3535 4032 3597 4083 οὑ
3634 4030 3737 4100 δη-

2142 4134 2313 4187 λονότι
2343 4131 2726 4203 ὑπερκοσμίιυς
2749 4128 3015 4198 ἐκϐέϐηκε
3046 4125 3115 4179 τά
3143 4125 3302 4178 ὑλικά
3326 4124 3419 4177 καὶ
3441 4122 3569 4192 παρ’
3592 4124 3737 4192 ἡμῖν

2142 4226 2437 4297 νοούμενα;
2486 4226 2625 4294 Ὅρα
2663 4222 2718 4274 δὲ
2752 4220 2868 4283 πῶς
2895 4218 3075 4281 καλῶς
3118 4217 3516 4287 ἀπελογήσατο,
3555 4214 3645 4266 διὰ
3678 4214 3737 4266 τί

2144 4318 2296 4384 ζώων
2354 4317 2571 4387 μνήμην
2608 4314 2720 4384 ἕχει
2757 4312 2826 4365 τὰ
2859 4312 3120 4382 οὐράνια,
3168 4310 3287 4378 ἦτοι
3328 4308 3556 4369 εἰκόνας.
3594 4307 3735 4358 Ὥσ-

2144 4427 2247 4480 περ
2290 4409 2397 4479 γὰρ
2430 4410 2457 4461 6
2506 4406 2600 4459 ἐπὶ
2654 4405 2870 4457 πάντων
2912 4401 3044 4464 Θεὸς
3126 4400 3280 4452 οὐδὲν
3317 4399 3376 4451 ὲν
3416 4400 3527 4459 τοῖς
3563 4398 3737 4449 πᾶσιν

469 4488 679 4542 teriatis
732 4492 988 4544 munibus
1042 4493 1192 4547 hisce
1249 4498 1412 4549 rebus
1464 4498 1815 4554 inferioribus
1866 4505 2038 4558 subli-

2147 4502 2258 4570 ἔχει
2306 4499 2591 4570 ὁμογενὲς,
2636 4496 2730 4550 καὶ
2776 4494 2864 4547 διὰ
2922 4494 3081 4545 τοῦτο
3130 4492 3354 4553 εἰκότως
3409 4488 3562 4542 οὐδὲν
3619 4488 3738 4539 τῶν

472 4581 676 4635 miores
718 4584 1004 4637 exsistere.
1038 4585 1093 4639 Si
1131 4588 1274 4639 enim
1328 4589 1374 4641 is
1416 4590 1506 4657 qui
1555 4590 1725 4646 leonis
1771 4595 2042 4660 formam,

475 4669 781 4739 multosque
818 4675 983 4740 pedes
1014 4685 1177 4744 atque
1212 4677 1327 4731 alas
1369 4679 1573 4735 habere
1607 4681 1826 4748 dicitur,
1877 4688 2041 4741 etiam

474 4764 684 4817 ratione
727 4769 988 4834 praaditus
1026 4780 1133 4834 est,
1165 4780 1220 4823 et
1249 4786 1447 4841 expers
1475 4776 1739 4840 materia),
1770 4781 2043 4844 quomodo

473 4871 578 4909 non
612 4858 773 4911 etiam
814 4863 1342 4927 supertntmdialiter
1372 4880 1457 4919 res
1494 4867 1658 4921 hasce
1704 4872 2041 4937 materiatas,

471 4962 592 5016 quae
624 4963 651 5000 a
682 4950 841 5003 nobis
873 4952 1276 5019 intelliguntur,
1307 4957 1573 5010 excedat?
1600 4958 1845 5015 Observa
1879 4978 2039 5030 quam

471 5039 692 5104 pulchre
730 5042 995 5096 rationem
1050 5044 1296 5110 dederit,
1344 5063 1442 5101 cur
1488 5051 1802 5105 animalium
1838 5056 2043 5109 mentio

474 5131 571 5181 liat
600 5132 652 5183 in
685 5132 1020 5196 cmlestibus,
1050 5138 1163 5191 sive
1196 5140 1493 5207 imaginum
1528 5158 1740 5196 eorum.
1774 5144 2041 5210 Quemad-

474 5224 690 5275 modum
720 5226 860 5278 enim
889 5227 1025 5279 Dens
1049 5229 1318 5283 exsistens
1339 5234 1389 5284 in
1413 5234 1683 5296 onmibus,
1705 5236 1835 5288 nihil
1860 5238 1909 5289 in
1936 5253 2047 5291 om-

476 5315 637 5368 nibus
674 5316 836 5371 habet
869 5317 1111 5386 ejusdem
1145 5336 1327 5376 secum
1366 5327 1604 5392 generis,
1643 5328 1877 5395 ideoque
1908 5329 2039 5381 nihil

475 5408 975 5474 rerumomnium,
1024 5418 1111 5463 est
1145 5411 1314 5480 ipsius
1365 5416 1786 5483 declarativum;
1838 5418 2046 5472 idcirco

472 5496 753 5552 etiamalia
778 5502 1035 5555 methodo
1052 5504 1118 5557 de
1142 5503 1251 5558 Deo
1275 5504 1573 5574 loquimur,
1592 5509 1853 5573 dicentes,
1876 5510 2043 5564 Deum

474 5604 580 5646 non
607 5607 728 5648 esse
758 5595 859 5650 hoc
883 5606 938 5651 et
968 5596 1121 5663 illud,
1148 5601 1292 5667 quod
1318 5616 1411 5669 per
1435 5601 1715 5657 dissimilia
1747 5613 1901 5659 vocat
1928 5617 1943 5657 :
1969 5604 2049 5659 sic

620 5779 650 5813 ⁸
684 5772 837 5829 Rom.
868 5792 942 5841 XI,
969 5775 1057 5832 δι.
1136 5777 1161 5817 (ί
1193 5779 1360 5836 Exod.
1399 5796 1479 5844 Ill,
1523 5781 1605 5840 Η.

2147 4594 2399 4646 ἁπάντων
2441 4590 2556 4641 ἐστὶ
2584 4573 2879 4657 δηλωτικὸν
2931 4586 3095 4639 αὑτοῦ
3118 4624 3132 4647 ,
3177 4584 3313 4637 ἀλλὰ
3360 4581 3546 4634 λοιπὸν
3593 4580 3737 4653 ἄλλῃ

2152 4684 2355 4755 μεθόδῳ
2390 4681 2765 4751 θεολογοῦμεν,
2807 4679 3059 4747 λέγοντες
3089 4679 3169 4730 ὅτι
3214 4678 3313 4729 οὑκ
3361 4675 3508 4727 ἔστιν
3534 4676 3563 4727 6
3596 4673 3735 4737 Θεὸς

2145 4778 2206 4829 τὸ
2264 4778 2354 4828 καὶ
2406 4776 2496 4839 τὸ,
2543 4776 2677 4844 ὅπερ
2732 4773 2886 4825 καλεῖ
2937 4772 3035 4824 διὰ
3064 4770 3180 4825 τῶν
3212 4770 3541 4838 ἀνομοίων·
3586 4765 3735 4818 οὕτω

2147 4868 2241 4920 καὶ
2273 4865 2499 4920 ἐπὶτῶν
2542 4864 2808 4935 οὐρανίων
2861 4864 3143 4932 δυνάμεων
3176 4861 3359 4922 καλῶς
3398 4860 3447 4911 οἱ
3487 4858 3735 4925 θεολόγοι

2146 4960 2429 5030 ἐποίησαν,
2465 4956 2729 5027 τεχνικῶς
2755 4957 2932 5009 οὐδενὶ
2965 4956 3074 5007 τῶν
3113 4954 3291 5007 αὑτῶν
3328 4950 3499 5013 αὑτὰς
3537 4948 3736 5020 ὁμοιώ-

2148 5068 2337 5113 σαντες
2364 5090 2377 5112 ,
2402 5049 2515 5102 ἀλλ’
2560 5052 2624 5101 ἐκ
2671 5048 2779 5101 τῶν
2825 5047 3118 5116 αἰσθητῶν,
3152 5046 3295 5115 ειπερ
3336 5044 3489 5097 καλεί
3525 5042 3731 5111 ἄτιμα,

2144 5144 2241 5214 τὴν
2283 5143 2491 5195 τελείαν
2536 5141 2792 5205 λαϐόντες
2833 5141 3149 5211 ἐμφέρειαν,
3186 5138 3344 5190 τοῦτο
3386 5134 3522 5205 πρὸς
3560 5133 3732 5202 τιμὴν

2145 5236 2321 5289 αὑτῶν
2371 5234 2748 5304 πεποιηκότες,
2780 5236 2867 5287 ἵνα
2897 5229 3297 5301 πλασματώδης
3333 5230 3426 5281 καὶ
3466 5227 3565 5278 οὑκ
3598 5225 3727 5313 ἁλι)⁴

2148 5328 2245 5399 θὴς
2280 5329 2502 5397 γένηται
2541 5327 2747 5379 τούτων
2781 5328 2814 5397 ἡ
2861 5325 3107 5396 μίμησις.
3158 5320 3439 5375 Ἐντεῦθεν
3476 5318 3731 5389 βούλεται

2150 5418 2319 5483 δεῖξαι
2357 5420 2498 5473 κατά
2523 5419 2583 5471 τὸ
2614 5419 2806 5489 βίαιον,
2836 5419 2917 5470 ὅτι
2959 5416 3053 5469 καὶ
3089 5415 3286 5491 μᾶλλον
3309 5411 3416 5465 τῶν
3442 5409 3645 5481 ὁμοίων
3671 5410 3729 5461 αι

2149 5514 2391 5583 ἀνόμοιοι
2461 5512 2945 5585 εὑαρμοστότεραι.
2984 5511 3080 5571 Εἰς
3125 5508 3222 5579 μὲν
3252 5505 3362 5576 γὰρ
3398 5502 3497 5565 τὰς
3528 5518 3733 5571 τιμιω-

2147 5603 2310 5675 τέρας
2341 5604 2434 5657 καὶ
2464 5603 2676 5674 ὁμοίας,
2707 5603 2853 5665 εἰκός
2882 5603 2999 5654 ἐστι
3043 5599 3137 5652 καὶ
3174 5591 3623 5664 ἀποπλανηθῆναι
3649 5604 3734 5643 τι-
