3916 6234
193 341 289 398 {87

707 341 793 396 DE
823 339 1144 398 C(ELESTI
1179 339 1622 406 HIERARCHIA,
1655 338 1809 394 CAP.
1847 337 1911 393 ll.
1945 367 2016 380 -
2049 336 2394 394 PARAPHR.
2430 334 2902 393 PACHYMERE.

3337 333 3437 390 158

188 475 304 517 ναξ,
334 457 476 508 ὅπου
515 470 579 523 γε
621 456 715 508 καὶ
743 457 823 518 εἰς
849 455 946 518 τὰς
973 455 1260 526 ἀνομοίους
1295 457 1436 518 τινὲς
1463 453 1770 521 ὲξώλισθον,

1881 453 2038 506 etiam
2072 453 2123 506 in
2163 451 2482 507 coelestibus
2522 449 2810 505 virtutibus
2848 451 3073 505 omnino
3103 460 3251 506 recte
3280 453 3439 507 theo-

185 548 374 610 ἰαθὼς
402 547 666 618 ἐλέγομεν
705 547 1029 619 ἔμπροσθεν.
1071 548 1427 617 Οίηθήσονται
1470 546 1598 617 γὰρ,
1637 564 1773 618 χρυ-

188 643 418 705 σοειδεῖς
459 641 560 694 καὶ
602 638 911 702 στίλϐοντας
955 637 1154 708 ἄνδρας
1196 633 1353 700 εἶναι,
1384 638 1478 689 καὶ
1516 635 1772 706 λαμπρὰν

187 733 500 804 φοροῦντας
539 730 762 800 ἐσθῆτα,
795 732 888 784 καὶ
928 729 1197 800 πυρώδεις
1233 728 1357 798 δίχα
1403 727 1650 789 καύσεως
1678 727 1774 780 καὶ

185 825 447 887 ἀϐλαϐῶς
491 821 663 877 εἶναι’
695 823 751 875 αἱ
789 822 897 892 γὰρ
939 822 1226 891 λεγόμεναι
1273 819 1444 891 πυρὸς
1478 820 1672 888 φλόγες
1713 819 1772 870 ού

183 917 508 976 καυστικαὶ,
545 912 684 965 ἀλλά
724 911 948 977 ζωτικαί
992 913 1119 972 εἰσι,
1148 912 1242 964 καὶ
1271 911 1439 963 τᾶλλα
1481 911 1580 962 ὅσα
1610 909 1775 978 φασὶν

187 1014 241 1066 αἱ
265 1011 514 1084 Γραφαί.
545 1012 724 1080 Ὅπερ
753 1009 840 1060 ἵνα
874 1008 947 1078 μὴ
981 1007 1202 1060 πάθοιεν
1227 1006 1277 1058 οἱ
1310 1005 1472 1075 μηδὲν
1501 1005 1609 1056 τῶν
1646 1020 1774 1072 φαι-

185 1103 432 1173 νομένων
453 1100 786 1171 ὑψηλότερον
811 1097 1179 1167 φαντασθῆναι
1199 1096 1502 1166 δυνάμενοι,
1530 1098 1563 1164 ἡ
1596 1093 1772 1164 ὑψηλὴ

187 1199 352 1268 σοφία
379 1197 494 1250 τῶν
523 1177 790 1263 θεολὲγων
831 1195 911 1256 εἰς
942 1191 1227 1262 ἀνομοίους
1271 1191 1364 1243 καὶ
1404 1189 1774 1258 ἀπεμφαινού-

185 1309 281 1353 σας
310 1289 539 1352 εἰκόνας
570 1287 889 1354 κατάγεται,
929 1285 1002 1355 μὴ
1035 1280 1390 1353 συγχωροῦσα
1419 1281 1515 1350 μὲν
1541 1279 1638 1349 τὴν
1662 1279 1776 1332 ate-

137 1370 142 1376 .
182 1397 333 1433 νοιαν
380 1377 544 1449 ἡμῶν
577 1374 951 1430 ἀναπαύεσθαι
991 1374 1072 1435 είς
1112 1369 1341 1441 αἰσχρὰς
1378 1370 1470 1422 καὶ
1510 1369 1775 1438 ἀπρεπεῖς

182 1471 548 1533 ἀναπλάσεις,
577 1467 919 1538 διεγείρουσα
955 1465 1011 1518 δὲ
1053 1464 1114 1516 τὸ
1151 1462 1428 1531 ἀνωφερὲς
1462 1460 1563 1530 τῆς
1597 1458 1775 1528 ψυχῆς

179 1567 247 1634 τῇ
284 1560 608 1632 δυσμορφίᾳ
646 1559 755 1612 τῶν
785 1559 1054 1620 πλάσεων,
1088 1556 1164 1618 ὡς
1191 1555 1349 1625 δήλου
1379 1551 1578 1622 δηλαδὴ
1623 1549 1776 1613 ὄντος

184 1659 278 1710 καὶ
304 1659 427 1718 τοῖς
467 1655 608 1722 ἄγαν
651 1654 858 1715 ὑλικοῖς
883 1652 982 1721 τὴν
1020 1650 1277 1710 διάνοιαν,
1308 1648 1390 1699 ὅτι
1432 1647 1530 1698 ούκ
1567 1645 1672 1696 εἰσὶ
1707 1641 1776 1696 τὰ

181 1748 303 1802 θεῖα
337 1746 594 1801 τοιαῦτα.
630 1744 897 1815 Ἀκριϐῶς
923 1738 1016 1796 οὖν
1052 1741 1255 1802 εἰδότες
1284 1739 1366 1792 ὅτι
1401 1739 1501 1790 οὐκ
1530 1737 1636 1788 εἰσὶ
1664 1752 1776 1788 τοι-

1876 543 1980 614 logi
2028 542 2307 610 fecerunt,
2344 545 2471 599 dum
2523 544 2732 598 erudite
2781 543 2912 598 nulli
2949 543 3160 598 ordinis
3197 546 3438 615 ejusdem

1875 636 1995 690 illas
2039 635 2438 702 assimilarunt;
2481 639 2576 692 sed
2616 654 2681 692 ex
2727 637 3064 701 sensilibus,
3116 651 3238 705 qua:
3280 647 3442 692 vocat

1875 727 2027 790 vilia,
2059 727 2356 794 perlectam
2404 737 2631 780 sumunt
2663 727 3102 791 similitudinem,
3143 727 3194 780 id
3239 725 3306 780 ad
3345 741 3442 781 ea-

1876 832 1994 871 rum
2048 817 2308 870 honoren:
2344 816 2592 871 fecerunt
2617 857 2632 882 ,
2678 827 2738 870 ut
2779 816 3005 881 ﬁctitia,
3048 827 3104 870 et
3145 831 3251 870 non
3283 831 3434 880 vera,

1876 897 2024 962 esset
2059 909 2376 962 earumdem
2407 907 2664 962 imitatio.
2694 905 2833 960 Hinc
2863 907 2976 958 vult
3009 907 3242 976 probare
3268 921 3297 958 a
3331 905 3441 960 for-

1877 1003 2026 1067 tiori,
2056 1002 2343 1056 dissimilia
2379 1001 2648 1057 similibus
2677 1016 2801 1056 esse
2835 1002 3044 1069 aptiora
3074 1019 3088 1053 :
3122 1001 3173 1065 in
3216 1001 3442 1054 nobilio-

1876 1092 2026 1146 ribus
2053 1092 2200 1146 enim
2227 1107 2290 1146 ac
2318 1092 2614 1156 similibus,
2642 1091 2880 1161 proclive
2913 1102 2996 1146 est
3031 1090 3321 1146 nonnullos
3348 1091 3444 1144 de-

1874 1182 1980 1251 cipi
2019 1176 2142 1236 com
2177 1184 2344 1236 etiam
2377 1184 2430 1236 in
2467 1183 2827 1237 dissimilibus
2875 1183 3042 1251 aliqui
3070 1183 3331 1247 errarint,
3363 1182 3439 1234 uti

1877 1287 2041 1343 supra
2074 1275 2330 1330 diximus.
2381 1273 2784 1328 Existimabuut
2826 1275 3001 1340 enim,
3048 1288 3172 1328 esse
3217 1285 3446 1327 naturas

1877 1366 1998 1422 illas
2027 1368 2208 1435 specie
2233 1367 2464 1435 quadam
2493 1381 2652 1420 aurea
2677 1368 2827 1421 viros
2855 1367 3120 1436 quosdam
3149 1367 3442 1431 micantes,

1876 1467 1933 1513 et
1980 1460 2178 1512 vestitu
2232 1459 2519 1527 splendido
2565 1458 2802 1522 indutos,
2844 1469 3006 1528 atque
3049 1461 3264 1529 igneum
3314 1460 3446 1529 quid

1877 1551 2179 1614 vibrantes,
2220 1565 2328 1604 non
2361 1549 2640 1604 adurendo
2677 1565 2780 1605 nec
2812 1550 3096 1604 laedendo:
3126 1566 3250 1604 nam
3293 1549 3447 1604 ﬂam-

1879 1657 1980 1696 ma:
2010 1642 2165 1696 istius
2214 1643 2357 1713 ignis
2390 1657 2495 1696 non
2542 1643 2744 1697 habent
2789 1641 2896 1695 vim
2927 1643 3141 1708 urendi,
3175 1643 3269 1698 sed
3307 1644 3447 1697 vivi-

1879 1736 2108 1801 ﬁeandi;
2141 1744 2197 1789 et
2224 1749 2558 1804 quaecunque
2598 1735 2704 1788 alia
2733 1735 2842 1805 24
2873 1733 3168 1805 Scriptura:
3199 1737 3445 1790 tradunt.

182 1843 348 1904 αὔτα,
376 1841 687 1912 ζητήσομεν
710 1840 809 1909 τὴν
837 1837 1114 1908 ἀλήθειαν,
1139 1835 1238 1906 τὴν
1279 1835 1362 1886 ὅτι
1392 1832 1518 1914 ἄλλρ
1543 1847 1593 1883 τι
1623 1827 1772 1904 παρέ

1881 1827 2027 1892 Quod
2078 1843 2146 1882 ne
2199 1827 2264 1881 iis
2313 1827 2555 1890 eveniat,
2594 1827 2685 1896 qui
2731 1827 2868 1881 nihil
2914 1828 3099 1891 altius,
3149 1843 3310 1896 quam
3357 1828 3444 1882 illa

183 1934 361 1988 ταῦτά
389 1935 550 1985 εἰσιν.
590 1931 799 1992 Ἀλλως
825 1947 886 1981 τε
919 1931 1014 1982 καὶ
1041 1927 1198 1980 τοῦτο
1238 1925 1487 1994 ἐννοῆσαι
1536 1924 1661 1994 χρὴ,
1691 1923 1772 1975 ὃτι

180 2021 339 2073 οὐδὲν
372 2019 486 2072 τῶν
527 2017 695 2071 ὄντων
725 2016 974 2080 καθόλου,
1014 2017 1114 2086 τῆς
1140 2014 1234 2066 τοῦ
1281 2012 1445 2066 καλοῦ
1485 2012 1771 2082 μετουσίας

181 2111 482 2182 ἱστόρηται
500 2127 516 2140 ο
549 2109 673 2162 ἐπεὶ
693 2107 834 2161 καλά
865 2108 983 2160 λίαν
1012 2105 1162 2178 παρά
1188 2106 1288 2175 τῆς
1313 2103 1535 2176 Γραφῆς
1561 2120 1772 2174 μεμαρ-

178 2200 472 2273 τύρηνται.

1880 1917 2102 1985 pulchra
2131 1925 2184 1972 et
2214 1912 2457 1985 speciosa
2483 1931 2602 1985 quae
2629 1927 2920 1986 apparent,
2950 1927 3130 1972 mente
3155 1917 3444 1986 complecti

1879 2018 2145 2078 possunt;
2199 2008 2454 2063 sublimis
2496 2011 2583 2062 illa
2644 2010 3010 2077 theologorum
3057 2008 3323 2077 sapientia
3375 2009 3443 2062 ad

1877 2098 2347 2152 dissimilitudines
2375 2108 2428 2152 et
2457 2098 2690 2151 absonas
2719 2098 2985 2164 imagines
3007 2112 3065 2150 se
3099 2096 3307 2165 dejicit,
3340 2113 3446 2151 non

1878 2191 2198 2260 permittens
2252 2189 2640 2259 cogitationem
2696 2201 2939 2243 nostram
3005 2189 3114 2244 illis
3170 2190 3451 2245 indecoris

183 2295 514 2348 ﬁctionibus
597 2291 984 2360 acquiescere,
1041 2287 1137 2344 sed
1186 2301 1307 2342 eam
1354 2286 1548 2340 animae
1601 2293 1808 2351 partem
1850 2296 1969 2350 quae
2015 2281 2080 2334 ad
2113 2281 2221 2334 alta
2256 2282 2447 2348 tendit,
2483 2282 2597 2350 ipsa
2635 2281 2984 2335 deformitate
3014 2281 3310 2350 ﬁgurarum
3342 2297 3442 2336 ex-

183 2391 320 2444 citat
346 2398 404 2442 et
435 2387 707 2448 stimulat,
741 2395 1001 2454 tanquam
1037 2381 1290 2436 videlicet
1319 2379 1526 2435 clarum
1557 2377 1627 2430 sit
1653 2376 1820 2430 etiam
1851 2375 1918 2428 iis
1949 2374 2039 2444 qui
2070 2384 2198 2428 sunt
2227 2374 2456 2429 terrenis
2506 2375 2669 2428 rebus
2708 2374 2866 2427 valde
2892 2373 3060 2439 allixi,
3113 2391 3198 2430 res
3233 2375 3445 2431 divinas

185 2499 294 2538 non
348 2497 476 2537 esse
524 2480 704 2536 tales:
765 2488 824 2532 ut
873 2493 1008 2533 cum
1056 2475 1202 2531 clare
1253 2472 1669 2544 cognoverimus
1729 2483 1821 2524 eas
1874 2483 1980 2522 non
2032 2482 2152 2522 esse
2201 2467 2370 2534 tales,
2419 2467 2706 2520 veritatem
2759 2467 3130 2535 inquiramus,
3180 2467 3441 2537 quoniam

185 2580 316 2649 quid
369 2579 523 2632 aliud
556 2579 626 2630 ab
675 2575 783 2630 illis
821 2585 968 2631 sunt.
1011 2569 1154 2640 Quin
1183 2579 1241 2626 et
1288 2571 1391 2626 hoc
1443 2568 1765 2632 sciendum,
1793 2563 1926 2619 nihil
1957 2579 2146 2618 eorum
2178 2579 2300 2634 qua:
2323 2572 2448 2617 sunt
2478 2564 2624 2618 omni
2685 2579 2908 2632 prorsus
2961 2565 3088 2619 boni
3147 2558 3444 2635 participa-

181 2674 339 2730 tione
380 2673 656 2737 privatum
705 2683 863 2733 esse;
908 2665 1160 2734 quoniam
1204 2663 1349 2718 bona
1395 2662 1574 2724 valde,
1609 2655 1920 2712 testimonio
1947 2652 2268 2722 Scripturaa,
2295 2662 2488 2706 cuncta
2519 2652 2972 2720 comprobantur.

260 2767 290 2840 §
331 2765 424 2821 IV.
467 2767 627 2818 Ἔστι
675 2761 963 2833 τοιγαροῦν
1004 2763 1068 2813 ἐκ
1117 2759 1333 2812 πάντων
1387 2755 1562 2809 αὐτῶν
1605 2752 1774 2812 καλὰς

183 2859 432 2930 θεωρίας
461 2859 557 2911 καὶ
587 2854 966 2928 προσηκούσας
993 2855 1106 2914 τοῖς
1135 2852 1343 2919 νοητοῖς
1375 2846 1675 2916 ἐπινοῆσαι,
1707 2843 1774 2906 ἃς

181 2951 249 3021 δὴ
289 2952 387 3003 καὶ
431 2947 718 3018 ἀνομοίους
755 2943 1077 3015 ὁμοιότητας
1114 2944 1314 3010 φαῖμεν
1363 2939 1448 2998 ἂν,
1484 2938 1563 2989 ὅτι
1603 2935 1774 3004 ἑτέρῳ

181 3043 381 3113 τρόπῳ
405 3041 476 3093 τὰ
517 3038 680 3109 νοητὰ
710 3038 941 3108 ΙΙἔχουσιν,
968 3036 1004 3089 ἃ.
1029 3039 1142 3098 τοῖς
1179 3032 1453 3102 αἰσθητοῖς
1493 3023 1771 3098 ἐτεροτρό-

181 3153 306 3197 πως
350 3131 807 3202 ἀπονενεμηνται.
854 3127 1057 3180 Αὐτίκα
1095 3127 1204 3197 γὰρ
1235 3128 1264 3178 ὁ
1307 3123 1490 3194 θυμὸς,
1529 3123 1621 3174 ἐπὶ
1659 3119 1769 3173 τῶν
1798 3163 1839 3219 C

181 3229 341 3280 κάτω
386 3225 506 3295 μὲν,
538 3223 595 3289 ἐξ
629 3221 906 3292 ἐμπαθοῦς
935 3220 1112 3292 ὁρμῆς
1145 3218 1437 3287 ἐγγίνεται,
1461 3215 1554 3268 καὶ
1591 3213 1770 3282 πάσης

182 3317 416 3384 ἀλογίας
448 3315 594 3368 ἐστὶν
624 3314 872 3384 ἔμπλεως
904 3314 937 3382 ἡ
964 3311 1182 3378 τοιαύτη
1206 3308 1298 3362 τοῦ
1328 3305 1497 3376 θυμοῦ
1526 3304 1767 3374 κίνησις·

181 3408 303 3460 ἀλλ’
334 3406 560 3460 ἐπὶτῶν
586 3404 788 3474 νοητῶν
815 3402 1184 3474 ἐτεροτρόπως
1210 3399 1436 3469 νοοῦμεν
1461 3396 1550 3448 τὸν
1581 3393 1769 3464 θυμὸν,

182 3499 287 3567 τὴν
338 3496 621 3549 ἀνένδοτον
679 3494 925 3560 λέγοντες
977 3490 1190 3556 ἕλλογον
1241 3488 1480 3558 κίνησιν,
1525 3485 1618 3538 καὶ
1675 3481 1772 3552 τὴν

187 3591 511 3658 ἁχαύνωτον
541 3587 652 3654 ἕξιν
682 3589 777 3640 καὶ
803 3584 1172 3656 ἀμετάϐλητον
1193 3585 1249 3635 ἐν
1279 3583 1397 3643 ταῖς
1427 3583 1504 3641 είς
1523 3579 1584 3631 τὸ
1611 3576 1772 3631 καλὸν

189 3686 493 3757 ἱδρύσεσιν.
552 3681 825 3742 Ὡσαύτως
869 3678 979 3747 ἔχει
1019 3677 1112 3730 καὶ
1151 3679 1184 3747 ἡ
1229 3674 1510 3743 ἐπιθυμία,
1544 3673 1637 3725 ἐπὶ
1675 3673 1773 3743 μὲν

186 3782 304 3840 τοῖς
333 3776 572 3841 ἀλόγοις,
608 3769 1008 3843 ἀπερίσκεπτόν
1042 3787 1162 3822 τινα
1219 3766 1540 3838 ὲμπάθειαν,
1578 3765 1636 3832 ἐξ
1671 3767 1772 3836 ἐμ-

187 3868 364 3937 φύτου
402 3867 670 3935 κινήσεως
697 3862 983 3924 πολλάκις·
1019 3861 1108 3914 ὅτε
1134 3859 1331 3930 δηλαδὴ
1373 3859 1480 3912 ἀπὸ
1518 3874 1775 3928 συμπτω-

192 3963 386 4032 μάτων
442 3956 688 4026 φυσικῶν
741 3954 838 4025 τὴν
886 3954 1099 4023 κίνησιν
1152 3950 1436 4022 ἕχομεν,ἢ
1489 3948 1776 4018 συνηθείας

188 4051 456 4112 πολλάκις
475 4066 489 4079 ο
523 4049 609 4101 ὅτε
637 4046 876 4117 δηλονότι
915 4045 1019 4098 ἀπό
1056 4061 1218 4096 τινων
1241 4041 1476 4112 ἐθισμῶν
1514 4040 1655 4094 κατά
1676 4041 1776 4110 τὴν

188 4150 303 4208 τοῖς
335 4142 651 4202 ἀλλοιωτοῖς
683 4138 1040 4208 ἐγγινομένην
1067 4136 1258 4203 άλογον
1280 4134 1652 4204 ἐπικράτειαν,
1677 4131 1776 4195 τῆς

195 4234 521 4306 σωματικῆς
544 4230 773 4301 ὀρέξεως
795 4228 1041 4297 ὼθούσης
1072 4228 1134 4279 τὸ
1161 4225 1297 4290 ζῶον
1321 4226 1413 4276 ἐπὶ
1437 4223 1499 4275 τὸ
1540 4219 1779 4275 κατάἴσ-

192 4340 360 4410 θησιν
398 4327 523 4390 ,καὶ
546 4324 686 4377 οὕτω
713 4321 852 4375 κατά
878 4322 1059 4390 νόησιν
1084 4317 1431 4388 ἐπιθυμητόν.
1463 4316 1587 4368 Ὅτε
1613 4312 1776 4383 δὲτὴν

191 4405 496 4488 ἐπιθυμίαν
515 4418 624 4476 τοῖς
645 4415 852 4483 νοητοῖς
878 4411 1224 4483 ἐπιθήσομεν,
1249 4409 1425 4481 ἔρωτα
1451 4407 1589 4460 θεῖον
1610 4405 1774 4474 αὐτὴν

1953 2747 1982 2819 ς
2014 2745 2101 2804 ιν.
2137 2746 2322 2800 Liceat
2351 2748 2535 2815 itaque
2560 2761 2624 2800 ex
2653 2748 2908 2802 omnibus
2943 2748 3008 2801 iis
3035 2748 3294 2817 pulchras
3325 2764 3456 2803 con-

1881 2839 2292 2909 templationes,
2340 2854 2404 2892 ac
2467 2838 2631 2892 rebus
2689 2839 3028 2908 spiritalibus
3086 2852 3454 2910 congruentes

1877 2932 2094 2998 elicere,
2121 2947 2258 3000 quas
2293 2940 2350 2984 et
2395 2930 2692 2984 dissimiles
2738 2931 3126 2986 similitudines
3163 2949 3454 3001 possumus

1877 3023 2180 3091 appellare;
2215 3024 2474 3092 quoniam
2509 3021 2724 3075 diverso
2768 3022 2929 3075 modo
2962 3022 3084 3077 illas
3116 3023 3319 3078 habent
3364 3039 3454 3080 res

1875 3111 2166 3179 spiritales,
2193 3128 2313 3180 qua:
2337 3111 2440 3164 alia
2474 3111 2682 3165 ratione
2727 3110 2888 3166 rebus
2953 3113 3255 3167 sensilibus
3291 3117 3450 3168 attri-

1875 3205 2014 3257 butae
2041 3211 2184 3256 sunt.
2213 3201 2266 3254 In
2300 3201 2557 3268 przesenti
2597 3203 2764 3266 cnim,
2795 3203 3084 3257 iracundia
3119 3205 3170 3258 in
3221 3206 3454 3260 inferio-

1875 3297 2026 3350 ribus
2051 3297 2268 3364 quidem
2297 3310 2362 3347 ex
2403 3296 2605 3364 impetu
2633 3295 2912 3363 passionis
2955 3297 3195 3363 exsistit,
3232 3309 3286 3352 et
3314 3298 3456 3351 irra-

1878 3387 2176 3440 tionalitate
2205 3386 2394 3454 plenus
2424 3396 2505 3440 est
2533 3387 2862 3452 ejuscemodi
2915 3389 3208 3442 iracundiae
3237 3400 3450 3444 motus:

1873 3493 2061 3531 verum
2094 3477 2147 3531 in
2187 3478 2350 3531 rebus
2397 3477 2738 3544 spiritalibus
2766 3477 2873 3530 alio
2903 3479 3063 3533 modo
3105 3480 3444 3534 iracundiam

1875 3567 2194 3634 accipimus,
2224 3566 2493 3632 dicentes,
2533 3564 2680 3618 illam
2729 3579 2975 3618 severam
3008 3566 3295 3632 quamdam
3334 3580 3454 3620 esse

1876 3657 2174 3711 motionem
2217 3655 2562 3719 rationalem,
2591 3670 2655 3709 ac
2689 3656 2913 3709 minime
2958 3655 3172 3710 mollem
3215 3656 3451 3710 mutabi-

1877 3747 2048 3802 lemve
2091 3747 2336 3801 habitum
2387 3747 2440 3799 in
2482 3746 2605 3800 boni
2637 3746 3149 3801 constitutionibus.
3183 3747 3457 3802 Similiter

1877 3840 2346 3910 concupiscentia,
2387 3841 2438 3893 in
2489 3840 2901 3894 irrationalibus
2947 3839 3164 3908 quidem
3217 3841 3455 3896 inconsi-

1878 3936 2121 3990 deratam
2164 3933 2460 4002 quamdam
2493 3932 2804 4002 passionem
2856 3933 3018 3986 habet
3048 3948 3114 3987 ex
3147 3934 3308 3988 insito
3341 3934 3457 4004 ple-

1877 4042 2106 4098 rumque
2136 4035 2320 4091 motu;
2355 4025 2572 4094 quando
2603 4025 2858 4078 nimirum
2894 4041 2959 4080 ex
3003 4025 3456 4080 convulsionibus

1879 4119 2216 4174 naturalibus
2247 4132 2568 4181 movemur;
2604 4116 2690 4170 vel
2725 4131 2831 4169 non
2867 4131 2993 4168 raro
3023 4116 3188 4169 etiam
3226 4131 3294 4170 ex
3320 4131 3456 4170 con-

1877 4213 2160 4268 suetudine
2199 4233 2210 4265 :
2253 4225 2376 4264 cum
2427 4208 2677 4264 videlicet
2709 4222 2777 4261 ex
2849 4208 3087 4261 assuetis
3139 4208 3453 4263 irrationali

1880 4299 2136 4368 potentia:
2180 4300 2342 4353 rebus
2385 4296 2739 4352 mutabilibus
2775 4297 2974 4363 insitis,
3006 4297 3310 4366 corporalis
3361 4313 3457 4366 ap-

1879 4393 2080 4462 petitus
2126 4391 2326 4445 animal
2361 4391 2596 4460 impellit
2641 4391 2709 4443 ad
2739 4389 2945 4457 aliquid
2979 4389 3259 4454 sensibile,
3291 4399 3455 4457 atque

190 4482 399 4563 ἐννοεῖν
426 4507 535 4578 χρὴ
566 4505 664 4575 τῆς
692 4505 832 4578 ὑπὲρ
856 4482 1136 4570 λόγονκαὶ
1162 4501 1284 4554 νοῦν
1315 4498 1524 4561 ἀῡλίας,
1557 4497 1650 4550 καὶ
1676 4495 1775 4564 τὴν

1881 4487 2011 4539 adeo
2067 4485 2232 4539 etiam
2298 4483 2594 4537 secundum
2664 4482 3082 4550 intelligentiam
3138 4482 3452 4549 appetibile.

191 4602 476 4657 ἀνένδοτον
506 4599 688 4666 ἔφεσιν
721 4574 820 4665 τέἦς
847 4593 1086 4656 ἀπαθοῦς
1111 4592 1358 4663 θεωρίας,
1388 4591 1480 4643 καὶ
1517 4589 1615 4658 τῆς
1647 4587 1777 4638 αἰω-

190 4695 315 4755 νίας
360 4691 532 4752 ὅντως
562 4690 656 4742 καὶ⁸
691 4689 887 4758 νοητῆς
934 4686 1215 4748 κοινωνίας
1253 4683 1389 4754 πρὸς
1431 4681 1644 4749 ἐκείνην
1681 4678 1780 4748 τὴν

191 4784 447 4856 καθαρὰν
475 4783 771 4850 διαύγειαν,
797 4781 890 4833 καὶ
918 4781 1015 4851 τὴν
1059 4776 1241 4847 ἀφανῆ
1269 4777 1362 4828 καὶ
1394 4773 1543 4826 θείαν
1580 4769 1780 4841 εὐπρὲ-

193 4894 382 4932 πειαν.
413 4874 584 4928 Πάλιν
617 4875 678 4926 τὸ
711 4872 963 4943 ἀκρατὲς,
993 4871 1075 4939 ἐφ’
1111 4869 1266 4941 ἡμῶν
1297 4868 1414 4938 μὲν,
1447 4867 1509 4918 τὸ
1537 4865 1620 4933 ἐφ’
1645 4865 1782 4934 ὅπερ

189 4969 258 5040 δὴ
296 4968 399 5021 καὶ
436 4969 752 5037 ὁρμήσομεν
790 4964 1210 5033 ἀνεπίστροφονο
1245 4959 1328 5012 ἐπ’
1359 4957 1580 5010 ἐκείνων
1609 4955 1687 5019 δὲ,
1721 4954 1784 5007 τὸ

195 5062 478 5121 σύντονον,
516 5059 611 5112 καὶ
647 5057 708 5110 τὸ
739 5056 892 5128 παρά
921 5054 1145 5126 μηδενὸς
1173 5049 1556 5120 ἐγκόπτεσθαι,
1585 5046 1673 5100 διὰ
1693 5047 1783 5099 τὸν

193 5151 380 5224 ἁμιγῆ
411 5151 508 5204 καὶ
533 5148 792 5218 καθαρὸν,
817 5147 910 5199 καὶ
937 5147 1014 5208 εἰς
1040 5144 1188 5197 οὐδὲν
1217 5143 1402 5212 ’ἕτερον
1426 5139 1774 5210 ἐσχολακότα,

195 5243 294 5294 καὶ
328 5238 688 5293 ἀναλλοίωτον
715 5236 822 5304 τῆς
855 5233 1002 5296 θείας
1025 5231 1287 5301 καλλονῆς
1321 5231 1518 5302 ἔρωτα,
1555 5227 1648 5280 καὶ
1685 5225 1784 5296 τὴν

195 5335 392 5405 ὁλικὴν
416 5332 596 5404 ὁρμὴν
623 5333 713 5384 ἐπὶ
736 5331 798 5383 τὸ
824 5329 990 5390 ὄντως
1014 5327 1294 5398 ἐράσμιον.
1327 5322 1496 5376 Πάλιν
1525 5320 1624 5391 τὴν
1660 5317 1785 5371 ἀλο-

197 5427 350 5493 γίαν,
399 5424 496 5477 καὶ
537 5421 912 5490 ἀναισθησίαν,
943 5421 1035 5472 καὶ
1064 5416 1340 5488 ἀνοησίαν,
1386 5413 1477 5466 ἐπὶ
1529 5411 1626 5481 μὲν
1675 5406 1785 5460 τῶν

199 5519 417 5586 ἀλόγων
469 5533 532 5569 τε
561 5516 654 5569 καὶ
702 5513 953 5582 ἀψύχων,
1003 5510 1185 5573 καθὼς
1228 5510 1322 5561 ἐπὶ
1359 5505 1452 5558 τοῦ
1499 5502 1646 5556 λίθου
1685 5500 1783 5569 τὴν

197 5605 586 5676 ἀναισθησίαν,
609 5601 749 5657 κατά
781 5601 1032 5672 στέρησιν
1056 5599 1282 5668 λέγομεν
1301 5613 1313 5625 ³
1347 5596 1438 5647 ἐπί
1458 5593 1515 5647 δὲ
1542 5591 1650 5645 τῶν
1671 5607 1787 5660 νοη-

198 5701 310 5751 τῶν
341 5699 437 5751 καὶ
463 5697 663 5758 ἀΰλων,
695 5694 833 5747 κατά
855 5693 1145 5760 ἀπόφασιν.
1174 5689 1283 5742 Καὶ
1301 5687 1391 5740 διὰ
1425 5685 1521 5756 μὲν
1537 5685 1598 5738 τὸ
1624 5685 1784 5753 ὑπερ-

202 5789 353 5860 έχειν
404 5786 566 5847 αὐτὰ,
605 5787 679 5848 ὡς
709 5782 1076 5855 ὑπερκείμενα
1110 5779 1204 5834 τοῦ
1248 5778 1368 5832 καθ’
1399 5778 1546 5848 ἡμᾶς
1575 5793 1778 5848 προφο-

1884 4576 2107 4643 Quando
2147 4586 2326 4628 autem
2369 4572 2868 4640 concupiscentiam
2919 4573 3078 4626 rebus
3118 4571 3457 4640 spiritalibus

1886 4670 2252 4734 attribuimus,
2280 4667 2496 4722 divinus
2529 4682 2684 4720 amor
2713 4665 3036 4735 cogitandus
3067 4665 3146 4719 rei
3178 4679 3340 4730 supra
3374 4680 3456 4718 ra-

1887 4763 2086 4816 tionem
2116 4777 2181 4815 ac
2226 4768 2460 4814 mentem
2505 4758 2905 4821 immaterialis,
2941 4769 3104 4828 atque
3142 4757 3457 4812 indeiiciens

1883 4855 2212 4908 desiderium
2259 4850 2727 4919 contemplationis
2771 4865 2892 4918 qua:
2945 4850 3220 4918 passionis
3261 4863 3458 4919 expers

1887 4946 1988 5011 sit,
2030 4960 2128 4999 nec
2159 4959 2266 4998 non
2309 4952 2530 4996 aeternae
2576 4943 2798 4996 omnino
2825 4957 2889 4996 ac
2921 4942 3183 5010 spiritalis
3212 4957 3460 4996 commu-

1887 5036 2086 5100 nionis,
2137 5033 2280 5088 illius
2311 5050 2459 5104 pura:
2501 5033 2805 5099 claritatis;
2841 5041 2896 5086 et
2925 5033 3128 5086 occulti
3169 5043 3333 5100 atque
3370 5033 3455 5086 di-

1883 5126 1988 5180 vini
2023 5125 2257 5179 decoris.
2309 5125 2566 5190 Rursum,
2594 5124 3008 5192 rincontinentia
3042 5123 3093 5177 in
3141 5125 3298 5178 nobis
3335 5126 3457 5193 qui-

1890 5219 2007 5273 dem
2040 5227 2126 5272 est
2155 5218 2373 5287 quidam
2405 5219 2660 5284 impetus,
2692 5231 2800 5285 quo
2831 5217 2885 5268 in
2927 5215 3131 5284 aliquid
3165 5216 3456 5270 tumultua-

1888 5311 1969 5364 rio
1996 5310 2152 5364 modo
2182 5309 2433 5368 ferimur;
2470 5309 2522 5362 in
2552 5307 2662 5362 illis
2695 5321 2828 5360 vero
2871 5306 3176 5360 constantia
3211 5316 3312 5370 est,
3337 5321 3456 5374 qua:

1889 5418 1918 5456 a
1950 5402 2166 5457 neinine
2210 5400 2431 5471 infringi
2476 5401 2668 5470 possit,
2707 5410 2928 5470 propter
2958 5415 3115 5455 suum
3146 5397 3453 5468 simplicem

1887 5508 1952 5548 ac
1984 5507 2204 5561 purum,
2241 5503 2295 5546 et
2323 5493 2378 5546 in
2421 5492 2569 5546 nullo
2598 5493 3028 5555 exorbitantem,
3063 5498 3224 5557 atque
3255 5488 3454 5541 immu-

1888 5587 2108 5642 tabilem
2135 5586 2331 5640 divinae
2359 5584 2784 5654 pulchritudinis
2807 5597 3068 5645 amorem,
3087 5579 3194 5650 25
3223 5587 3280 5633 et
3312 5585 3452 5632 tota-

1888 5679 1991 5734 lem
2016 5679 2270 5748 impetum
2294 5683 2347 5732 in
2367 5677 2418 5732 id
2445 5677 2587 5747 quod
2605 5691 2730 5730 vere
2749 5673 2976 5730 amabile
2989 5672 3220 5728 exsistit.
3245 5670 3452 5733 Denuo,

1888 5771 2384 5839 irrationalitatem,
2410 5779 2479 5826 .et
2522 5766 3019 5831 insensibilitatem,
3059 5771 3112 5820 et
3139 5761 3451 5829 amentiam,
