3916 6234
471 276 571 336 159

1607 277 1664 337 S.
1700 277 2002 338 DIONYSII
2038 278 2502 339 AREOPAGITE

3637 280 3733 337 160

470 393 522 447 in
560 392 719 447 rebus
747 391 1157 449 irrationalibus
1191 402 1247 449 et
1283 394 1622 464 inanimatis,
1650 398 1802 453 verbi
1849 399 2050 467 gratia,

2158 396 2312 468 ρικοῦ
2351 396 2533 467 λόγου,
2574 395 2689 468 (τοῦ
2728 394 3091 469 μεταϐατικοῦ
3122 395 3242 467 μὲν,
3266 393 3345 459 ὡς
3378 395 3736 468 μεταϐαίνον-

471 484 526 538 iu
563 483 741 552 lapide
796 485 1313 553 insensibilitatem,
1364 490 1630 559 privative
1683 490 1938 553 dicimus,
1983 490 2051 544 de

470 576 814 647 spiritalibus
843 593 972 633 vero
1001 595 1065 634 ac
1094 581 1257 634 rebus
1296 581 1702 647 immateriatis,
1730 580 2051 638 alﬁrtnative

470 684 566 723 seu
603 668 853 737 positive.
886 669 1065 738 Atque
1096 670 1186 725 illa
1224 673 1466 739 quidem,
1514 675 1658 744 quod
1705 674 2049 730 eminentiori

471 758 633 812 modo
661 774 720 813 se
745 760 1001 823 habeant,
1037 761 1107 814 ita
1146 772 1207 816 ut
1238 774 1481 817 nostram
1514 776 1772 834 superent
1795 766 2053 835 eloquen-

472 850 640 917 tiam,
705 867 1119 922 sermonemque
1190 857 1577 913 transcendant
1638 859 2047 927 (transitorium

469 940 718 1009 quidem,
762 952 820 995 ut
863 944 953 1012 qui
990 960 1017 997 a
1056 945 1317 1014 loquente
1364 947 1431 1000 ad
1472 948 1780 1002 auditorem
1821 951 2047 1018 transit;

470 1049 794 1102 corporeum
825 1051 978 1100 vero,
1007 1045 1063 1089 ut
1094 1038 1182 1107 qui
1213 1039 1495 1109 corporeis
1524 1040 1901 1097 instrumentis
1933 1058 2054 1112 pro-

471 1123 707 1192 fertur),
759 1125 988 1181 dicimus
1028 1127 1196 1197 ἀλογα
1247 1144 1341 1185 seu
1390 1129 1718 1187 incﬂ'ahilia:
1753 1132 1864 1188 illic
1906 1136 2049 1190 enim

472 1231 577 1268 non
627 1216 735 1279 sic,
778 1218 874 1271 sed
918 1222 1166 1288 corporis
1207 1231 1477 1291 expertes,
1519 1232 1573 1277 et
1607 1224 1674 1278 ad
1711 1240 1768 1279 se
1818 1224 2049 1281 invicem

471 1307 779 1361 accedendo
809 1322 873 1361 ac
920 1311 1242 1376 recedemlo,
1285 1313 1433 1366 omni
1473 1329 1725 1369 sermone
1768 1317 2048 1386 perspica-

470 1397 592 1453 cius
621 1402 982 1470 cogitationes
1030 1413 1247 1459 mutuas
1279 1405 1580 1472 intuentes,
1617 1410 1767 1464 velut
1811 1410 1954 1465 inter
1988 1424 2048 1464 se

473 1492 856 1561 colloquuntur
892 1510 988 1564 per
1044 1496 1344 1565 silentium,
1390 1515 1699 1556 sermonem
1745 1501 1847 1557 sibi
1901 1502 2049 1556 velut

472 1583 707 1640 invicem
766 1590 1257 1647 communicantes.
1313 1593 1622 1648 Secundum
1679 1594 1781 1649 hoc
1834 1594 2042 1662 itaqne,

469 1678 691 1733 ordines
736 1680 995 1735 cmlestes
1046 1684 1318 1739 sermonis
1365 1697 1619 1756 expertes
1662 1687 1895 1742 dicimus
1936 1706 1948 1741 :
1994 1689 2046 1742 in

2154 504 2246 551 τος
2268 490 2332 540 ἐκ
2354 486 2449 541 τοῦ
2475 487 2724 557 λέγοντος
2754 490 2834 552 είς
2861 488 2952 543 τὸν
2985 486 3276 542 ἀκούοντα·
3314 486 3627 557 σωματικοῦ
3653 486 3736 551 δὲ,

2151 579 2228 644 ὡς
2261 579 2351 633 διὰ
2383 580 2709 651 σωματικῶν
2744 580 2988 652 ὀργάνων
3010 578 3338 650 γινομένου,)
3368 578 3597 648 λέγομεν
3622 578 3741 632 ἀλο-

2154 688 2229 740 γα
2247 688 2259 701 ·
2294 672 2412 724 ἐκεῖ
2438 671 2546 743 γὰρ
2574 673 2672 743 οὐχ
2696 672 2886 736 οὕτως,
2912 670 3023 724 ἀλλ’
3052 670 3110 723 ἐν
3135 668 3421 741 ἀσωματίᾳ
3444 669 3738 737 τυγχάνον-

2153 780 2267 828 τες,
2294 766 2389 818 καὶ
2411 766 2493 828 είς
2524 764 2787 836 ἀλλήλους
2824 762 3128 835 χωροῦντες
3171 763 3261 814 καὶ
3300 762 3739 833 ἀποχωροῦντες,

2153 854 2355 919 παντὸς
2400 855 2559 923 λόγου
2598 854 2917 937 τρανότερον
2942 853 3039 916 τάς
3072 851 3312 923 ἀλλήλων
3340 853 3550 923 νοήσεις
3571 868 3735 904 κατο-

2156 948 2479 1013 πτεύοντες,
2525 934 2999 1019 ἀλλήλοιςνῶσπερ
3032 945 3368 1015 διαλέγονται
3422 944 3519 1001 διὰ
3550 944 3737 1015 σιγῆς,

2154 1042 2251 1095 τοῦ
2278 1042 2438 1111 λόγου
2467 1041 2654 1114 ῶσπερ
2684 1041 3058 1113 μεταδιδόντες
3087 1038 3355 1110 ἀλλήλοις.
3390 1036 3551 1092 Κατά
3573 1037 3738 1091 τοῦτο

2151 1133 2329 1187 τοίνυν
2356 1134 2525 1201 ἄλογα
2546 1133 2775 1205 λέγομεν
2796 1132 2865 1186 τά
2900 1133 3125 1204 οὐράνια
3146 1131 3427 1201 τάγματα·
3458 1129 3548 1182 διὰ
3577 1129 3636 1182 δὲ
3674 1129 3739 1182 τὸ

2154 1226 2514 1297 ὑπερκεῖσθαι
2537 1226 2638 1296 τῆς
2668 1224 2878 1295 ὑλικῆς,
2909 1223 2984 1289 ὡς
3020 1225 3114 1278 καὶ
3140 1223 3426 1295 ἀλλοτρίας
3446 1222 3555 1275 τῶν
3590 1222 3743 1275 ἀσω-

2155 1315 2340 1384 μάτων
2358 1314 2681 1385 αίσθήσεως,
2700 1312 2877 1383 φαμὲν
2892 1312 3209 1384 ἀναίσθητα,
3223 1312 3299 1375 ὡς
3313 1310 3619 1385 ὑψηλότερα
3634 1308 3739 1378 τῆς

2152 1408 2473 1479 αἰσθήσεως,
2498 1411 2592 1463 καὶ
2611 1410 2794 1479 νοητά.
2816 1408 3204 1480 Συμπεραίνων
3232 1406 3397 1476 λέγει·
3439 1406 3593 1457 Ἐστι
3627 1420 3743 1455 τοις-

2152 1500 2358 1573 γαροῦν
2388 1503 2489 1555 οὐκ
2510 1502 2735 1566 ἀπεικὸς
2760 1503 2853 1555 καὶ
2876 1505 2940 1556 ἐκ
2972 1501 3080 1555 τῶν
3113 1499 3380 1570 ἀνομοίων
3413 1500 3507 1551 καὶ
3545 1498 3741 1566 ἀτιμο-

2151 1596 2327 1649 τάτων
2357 1595 2455 1665 τῆς
2482 1595 2611 1665 ὕλης
2637 1594 2816 1666 μερῶν
2840 1592 3199 1648 ἀναπλάττειν
3229 1591 3462 1653 εἰκόνας,
3486 1590 3608 1642 ἐπεὶ
3644 1588 3744 1640 καὶ

2153 1688 2290 1759 αὐτη
2314 1690 2346 1760 ἡ
2376 1687 2476 1759 ὐλη
2505 1688 2633 1759 περὶ
2648 1693 2663 1709 ⁹
2688 1687 2782 1740 τοῦ
2804 1687 2970 1751 ὅντως
2986 1685 3150 1740 καλοῦ
3162 1684 3255 1737 τοῦ
3269 1683 3401 1736 Θεοῦ
3431 1682 3741 1743 ὑποστᾶσα,

470 1781 735 1838 quantum
771 1787 898 1827 vero
930 1777 1263 1831 materialem
1298 1793 1361 1833 ac
1390 1780 1739 1849 peregrinum
1770 1780 1934 1836 rebus
1962 1782 2043 1836 in-

2156 1781 2286 1837 κατά
2332 1782 2510 1833 πᾶσαν
2560 1780 2731 1851 αὐτῆς
2757 1779 3113 1851 διακόσμησιν
3146 1777 3241 1849 τὴν
3269 1777 3387 1831 κατ’
3411 1772 3570 1839 εἶδος,
3591 1775 3744 1844 ἀπη-

470 1866 751 1932 corporeis
786 1880 1004 1921 sensum
1057 1880 1349 1939 superant,
1392 1872 1745 1927 insensibiles
1793 1873 2043 1927 nomina-

471 1970 619 2018 mus,
674 1958 870 2027 quippe
925 1973 1143 2013 sensum
1210 1964 1572 2028 excedentes,
1628 1979 1693 2017 ac
1745 1964 2042 2033 spiritales.

2148 1874 2369 1943 χήματά
2398 1890 2519 1926 τινα
2540 1872 2639 1942 τῆς
2664 1874 2854 1941 νοερᾶς
2884 1869 3212 1941 εὐπρεπείας
3236 1870 3367 1940 ἔχει,
3398 1868 3473 1931 ὡς
3499 1867 3615 1920 ἔστι
3639 1864 3743 1918 τοῦ

2148 1966 2342 2035 φωτὸς,
2360 1966 2421 2019 τὸ
2440 1964 2690 2035 φωτίζειν
2705 2006 2720 2029 ,
2744 1964 2949 2020 καὶτοῦ
2970 1964 3158 2036 πυρὸς,
3175 1963 3235 2016 τὸ
3249 1960 3615 2032 δαπανητικὺν
3642 1958 3745 2012 καὶ

469 2047 818 2104 Concludens
846 2049 963 2103 ait:
1000 2051 1189 2106 Liceat
1222 2055 1403 2123 itaque
1436 2072 1540 2111 non
1577 2058 1851 2113 immerito
1879 2060 2044 2113 etiam

2156 2057 2489 2130 δραστήριον,
2516 2060 2562 2110 εί
2611 2058 2768 2128 μόνον
2816 2057 3083 2128 ἀνομοίως
3126 2057 3219 2109 καὶ
3251 2052 3622 2125 ἐτεροτρόπως
3670 2050 3746 2104 τὰ

470 2158 539 2195 ex
603 2143 956 2196 dissmilihus
1025 2145 1412 2216 vilissimisque
1490 2150 1733 2204 materiae
1796 2152 2046 2220 partibus

474 2236 739 2301 imagines
768 2234 1088 2301 elformare;
1122 2239 1562 2307 quandoquidem
1588 2242 1755 2295 etiam
1793 2243 1907 2298 hth
1936 2260 2045 2298 ma-

476 2330 610 2382 teria
646 2343 675 2381 a
703 2345 827 2384 vere
860 2332 1084 2399 pulchro
1122 2333 1234 2385 Deo
1263 2333 1514 2399 exsistat,
1544 2350 1870 2405 omnemque
1885 2352 2049 2392 orna-

475 2431 587 2473 tum
631 2438 788 2476 suum
823 2426 1137 2492 specilicum
1170 2428 1437 2490 obtineat,
1492 2428 1859 2497 nonnullaque
1887 2428 2050 2498 spiri-

475 2513 599 2567 talis
638 2515 854 2568 decoris
901 2518 1127 2586 vestigia
1171 2516 1371 2573 referat
1409 2537 1423 2572 :
1459 2520 1917 2587 quemadmodum
1963 2518 2046 2573 lu—

476 2604 635 2657 minis
670 2616 786 2671 est,
835 2606 1171 2671 illuminare;
1210 2622 1374 2677 atque
1428 2611 1567 2679 ignis
1606 2626 1947 2676 consumere,
1985 2626 2049 2666 ac

475 2705 780 2763 penetrare,
826 2699 869 2753 si
917 2700 1118 2755 similia
1161 2702 1336 2755 solum
1387 2702 1726 2757 dissimiliter
1765 2712 1820 2757 et
1858 2704 2048 2757 dilfor-

474 2790 638 2844 miter
676 2792 1063 2862 quotupliciter
1092 2804 1384 2848 sumantur
1412 2813 1424 2849 :
1457 2796 1539 2849 sol
1578 2797 1724 2849 enim
1759 2797 2049 2852 sensibiles

473 2880 658 2934 oculos
687 2883 975 2949 illuminat,
1012 2894 1066 2938 et
1094 2883 1403 2941 facultatem
1452 2889 1658 2956 praebet
1691 2886 1908 2942 colores
1938 2888 2048 2941 dis-

474 2976 760 3040 eernendi;
800 2977 939 3031 Deus
976 2993 1103 3033 vero
1151 2979 1255 3031 vim
1294 2980 1415 3045 dat,
1452 2980 1623 3049 ipsam
1678 2980 1949 3046 animam,
1994 2992 2049 3034 et

476 3080 594 3133 qua:
623 3067 673 3119 in
705 3082 767 3120 ea
803 3068 1023 3135 pulchra
1058 3079 1213 3134 sunt,
1249 3073 1595 3140 penetrandi.
1626 3070 1762 3125 Nam
1794 3086 1916 3141 quae
1954 3088 2048 3126 ea—

477 3159 597 3212 dem
631 3168 776 3220 sunt,
798 3176 901 3213 non
932 3162 1123 3216 eodem
1156 3165 1316 3216 modo
1340 3163 1703 3231 accipiuntur.
1731 3162 1827 3216 sed
1854 3177 2051 3216 secun-

477 3248 604 3302 dum
634 3259 759 3304 nato
772 3266 934 3305 ratem
960 3252 1187 3320 subjecti
1219 3253 1608 3323 proprietatem
1636 3261 1692 3306 et
1715 3253 2051 3307 definiuntur

477 3350 534 3395 et.
576 3342 989 3413 intelliguntur:
1020 3346 1221 3400 idcirco
1263 3346 1408 3400 enim
1455 3345 1621 3400 etiam
1667 3346 1781 3399 haec
1834 3344 2049 3398 illorum

479 3434 705 3503 vestigia
737 3450 829 3489 seu
869 3437 1071 3517 indicia
1102 3438 1390 3503 dicuntur;
1421 3438 1563 3491 unde
1589 3437 1757 3492 etiam
1787 3437 1854 3491 de
1885 3436 2053 3491 dissi-

481 3526 703 3581 milibus
745 3529 1137 3599 quotupliciter
1191 3531 1647 3602 participantibus
1692 3531 1779 3585 vel
1825 3531 2051 3600 partici-

480 3632 610 3685 pare
657 3622 1067 3687 apparentibus,
1104 3624 1401 3691 proverhio
1446 3623 1671 3685 dicitur,
1718 3622 1888 3677 echus
1948 3635 2053 3676 vox

484 3710 822 3777 reparabilis.
863 3712 1016 3779 Quod
1047 3714 1190 3767 enim
1228 3724 1311 3768 est
1341 3715 1392 3767 in
1428 3716 1636 3767 visione
1668 3713 1870 3781 imago,
1905 3713 2056 3767 simi-

2148 2150 2308 2220 ὅμοια
2336 2150 2517 2213 ποσῶς
2548 2149 3002 2220 ὲκλαμϐάνονται·
3030 2147 3179 2217 imo;
3201 2145 3309 2217 γὰρ
3334 2144 3624 2212 αἰσθητοὺς
3648 2142 3744 2211 όφ-

2149 2241 2386 2313 θαλμοὺς
2412 2240 2652 2310 φωτίζει,
2673 2243 2766 2295 καὶ
2788 2241 2895 2294 τῶν
2916 2240 3218 2312 χρωμάτων
3240 2236 3743 2309 ἀντιλαμϐάνεσθαι

2148 2334 2328 2387 δίδωσι
2349 2352 2361 2364 ·
2387 2334 2518 2397 Θεὸς
2542 2335 2597 2388 δὲ
2618 2334 2794 2406 ψυχὴν
2820 2334 2913 2388 καὶ
2939 2336 3050 2397 τοῖς
3075 2334 3253 2385 ἐκεῖσε
3277 2331 3461 2393 καλοῖς
3476 2331 3745 2398 ἐπεντρα-

2150 2425 2312 2489 νίζειν
2338 2426 2586 2498 παρέχει.
2620 2428 2700 2479 Τά
2725 2425 2863 2480 αὐτά
2885 2425 2994 2497 γάρ
3020 2425 3081 2478 οὐ
3109 2424 3318 2487 ταύτῶς
3342 2421 3740 2494 λαμϐάνονται,

2150 2516 2285 2587 πρὸς
2300 2518 2399 2588 τὴν
2422 2518 2655 2587 φυσικὴν
2677 2518 2734 2573 δὲ
2762 2518 2999 2587 ἰδιότητα
3025 2515 3118 2568 τοῦ
3144 2514 3503 2585 ὑποκειμένου
3520 2513 3617 2565 καὶ
3631 2510 3747 2580 ὁρί-

2151 2607 2331 2673 ζονται
2368 2610 2461 2663 καὶ
2491 2609 2751 2663 νοοῦνται.
2784 2609 2882 2663 Διά
2867 2608 3073 2694 λοῦτο
3106 2608 3215 2681 γάρ
3260 2607 3353 2660 καὶ
3395 2606 3744 2677 ἀπηχήματα

2150 2699 2392 2770 λέγονται
2425 2702 2647 2755 ἐκείνων
2673 2701 2870 2755 ταῦτα·
2906 2700 2965 2767 ἐξ
3004 2695 3065 2755 οῦ
3098 2701 3191 2753 καὶ
3216 2697 3483 2770 παροιμία
3512 2696 3745 2749 ἐπὶτῶν

2150 2791 2413 2862 ἀνομοίων
2427 2790 2608 2855 ποσῶς
2628 2791 2977 2862 μετεχόντων,
2996 2789 3030 2860 ἦ
3048 2791 3139 2843 καὶ
3152 2787 3447 2842 δοκούντων
3467 2785 3743 2856 μετέχειν,

2151 2881 2385 2951 λέγεται,
2404 2883 2486 2935 ὃτι
2515 2883 2609 2935 καὶ
2622 2881 2683 2934 τὸ
2701 2881 2801 2950 τῆς
2816 2880 2981 2951 ἠχοῦς
3012 2879 3399 2951 ὐστερόφωνον.
3420 2878 3486 2928 Ὃ
3505 2875 3617 2945 γὰρ
3645 2873 3745 2926 ἐπὶ

2150 2974 2251 3042 τῆς
2286 2975 2526 3045 ὁράσεως
2554 2972 2736 3036 εἰκὼν,
2768 2972 3018 3043 ὁμοίωμά
3050 2988 3102 3024 τι
3133 2970 3268 3041 πρὸς
3294 2971 3355 3023 τὸ
3384 2968 3747 3039 πρωτότυπον

2157 3065 2382 3139 ἔχουσα·
2415 3066 2569 3118 τοῦτο
2606 3065 2698 3118 ἐπὶ
2736 3064 2837 3134 τῆς
2877 3064 3048 3133 ἀκοῆς
3075 3064 3364 3133 ἀπήχημα,
3409 3059 3667 3131 ὁμοίωμά
3694 3076 3747 3111 τι

2155 3157 2290 3228 πρὸς
2312 3157 2409 3227 τὴν
2436 3154 2615 3227 φωνὴν
2646 3154 2765 3225 ἔχον
2783 3172 2796 3185 ·
2826 3154 2886 3207 τὸ
2912 3154 3021 3226 γὰρ
3059 3153 3168 3209 ἀπὸ
3200 3154 3293 3205 τοῦ
3329 3152 3462 3222 ἤχου
3507 3152 3590 3213 εἰς
3616 3150 3750 3203 ἐλά-

2150 3266 2331 3321 χιστον
2362 3246 2725 3317 καταντῆσαν,
2776 3246 2933 3299 τοῦτό
2974 3248 3141 3299 ἐστιν.
3186 3243 3471 3314 Ἐννόησον
3509 3238 3605 3295 οὖν
3642 3240 3748 3312 τὴν

2152 3342 2343 3413 νοεράν
2366 3341 2460 3395 τοῦ
2496 3339 2630 3393 Θεοῦ
2663 3339 3014 3411 εὐπρέπειαν,
3058 3338 3190 3408 ῆχου
3218 3334 3339 3389 τινὰ
3380 3336 3533 3403 λόγον
3584 3333 3752 3402 έχου-

2157 3451 2254 3487 σαν
2278 3433 2512 3499 ἐξαισίου
2538 3431 2712 3501 πάντη
2739 3432 2831 3483 καὶ
2860 3430 3202 3503 ἀπορρήτου·
3230 3425 3290 3493 ἐξ
3311 3421 3373 3483 οῦ
3403 3442 3549 3487 τινος
3577 3426 3748 3493 ήχου,

2158 3525 2251 3579 καὶ
2299 3522 2357 3589 ἐξ
2387 3517 2454 3593 ἦς
2500 3520 2851 3596 εὐπρεπείας,
2891 3518 3232 3590 ἀπηχήματά
3270 3534 3413 3580 τινα,
3448 3516 3542 3570 καὶ
3579 3514 3752 3568 οἱονεὶ

2160 3614 2479 3686 ὁμοιώματα
2504 3612 2597 3666 τοῦ
2628 3614 2782 3684 ήχου,
2809 3612 2843 3683 ἢ
2873 3613 2965 3665 καὶ
2991 3610 3258 3684 ἀνομοίως
3284 3608 3751 3680 ἐκλαμϐάνονται,

2164 3710 2302 3782 πρὸς
2330 3708 2397 3762 τά
2424 3707 2694 3779 κτίσματα
2720 3705 2998 3775 φθάνουσι.

482 3795 764 3855 litudiuem
828 3805 1121 3871 quamdam
1173 3806 1336 3874 primi
1388 3806 1718 3875 exemplaris
1765 3806 2043 3867 referens;
2081 3803 2183 3857 hoc
2228 3811 2313 3856 est
2352 3802 2404 3854 in
2434 3800 2620 3853 auditu
2655 3800 2970 3853 resonantia
2997 3795 3411 3853 similitudinem
3442 3794 3751 3866 quamdam

482 3899 631 3952 vocis
661 3898 898 3966 habens;
936 3904 1079 3970 quod
1113 3904 1367 3957 nimirum
1403 3903 1531 3956 illud
1566 3913 1673 3970 est,
1728 3903 1874 3973 quod
1931 3918 1960 3955 a
2015 3916 2151 3955 sono
2178 3898 2428 3954 ultimum
2485 3893 2805 3949 reﬂectitur.
2849 3891 3151 3949 Considera
3204 3894 3372 3962 igitur
3430 3890 3748 3962 spiritalem

483 3986 579 4043 Dei
642 3990 1100 4057 pulchritudinem
1155 4013 1218 4050 ac
1252 3999 1505 4052 decorem
1547 3998 1749 4053 referre
1799 3996 2196 4067 quodammodo
2248 3993 2512 4047 rationem
2562 3989 2853 4058 quamdam
2892 3988 3063 4044 echus
3096 4002 3322 4058 prorsus
3359 3988 3661 4059 singularis
3693 4001 3754 4049 et

481 4086 711 4149 occulti;
745 4100 774 4139 a
804 4087 961 4155 cujus
990 4103 1150 4154 sono,
1182 4100 1236 4144 et
1269 4108 1298 4144 a
1327 4093 1484 4162 cujus
1515 4092 1921 4162 pulchritudine
1953 4089 2279 4145 resonantia:
2326 4087 2597 4158 quaedam,
2642 4095 2700 4140 et
2738 4083 2893 4153 quasi
2940 4083 3330 4139 similitudines
3366 4084 3539 4153 ipsius
3586 4083 3747 4145 soni,

482 4183 613 4237 licet
642 4182 985 4237 dissimiliter
1015 4186 1374 4254 accipiantur,
1405 4189 1470 4240 ad
1505 4189 1646 4258 ipsas
1676 4197 1956 4243 creaturas
1985 4185 2323 4241 deferuntur.

553 4279 663 4349 26
690 4278 717 4350 ᾖ
748 4279 809 4332 V.
843 4279 995 4335 Hauc
1019 4282 1089 4335 ob
1120 4297 1339 4336 causam
1376 4286 1586 4340 divinos
1617 4287 1735 4340 illos
1760 4289 2057 4356 prophetas

2237 4280 2263 4351 ς
2301 4278 2362 4335 γ.
2388 4280 2487 4335 Διά
2498 4280 2669 4352 ⁴¹τοῦτο
2690 4278 2817 4339 τοὺς
2846 4276 3023 4339 θείους
3045 4275 3330 4347 προφήτας
3353 4274 3663 4345 εὑρήσομεν
3687 4274 3755 4327 οὐ

487 4373 817 4439 reperimus,
865 4387 969 4425 non
1019 4373 1272 4427 cmlcstes
1324 4384 1529 4429 tantum
1580 4378 1809 4431 virtutes
1847 4393 1941 4445 per
1975 4377 2050 4431 si-

2168 4372 2328 4443 μόνον
2356 4370 2455 4434 τὰς
2481 4370 2737 4441 οὐρανίας
2773 4368 3052 4439 δυνάμεις,
3082 4365 3225 4419 οὓτω
3262 4366 3356 4418 καὶ
3381 4364 3467 4416 διά
3490 4362 3756 4416 τοιούτων

486 4462 643 4517 miles
672 4464 917 4517 lictiones
939 4463 1237 4530 declarare,
1263 4468 1355 4519 sed
1388 4466 1675 4536 ipsammet
1698 4468 1861 4522 etiam
1885 4484 2058 4535 quan-

485 4556 662 4623 doque
718 4556 959 4608 divinam
1013 4557 1326 4611 essentiam.
1376 4558 1452 4611 Ει-
1493 4559 1786 4628 aliquando
1835 4561 2057 4631 quidem

486 4643 657 4710 ipsam
688 4660 714 4697 a
743 4646 904 4698 rebus
934 4660 1053 4713 qua:
1083 4657 1367 4714 apparent,
1415 4663 1625 4718 magna:
1653 4651 2055 4720 aestimationis,

486 4735 724 4800 laudant,
771 4746 1025 4805 tauquam
1057 4738 1262 4795 solem:
1298 4755 1470 4809 neque
1501 4744 1551 4796 id
1583 4745 1929 4813 simpliciter,
1962 4750 2056 4803 sed

484 4832 741 4893 tauquam
793 4825 970 4881 Solem
1016 4828 1276 4897 justitiae,
1316 4830 1467 4898 juxta
1515 4835 1830 4903 prophetam
1886 4836 2058 4890 Mala-

484 4918 662 4970 chiam
700 4918 791 4972 νε
844 4929 1099 4989 tanquam
1160 4922 1372 4978 stellam
1436 4928 1799 4994 matutinam,
1850 4933 1943 4984 sed
2004 4931 2054 4985 in

485 5009 666 5061 anima
698 5010 989 5072 orientem,
1031 5011 1183 5079 juxta
1218 5028 1470 5084 maguum
1521 5016 1740 5073 Petrum
1775 5020 1827 5075 iu
1864 5023 2052 5077 catho-

487 5100 591 5156 lica
638 5101 875 5170 Epistola
907 5116 1003 5156 sua
1041 5104 1349 5161 dicentem:
1386 5106 1561 5161 Donec
1620 5110 1817 5179 lucifer
1852 5114 2059 5167 oriatur

488 5195 541 5246 in
569 5193 815 5247 cordibus
864 5196 1049 5248 vestris
1072 5195 1123 5235 b'
1151 5214 1164 5249 :
1195 5208 1247 5249 et
1280 5208 1337 5250 ut
1378 5197 1579 5262 lumen,
1603 5202 1696 5254 sed
1737 5204 1856 5257 sine
1909 5214 2059 5272 tegu-

491 5296 671 5341 menta
691 5286 998 5355 splendens,
1011 5287 1164 5354 juxta
1197 5288 1324 5342 illud
1346 5288 1491 5360 :Ego
1513 5309 1627 5346 sum
1656 5294 1752 5349 tua:
1779 5297 1965 5351 mundi
1984 5298 2056 5362 0‘;

491 5388 655 5447 atque
680 5378 806 5432 illud
833 5395 847 5431 :
875 5377 1010 5431 Erat
1033 5378 1127 5434 tua:
1147 5379 1356 5434 uerad'.
1377 5382 1685 5450 Aliquando
1710 5399 1836 5439 vero
1852 5401 1881 5438 a
1899 5386 2061 5441 rebus

2162 4461 2458 4533 δηλοῦντας
2506 4461 2774 4525 πλάσεων,
2819 4458 2952 4513 ἀλλὰ
2986 4458 3077 4512 καὶ
3117 4454 3285 4525 αὐτὴν
3325 4454 3474 4507 ἐστιν
3514 4454 3605 4506 ὅτε
3650 4454 3756 4524 τὴν

2163 4551 2458 4623 θεαρχικὴν
2486 4551 2691 4605 οὐσίαν.
2719 4550 2829 4604 Καὶ
2862 4549 2993 4602 ποτὲ
3031 4547 3129 4618 μὲν
3161 4545 3329 4616 αὐτὴν
3357 4545 3464 4598 ἀπὸ
3491 4544 3602 4598 τῶν
3630 4561 3758 4613 φαι-

2161 4644 2406 4714 νομένων
2458 4644 2658 4715 τιμίων
2706 4641 3001 4713 ὐμνοῦσιν,
3042 4639 3117 4703 ὡς
3175 4638 3362 4708 ἥλιον·
3415 4637 3515 4706 οὐχ
3564 4635 3755 4699 ἀπλῶς

2161 4735 2334 4805 ἥλιον,
2375 4733 2513 4787 ἀλλά
2552 4733 2893 4804 δικαιοσύνης
2933 4731 3072 4785 κατὰ
3096 4730 3187 4785 τὸν
3226 4731 3511 4802 προφήτην
3557 4727 3754 4781 Μαλα-

2165 4834 2316 4904 χίαν·
2347 4833 2423 4897 ὡς
2465 4833 2600 4904 ἐῷον
2642 4832 2865 4902 ἀστέρα,
2900 4830 3014 4883 ἀλλ’
3044 4830 3125 4891 εἰς
3155 4827 3332 4898 ψυχὴν
3370 4823 3753 4885 ἀνατέλλοντα,

2163 4925 2305 4980 κατὰ
2333 4925 2424 4978 τὸν
2455 4926 2624 4996 μέγαν
2650 4924 2855 4997 Πέτρον
2880 4924 2938 4976 ἐν
2964 4926 3031 4995 τῇ
3062 4921 3323 4991 καθολικῇ
3352 4917 3640 4989 Ἐπιστολῇ
3666 4917 3755 4969 αὐ-

2160 5017 2256 5073 τοῦ
2306 5016 2564 5085 λέγοντα,
2613 5019 2765 5086 Ἕως
2786 5017 2856 5071 οὗ
2892 5015 3212 5086 φωσφόρος
3237 5009 3605 5066 ἀνατελεῐὲν
3623 5008 3755 5075 ταῖς

2164 5112 2432 5180 καρδίαις
2458 5108 2653 5179 ὑμῶν·
2686 5110 2777 5161 καὶ
2815 5108 2891 5170 ὼς
2942 5104 3085 5174 φῶς,
3130 5103 3244 5157 ἀλλ’
3291 5099 3753 5172 ἀπερικαλύπτως

2166 5204 2532 5273 καταυγάζον,
2556 5203 2630 5264 ὡς
2652 5202 2732 5266 τὸ,
2776 5197 2921 5268 Ἐγώ
2951 5199 3069 5268 ειμι
3102 5196 3167 5249 τὸ
3193 5193 3320 5265 φῶς
3344 5192 3450 5246 τοῦ
3482 5193 3717 5261 κόσμου
3736 5207 3750 5221 ·

2165 5297 2256 5350 καὶ
2281 5296 2362 5359 τὸ,
2400 5292 2521 5349 Ἦν
2548 5293 2613 5346 τὸ
2651 5290 2777 5361 φῶς
2804 5290 2867 5344 τὸ
2899 5288 3210 5355 ἀληθινόν.
3249 5284 3387 5338 Ποτὲ
3412 5283 3471 5336 δὲ
3502 5282 3615 5336 ἀπὸ
3643 5281 3751 5334 τῶν

2170 5387 2371 5457 μέσων,
2409 5385 2485 5448 ὡς
2522 5382 2653 5454 πῦρ,
2695 5381 2808 5435 ἀλλ’
2833 5378 3087 5441 ἀϐλαϐῶς
3128 5378 3222 5431 καὶ
3250 5374 3540 5436 ἀκαύστως
3581 5372 3747 5441 φωτί-

492 5468 880 5537 mediocribus,
927 5469 1074 5524 verbi
1108 5471 1307 5539 gratia,
1347 5482 1406 5525 ut
1455 5474 1666 5542 ignem,
1708 5476 1801 5530 sed
1847 5477 2050 5534 innoxie

2168 5479 2281 5544 ζον,
2320 5478 2397 5541 ὼς
2427 5479 2485 5531 ἐν
2509 5480 2577 5548 τῇ
2609 5475 2756 5546 βάτῳ
2783 5470 3148 5545 τεθεώρηται·
3174 5468 3250 5533 ὡς
3279 5468 3444 5540 ὕδωρ,
3472 5464 3611 5521 ἀλλὰ
3649 5464 3746 5528 ζω-

564 5618 611 5647 ν
643 5608 877 5663 Malach.
928 5608 1076 5671 tv,‘2.
1154 5609 1205 5649 δ’
1234 5609 1271 5664 ll
1317 5610 1466 5669 Petr.
1503 5628 1541 5679 I,
1587 5613 1676 5667 l9.
1755 5618 1803 5654 ε’
1834 5614 1988 5673 Joan.
2023 5632 2049 5668 v

2200 5615 2286 5670 12.
2360 5614 2408 5655 ἀ·
2439 5615 2600 5672 Joan.
2645 5632 2683 5681 I,
2732 5615 2787 5671 9.

569 5726 724 5797 ‘Leg.
751 5726 901 5797 παρά
928 5728 1030 5783 vel.
1067 5725 1219 5797 πρός.
1255 5727 1406 5784 Eon.
1437 5727 1677 5785 Pnaoc.
