3916 6234
199 341 292 396 161

195 546 550 620 συμϐολικῶς
574 547 770 610 εἰπεῖν,
793 546 873 609 είς
898 545 1161 615 γαστέρα,
1187 547 1286 616 τὴν
1313 544 1492 617 ψυχὴν
1518 544 1782 616 δηλονότι,

191 637 567 709 διαδυόμενον,
602 636 695 689 καὶ
734 637 1011 707 ποταμοὺς
1063 634 1379 699 ἀναδλύζον,
1415 637 1658 706 ἀσχέτως
1695 638 1787 691 καὶ

194 733 534 803 ἀκρατήτως
562 728 951 802 ἀπορῤέοντας,
976 727 1118 781 κατά
1143 727 1226 793 τὸ,
1250 728 1509 798 Ποταμοὶ
1524 730 1785 796 ῥεύσου-

192 840 291 877 σιν⁸
320 822 395 875 ἐκ
426 820 542 889 τῆς
570 822 804 886 κοιλίας
830 818 1014 873 αὐτοῦ
1040 819 1259 885 ὕδατος
1289 818 1521 885 {amco
1564 821 1702 873 Ποτὲ
1727 820 1785 873 δὲ

192 915 296 969 ἀπὸ
325 914 441 967 τῶν
463 914 711 983 ὲσχάτων
736 912 829 966 καὶ
854 910 1162 984 χθαμαλιῖΝ,
1187 910 1263 974 ὡς
1286 911 1454 984 μύρον
1479 912 1693 975 εὐῶδες,
1710 912 1785 975 ὡς

192 1005 342 1079 παρά
364 1006 450 1077 τῷ
476 1004 802 1075 Σολομῶντι,
828 1006 1034 1072 Μύρον
1056 1004 1386 1057 ἐκκενωθὲν
1419 1003 1605 1073 ὄνομά
1634 1022 1748 1058 σου
1764 1021 1779 1034 ·

189 1096 261 1159 ὡς
311 1094 469 1149 λίθον
534 1097 947 1168 ἀκρογωνιαῖον,
992 1094 1068 1157 ώς
1108 1094 1262 1165 παρά
1302 1095 1380 1166 τῷ
1420 1096 1635 1166 Δανιήλ.
1674 1095 1783 1148 Καὶ

192 1188 414 1258 μορφὰς
442 1187 581 1258 αὐτῇ
617 1186 954 1258 περιτιθέασι
981 1185 1227 1251 λεόντων,
1258 1186 1550 1257 πάνθηρος,
1578 1186 1782 1257 παρδά-

188 1278 345 1343 λεως,
373 1280 473 1332 καὶ
496 1277 878 1350 ἀπορουμένης
899 1277 1123 1349 ἄρκτου,
1149 1279 1223 1341 ὡς
1252 1279 1310 1331 ὲν
1336 1282 1449 1342 τοῖς
1475 1280 1781 1349 προφήταις

190 1368 562 1441 εὑρίσκονται.
583 1367 886 1440 Προσθήσω
905 1366 978 1431 δὲ,
1013 1367 1094 1419 ὅτι
1115 1370 1208 1421 καὶ
1229 1367 1508 1439 σκώληκος
1530 1365 1665 1432 εἶδος
1688 1370 1780 1422 καὶ

188 1462 510 1533 ὀνομασίαν,
550 1459 690 1514 κατά
738 1459 819 1523 τὸ,
872 1460 1017 1529 Ἐγώ
1060 1462 1174 1529 εἰμι
1204 1460 1479 1529 σκώληξ,
1526 1461 1624 1515 καὶ
1668 1464 1778 1515 οὐκ

190 1556 537 1622 ἄνθρωπος’
584 1554 680 1607 καὶ
732 1548 870 1616 εἶδος
924 1552 1122 1624 μᾶλλον
1165 1552 1259 1605 τοῦ
1309 1553 1584 1626 σκώληκος
1615 1555 1664 1606 οἱ
1709 1554 1780 1607 τά

190 1647 308 1700 θεῖα
341 1646 503 1714 σοφοὶ
534 1643 925 1709 ἀποδεδώκασι,
957 1644 1044 1698 διὰ
1074 1645 1173 1715 τὴν
1214 1645 1450 1718 ἄσπορον
1478 1648 1542 1699 ἐκ
1569 1646 1779 1718 Παρθέ-

189 1755 279 1790 νου
306 1735 600 1807 σύλληψιν,
633 1736 727 1790 καὶ
750 1737 811 1791 τὸ
836 1736 1038 1790 τέλειον
1065 1731 1205 1799 εἶδος
1227 1736 1323 1790 τοῦ
1346 1735 1652 1808 ἀνθρώπου,
1684 1737 1777 1791 καὶ

186 1832 283 1902 τὴν
311 1832 533 1887 τελείαν
559 1833 723 1903 φύσιν
748 1832 816 1904 ἢν
843 1831 1226 1905 προσελάϐετο.

257 2119 424 2174 Οὕτω
449 2118 658 2183 πάντες
686 2118 736 2172 oi
763 2118 1007 2187 θεὸσοφοι
1030 2119 1130 2191 τῆς
1156 2118 1306 2182 θείας
1334 2120 1615 2183 ἐπιπνοίας
1646 2122 1779 2174 ὑπο-

187 2212 359 2284 φῆται
376 2212 488 2266 τῶν
514 2212 814 2266 ἀτελέστων
841 2212 935 2266 καὶ
954 2212 1182 2284 ἀνιέρων
1206 2212 1443 2281 τάἋγια
1475 2211 1584 2265 τῶν
1608 2214 1780 2283 ἁγίων

185 2303 695 2368 ἀττοδιαστὲλλουσι,
733 2305 827 2356 καλ⁵
853 2304 951 2376 τὴν
993 2304 1242 2375 ἀνόμοιον
1269 2304 1664 2377 ἱερομόρφωσιν
1697 2322 1779 2359 τι-

192 2393 394 2464 μῶσιν,
420 2394 500 2457 ὡς
528 2395 665 2466 μήτε
691 2393 760 2447 τά
788 2393 904 2447 θεῖα
930 2395 993 2447 ὲκ
1015 2394 1305 2465 προχείρου
1333 2388 1468 2446 εἶναι
1490 2396 1603 2457 τοῖς
1630 2393 1782 2467 βεϐή-

186 2488 300 2553 λοις
332 2488 605 2555 νοεῖσθαι,
641 2490 781 2560 μήτε
808 2489 935 2552 τοὺς
957 2487 1064 2542 τῶν
1091 2489 1253 2560 ἱερῶν
1280 2488 1609 2559 ἀγαλμάτων
1633 2487 1779 2557 φιλο⁶

188 2580 490 2653 θεάμονας,
508 2580 583 2645 ώς
608 2579 861 2651 ἀληθέσιν
886 2580 1235 2651 ὲναπομένειν
1253 2582 1366 2643 τοῖς
1382 2579 1589 2641 τύποις.
1612 2577 1780 2631 Τοῦτο

186 2673 247 2727 δὲ
285 2674 348 2740 ἐξ
396 2672 668 2744 Ἑλλήνων
714 2669 994 2742 εῐληπται’
1042 2672 1238 2723 ἐκεῖνοι
1280 2668 1389 2742 γὰρ
1439 2670 1654 2722 ἐποίουν
1691 2662 1779 2722 οἷά

185 2781 342 2827 τινας
378 2765 720 2835 ἀνδριάντας,
752 2762 888 2835 μήτε
912 2764 1117 2835 χεῖρας,
1166 2762 1303 2833 μήτε
1336 2761 1501 2825 πόδας
1527 2760 1775 2831 ἔχοντας·

185 2855 418 2919 τούτους
450 2855 510 2908 δὲ
552 2855 758 2927 Ἑρμᾶς
798 2853 1042 2917 ἐκάλουν,
1085 2852 1160 2915 ὡς
1196 2852 1438 2925 κρυφίως
1464 2853 1615 2915 ἐντὸς
1646 2851 1779 2923 κρύ-

184 2966 428 3011 mm;
453 2946 521 3001 τὸ
542 2947 788 3018 ἄγαλμα·
824 2945 894 2998 τά
916 2944 1023 3014 γάρ
1051 2944 1254 3016 κρύφια
1284 2943 1360 3015 τῷ
1398 2944 1574 3016 Ἑρμῇ
1601 2947 1779 3000 ἀνετί-

186 3040 338 3093 θουν.
390 3038 638 3092 Ἐποίουν
662 3037 770 3109 γάρ
793 3037 850 3091 ὲν
873 3036 1053 3101 αὐτοῖς
1090 3037 1183 3089 καὶ
1221 3033 1387 3106 θύρας
1430 3036 1524 3089 καὶ
1583 3036 1780 3101 τόπους

184 3130 508 3195 διακένους,
538 3128 632 3183 καὶ
658 3127 857 3182 ἔσωθεν
885 3128 1126 3181 ἐτίθεσαν
1164 3126 1451 3196 ἀγάλματα
1484 3119 1559 3178 ὧν
1593 3126 1780 3181 ἔσεϐον

186 3222 350 3276 θεῶν.
402 3218 715 3290 Ἐφαίνοντο
756 3214 848 3272 οὖν
874 3219 925 3270 οἱ
967 3218 1161 3289 Ἑρμαῖ
1203 3216 1468 3279 εὐτελεῖς,
1498 3216 1697 3270 ἔσωθεν
1722 3217 1778 3272 δὲ

185 3316 319 3379 τοὺς
350 3315 463 3367 τῶν
500 3313 635 3367 θεῶν
660 3311 1075 3382 καλλωπισμοὺς
1100 3305 1243 3380 εἶχον
1264 3327 1278 3340 ·
1309 3311 1357 3362 οἱ
1384 3310 1514 3378 γοῦν
1540 3310 1780 3379 φιλοθεά·

190 3422 361 3476 μονες
403 3402 633 3467 τούτων,
666 3404 779 3467 τοῖς
817 3400 1044 3472 Ἑρμαῖς
1072 3400 1132 3452 οὐ
1162 3403 1469 3470 προσεῖχον,
1502 3400 1637 3453 ἀλλά
1664 3403 1777 3465 τοῖς

189 3495 403 3550 ἔσωθεν
454 3494 753 3565 ἀγάλμασι.
809 3491 908 3547 Διά
938 3490 1110 3567 ταῦτα
1137 3491 1333 3556 τοίνυν,
1398 3491 1492 3544 καὶ
1540 3491 1679 3567 ὥστε
1709 3493 1780 3546 τά

192 3588 316 3642 θεῖα
346 3557 515 3641 πάλιν
543 3557 807 3659 τιμᾶσθαι
834 3557 1245 3656 ταῖςτάληθέσιν
1273 3557 1612 3654 ἀποφάσεσιῖ
1633 3603 1647 3616 ·
1694 3587 1777 3640 ὅτι

190 3683 302 3734 κᾶν
339 3682 391 3745 ὅ,
423 3700 478 3735 τι
508 3679 703 3746 εἴποις,
746 3681 807 3734 ού
836 3680 996 3734 τοῦτό
1030 3682 1153 3733 ἐστι
1189 3679 1252 3733 τὸ
1279 3678 1453 3743 Θεῖον,
1496 3680 1635 3735 κατὰ
1681 3681 1779 3753 τὴν

192 3773 547 3845 ἀποφατικὴν
573 3772 870 3842 θεολογίαν.
906 3772 1016 3825 Καὶ
1068 3771 1229 3827 πάλιν
1255 3768 1414 3823 τοῦτο
1440 3770 1653 3839 λέγεται
1682 3792 1780 3827 κα-

192 3868 266 3920 τά
297 3867 401 3939 τὴν
434 3865 837 3941 καταφατικὴν,
881 3864 993 3918 ἀλλ’
1027 3864 1126 3933 οὐχ
1166 3862 1354 3926 ἁπλῶς
1410 3865 1505 3919 καὶ
1550 3865 1776 3938 κυρίως,

193 3958 336 4011 ἀλλά
360 3961 484 4021 ταῖς
526 3955 662 4027 πρὸς
693 3955 762 4009 τά
784 3954 1036 4027 χθαμαλά
1057 3956 1321 4029 ἐτεροίαις
1367 3959 1461 4012 καὶ
1502 3957 1781 4031 ἐτεροτρό-

194 4064 321 4110 ποις
349 4044 720 4117 ἀφομοιώσεσι
756 4043 868 4097 τῶν
897 4044 1298 4114 ἀπηχημὰτων,
1334 4045 1500 4097 οἱονεὶ
1550 4044 1659 4096 τῶν
1682 4045 1778 4115 δη-

198 4137 651 4211 μιουργημάτων.
707 4135 794 4199 Ὦς
849 4137 959 4208 γὰρ
1034 4137 1305 4207 ἀπήχημά
1358 4138 1474 4189 ἐστι
1528 4135 1589 4189 τὸ
1645 4134 1781 4207 μετὰ

191 4230 286 4283 τὸν
311 4225 451 4299 ἦχον
480 4228 847 4297 ὲναπομεῖναν
880 4228 947 4297 τῇ
1001 4226 1138 4298 ἀκοῇ
1185 4225 1426 4297 ἀμυδρόν
1449 4243 1502 4278 τι
1544 4227 1641 4299 τῆς
1671 4241 1782 4295 φω-

192 4325 292 4394 νῆς
349 4320 635 4389 λείψανον·
679 4316 820 4371 οὓτω
880 4318 975 4372 καὶ
1003 4318 1073 4372 τὰ
1124 4318 1579 4391 δημιουργήματα
1613 4357 1629 4384 ν
1678 4316 1781 4386 τῆς

193 4411 352 4473 θείας
384 4408 841 4480 ύπερουσιότητος
888 4407 1107 4479 ἀμυδρά
1132 4408 1216 4470 τίς
1237 4408 1354 4460 ἐστι
1374 4408 1607 4479 δήλωσις
1630 4423 1645 4437 ⁸
1680 4402 1783 4457 οὐκ

192 4505 258 4556 ἐκ
296 4503 409 4554 τῶν
427 4499 552 4553 καθ’
586 4497 754 4570 αὐτὴν
773 4502 791 4519 '
819 4496 949 4570 γὰρ,
979 4498 1092 4551 ἀλλ’
1125 4499 1188 4551 ὲκ
1220 4498 1329 4551 τῶν
1361 4499 1490 4570 περὶ
1519 4498 1686 4570 αὐτὴν
1720 4496 1784 4550 τὸ

190 4591 441 4645 τοιοῦτον
470 4590 755 4658 συνάγεται
783 4586 1031 4659 τνδαλμα.
1068 4586 1309 4659 Ἔσχατα
1337 4588 1394 4642 δὲ
1439 4590 1778 4661 ἀπηχήματα

190 4683 262 4738 τά
309 4683 579 4755 ἡμέτερα,
636 4680 775 4752 πρὸς
833 4680 1236 4752 ἀντιδιαστολὴν
1278 4679 1388 4733 τῶν
1433 4680 1775 4749 ἀγγελικῶψ

191 4776 273 4829 ὅτι
296 4774 395 4827 καὶ
424 4775 483 4825 ὲν
528 4774 595 4843 τῇ
626 4771 746 4825 καθ’
792 4774 941 4843 ἡμᾶς
981 4770 1084 4845 ὕλῃ
1121 4771 1466 4843 εὑρίσκονται
1498 4772 1780 4841 ἀναλόγως

192 4866 339 4920 θεῖαι
370 4864 682 4937 ὲμφέρειαι,
712 4865 846 4917 ὅπου
877 4865 971 4917 καὶ
1002 4865 1059 4916 ὲν
1086 4864 1337 4935 βοτάναις
1369 4865 1463 4917 καὶ
1496 4863 1779 4935 μετάλλοις

188 4958 252 5010 τὸ
283 4955 533 5025 ὠφελοῦν
563 4956 656 5008 καὶ
700 4954 967 5023 ζωογόνον
1015 4955 1351 5026 εὑρίσκεται,
1387 4956 1481 5009 καὶ
1505 4958 1564 5008 ὲν
1599 4956 1780 5020 ἄλλοις

188 5044 361 5120 ἕτερα
395 5047 517 5100 θεῖα
556 5046 649 5099 καὶ
684 5046 983 5119 παράδοξα.
1025 5046 1195 5099 υύδὲν
1227 5042 1320 5099 οὖν
1372 5046 1597 5110 ἄτοπον,
1656 5046 1782 5099 ἐπεὶ

191 5142 287 5195 καὶ
325 5138 423 5193 ἐπὶ
470 5137 607 5193 Θεοῦ
656 5138 718 5191 τὸ
763 5137 1007 5191 τοιοῦτον
1055 5138 1376 5209 πράττεται,
1426 5138 1475 5189 εἰ
1529 5136 1624 5191 καὶ
1681 5136 1781 5201 τάς

188 5232 484 5305 οὐρανίους
540 5230 798 5301 δυνάμεις
839 5231 904 5283 ὲκ
945 5230 1056 5283 τῶν
1101 5230 1345 5300 ἐσχάτων
1376 5229 1473 5282 καὶ
1506 5229 1780 5299 ἀνομοίων

188 5324 533 5395 ὁμοιοτήτων
582 5322 981 5376 ἀναπλάττουσι
1013 5338 1026 5351 ·
1056 5319 1216 5373 τοῦτο
1237 5319 1347 5392 γάρ
1403 5319 1533 5385 ἴσως
1589 5320 1686 5373 καὶ
1713 5323 1782 5391 η-

193 5417 306 5485 μᾶς
333 5410 581 5487 ταράξαν
602 5413 691 5467 διά
714 5412 775 5467 τὸ
802 5412 1042 5475 δυσειδὲς
1067 5412 1170 5482 τῆς
1199 5411 1503 5483 δηλωτικῆς
1537 5412 1632 5465 καὶ
1672 5428 1780 5481 φα-

191 5503 485 5578 νεροποιοῦ
518 5504 895 5570 ἀναπλάσεως,
928 5502 1219 5573 κεκίνηκεν
1263 5504 1345 5566 είς
1373 5502 1473 5574 τὴν
1521 5504 1780 5576 τοιαύτην

270 5675 298 5702 ο
329 5660 493 5716 Joan.
531 5675 632 5728 vu,
672 5659 766 5717 38.
847 5659 867 5699 ί
899 5660 1063 5716 Cant.
1109 5675 1150 5727 ι,
1172 5659 1229 5715 2.
1300 5661 1326 5701 ⁸
1349 5659 1489 5715 Osee
1518 5675 1639 5726 xm,
1673 5662 1726 5713 7.
1804 5663 1830 5702 ιι
1855 5659 1996 5718 Psal.
2030 5678 2145 5730 XXI,
2195 5662 2249 5718 7.

265 5798 374 5856 ’F.
407 5800 530 5855 κατ’
563 5798 751 5871 αὑτήν.
777 5798 869 5857 Sic
892 5800 1022 5870 legit
1054 5801 1347 5871 interpres.
1378 5801 1476 5855 En.
1512 5798 1755 5854 PATRUL.

714 340 799 395 DE
829 338 1156 397 C(ELESTI
1188 337 1638 409 HIERARCHIA,
1671 339 1779 397 CA]

1884 340 1931 399 fl.
1964 372 2035 385 -—
2065 341 2412 401 PARAPHR.
2455 343 2931 401 ΡΑΟΗῩΜΕΒΔΕ.

193 456 357 526 τικῆς
403 452 854 526 ἀποπληρώσεως
894 457 985 509 καὶ
1026 455 1341 527 χορτασμοῦ
1392 454 1647 527 χορηγὸν,
1695 456 1788 545 καὶ
1818 488 1866 545 Α

3366 347 3464 403 162

1905 455 2302 511 illuminantem
2351 468 2405 513 et
2454 459 2569 514 sine
2599 460 2994 525 combustione,
3041 460 3184 516 sicut
3231 462 3283 517 in
3330 468 3464 520 rubo

1892 548 2069 602 visum
2110 566 2125 602 :
2166 559 2223 603 ut
2269 566 2502 620 aquam,
2547 553 2640 605 sed
2676 568 2797 622 qua:
2834 552 3052 607 vitalem
3102 554 3462 623 expietionem

1887 639 2301 709 satietatemque
2330 644 2555 710 prabet,
2584 652 2638 696 et
2667 660 2808 713 quar,
2837 652 2896 697 ut
2923 645 3223 714 symbolice
3248 646 3463 717 loquar,

1888 728 1940 781 in
1977 737 2253 792 ventrem,
2294 728 2347 783 id
2381 740 2466 783 est
2498 732 2760 797 animam,
2790 732 2999 795 dillluit,
3031 744 3086 789 et
3119 734 3311 791 ﬂuvios
3342 752 3466 791 sus-

1886 820 2018 875 citat
2047 824 2328 893 eruptione
2366 824 2535 879 libera
2578 825 2879 891 ellluentes,
2910 827 3060 897 juxta
3114 828 3288 881 illud:
3328 828 3464 882 Flu-

1884 912 2029 966 mina
2059 913 2122 967 de
2167 925 2342 968 ventre
2390 916 2505 984 ejus
2549 919 2713 984 ﬂuent
2757 935 2909 986 aqua:
2950 920 3076 972 viva:
3106 930 3149 970 θ.
3202 918 3465 973 Nonnun-

1884 1021 2045 1075 quam
2076 1022 2288 1075 quoque
2319 1007 2533 1061 laudant
2568 1009 2635 1061 ab
2667 1010 2867 1065 inlimis
2900 1012 3239 1079 terrenisque
3273 1013 3458 1077 rebus,

1886 1109 1944 1150 ut
1992 1107 2321 1167 unguentum
2355 1094 2676 1161 odoratum,
2708 1100 2854 1152 sicut
2892 1099 3031 1168 apud
3083 1101 3459 1165 Salomonem,

1887 1187 2217 1259 Unguentum
2252 1189 2477 1258 eiusum
2518 1205 2707 1243 nomen
2741 1202 2888 1243 tuum
2918 1190 2977 1245 ίε
3013 1202 3068 1243 ιιι
3109 1192 3335 1259 lapidem
3368 1207 3466 1244 an-

1881 1279 2145 1349 gularem,
2175 1281 2312 1350 apud
2344 1278 2639 1333 Danielem.
2675 1280 2813 1346 Quin
2848 1292 2902 1335 et
2933 1281 3121 1335 formis
3153 1282 3279 1336 fera:
3311 1282 3460 1337 illam

1883 1369 2133 1432 induunt,
2166 1369 2401 1431 leonum,
2432 1370 2728 1439 pantherae,
2761 1373 2938 1439 pardi,
2969 1382 3134 1441 atque
3173 1374 3283 1426 ursi
3318 1374 3463 1427 indi-

1880 1461 2079 1530 geutis,
2103 1463 2558 1530 quemadmodum
2593 1464 2643 1516 in
2685 1465 2965 1534 prophetis
2995 1466 3261 1534 reperitur
3286 1466 3331 1518 δ.
3360 1466 3462 1519 Ad-

1881 1552 2001 1604 dam
2056 1561 2318 1621 praeterea
2363 1555 2566 1608 vermis
2619 1555 2853 1624 speciem
2901 1564 2954 1608 et
3010 1556 3457 1624 appellationem,

1874 1640 2028 1712 juxta
2061 1643 2188 1697 illud
2219 1660 2232 1699 :
2269 1644 2379 1714 Ego
2404 1659 2522 1698 sum
2550 1647 2760 1711 vermis,
2784 1656 2831 1699 et
2862 1662 2964 1699 non
2994 1644 3226 1711 homo“;
3259 1647 3461 1715 Illagis‘

1879 1748 1984 1801 que
2013 1735 2212 1789 vermis
2253 1741 2488 1804 speciem
2522 1736 2597 1803 hi,
2640 1738 2729 1803 qui
2761 1736 2944 1791 divina
2977 1739 3218 1808 sapiunt,
3250 1755 3448 1808 appro-

1880 1822 2098 1886 barunt,
2129 1833 2357 1893 propter
2398 1826 2518 1894 ejus
2559 1841 2624 1881 ex
2663 1827 2886 1895 Virgine
2926 1828 3045 1883 sine
3077 1830 3285 1883 semine
3330 1845 3463 1884 con—

1814 1908 1854 1962 B
1881 1914 2208 1983 ceptionem,
2248 1925 2303 1970 et
2339 1917 2637 1986 perfectam
2691 1918 2926 1974 hominis
2964 1921 3237 1989 speciem,
3278 1920 3458 1991 perfe-

1881 2017 2137 2077 ctamque
2168 2018 2415 2063 naturam
2447 2026 2610 2079 quam
2642 2012 2955 2079 assumpsit.

1951 2097 2044 2152 Sic
2072 2111 2262 2154 omnes
2290 2100 2407 2169 qui,
2442 2101 2623 2155 divina
2669 2110 2994 2170 praestantes
3039 2105 3327 2174 sapientia,
3374 2106 3459 2158 di-

1879 2194 2033 2248 vinas
2080 2194 2465 2262 inspirationes
2514 2197 2963 2266 interpretantur,
2994 2216 3022 2253 a
3058 2202 3223 2255 rebus
3255 2201 3459 2270 imper-

1882 2284 2036 2339 fectis
2065 2300 2130 2340 ac
2176 2286 2424 2354 profanis
2483 2288 2682 2343 Sancta
2720 2298 3031 2343 sanctorum
3067 2302 3377 2357 secernunt,
3407 2303 3462 2348 et

1881 2376 2199 2431 dissimilem
2235 2377 2529 2446 ﬁgurarum
2567 2392 2842 2432 Sacrarum
2876 2380 3151 2434 fictionem
3182 2384 3456 2448 probant:

1881 2480 1939 2524 ιιι
1980 2484 2084 2524 nec
2111 2485 2139 2523 a
2181 2470 2432 2537 profanis
2466 2486 2553 2524 res
2604 2471 2801 2524 divinae
2838 2472 2994 2526 facile
3042 2483 3459 2541 cognoscantur,

1879 2577 2054 2631 neque
2092 2562 2316 2617 studiosi
2365 2578 2652 2617 sacrorum
2710 2563 3176 2633 contemplatores
3226 2566 3457 2619 simula-

1880 2666 2115 2717 crorum,
2149 2654 2347 2708 talibus
2392 2654 2600 2723 ﬁguris,
2632 2663 2889 2724 tanquam
2937 2656 3104 2719 veris,
3152 2656 3452 2710 immoren-

1883 2756 1987 2801 tur.
2036 2744 2149 2799 Hoc
2191 2754 2370 2798 autem
2420 2745 2489 2798 ab
2524 2746 2761 2799 ethnicis
2809 2755 3136 2814 acceptum:
3186 2749 3455 2818 siquidem

1880 2837 1977 2907 ipsi
2024 2836 2294 2891 faciebant
2340 2837 2492 2904 quasi
2544 2836 2792 2905 quit-dam
2844 2838 3144 2892 simulacra
3203 2840 3460 2894 manibus

1881 2926 2209 2996 pedibusque
2257 2926 2538 2989 destituta,
2566 2942 2687 2995 quze
2732 2928 3078 2983 Mercuriales
3113 2940 3321 2984 statuas
3368 2928 3464 2983 vo-

1881 3021 2101 3084 cabant,
2135 3020 2335 3089 quippe
2362 3019 2507 3090 quod
2545 3020 2758 3074 occulte
2789 3022 2933 3074 intus
2963 3022 3317 3077 simulacrum
3358 3027 3460 3079 ali—

1879 3111 2021 3180 quod
2058 3112 2489 3167 absconderent:
2525 3126 2647 3165 nam
2688 3129 2807 3182 qua:
2848 3113 3061 3165 occulta
3095 3126 3282 3183 erant,
3312 3117 3457 3171 Mer-

1878 3206 2032 3259 curio
2077 3204 2450 3260 ascribebant.
2506 3204 2806 3259 Faciebant
2858 3215 3041 3260 autem
3098 3209 3148 3261 in
3211 3209 3275 3264 iis
3327 3225 3451 3265 cum

1879 3295 2046 3361 ostia,
2080 3303 2189 3347 tum
2218 3294 2612 3359 concavitates,
2651 3294 2848 3362 quibus
2880 3295 3105 3349 deorum
3150 3313 3287 3366 quos
3318 3299 3462 3353 cole-

1886 3387 2048 3450 bant,
2099 3388 2392 3441 simulacra
2446 3386 2821 3451 imponebant.
2873 3388 3226 3458 Apparebant
3281 3391 3465 3459 itaque

1880 3477 2011 3532 viles
2027 3478 2353 3547 ejuscemodi
2378 3488 2571 3532 statuae
2597 3477 3071 3544 Mercuriales,sed
3098 3481 3239 3535 intra
3260 3497 3320 3536 se
3341 3483 3470 3537 deo-

1880 3582 2000 3623 rum
2024 3579 2343 3624 ornamenta
2370 3569 2721 3624 continebant
2743 3586 2759 3635 ;
2783 3571 3007 3624 studiosi
3040 3572 3219 3640 itaque
3247 3572 3460 3626 illarum

1880 3662 1987 3732 27
2011 3661 2468 3731 contemplatores
2502 3701 2517 3726 ,
2558 3676 2663 3715 non
2693 3670 2804 3716 tam
2854 3663 3052 3718 statuis
3082 3664 3200 3717 istis
3231 3665 3464 3732 quadra-

1883 3757 1950 3810 tis
1978 3755 2360 3819 attendebant,
2386 3768 2549 3823 quam
2582 3753 2941 3809 interioribus
2969 3755 3303 3811 simulacris.
3357 3755 3464 3810 Per

1882 3848 1996 3903 haec
2026 3848 2209 3917 itaque
2232 3848 2397 3901 etiam
2431 3847 2611 3900 divina
2670 3846 2817 3900 veris
2872 3847 3257 3916 negationibus
3315 3845 3463 3901 cole—

1882 3938 2085 3994 branda
2117 3947 2279 3993 sunt:
2311 3938 2411 3992 etsi
2449 3939 2594 3993 enim
2621 3939 2749 4007 quid
2779 3936 3107 4005 ejuscemodi
3134 3939 3365 4003 dixeris,
3382 3950 3460 3993 ta-

1884 4030 2181 4098 menjuxla
2213 4037 2500 4100 negantem
2544 4030 2899 4101 theologiam,
2933 4030 3065 4083 illud
3095 4045 3202 4084 non
3235 4039 3320 4084 est
3347 4046 3452 4084 nu-

1883 4139 2027 4177 men.
2055 4123 2119 4175 Et
2152 4136 2345 4176 rursus
2378 4122 2482 4175 hoc
2512 4121 2719 4176 dicitur
2750 4124 3049 4177 secundum
3096 4121 3460 4175 atiirmantem

1885 4214 2235 4283 theologiam,
2257 4213 2353 4268 sed
2371 4228 2478 4268 non
2504 4214 2835 4284 simpliciter
2858 4228 2925 4267 ac
2954 4226 3103 4276 vere,
3125 4213 3220 4267 sed
3254 4228 3353 4282 per
3382 4214 3463 4267 af-

1883 4304 2146 4358 ﬁnitatem
2179 4320 2301 4359 cum
2336 4307 2496 4359 rebus
2530 4306 2764 4359 terrenis
2792 4319 2858 4357 ac
2886 4303 3269 4357 diversimodis
3310 4303 3464 4357 simi-

1884 4397 2209 4453 litudinibus
2280 4398 2723 4451 resonanti-arum
2801 4396 3208 4465 quodammodo
3276 4408 3460 4449 rerum

1883 4498 2218 4545 creatarum.
2248 4486 2402 4542 Sicut
2431 4488 2576 4543 enim
2608 4486 2922 4543 resonantia
2963 4497 3046 4539 cst
3076 4487 3127 4539 id
3156 4485 3299 4554 quod
3342 4496 3465 4553 post

1811 4587 1854 4642 D
1884 4596 2103 4646 sonum,
2132 4596 2224 4635 seu
2252 4581 2411 4634 exilis
2439 4579 2659 4649 quidam
2706 4578 2856 4633 vocis
2904 4577 3113 4645 sibilus,
3146 4578 3351 4631 auditu:
3382 4578 3459 4631 in-

1883 4676 2099 4740 haeret;
2136 4675 2407 4728 sicetiam
2463 4688 2552 4727 res
2599 4681 2799 4727 creata:
2858 4680 2986 4723 sunt
3041 4671 3271 4724 obscura
3317 4684 3467 4739 quae-

1883 4768 2006 4821 dam
2040 4764 2411 4821 manifestatio
2463 4765 2661 4818 divinae
2718 4759 3305 4833 superessentialitatis
3337 4783 3349 4815 :
3382 4761 3461 4814 si-

1881 4858 2100 4927 quidem
2126 4872 2231 4912 non
2263 4872 2328 4911 ex
2360 4856 2427 4912 iis
2454 4856 2616 4911 rebus
2644 4870 2766 4925 qua:
2797 4857 2849 4908 iu
2876 4856 3012 4923 ipsa,
3032 4853 3125 4907 sed
3156 4866 3219 4906 ex
3248 4850 3314 4905 iis
3341 4865 3463 4920 qua:

1882 4950 1951 5005 ab
1977 4950 2091 5019 ipsa
2108 4958 2255 5015 sunt,
2278 4949 2487 5019 species
2511 4946 2841 5018 ejuscemodi
2859 4944 3211 5015 imprimitur.
3249 4942 3463 4997 Ultima:

1883 5053 2066 5099 autem
2097 5042 2423 5098 resonantia:
2452 5056 2550 5096 seu
2578 5041 2787 5111 species
2810 5050 2939 5095 sunt
2963 5047 3464 5104 nostrae,compara-

1884 5135 2032 5191 tione
2054 5134 2421 5204 angelicarum
2441 5147 2455 5185 :
2476 5132 2737 5201 quoniam
2761 5131 2813 5184 in
2835 5130 2999 5185 rebus
3016 5141 3229 5197 quoque
3258 5137 3464 5180 nostra-

1886 5229 2053 5292 tibus,
2070 5225 2423 5297 proportione
2447 5225 2709 5295 quadam,
2742 5223 2941 5277 divina:
2962 5219 3353 5276 similitudines
3373 5230 3462 5269 re-

1885 5320 2171 5389 periuntur
2190 5333 2208 5383 ;
2230 5332 2354 5371 cum
2372 5317 2538 5371 etiam
2582 5315 2637 5370 in
2679 5314 2862 5369 herbis
2885 5327 2950 5369 ac
2973 5311 3208 5367 metallis
3239 5308 3291 5363 id
3319 5304 3460 5376 quod

1886 5413 2059 5483 prosit
2073 5420 2129 5467 et
2145 5408 2382 5465 viviﬁcet
2409 5407 2906 5474 inveniatur,atque
2931 5405 2983 5458 in
3006 5404 3129 5459 aliis
3155 5401 3262 5456 alia
3279 5398 3460 5453 divina

1887 5504 2287 5574 mirabilisque.
2348 5498 2494 5560 Nihil
2520 5499 2704 5570 itaque
2734 5497 2961 5555 absurdi
2991 5499 3079 5562 sit,
3132 5508 3257 5551 cum
3292 5492 3459 5546 etiam
