3916 6234
495 314 597 371 163
1621 313 1676 371 S.
1718 313 2021 373 DIONYSII
2052 315 2520 373 AREOPAGITE.
3656 315 3755 370 l6l

492 427 548 485 in
602 431 713 486 Deo
764 428 816 485 id
846 430 960 497 ﬂat,
992 429 1036 487 si
1098 431 1350 488 cmlestes
1412 448 1627 504 quoque
1684 434 1920 491 virtutes
1962 451 2040 506 pet

2149 500 2150 503 η
2181 437 2425 509 ζήτησιν,
2471 440 2570 492 οὐκ
2607 438 2710 491 ἐῶν
2759 437 2914 509 ἡμῶν
2946 437 3037 492 τὸν
3090 436 3214 492 νοῦν
3253 440 3601 508 ὲναπομεῖναι
3632 442 3742 499 τοῖς

490 520 706 574 ultimas
754 529 810 575 et
847 522 1137 578 dissimiles
1195 525 1581 580 similitudines
1619 528 1997 595 exprimantur
2035 547 2040 581 :

2164 527 2565 598 ἱστορουμένοις
2640 528 2717 591 ὡς
2786 528 2997 597 ἔχουσιν
3026 568 3041 591 ,
3107 528 3220 580 ἀλλ’
3273 527 3511 598 ὲρεθίζον
3594 530 3741 580 ἀπα-

488 624 611 662 nam
641 619 696 664 et
747 611 849 665 hoc
879 612 1016 666 forte
1039 614 1163 667 dum
1187 630 1285 669 nos
1332 616 1561 684 perculit
1588 626 1810 685 propter
1861 618 2040 673 ditior-

2156 618 2429 672 ναίνεσθαι
2457 618 2676 682 ταύτας,
2718 620 2810 672 και¹
2834 619 3147 691 προπθίζον
3172 619 3278 673 ἀπὸ
3305 620 3505 673 τούτων
3532 619 3598 691 δὴ
3629 619 3743 675 τῶν

490 702 731 755 unitatem
766 702 1013 769 ﬁctionis,
1050 721 1155 774 qua
1206 706 1698 761 manifestabuntur
1726 723 1791 762 ac
1818 709 2035 763 declara

2174 711 2509 781 φαινομένων
2536 712 2615 774 είς
2668 713 2958 781 ἀναγωγάς
2981 712 3373 767 ἀνατείνεσθαι.

489 794 706 858 bantur,
766 795 931 849 simul
987 798 1156 851 movit
1209 800 1275 853 ad
1316 799 1649 868 ejuscemodi
1727 801 2285 868 inquisitionem,non
2314 804 2542 859 sinendo
2569 814 2805 859 mentem
2846 815 3082 860 nostram
3142 805 3227 869 iis,
3265 807 3462 873 quibus
3524 804 3735 859 descri-

486 895 770 960 bebautur,
805 894 988 963 ﬁguris
1043 896 1346 961 immorari,
1402 897 1495 951 sed
1545 897 1819 952 excitabat
1853 900 1918 951 ad
1953 899 2080 954 illas
2115 901 2444 965 renuendas,
2484 902 2860 971 iucitabatque
2906 912 2966 957 ut
3001 904 3068 958 ab
3098 903 3213 969 his,
3240 918 3359 974 qua:
3381 902 3741 972 apparebant,

493 987 560 1039 ad
596 1002 889 1055 auagogus,
920 988 1035 1041 sive
1062 1002 1257 1041 sensus
1309 1003 1337 1040 a
1401 989 1633 1042 terrenis
1696 989 2051 1054 abducentes,
2080 990 2509 1045 intenderemus.

539 1081 661 1134 Haec
684 1084 750 1135 de
782 1072 1551 1138 istiusmodi'similitudinilms
1569 1085 1679 1138 sint
1703 1085 1868 1139 dicta.
1905 1085 2039 1140 Rect

2245 1089 2491 1141 Τοσαῦτα
2558 1088 2656 1159 μὲν
2698 1088 2932 1160 εἰρήσθω
2964 1089 3092 1160 περὶ
3123 1088 3231 1141 τῶν
3261 1088 3515 1141 τοιούτων
3539 1089 3742 1158 ὁμοιω-

492 1185 669 1226 autem
706 1174 823 1227 illas
855 1174 1257 1239 angeliformes,
1290 1192 1395 1229 non
1426 1176 1697 1245 angelicas
1729 1178 2025 1246 appellavit

2176 1182 2379 1252 μάτων.
2445 1181 2640 1245 Καλῶς
2706 1182 2760 1235 δὲ
2819 1182 3211 1251 ἀγγελοειδείς,
3270 1182 3372 1233 οὐκ
3441 1179 3741 1248 ἀγγελικάς

483 1281 586 1317 nou
607 1265 748 1316 enim
769 1266 1249 1332 angelorum,sicut
1267 1267 1319 1319 in
1340 1283 1397 1319 se
1414 1268 1830 1337 sunt,imagines
1848 1268 2040 1337 depictz

2171 1271 2358 1328 εἷπεν’
2420 1276 2479 1326 οὐ
2532 1276 2640 1345 γὰρ
2682 1274 2860 1327 αὐτῶν
2892 1274 3000 1326 τῶν
3057 1273 3301 1341 ἀγγέλων
3357 1273 3431 1335 ὥς
3485 1274 3620 1325 εἰσιν
3679 1270 3739 1323 αἱ

480 1366 625 1418 sunt,
650 1356 740 1408 sed
772 1354 1166 1409 eﬂormationis
1192 1374 1371 1411 rerum
1396 1359 1842 1428 incorporearum
1868 1375 2040 1428 quam

2169 1369 2376 1431 εἰκόνες
2404 1370 2817 1441 ἀπεγράφησαν,
2870 1368 2983 1421 ἀλλ’
3014 1367 3247 1437 ἐμφασίν
3279 1383 3400 1418 τινα
3436 1364 3739 1425 είδοποιίας

481 1449 603 1498 dum
637 1448 875 1513 speciem
904 1463 1014 1516 prae
1038 1465 1096 1502 se
1130 1448 1328 1503 ferunt.
1355 1450 1619 1504 Cteterum
1650 1452 1760 1520 jam
1800 1452 2034 1505 (lelinien

2169 1459 2278 1511 τῶν
2311 1462 2615 1530 ἀσωμάτων
2670 1458 3129 1530 ἀπεμφαίνουσιν.
3198 1457 3356 1527 Ἑξῆς
3422 1457 3480 1510 δὲ
3526 1455 3739 1527 πρέπει

479 1539 603 1589 dum
635 1548 687 1591 et
723 1539 1147 1603 declarandum,
1182 1543 1309 1608 quid
1334 1557 1497 1611 porro
1524 1543 1809 1611 ipsammet
1840 1545 2040 1598 hicrar-

2160 1549 2523 1620 ἀφορίσασθαι
2591 1550 2683 1601 καὶ
2743 1549 3095 1618 διασαφῆσαι,
3151 1548 3205 1600 τί
3268 1547 3366 1618 μὲν
3415 1545 3583 1614 αὐτὴν
3633 1544 3739 1616 τὴν

478 1628 657 1681 chiam
690 1644 812 1683 esse
840 1631 1206 1695 arbitremur;
1242 1632 1440 1701 quidve
1470 1634 1535 1687 ab
1580 1649 1641 1687 ea
1669 1634 1802 1687 lucri
1836 1636 2040 1703 capiant

2160 1640 2437 1712 ίεραρχίαν
2468 1636 2605 1693 εἶναι
2636 1640 2877 1711 οἰόμεθα,
2905 1640 2956 1692 τί
2989 1641 3045 1693 δὲ
3073 1640 3201 1712 παρ’
3237 1639 3405 1710 αὐτῆς
3444 1640 3511 1692 οἶν
3543 1638 3739 1709 ἱεράρ-

480 1720 781 1773 Ιιῐθτιιτοιιςυ
807 1737 871 1775 ex
902 1723 1073 1776 sacris
1101 1725 1450 1777 caeremoniis
1480 1724 1882 1795 mysteriisque.
1928 1723 2053 1779 Uti-

478 1828 599 1864 nam
632 1823 810 1866 autem
868 1814 1009 1867 viam
1046 1824 1260 1867 sternat
1309 1815 1580 1881 Christus,
1619 1816 1663 1869 si
1690 1818 1819 1870 mihi
1856 1816 1939 1871 fas
1970 1818 2041 1870 sit

475 1902 679 1964 dicere,
739 1918 912 1965 meus,
951 1906 1358 1972 appropriantlo
1414 1906 1542 1959 mihi
1579 1908 1722 1974 quod
1750 1922 2048 1962 commune

474 2000 577 2048 est.
613 1990 705 2060 qui
750 1993 1020 2045 universae
1050 1993 1409 2046 sacerdotalis
1452 1993 1819 2047 institutionis
1849 2003 1934 2048 est
1962 1995 2047 2048 in-

475 2084 698 2149 Spil'aliO
754 2084 1132 2159 traditioquel
1168 2084 1246 2137 Tu
1298 2099 1469 2147 vero,
1525 2085 1595 2137 lili
1654 2086 1918 2155 (loquitur
1976 2089 2043 2141 ad

475 2171 1196 2241 Timotheum),secundum
1270 2176 1402 2245 legis
1452 2188 1650 2231 nostrze
1708 2179 2054 2233 traditionem

472 2263 679 2330 (saneta
730 2265 874 2317 enim
910 2265 1158 2336 sanctis),
1196 2268 1459 2336 ipsemet,
1521 2277 1581 2321 ut
1625 2278 1815 2324 sancta
1872 2271 2051 2336 decet,

471 2364 525 2406 et
570 2370 673 2407 non
715 2365 930 2408 terrena
967 2358 1182 2411 ratione
1243 2359 1391 2422 audi,
1432 2360 1482 2412 in
1538 2361 1912 2428 explicatione
1965 2378 2051 2419 re-

474 2459 588 2496 rum
625 2446 1168 2502 divinarumdivinus
1196 2447 1408 2515 factus;
1444 2460 1608 2520 atque
1642 2466 1845 2505 arcana
1873 2464 2053 2508 mente

469 2550 589 2602 quze
606 2548 790 2591 sancta
821 2547 971 2602 sunt,
1000 2555 1027 2591 a
1053 2540 1297 2608 profanis
1362 2543 1497 2595 viris
1530 2543 1902 2608 abscondens.
1935 2554 2054 2599 tan-

469 2643 628 2696 quam
655 2628 941 2683 uniformia
980 2631 1373 2702 simpliciaque,
1398 2634 1509 2704 28
1532 2646 1589 2688 ut
1612 2650 1731 2704 quae
1763 2639 2050 2690 verborum

466 2721 857 2787 compositione
909 2730 1073 2788 atque
1124 2721 1417 2776 involucris
1472 2724 1698 2779 minime
1762 2724 2046 2793 indigent,

469 2822 637 2864 tuere.
665 2811 903 2865 Observa
929 2821 1133 2876 autem,
1170 2823 1227 2866 ut
1263 2814 1594 2869 multitudini
1619 2816 2046 2871 uniformitatem

465 2903 849 2971 subjunxerit:
894 2920 981 2960 res
1020 2907 1163 2960 enim
1198 2918 1397 2959 sancta:
1445 2908 1726 2972 uuilicaut,
1804 2908 2050 2977 profante

464 3010 593 3048 vero
615 2996 938 3051 distrahunt.
997 2997 1113 3051 Non
1155 2999 1299 3051 enim
1333 3013 1548 3067 aequum
1577 3009 1682 3066 est,
1709 3002 1863 3071 juxta
1890 3017 2046 3056 sacra

465 3088 787 3157 Evangelia,
822 3089 1092 3158 projicere
1125 3093 1309 3160 porcis
1348 3092 1671 3162 spiritalium
1728 3096 2049 3163 margarita-

464 3196 580 3234 rum
607 3197 799 3248 purum
829 3183 895 3234 ab
919 3184 1065 3236 omni
1097 3191 1314 3237 terrena
1338 3186 1719 3239 commistione
1752 3185 2047 3239 illustrem-

462 3288 567 3340 que
598 3273 970 3339 splendorem.
1002 3272 1198 3329 Filium
1230 3292 1357 3330 vero
1390 3285 1547 3331 vocat
1597 3278 1898 3346 apostolum
1953 3278 2046 3331 Ti-

2156 1751 2248 1802 χαι
2279 1734 2611 1802 ὠφελοῦνται
2659 1733 2748 1786 διὰ
2778 1732 2886 1785 τῶν
2918 1731 3077 1803 ιερῶν
3106 1730 3338 1784 τελετῶν
3384 1730 3477 1783 καὶ
3517 1746 3735 1801 μυστη-

2160 1827 2313 1898 ρίων.
2365 1826 2488 1879 Εἴθε
2518 1826 2572 1877 δὲ
2608 1826 3019 1896 προοδοποιήσοι
3050 1823 3324 1904 Χριετὸςό
3354 1822 3503 1893 ἐμὸς,
3541 1821 3618 1890 (εἴ
3636 1838 3737 1891 μοι

2159 1914 2319 1967 τοῦτο
2349 1915 2506 1985 θέμις
2542 1916 2739 1979 εἰπεῖν,
2777 1914 3185 1985 ίδιοποιουμένω
3218 1913 3278 1965 τὸ
3311 1913 3533 1981 κοινὸν,)
3566 1914 3599 1982 ἡ
3634 1912 3739 1964 πά-

2159 2023 2256 2074 σης
2306 2006 2586 2076 ἱερατικῆς
2619 2006 3006 2067 καταστάσεως
3034 2005 3287 2059 ἐπίπνοια
3329 2007 3421 2058 καὶ
3451 2004 3734 2066 sistam:

2158 2098 2229 2150 Σὺ
2264 2097 2340 2159 δὲ,
2370 2090 2414 2148 ὦ
2444 2098 2560 2160 παῖ,
2598 2096 2753 2167 (φησι
2806 2096 2944 2167 πρὸς
2982 2096 3302 2169 Τιμόθεον,)
3328 2095 3470 2149 κατά
3503 2095 3602 2167 τὴν
3633 2094 3738 2147 τοῦ

2157 2190 2424 2260 ἡμετέρου
2460 2190 2624 2259 νόμου
2665 2190 2961 2260 παράδοσιν
2988 2188 3075 2259 (τά
3109 2188 3236 2256 ἅγια
3251 2188 3359 2258 γάρ
3380 2188 3490 2250 τοῖς
3519 2186 3738 2258 ἁγίοις)

2156 2279 2317 2343 αὐτός
2353 2298 2411 2332 τε
2464 2278 2810 2350 ἱεροπρεπῶς
2864 2278 3059 2349 καὶμὴ
3097 2276 3391 2347 χθαμαλῶς
3432 2277 3618 2340 ἄκουε,
3670 2279 3734 2328 ὲν

2160 2374 2355 2443 μυήσει
2402 2373 2509 2425 τῶν
2556 2374 2751 2427 ἐνθέων
2796 2373 3076 2443 γινόμενος
3107 2371 3307 2433 ἔνθεος,
3349 2371 3444 2422 καὶ
3479 2370 3736 2440 κρυφίως

2156 2461 2529 2532 περικαλύψας
2556 2463 2623 2515 τὰ
2656 2463 2785 2530 ἅγια
2819 2461 2958 2514 κατά
2986 2460 3108 2514 νοῦν
3140 2461 3204 2512 ὲκ
3232 2460 3338 2513 τῶν
3367 2460 3598 2529 ἀνιέρων
3628 2460 3715 2510 ἀν-

2152 2560 2327 2632 δρῶν,
2372 2562 2445 2618 ὡς
2473 2556 2676 2625 ὲνοειδῆ
2714 2555 2806 2607 καὶ
2838 2555 2985 2607 ἀπλᾶ
3041 2554 3134 2605 καὶ
3181 2553 3254 2625 μὴ
3291 2554 3519 2623 δεόμενα
3553 2552 3732 2619 λόγων

2155 2653 2452 2715 συνθέσεως
2476 2647 2820 2717 διαφύλαξόν.
2880 2646 3020 2717 Ὅρα
3067 2644 3144 2707 δὲ,
3201 2644 3336 2715 πρὸς
3362 2642 3425 2696 τὸ
3454 2643 3731 2708 πληθύος

2149 2746 2211 2799 τὸ
2262 2734 2490 2810 ἐνοειδῆ
2554 2742 2797 2812 ἐπήγαγε
2823 2755 2837 2768 ο
2882 2738 2953 2790 τά
3005 2738 3101 2807 μὲν
3136 2736 3240 2807 γὰρ
3286 2736 3414 2803 ἆγια
3445 2734 3726 2786 ὲνοποιεῐ·

2150 2832 2218 2886 τὰ
2266 2834 2323 2886 δὲ
2362 2831 2562 2903 βέϐηλα
2612 2828 3075 2884 διασκεδάννυσιν.
3136 2827 3212 2879 Οὐ
3250 2826 3357 2896 γὰρ
3385 2825 3615 2886 δίκαιον,
3646 2822 3728 2886 ὡς

2148 2923 2218 2977 τὰ
2240 2924 2361 2995 ἱερά
2393 2941 2552 2992 φασιν
2584 2921 2911 2991 Εὐαγγέλια,
2938 2921 3017 2982 εἰς
3046 2919 3263 2990 χοίρους
3290 2916 3594 2989 ἀπορρίψω
3618 2931 3727 2985 την

2146 3017 2255 3070 τῶν
2287 3017 2490 3087 νοητῶν
2526 3015 2879 3088 μαργαριτῶν
2932 3015 3105 3086 ἀμιγῆ
3150 3014 3251 3082 τῆς
3297 3012 3445 3064 κάτω
3517 3010 3723 3079 συγχύ-

2150 3124 2286 3171 σεως
2317 3108 2409 3161 καὶ
2440 3107 2697 3178 λαμπρὰν
2730 3107 3081 3178 φαιδρότητα.
3138 3103 3311 3156 Παῖδα
3336 3101 3393 3153 δὲ
3440 3099 3585 3167 λέγει
3619 3100 3719 3151 τὸν

2147 3200 2443 3255 ἀπόστολον
2488 3198 2769 3269 Τιμόθεον,
2807 3197 2838 3267 ἢ
2873 3197 2949 3259 ὡς
2999 3192 3355 3266 προϐεϐηκὼς
3394 3194 3507 3253 toi;
3539 3190 3725 3242 ἔτεσιν

2146 3288 2317 3355 οὗτος,
2345 3292 2376 3363 ἦ
2410 3291 2496 3344 διὰ
2529 3290 2590 3342 τὸ
2632 3288 2946 3362 ἐρωτᾶσθαι
2977 3286 3106 3356 παρ’
3140 3284 3323 3346 αὑτοῦ,
3349 3284 3600 3336 κάκεῖνον
3626 3281 3711 3344 ,δι-

464 3368 769 3428 motheum,
794 3368 877 3420 vel
910 3367 1053 3436 quod
1081 3370 1239 3423 annis
1259 3378 1401 3423 esset
1434 3371 1759 3439 provectior,
1799 3369 1880 3424 vel
1900 3369 2040 3439 quod

2149 3386 2437 3438 δάσκεσθαι
2463 3402 2475 3415 °
2532 3380 2643 3454 εἶχε
2685 3384 2793 3453 γάρ
2830 3378 3069 3451 μεγάλας
3093 3379 3192 3441 τὰς
3230 3377 3539 3448 ὲνοχλήσεις
3570 3375 3725 3445 παρά

462 3462 530 3514 ab
554 3461 749 3516 eodem
784 3473 1004 3532 rogatus
1026 3472 1177 3525 esset
1212 3465 1326 3517 hrcc
1352 3465 1588 3518 edocere
1615 3480 1630 3516 :
1670 3464 1941 3533 siquidem
1968 3465 2040 3518 illi

2150 3477 2259 3529 τῶν
2304 3478 2360 3529 ὲν
2399 3476 2574 3545 Ἰωνίᾳ
2613 3475 2935 3544 φιλοσόφων.
2988 3474 3058 3525 Ἢ
3090 3472 3216 3533 τοὺς
3248 3469 3344 3540 τὴν
3382 3466 3624 3521 ἀκακίαν
3658 3467 3723 3518 ἀν-

462 3569 683 3622 magnas
700 3556 885 3608 turbas
902 3555 1243 3610 lacessebant
1259 3554 1389 3609 Ionii
1407 3556 1743 3624 philosophi.
1773 3556 1869 3610 Vel
1882 3557 2040 3611 etiam

2151 3567 2411 3630 σκοῦντας
2471 3567 2665 3628 παῖδας
2716 3565 2973 3625 ἐκάλουν,
3038 3555 3220 3623 καθώς
3286 3574 3430 3620 τινες
3494 3556 3722 3609 παλαιοὶ

463 3645 783 3699 innocentia:
823 3646 1098 3701 studiosos
1134 3662 1334 3715 pueros
1392 3646 1685 3711 vocabant,
1725 3648 1864 3701 sicut
1914 3648 2043 3716 qui-

460 3739 583 3791 dam
614 3748 821 3792 veteres
860 3739 1086 3794 historia
1122 3740 1488 3805 tradiderunt,
1514 3739 1687 3808 ipsum
1721 3740 2046 3795 innocentiae

462 3828 617 3882 laude
648 3830 915 3884 celebrem
963 3831 1258 3886 exstitisse.
1418 3822 1421 3825 i

2147 3656 2420 3728 ἱστοροῦσι
2449 3657 2580 3711 περὶ
2603 3654 2790 3707 τούτου
2811 3693 2825 3706 .
2873 3653 2954 3705 ὅτι
2984 3653 3051 3722 τῇ
3081 3649 3291 3703 ἀκακία.
3314 3644 3654 3711 ὲσεμνύνετα

465 3953 3678 3985 W

931 4065 1312 4156 CAPUT
1375 4069 1559 4154 Ill.

538 4201 673 4263 Quid
723 4202 786 4252 sit
827 4201 1150 4268 hierarchta,
1197 4210 1248 4255 et
1294 4217 1536 4271 quanam
1574 4200 1687 4270 ejus
1732 4202 1957 4255 utilitas.

2493 4052 3138 4140 ΚΕΦΑΛΑΙΟΝ
3208 4046 3335 4135 Γ’.

2215 4198 2275 4251 Τί
2297 4197 2465 4251 ἐστιν
2493 4194 2900 4317 ἱεραρχίαὶκαὶ
2941 4195 3033 4259 τίς
3072 4193 3111 4261 ἠ
3158 4190 3309 4245 κατὰ
3337 4188 3641 4258 ίεραρχίσν

2804 4281 3001 4317 more.

2804 4281 3001 4333 νησις.

1760 4379 2093 4437 SYNOPSIS
2133 4382 2426 4439 CAPITIS.

460 4498 500 4547 Ι.
544 4496 719 4567 Deﬁnit
751 4494 1344 4567 hierarcizittmneantque
1385 4490 1628 4567 trifqriqm
1649 4493 1839 4567 dividit.
1863 4498 1925 4546 ιι.
1957 4496 2287 4567 Exponitun
2305 4496 2369 4567 sit
2395 4494 2507 4567 ﬁnis
2530 4494 2631 4547 sive
2674 4508 2846 4567 scapus
2877 4491 3190 4567 ﬁagrehiw,
3215 4499 3261 4543 et
3285 4490 3444 4562 qualis
3473 4486 3714 4567 innettdsit

520 4554 850 4625 subordinqtio
868 4572 884 4607 :
911 4556 1118 4625 etsintttl
1142 4554 1363 4625 ostendit,
1382 4554 1719 4625 perfectionem
1740 4554 2132 4625 ejtts_§onst'_s'tere
2155 4554 2203 4625 in
2227 4558 2315 4609 Dei
2327 4554 2618 4625 imitatione;
2642 4554 2855 4625 ρξίιιςςᾲιιε⁵
2870 4555 3135 4625 functiones
3158 4554 3388 4625 εδδᾳιέαῖρ

3391 4553 3512 4621 iure,
3525 4550 3711 4621 illumi-

516 4619 919 4689 uerehperﬁccre.
954 4620 1037 4667 ιιι.
1061 4618 1298 4689 ῇφριὶςαι,
1318 4615 1434 4682 quid
1454 4615 1692 4669 incumbat
1712 4615 1809 4669 tuin
1846 4617 1908 4669 iis
1928 4618 2010 4684 qui
2052 4619 2327 4684 expiantur,
2347 4615 2697 4681 illuminantm",
2731 4615 3064 4685 per/icimur,
3085 4632 3228 4684 quam
3248 4615 3461 4678 illis'qui
3492 4615 3711 4676 expiant,

517 4680 787 4732 illuminant
807 4690 945 4742 atque
966 4680 1237 4744 per/icium.

458 5057 511 5101 et
542 5046 784 5111 scientia,
811 5054 865 5099 et
894 5046 1035 5098 actio
1060 5059 1178 5111 qua:
1233 5043 1298 5095 ad
1353 5041 1801 5103 deiformitatem.
1851 5057 2027 5111 quan-

461 5150 571 5194 tum
602 5141 682 5193 las
708 5148 812 5206 est,
868 5138 1097 5201 accedit,
1146 5146 1309 5204 atque
1360 5136 1538 5189 insitis
1595 5135 1697 5189 sibi
1765 5135 2029 5189 divinitus

457 5232 911 5288 illustrationibns
965 5231 1318 5298 proportione
1344 5228 1581 5296 quadam
1605 5228 1671 5281 ad
1703 5226 1796 5280 Dei
1834 5228 2030 5281 subve-

456 5327 603 5381 hitur
626 5323 1000 5379 imitationem.
1025 5322 1193 5376 Porro
1237 5335 1301 5374 ea
1332 5334 1451 5388 qua:
1481 5319 1646 5374 Deum
1680 5319 1862 5381 decet,
1902 5318 2023 5385 pul-

455 5418 728 5477 chritudo.
754 5424 811 5469 ut
842 5413 1086 5484 simplex,
1120 5422 1178 5466 ut
1236 5413 1399 5469 bona.
1444 5421 1503 5464 ut
1532 5411 1688 5479 origo
1734 5410 2024 5478 perfecﬁo-

457 5507 560 5567 nis,
593 5504 721 5559 nulli
773 5503 992 5559 omnino
1032 5513 1117 5557 est
1153 5501 1380 5556 admista
1420 5501 1877 5565 dissimilitudini,
1926 5501 2022 5555 sed

457 5614 554 5666 pro
581 5598 842 5666 cujusque
872 5596 1067 5649 merito
1106 5596 1330 5650 cuilibet
1356 5594 1533 5649 lumen
1568 5608 1724 5649 suum
1776 5593 2023 5661 imperti-

461 5702 568 5749 tur,
591 5700 647 5745 et
706 5690 759 5744 in
800 5700 1144 5745 sacramento
1193 5688 1557 5753 divinissitno,
1583 5687 1651 5741 ad
1702 5686 2021 5742 immutabi~

466 5783 635 5837 litatis
682 5795 791 5838 sua:
821 5783 1052 5852 speciem
1088 5781 1528 5838 transformando
1576 5791 1939 5837 consummat.

2064 4788 2175 4863 δι.

531 4952 624 5006 Est
654 4950 983 5011 liierarchia,
1025 4964 1146 5003 meo
1172 4949 1391 5018 quidem
1414 4949 1643 5018 judicio,
1682 4964 1836 5004 sacer
1865 4950 2023 5015 ordo,
2064 4957 2105 5011 ι)

2204 4953 2359 5005 Ἔστι
2378 4952 2475 5023 μὲν
2509 4953 2917 5024 ἱεραρχία,κατ“
2950 4952 3068 5023 ἐμὲ,
3101 4949 3254 5015 τάξις
3285 4948 3424 5021 ἱερὰ,
3461 4949 3555 5001 καὶ
3585 4948 3709 5001 ἐπι-

2139 5042 2338 5112 στήμη,
2373 5043 2467 5095 καὶ
2506 5042 2757 5113 ἐνέργεια
2800 5041 2936 5112 πρὸς
2986 5042 3047 5092 τὸ
3093 5040 3323 5101 θεοειδὲς
3371 5039 3446 5101 ὼς
3485 5037 3708 5106 ἐφικτὸν

2133 5133 2564 5203 ἀφομοιουμένη,
2611 5135 2702 5186 καὶ
2731 5132 2867 5203 πρὸς
2896 5132 2995 5195 τὰς
3037 5132 3376 5201 ένδιδομένας
3415 5130 3553 5199 αὑτῇ
3588 5128 3708 5180 θεό-

2134 5227 2224 5280 θεν
2256 5226 2549 5298 ὲλλάμψεις
2598 5225 2872 5295 ἀναλόγως
2915 5226 3008 5277 ἐπὶ
3039 5225 3099 5277 τὸ
3128 5224 3457 5295 θεομίμητον
3505 5223 3708 5289 ἀναγο-

2136 5319 2290 5390 μένη.
2325 5321 2397 5371 Τὸ
2427 5319 2483 5372 δὲ
2518 5319 2820 5390 θεοπρεπὲς
2846 5318 3063 5382 κάλλος,
3100 5318 3177 5380 ὡς
3202 5315 3429 5379 ἁπλοῦν,
3459 5314 3533 5376 ὼς
3566 5315 3710 5381 ἀγα-

2130 5412 2252 5475 θδν,
2296 5412 2372 5474 ὡς
2420 5411 2837 5482 τελεταρχικὸν,
2891 5409 3089 5480 ἀμιγὲς
3149 5408 3245 5477 μέν
3306 5408 3423 5458 ἐστι
3474 5404 3707 5458 καθόλου

2130 5503 2310 5571 πάσης
2373 5500 2785 5572 ἀνομοιότητος,
2847 5496 3191 5569 μεταδοτικὸν
3260 5495 3318 5548 δὲ
3372 5495 3494 5546 κατ’
3543 5491 3710 5558 ἀξίαν

2129 5596 2342 5664 ἑκάστῳ
2404 5592 2499 5645 τοῦ
2556 5593 2756 5644 οίκείου
2819 5590 3032 5657 φωτὸς,
3092 5588 3187 5640 καὶ
3247 5582 3593 5637 τελειωτικὸν
3643 5584 3707 5635 ὲν

2127 5686 2314 5755 τελετῇ
2368 5682 2621 5751 Θειοτάτῃ
2682 5678 2825 5732 κατά
2878 5677 2976 5748 τὴν
3022 5676 3157 5747 πρὸς
3220 5675 3380 5727 ἑαυτὸ
3439 5672 3551 5727 τῶν
3607 5690 3701 5725 τε·

2128 5778 2399 5849 λουμένων
2437 5774 2769 5848 ἐναρμονίως
2809 5769 3225 5841 ἀπαράλλακτον
3265 5768 3574 5841 μόρῳωσιν.
