3916 6234
194 344 293 403 153

1208 348 1296 403 DE
1329 345 1655 406 C(ELESTI
1689 347 2137 413 HIERARCIIIA,
2174 347 2329 404 CAP.
2372 348 2461 408 Ill.

3352 353 3455 413 166

1792 470 1963 545 gn."

254 629 473 692 Σκοπὸς
514 626 611 685 οὖν
648 631 932 704 ίεραρχίας
974 634 1122 686 ἐστὶν
1152 672 1166 696 ,
1211 636 1244 704 ἡ
1288 636 1426 706 πρὸς
1478 638 1613 691 Θεὸν
1645 676 1660 700 ,
1693 636 1770 698 ὡς

1944 633 2152 701 Scopus
2183 633 2721 705 igiturphierarcliize
2754 642 2874 697 est,
2925 632 3047 700 Dei,
3092 644 3291 703 quanta
3329 636 3451 693 ﬁeri

187 721 778 795 ἐφικτὺτ,ἀφομοίωσίς
799 742 859 777 τε
887 727 981 779 καὶ
1012 725 1223 789 ἕνωσις,
1251 727 1413 782 αὑτὸν
1447 729 1647 799 ἔχουσα
1682 735 1781 788 πά-

188 832 287 883 σης
333 817 495 885 ἱερᾶς
531 819 843 887 ἐπιστήμης
895 836 955 871 τε
982 820 1076 872 καὶ
1096 820 1375 892 ἐνεργείας
1403 822 1775 894 καθηγεμόνα,

185 906 454 977 καὶπρὸς
482 908 584 979 τὴν
630 908 795 962 αὐτοῦ
841 908 1119 983 θειοτάτην
1168 911 1500 981 εὐπρέπειαν
1547 916 1780 981 ἀκλινῶς

190 998 289 1067 μὲν
325 997 500 1068 ὀρῶν,
541 999 618 1062 ὠς
648 998 875 1053 δυνατὸν
910 1001 966 1053 δὲ
1002 1002 1472 1073 ἀποτυπούμενος,
1505 1007 1601 1058 καὶ
1646 1009 1776 1070 τοὺς

186 1087 387 1142 ἑαυτοῦ
431 1088 738 1156 θιασώτας,
776 1092 1067 1164 ἀγάλματα
1114 1093 1233 1146 θεῖα
1278 1093 1468 1159 τελῶν,
1541 1096 1780 1170 ἔσοπτρα

183 1183 228 1214 τί
260 1176 606 1233 διειδέστατα-
626 1183 721 1235 καὶ
747 1183 1073 1253 ἀκηλίδωτα,
1100 1185 1324 1239 δεκτικά
1343 1187 1443 1257 τῆς
1465 1188 1777 1259 ἀρχιφώτου

183 1273 277 1326 καὶ
313 1273 621 1345 θεαρχικῆς
649 1275 869 1339 ἀκτῖνος
888 1294 899 1303 ·
933 1276 1027 1330 καὶ
1058 1276 1157 1347 τῆς
1208 1278 1306 1349 μὲν
1329 1279 1671 1351 ἐνδιδομένης
1695 1282 1779 1335 αἵ-

184 1367 321 1437 γλης
360 1369 527 1439 ἰερῶς
556 1370 1056 1442 ἀποπληροῦμενα,
1083 1372 1287 1444 ταύτην
1331 1376 1389 1429 δὲ
1420 1372 1572 1440 αὖθις
1607 1377 1777 1447 ἀφ’θό-

184 1474 289 1519 πιις
322 1458 409 1521 εἱς
432 1457 506 1538 τὲ
529 1459 659 1528 ἑξῆς
682 1459 1090 1531 ἀναλάμποντα,
1124 1464 1268 1517 κατὰ
1295 1466 1423 1528 τοὺς
1447 1465 1775 1538 θεαρχικοὺς

185 1549 480 1629 θεσμούς.]
500 1550 574 1602 Οὐ
602 1549 712 1622 γὰρ
742 1550 962 1621 θεμιτόν
994 1554 1112 1606 ἐστι
1135 1558 1250 1617 τοῖς
1282 1555 1391 1608 τῶν
1429 1556 1591 1629 ἱερῶν
1625 1559 1775 1611 τελε-

184 1644 305 1703 ταῖς
327 1642 399 1704 7f,
432 1640 610 1712 ἢῖοῖς
635 1643 797 1713 ίερῶς
821 1642 1183 1715 τελουμένοις,
1228 1648 1519 1718 ἐνεργῆσαί
1564 1667 1617 1702 τι
1648 1650 1777 1703 καθ-

181 1731 326 1794 όλου,
382 1732 534 1803 παρά
586 1732 686 1797 τὰς
718 1734 818 1803 τῆς
838 1735 1044 1799 οἰκείας
1076 1737 1426 1808 τελεταρχίας
1475 1740 1625 1811 ἱερὰς
1660 1742 1776 1794 δια-

183 1822 371 1886 τάξεις
398 1822 553 1893 ’,ἀλλ’
578 1823 700 1876 οὐδέ
741 1824 1007 1895 ὑπάρχειν
1041 1826 1263 1898 ἑτέρως,
1296 1830 1345 1881 εἰ
1368 1829 1470 1899 τῆς
1503 1830 1772 1901 θεωτικῆς
1822 1864 1823 1871 ι

182 1912 361 1982 αὐτῆς
414 1913 649 1982 ἀγλαΐας
683 1916 948 1984 ἐφίενται,
980 1917 1075 1971 καὶ
1110 1918 1246 1989 πρὸς
1294 1920 1463 1991 αὐτὴν
1522 1923 1771 1994 ἱεροπρε-

180 2003 304 2067 πῶς
332 2004 383 2035 ⁷³
405 2005 810 2070 ἀποσκοποῦσι,
863 2008 958 2061 καὶ
1011 2009 1417 2065 ἀποτυποῦνται
1477 2012 1621 2066 κατά
1676 2012 1772 2083 τὴν
1805 1984 1846 2037 Β

180 2096 419 2149 ἑκάστου
445 2098 557 2150 τῶν
597 2098 758 2169 ἱερῶν
806 2098 942 2152 νόων
992 2101 1303 2171 ἀναλογίαν.
1366 2103 1574 2156 Οὐκοῦν
1612 2105 1641 2155 ὁ
1686 2104 1776 2157 λέ-

179 2205 292 2255 γων
341 2191 659 2260 ἰεραρχίαν,
742 2192 894 2262 ἱεράν
952 2210 1075 2246 τινα
1136 2193 1364 2247 καθόλου
1422 2194 1776 2265 διακόσμησιν

178 2280 356 2349 animi,
392 2282 580 2334 εἰκόνα
629 2283 731 2353 τῆς
786 2282 1476 2357 θεαρχικῆςηὼραιότητος,
1506 2288 1564 2339 ἐν
1590 2288 1775 2353 τάξεσι

179 2373 278 2425 καὶ
301 2376 648 2446 ἐπιστήμαις
692 2377 1052 2449 ίεραρχικαῖς,
1076 2378 1153 2453 ira
1182 2379 1283 2449 τῆς
1318 2380 1527 2443 οἰκείας
1581 2381 1778 2451 ἐλλάμ-

178 2465 331 2534 ψεως
358 2466 754 2543 ἱερουργιὲῦσαν
780 2456 1218 2541 μυστήριατέκαὶ
1256 2470 1396 2542 πρὸς
1433 2472 1532 2543 τὴν
1570 2474 1775 2525 οἰκείαν

177 2557 360 2628 ἀρχὴν
384 2540 713 2627 ὠςθὲῖιὲδν
743 2559 1205 2630 ἀφομοιουμένην.
1254 2540 1533 2633 Ἐστιγάρ
1562 2562 1776 2632 ἑκάστῳ

177 2648 290 2700 τῶν
336 2650 627 2721 ἰεραρχίαν
671 2652 1103 2723 κεκληρωμένων
1147 2653 1524 2725 ήτελείωσις,
1566 2654 1627 2707 τὸ
1654 2657 1773 2709 κατ’

178 2739 396 2792 οἰκείαν
458 2740 753 2808 ἀναλογίαν
804 2742 896 2793 ἐπὶ
943 2741 1004 2794 τὸ
1060 2742 1388 2814 θεομίμητον
1448 2745 1770 2815 ἀναχθῆναι.

178 2834 295 2886 Καὶ
321 2833 389 2885 τὸ
417 2832 483 2904 δὴ
508 2834 727 2887 πάντων
750 2834 1040 2906 θειότερον,
1067 2836 1143 2899 ὼς
1166 2835 1235 2889 τά
1259 2837 1430 2905 Λόγιά
1454 2855 1606 2908 φησι,
1637 2838 1772 2893 Θεοῦ
1808 2866 1809 2869 η

182 2924 457 2996 συνεργὸν
484 2926 764 2994 γενέσθαι,
797 2926 892 2980 καὶ
912 2927 1081 2994 δεῖξαι
1108 2928 1207 2999 τὴν
1232 2928 1389 3002 θείαν
1409 2930 1691 3002 ἐνέργειαν
1715 2935 1773 2986 ἐν

178 3014 368 3086 ἑαυτῷ
403 3015 550 3068 κατά
583 3014 645 3068 τὸ
667 3015 891 3069 δυνατὸν
912 2998 1515 3105 ἀναεραινομένηνῖίοῖον
1535 2998 1555 3083 ,Ὗ
1589 3021 1773 3094 ἐπειδὴ

178 3106 341 3172 τάξις
391 3106 682 3176 ἱεραρχίας
724 3106 842 3160 ἐστὶ
866 3106 925 3159 τὸ
950 3108 1077 3170 τοὺς
1113 3106 1214 3176 μὲν
1239 3100 1620 3180 καθαίρεσθαι,
1647 3111 1774 3173 τοὺς

178 3197 241 3248 δὲ
268 3195 563 3267 καθαίρειν
591 3213 605 3225 ’
644 3198 733 3251 καὶ
766 3200 893 3261 τοὺς
919 3199 1017 3269 μὲν
1046 3199 1395 3269 φωτίζεσθαι,
1426 3201 1550 3264 τοὺς
1575 3201 1631 3254 δὲ
1658 3221 1773 3271 φω-

1882 734 2082 793 potest,
2114 725 2432 778 assimilatio
2483 724 2905 793 conjunctioqne
2939 740 2953 775 :
2990 739 3149 792 quem
3201 740 3323 779 cum
3357 728 3455 780 lia-

1881 817 2007 871 beat
2035 820 2211 873 omnis
2241 834 2409 873 sacrae
2436 826 2489 872 et
2514 818 2754 871 scientizc
2779 828 2833 869 et
2862 817 3196 883 operationis
3229 818 3448 883 ducem,

1882 913 1948 965 ad
1976 910 2508 976 tlivinissimumeius
2539 912 2787 963 decorem
2818 920 3131 963 constanter
3163 910 3447 977 intuendo,

1882 1007 2132 1057 eumdem
2172 1003 2347 1069 quoad
2403 1012 2580 1070 potest
2633 1003 2907 1071 exprimit,
2946 1018 3044 1056 nec
3085 1017 3189 1057 non
3243 1004 3453 1057 divinos

1886 1097 1967 1150 sui
2017 1106 2300 1150 consortes
2347 1110 2499 1147 sacra
2550 1096 2795 1163 qnazdam
2845 1094 3055 1162 perficit
3130 1095 3445 1161 simulacra,

1878 1187 2205 1257 speculaqne
2232 1187 2531 1241 clarissima
2581 1196 2633 1240 et
2682 1186 3027 1238 immaculata
3081 1200 3205 1250 qua:
3248 1188 3447 1252 primi—

1883 1279 2004 1333 tivze
2061 1280 2194 1332 lucis
2239 1293 2571 1345 summaeque
2594 1277 2813 1330 dcitatis
2860 1277 3067 1329 radium
3120 1277 3449 1344 excipiant:

1878 1370 2033 1438 cujus
2056 1371 2225 1424 indito
2255 1370 2541 1438 splendore
2565 1385 2723 1423 sacro
2763 1370 2939 1437 plena,
2992 1370 3168 1424 denuo
3199 1373 3450 1424 eumdem

1877 1477 1942 1515 ex
1968 1460 2163 1514 divinis
2209 1461 2440 1528 legibus,
2476 1459 2529 1513 in
2576 1475 2639 1513 ea
2682 1475 2800 1527 qua:
2828 1470 3146 1526 sequuntur,
3205 1463 3321 1513 sine
3372 1462 3454 1512 in-

1878 1554 2021 1605 vidia
2073 1551 2470 1605 transfnntlant.
2534 1551 2718 1620 Neque
2778 1554 2922 1605 enim
2999 1552 3078 1604 fas
3108 1561 3192 1605 est
3271 1553 3448 1607 sacris

1881 1645 2301 1715 professoribus,
2338 1644 2416 1697 vel
2443 1644 2551 1713 29
2581 1643 2829 1706 initiatis,
2862 1644 3153 1711 quidquam
3225 1657 3452 1710 prorsus

1828 1756 1829 1759 η
1876 1737 2115 1806 operari,
2154 1737 2296 1806 quod
2324 1743 2468 1789 sacri
2499 1736 2580 1789 sui
2611 1737 2822 1787 ordinis
2854 1735 3218 1788 sacrosanctis
3255 1735 3455 1788 consti-

1884 1832 2184 1884 tutionibus
2215 1839 2506 1899 repugnet;
2558 1832 2664 1882 imo
2745 1844 2843 1883 nec
2908 1830 3098 1882 iisdem
3137 1829 3453 1892 dissentire,

1876 1922 1921 1976 si
1969 1923 2203 1975 divinam
2262 1921 2377 1989 ejus
2410 1930 2665 1990 appetant
2716 1920 3045 1984 claritatem,
3098 1930 3151 1973 et
3188 1922 3253 1973 ad
3304 1921 3452 1973 illam

1880 2022 2113 2077 sancte,
2174 2013 2249 2067 uti
2326 2014 2503 2078 decet,
2575 2012 2868 2082 aspiciant,
2920 2027 2984 2065 ac
3047 2026 3146 2079 pro
3191 2010 3454 2079 cujusque

1878 2120 2164 2159 sacrarum
2243 2106 2509 2157 mentium
2581 2104 2892 2172 capacitate
2968 2102 3452 2157 transformentur.

1879 2197 2062 2265 Itaque
2090 2196 2179 2264 qui
2212 2196 2576 2250 hierarchiam
2608 2195 2871 2252 nominat,
2905 2194 3193 2263 quamdam
3223 2196 3450 2249 omnino

1878 2304 2087 2343 sacram
2120 2289 2364 2355 designat
2391 2288 2823 2355 dispositionem,
2875 2287 2967 2340 Dei
3000 2287 3315 2355 principalis
3342 2287 3457 2354 pulo

1877 2381 2201 2436 cltrituiinis
2226 2381 2530 2449 imaginem,
2554 2379 2838 2432 ordinibus
2890 2380 3244 2446 scientiisqne
3276 2394 3461 2433 sacro-

1878 2473 2305 2543 principalibus,
2376 2472 2755 2526 illustrationis
2810 2487 2919 2525 sua:
2999 2473 3257 2542 mysteria
3313 2471 3459 2525 cele-

1876 2565 2145 2628 brantem,
2174 2572 2334 2632 atque
2376 2564 2614 2632 proprio,
2641 2574 2902 2632 quantum
2940 2562 3019 2615 fas
3050 2572 3153 2622 est,
3186 2564 3459 2632 principio

1878 2652 2234 2708 conformem.
2281 2653 2491 2707 Etenim
2527 2652 2815 2721 cujuslibet
2867 2669 3053 2708 eorum
3106 2654 3196 2721 qui
3232 2668 3457 2707 sacrum

1876 2743 2122 2797 ordinem
2160 2742 2336 2795 sortiti
2364 2752 2511 2807 sunt,
2542 2744 2591 2795 in
2644 2744 2745 2799 hoc
2785 2744 2885 2797 sita
2920 2743 3178 2812 perfectio
3198 2744 3460 2806 est,utad

1877 2836 2132 2897 divinam,
2154 2849 2250 2902 pro
2280 2846 2437 2902 captu
2465 2835 2696 2903 quisque
2772 2850 2888 2896 suo,
2928 2844 3306 2904 promoveatur
3335 2835 3459 2888 imi-

1878 2929 2153 2989 tationem,
2175 2926 2423 2995 quodqne
2440 2926 2673 2979 divinius
2720 2936 2804 2979 est
2822 2927 3085 2990 omnium,
3107 2926 3273 2993 ipsius
3293 2928 3458 2980 etiam

1877 3016 1996 3089 Dci,
2025 3028 2079 3070 ut
2112 3016 2335 3085 Eloquia
2374 3017 2688 3084 loquuntur,
2724 3028 3048 3085 cooperator
3072 3017 3322 3078 exsistat,
3380 3016 3462 3069 di-

1874 3111 2161 3178 vinamque
2207 3111 2259 3162 in
2302 3110 2593 3177 semetipso
2642 3111 2975 3162 demonstret
3020 3123 3025 3127 ·
3068 3107 3460 3175 Operationem,

1876 3200 2052 3270 quoad
2091 3208 2287 3269 potest,
2320 3198 2623 3252 elucentem
2655 3214 2668 3248 :
2700 3199 2898 3266 quippe
2917 3212 3038 3251 cum
3064 3198 3115 3250 in
3144 3199 3243 3251 hoc
3268 3199 3340 3251 sit
3368 3212 3463 3251 sa-

182 3290 361 3355 τἕξειν
391 3307 405 3319 ·
448 3290 698 3354 καὶτοὺς
746 3291 845 3362 μὲν
885 3291 1153 3345 τελεῖσθαι
1181 3292 1251 3356 ⁷⁸,
1279 3294 1408 3356 τοὺς
1450 3293 1507 3345 δὲ
1561 3293 1770 3347 τελεσι-

1883 3305 1981 3345 crae
2012 3290 2422 3360 gubernationis
2504 3289 2660 3351 ordo,
2698 3298 2757 3340 ut
2808 3287 2968 3355 aliqui
3018 3298 3331 3357 purgentur,
3368 3286 3459 3341 alii

183 3384 431 3452 ουργείν,
486 3383 699 3452 ἑκάστῳ
719 3384 780 3436 τὸ
810 3383 1138 3455 θεομίμητον
1162 3385 1394 3457 ἁρμόσει
1444 3386 1584 3441 κατὰ
1624 3387 1774 3439 τόνδε

183 3473 277 3526 τὸν
304 3474 535 3543 τρόπον.
577 3475 639 3526 Ἡ
667 3474 786 3527 θεία
818 3476 863 3506 ⁷⁸
896 3475 1256 3548 μακαριότης,
1286 3476 1362 3539 ὼς
1394 3479 1449 3530 ἐν
1471 3477 1777 3548 ἀνθρώποις

186 3567 391 3629 εἰπεῖν,
411 3566 616 3637 ἀμιγὴς
635 3567 732 3637 μέν
750 3568 842 3620 ἐστ
855 3586 902 3620 ιν
917 3570 1134 3639 ἁπάσης
1150 3570 1547 3640 ἀνομοιότητος,
1570 3570 1781 3641 πλήρης

186 3658 247 3710 δὲ
286 3658 470 3726 φωτὸς
505 3659 697 3721 ἀϊδίου,
719 3658 900 3712 τελεία
939 3662 1031 3713 καὶ
1059 3660 1309 3732 ἀνενδεὴς
1333 3662 1552 3731 ἀπάσης
1579 3660 1781 3713 τελειό-

188 3766 380 3819 τητος,
426 3748 781 3818 καθαίρουσα,
840 3750 933 3803 καὶ
979 3750 1312 3819 φωτίζουσα,
1355 3751 1450 3805 καὶ
1475 3750 1783 3821 τελεσιουρ-

189 3840 373 3908 γοῦσα
402 3858 416 3871 ⁸
468 3840 667 3911 μᾶλλον
710 3841 767 3895 δὲ
823 3843 1089 3915 κάθαρσις
1141 3844 1282 3917 ἱερά,
1328 3846 1423 3897 καὶ
1467 3844 1777 3915 φωτισμὺς,

190 3934 290 3986 καὶ
318 3932 620 3996 τελείωσις,
652 3934 793 4005 ὑπὲρ
820 3934 1106 4007 κάθαρσιν,
1137 3936 1277 4007 ὑπὲρ
1306 3936 1440 4005 φῶς,
1474 3936 1782 4007 προτελείος

193 4024 657 4095 αὐτοτελεταρχία
696 4026 776 4089 ⁷⁸,
822 4026 916 4078 καὶ
990 4028 1172 4097 πάσης
1220 4028 1317 4097 μὲν
1377 4026 1658 4097 ίεραρχίας
1692 4029 1780 4080 αἰ-

192 4118 322 4180 τία,
376 4117 577 4179 παντὸς
620 4117 676 4169 δὲ
730 4117 877 4188 ἱεροῦ
930 4119 1071 4172 κατά
1124 4118 1185 4171 τὸ
1233 4119 1500 4190 ὑπερέχον
1578 4119 1779 4191 ἐξῃρη-

198 4202 361 4273 μὲνη-

1883 3388 2111 3449 purgent
2147 3394 2162 3443 ;
2196 3377 2358 3447 aliqui
2387 3376 2775 3442 illumincutur,
2840 3376 2930 3429 alii
2959 3376 3262 3432 illuminent
3295 3378 3463 3445 ;qui-

1886 3468 2008 3522 dam
2063 3467 2434 3535 perliciantur,
2502 3466 2740 3519 nonnulli
2794 3481 2923 3519 vero
2952 3466 3267 3535 perficiant;
3300 3467 3463 3520 modo

1888 3560 2082 3629 cuique
2104 3574 2203 3613 suo
2231 3559 2407 3612 divina
2438 3568 2699 3628 congrnet
2754 3560 3002 3612 imitatio.
3070 3557 3255 3611 Divina
3292 3559 3464 3626 siqui-

1889 3652 2009 3706 dem
2043 3651 2335 3717 beatitudo,
2365 3659 2439 3726 ut~
2468 3666 2615 3720 more
2666 3651 2940 3704 hominum
3012 3648 3221 3718 loquar,
3267 3664 3463 3717 expers

1884 3752 1967 3797 est
2006 3743 2179 3796 omnis
2228 3742 2709 3804 dissimilitudinis,
2750 3758 2815 3795 ac
2885 3746 3037 3810 plena
3087 3740 3219 3794 lucis
3267 3740 3464 3809 scrupi-

1885 3843 2074 3898 ternae,
2109 3833 2367 3901 perfecta.
2417 3833 2615 3887 nullius
2646 3833 2824 3901 indiga
2875 3832 3249 3899 pertectionis,
3294 3847 3462 3883 lllllll-

1883 3927 2058 3988 dans‘,
2099 3927 2437 3989 illuminans,
2500 3942 2935 3991 consunnnans;
2985 3926 3230 3995 quiuitno
3279 3926 3458 3994 potius

1886 4020 2119 4087 ipsamet
2148 4033 2299 4072 sacra
2329 4019 2628 4079 mundatio,
2664 4030 2718 4073 et
2752 4018 3101 4083 illuminatio,
3125 4027 3177 4071 et
3205 4032 3463 4072 consum-

1888 4112 2075 4175 matio,
2107 4125 2269 4179 supra
2298 4110 2729 4176 mundationem,
2765 4126 2927 4180 supra
2979 4111 3175 4173 lucem,
3225 4125 3465 4180 pracper-

1890 4202 2052 4259 fecta.
2089 4218 2181 4271 per
2206 4217 2265 4256 se
2294 4201 2447 4271 origo
2467 4202 2848 4271 perfectionis,
2897 4214 3057 4271 atque
3125 4202 3303 4254 omnis
3344 4202 3463 4270 qui-

1889 4294 2009 4347 dem
2044 4294 2181 4347 sacri
2213 4290 2419 4345 ordinis
2461 4307 2623 4347 causa
2647 4334 2661 4356 ,
2707 4306 3077 4347 verumtamen
3110 4292 3177 4346 ab
3212 4293 3355 4346 omni
3407 4307 3465 4347 re

1891 4399 2046 4440 sacra
2107 4398 2201 4452 per
2230 4381 2611 4437 excellentiam
2648 4392 2897 4452 exet-pta.

1789 4526 1963 4601 §lll.

272 4696 400 4769 Χρὴ
422 4693 735 4767 τοιγαροῦν,
784 4694 861 4759 ὡς
901 4689 1076 4766 οἶμαι,
1122 4696 1249 4759 τοὺς
1303 4694 1401 4766 μὲν
1450 4694 1778 4765 καθαιρομέ-

1961 4693 2185 4761 Oportet
2218 4694 2403 4761 igitur,
2431 4700 2488 4747 ut
2522 4692 2780 4755 arbitror,
2839 4706 2937 4745 eos
2993 4706 3084 4759 qui
3135 4698 3464 4758 purgantur,

196 4807 329 4852 νους
354 4789 575 4859 ἀμιγεῖς
600 4785 974 4839 ἀποτελεῖσθαι
1015 4784 1271 4853 καθόλου,
1300 4785 1395 4837 καὶ
1420 4785 1601 4855 πάσης
1629 4784 1791 4854 ἠλευ-

199 4876 479 4951 θερὦσθαι
522 4878 623 4947 τῆς
646 4878 897 4949 ἀνομοίου
932 4876 1324 4947 συμφύρσεως·
1377 4876 1505 4938 τοὺς
1541 4876 1597 4929 δὲ
1624 4892 1790 4944 φωτι-

199 4971 470 5043 ζομένους
494 4967 943 5040 ἀποπληροῦσθαι
971 4966 1065 5021 τοῦ
1098 4967 1241 5020 θείου
1266 4965 1464 5035 φωτὸς,
1490 4965 1626 5036 πρὸς
1654 4965 1793 5018 θεω-

204 5066 443 5138 ρητικὴν
496 5063 610 5129 ἕξιν
636 5063 733 5115 καὶ
771 5062 999 5132 δύναμιν
1032 5064 1088 5114 ἐν
1116 5061 1413 5128 πανάγνοις
1435 5058 1556 5121 νοὸς
1585 5056 1791 5127 ὀφθαλ-

205 5158 333 5227 μοῖς
368 5153 738 5225 ἀναγομένους
762 5172 776 5184 ·
831 5154 956 5215 τοὺς
992 5153 1048 5205 δὲ
1074 5150 1429 5222 τελουμένους
1461 5150 1529 5212 ⁷⁷,
1584 5152 1650 5203 ἐκ
1694 5149 1787 5203 τοῦ

200 5248 439 5311 ἀτελοῦς
498 5247 1018 5318 μεταταττομένους,
1074 5245 1337 5316 μετόχους
1382 5242 1633 5311 γίνεσθαι
1688 5242 1793 5312 τῆς

200 5340 790 5397 τωνέποπτευθέντων
838 5338 1001 5410 ἱερῶν
1052 5336 1400 5406 τελειωτικῆς
1449 5335 1788 5404 ἐπιστήμης.

1896 4802 2061 4855 puros
2093 4782 2227 4839 cﬂici
2280 4788 2527 4849 omnino,
2576 4794 2736 4851 atque
2786 4782 2937 4836 omni
2997 4780 3467 4835 dissimilitudinis

1894 4878 2272 4933 commistione
2312 4879 2568 4941 liberari;
2621 4892 2714 4931 eos
2766 4890 2898 4929 vero
2929 4876 3019 4943 qui
3084 4873 3468 4927 illuminantur

1896 4969 2079 5023 divino
2112 4969 2317 5023 lumine
2345 4969 2560 5038 repleri,
2619 4972 2684 5022 ad
2728 4966 3209 5034 contemplattvum
3262 4972 3465 5017 statum

1895 5071 2057 5129 atque
2075 5062 2327 5115 virtutem
2353 5062 2672 5114 castissimis
2700 5060 2895 5115 mentis
2918 5059 3095 5112 oculis
3124 5055 3465 5117 evehendus;

1896 5152 2136 5220 denique
2168 5167 2265 5205 eos
2325 5152 2414 5220 qui
2474 5153 2872 5222 perﬁciuntur,
2924 5151 2993 5204 ab
3056 5145 3470 5216 imperfeclione

1904 5244 2226 5306 translatos,
2264 5242 2481 5297 illorum
2537 5258 2658 5312 quae
2712 5242 2943 5297 contuili
3006 5252 3153 5305 sunt,
3190 5256 3466 5295 sacrorum

1897 5334 2209 5402 perfectiva:
2258 5334 2503 5390 scientiae
2527 5335 2822 5405 participes
2871 5331 3158 5387 exsistere.
3220 5329 3471 5398 Expiato-

1507 5488 1741 5544 VARIIE
1781 5486 2184 5547 LECTIONES.

283 5614 331 5645 ⁷¹
361 5612 498 5666 Bud.
537 5611 778 5666 ἔσοπτρά
806 5626 886 5661 τε.
963 5610 1007 5639 ⁷³
1041 5609 1140 5662 Clt.
1179 5608 1240 5662 D.
1285 5607 1342 5660 P.
1376 5606 1435 5660 ἓ.
1467 5604 1765 5665 τελεσταῖς,
1804 5603 1887 5656 cui
1939 5602 2159 5656 lectioni
2196 5610 2412 5655 veteres
2440 5594 2813 5666 astipulantur
2864 5593 3207 5666 interpretes.
3268 5587 3463 5666 _"_C_lt.

206 5690 407 5808 ΞΞἭΖ

212 5826 256 5860 ’⁷
302 5824 361 5880 S.
391 5822 471 5893 ΑΡ.
500 5820 569 5878 Βζ
601 5820 1024 5894 τελειουμένους,

754 5657 1433 5733 ῖιὲὲλειοῠσόἆὶ.”τι“ἁιιῖ
1460 5657 1615 5729 aliter
1664 5657 1792 5742 ιεέίι
1836 5682 1891 5724 et
1928 5672 2252 5736 distinguit,
2296 5657 2658 5742 ἀρμόσειδιά
2701 5657 3225 5742 τόνδεῆτὸντρόπον
3256 5661 3290 5730 ή
3326 5657 3465 5742 θεία.

822 5730 1005 5806 sit
1034 5730 1117 5806 πιζ
1142 5730 1443 5820 adiungunt
1482 5754 1605 5815 post
1650 5730 1981 5813 πρνοτέλειος,
2011 5730 2620 5800 νοὼυιιιάὺτὸτὲλειος,
2659 5736 2803 5805 quod
2853 5733 3048 5787 Scottis
3068 5730 3234 5786 etiam
3268 5730 3465 5784 reddit.
