3916 6234
450 341 550 398 159

1619 344 1670 400 S.
1708 344 2005 402 DEONYSII
2042 347 2501 405 AREOPAGITIE

3589 353 3694 410 ιιι)

446 454 730 509 vilioribus
762 456 1027 522 materiis,
1052 472 1190 522 quas
1238 459 1305 513 ad
1336 459 1727 513 absurditatem
1766 470 1816 514 et
1851 475 1993 531 ενοι-ι

2116 464 2448 533 ὁμοιότητες.
2499 465 2632 517 Ἀλλ’
2669 466 2701 535 ἡ
2758 468 2796 497 ³⁵⁷
2832 468 2927 537 τῆς
2954 464 3205 538 ἀληθείας
3260 464 3334 527 ὼς
3375 464 3540 539 οἶμαι,
3585 470 3693 539 ξή-

445 547 652 609 citiam.
683 562 747 602 ac
779 551 1085 618 passionem
1115 552 1489 619 provocando,
1533 566 1630 620 per
1667 554 1853 606 omnia
1903 554 2015 607 dis-

444 638 651 692 similes
686 640 1017 707 ejttscemodi
1058 641 1449 696 elucidantium
1480 643 1829 713 eloquiorum
1859 644 2014 698 simi-

442 729 704 783 litudines
726 730 1064 785 describunt.
1097 731 1360 787 Veritatis
1391 743 1599 796 tamen,
1629 735 1704 788 uti
1751 751 1893 798 reor,
1926 738 2011 790 in-

444 806 663 887 dagatio
737 821 1078 875 demonstrat
1168 824 1601 877 sacratissimam
1664 825 2010 895 eloquiorum

444 909 793 976 sapientiam,
828 912 878 964 in
925 912 1226 967 cmlestium
1291 915 1663 972 ellictionibus
1706 919 2011 990 intelligen-

442 1000 662 1065 tiarum,
695 1012 979 1073 utrumque
1028 1006 1333 1062 luculenter
1382 1010 1705 1076 providisse,
1741 1020 2001 1080 utneque

438 1094 671 1149 virtutes
696 1095 893 1150 divinae
917 1098 1008 1162 (ut
1042 1099 1111 1151 ita
1138 1101 1259 1167 quis
1300 1100 1521 1172 dixerit)
1552 1106 2010 1159 c0utumeliosius

437 1195 901 1253 extenuarentur;
962 1205 1135 1259 neque
1188 1207 1284 1244 nos
1332 1192 1481 1246 humi
1533 1197 1845 1263 repentibus
1877 1197 2011 1250 ima-

436 1278 619 1341 ginum
674 1279 976 1333 vilitatibus
1025 1284 1265 1337 tenacius
1318 1284 1680 1353 adigerentur.
1716 1285 2007 1353 Caeterum,

435 1385 534 1423 cur
575 1371 767 1425 merito
833 1373 1001 1442 ﬁgura
1068 1378 1376 1431 carentibus
1448 1380 1655 1449 ﬁgurae,
1711 1390 1767 1435 et
1808 1380 2009 1451 effigies

436 1459 735 1529 itteﬂigiatis
770 1464 931 1518 rebus
968 1466 1217 1522 obductae
1267 1468 1485 1536 fuerint,
1519 1487 1623 1526 non
1660 1475 1834 1527 solum
1881 1489 2008 1528 cau-

433 1569 546 1606 sam
574 1554 774 1607 dixerit
810 1557 933 1625 quis
956 1573 1075 1613 esse
1109 1571 1346 1615 nostram
1378 1564 1804 1621 imbecillitatem
1847 1607 1862 1632 ,
1890 1582 2008 1636 qua:

433 1646 620 1713 nequit
651 1648 959 1703 immediate
995 1652 1327 1719 spiritalibus
1354 1655 1639 1711 intendere
1666 1662 2006 1731 contempla-

432 1738 691 1800 tionibns.
752 1741 1064 1812 indigetque
1126 1748 1363 1814 propriis
1416 1764 1480 1802 ac
1530 1754 2003 1816 conuaturalibus.

2114 570 2271 623 τησις
2327 556 2668 611 ἀποδείκνυσι
2722 560 2819 628 τὴν
2862 556 2971 610 τῶν
3015 557 3206 625 λογίων
3256 560 3551 628 ἱερωτάτην
3599 574 3692 611 σὺ·

2117 646 2262 713 φίαν,
2297 650 2353 700 ὲν
2394 652 2512 721 ταῖς
2545 650 2654 702 τῶν
2684 649 2947 720 οὑρανίων
2978 650 3111 723 νὸῳν
3158 648 3516 719 μορφώσεσιν,
3550 650 3692 702 ἑκα-

2113 742 2268 812 τέρου
2300 742 2491 813 κομιδῇ
2528 745 2920 814 προνοήσασαν,
2952 743 3028 803 ὡς
3078 745 3212 813 μήτε
3256 744 3336 805 εἰς
3374 742 3471 805 τὰς
3512 741 3686 805 θείας,

2113 833 2188 895 ὡς
2221 833 2285 885 ἂν
2315 832 2446 903 φαίη
2474 850 2577 896 τις,
2605 834 2879 903 ἐξυϐρίσαι
2907 834 3183 903 δυνάμεις,
3229 835 3363 903 μήτε
3396 834 3498 904 μὴν
3535 834 3693 902 ἡμᾶς

2114 926 2192 988 εἰς
2222 925 2318 988 τὰς
2338 925 2705 997 χαμαιζήλους
2721 924 2979 995 ἐμπαθῶς
2997 926 3308 995 ἐμπαγῆναι
3328 922 3434 976 τῶν
3462 924 3690 976 εἰκόνων

2112 1014 2521 1082 ταπεινότητας.
2554 1015 2676 1066 Ὅτι
2731 1014 2829 1083 μὲν
2864 1013 2971 1084 γὰρ
3017 1014 3242 1077 εἰκότως
3285 1012 3689 1085 προϐέϐληνται

2112 1102 2220 1155 τῶν
2287 1103 2583 1156 ἀτυπώτων
2633 1105 2683 1155 σί
2740 1104 2922 1166 τύποι,
2990 1104 3082 1156 καὶ
3141 1104 3209 1155 τὰ
3270 1104 3519 1173 σχήματα
3574 1103 3689 1155 τῶν

2115 1198 2560 1268 ἀσχηματίστων,
2621 1197 2681 1249 οὑ
2728 1196 2894 1267 μόνην
2940 1196 3117 1249 αἰτίαν
3164 1195 3297 1264 φαίη
3352 1212 3435 1255 τις
3483 1193 3547 1247 ἂν
3601 1191 3687 1246 εἰ-

2112 1309 2198 1344 ναι
2250 1292 2347 1361 τὴν
2400 1290 2522 1343 καθ’
2572 1292 2720 1359 ἡμᾶς
2782 1290 3069 1356 ἀναλογίαν
3118 1288 3480 1341 ἀδυνατοῦσαν
3542 1289 3686 1359 ἀμέ-

2113 1397 2219 1442 σως
2270 1381 2361 1433 ἐπὶ
2388 1379 2485 1441 τὰς
2518 1378 2713 1448 νοητὰς
2742 1378 3113 1431 ἀνατείνεσθαι
3158 1377 3409 1448 θεωρίας,
3446 1378 3539 1430 xui
3563 1378 3684 1430 δεο-

2113 1473 2277 1542 μένην
2307 1470 2522 1523 οἰκείων
2569 1471 2662 1523 καὶ
2712 1470 2975 1539 συμςρυῶν
3018 1468 3339 1537 ἀναγωγιῶν
3385 1470 3449 1532 ⁸⁸,
3500 1470 3554 1522 αἴ
3583 1470 3687 1531 τὰς

2114 1565 2341 1633 ἐφικτάς
2406 1567 2535 1636 ἡμῖν
2599 1565 2907 1636 μορφώσεις
2971 1564 3308 1634 προτείνουσι
3356 1562 3463 1614 τῶν
3511 1564 3688 1633 ἀμορ-

2109 1657 2299 1727 φώτων
2328 1657 2727 1729 καὶὺπερφυῶν
2754 1656 3039 1726 θεαμάτων
3063 1655 3106 1687 δ’
3125 1672 3136 1683 ·
3162 1654 3274 1706 ἀλλ’
3306 1655 3388 1707 ὅτι
3409 1654 3500 1707 xui
3524 1655 3688 1706 τοῦτο

2106 1756 2218 1814 τοῖς
2264 1754 2541 1821 μυστικοῖς
2591 1751 2789 1818 λογίοις
2832 1751 2946 1801 ἐστί
2998 1746 3463 1818 πρεπιώἐστατον,
3509 1745 3571 1798 τὸ
3614 1746 3685 1797 δι’

430 1831 629 1897 quibus
681 1832 953 1899 erigatur,
1000 1837 1346 1893 adminiculis
1400 1856 1491 1893 seu
1541 1844 1845 1913 anagogiis,
1880 1862 1993 1915 qua!

2102 1844 2429 1915 ἀπορρήτων
2487 1842 2579 1895 xui
2626 1841 2784 1910 ἱερῶν
2836 1838 3170 1909 αἰνιγμάτων
3215 1836 3683 1907 ἀποκρύπτεσθαι,

429 1933 709 1991 perceptas
741 1942 768 1977 a
806 1928 963 1981 nobis
992 1929 1194 1999 eliigies
1248 1933 1553 2002 inemgiatis
1580 1951 1644 1990 ac
1672 1935 2001 2005 superna’tu-

429 2012 638 2067 ralibus
685 2019 1014 2083 spectaculis
1043 2024 1414 2088 prmtendant;
1455 2028 1547 2081 sed
1576 2030 1716 2096 quod
1751 2030 1852 2085 hoc
1887 2046 2002 2101 my-

426 2105 583 2161 sticis
636 2108 803 2162 etiam
868 2113 1104 2165 oraculis
1160 2115 1241 2167 vel
1298 2120 1532 2173 maxime
1578 2122 1885 2187 conveniat,
1942 2132 2000 2174 ut

430 2194 531 2265 13
554 2196 913 2253 inell‘abilibus
937 2212 990 2254 et
1016 2204 1189 2255 sacris
1210 2205 1587 2275 :enigmatibns
1613 2210 1918 2265 recondunt.
1947 2220 2003 2264 et

426 2289 765 2343 inaccessam
820 2303 977 2363 vulgo
1028 2297 1363 2349 constituant
1398 2314 1611 2353 sacram
1643 2299 1787 2353 illam
1821 2311 1874 2354 et
1910 2316 1998 2354 ar-

424 2395 613 2434 tanam
643 2387 1213 2450 Supermundanarum
1245 2390 1509 2443 mentium
1536 2392 1847 2446 veritatem.
1876 2392 2000 2459 Qui-

423 2469 557 2527 libet
578 2476 721 2527 euim
755 2492 858 2531 non
892 2487 975 2531 est
1005 2489 1249 2544 sanctus,
1284 2496 1459 2549 neque
1487 2484 1750 2547 omnimn,
1780 2495 1835 2536 ttt
1858 2482 1994 2538 Ora-

422 2560 545 2614 cula
596 2574 887 2632 testantur,
916 2568 1145 2623 scientia
1178 2579 1264 2624 est
1294 2571 1342 2624 ι.
1377 2572 1549 2626 Porro
1576 2573 1621 2626 si
1674 2575 1800 2643 quis
1834 2576 1995 2629 abso-

2104 1933 2196 1985 xui
2260 1931 2459 1986 ἄϐατον
2489 1933 2599 1992 τοῖς
2668 1929 2881 1990 πολλοῖς
2940 1927 3144 1980 τιθέναι
3208 1925 3305 1997 τὴν
3372 1926 3521 1996 ἱερὰν
3582 1926 3685 1978 καὶ

2104 2024 2339 2093 κρυφίαν
2372 2021 2479 2074 τῶν
2504 2020 2888 2091 ὑπερκοσμίων
2918 2020 3050 2093 view
3073 2018 3343 2088 ἀλήθειαν.
3389 2018 3541 2069 Ἔστι
3568 2015 3686 2085 γὰρ

2101 2116 2161 2167 οὑ
2194 2115 2301 2167 πᾶς
2346 2114 2508 2184 ἱερὸς,
2535 2114 2655 2165 οὑδὲ
2697 2114 2933 2175 πάντων,
2978 2111 3052 2173 ὡς
3097 2109 3167 2162 τὰ
3215 2108 3374 2176 λόγιά
3423 2125 3606 2177 φησιν,
3646 2109 3683 2177 ἡ

2101 2210 2319 2278 γνῶσις.
2378 2208 2441 2260 Ei
2495 2207 2551 2259 δὲ
2610 2206 2707 2268 τὰς
2754 2204 3202 2275 ἁπεμφαινοὺσας
3262 2201 3685 2273 εἰκονογραφίας

2102 2300 2397 2353 αἰτιάσοιτό
2424 2316 2526 2361 τις,
2564 2296 2827 2351 αἰδεῖσθαι
2863 2295 3035 2362 λέγων
3070 2293 3374 2346 ἀνατιθέναι
3412 2291 3480 2344 τὰ
3505 2290 3684 2353 οὕτως

2106 2386 2304 2459 αἰσχρά
2349 2387 2689 2459 μορφώματα
2733 2387 2853 2465 ταῖς
2912 2382 3167 2436 θεοειδέσι
3217 2382 3311 2434 καὶ
3352 2380 3686 2449 ἁγιωτάταις

2100 2481 2537 2551 διακοσμήσεσινο
2567 2478 2781 2549 ἀπόχρη
2818 2477 2953 2547 πρὸς
2996 2474 3156 2529 αὑτὸν
3180 2476 3373 2535 εἰπεῖν,
3404 2473 3478 2536 ὡς
3502 2471 3683 2534 διττός

2102 2576 2215 2625 ἐστι
2244 2573 2340 2642 τῆς
2375 2573 2527 2643 ἱερᾶς
2554 2568 2916 2639 ὲκφαντορίας
2948 2570 2975 2620 ό
2997 2567 3216 2637 τρόπος.

424 2666 526 2707 nas
582 2654 940 2726 elIigiationes
994 2659 1310 2728 improbaril
1346 2700 1362 2725 ν
1409 2661 1713 2731 pudendum
1766 2679 2053 2726 asserens,
2082 2674 2189 2716 tam
2237 2662 2409 2731 turpia
2465 2660 2817 2714 deifortuibus
2856 2658 3321 2727 sanctissimisque
3365 2655 3680 2709 adornatio-

420 2745 582 2801 nibus
610 2747 864 2819 alIiugere
921 2750 1207 2806 sinmlacra
1239 2793 1253 2818 ,
1296 2753 1432 2808 satis
1476 2754 1546 2807 sit
1573 2754 1646 2809 illi
1694 2756 2039 2826 reposuisse,
2069 2756 2332 2824 duplicem
2379 2771 2499 2811 esse
2553 2770 2722 2811 sacne
2754 2752 2896 2806 illius
2941 2750 3177 2821 mysticae
3225 2745 3682 2802 tuanil’estations

420 2840 661 2892 modum.

1948 2964 1975 3035 ς
2013 2960 2120 3021 lll.

494 3102 666 3157 Unum
707 3104 950 3171 quidem,
995 3107 1109 3175 qui,
1144 3115 1201 3159 ut
1246 3124 1342 3177 par
1374 3118 1475 3176 est,
1518 3124 1614 3178 per
1655 3111 1857 3165 similes
1899 3127 1983 3165 sa—
2010 3124 2053 3180 ο

417 3212 630 3251 crarum
660 3198 956 3265 ﬁgurarum
993 3200 1254 3269 imagines
1279 3203 1559 3269 procedit;
1584 3203 1811 3256 alterum
1838 3217 1985 3267 vero,

416 3289 510 3359 qui
560 3304 655 3359 per
712 3290 1004 3346 dissimiles
1056 3294 1462 3349 elTormatioues
1518 3296 1582 3349 ad
1620 3295 1987 3349 omnimodam

414 3378 911 3435 dissimilitudinem
953 3392 1009 3437 et
1039 3384 1461 3453 discrepantiam
1508 3386 1797 3455 efﬁngitur.
1830 3388 1988 3440 Deni-

412 3484 518 3537 que
551 3472 915 3526 venerandam
952 3478 1433 3543 supercssentialis
1476 3478 1704 3533 Deitatis
1756 3480 1987 3533 beatitu-

413 3562 615 3625 dinem,
652 3561 1039 3617 elucidantium
1085 3567 1423 3633 eloquiorum
1458 3570 1701 3638 mystica:
1730 3570 1984 3623 traditio—

412 3666 509 3706 nes
548 3653 837 3721 aliquando
884 3656 1100 3723 quidem
1158 3668 1216 3711 ιιι
1266 3659 1501 3713 Verbum
1539 3671 1594 3715 et
1642 3672 1903 3727 mente-tn,
1931 3672 1985 3716 et

410 3744 771 3799 substantiam
812 3745 1058 3813 laudant,
1108 3751 1521 3805 convenientem
1557 3752 1665 3806 Deo
1699 3752 1982 3806 rationabi-

411 3847 574 3890 tatem
607 3846 768 3907 atque
807 3840 1128 3907 sapientiam
1170 3842 1289 3910 ejus
1326 3843 1703 3910 declarantes;
1737 3860 1833 3898 nec
1879 3860 1981 3899 non

410 3927 775 3982 essentialiter
802 3942 1068 3984 essentem
1101 3933 1507 3997 exsistentiam,
1538 3944 1588 3987 et
1622 3949 1801 3989 rerum
1832 3936 1979 3990 exsi-

409 4022 623 4077 stentizr
675 4039 896 4077 causam
938 4041 1148 4092 veram,
1202 4038 1364 4096 atque
1403 4030 1581 4082 instar
1623 4028 1755 4083 lucis
1808 4028 1979 4096 ipsam

409 4112 691 4183 elIingunt,
741 4125 796 4169 et
830 4118 995 4170 vitam
1042 4119 1317 4187 appellant
1346 4138 1359 4171 :
1391 4120 1695 4189 cujusmodi
1728 4122 1977 4187 ﬁgmenta

406 4216 559 4258 Sacra
586 4220 601 4267 ;
632 4220 753 4259 cum
803 4208 1019 4276 quidem
1070 4210 1240 4280 magis
1277 4226 1514 4281 congrua
1556 4212 1687 4278 sint,
1721 4215 1977 4267 materia-

404 4294 655 4365 libusque
710 4297 900 4368 ﬁguris
945 4304 1268 4359 antecellere
1313 4307 1718 4374 quodammodo
1754 4307 1977 4360 videan-

404 4395 515 4449 tur,
549 4397 786 4444 attamen
822 4392 969 4447 velut
997 4395 1073 4449 sic
1110 4396 1272 4449 etiam
1300 4412 1328 4449 a
1359 4397 1555 4452 divime
1607 4398 1977 4453 similitudinis

2170 3110 2227 3161 '0
2260 3109 2377 3179 μὲν,
2410 3108 2486 3169 ὡς
2525 3106 2689 3169 εἰκὸς,
2728 3103 2813 3157 διὰ
2851 3105 2959 3157 τῶν
2992 3107 3191 3175 ὁμοίων
3222 3106 3423 3179 προῖὼν
3466 3102 3677 3175 ἰεροτύ-

2094 3219 2209 3255 ταυν
2241 3200 2480 3253 εἰκόνων·
2505 3200 2532 3251 ό
2558 3198 2613 3249 δὲ
2655 3196 2742 3249 διὰ
2768 3196 2876 3247 τῶν
2918 3198 3185 3266 ἀνομοίων
3218 3197 3561 3269 μορφοποιῶν
3592 3198 3678 3259 εἰς

2090 3290 2152 3349 τὲ
2180 3290 2454 3352 παντελῶς
2482 3288 2529 3319 ⁵⁰
2574 3286 2826 3349 ἀπεοικὸς
2854 3288 2945 3339 xui
2984 3288 3320 3357 ἀπεμφαῖνον
3368 3286 3675 3355 πλαττόμε-

2091 3402 2198 3448 νος.
2238 3382 2451 3452 Ἀμέλει
2475 3381 2567 3432 xui
2591 3380 2688 3449 τὴν
2722 3378 3021 3449 σεϐασμίαν
3044 3380 3143 3449 τῆς
3171 3380 3491 3450 ὑπερουσίου
3519 3377 3676 3450 θεαρ-

2089 3476 2211 3546 χίας
2244 3472 2614 3544 μακαριότητα
2638 3471 2745 3522 τῶν
2766 3468 3166 3540 ὲκφαντορικῶν
3194 3470 3389 3537 λογίων
3408 3470 3463 3521 ui
3489 3486 3675 3537 μυστι-

2088 3568 2180 3620 xui
2234 3565 2553 3637 παραδόσεις
2608 3562 2736 3615 ποτὲ
2782 3562 2880 3632 μὲν
2926 3562 2999 3623 ὡς
3027 3558 3200 3629 Λόγον
3242 3561 3333 3613 καὶ
3374 3560 3498 3613 νοῦν
3572 3561 3674 3613 xui

2085 3660 2271 3712 οὑσίαν
2300 3656 2548 3727 ὑμνοῦσι,
2594 3656 2693 3726 τὴν
2722 3654 2999 3724 θεοπρεπῆ
3026 3652 3311 3722 λογιότητα
3340 3653 3431 3704 καί
3471 3654 3667 3719 dou-Iuv

2084 3751 2253 3819 αὑτῆς
2284 3747 2554 3821 δηλοῦσαι,
2602 3748 2693 3799 xui
2722 3746 2889 3807 ὅντως
2929 3742 3092 3798 οὖσαν
3136 3742 3386 3816 ὕπαρξιν,
3426 3744 3518 3796 xui
3564 3746 3667 3814 τῆς

2083 3841 2189 3892 τῶν
2220 3839 2385 3891 ὄντων
2414 3836 2699 3907 ὑπάρξεως
2726 3836 2903 3887 αἰτίαν
2930 3833 3209 3905 ἀληθινὴν,
3244 3834 3336 3886 xui
3356 3835 3401 3865 ⁸ο
3422 3836 3516 3896 ’ὡς
3546 3832 3671 3900 φῶς

2084 3930 2250 4001 αὑτὴν
2280 3928 2699 3987 ἀναπλάττουσι,
2734 3927 2827 3978 xui
2864 3925 3006 3994 ζωὴν
3037 3923 3389 3977 ἀποκαλοῦσυ
3420 3923 3529 3976 τῶν
3550 3938 3665 3976 τοι-

2082 4018 2251 4069 οὑτων
2290 4016 2451 4088 ἱερῶν
2496 4015 2931 4085 ἁναπλασμάτων
2963 4014 3298 4085 σεμνοτέρων
3341 4014 3439 4084 μὲν
3473 4014 3665 4076 ὄντων,

2082 4112 2176 4163 xui
2204 4110 2312 4163 τῶν
2345 4110 2626 4181 προσύλων
2660 4107 2991 4180 μορφώσεων
3033 4107 3387 4178 ὑπερκεῖσθαί
3432 4122 3548 4169 πως
3578 4106 3668 4159 δο-

2082 4202 2338 4265 κούντων,
2364 4202 2695 4254 ἀποδεόντων
2716 4200 2771 4252 δὲ
2801 4202 2892 4253 καὶ
2917 4200 3058 4252 οὑτω
3088 4199 3184 4269 τῆς
3209 4197 3500 4268 θεαρχικῆς
3526 4195 3668 4267 πρὸς

2082 4296 2333 4366 ἀλήθειαν
2360 4295 2676 4366 ὲμφερείας·
2709 4294 2823 4347 ἔστι
2852 4293 2960 4365 γὰρ
2990 4294 3131 4371 ὑπὲρ
3161 4295 3337 4345 πᾶσαν
3358 4292 3541 4346 οὐσίαν
3566 4293 3668 4345 καὶ

2082 4390 2243 4461 ζωὴν,
2303 4390 2513 4451 οὐδενὸς
2577 4390 2673 4460 μὲν
2714 4390 2882 4460 αὑτὴν
2932 4391 3107 4459 φωτὸς
3148 4390 3661 4461 χαρακτηρίζοντος,

400 4480 637 4536 veritate
671 4483 958 4549 deﬁciunt;
993 4487 1256 4555 siquidem
1298 4488 1511 4541 ext'edit
1539 4503 1751 4542 omnem
1784 4503 1974 4542 essen-

2097 4482 2277 4544 ταντὸς
2298 4482 2352 4535 δὲ
2383 4482 2542 4549 λόγου
2572 4482 2665 4534 καὶ
2708 4481 2799 4555 νοῦ
2829 4482 2926 4552 τῆς
2950 4482 3264 4553 ὁμοιότητος
3297 4479 3465 4552 αὐτῆς
3501 4482 3666 4549 ἀσυγ-

403 4570 533 4624 tiam
572 4582 626 4626 et
656 4574 841 4639 vitam,
882 4593 1055 4646 neque
1087 4579 1254 4646 ipsam
1290 4580 1395 4633 ulla
1425 4578 1516 4633 lux
1553 4580 1829 4649 exprimit,
1854 4595 1972 4633 om-

401 4663 596 4730 nisque
638 4666 776 4720 ratio
801 4682 863 4721 ac
893 4668 1001 4721 vita
1031 4675 1096 4722 ab
1132 4669 1250 4739 ejus
1295 4672 1649 4725 similitudine
1691 4674 1969 4738 incompa-

401 4753 645 4808 rabiliter
674 4755 949 4813 desciscit.
983 4759 1385 4829 Nonnunquam
1440 4777 1569 4815 vero
1616 4761 1970 4815 dissimilibus

398 4844 856 4903 elucidationibus
882 4850 950 4903 ab
975 4851 1166 4905 iisdem
1194 4853 1427 4922 eloquiis
1457 4853 1971 4923 supermundialiter

396 4938 727 5003 celebratur.
769 4942 894 4996 dum
930 4944 1074 4998 illam
1114 4947 1438 5003 invisibiletn
1476 4949 1518 5009 ι,
1552 4956 1607 5002 et
1634 4948 1899 4999 inﬁnitam
1931 4954 1969 4976 ⁵·

396 5039 452 5082 et
499 5030 1103 5100 incomprehensibilem
1152 5046 1178 5073 η
1208 5038 1501 5107 appellant,
1551 5050 1605 5091 et
1652 5052 1717 5089 ex
1773 5038 1969 5106 quibus

397 5133 503 5173 non
534 5120 663 5188 quid
692 5130 794 5185 est,
826 5124 922 5179 sed
971 5126 1099 5194 quid
1147 5143 1250 5181 non
1297 5139 1381 5182 est
1417 5128 1769 5198 signiﬁcatur.
1796 5129 1972 5197 Atque

470 5262 494 5300 ιι
526 5261 544 5314 l
572 5261 698 5316 Cor.
736 5278 853 5329 vitt,
880 5266 933 5318 7.
1018 5267 1033 5303 ι
1072 5268 1257 5323 lTint.
1290 5286 1362 5333 vt,
1399 5270 1484 5323 l6.

1562 5281 1602 5308 ιη
1634 5269 1777 5324 Psal.
1804 5285 1986 5334 CXLIV,
2026 5271 2113 5325 l5.

2078 4574 2280 4643 κρίτως
2334 4572 2796 4642 ἀπολειπομένων.
2832 4573 2968 4625 Ποτὲ
3023 4572 3079 4625 δὲ
3127 4576 3246 4635 ταῖς
3307 4564 3575 4642 ἀνομοίοις
3615 4572 3662 4603 ⁸¹

2079 4665 2457 4734 ὲκφαντορίαις
2502 4664 2606 4716 ὑπὸ
2649 4664 2755 4715 τῶν
2808 4664 2985 4716 αὑτῶν
3032 4664 3227 4731 λογίων
3276 4664 3663 4735 ὑπερκοσμίως

2080 4758 2344 4829 ὑμνεῖται,
2380 4758 2605 4828 ἀόρατον
2631 4757 2797 4827 αὐτὴν
2818 4796 2832 4820 ,
2864 4757 2959 4809 καὶ
2986 4758 3229 4826 ἄπειρον,
3256 4756 3349 4809 xui
3375 4754 3661 4827 ἀχὼρητον

2078 4847 2523 4909 ἀποκαλούντων,
2560 4848 2653 4899 καὶ
2702 4846 2770 4898 τὰ
2797 4845 2856 4910 ἐξ
2886 4840 2981 4911 ὧν,
3030 4847 3092 4899 οὑ
3120 4846 3173 4897 τί
3212 4848 3377 4911 ἐστιν,
3418 4846 3551 4899 ἀλλὰ
3604 4849 3660 4899 τί

2076 4948 2175 4999 οὑκ
2205 4946 2343 5009 ἐστι,
2377 4946 2714 5018 σημαίνεται.
2752 4945 2923 4999 Τοῦτο
2950 4947 3078 5017 γὰρ,
3112 4946 3188 5009 ὼς
3219 4942 3391 5016 οἴμαι,
3428 4946 3522 4999 καὶ
3553 4962 3657 4997 κυ-

2080 5039 2335 5109 ριώτερόν
2380 5041 2525 5091 ἐστιν
2581 5040 2668 5090 ἐπ’
2711 5039 2900 5107 αὑτῆς·
2951 5038 3201 5109 ἐπείπερ,
3249 5039 3325 5102 ὡς
3368 5041 3400 5109 ἡ
3449 5039 3657 5110 κρυφία

2078 5129 2173 5182 καὶ
2214 5131 2245 5199 ἡ
2285 5130 2532 5201 ἰερατικὴ
2590 5130 2886 5201 παράδοσις
2927 5131 3265 5199 ὑφηγήσατο,
3306 5132 3366 5183 τὸ
3406 5132 3503 5201 μὲν
3551 5131 3654 5185 οὑκ

2190 5282 2217 5308 η
2254 5273 2406 5327 Rom.
2432 5289 2505 5337 XI,
2532 5273 2619 5324 35.

1674 5440 1901 5495 vanm
1940 5439 2341 5507 LECTJONES.

463 5600 507 5631 ‘7
543 5601 661 5674 lege
698 5601 1095 5674 inunominandi
1128 5618 1287 5674 casu,
1318 5616 1588 5674 consensu
1620 5602 2013 5674 exemplarium
2046 5604 2100 5674 ἡ.

748 5671 816 5745 ὀξ
848 5672 1118 5745 Praeponit
1172 5673 1399 5728 Budaeus
1424 5743 1430 5745 Α
1453 5672 1583 5727 ποτὲ
1616 5672 1695 5739 δέ,
1732 5667 1877 5742 quod
1928 5667 2325 5745 nullilcodices
2375 5682 2472 5728 aut
2509 5671 2602 5725 alii
2642 5667 2971 5744 interpretes
3003 5672 3222 5730 habent.
3296 5668 3342 5701 ⁸³
3375 5670 3440 5723 Β.
3467 5667 3645 5727 etClt.

393 5671 671 5734 παντελές.

394 5742 593 5796 addunt
623 5742 737 5806 καί,
770 5743 869 5806 sic,
896 5744 1022 5795 ποτὲ
1056 5743 1111 5796 δὲ
1144 5745 1238 5797 καὶ
1265 5746 1383 5807 ταῖς
1410 5743 1495 5797 ἀν.

2178 5604 2223 5635 ⁸⁸
2250 5603 2349 5658 Cb.
2385 5612 2438 5656 et
2470 5602 2529 5656 Ι).
2561 5601 2881 5671 ἀναγωγῶν.
2962 5601 3006 5632 δ’
3040 5600 3146 5653 τῶν
3174 5600 3418 5671 εἰκόνων.
3493 5596 3642 5671 ’ξος
