3916 6234
256 326 354 380 HI

1265 327 1349 380 DE
1381 325 1709 382 COELESTI
1753 322 2202 387 HIERARCHIA,
2245 322 2398 378 CAP.
2444 321 2507 376 11.

3434 323 3531 376 Ην]

252 437 396 496 εἶναι
431 443 576 496 κατά
605 459 657 495 τι
688 445 796 498 τῶν
829 445 1000 500 ὅντων
1040 446 1206 517 αὐτὴν
1239 446 1600 518 ἀληθεύομεν,
1630 445 1844 515 ἀγνοοῦ-

1957 445 2081 505 hoc,
2122 450 2181 494 ut
2232 440 2490 502 arbitror,
2531 437 2707 505 magis
2746 436 2846 504 ipsi
2890 436 3167 506 proprium
3215 445 3335 498 est;
3384 453 3530 502 nam,

254 552 359 604 μεν
392 534 451 587 δὲ
482 536 585 606 τὴν
621 537 945 609 ὑπερούσιον
968 538 1137 609 αὐτῆς
1187 538 1281 591 καὶ
1313 538 1539 607 ἀνόητον
1559 540 1651 590 καὶ
1681 535 1855 608 ἄρρη-

248 645 349 683 τον
382 628 689 700 ἀοριστίαν.
734 629 800 682 Εἰ
832 630 1010 682 τοίνυν
1044 629 1100 682 αί
1147 629 1243 700 μὲν
1286 629 1588 698 ἀποφάσεις
1620 629 1713 680 ἐπὶ
1743 626 1854 679 τῶν

251 719 417 774 θείων
452 721 699 792 ἀληθεῖς,
724 723 779 775 αἰ
802 722 859 774 δὲ
880 721 1215 790 καταφάσεις
1237 722 1589 794 ἀνάρμοστοι,
1623 724 1688 791 τῇ
1718 737 1852 791 κρυ-

252 812 473 885 φιὸτητι
506 813 617 866 τῶν
653 813 980 887 ἀπορρήτων
1006 814 1309 887 οἰκειοτέρα
1351 813 1546 885 μᾶλλόν
1579 814 1726 866 ἐστιν
1762 813 1855 865 ἐπὶ

251 904 363 956 τῶν
392 906 646 977 ἀοράτων
668 907 702 977 ἡ
731 906 821 959 διὰ
836 906 946 958 τῶν
970 882 1239 977 ἀνομοίων
1267 906 1621 959 ἀναπλάσεων
1650 908 1855 974 ἐκφαν-

250 997 435 1067 τορίαο
494 998 701 1067 τιμῶσι
752 996 1041 1069 τοιγαροῦν
1071 998 1138 1062 ⁵³,
1172 998 1275 1050 οὐκ
1324 1000 1544 1067 αἴσχους
1600 997 1850 1068 ἀποπλη-

256 1087 436 1158 ροῦσι,
467 1088 572 1152 τὰς
609 1088 894 1160 οὐρανίους
937 1089 1324 1160 διακοσμήσεις
1380 1090 1474 1142 καὶ
1519 1090 1576 1142 αἰ
1622 1090 1730 1142 τῶν
1763 1089 1853 1143 λο-

251 1183 389 1249 γίων
423 1182 796 1254 ίερογραφίαι,
824 1185 944 1245 ταῖς
969 1182 1243 1252 ἀνομοίοις
1270 1182 1439 1245 αὐτὰς
1474 1182 1853 1253 μορφοποιῖαις

249 1274 635 1343 ἐκφαίνουσαι,
683 1274 773 1327 διὰ
817 1274 1020 1328 τούτων
1063 1274 1449 1328 ἀποδεικνῦσαι
1491 1275 1599 1327 τῶν
1652 1275 1851 1329 ὑλικῶν

250 1365 517 1417 ἁπάντων
566 1364 952 1436 ὑπερκοσμίως
996 1365 1360 1436 ὲκϐεϐηκυίας
1403 1366 1470 1419 ⁵³.
1510 1367 1631 1419 Ὅτι
1672 1366 1728 1419 δὲ
1759 1369 1852 1420 καὶ

248 1454 344 1506 τὸν
379 1456 655 1529 ἡμέτερον
693 1459 741 1491 ⁸⁸
766 1454 887 1510 νοῦν
932 1458 1191 1525 ἀνάγουσι
1229 1457 1428 1528 μᾶλλον
1474 1459 1529 1511 αἰ
1570 1460 1851 1529 ἀπεμφαί-

250 1566 447 1602 νουσαι
476 1550 588 1602 τῶν
625 1553 958 1623 ὁμοιοτήτων
979 1593 994 1618 ,
1024 1555 1124 1607 οὐκ
1156 1550 1308 1625 οἶμαί
1348 1571 1471 1608 τινα
1513 1556 1623 1609 τῶν
1656 1557 1852 1626 εὐφρο-

249 1640 492 1693 νούντων
546 1642 811 1713 ἀντερεῖν·
863 1645 943 1708 εἰς
993 1644 1090 1716 μὲν
1140 1649 1185 1680 ⁸³⁵
1214 1647 1322 1715 γὰρ
1366 1646 1467 1711 τὰς
1522 1649 1851 1721 τιμιωτέρας

252 1733 644 1805 ἱεροπλαστίας
671 1734 820 1797 εἰκός
862 1736 976 1789 ἐστι
1008 1736 1103 1789 καὶ
1139 1736 1475 1809 πλανηθῆναι
1504 1740 1569 1803 ⁸⁸,
1601 1757 1850 1811 χρυσοει-

251 1921 346 1972 καὶ
402 1919 716 1988 φωτοειδείς
758 1939 910 1984 τινας
953 1922 1170 1994 ἄνδρας,
1218 1924 1311 1976 καί
1358 1923 1848 1995 ὲξαστράπτοντας,

248 2014 577 2083 εὐπρεπεῖς,
626 2015 1036 2085 ἠμφιεσμένους
1090 2014 1295 2085 ἐσθῆτα
1353 2016 1524 2087 φανὴν
1554 2024 1620 2080 κο,
1648 2019 1738 2070 καὶ
1789 2019 1851 2071 τὸ

249 2106 506 2177 πυρῶδες
556 2106 807 2170 ἀϐλαϐῶς
841 2108 1280 2172 ἀποστίλϐοντας,
1336 2111 1431 2164 καὶ
1476 2110 1621 2173 ὅσοις
1672 2110 1850 2175 ἄλλοις

248 2197 685 2267 ὁμοιοτυπώτοις
716 2204 953 2272 μορφαῖς
982 2201 1026 2235 ⁸⁸
1056 2202 1090 2272 ἡ
1122 2200 1368 2269 θεολογία
1412 2202 1538 2266 τοὺς
1568 2202 1849 2274 οὐρανίους

249 2291 595 2361 ἐσχημάτισε
626 2292 772 2355 νὸας.
805 2293 981 2364 Ὅπερ
1003 2292 1090 2345 ἵνα
1120 2291 1193 2364 μὴ
1221 2294 1440 2346 πάθοιεν
1473 2295 1522 2347 οἱ
1554 2295 1719 2365 μηδὲν
1740 2294 1848 2348 τῶν

247 2383 600 2451 φαινομένων
645 2382 827 2436 καλῶν
864 2383 1194 2456 ὑψηλότερον
1235 2384 1633 2457 ἑννενοηκὸτες,
1672 2389 1704 2458 ἡ
1738 2388 1847 2441 τῶν

246 2475 412 2527 ὁσίων
435 2474 705 2543 θεολόγων
748 2473 1046 2546 ἀνατατικὴ
1087 2475 1244 2545 σοφία
1266 2477 1513 2548 καὶπρὸς
1540 2477 1639 2540 τὰς
1664 2478 1770 2531 ἀπε
1779 2497 1846 2549 μ-

246 2569 552 2638 curvo-Jac;
586 2571 980 2641 ἀνομοιότητας
1036 2568 1199 2641 ίερῶς
1244 2572 1561 2639 κατάγεται,
1592 2570 1666 2641 μὴ
1712 2587 1846 2640 συγ-

246 2661 507 2733 χωροῦσα
535 2663 597 2716 τὸ
624 2663 890 2735 πρόσυλον
910 2664 943 2733 ή
954 2661 1089 2732 μῶν,
1118 2664 1199 2725 εἰς
1235 2663 1333 2726 τὰς
1370 2663 1601 2735 αἰσχρὰς
1632 2663 1846 2727 εἰκόνας

247 2750 527 2821 ἀπομένον
564 2752 1036 2807 ἐπαναπαύεσθαι·
1085 2753 1410 2807 διανιστῶσα
1442 2755 1499 2807 δὲ
1546 2755 1606 2808 τὸ
1637 2756 1847 2824 ἀνωφε-

251 2841 343 2910 ρὲς
382 2843 486 2911 τῆς
516 2843 719 2914 ψυχῆς,
756 2847 852 2899 καὶ
885 2846 1255 2900 ὐπονύττουσα
1288 2848 1355 2916 τῇ
1399 2846 1709 2918 δυσμορφίᾳ
1735 2847 1844 2900 τῶν

249 2931 638 3002 συνθημάτων,
660 2934 735 2997 ὡς
756 2934 829 3006 μὴ
854 2935 1072 3006 θεμιτοῦ
1103 2936 1235 3007 μηδὲ
1255 2935 1488 3007 ἀληθοῦς
1504 2936 1547 2966 ⁶⁰
1564 2935 1847 3000 δοκοῦντος

248 3018 415 3083 εἶναι,
470 3024 608 3094 μηδὲ
661 3028 775 3089 τοῖς
821 3028 959 3096 ἄγαν
1016 3027 1327 3097 προσύλοις,
1387 3028 1468 3081 ὅτι
1515 3030 1627 3091 τοῖς
1674 3027 1845 3092 οὕτως

245 3114 501 3216 αἰσχροῖς
526 3116 751 3216 ἐμφερῆ
786 3117 922 3188 πρὸς
945 3116 1200 3189 ἀλήθειάν
1235 3119 1351 3171 ἐστι
1376 3117 1446 3171 τά
1478 3118 1844 3190 ὐπερουράνια
1872 3158 1913 3216 C

247 3206 344 3259 καὶ
374 3206 497 3258 θεῖα
521 3205 791 3277 θεάματα.
828 3207 1035 3272 Ἀλλως
1051 3228 1111 3263 τε
1142 3211 1236 3263 καὶ
1256 3209 1415 3263 τοῦτο
1434 3211 1683 3281 ἐννοῆσαι
1715 3212 1841 3284 χρὴ,

246 3294 307 3346 τὺ
344 3294 483 3364 μηδὲ
515 3295 575 3348 ἓν
617 3297 726 3349 τῶν
758 3297 927 3351 ὄντων
964 3296 1100 3353 εἶναι
1137 3300 1366 3354 καθόλου
1404 3300 1505 3377 τῆς
1548 3301 1642 3355 τοῦ
1678 3302 1843 3356 καλοῦ

250 3387 549 3456 μετουσίας
604 3390 986 3462 ἐστερημένον,
1037 3392 1217 3462 εἴπερ,
1268 3392 1343 3455 ὡς
1391 3394 1424 3463 ἡ
1484 3393 1592 3445 τῶν
1648 3391 1843 3463 λογίων

249 3477 482 3548 ἀλήθειά
509 3495 673 3550 φησι,
697 3478 894 3533 πάντα
924 3480 1080 3535 καλὰ
1110 3482 1271 3536 λίαν.

1961 538 2037 591 ιιιί
2068 550 2269 590 arcana
2316 535 2405 589 illa
2448 532 2907 602 sacerdotalisque
2950 533 3171 587 traditio
3218 534 3532 594 insinuavit.

1962 645 2092 684 vere
2136 630 2390 693 dicimus,
2429 643 2547 683 eam
2593 642 2700 682 non
2739 640 2860 682 esse
2904 626 3203 682 secundum
3238 628 3532 697 quidquam

1961 737 2150 777 eorum
2182 737 2301 791 qua:
2325 731 2474 785 sunt,
2505 720 2631 774 licet
2668 719 2789 789 ejus
2820 720 3333 790 superessentialem
3361 730 3416 774 et
3446 722 3533 773 iu-

1958 815 2227 869 visibilem
2252 824 2306 868 et
2331 811 2658 868 ineffabilem
2689 813 3013 868 infinitatem
3044 814 3371 881 ignoremus.
3399 796 3532 869 Cum

1958 922 2090 976 ergo
2120 906 2437 977 negationes
2474 907 2525 960 in
2561 906 2759 962 divinis
2789 921 2951 970 verte,
2984 904 3371 960 afﬁrmationes
3404 920 3534 959 vero

1960 1000 2272 1065 incongrua:
2305 1006 2452 1065 sunt,
2489 1014 2814 1054 arcanorum
2861 999 3179 1054 obscuritati
3212 999 3380 1066 magis
3411 1013 3535 1068 pro-

1959 1096 2073 1165 pria
2105 1105 2189 1148 est
2214 1108 2393 1148 rerum
2419 1093 2770 1148 invisibilium
2798 1107 2893 1163 per
2920 1092 3210 1146 dissimiles
3233 1089 3534 1145 edictiones

1955 1182 2267 1251 explanatio
2299 1199 2313 1234 :
2341 1182 2604 1251 siquidem
2630 1184 3017 1246 condecorant,
3049 1197 3153 1236 non
3182 1181 3529 1243 dedecorant,

1956 1277 2208 1333 cmlestes
2258 1278 2639 1334 adornationes
2678 1292 2846 1332 sacrm
2872 1275 3244 1346 hujuscemodi
3293 1274 3533 1343 eloquio-

1957 1385 2075 1422 runt
2119 1370 2538 1441 descriptiones,
2571 1372 2697 1424 dum
2726 1368 3079 1424 dissimilibus
3108 1382 3201 1422 eas
3230 1367 3530 1422 formarum

1957 1461 2267 1517 fictionibus
2294 1463 2624 1531 explanant;
2667 1461 2754 1515 his
2800 1460 2933 1529 ipsis
2967 1458 3324 1524 declarantes,
3358 1467 3415 1509 ut
3448 1471 3535 1511 re-

1956 1553 2057 1606 bus
2091 1554 2347 1608 omnibus
2390 1551 2763 1607 materialibus
2807 1549 3324 1617 supermundialiter
3376 1557 3529 1602 ante-

1955 1647 2174 1702 ecllant.
2196 1647 2348 1713 Quod
2378 1662 2506 1702 vero
2529 1646 2743 1700 absona:
2770 1643 3156 1698 similitudines
3187 1640 3358 1711 magis
3381 1655 3530 1694 men-

1958 1746 2067 1794 tem
2121 1749 2362 1793 nostram
2412 1739 2645 1808 erigant,
2694 1753 2869 1795 nemo.
2905 1744 2963 1788 ut
3011 1735 3224 1804 opinor,
3274 1734 3528 1789 cordatus

249 1826 360 1890 δεῖς
395 1828 444 1858 ⁸⁷
476 1846 631 1891 τινας
670 1828 951 1898 οἰομένους
995 1825 1135 1883 εἶναι
1183 1830 1285 1895 τὰς
1334 1832 1594 1904 οὐρανίας
1642 1832 1844 1897 οὐσίας,

1956 1832 2330 1894 conlradit‘el;
2368 1828 2472 1902 14
2505 1831 2557 1883 in
2596 1829 2952 1884 nobilioribus
2981 1828 3125 1881 enim
3169 1826 3357 1881 foratis
3377 1826 3529 1881 efﬁn-

1955 1925 2144 1993 gendis
2183 1923 2443 1978 credibile
2472 1933 2556 1977 est
2600 1938 2785 1976 errare
2834 1920 3064 1990 aliquos,
3097 1921 3186 1989 qui
3215 1920 3531 1975 existiment

1953 2031 2075 2070 esse
2110 2026 2332 2069 naturas
2369 2015 2619 2069 caelestes
2660 2013 2845 2081 specie
2877 2013 3109 2081 quadam
3155 2026 3342 2075 aurea,
3383 2011 3528 2065 viros

1953 2108 2214 2176 quosdam
2259 2109 2543 2171 micantes,
2582 2107 2790 2175 fulgore
2823 2108 3072 2170 decoros,
3112 2106 3307 2159 vestitu
3350 2104 3529 2172 splen-

1953 2201 2076 2254 dido
2121 2200 2371 2265 atnictos,
2408 2201 2621 2267 igneum
2670 2200 2923 2266 quiddam
2960 2197 3178 2252 innoxie
3224 2197 3525 2261 vibrantes,

1950 2302 2006 2345 et
2047 2306 2384 2359 qutecunque
2432 2291 2550 2344 alia:
2604 2290 2866 2360 ejusmodi
2903 2289 3090 2343 formae
3135 2296 3282 2352 sunt,
3332 2288 3528 2357 quibus

1954 2382 2220 2451 theologia
2262 2386 2516 2436 etelestes
2543 2394 2751 2436 mentes
2803 2380 3079 2451 figuravit.
3112 2379 3267 2446 Quod
3309 2380 3525 2449 quidem

1951 2491 2020 2530 ne
2058 2476 2125 2529 iis
2165 2475 2396 2537 eveniat,
2432 2476 2523 2543 qui
2581 2474 2715 2528 nihil
2756 2473 2940 2534 altius,
2967 2488 3127 2543 quam
3160 2473 3247 2528 illa
3300 2473 3523 2542 pulchra

1947 2576 2003 2620 et
2045 2566 2289 2634 speciosa
2336 2580 2458 2634 quae
2505 2574 2791 2634 apparent,
2842 2571 3021 2619 mente
3058 2562 3322 2632 complexi
3377 2570 3521 2625 sunt,

1948 2666 2257 2710 sanctorum
2310 2655 2680 2724 theologorum
2706 2654 2990 2723 sapientia,
3030 2668 3150 2720 quae
3190 2669 3401 2706 sursum
3429 2653 3527 2708 du-

1949 2749 2101 2802 cendi
2136 2748 2242 2801 vim
2267 2748 2453 2812 habet,
2489 2748 2556 2800 ad
2589 2747 3060 2801 dissimilitutlines
3082 2743 3311 2799 absonas
3338 2752 3525 2799 sancte

1949 2853 2009 2891 se
2036 2837 2243 2905 dejicit,
2279 2852 2384 2889 non
2420 2837 2742 2907 permittens
2777 2836 2849 2901 id,
2884 2836 3026 2905 quod
3072 2838 3124 2889 in
3156 2835 3315 2890 nobis
3346 2845 3524 2889 mate—

1948 2935 2082 2990 riale
2136 2946 2255 2997 est,
2314 2934 2421 2988 illis
2479 2934 2752 2988 indecoris
2815 2932 3144 3004 imaginibus
3209 2932 3525 2987 inhmreudo

1948 3028 2336 3098 acquiescere;
2371 3027 2464 3081 sed
2514 3027 2627 3096 ipsa
2678 3027 3019 3081 deformitate
3055 3024 3345 3095 figurarum
3376 3024 3526 3079 exei-

1950 3130 2069 3173 tans
2096 3129 2149 3173 et
2172 3119 2460 3173 stitnulans
2481 3121 2816 3187 superiorem
2843 3118 3036 3172 anima:
3058 3116 3380 3186 portionem,
3413 3125 3525 3169 tan-

1948 3226 2111 3280 quam
2139 3210 2293 3264 nefas
2326 3213 2419 3274 sit,
2446 3221 2501 3265 et
2528 3225 2596 3264 ne
2624 3211 2689 3263 iis
2721 3210 2958 3279 quidem,
2978 3208 3068 3277 qui
3105 3209 3265 3262 rebus
3291 3210 3524 3265 terrenis

1950 3303 2106 3357 valde
2139 3302 2277 3355 aﬂixi
2320 3310 2465 3364 sunt,
2492 3301 2789 3356 verisimile
2831 3302 3101 3364 videatur,
3135 3309 3241 3351 tam
3273 3299 3523 3354 absurdis

1949 3394 2137 3449 formis
2160 3393 2358 3447 similia
2399 3407 2585 3447 revera
2618 3405 2741 3446 esse
2774 3390 2858 3444 illa
2907 3390 3311 3458 supracoslestia
3362 3399 3416 3443 et
3441 3389 3525 3444 di-

1948 3483 2097 3545 vina,
2129 3496 2249 3551 quae
2277 3484 2329 3535 in
2359 3480 2619 3552 symbolis
2647 3495 2769 3534 cum
2801 3480 3159 3533 admiratione
3185 3489 3518 3549 spectantur.

250 3569 391 3635 Quin
432 3578 491 3624 et
528 3570 632 3624 hoc
676 3572 987 3637 sciendum,
1032 3572 1166 3627 nihil
1196 3589 1384 3628 eormn
1426 3589 1546 3643 qua:
1576 3574 1851 3630 exsistunt
1910 3573 2128 3641 penitus
2174 3587 2297 3627 esse
2349 3571 2478 3625 boni
2534 3572 2954 3641 participatione
3004 3570 3314 3639 privatum;
3368 3586 3518 3635 cum,

249 3671 304 3714 ut
334 3661 414 3713 ait
453 3657 676 3720 veritas,
703 3656 1003 3729 loquiorum
1028 3663 1206 3719 omnia
1231 3661 1364 3718 bona
1392 3663 1540 3717 valde
1565 3672 1610 3718 ο.

1786 3779 1813 3851 §
1878 3775 1980 3838 ιν.

318 3953 515 4009 Ἔστιν
536 3949 630 4010 οὖν
670 3960 737 4012 ὲκ
766 3960 982 4015 πάντων
1018 3962 1060 3994 ⁶¹
1092 3963 1378 4035 ἐπινοῆσαι
1412 3966 1455 3995 ⁶²
1487 3964 1658 4029 καλὰς
1702 3966 1838 4019 θεω-

248 4047 390 4117 ρίας,
423 4051 523 4102 καὶ
552 4053 668 4114 τοῖς
699 4057 910 4122 νοητοῖς
938 4072 1000 4107 τε
1030 4057 1125 4110 καὶ
1156 4060 1360 4129 νοεροῖς
1400 4060 1464 4111 ἐκ
1496 4058 1606 4111 τῶν
1643 4058 1839 4112 ὑλαίων

242 4142 561 4194 ἀναπλάσαι
590 4143 691 4207 τὰς
720 4141 1019 4216 λεγομένας
1046 4149 1330 4219 ἀνομοίους
1359 4150 1698 4220 ὁμοιότητας,
1723 4150 1841 4202 ἑτέ-

245 4249 324 4304 ρῳ
347 4234 545 4304 τρόπῳ
572 4235 683 4288 τῶν
704 4254 790 4289 νοε
799 4238 906 4309 ρῶν
934 4239 1186 4309 ἐχόντων,
1218 4240 1254 4294 ἃ
1278 4245 1392 4305 τοῖς
1422 4241 1699 4312 αἰσθητοῖς
1722 4228 1837 4295 ὲτέ-

243 4327 408 4397 ροίως
440 4328 868 4403 ἀπονενεμηται.
901 4333 1014 4385 Καὶ
1046 4332 1154 4405 γὰρ
1184 4334 1213 4384 ὁ
1236 4334 1407 4406 θυμὸς
1436 4338 1550 4398 τοῖς
1580 4335 1681 4406 μὲν
1709 4335 1835 4388 ἀλὸ-

240 4433 359 4484 τοις
382 4417 443 4483 ἐξ
467 4418 754 4488 ἐμπαθοῦς
773 4422 954 4493 ὁρμῆς
975 4424 1264 4492 ἐγγίνεται,
1291 4427 1385 4478 καὶ
1415 4425 1597 4497 πάσης
1619 4425 1838 4495 ἀλογίας

240 4509 393 4562 ἐστὶν
418 4511 711 4576 ἀνάπλεως
739 4515 772 4585 ἡ
807 4514 1094 4587 θυμοειδὴς
1120 4516 1299 4570 αὐτῶν
1329 4518 1559 4588 κίνησις·
1595 4519 1707 4572 ἀλλ’
1739 4520 1831 4572 ἐπὶ

241 4600 349 4653 τῶν
387 4600 598 4673 νοερῶν
628 4603 800 4675 ἑτέρῳ
839 4606 1025 4677 τρόπῳ
1057 4606 1162 4679 χρὴ
1202 4608 1263 4660 τὸ
1296 4606 1523 4679 θυμικὸν
1559 4609 1827 4680 ἐννοῆσαι,

242 4690 459 4762 δηλοῦν,
491 4692 570 4755 ὡς
602 4688 776 4765 οἶμαι,
823 4696 919 4767 τὴν
953 4698 1271 4769 ἀρρενωπὸν
1311 4698 1488 4751 αὐτῶν
1521 4698 1826 4770 λογιότητα,

243 4785 337 4836 καί
356 4784 459 4855 τὴν
488 4784 803 4855 ἀμείλικτον
836 4788 947 4855 ἕξιν
972 4790 1030 4843 ὲν
1060 4793 1182 4855 ταῖς
1216 4790 1471 4844 θεοειδέσι
1504 4792 1598 4844 καὶ
1626 4791 1831 4860 ἀμετα-

244 4875 419 4938 ϐὁλοις
451 4875 745 4946 ἱδρύσεσιν.
798 4879 1071 4945 Ὡσαύτως
1093 4882 1385 4953 ἐπιθυμίαν
1422 4883 1518 4952 μὲν
1544 4878 1679 4935 εἷναί
1726 4900 1827 4952 φα-

246 4984 365 5038 μεν,
401 4968 499 5019 ἐπὶ
529 4969 639 5021 τῶν
683 4970 891 5040 ἀλόγων
919 4973 1324 5045 ἀπερίσκεπτόν
1344 4993 1465 5029 τινα
1498 4975 1592 5027 καὶ
1630 4977 1831 5047 πρόσυ-

318 5134 344 5161 ⁰
368 5126 509 5183 Gen.
536 5142 579 5194 ι,
606 5129 695 5182 51.

2023 3967 2117 4021 Est
2152 3966 2317 4036 igitur
2355 3979 2420 4020 ex
2451 3964 2705 4019 omnibus
2755 3979 2949 4034 capere
2978 3965 3148 4023 bonas
3187 3969 3522 4038 contempla-

1944 4058 2156 4123 tiones;
2189 4058 2312 4127 quia
2346 4066 2400 4110 et
2428 4058 2560 4110 viris
2605 4057 3033 4127 intelligentibus
3073 4075 3140 4114 ac
3185 4061 3520 4129 spiritalibus

1942 4150 2069 4205 licet
2093 4150 2205 4219 jam
2233 4150 2406 4204 dictas
2434 4149 2908 4205 dissimilitudines
2938 4166 3003 4205 ex
3034 4153 3195 4207 rebus
3228 4155 3521 4209 materiali-

1941 4241 2041 4295 bus
2068 4242 2386 4307 eli‘ormare;
2433 4257 2555 4295 cmn
2608 4256 2694 4295 res
2719 4242 2995 4311 spiritales
3036 4243 3145 4298 alio
3176 4244 3319 4313 ipsas
3358 4246 3518 4303 modo

1942 4334 2199 4399 habeant,
2246 4349 2408 4402 quam
2457 4333 2622 4387 rebus
2671 4333 3025 4389 sensibilibus
3067 4337 3341 4391 attributa}
3386 4339 3514 4393 sint.

1902 4423 2216 4493 (Siquidem
2268 4424 2494 4479 adeetns
2530 4424 2625 4479 ira:
2672 4425 2940 4480 creaturis
2997 4428 3405 4484 irrationalibus
3446 4446 3514 4485 ex

1940 4518 2141 4584 impetu
2171 4519 2442 4587 passionis
2487 4519 2860 4587 ingeneralur,
2894 4527 3056 4587 atque
3102 4521 3248 4573 omni
3297 4521 3517 4576 irratio-

1940 4609 2169 4664 nalitate
2206 4610 2397 4678 plenus
2421 4619 2505 4665 est
2543 4610 2838 4665 irascibilis
2869 4625 3059 4664 eorum
3090 4622 3267 4667 motus
3294 4630 3307 4667 :
3335 4615 3430 4669 Sed
3461 4615 3514 4671 in

1940 4700 2102 4754 rebus
2118 4700 2453 4770 spiritalibus
2477 4702 2635 4757 aliter
2658 4711 2873 4771 oportet
2892 4703 2999 4755 vim
3030 4703 3359 4760 irascibilem
3386 4721 3514 4761 cou-

1938 4792 2205 4858 siderare,
2261 4793 2592 4847 utvidelicet
2640 4794 2908 4863 significet
2970 4796 3266 4850 masculam
3322 4813 3510 4853 earum

1941 4885 2231 4947 rationem,
2267 4884 2766 4953 immutabilemque
2807 4893 3008 4939 statum
3065 4887 3119 4940 in
3158 4888 3513 4945 deiformibus

1941 4976 2064 5031 istis
2115 4977 2590 5045 immobilibusque
2635 4977 2855 5032 sedibus
2907 4980 3201 5035 ﬁrmatum.
3250 4980 3513 5040 Similiter

1544 5247 1776 5304 VARUE
1829 5247 2229 5309 LECTIONES.

311 5342 359 5416 ’ξ
413 5339 490 5393 Μ.
540 5338 950 5416 antiquissimus
990 5341 1171 5416 liber.
1211 5341 1394 5416 et_S_e.
1425 5343 1642 5416 xa‘tdvﬁv
1674 5343 1982 5416 τοιγαροῦν.

244 5480 416 5534 mea

2086 5345 2254 5418 "_Yp.
2292 5346 2712 5418 ἀναϐεϐηκυίας.
2800 5346 2869 5418 δξ
2885 5345 2950 5418 Β.
2976 5345 3057 5399 ἔτι
3089 5345 3147 5399 δὲ
3180 5348 3273 5400 καὶ
3306 5345 3382 5408 ὡς
3413 5347 3506 5399 τὸν

243 5410 535 5533 ημέτερον.
574 5408 709 5463 Cum
747 5425 847 5479 pro
873 5411 957 5463 ὅτι
989 5412 1078 5465 hic
1111 5410 1245 5465 liber
1267 5413 1496 5467 haberet
1524 5412 1626 5477 ἔτι,
1661 5428 1723 5467 ea
1773 5408 2090 5483 depravatio
2129 5408 2283 5481 fecit,
2323 5428 2383 5471 nt
2420 5418 2497 5481 ὼς
2520 5408 2811 5471 ’δοιΙίιΙει-ἰι
2840 5415 3103 5479 Budaeus,
3136 5425 3194 5469 ut
3242 5418 3507 5470 orationis

244 5480 997 5562 xgealﬂaétqcmconsj-aret.
1072 5481 1118 5512 ⁸⁸
1149 5480 1247 5562 μέν
1388 5498 1523 5562 non_
1553 5486 1745 5562 hanbet,
1798 5499 1899 5538 nec
1956 5496 2106 5562 certe
2143 5487 2353 5562 aliquid
2386 5486 2821 5562 sequitur‘quod
2865 5488 3212 5562 respondeat.
3287 5485 3333 5516 ⁸⁸
3365 5486 3503 5562 ἀπο-

492 5480 997 5556 λὸτηςῂροιιεξειιςει.
1072 5481 1118 5512 ⁸⁸
1149 5480 1247 5556 μέν
1286 5483 1348 5556 l).
1388 5498 1522 5556 non_
1553 5486 1745 5556 habet,
1798 5480 1899 5538 nec
1957 5496 2106 5556 certe
2143 5480 2347 5556 aliquid
2386 5480 2633 5556 sequitur
2676 5486 2821 5555 quod
2865 5488 3212 5552 respondeat.
3287 5485 3333 5516 ⁸⁸
3365 5486 3503 5538 ἀπο-

244 5549 619 5627 πλανηθῆναι,
650 5549 752 5605 Ch.
784 5550 873 5627 ﬂ"
898 5552 1024 5614 ihaee
1055 5549 1217 5627 verba
1250 5553 1464 5627 desunt
1500 5554 1569 5627 in
1596 5554 1722 5627 Ch:
1746 5554 1972 5627 utquod
1992 5626 1995 5627 ν
2018 5549 2284 5626 sequitur.
2315 5557 2379 5612 C.
2431 5549 2544 5612 sive
2574 5558 2668 5611 καὶ
2695 5549 3027 5627 ἱρωτοειδεῖς,
3062 5570 3159 5627 nec
3198 5559 3502 5624 posteriora

247 5624 407 5674 vertit
457 5622 680 5675 Scottis.
784 5621 829 5653 ⁸⁸

247 5707 447 5763 faueat;
481 5691 736 5763 κάλλεσιν
766 5691 801 5763 ἦ

246 5761 500 5836 ἀληθοῦς.

857 5692 922 5763 1}.
969 5691 1128 5763 P.’et
1162 5697 1213 5745 in
1242 5691 1488 5763 margine
1517 5691 1606 5747 Μ(
1689 5691 1733 5725 ⁸⁸
1776 5694 1835 5746 D.

868 5628 1123 5724 ξραεὲδήν,1
1250 5621 1307 5677 Ρ.
1334 5622 1749 5724 ἐσθῆτ’ἐφανῑγ,
1776 5621 1858 5724 liti;

1957 5626 2004 5657 ”
2032 5624 2130 5706 9h.
2164 5627 2257 5706 καὶ
2288 5628 2441 5706 ὅσαις
2472 5628 2686 5706 ἀλλαλις,
2715 5624 2818 5706 ’κα-ἰ
2850 5627 2995 5706 ὅσοις
3042 5624 3222 5706 ἀλλοις
3252 5628 3503 5706 ὁμοιοτυς

599 5695 801 5771 λεσινῆ
857 5695 922 5746 D.
969 5695 1030 5751 P.
1073 5700 1128 5747 et
1162 5697 1213 5745 in
1245 5695 1488 5763 margine
1517 5695 1587 5747 M.
1689 5695 1733 5725 ⁸ο
1776 5695 1835 5746 D.
1872 5696 2007 5767 μήτε
2038 5696 2281 5768 θεμιτοῦ,
2319 5701 2456 5772 μήτε
2488 5697 2740 5769 ἀληθοῦς.
2779 5697 2849 5754 Ρ.·
2880 5697 3017 5768 μήτε
3058 5695 3303 5764 θεαιτοῦ,
3365 5697 3502 5771 μηδὲ

599 5761 641 5793 ⁸⁸
677 5764 828 5817 addit
860 5761 961 5819 Ch.
990 5772 1045 5819 et
1074 5762 1135 5819 P.
1160 5761 1386 5818 τούτων.
1420 5763 1465 5796 ⁸⁸
1497 5780 1589 5838 γρ.
1646 5764 1913 5836 ἐννοῆσαι.
2411 5782 2417 5787 '
