3916 6234
428 390 532 444 H3

1597 391 1652 447 S.
1692 388 1989 445 DIONYSII
2022 388 2489 447 AREOPAGITAS

3583 397 3685 451 l“

424 506 911 579 concupiscentiam
954 506 1008 562 in
1052 506 1226 561 brutis
1253 519 1375 561 esse
1404 505 1634 561 dicimus
1675 507 1986 564 inconside—

2101 512 2202 571 λον,
2234 507 2296 573 ἐξ
2324 508 2570 578 ἐμφύτου
2622 511 2910 580 κινήσεως,
2943 509 2976 580 ἢ
3023 509 3307 580 συνηθείας
3352 511 3411 564 ἐν
3442 514 3553 575 τοῖς
3585 512 3687 566 ἀλ·-

422 609 618 662 ratam,
646 606 702 652 et
745 600 812 652 ad
846 598 1049 667 aliquid
1102 596 1388 651 materiale
1419 609 1596 650 rerum
1628 596 1989 660 mutabilium,

421 705 486 745 ex
513 691 675 744 insita
711 690 1098 759 propensione,
1121 689 1204 745 vel
1231 688 1630 744 consuetudine
1664 688 1993 760 impotenter

421 783 721 851 ingenitam
772 781 1163 847 affectionem,
1210 790 1264 836 et
1320 781 1694 837 irrationalem
1748 784 1993 852 corporis

418 876 693 944 appetitus
732 874 1293 945 pratdominationem,
1322 873 1412 942 qui
1450 883 1618 928 totum
1664 873 1864 929 animal
1894 877 1995 928 im-

416 965 570 1036 pellit
586 966 650 1019 ad
677 965 728 1018 id
750 965 890 1033 quod
907 979 1068 1018 sensu
1088 963 1751 1034 concupiscibileexsistit.
1770 963 1994 1031 Quando

420 1060 609 1128 itaque
634 1056 932 1113 dissimiles
959 1056 1343 1112 similitudines
1370 1056 1531 1111 rebus
1556 1056 1887 1126 spiritalibus
1912 1066 1993 1111 at-

419 1153 745 1215 tribuentes,
778 1149 1272 1219 concupiscentiam
1305 1148 1439 1219 ipsis
1467 1146 1783 1219 aﬂlngemus
1807 1189 1824 1214 ,
1853 1149 1992 1203 divi-

417 1263 521 1303 nus
547 1261 699 1301 amor
748 1243 1155 1313 intelligendus,
1205 1241 1298 1313 qui
1349 1240 1625 1296 intellectu
1674 1240 1995 1310 rationeque

418 1338 755 1409 superiorem
810 1342 955 1389 amet
992 1331 1539 1398 itntnaterialitatem,
1592 1329 1896 1399 stabileque
1925 1329 1995 1384 sit

418 1446 485 1487 ac
512 1437 769 1485 constans
799 1425 1130 1481 desiderium
1179 1422 1712 1493 superessentialiter
1752 1436 1903 1492 purae
1927 1435 1993 1477 ac

421 1519 773 1591 iinpassibilis
802 1515 1274 1586 contemplationis
1323 1522 1379 1569 et
1409 1512 1811 1569 communionis
1850 1528 1994 1569 verte

419 1613 767 1683 sempiternae
810 1624 875 1664 ac
902 1607 1186 1677 spiritalis,
1228 1605 1629 1662 sublimissima:
1660 1606 1994 1676 purissimae-

419 1719 527 1775 que
554 1703 837 1767 claritatis,
852 1711 907 1755 et
926 1699 1226 1756 infallibilis
1248 1698 1683 1769 pulchrillcaeque
1701 1697 1804 1769 15
1823 1713 1991 1753 venu-

420 1797 597 1852 statis.
633 1795 699 1849 Et
734 1793 1106 1863 impotentiam
1133 1791 1465 1860 accipiamus
1513 1791 1802 1846 infractam
1825 1791 1987 1846 animi

420 1888 845 1951 contentionem,
878 1901 998 1956 qua:
1042 1900 1072 1939 a
1127 1887 1343 1940 nemine
1391 1885 1569 1939 valeat
1619 1888 1994 1951 conquassari,

420 1988 646 2051 propter
676 1979 1072 2049 impermistum
1118 1987 1174 2032 et
1220 1977 1615 2032 immutabilem
1649 1978 1844 2033 divina:
1875 1978 1994 2048 pul-

420 2072 747 2126 cbritudinis
775 2084 1034 2130 amorem,
1068 2074 1232 2139 atque
1272 2070 1494 2123 totalem
1524 2069 1578 2122 in
1606 2068 1661 2124 id
1700 2068 1842 2138 quod
1872 2084 1998 2124 vere

420 2163 782 2233 appetendum
816 2170 921 2225 est,
956 2161 1390 2230 propensionem.
1437 2160 1580 2227 Quin
1614 2170 1669 2215 et
1717 2160 1999 2230 ipsammet

422 2254 892 2310 irrationalitatem
910 2261 967 2307 et
994 2251 1464 2307 insensibilitatem
1492 2252 1545 2305 in
1571 2250 1746 2308 brutis
1772 2253 1997 2321 quidem

426 2344 821 2411 animantibus,
866 2345 949 2399 vel
1000 2342 1246 2397 materiis
1294 2342 1634 2409 inanimatis,
1671 2345 1896 2401 rationis
1937 2358 2000 2398 ac

421 2451 617 2491 sensus
647 2436 866 2507 proprie
892 2434 1246 2503 privationem
1280 2450 1694 2505 nuncupamus;
1725 2437 1775 2490 in
1807 2437 2001 2491 imma-

422 2525 704 2581 terialibus
742 2540 870 2581 vero
906 2540 971 2581 ac
1000 2525 1339 2596 spiritalibus
1387 2526 1999 2591 naturis,eminentiam

421 2620 662 2689 ipsarum
712 2620 923 2687 (utpote
972 2618 1519 2688 supermundialium)
1561 2633 1867 2674 sermonem
1904 2635 2001 2675 no-

423 2726 597 2769 strum
616 2722 1013 2779 transeuntem,
1027 2727 1091 2768 ae
1113 2712 1473 2783 corporalem,
1489 2723 1543 2768 et
1558 2713 1916 2780 materialem,
1934 2715 2002 2770 ab

423 2806 865 2875 incorporearum
921 2804 1146 2858 istarum
1200 2806 1462 2860 mentium
1526 2819 1693 2861 sensu
1739 2806 2000 2872 alienum,

420 2911 580 2952 sacro
608 2910 830 2966 prorsus
858 2896 1019 2951 modo
1053 2896 1441 2950 transcendere
1476 2895 1817 2965 proﬁtemur.
1851 2895 2003 2952 Licet

421 2990 612 3059 itaque
660 3002 765 3042 non
819 2987 1145 3058 incongruas
1183 2988 1344 3041 rebus
1368 2986 1706 3051 coelestibus,
1740 2990 1903 3043 etiam
1936 3003 2002 3043 ex

426 3082 705 3137 vilissimis
745 3080 984 3136 materia:
1022 3081 1268 3150 partibus
1315 3080 1520 3137 formas
1561 3080 1849 3149 efﬁngere;
1877 3097 2000 3137 cum

2096 602 2337 664 λοιωτοῖς
2357 598 2613 671 ἀκρατῶς
2642 602 2997 672 ὲγγινομένην
3025 601 3419 673 προσπάθειαν,
3446 604 3543 656 καὶ
3585 605 3691 676 τὴν

2099 695 2295 763 ἄλογον
2324 694 2424 763 τῆς
2459 693 2777 765 σωματικῆς
2815 692 3046 767 ὀρέξεως
3085 695 3440 767 ἐπικράτειαν
3467 736 3482 761 ,
3537 697 3690 751 ἅπαν

2094 784 2156 839 τὸ
2168 785 2305 851 ζῶον
2317 783 2563 858 ὠθούσης
2578 788 2670 840 ἐπὶ
2684 786 2741 839 τὸ
2758 787 2876 839 κατ’
2889 786 3049 859 αίσθη
3056 804 3138 840 σιν
3150 788 3501 860 ὲπιθυμητόν.
3518 790 3692 844 Ὅταν

2092 874 2169 939 δὲ,
2187 875 2285 939 τὰς
2302 877 2585 948 ἀνομοίους
2606 876 2927 948 ὁμοιότητας
2940 879 3052 941 τοῖς
3072 893 3157 930 νοε
3166 880 3277 949 ροίς
3300 880 3689 951 περιτιθέντες,

2094 964 2392 1035 ἐπιθυμίαν
2419 965 2602 1028 αὐτοῖς
2644 965 3089 1037 περιπλάσωμεν,
3119 964 3298 1037 ἔρωτα
3345 966 3487 1019 θεῖον
3520 966 3693 1038 αὐτὴν

2096 1056 2348 1125 ἐννοῆσαι
2382 1055 2427 1086 ⁸³
2459 1055 2565 1126 χρὴ
2598 1054 2699 1124 τῆς
2728 1055 2867 1139 ὑπὲρ
2894 1053 3049 1123 λόγον
3077 1056 3170 1107 καὶ
3195 1052 3318 1108 νοῦν
3354 1054 3564 1119 ἀῦλίας,
3590 1056 3690 1109 καὶ

2094 1147 2191 1217 τὴν
2240 1146 2434 1217 ἀκλινῆ
2482 1146 2577 1198 καὶ
2626 1145 2902 1199 ἀνένδοτον
2956 1145 3144 1213 ἔφεσιν
3195 1144 3296 1215 τῆς
3345 1145 3693 1218 ὑπερουσίως

2094 1244 2267 1315 ἁγνῆς
2309 1246 2405 1298 καὶ
2440 1242 2686 1307 ἀπαθοῦς
2719 1242 2971 1314 θεωρίας,
3014 1242 3110 1296 καὶ
3154 1241 3253 1313 τῆς
3294 1242 3431 1315 πρὸς
3469 1242 3691 1314 ἐκείνην

2093 1338 2194 1408 τὴν
2254 1336 2503 1408 καθαράν
2560 1336 2654 1389 καὶ
2709 1334 3019 1405 ἀκροτάτην
3071 1333 3385 1404 διαύγειαν,
3434 1334 3530 1387 καὶ
3587 1334 3690 1405 τὴν

2094 1426 2309 1500 ἀπλανῆ
2347 1430 2393 1464 ⁸⁸
2414 1433 2511 1483 καὶ
2524 1428 2849 1487 amoma»
2902 1425 3234 1499 εὐπρέπειαν
3262 1427 3486 1490 αἰωνίας
3517 1425 3690 1489 ὅντως

2096 1518 2191 1573 καὶ
2238 1520 2434 1591 νοητῆς
2468 1519 2775 1581 κοινωνίας.
2821 1516 2932 1570 Καὶ
2973 1516 3034 1569 τὸ
3078 1514 3314 1588 ἀκρατὲς
3362 1515 3692 1585 ὲκλάϐοιμεν

2094 1614 2187 1668 ἐπὶ
2233 1612 2328 1667 τοῦ
2380 1612 2630 1667 συντόνου
2682 1610 2777 1664 καὶ
2826 1608 3362 1681 ἀνεπιστρόφου,καὶ
3402 1608 3539 1679 πρὸς
3581 1625 3692 1678 μη-

2092 1707 2242 1770 δενὸς
2288 1703 2655 1759 ὲκκόπτεσθαι
2686 1703 2731 1734 ⁸³
2760 1702 3080 1774 δυναμένου,
3118 1700 3205 1755 διά
3248 1701 3339 1753 τὸν
3386 1701 3558 1771 ἀμιγῆ
3594 1709 3695 1761 καὶ

2096 1798 2452 1854 ἀναλλοίωτον
2498 1796 2600 1867 τῆς
2646 1795 2798 1859 θείας
2862 1794 3127 1865 καλλονῆς
3180 1794 3377 1866 ἔρωτα,
3443 1794 3537 1847 καὶ
3588 1795 3696 1866 τὴν

2031 1855 2071 1909 Β
2099 1892 2286 1962 ὁλικὴν
2339 1855 2624 1944 ἀπόκλισίν
2666 1855 2866 1942 me
2914 1855 3342 1957 avzwg'teézév.
3366 1855 3545 1940 ’νΑλλά
3593 1855 3693 1938 xit

2099 1986 2267 2058 αὐτὴν
2300 1986 2399 2057 τὴν
2459 1984 2682 2052 ἀλογίαν
2716 2000 2777 2036 τε
2808 1984 2902 2036 καὶ
2938 1981 3291 2053 ἀναισθησίαν
3326 1982 3417 2034 ἐπὶ
3451 1980 3550 2051 μὲν
3580 1980 3695 2034 τῶν

2098 2079 2309 2148 ἀλόγων
2325 2076 2500 2143 ζώων,
2526 2076 2559 2148 ἢ
2578 2074 2689 2129 τῶν
2710 2074 2932 2146 ἀψύχων
2952 2073 3114 2140 ὑλῶν,
3135 2072 3387 2145 στέρησιν
3408 2072 3565 2142 λόγου
3596 2071 3696 2124 καὶ

2100 2170 2403 2241 αἰσθήσεως
2433 2168 2649 2232 οἰκείως
2681 2166 3080 2237 άποκαλοῦμεν·
3124 2166 3217 2218 ἐπὶ
3266 2166 3324 2219 δὲ
3368 2164 3476 2218 τῶν
3510 2164 3697 2219 ἀΰλων

2101 2260 2195 2314 καὶ
2231 2260 2433 2331 νοερῶν
2463 2256 2683 2323 οὐσιῶν,
2713 2254 3067 2328 ἀγιοπρεπῶς
3101 2253 3163 2308 τδ
3186 2255 3452 2327 ὑπερέχον
3485 2252 3691 2317 αὐτῶν,

2098 2354 2175 2418 ὡς
2206 2352 2611 2425 ὐπερκοσμίων,
2640 2350 3012 2422 ὁμολογοῦμεν
3055 2349 3149 2403 τοῦ
3182 2348 3303 2401 καθ’
3336 2348 3482 2418 ἡμᾶς
3525 2362 3696 2417 μετα-

2102 2445 2326 2502 ϐατικοῦ
2373 2447 2468 2499 καὶ
2512 2442 2824 2515 σωματικοῦ
2868 2442 3051 2511 λόγου,
3084 2441 3177 2495 καὶ
3220 2439 3323 2510 τῆς
3375 2439 3563 2502 ὐλαίας
3595 2441 3697 2492 καὶ

2101 2538 2385 2611 ἀλλοτρίας
2411 2536 2517 2591 τῶν
2544 2536 2849 2608 ἀσωμάτων
2882 2535 3016 2589 νόων
3046 2532 3369 2603 αἰσθήσεως.
3402 2532 3556 2585 Ἔστι
3578 2548 3697 2585 τοι·

2102 2629 2307 2703 γαροῦν
2338 2630 2437 2683 οὐκ
2470 2626 2782 2700 ἀπᾳδούσας
2803 2612 3109 2682 ἀναπλάσαι
3136 2627 3248 2687 τοῖς
3266 2623 3537 2693 οὐρανίοις
3569 2638 3702 2695 μορ.

2102 2722 2229 2794 φάς,
2254 2722 2363 2776 κάκ
2390 2721 2499 2775 τῶν
2530 2720 2873 2792 ἀτιμοτάτων
2902 2718 3006 2789 τῆς
3032 2716 3164 2789 ὕλης
3200 2716 3402 2789 μερῶν,
3431 2715 3555 2769 ἐπεὶ
3594 2718 3698 2768 καὶ

2103 2811 2263 2883 αὐτὴ,
2296 2812 2432 2883 πρὸς
2456 2811 2550 2864 τοῦ
2583 2811 2754 2874 ὅντως
2798 2808 2964 2863 καλοῦ
2994 2809 3095 2881 τὴν
3132 2807 3367 2880 ὓπαρξιν
3401 2807 3695 2877 ἐσχηκυῖα,

2104 2902 2246 2957 κατά
2276 2904 2456 2957 πᾶσαν
2498 2902 2670 2971 αὐτῆς
2698 2904 2798 2972 τὴν
2847 2900 3037 2954 ὐλαίαν
3063 2899 3421 2970 διακόσμησιν
3470 2897 3697 2967 ἀπηχή-

2109 2994 2254 3065 ματά
2283 3011 2401 3047 τινα
2448 2994 2551 3064 τῆς
2587 2994 2781 3066 νοερᾶς
2809 2991 3141 3064 εὐπρεπείας
3170 2990 3303 3060 ἔχει’
3332 2988 3426 3041 καὶ
3468 2988 3702 3041 δυνατόν

2106 3087 2222 3138 ἐστι
2250 3084 2317 3137 δι’
2349 3084 2527 3138 αὐτῶν
2563 3081 2862 3150 ἀνάγεσθαι
2906 3079 3043 3153 πρὸς
3083 3079 3182 3145 τὰς
3217 3078 3412 3140 ἀΰλους
3460 3076 3701 3147 ἀρχετυς

421 3183 475 3229 et
502 3175 639 3244 ipsa,
665 3175 829 3230 etiam
858 3173 926 3229 ab
951 3188 1015 3228 eo
1040 3172 1131 3242 qui
1163 3187 1291 3228 vere
1321 3173 1549 3243 pulcher
1592 3185 1677 3229 est
1704 3174 1996 3238 exsistens.

2106 3175 2255 3239 πίας,
2288 3174 2577 3245 ἀνομοίως,
2614 3173 2690 3237 ὡς
2726 3172 2962 3245 εἴρηται,
2990 3172 3101 3226 τῶν
3127 3171 3457 3242 ὁμοιοτήτων
3488 3167 3700 3240 ἐκλαμ-

423 3282 520 3337 per
544 3282 759 3322 omnem
809 3264 890 3320 sui
949 3264 1281 3319 tnaterialem
1324 3264 1734 3333 dispositionem
1769 3266 1996 3337 vestigia

423 3360 669 3427 quadam
715 3357 1102 3413 intellectualis
1145 3356 1344 3412 habeat
1394 3357 1723 3423 venustatis;
1779 3356 2001 3426 ﬁerique

423 3451 616 3522 possit,
665 3461 724 3505 ut
755 3466 853 3521 per
879 3464 940 3504 ea
975 3449 1043 3505 ad
1097 3448 1488 3505 immateriales
1524 3447 1729 3503 formas
1762 3446 1997 3517 primiti-

2105 3267 2439 3339 ϐανομένων,
2479 3268 2573 3320 καὶ
2614 3265 2724 3319 τῶν
2771 3265 2951 3319 αὐτῶν
2984 3265 3047 3318 οὐ
3080 3261 3312 3327 ταύτῶς,
3356 3262 3698 3332 ὲναρμονίως

2103 3364 2161 3416 δὲ
2195 3361 2290 3415 καὶ
2317 3360 2531 3421 οίκείως
2559 3356 2784 3411 ἐπὶτῶν
2814 3355 3018 3428 νοερῶν
3036 3373 3096 3409 τε
3126 3356 3221 3409 καὶ
3254 3351 3531 3424 αἰσθητῶν
3564 3353 3696 3408 ίδιο-

2102 3450 2283 3523 τήτων
2312 3448 2665 3523 ὁριζομένων.

428 3560 524 3600 vas
559 3544 916 3613 adducamur,
951 3543 1317 3609 dissimiliter,
1369 3550 1430 3597 ιιι
1487 3542 1694 3598 dictum
1734 3550 1841 3608 est,
1902 3541 2287 3601 similitudines
2337 3544 2678 3613 accipiendo,
2729 3552 2784 3597 et
2842 3542 3059 3598 easdem
3095 3557 3201 3596 non
3260 3541 3453 3598 eodem
3504 3541 3675 3599 modo

422 3638 518 3694 sed
554 3652 790 3703 congrue
821 3650 886 3691 ac
911 3635 1133 3707 proprie
1158 3635 1429 3706 spiritales
1462 3649 1527 3690 ac
1561 3634 1848 3691 sensibiles
1874 3637 2237 3709 proprietates
2269 3636 2670 3706 distinguendo.

1979 3792 2124 3865 ιν.

499 3933 624 3989 Hmc
658 3934 915 4006 mysticos
951 3933 1234 4005 theologos
1266 3950 1372 3990 non
1419 3936 1550 3991 solis
1570 3934 1871 3991 caelestium
1896 3934 2007 3990 dis-

424 4026 754 4098 positionum
806 4025 1320 4095 explanationibus,
1379 4043 1566 4081 verum
1619 4029 1785 4081 etiam
1838 4026 2005 4097 ipsis-

2179 3933 2363 3988 Ταῦτα
2423 3934 2550 3999 τοὺς
2586 3934 2883 4006 μυπικούς
2937 3933 3221 4004 θεολόγους
3270 3935 3578 4007 εὑρήσομεν
3627 3937 3695 3989 οὐ

2110 4025 2298 4096 μόναις
2343 4029 2465 4091 ταῖς
2510 4027 2620 4081 τῶν
2681 4028 2946 4101 οὐρανίων
3003 4028 3310 4098 διακόσμων
3362 4027 3696 4096 ἐκφάνσεσιν

426 4118 1075 4188 metDei-principalibus
1118 4118 1574 4174 elucidationibns
1629 4120 1731 4175 rite
1786 4135 1996 4174 accom-

2108 4116 2270 4187 ίερῶς
2300 4117 2778 4188 περιπλάττοντας,
2805 4118 2940 4173 ἀλλά
2966 4119 3060 4172 καὶ
3087 4118 3277 4180 αὐταῖς
3312 4116 3421 4171 ἐσθ’
3450 4117 3541 4169 ὅτε
3570 4120 3696 4181 ταῖς

426 4212 676 4266 modasse
733 4211 1090 4280 reperiemus.
1143 4210 1209 4264 Et
1261 4210 1547 4281 aliquando
1578 4212 1793 4282 quidem
1852 4210 1996 4266 Divi-

2106 4205 2426 4278 θεαρχικαῖς
2467 4211 2866 4283 ἐκφαντορίαις.
2916 4212 3025 4265 Καὶ
3074 4209 3202 4263 ποτὲ
3237 4208 3336 4279 μὲν
3382 4208 3551 4279 αὐτὴν
3582 4208 3697 4261 ἀπὸ

425 4305 649 4359 nitatem
686 4304 857 4374 ipsam
891 4319 920 4357 a
958 4302 1255 4356 luminibus
1301 4303 1566 4372 speciosis
1592 4302 1996 4370 concelebrant,

2104 4298 2213 4351 τῶν
2242 4302 2578 4372 φαινομένων
2617 4303 2815 4373 τιμίων
2849 4301 3128 4373 ὑμνοῦσιν,
3173 4303 3250 4364 ὡς
3291 4301 3440 4373 ἥλιον
3479 4302 3691 4355 δικαιο-

424 4397 578 4467 quasi
621 4394 804 4453 Solem
854 4393 1080 4463 iustitia:
1107 4404 1154 4459 Ρ,
1203 4394 1358 4466 quasi
1407 4393 1618 4448 stellam
1675 4395 1996 4449 matutinam

2107 4389 2291 4463 σύνης,
2322 4392 2397 4455 ὡς
2425 4393 2631 4465 ἀστέρα
2664 4394 2754 4447 τὸν
2783 4392 2917 4465 ὲῷον
2946 4394 3026 4456 είς
3054 4394 3098 4425 ⁸⁸
3128 4391 3251 4446 νοῦν
3285 4391 3445 4463 ίερῶς
3470 4391 3696 4445 ἀνατέλ-

425 4488 592 4542 menti
628 4487 898 4543 sacratius
924 4486 1291 4551 oborientem,
1327 4487 1482 4556 quasi
1512 4487 1683 4541 lucem
1716 4496 1909 4556 aperte
1939 4496 1995 4542 et

2101 4479 2272 4548 λοντα,
2307 4484 2399 4538 καὶ
2430 4485 2507 4548 ὡς
2545 4484 2662 4553 φῶς
2701 4482 3157 4554 ἀπερικαλύπτως
3190 4483 3285 4537 καί¹
3314 4481 3519 4553 νοητῶς
3550 4497 3691 4535 κατ-

424 4578 832 4648 intelligibiliter
885 4577 1186 4631 radiantem
1218 4588 1277 4644 τις
1315 4579 1639 4647 quandoque
1689 4592 1820 4633 vero
1851 4593 1880 4632 a
1919 4593 1996 4632 re-

2117 4576 2370 4645 αυγάζον·
2414 4577 2544 4629 ποτὲ
2564 4576 2639 4630 ’δὲ
2681 4577 2789 4630 ἀπὸ
2809 4576 2918 4631 τῶν
2953 4576 3153 4647 μέσων,
3186 4572 3262 4638 ὡς
3294 4572 3406 4647 πῦρ
3434 4574 3695 4640 ἀϐλαϐῶς

424 4672 523 4725 bus
558 4670 771 4735 mediis,
805 4684 954 4739 quasi
985 4671 1162 4741 ignem
1198 4670 1415 4725 innoxie
1443 4672 1731 4725 micantem
1762 4680 1807 4736 ι’,
1842 4671 1996 4740 quasi

2111 4666 2363 4735 φωτίζον,
2400 4667 2477 4729 ὡς
2516 4664 2659 4737 ὓδωρ
2695 4665 2931 4737 ζωτικῆς
2958 4664 3399 4736 ἀποπληρώσεως
3428 4666 3688 4737 χορηγὸν,

424 4778 618 4833 aquam
668 4763 849 4817 vitalis
881 4761 1234 4829 plenitudinis
1282 4761 1636 4828 collatricetn,
1676 4771 1731 4817 et
1782 4761 1996 4832 symbo-

2110 4760 2204 4811 καὶ
2232 4758 2574 4830 συμϐολικῶς
2603 4760 2798 4822 εἰπεῖν,
2830 4759 2909 4821 εις
2930 4757 3171 4830 γαστέρα
3199 4757 3564 4829 διαδυόμενον,
3592 4759 3690 4811 καὶ

426 4855 526 4908 lice
558 4853 844 4922 loquendo,
870 4862 1115 4907 ventrem
1151 4854 1550 4908 subintrantem
1577 4865 1623 4921 ³,
1660 4852 1999 4921 ﬂuminaque

425 4949 689 5019 perpetim
715 4946 935 5003 ﬂuentia
962 4950 1347 5004 scaturientem
1373 4963 1391 5003 :
1418 4962 1804 5017 nonnunquam
1831 4947 1998 5000 etiam

427 5040 495 5093 ab
531 5039 749 5105 inlimis,
786 5036 946 5108 quasi
988 5036 1244 5108 fragrans
1286 5048 1617 5109 unguentum
1651 5040 1696 5091 τ.
1730 5038 1884 5107 quasi
1918 5041 1997 5092 la-

2108 4852 2381 4922 ποταμούς
2418 4851 2712 4915 ἀναϐλύζον
2755 4851 2999 4921 ἀσχέτως
3039 4850 3427 4922 ἀπορῤέοντας·
3458 4849 3589 4901 ποτὲ
3628 4848 3687 4903 δὲ

2108 4945 2215 4998 ἀπὺ
2254 4944 2363 4998 τῶν
2393 4945 2654 5014 ἐσχάτων,
2679 4945 2756 5008 ὡς
2788 4944 2956 5016 μύρον
2992 4943 3210 5007 εὐῶδες,
3236 4942 3313 5006 ὡς
3345 4941 3487 4995 λίθον
3520 4941 3688 5013 ἀκρο-

2102 5039 2371 5105 γωνιαίον.
2412 5036 2568 5090 Ἀλλά
2609 5039 2703 5090 καὶ
2730 5035 3124 5108 θηριομορφίαν
3151 5035 3288 5104 αὐτῇ
3322 5030 3683 5103 περιτιθέασι,

427 5132 603 5194 pidem
646 5130 960 5199 angularem
995 5137 1047 5183 ιι.
1091 5130 1231 5197 Quin
1269 5130 1430 5186 etiam
1466 5130 1642 5184 ferina
1675 5144 1794 5183 eam
1823 5129 1997 5184 forma

426 5223 785 5284 circumdant,
822 5231 878 5277 et
933 5222 1105 5278 leonis
1159 5236 1224 5278 ac
1277 5220 1553 5293 panthera:
1607 5220 1998 5292 proprietatem

2099 5128 2192 5181 καὶ
2222 5128 2433 5191 λέοντος
2451 5129 2587 5200 αὐτῇ
2610 5131 2704 5181 καὶ
2728 5127 3003 5198 πάνθηρος
3028 5126 3263 5197 ἰδιότητα
3295 5123 3681 5197 περιάπτουσι,

2099 5221 2192 5274 καὶ
2212 5220 2474 5291 πάρδαλιν
2491 5220 2661 5291 αὐτὴν
2685 5218 2899 5273 ἔσεσθαί
2925 5235 3076 5289 φασι,
3100 5218 3194 5271 καὶ
3216 5216 3416 5289 ἄρκτον
3444 5216 3685 5286 ἀπορου-

499 5395 788 5526 ιδὲξειιιιοιι.
817 5410 891 5464 tv,
928 5395 983 5450 2.
1058 5393 1281 5463 sApoc.
1320 5409 1451 5461 χιιι,
1498 5394 1587 5452 16.
1682 5404 1704 5433 τ
1746 5393 1917 5449 Exod.
1972 5407 2055 5459 ιιι,
2108 5392 2163 5446 2.

430 5484 490 5533 ιι,
543 5484 635 5526 zu.

2270 5394 2478 5451 'Joan.
2536 5409 2631 5465 vn,
2686 5393 2777 5451 38.
2886 5394 3090 5450 ‘Cant.
3142 5393 3264 5458 1,2.
3396 5404 3429 5432 ιι
3474 5389 3680 5462 Ephes-

1808 5599 2042 5659 VARIE
2081 5599 2481 5658 LECTIONES.

509 5758 554 5789 “
578 5758 648 5813 M.
700 5777 803 5864 non
841 5761 1002 5817 habet
1028 5763 1215 5887 αὐτην,

509 5845 687 5887 apem;
833 5832 932 5887 Ch.
970 5834 1029 5887 D.
1063 5835 1121 5887 δ.
1197 5870 1210 5885 .

1263 5774 1360 5815 nec
1383 5760 1532 5830 quod
1575 5759 1843 5829 sequitur,
1874 5760 2031 5829 λόγον
2081 5760 2195 5813 καί.
2273 5759 2332 5830 ,⁵⁵
2370 5758 2442 5815 Μ.
2486 5767 2541 5814 et
2584 5757 2675 5815 Sc.
2726 5757 2927 5830 ἀφανῆ.
2965 5764 3016 5811 at
3045 5757 3146 5814 Cb.
3171 5756 3384 5829 ἀπλανῆ
3408 5755 3502 5809 καὶ
3528 5754 3681 5811 θείαι

442 5830 687 5896 εὐπρεπ.;
748 5831 794 5864 ⁸⁸
833 5832 932 5888 Ch.
970 5834 1029 5887 D.
1063 5835 1121 5888 Β.
1150 5828 1210 5887 Ρ.
1244 5828 1625 5896 ἐγκόπτεσθαι.
1656 5828 1667 5829 ί
1702 5830 1746 5861 ⁸⁸
1779 5847 1870 5896 γρ.
1905 5828 1999 5893 ὡς.
2272 5828 2279 5833 ’

1244 5828 1625 5903 ἐγκόπτεσθαι.
1656 5828 1667 5829 ί
1702 5830 1746 5861 ⁸⁸
1779 5847 1870 5903 γρ.
1905 5828 1999 5893 ὡς.
