  <div class='ocr_page' id='page_1' title='image "/cluster/home/n/w/nwhite01/storage/ocr_20150623/3/nnc1.0046978666/094.png"; bbox 0 0 3916 6234; ppageno 0'>
   <div class='ocr_carea' id='block_1_1' title="bbox 262 331 373 407">
    <p class='ocr_par' dir='ltr' id='par_1_1' title="bbox 262 331 373 407">
     <span class='ocr_line' id='line_1_1' title="bbox 262 331 373 407; baseline 0 -17"><span class='ocrx_word' id='word_1_1' title='bbox 262 331 373 407; x_wconf 61' lang='lat' dir='ltr'><strong>iis</strong></span> 
     </span>
    </p>
   </div>
   <div class='ocr_carea' id='block_1_2' title="bbox 899 325 2844 394">
    <p class='ocr_par' dir='ltr' id='par_1_2' title="bbox 899 325 2844 394">
     <span class='ocr_line' id='line_1_2' title="bbox 899 325 2844 394; baseline 0.003 -10"><span class='ocrx_word' id='word_1_2' title='bbox 899 328 985 385; x_wconf 85' lang='lat' dir='ltr'><strong>DE</strong></span> <span class='ocrx_word' id='word_1_3' title='bbox 1022 328 1348 388; x_wconf 75' lang='lat' dir='ltr'><strong>C(ELESTI</strong></span> <span class='ocrx_word' id='word_1_4' title='bbox 1382 329 1828 394; x_wconf 78' lang='lat' dir='ltr'><strong>HIERARCHIA,</strong></span> <span class='ocrx_word' id='word_1_5' title='bbox 1868 329 2019 387; x_wconf 86' lang='lat' dir='ltr'><strong>CAP.</strong></span> <span class='ocrx_word' id='word_1_6' title='bbox 2063 329 2128 387; x_wconf 86' lang='lat' dir='ltr'><strong>ll.</strong></span> <span class='ocrx_word' id='word_1_7' title='bbox 2159 358 2231 371; x_wconf 93' lang='lat'><strong>—</strong></span> <span class='ocrx_word' id='word_1_8' title='bbox 2262 327 2583 385; x_wconf 82' lang='lat' dir='ltr'><strong>CORDERH</strong></span> <span class='ocrx_word' id='word_1_9' title='bbox 2616 325 2844 389; x_wconf 68' lang='grc' dir='ltr'><strong>ΝΟΤᾹΕ.</strong></span> 
     </span>
    </p>
   </div>
   <div class='ocr_carea' id='block_1_3' title="bbox 3439 325 3539 381">
    <p class='ocr_par' dir='ltr' id='par_1_3' title="bbox 3439 325 3539 381">
     <span class='ocr_line' id='line_1_3' title="bbox 3439 325 3539 381; baseline -0.02 0"><span class='ocrx_word' id='word_1_10' title='bbox 3439 325 3539 381; x_wconf 73' lang='grc' dir='ltr'><strong>1ιῖ</strong></span> 
     </span>
    </p>
   </div>
   <div class='ocr_carea' id='block_1_4' title="bbox 264 434 1848 517">
    <p class='ocr_par' dir='ltr' id='par_1_4' title="bbox 264 437 1848 517">
     <span class='ocr_line' id='line_1_4' title="bbox 264 437 1848 517; baseline -0.001 -21"><span class='ocrx_word' id='word_1_11' title='bbox 264 444 456 517; x_wconf 83' lang='grc' dir='ltr'>μένην.</span> <span class='ocrx_word' id='word_1_12' title='bbox 491 441 796 515; x_wconf 79' lang='grc' dir='ltr'>Προσθήσω</span> <span class='ocrx_word' id='word_1_13' title='bbox 812 441 870 496; x_wconf 81' lang='grc' dir='ltr'><strong>δὲ</strong></span> <span class='ocrx_word' id='word_1_14' title='bbox 902 442 999 496; x_wconf 73' lang='grc' dir='ltr'>καὶ</span> <span class='ocrx_word' id='word_1_15' title='bbox 1019 441 1081 496; x_wconf 87' lang='grc' dir='ltr'>τδ</span> <span class='ocrx_word' id='word_1_16' title='bbox 1107 442 1324 496; x_wconf 83' lang='grc' dir='ltr'>πάντων</span> <span class='ocrx_word' id='word_1_17' title='bbox 1346 442 1668 515; x_wconf 67' lang='grc' dir='ltr'>ἀτιμότερον</span> <span class='ocrx_word' id='word_1_18' title='bbox 1693 437 1848 505; x_wconf 79' lang='grc' dir='ltr'>εἰναι,</span> 
     </span>
    </p>
   </div>
   <div class='ocr_carea' id='block_1_5' title="bbox 1951 434 3537 517">
    <p class='ocr_par' dir='ltr' id='par_1_5' title="bbox 1959 434 3537 510">
     <span class='ocr_line' id='line_1_5' title="bbox 1959 434 3537 510; baseline -0.003 -15"><span class='ocrx_word' id='word_1_19' title='bbox 1959 440 2391 503; x_wconf 86' lang='lat' dir='ltr'><strong>accommodant,</strong></span> <span class='ocrx_word' id='word_1_20' title='bbox 2428 451 2485 495; x_wconf 90' lang='lat' dir='ltr'><strong>et</strong></span> <span class='ocrx_word' id='word_1_21' title='bbox 2516 439 2743 510; x_wconf 88' lang='lat' dir='ltr'><strong>pardum</strong></span> <span class='ocrx_word' id='word_1_22' title='bbox 2790 438 2913 495; x_wconf 88' lang='lat' dir='ltr'><strong>fore</strong></span> <span class='ocrx_word' id='word_1_23' title='bbox 2937 434 3092 496; x_wconf 84' lang='lat' dir='ltr'><strong>aiunt</strong></span> <span class='ocrx_word' id='word_1_24' title='bbox 3122 451 3417 507; x_wconf 85' lang='lat' dir='ltr'><strong>ursnmque</strong></span> <span class='ocrx_word' id='word_1_25' title='bbox 3441 453 3537 491; x_wconf 84' lang='lat' dir='ltr'><strong>nr-</strong></span> 
     </span>
    </p>
   </div>
   <div class='ocr_carea' id='block_1_6' title="bbox 258 530 1853 604">
    <p class='ocr_par' dir='ltr' id='par_1_6' title="bbox 258 530 1853 604">
     <span class='ocr_line' id='line_1_6' title="bbox 258 530 1853 604; baseline -0.003 -16"><span class='ocrx_word' id='word_1_26' title='bbox 258 539 353 588; x_wconf 80' lang='grc' dir='ltr'>καὶ</span> <span class='ocrx_word' id='word_1_27' title='bbox 404 532 610 604; x_wconf 78' lang='grc' dir='ltr'>μᾶλλον</span> <span class='ocrx_word' id='word_1_28' title='bbox 650 532 1017 603; x_wconf 81' lang='grc' dir='ltr'>ἀπεμφαίνειν</span> <span class='ocrx_word' id='word_1_29' title='bbox 1060 533 1272 597; x_wconf 79' lang='grc' dir='ltr'><strong>δοκοῦν,</strong></span> <span class='ocrx_word' id='word_1_30' title='bbox 1307 533 1390 586; x_wconf 85' lang='grc' dir='ltr'><strong>ὃτι</strong></span> <span class='ocrx_word' id='word_1_31' title='bbox 1432 532 1526 585; x_wconf 73' lang='grc' dir='ltr'><strong>καὶ</strong></span> <span class='ocrx_word' id='word_1_32' title='bbox 1572 530 1853 601; x_wconf 81' lang='grc' dir='ltr'><strong>σκώληκος</strong></span> 
     </span>
    </p>
   </div>
   <div class='ocr_carea' id='block_1_7' title="bbox 256 622 1861 698">
    <p class='ocr_par' dir='ltr' id='par_1_7' title="bbox 256 622 1861 698">
     <span class='ocr_line' id='line_1_7' title="bbox 256 622 1861 698; baseline -0.001 -19"><span class='ocrx_word' id='word_1_33' title='bbox 256 622 399 689; x_wconf 76' lang='grc' dir='ltr'>εἶδος</span> <span class='ocrx_word' id='word_1_34' title='bbox 428 624 602 695; x_wconf 79' lang='grc' dir='ltr'>αὐτὴν</span> <span class='ocrx_word' id='word_1_35' title='bbox 646 625 810 697; x_wconf 77' lang='grc' dir='ltr'>ἑαυτῇ</span> <span class='ocrx_word' id='word_1_36' title='bbox 848 625 1340 698; x_wconf 83' lang='grc' dir='ltr'>περιπλάττουσαν,</span> <span class='ocrx_word' id='word_1_37' title='bbox 1367 626 1418 678; x_wconf 86' lang='grc' dir='ltr'><strong>οἱ</strong></span> <span class='ocrx_word' id='word_1_38' title='bbox 1457 624 1527 677; x_wconf 90' lang='grc' dir='ltr'><strong>τά</strong></span> <span class='ocrx_word' id='word_1_39' title='bbox 1553 623 1672 676; x_wconf 81' lang='grc' dir='ltr'>θεῖα</span> <span class='ocrx_word' id='word_1_40' title='bbox 1693 624 1861 677; x_wconf 77' lang='grc' dir='ltr'>δεινοὶ</span> 
     </span>
    </p>
   </div>
   <div class='ocr_carea' id='block_1_8' title="bbox 257 712 1859 789">
    <p class='ocr_par' dir='ltr' id='par_1_8' title="bbox 257 712 1859 789">
     <span class='ocr_line' id='line_1_8' title="bbox 257 712 1859 789; baseline -0.003 -19"><span class='ocrx_word' id='word_1_41' title='bbox 257 715 735 789; x_wconf 79' lang='grc' dir='ltr'>παραδεδώκασιν.</span> <span class='ocrx_word' id='word_1_42' title='bbox 769 714 927 769; x_wconf 81' lang='grc' dir='ltr'>Οὖτω</span> <span class='ocrx_word' id='word_1_43' title='bbox 972 715 1174 780; x_wconf 80' lang='grc' dir='ltr'>πάντες</span> <span class='ocrx_word' id='word_1_44' title='bbox 1210 716 1260 770; x_wconf 89' lang='grc' dir='ltr'><strong>οἰ</strong></span> <span class='ocrx_word' id='word_1_45' title='bbox 1308 715 1578 785; x_wconf 77' lang='grc' dir='ltr'>θεόσοφοι,</span> <span class='ocrx_word' id='word_1_46' title='bbox 1618 714 1713 767; x_wconf 77' lang='grc' dir='ltr'><strong>καὶ</strong></span> <span class='ocrx_word' id='word_1_47' title='bbox 1758 712 1859 783; x_wconf 84' lang='grc' dir='ltr'><strong>τῆς</strong></span> 
     </span>
    </p>
   </div>
   <div class='ocr_carea' id='block_1_9' title="bbox 256 805 1857 879">
    <p class='ocr_par' dir='ltr' id='par_1_9' title="bbox 256 805 1857 879">
     <span class='ocr_line' id='line_1_9' title="bbox 256 805 1857 879; baseline -0.001 -20"><span class='ocrx_word' id='word_1_48' title='bbox 256 808 501 879; x_wconf 74' lang='grc' dir='ltr'>κρυφίας</span> <span class='ocrx_word' id='word_1_49' title='bbox 549 808 839 870; x_wconf 77' lang='grc' dir='ltr'><strong>ἐπιπνοίας</strong></span> <span class='ocrx_word' id='word_1_50' title='bbox 884 806 1194 876; x_wconf 76' lang='grc' dir='ltr'><strong>ὑποφῆται,</strong></span> <span class='ocrx_word' id='word_1_51' title='bbox 1242 807 1352 859; x_wconf 91' lang='grc' dir='ltr'><strong>τῶν</strong></span> <span class='ocrx_word' id='word_1_52' title='bbox 1413 806 1718 861; x_wconf 83' lang='grc' dir='ltr'><strong>ἀτελέστων</strong></span> <span class='ocrx_word' id='word_1_53' title='bbox 1762 805 1857 859; x_wconf 79' lang='grc' dir='ltr'>καὶ</span> 
     </span>
    </p>
   </div>
   <div class='ocr_carea' id='block_1_10' title="bbox 254 894 1858 971">
    <p class='ocr_par' dir='ltr' id='par_1_10' title="bbox 254 894 1858 971">
     <span class='ocr_line' id='line_1_10' title="bbox 254 894 1858 971; baseline -0.003 -18"><span class='ocrx_word' id='word_1_54' title='bbox 254 900 491 971; x_wconf 75' lang='grc' dir='ltr'><strong>ἀνιέρων</strong></span> <span class='ocrx_word' id='word_1_55' title='bbox 538 900 823 970; x_wconf 75' lang='grc' dir='ltr'>ἀχράντως</span> <span class='ocrx_word' id='word_1_56' title='bbox 850 897 896 932; x_wconf 70' lang='grc' dir='ltr'><strong>’τ</strong></span> <span class='ocrx_word' id='word_1_57' title='bbox 929 897 1406 951; x_wconf 68' lang='grc' dir='ltr'>ἀπώιαπέλλουσι</span> <span class='ocrx_word' id='word_1_58' title='bbox 1445 896 1517 949; x_wconf 87' lang='grc' dir='ltr'><strong>τά</strong></span> <span class='ocrx_word' id='word_1_59' title='bbox 1551 896 1716 965; x_wconf 79' lang='grc' dir='ltr'>Ἀγια</span> <span class='ocrx_word' id='word_1_60' title='bbox 1746 894 1858 948; x_wconf 89' lang='grc' dir='ltr'><strong>τῶν</strong></span> 
     </span>
    </p>
   </div>
   <div class='ocr_carea' id='block_1_11' title="bbox 251 975 1852 1060">
    <p class='ocr_par' dir='ltr' id='par_1_11' title="bbox 251 975 1852 1060">
     <span class='ocr_line' id='line_1_11' title="bbox 251 975 1852 1060; baseline -0.004 -15"><span class='ocrx_word' id='word_1_61' title='bbox 251 993 430 1059; x_wconf 89' lang='grc' dir='ltr'>ἀγίων</span> <span class='ocrx_word' id='word_1_62' title='bbox 450 1033 466 1057; x_wconf 90' lang='grc'><strong>,</strong></span> <span class='ocrx_word' id='word_1_63' title='bbox 498 990 594 1045; x_wconf 70' lang='grc' dir='ltr'>καὶ</span> <span class='ocrx_word' id='word_1_64' title='bbox 618 975 720 1060; x_wconf 74' lang='grc' dir='ltr'>τὴν</span> <span class='ocrx_word' id='word_1_65' title='bbox 742 989 992 1059; x_wconf 86' lang='grc' dir='ltr'>ἀνόμοιον</span> <span class='ocrx_word' id='word_1_66' title='bbox 1021 986 1401 1059; x_wconf 89' lang='grc' dir='ltr'>ίεροπλαστίαν</span> <span class='ocrx_word' id='word_1_67' title='bbox 1442 986 1852 1059; x_wconf 73' lang='grc' dir='ltr'>πρεσϐεύουσιν,</span> 
     </span>
    </p>
   </div>
   <div class='ocr_carea' id='block_1_12' title="bbox 251 1077 1853 1156">
    <p class='ocr_par' dir='ltr' id='par_1_12' title="bbox 251 1077 1853 1156">
     <span class='ocr_line' id='line_1_12' title="bbox 251 1077 1853 1156; baseline -0.002 -20"><span class='ocrx_word' id='word_1_68' title='bbox 251 1085 328 1148; x_wconf 87' lang='grc' dir='ltr'>ὡς</span> <span class='ocrx_word' id='word_1_69' title='bbox 372 1086 515 1156; x_wconf 84' lang='grc' dir='ltr'>μήτε</span> <span class='ocrx_word' id='word_1_70' title='bbox 543 1084 614 1137; x_wconf 87' lang='grc' dir='ltr'><strong>τά</strong></span> <span class='ocrx_word' id='word_1_71' title='bbox 641 1083 759 1137; x_wconf 84' lang='grc' dir='ltr'>θεῖα</span> <span class='ocrx_word' id='word_1_72' title='bbox 786 1085 903 1146; x_wconf 87' lang='grc' dir='ltr'>τοῖς</span> <span class='ocrx_word' id='word_1_73' title='bbox 932 1082 1181 1153; x_wconf 79' lang='grc' dir='ltr'><strong>βεὸήλοις</strong></span> <span class='ocrx_word' id='word_1_74' title='bbox 1204 1082 1503 1155; x_wconf 82' lang='grc' dir='ltr'>εὐχείρωτα</span> <span class='ocrx_word' id='word_1_75' title='bbox 1529 1077 1687 1140; x_wconf 77' lang='grc' dir='ltr'>εἶναι.</span> <span class='ocrx_word' id='word_1_76' title='bbox 1716 1082 1853 1152; x_wconf 86' lang='grc' dir='ltr'>μήτε</span> 
     </span>
    </p>
   </div>
   <div class='ocr_carea' id='block_1_13' title="bbox 247 1172 1852 1246">
    <p class='ocr_par' dir='ltr' id='par_1_13' title="bbox 247 1172 1852 1246">
     <span class='ocr_line' id='line_1_13' title="bbox 247 1172 1852 1246; baseline -0.001 -19"><span class='ocrx_word' id='word_1_77' title='bbox 247 1176 381 1238; x_wconf 76' lang='grc' dir='ltr'>τοὺς</span> <span class='ocrx_word' id='word_1_78' title='bbox 418 1175 530 1227; x_wconf 89' lang='grc' dir='ltr'><strong>τῶν</strong></span> <span class='ocrx_word' id='word_1_79' title='bbox 573 1175 737 1246; x_wconf 78' lang='grc' dir='ltr'>ιερῶν</span> <span class='ocrx_word' id='word_1_80' title='bbox 781 1173 1111 1243; x_wconf 82' lang='grc' dir='ltr'><strong>ἀγαλμάτων</strong></span> <span class='ocrx_word' id='word_1_81' title='bbox 1155 1172 1569 1245; x_wconf 78' lang='grc' dir='ltr'>φιλοθεάμονας,</span> <span class='ocrx_word' id='word_1_82' title='bbox 1610 1174 1687 1237; x_wconf 86' lang='grc' dir='ltr'><strong>ὠς</strong></span> <span class='ocrx_word' id='word_1_83' title='bbox 1717 1173 1852 1243; x_wconf 87' lang='grc' dir='ltr'>ἀλη-</span> 
     </span>
    </p>
   </div>
   <div class='ocr_carea' id='block_1_14' title="bbox 249 1264 1851 1353">
    <p class='ocr_par' dir='ltr' id='par_1_14' title="bbox 249 1264 1851 1353">
     <span class='ocr_line' id='line_1_14' title="bbox 249 1264 1851 1353; baseline -0.001 -34"><span class='ocrx_word' id='word_1_84' title='bbox 249 1265 403 1319; x_wconf 79' lang='grc' dir='ltr'>θέσιν</span> <span class='ocrx_word' id='word_1_85' title='bbox 432 1267 786 1337; x_wconf 81' lang='grc' dir='ltr'>ὲναπομεῖναι</span> <span class='ocrx_word' id='word_1_86' title='bbox 815 1265 860 1297; x_wconf 80' lang='grc'><strong>⁸⁸</strong></span> <span class='ocrx_word' id='word_1_87' title='bbox 892 1267 1007 1329; x_wconf 79' lang='grc' dir='ltr'>τοῖς</span> <span class='ocrx_word' id='word_1_88' title='bbox 1060 1264 1276 1329; x_wconf 84' lang='grc' dir='ltr'><strong>τύποις·</strong></span> <span class='ocrx_word' id='word_1_89' title='bbox 1311 1268 1404 1319; x_wconf 78' lang='grc' dir='ltr'>καὶ</span> <span class='ocrx_word' id='word_1_90' title='bbox 1444 1265 1586 1353; x_wconf 47' lang='grc' dir='ltr'>ὅκστε</span> <span class='ocrx_word' id='word_1_91' title='bbox 1614 1264 1685 1319; x_wconf 90' lang='grc' dir='ltr'><strong>τά</strong></span> <span class='ocrx_word' id='word_1_92' title='bbox 1732 1264 1851 1318; x_wconf 86' lang='grc' dir='ltr'>θεῖα</span> 
     </span>
    </p>
   </div>
   <div class='ocr_carea' id='block_1_15' title="bbox 246 1356 1850 1430">
    <p class='ocr_par' dir='ltr' id='par_1_15' title="bbox 246 1356 1850 1430">
     <span class='ocr_line' id='line_1_15' title="bbox 246 1356 1850 1430; baseline 0.001 -19"><span class='ocrx_word' id='word_1_93' title='bbox 246 1358 523 1429; x_wconf 81' lang='grc' dir='ltr'>τιμᾶσθαι</span> <span class='ocrx_word' id='word_1_94' title='bbox 546 1362 666 1421; x_wconf 81' lang='grc' dir='ltr'>ταῖς</span> <span class='ocrx_word' id='word_1_95' title='bbox 706 1356 964 1429; x_wconf 77' lang='grc' dir='ltr'><strong>ἀληθέσιν</strong></span> <span class='ocrx_word' id='word_1_96' title='bbox 996 1358 1327 1427; x_wconf 80' lang='grc' dir='ltr'><strong>ἀποφάσεσι,</strong></span> <span class='ocrx_word' id='word_1_97' title='bbox 1350 1358 1445 1411; x_wconf 72' lang='grc' dir='ltr'>καὶ</span> <span class='ocrx_word' id='word_1_98' title='bbox 1477 1360 1597 1422; x_wconf 86' lang='grc' dir='ltr'>ταῖς</span> <span class='ocrx_word' id='word_1_99' title='bbox 1628 1359 1762 1430; x_wconf 81' lang='grc' dir='ltr'>πρὸς</span> <span class='ocrx_word' id='word_1_100' title='bbox 1781 1360 1850 1413; x_wconf 89' lang='grc' dir='ltr'><strong>τά</strong></span> 
     </span>
    </p>
   </div>
   <div class='ocr_carea' id='block_1_16' title="bbox 246 1450 1849 1529">
    <p class='ocr_par' dir='ltr' id='par_1_16' title="bbox 246 1450 1849 1529">
     <span class='ocr_line' id='line_1_16' title="bbox 246 1450 1849 1529; baseline 0 -26"><span class='ocrx_word' id='word_1_101' title='bbox 246 1451 459 1529; x_wconf 68' lang='grc' dir='ltr'>ἔσχατα</span> <span class='ocrx_word' id='word_1_102' title='bbox 486 1451 597 1503; x_wconf 90' lang='grc' dir='ltr'><strong>τῶν</strong></span> <span class='ocrx_word' id='word_1_103' title='bbox 634 1451 850 1504; x_wconf 86' lang='grc' dir='ltr'>οἰκείων</span> <span class='ocrx_word' id='word_1_104' title='bbox 880 1450 1260 1522; x_wconf 85' lang='grc' dir='ltr'>ἀπηχημάτων</span> <span class='ocrx_word' id='word_1_105' title='bbox 1289 1452 1553 1522; x_wconf 81' lang='grc' dir='ltr'>ἐτεροίαις</span> <span class='ocrx_word' id='word_1_106' title='bbox 1575 1450 1849 1521; x_wconf 78' lang='grc' dir='ltr'>ἀφομοιώ-</span> 
     </span>
    </p>
   </div>
   <div class='ocr_carea' id='block_1_17' title="bbox 247 1538 1847 1623">
    <p class='ocr_par' dir='ltr' id='par_1_17' title="bbox 247 1538 1847 1623">
     <span class='ocr_line' id='line_1_17' title="bbox 247 1538 1847 1623; baseline 0 -27"><span class='ocrx_word' id='word_1_107' title='bbox 247 1543 624 1623; x_wconf 44' lang='grc' dir='ltr'>σεσεξυύδὲν</span> <span class='ocrx_word' id='word_1_108' title='bbox 656 1538 747 1598; x_wconf 78' lang='grc' dir='ltr'><strong>οὖν</strong></span> <span class='ocrx_word' id='word_1_109' title='bbox 780 1544 1000 1608; x_wconf 80' lang='grc' dir='ltr'>ἄτοπον,</span> <span class='ocrx_word' id='word_1_110' title='bbox 1026 1545 1075 1595; x_wconf 88' lang='grc' dir='ltr'><strong>εἰ</strong></span> <span class='ocrx_word' id='word_1_111' title='bbox 1110 1543 1203 1595; x_wconf 78' lang='grc' dir='ltr'>καὶ</span> <span class='ocrx_word' id='word_1_112' title='bbox 1233 1540 1332 1606; x_wconf 85' lang='grc' dir='ltr'>τὰς</span> <span class='ocrx_word' id='word_1_113' title='bbox 1368 1541 1625 1613; x_wconf 76' lang='grc' dir='ltr'><strong>οὐρανίας</strong></span> <span class='ocrx_word' id='word_1_114' title='bbox 1660 1544 1847 1606; x_wconf 84' lang='grc' dir='ltr'>οὐσίας</span> 
     </span>
    </p>
   </div>
   <div class='ocr_carea' id='block_1_18' title="bbox 244 1634 1844 1706">
    <p class='ocr_par' dir='ltr' id='par_1_18' title="bbox 244 1634 1844 1706">
     <span class='ocr_line' id='line_1_18' title="bbox 244 1634 1844 1706; baseline -0.003 -15"><span class='ocrx_word' id='word_1_115' title='bbox 244 1636 311 1691; x_wconf 71' lang='grc' dir='ltr'>ἐκ</span> <span class='ocrx_word' id='word_1_116' title='bbox 358 1635 474 1690; x_wconf 87' lang='grc' dir='ltr'><strong>τῶν</strong></span> <span class='ocrx_word' id='word_1_117' title='bbox 522 1635 988 1706; x_wconf 82' lang='grc' dir='ltr'>ἀπεμφαινουσῶν</span> <span class='ocrx_word' id='word_1_118' title='bbox 1033 1634 1302 1705; x_wconf 84' lang='grc' dir='ltr'>ἀνομοίων</span> <span class='ocrx_word' id='word_1_119' title='bbox 1331 1636 1667 1706; x_wconf 76' lang='grc' dir='ltr'><strong>ὁμοιοτήτων</strong></span> <span class='ocrx_word' id='word_1_120' title='bbox 1712 1636 1844 1688; x_wconf 90' lang='grc' dir='ltr'>ἀνα-</span> 
     </span>
    </p>
   </div>
   <div class='ocr_carea' id='block_1_19' title="bbox 245 1726 1842 1799">
    <p class='ocr_par' dir='ltr' id='par_1_19' title="bbox 245 1726 1842 1799">
     <span class='ocr_line' id='line_1_19' title="bbox 245 1726 1842 1799; baseline -0.004 -19"><span class='ocrx_word' id='word_1_121' title='bbox 245 1728 569 1789; x_wconf 81' lang='grc' dir='ltr'>πλάττουσι,</span> <span class='ocrx_word' id='word_1_122' title='bbox 624 1726 767 1779; x_wconf 87' lang='grc' dir='ltr'><strong>κατά</strong></span> <span class='ocrx_word' id='word_1_123' title='bbox 809 1726 908 1790; x_wconf 82' lang='grc' dir='ltr'>τὰς</span> <span class='ocrx_word' id='word_1_124' title='bbox 958 1728 1253 1799; x_wconf 78' lang='grc' dir='ltr'><strong>εἰρημένας</strong></span> <span class='ocrx_word' id='word_1_125' title='bbox 1293 1727 1491 1790; x_wconf 68' lang='grc' dir='ltr'>αἰτίας</span> <span class='ocrx_word' id='word_1_126' title='bbox 1533 1727 1595 1779; x_wconf 83' lang='grc' dir='ltr'>οὐ</span> <span class='ocrx_word' id='word_1_127' title='bbox 1643 1726 1751 1799; x_wconf 83' lang='grc' dir='ltr'><strong>γὰρ</strong></span> <span class='ocrx_word' id='word_1_128' title='bbox 1796 1727 1842 1759; x_wconf 74' lang='grc'><strong><em>⁸³</em></strong></span> 
     </span>
    </p>
   </div>
   <div class='ocr_carea' id='block_1_20' title="bbox 244 1814 1849 1889">
    <p class='ocr_par' dir='ltr' id='par_1_20' title="bbox 244 1814 1849 1889">
     <span class='ocr_line' id='line_1_20' title="bbox 244 1814 1849 1889; baseline 0 -19"><span class='ocrx_word' id='word_1_129' title='bbox 244 1814 311 1870; x_wconf 76' lang='grc' dir='ltr'>ἂν</span> <span class='ocrx_word' id='word_1_130' title='bbox 342 1816 480 1878; x_wconf 85' lang='grc' dir='ltr'>ῐσως</span> <span class='ocrx_word' id='word_1_131' title='bbox 509 1814 631 1867; x_wconf 79' lang='grc' dir='ltr'><strong>οὐδὲ</strong></span> <span class='ocrx_word' id='word_1_132' title='bbox 662 1816 843 1885; x_wconf 78' lang='grc' dir='ltr'>ἡμεῖς,</span> <span class='ocrx_word' id='word_1_133' title='bbox 872 1816 953 1878; x_wconf 86' lang='grc' dir='ltr'><strong>εἰς</strong></span> <span class='ocrx_word' id='word_1_134' title='bbox 984 1816 1208 1888; x_wconf 73' lang='grc' dir='ltr'>ζήτησιν</span> <span class='ocrx_word' id='word_1_135' title='bbox 1252 1817 1351 1887; x_wconf 82' lang='grc' dir='ltr'>μὲν</span> <span class='ocrx_word' id='word_1_136' title='bbox 1376 1815 1437 1882; x_wconf 80' lang='grc' dir='ltr'>ὲξ</span> <span class='ocrx_word' id='word_1_137' title='bbox 1476 1817 1726 1889; x_wconf 88' lang='grc' dir='ltr'>ἀπορίας,</span> <span class='ocrx_word' id='word_1_138' title='bbox 1768 1819 1849 1882; x_wconf 88' lang='grc' dir='ltr'><strong>εἰς</strong></span> 
     </span>
    </p>
   </div>
   <div class='ocr_carea' id='block_1_21' title="bbox 242 1905 1849 1982">
    <p class='ocr_par' dir='ltr' id='par_1_21' title="bbox 242 1905 1849 1982">
     <span class='ocr_line' id='line_1_21' title="bbox 242 1905 1849 1982; baseline 0.002 -23"><span class='ocrx_word' id='word_1_139' title='bbox 242 1906 544 1977; x_wconf 79' lang='grc' dir='ltr'>ἀναγωγὴν</span> <span class='ocrx_word' id='word_1_140' title='bbox 571 1907 618 1938; x_wconf 84' lang='grc'>⁷⁰</span> <span class='ocrx_word' id='word_1_141' title='bbox 641 1906 698 1960; x_wconf 81' lang='grc' dir='ltr'><strong>δὲ</strong></span> <span class='ocrx_word' id='word_1_142' title='bbox 726 1905 814 1960; x_wconf 82' lang='grc' dir='ltr'>διὰ</span> <span class='ocrx_word' id='word_1_143' title='bbox 849 1906 953 1976; x_wconf 80' lang='grc' dir='ltr'>τῆς</span> <span class='ocrx_word' id='word_1_144' title='bbox 996 1906 1259 1978; x_wconf 77' lang='grc' dir='ltr'>ἀκριϐοῦς</span> <span class='ocrx_word' id='word_1_145' title='bbox 1282 1908 1392 1963; x_wconf 92' lang='grc' dir='ltr'><strong>τῶν</strong></span> <span class='ocrx_word' id='word_1_146' title='bbox 1429 1908 1590 1980; x_wconf 79' lang='grc' dir='ltr'>ιερῶν</span> <span class='ocrx_word' id='word_1_147' title='bbox 1622 1909 1849 1982; x_wconf 79' lang='grc' dir='ltr'>ἐρεύνης</span> 
     </span>
    </p>
   </div>
   <div class='ocr_carea' id='block_1_22' title="bbox 243 1995 1850 2073">
    <p class='ocr_par' dir='ltr' id='par_1_22' title="bbox 243 1995 1850 2073">
     <span class='ocr_line' id='line_1_22' title="bbox 243 1995 1850 2073; baseline 0.003 -23"><span class='ocrx_word' id='word_1_148' title='bbox 243 1995 635 2070; x_wconf 74' lang='grc' dir='ltr'>ἐληλύθειμεν,</span> <span class='ocrx_word' id='word_1_149' title='bbox 660 1998 709 2050; x_wconf 88' lang='grc' dir='ltr'><strong>εἰ</strong></span> <span class='ocrx_word' id='word_1_150' title='bbox 748 1997 821 2072; x_wconf 79' lang='grc' dir='ltr'><strong>μὴ</strong></span> <span class='ocrx_word' id='word_1_151' title='bbox 860 1997 923 2052; x_wconf 81' lang='grc' dir='ltr'>τὸ</span> <span class='ocrx_word' id='word_1_152' title='bbox 960 1997 1200 2061; x_wconf 82' lang='grc' dir='ltr'>δυσειδὲς</span> <span class='ocrx_word' id='word_1_153' title='bbox 1239 2001 1388 2071; x_wconf 76' lang='grc' dir='ltr'><strong>ἡμᾶς</strong></span> <span class='ocrx_word' id='word_1_154' title='bbox 1430 1999 1722 2073; x_wconf 81' lang='grc' dir='ltr'>ὲξετάραξε</span> <span class='ocrx_word' id='word_1_155' title='bbox 1749 2004 1850 2073; x_wconf 82' lang='grc' dir='ltr'>τῆς</span> 
     </span>
    </p>
   </div>
   <div class='ocr_carea' id='block_1_23' title="bbox 240 2091 1849 2169">
    <p class='ocr_par' dir='ltr' id='par_1_23' title="bbox 240 2091 1849 2169">
     <span class='ocr_line' id='line_1_23' title="bbox 240 2091 1849 2169; baseline 0.004 -26"><span class='ocrx_word' id='word_1_156' title='bbox 240 2091 350 2144; x_wconf 89' lang='grc' dir='ltr'><strong>τῶν</strong></span> <span class='ocrx_word' id='word_1_157' title='bbox 375 2091 633 2160; x_wconf 82' lang='grc' dir='ltr'>ἀγγέλων</span> <span class='ocrx_word' id='word_1_158' title='bbox 670 2092 1005 2163; x_wconf 73' lang='grc' dir='ltr'>ὲκφαντικῆς</span> <span class='ocrx_word' id='word_1_159' title='bbox 1034 2091 1409 2158; x_wconf 84' lang='grc' dir='ltr'>ἀναπλάσεως,</span> <span class='ocrx_word' id='word_1_160' title='bbox 1436 2095 1537 2148; x_wconf 78' lang='grc' dir='ltr'>οὐκ</span> <span class='ocrx_word' id='word_1_161' title='bbox 1563 2095 1668 2148; x_wconf 79' lang='grc' dir='ltr'>ἐῶν</span> <span class='ocrx_word' id='word_1_162' title='bbox 1690 2095 1849 2169; x_wconf 77' lang='grc' dir='ltr'>ἡμῶν</span> 
     </span>
    </p>
   </div>
   <div class='ocr_carea' id='block_1_24' title="bbox 242 2183 1827 2259">
    <p class='ocr_par' dir='ltr' id='par_1_24' title="bbox 242 2183 1827 2259">
     <span class='ocr_line' id='line_1_24' title="bbox 242 2183 1827 2259; baseline 0.004 -25"><span class='ocrx_word' id='word_1_163' title='bbox 242 2183 334 2235; x_wconf 67' lang='grc' dir='ltr'><strong>τὸν</strong></span> <span class='ocrx_word' id='word_1_164' title='bbox 360 2183 493 2236; x_wconf 88' lang='grc' dir='ltr'>νοῦν</span> <span class='ocrx_word' id='word_1_165' title='bbox 529 2184 885 2255; x_wconf 76' lang='grc' dir='ltr'>ὲναπομεῖναι</span> <span class='ocrx_word' id='word_1_166' title='bbox 909 2187 1033 2250; x_wconf 75' lang='grc' dir='ltr'>ταῖς</span> <span class='ocrx_word' id='word_1_167' title='bbox 1062 2186 1399 2259; x_wconf 71' lang='grc' dir='ltr'>ἀπᾳδούσαις</span> <span class='ocrx_word' id='word_1_168' title='bbox 1445 2188 1827 2259; x_wconf 85' lang='grc' dir='ltr'>μορφοποιίαις</span> 
     </span>
    </p>
   </div>
   <div class='ocr_carea' id='block_1_25' title="bbox 244 2247 1846 2349">
    <p class='ocr_par' dir='ltr' id='par_1_25' title="bbox 244 2247 1846 2349">
     <span class='ocr_line' id='line_1_25' title="bbox 244 2247 1846 2349; baseline 0.001 -20"><span class='ocrx_word' id='word_1_169' title='bbox 394 2273 647 2346; x_wconf 74' lang='grc' dir='ltr'>ὲρεθίζον</span> <span class='ocrx_word' id='word_1_170' title='bbox 676 2247 1073 2331; x_wconf 72' lang='grc' dir='ltr'>ἀπαναίνεσθαι</span> <span class='ocrx_word' id='word_1_171' title='bbox 1105 2247 1206 2341; x_wconf 80' lang='grc' dir='ltr'>τάς</span> <span class='ocrx_word' id='word_1_172' title='bbox 1232 2247 1425 2340; x_wconf 82' lang='grc' dir='ltr'>ύλικάς</span> <span class='ocrx_word' id='word_1_173' title='bbox 1445 2247 1846 2349; x_wconf 45' lang='grc' dir='ltr'>’προσπαθείαςζ</span> 
     </span>
    </p>
   </div>
   <div class='ocr_carea' id='block_1_26' title="bbox 245 2368 1849 2444">
    <p class='ocr_par' dir='ltr' id='par_1_26' title="bbox 245 2368 1849 2444">
     <span class='ocr_line' id='line_1_26' title="bbox 245 2368 1849 2444; baseline 0.004 -24"><span class='ocrx_word' id='word_1_174' title='bbox 245 2368 337 2421; x_wconf 76' lang='grc' dir='ltr'>καὶ</span> <span class='ocrx_word' id='word_1_175' title='bbox 367 2368 696 2439; x_wconf 77' lang='grc' dir='ltr'>προσεθίζον</span> <span class='ocrx_word' id='word_1_176' title='bbox 734 2370 1297 2442; x_wconf 78' lang='grc' dir='ltr'>ίερῶς-ἀνατείνεσθαι</span> <span class='ocrx_word' id='word_1_177' title='bbox 1330 2372 1419 2427; x_wconf 83' lang='grc' dir='ltr'><strong>διὰ</strong></span> <span class='ocrx_word' id='word_1_178' title='bbox 1449 2373 1559 2427; x_wconf 87' lang='grc' dir='ltr'><strong>τῶν</strong></span> <span class='ocrx_word' id='word_1_179' title='bbox 1590 2372 1849 2444; x_wconf 83' lang='grc' dir='ltr'>φαινομέ-</span> 
     </span>
    </p>
   </div>
   <div class='ocr_carea' id='block_1_27' title="bbox 243 2461 1847 2537">
    <p class='ocr_par' dir='ltr' id='par_1_27' title="bbox 243 2461 1847 2537">
     <span class='ocr_line' id='line_1_27' title="bbox 243 2461 1847 2537; baseline 0.005 -26"><span class='ocrx_word' id='word_1_180' title='bbox 243 2476 349 2512; x_wconf 89' lang='grc' dir='ltr'><strong>νων</strong></span> <span class='ocrx_word' id='word_1_181' title='bbox 382 2461 477 2515; x_wconf 73' lang='grc' dir='ltr'><strong>ἐπὶ</strong></span> <span class='ocrx_word' id='word_1_182' title='bbox 512 2461 615 2525; x_wconf 78' lang='grc' dir='ltr'><strong>τὰς</strong></span> <span class='ocrx_word' id='word_1_183' title='bbox 658 2464 1066 2535; x_wconf 83' lang='grc' dir='ltr'>ύπερκοσμίους</span> <span class='ocrx_word' id='word_1_184' title='bbox 1099 2466 1407 2534; x_wconf 85' lang='grc' dir='ltr'>ἀναγωγάς.</span> <span class='ocrx_word' id='word_1_185' title='bbox 1458 2464 1706 2519; x_wconf 88' lang='grc' dir='ltr'>Τοσαῦτα</span> <span class='ocrx_word' id='word_1_186' title='bbox 1749 2466 1847 2537; x_wconf 84' lang='grc' dir='ltr'>μὲν</span> 
     </span>
    </p>
   </div>
   <div class='ocr_carea' id='block_1_28' title="bbox 244 2550 1847 2625">
    <p class='ocr_par' dir='ltr' id='par_1_28' title="bbox 244 2550 1847 2625">
     <span class='ocr_line' id='line_1_28' title="bbox 244 2550 1847 2625; baseline 0.007 -23"><span class='ocrx_word' id='word_1_187' title='bbox 244 2550 378 2619; x_wconf 78' lang='grc' dir='ltr'>ἡμῖν</span> <span class='ocrx_word' id='word_1_188' title='bbox 406 2552 653 2622; x_wconf 80' lang='grc' dir='ltr'>εἰρήσθω</span> <span class='ocrx_word' id='word_1_189' title='bbox 680 2553 768 2606; x_wconf 81' lang='grc' dir='ltr'>διὰ</span> <span class='ocrx_word' id='word_1_190' title='bbox 800 2553 901 2617; x_wconf 81' lang='grc' dir='ltr'><strong>τάς</strong></span> <span class='ocrx_word' id='word_1_191' title='bbox 929 2554 1121 2619; x_wconf 81' lang='grc' dir='ltr'>ὑλικὰς</span> <span class='ocrx_word' id='word_1_192' title='bbox 1142 2556 1235 2608; x_wconf 72' lang='grc' dir='ltr'><strong>καί⁵</strong></span> <span class='ocrx_word' id='word_1_193' title='bbox 1262 2556 1713 2625; x_wconf 83' lang='grc' dir='ltr'>ἀπεμφαινούσας</span> <span class='ocrx_word' id='word_1_194' title='bbox 1737 2558 1847 2613; x_wconf 90' lang='grc' dir='ltr'><strong>τῶν</strong></span> 
     </span>
    </p>
   </div>
   <div class='ocr_carea' id='block_1_29' title="bbox 246 2641 1845 2722">
    <p class='ocr_par' dir='ltr' id='par_1_29' title="bbox 246 2641 1845 2722">
     <span class='ocr_line' id='line_1_29' title="bbox 246 2641 1845 2722; baseline 0.006 -28"><span class='ocrx_word' id='word_1_195' title='bbox 246 2641 408 2713; x_wconf 84' lang='grc' dir='ltr'>ἰερῶν</span> <span class='ocrx_word' id='word_1_196' title='bbox 456 2641 657 2711; x_wconf 86' lang='grc' dir='ltr'>λογίων</span> <span class='ocrx_word' id='word_1_197' title='bbox 711 2646 1076 2713; x_wconf 82' lang='grc' dir='ltr'>ἀγγελοειδεῖς</span> <span class='ocrx_word' id='word_1_198' title='bbox 1118 2648 1558 2718; x_wconf 68' lang='grc' dir='ltr'>είκονογραφίαςο</span> <span class='ocrx_word' id='word_1_199' title='bbox 1617 2649 1744 2722; x_wconf 80' lang='grc' dir='ltr'>ἑξῆς</span> <span class='ocrx_word' id='word_1_200' title='bbox 1788 2650 1845 2706; x_wconf 83' lang='grc' dir='ltr'><strong>δὲ</strong></span> 
     </span>
    </p>
   </div>
   <div class='ocr_carea' id='block_1_30' title="bbox 243 2732 1846 2811">
    <p class='ocr_par' dir='ltr' id='par_1_30' title="bbox 243 2732 1846 2811">
     <span class='ocr_line' id='line_1_30' title="bbox 243 2732 1846 2811; baseline 0.006 -26"><span class='ocrx_word' id='word_1_201' title='bbox 243 2733 617 2802; x_wconf 69' lang='grc' dir='ltr'>ἀφορίσασθαι</span> <span class='ocrx_word' id='word_1_202' title='bbox 659 2735 786 2807; x_wconf 84' lang='grc' dir='ltr'>χρὴ,</span> <span class='ocrx_word' id='word_1_203' title='bbox 825 2736 877 2789; x_wconf 78' lang='grc' dir='ltr'><strong>τί</strong></span> <span class='ocrx_word' id='word_1_204' title='bbox 910 2737 1007 2807; x_wconf 81' lang='grc' dir='ltr'>μὲν</span> <span class='ocrx_word' id='word_1_205' title='bbox 1053 2735 1222 2808; x_wconf 74' lang='grc' dir='ltr'>αὐτὴν</span> <span class='ocrx_word' id='word_1_206' title='bbox 1259 2732 1521 2807; x_wconf 81' lang='grc' dir='ltr'>εἶναιτὴν</span> <span class='ocrx_word' id='word_1_207' title='bbox 1566 2739 1846 2811; x_wconf 87' lang='grc' dir='ltr'>ίεραρχίαν</span> 
     </span>
    </p>
   </div>
   <div class='ocr_carea' id='block_1_31' title="bbox 242 2825 1847 2901">
    <p class='ocr_par' dir='ltr' id='par_1_31' title="bbox 242 2825 1847 2901">
     <span class='ocr_line' id='line_1_31' title="bbox 242 2825 1847 2901; baseline 0.006 -24"><span class='ocrx_word' id='word_1_208' title='bbox 242 2825 497 2895; x_wconf 87' lang='grc' dir='ltr'>οίὸμεθα·</span> <span class='ocrx_word' id='word_1_209' title='bbox 535 2826 591 2878; x_wconf 89' lang='grc' dir='ltr'><strong>τί</strong></span> <span class='ocrx_word' id='word_1_210' title='bbox 626 2826 680 2880; x_wconf 85' lang='grc' dir='ltr'><strong>δὲ</strong></span> <span class='ocrx_word' id='word_1_211' title='bbox 709 2828 847 2899; x_wconf 83' lang='grc' dir='ltr'>πρὸς</span> <span class='ocrx_word' id='word_1_212' title='bbox 884 2829 1056 2899; x_wconf 76' lang='grc' dir='ltr'>αὐτῆς</span> <span class='ocrx_word' id='word_1_213' title='bbox 1095 2828 1378 2901; x_wconf 85' lang='grc' dir='ltr'>ίεραρχίας</span> <span class='ocrx_word' id='word_1_214' title='bbox 1413 2829 1692 2884; x_wconf 83' lang='grc' dir='ltr'>ὀνίνασθαι</span> <span class='ocrx_word' id='word_1_215' title='bbox 1719 2833 1847 2896; x_wconf 85' lang='grc' dir='ltr'>τοὺς</span> 
     </span>
    </p>
   </div>
   <div class='ocr_carea' id='block_1_32' title="bbox 1963 529 3537 598">
    <p class='ocr_par' dir='ltr' id='par_1_32' title="bbox 1963 529 3537 598">
     <span class='ocr_line' id='line_1_32' title="bbox 1963 529 3537 598; baseline -0.004 -10"><span class='ocrx_word' id='word_1_216' title='bbox 1963 536 2091 589; x_wconf 91' lang='lat' dir='ltr'><strong>bum</strong></span> <span class='ocrx_word' id='word_1_217' title='bbox 2128 534 2323 588; x_wconf 97' lang='lat' dir='ltr'><strong>catulis</strong></span> <span class='ocrx_word' id='word_1_218' title='bbox 2357 532 2713 588; x_wconf 75' lang='lat' dir='ltr'><strong>ferocientem</strong></span> <span class='ocrx_word' id='word_1_219' title='bbox 2738 539 2789 587; x_wconf 80' lang='grc' dir='ltr'><strong>ν.</strong></span> <span class='ocrx_word' id='word_1_220' title='bbox 2824 530 3036 585; x_wconf 81' lang='lat' dir='ltr'><strong>Addam</strong></span> <span class='ocrx_word' id='word_1_221' title='bbox 3067 529 3233 585; x_wconf 87' lang='lat' dir='ltr'><strong>etiam</strong></span> <span class='ocrx_word' id='word_1_222' title='bbox 3273 530 3415 598; x_wconf 89' lang='lat' dir='ltr'><strong>quod</strong></span> <span class='ocrx_word' id='word_1_223' title='bbox 3442 530 3537 582; x_wconf 82' lang='lat' dir='ltr'><strong>ab-</strong></span> 
     </span>
    </p>
   </div>
   <div class='ocr_carea' id='block_1_33' title="bbox 1955 621 3533 697">
    <p class='ocr_par' dir='ltr' id='par_1_33' title="bbox 1955 621 3533 697">
     <span class='ocr_line' id='line_1_33' title="bbox 1955 621 3533 697; baseline -0.004 -16"><span class='ocrx_word' id='word_1_224' title='bbox 1955 626 2314 697; x_wconf 88' lang='lat' dir='ltr'><strong>jectissimum</strong></span> <span class='ocrx_word' id='word_1_225' title='bbox 2366 624 2605 680; x_wconf 93' lang='lat' dir='ltr'><strong>omnium</strong></span> <span class='ocrx_word' id='word_1_226' title='bbox 2660 622 3215 690; x_wconf 85' lang='lat' dir='ltr'><strong>absurdissimumque</strong></span> <span class='ocrx_word' id='word_1_227' title='bbox 3278 621 3533 675; x_wconf 87' lang='lat' dir='ltr'><strong>videtur:</strong></span> 
     </span>
    </p>
   </div>
   <div class='ocr_carea' id='block_1_34' title="bbox 1961 711 3534 785">
    <p class='ocr_par' dir='ltr' id='par_1_34' title="bbox 1961 711 3534 785">
     <span class='ocr_line' id='line_1_34' title="bbox 1961 711 3534 785; baseline -0.004 -12"><span class='ocrx_word' id='word_1_228' title='bbox 1961 734 2085 773; x_wconf 90' lang='lat' dir='ltr'><strong>nam</strong></span> <span class='ocrx_word' id='word_1_229' title='bbox 2115 727 2168 774; x_wconf 92' lang='lat' dir='ltr'><strong>et</strong></span> <span class='ocrx_word' id='word_1_230' title='bbox 2196 717 2397 772; x_wconf 80' lang='lat' dir='ltr'><strong>vermis</strong></span> <span class='ocrx_word' id='word_1_231' title='bbox 2431 716 2671 785; x_wconf 81' lang='lat' dir='ltr'><strong>speciem</strong></span> <span class='ocrx_word' id='word_1_232' title='bbox 2721 716 2892 785; x_wconf 87' lang='lat' dir='ltr'><strong>ipsam</strong></span> <span class='ocrx_word' id='word_1_233' title='bbox 2927 713 3031 769; x_wconf 87' lang='lat' dir='ltr'><strong>sibi</strong></span> <span class='ocrx_word' id='word_1_234' title='bbox 3059 711 3333 767; x_wconf 77' lang='lat' dir='ltr'><strong>aﬂlnxisse</strong></span> <span class='ocrx_word' id='word_1_235' title='bbox 3362 724 3412 778; x_wconf 78' lang='grc' dir='ltr'>ι,</span> <span class='ocrx_word' id='word_1_236' title='bbox 3447 712 3534 767; x_wconf 88' lang='lat' dir='ltr'><strong>dl-</strong></span> 
     </span>
    </p>
   </div>
   <div class='ocr_carea' id='block_1_35' title="bbox 1958 802 3535 879">
    <p class='ocr_par' dir='ltr' id='par_1_35' title="bbox 1958 802 3535 879">
     <span class='ocr_line' id='line_1_35' title="bbox 1958 802 3535 879; baseline -0.003 -18"><span class='ocrx_word' id='word_1_237' title='bbox 1958 810 2210 864; x_wconf 89' lang='lat' dir='ltr'><strong>vinorum</strong></span> <span class='ocrx_word' id='word_1_238' title='bbox 2260 808 2417 879; x_wconf 90' lang='lat' dir='ltr'><strong>periti</strong></span> <span class='ocrx_word' id='word_1_239' title='bbox 2458 806 2817 862; x_wconf 88' lang='lat' dir='ltr'><strong>tradiderunt.</strong></span> <span class='ocrx_word' id='word_1_240' title='bbox 2866 805 2958 861; x_wconf 89' lang='lat' dir='ltr'><strong>Sic</strong></span> <span class='ocrx_word' id='word_1_241' title='bbox 3005 818 3195 859; x_wconf 90' lang='lat' dir='ltr'><strong>omnes</strong></span> <span class='ocrx_word' id='word_1_242' title='bbox 3239 802 3421 858; x_wconf 87' lang='lat' dir='ltr'><strong>divina</strong></span> <span class='ocrx_word' id='word_1_243' title='bbox 3446 818 3535 858; x_wconf 88' lang='lat' dir='ltr'><strong>sa-</strong></span> 
     </span>
    </p>
   </div>
   <div class='ocr_carea' id='block_1_36' title="bbox 1957 896 3533 969">
    <p class='ocr_par' dir='ltr' id='par_1_36' title="bbox 1957 896 3533 969">
     <span class='ocr_line' id='line_1_36' title="bbox 1957 896 3533 969; baseline -0.003 -16"><span class='ocrx_word' id='word_1_244' title='bbox 1957 900 2196 969; x_wconf 80' lang='lat' dir='ltr'><strong>pientes,</strong></span> <span class='ocrx_word' id='word_1_245' title='bbox 2222 908 2278 953; x_wconf 93' lang='lat' dir='ltr'><strong>et</strong></span> <span class='ocrx_word' id='word_1_246' title='bbox 2310 898 2536 954; x_wconf 64' lang='lat' dir='ltr'><strong>occulta:</strong></span> <span class='ocrx_word' id='word_1_247' title='bbox 2581 897 2953 966; x_wconf 80' lang='lat' dir='ltr'><strong>inspirationis</strong></span> <span class='ocrx_word' id='word_1_248' title='bbox 3007 896 3351 967; x_wconf 85' lang='lat' dir='ltr'><strong>interpretes,</strong></span> <span class='ocrx_word' id='word_1_249' title='bbox 3385 910 3414 949; x_wconf 88' lang='lat' dir='ltr'><strong>a</strong></span> <span class='ocrx_word' id='word_1_250' title='bbox 3448 910 3533 949; x_wconf 85' lang='lat' dir='ltr'><strong>re-</strong></span> 
     </span>
    </p>
   </div>
   <div class='ocr_carea' id='block_1_37' title="bbox 1954 988 3532 1063">
    <p class='ocr_par' dir='ltr' id='par_1_37' title="bbox 1954 988 3532 1063">
     <span class='ocr_line' id='line_1_37' title="bbox 1954 988 3532 1063; baseline -0.005 -14"><span class='ocrx_word' id='word_1_251' title='bbox 1954 993 2058 1049; x_wconf 87' lang='lat' dir='ltr'><strong>bus</strong></span> <span class='ocrx_word' id='word_1_252' title='bbox 2089 991 2422 1063; x_wconf 81' lang='lat' dir='ltr'><strong>imperfectis</strong></span> <span class='ocrx_word' id='word_1_253' title='bbox 2454 989 2808 1061; x_wconf 79' lang='lat' dir='ltr'><strong>profanisque</strong></span> <span class='ocrx_word' id='word_1_254' title='bbox 2839 988 3044 1044; x_wconf 87' lang='lat' dir='ltr'><strong>Sancta</strong></span> <span class='ocrx_word' id='word_1_255' title='bbox 3092 998 3405 1043; x_wconf 91' lang='lat' dir='ltr'><strong>sanctorum</strong></span> <span class='ocrx_word' id='word_1_256' title='bbox 3446 988 3532 1041; x_wconf 89' lang='lat' dir='ltr'><strong>in-</strong></span> 
     </span>
    </p>
   </div>
   <div class='ocr_carea' id='block_1_38' title="bbox 1956 1078 3533 1146">
    <p class='ocr_par' dir='ltr' id='par_1_38' title="bbox 1956 1078 3533 1146">
     <span class='ocr_line' id='line_1_38' title="bbox 1956 1078 3533 1146; baseline -0.004 -8"><span class='ocrx_word' id='word_1_257' title='bbox 1956 1094 2218 1140; x_wconf 81' lang='lat' dir='ltr'><strong>temerato</strong></span> <span class='ocrx_word' id='word_1_258' title='bbox 2253 1092 2566 1146; x_wconf 86' lang='lat' dir='ltr'><strong>secernunt,</strong></span> <span class='ocrx_word' id='word_1_259' title='bbox 2602 1096 2703 1137; x_wconf 91' lang='lat' dir='ltr'><strong>nec</strong></span> <span class='ocrx_word' id='word_1_260' title='bbox 2756 1096 2862 1133; x_wconf 89' lang='lat' dir='ltr'><strong>non</strong></span> <span class='ocrx_word' id='word_1_261' title='bbox 2909 1079 3234 1134; x_wconf 84' lang='lat' dir='ltr'><strong>dissimilem</strong></span> <span class='ocrx_word' id='word_1_262' title='bbox 3270 1078 3417 1133; x_wconf 87' lang='lat' dir='ltr'><strong>illam</strong></span> <span class='ocrx_word' id='word_1_263' title='bbox 3444 1092 3533 1132; x_wconf 85' lang='lat' dir='ltr'><strong>sa-</strong></span> 
     </span>
    </p>
   </div>
   <div class='ocr_carea' id='block_1_39' title="bbox 1954 1165 3531 1241">
    <p class='ocr_par' dir='ltr' id='par_1_39' title="bbox 1954 1165 3531 1241">
     <span class='ocr_line' id='line_1_39' title="bbox 1954 1165 3531 1241; baseline -0.005 -13"><span class='ocrx_word' id='word_1_264' title='bbox 1954 1188 2104 1228; x_wconf 89' lang='lat' dir='ltr'><strong>cram</strong></span> <span class='ocrx_word' id='word_1_265' title='bbox 2154 1172 2526 1241; x_wconf 65' lang='lat' dir='ltr'><strong>deprasdicant</strong></span> <span class='ocrx_word' id='word_1_266' title='bbox 2572 1169 2935 1236; x_wconf 68' lang='lat' dir='ltr'><strong>edictionem,</strong></span> <span class='ocrx_word' id='word_1_267' title='bbox 2991 1177 3051 1222; x_wconf 91' lang='lat' dir='ltr'><strong>ut</strong></span> <span class='ocrx_word' id='word_1_268' title='bbox 3101 1182 3206 1222; x_wconf 89' lang='lat' dir='ltr'><strong>nec</strong></span> <span class='ocrx_word' id='word_1_269' title='bbox 3237 1165 3531 1221; x_wconf 84' lang='lat' dir='ltr'><strong>immundis</strong></span> 
     </span>
    </p>
   </div>
   <div class='ocr_carea' id='block_1_40' title="bbox 1950 1255 3534 1329">
    <p class='ocr_par' dir='ltr' id='par_1_40' title="bbox 1950 1255 3534 1329">
     <span class='ocr_line' id='line_1_40' title="bbox 1950 1255 3534 1329; baseline -0.005 -12"><span class='ocrx_word' id='word_1_270' title='bbox 1950 1264 2132 1318; x_wconf 90' lang='lat' dir='ltr'><strong>divina</strong></span> <span class='ocrx_word' id='word_1_271' title='bbox 2168 1263 2279 1318; x_wconf 91' lang='lat' dir='ltr'><strong>sint</strong></span> <span class='ocrx_word' id='word_1_272' title='bbox 2333 1263 2517 1327; x_wconf 87' lang='lat' dir='ltr'><strong>obvia,</strong></span> <span class='ocrx_word' id='word_1_273' title='bbox 2576 1276 2750 1329; x_wconf 86' lang='lat' dir='ltr'><strong>neque</strong></span> <span class='ocrx_word' id='word_1_274' title='bbox 2802 1258 3029 1315; x_wconf 88' lang='lat' dir='ltr'><strong>studiosi</strong></span> <span class='ocrx_word' id='word_1_275' title='bbox 3084 1259 3387 1313; x_wconf 89' lang='lat' dir='ltr'><strong>divinarum</strong></span> <span class='ocrx_word' id='word_1_276' title='bbox 3426 1255 3534 1328; x_wconf 68' lang='grc' dir='ltr'><strong>ιθ</strong></span> 
     </span>
    </p>
   </div>
   <div class='ocr_carea' id='block_1_41' title="bbox 1950 1352 3529 1428">
    <p class='ocr_par' dir='ltr' id='par_1_41' title="bbox 1950 1352 3529 1428">
     <span class='ocr_line' id='line_1_41' title="bbox 1950 1352 3529 1428; baseline -0.003 -16"><span class='ocrx_word' id='word_1_277' title='bbox 1950 1358 2250 1428; x_wconf 84' lang='lat' dir='ltr'><strong>figurarum</strong></span> <span class='ocrx_word' id='word_1_278' title='bbox 2278 1356 2737 1426; x_wconf 87' lang='lat' dir='ltr'><strong>contemplatores</strong></span> <span class='ocrx_word' id='word_1_279' title='bbox 2770 1353 2964 1409; x_wconf 84' lang='lat' dir='ltr'><strong>formis</strong></span> <span class='ocrx_word' id='word_1_280' title='bbox 2997 1352 3118 1409; x_wconf 82' lang='lat' dir='ltr'><strong>istis</strong></span> <span class='ocrx_word' id='word_1_281' title='bbox 3148 1359 3406 1423; x_wconf 88' lang='lat' dir='ltr'><strong>tanquam</strong></span> <span class='ocrx_word' id='word_1_282' title='bbox 3434 1368 3529 1407; x_wconf 89' lang='lat' dir='ltr'><strong>ve—</strong></span> 
     </span>
    </p>
   </div>
   <div class='ocr_carea' id='block_1_42' title="bbox 1948 1445 3528 1515">
    <p class='ocr_par' dir='ltr' id='par_1_42' title="bbox 1948 1445 3528 1515">
     <span class='ocr_line' id='line_1_42' title="bbox 1948 1445 3528 1515; baseline -0.003 -10"><span class='ocrx_word' id='word_1_283' title='bbox 1948 1452 2025 1506; x_wconf 89' lang='lat' dir='ltr'><strong>ris</strong></span> <span class='ocrx_word' id='word_1_284' title='bbox 2059 1452 2445 1515; x_wconf 84' lang='lat' dir='ltr'><strong>immorentur;</strong></span> <span class='ocrx_word' id='word_1_285' title='bbox 2482 1458 2541 1504; x_wconf 87' lang='lat' dir='ltr'><strong>et</strong></span> <span class='ocrx_word' id='word_1_286' title='bbox 2588 1457 2647 1501; x_wconf 92' lang='lat' dir='ltr'><strong>ut</strong></span> <span class='ocrx_word' id='word_1_287' title='bbox 2690 1461 2777 1502; x_wconf 90' lang='lat' dir='ltr'><strong>res</strong></span> <span class='ocrx_word' id='word_1_288' title='bbox 2823 1447 3020 1501; x_wconf 66' lang='lat' dir='ltr'><strong>divinm</strong></span> <span class='ocrx_word' id='word_1_289' title='bbox 3066 1460 3190 1501; x_wconf 90' lang='lat' dir='ltr'><strong>cum</strong></span> <span class='ocrx_word' id='word_1_290' title='bbox 3226 1445 3528 1500; x_wconf 83' lang='lat' dir='ltr'><strong>verissimis</strong></span> 
     </span>
    </p>
   </div>
   <div class='ocr_carea' id='block_1_43' title="bbox 1947 1536 3529 1614">
    <p class='ocr_par' dir='ltr' id='par_1_43' title="bbox 1947 1536 3529 1614">
     <span class='ocr_line' id='line_1_43' title="bbox 1947 1536 3529 1614; baseline -0.005 -17"><span class='ocrx_word' id='word_1_291' title='bbox 1947 1542 2352 1614; x_wconf 79' lang='lat' dir='ltr'><strong>negationibns,</strong></span> <span class='ocrx_word' id='word_1_292' title='bbox 2391 1552 2502 1596; x_wconf 93' lang='lat' dir='ltr'><strong>tum</strong></span> <span class='ocrx_word' id='word_1_293' title='bbox 2533 1539 2763 1594; x_wconf 83' lang='lat' dir='ltr'><strong>diversis</strong></span> <span class='ocrx_word' id='word_1_294' title='bbox 2792 1553 2822 1594; x_wconf 85' lang='lat' dir='ltr'><strong>a</strong></span> <span class='ocrx_word' id='word_1_295' title='bbox 2857 1539 3021 1593; x_wconf 86' lang='lat' dir='ltr'><strong>rebus</strong></span> <span class='ocrx_word' id='word_1_296' title='bbox 3054 1536 3256 1591; x_wconf 82' lang='lat' dir='ltr'><strong>infimis</strong></span> <span class='ocrx_word' id='word_1_297' title='bbox 3282 1536 3529 1606; x_wconf 88' lang='lat' dir='ltr'><strong>proprio-</strong></span> 
     </span>
    </p>
   </div>
   <div class='ocr_carea' id='block_1_44' title="bbox 1946 1627 3527 1701">
    <p class='ocr_par' dir='ltr' id='par_1_44' title="bbox 1946 1627 3527 1701">
     <span class='ocr_line' id='line_1_44' title="bbox 1946 1627 3527 1701; baseline -0.005 -11"><span class='ocrx_word' id='word_1_298' title='bbox 1946 1650 2066 1690; x_wconf 91' lang='lat' dir='ltr'><strong>rum</strong></span> <span class='ocrx_word' id='word_1_299' title='bbox 2101 1633 2453 1701; x_wconf 74' lang='lat' dir='ltr'><strong>vestigiorum</strong></span> <span class='ocrx_word' id='word_1_300' title='bbox 2510 1630 2967 1687; x_wconf 81' lang='lat' dir='ltr'><strong>similitudinibus</strong></span> <span class='ocrx_word' id='word_1_301' title='bbox 3019 1629 3385 1685; x_wconf 89' lang='lat' dir='ltr'><strong>celebrentur.</strong></span> <span class='ocrx_word' id='word_1_302' title='bbox 3422 1627 3527 1683; x_wconf 87' lang='lat' dir='ltr'><strong>Ne-</strong></span> 
     </span>
    </p>
   </div>
   <div class='ocr_carea' id='block_1_45' title="bbox 1948 1722 3523 1796">
    <p class='ocr_par' dir='ltr' id='par_1_45' title="bbox 1948 1722 3523 1796">
     <span class='ocr_line' id='line_1_45' title="bbox 1948 1722 3523 1796; baseline -0.002 -16"><span class='ocrx_word' id='word_1_303' title='bbox 1948 1742 2220 1796; x_wconf 84' lang='lat' dir='ltr'><strong>quaquam</strong></span> <span class='ocrx_word' id='word_1_304' title='bbox 2240 1727 2406 1796; x_wconf 89' lang='lat' dir='ltr'><strong>igitur</strong></span> <span class='ocrx_word' id='word_1_305' title='bbox 2430 1726 2748 1789; x_wconf 89' lang='lat' dir='ltr'><strong>absurdum,</strong></span> <span class='ocrx_word' id='word_1_306' title='bbox 2782 1724 2828 1781; x_wconf 84' lang='lat' dir='ltr'><strong>si</strong></span> <span class='ocrx_word' id='word_1_307' title='bbox 2856 1731 3086 1778; x_wconf 86' lang='lat' dir='ltr'><strong>naturas</strong></span> <span class='ocrx_word' id='word_1_308' title='bbox 3108 1722 3229 1778; x_wconf 89' lang='lat' dir='ltr'><strong>illas</strong></span> <span class='ocrx_word' id='word_1_309' title='bbox 3246 1722 3523 1786; x_wconf 74' lang='lat' dir='ltr'><strong>cmlestes,</strong></span> 
     </span>
    </p>
   </div>
   <div class='ocr_carea' id='block_1_46' title="bbox 1950 1814 3525 1887">
    <p class='ocr_par' dir='ltr' id='par_1_46' title="bbox 1950 1814 3525 1887">
     <span class='ocr_line' id='line_1_46' title="bbox 1950 1814 3525 1887; baseline -0.004 -13"><span class='ocrx_word' id='word_1_310' title='bbox 1950 1817 2021 1874; x_wconf 90' lang='lat' dir='ltr'><strong>ob</strong></span> <span class='ocrx_word' id='word_1_311' title='bbox 2052 1819 2228 1874; x_wconf 91' lang='lat' dir='ltr'><strong>dictas</strong></span> <span class='ocrx_word' id='word_1_312' title='bbox 2269 1830 2488 1881; x_wconf 87' lang='lat' dir='ltr'><strong>causas,</strong></span> <span class='ocrx_word' id='word_1_313' title='bbox 2550 1816 2980 1887; x_wconf 81' lang='lat' dir='ltr'><strong>discrepantium</strong></span> <span class='ocrx_word' id='word_1_314' title='bbox 3022 1814 3525 1873; x_wconf 88' lang='lat' dir='ltr'><strong>dissimilitudinum</strong></span> 
     </span>
    </p>
   </div>
   <div class='ocr_carea' id='block_1_47' title="bbox 1951 1907 3523 1979">
    <p class='ocr_par' dir='ltr' id='par_1_47' title="bbox 1951 1907 3523 1979">
     <span class='ocr_line' id='line_1_47' title="bbox 1951 1907 3523 1979; baseline -0.002 -13"><span class='ocrx_word' id='word_1_315' title='bbox 1951 1910 2398 1967; x_wconf 85' lang='lat' dir='ltr'><strong>similitudinibus</strong></span> <span class='ocrx_word' id='word_1_316' title='bbox 2427 1909 2713 1966; x_wconf 75' lang='lat' dir='ltr'><strong>elforment</strong></span> <span class='ocrx_word' id='word_1_317' title='bbox 2739 1923 2756 1963; x_wconf 89' lang='lat'><strong>:</strong></span> <span class='ocrx_word' id='word_1_318' title='bbox 2788 1924 2913 1965; x_wconf 91' lang='lat' dir='ltr'><strong>nam</strong></span> <span class='ocrx_word' id='word_1_319' title='bbox 2943 1924 3121 1979; x_wconf 83' lang='lat' dir='ltr'><strong>neque</strong></span> <span class='ocrx_word' id='word_1_320' title='bbox 3149 1924 3249 1964; x_wconf 91' lang='lat' dir='ltr'><strong>nos</strong></span> <span class='ocrx_word' id='word_1_321' title='bbox 3273 1907 3523 1964; x_wconf 87' lang='lat' dir='ltr'><strong>fortassis</strong></span> 
     </span>
    </p>
   </div>
   <div class='ocr_carea' id='block_1_48' title="bbox 1952 2000 3518 2072">
    <p class='ocr_par' dir='ltr' id='par_1_48' title="bbox 1952 2000 3518 2072">
     <span class='ocr_line' id='line_1_48' title="bbox 1952 2000 3518 2072; baseline -0.003 -12"><span class='ocrx_word' id='word_1_322' title='bbox 1952 2005 2019 2060; x_wconf 90' lang='lat' dir='ltr'><strong>ad</strong></span> <span class='ocrx_word' id='word_1_323' title='bbox 2042 2002 2404 2070; x_wconf 72' lang='lat' dir='ltr'><strong>indagandum</strong></span> <span class='ocrx_word' id='word_1_324' title='bbox 2425 2003 2741 2069; x_wconf 86' lang='lat' dir='ltr'><strong>dubitando,</strong></span> <span class='ocrx_word' id='word_1_325' title='bbox 2766 2003 2833 2057; x_wconf 91' lang='lat' dir='ltr'><strong>ad</strong></span> <span class='ocrx_word' id='word_1_326' title='bbox 2856 2016 3151 2072; x_wconf 83' lang='lat' dir='ltr'><strong>anagogem</strong></span> <span class='ocrx_word' id='word_1_327' title='bbox 3170 2002 3312 2072; x_wconf 73' lang='lat' dir='ltr'><strong>(qua:</strong></span> <span class='ocrx_word' id='word_1_328' title='bbox 3324 2000 3391 2056; x_wconf 89' lang='lat' dir='ltr'><strong>ad</strong></span> <span class='ocrx_word' id='word_1_329' title='bbox 3405 2013 3518 2056; x_wconf 73' lang='lat' dir='ltr'><strong>cm-</strong></span> 
     </span>
    </p>
   </div>
   <div class='ocr_carea' id='block_1_49' title="bbox 1951 2094 3519 2164">
    <p class='ocr_par' dir='ltr' id='par_1_49' title="bbox 1951 2094 3519 2164">
     <span class='ocr_line' id='line_1_49' title="bbox 1951 2094 3519 2164; baseline -0.004 -15"><span class='ocrx_word' id='word_1_330' title='bbox 1951 2095 2107 2151; x_wconf 88' lang='lat' dir='ltr'><strong>lestia</strong></span> <span class='ocrx_word' id='word_1_331' title='bbox 2134 2110 2231 2149; x_wconf 90' lang='lat' dir='ltr'><strong>nos</strong></span> <span class='ocrx_word' id='word_1_332' title='bbox 2254 2094 2425 2164; x_wconf 82' lang='lat' dir='ltr'><strong>ducit)</strong></span> <span class='ocrx_word' id='word_1_333' title='bbox 2441 2108 2535 2162; x_wconf 88' lang='lat' dir='ltr'><strong>per</strong></span> <span class='ocrx_word' id='word_1_334' title='bbox 2550 2102 2860 2149; x_wconf 86' lang='lat' dir='ltr'><strong>accuratam</strong></span> <span class='ocrx_word' id='word_1_335' title='bbox 2879 2107 3059 2147; x_wconf 91' lang='lat' dir='ltr'><strong>rerum</strong></span> <span class='ocrx_word' id='word_1_336' title='bbox 3089 2106 3373 2147; x_wconf 88' lang='lat' dir='ltr'><strong>sacrarum</strong></span> <span class='ocrx_word' id='word_1_337' title='bbox 3398 2106 3519 2161; x_wconf 86' lang='lat' dir='ltr'><strong>per-</strong></span> 
     </span>
    </p>
   </div>
   <div class='ocr_carea' id='block_1_50' title="bbox 1950 2181 3523 2251">
    <p class='ocr_par' dir='ltr' id='par_1_50' title="bbox 1950 2181 3523 2251">
     <span class='ocr_line' id='line_1_50' title="bbox 1950 2181 3523 2251; baseline -0.003 -12"><span class='ocrx_word' id='word_1_338' title='bbox 1950 2184 2335 2239; x_wconf 87' lang='lat' dir='ltr'><strong>scrutationem</strong></span> <span class='ocrx_word' id='word_1_339' title='bbox 2354 2186 2711 2249; x_wconf 86' lang='lat' dir='ltr'><strong>venissemus,</strong></span> <span class='ocrx_word' id='word_1_340' title='bbox 2729 2184 2830 2239; x_wconf 91' lang='lat' dir='ltr'><strong>nisi</strong></span> <span class='ocrx_word' id='word_1_341' title='bbox 2862 2197 2969 2239; x_wconf 86' lang='lat' dir='ltr'><strong>nos.</strong></span> <span class='ocrx_word' id='word_1_342' title='bbox 2990 2183 3303 2239; x_wconf 86' lang='lat' dir='ltr'><strong>deformitas</strong></span> <span class='ocrx_word' id='word_1_343' title='bbox 3335 2181 3523 2251; x_wconf 81' lang='lat' dir='ltr'><strong>expla-</strong></span> 
     </span>
    </p>
   </div>
   <div class='ocr_carea' id='block_1_51' title="bbox 1949 2273 3518 2347">
    <p class='ocr_par' dir='ltr' id='par_1_51' title="bbox 1949 2273 3518 2347">
     <span class='ocr_line' id='line_1_51' title="bbox 1949 2273 3518 2347; baseline -0.001 -17"><span class='ocrx_word' id='word_1_344' title='bbox 1949 2276 2174 2331; x_wconf 70' lang='lat' dir='ltr'><strong>natoriae</strong></span> <span class='ocrx_word' id='word_1_345' title='bbox 2186 2275 2418 2331; x_wconf 83' lang='lat' dir='ltr'><strong>ﬁctionis</strong></span> <span class='ocrx_word' id='word_1_346' title='bbox 2440 2277 2756 2347; x_wconf 72' lang='lat' dir='ltr'><strong>angelorum</strong></span> <span class='ocrx_word' id='word_1_347' title='bbox 2781 2274 3135 2347; x_wconf 82' lang='lat' dir='ltr'><strong>perculisset;</strong></span> <span class='ocrx_word' id='word_1_348' title='bbox 3155 2290 3277 2344; x_wconf 61' lang='lat' dir='ltr'><strong>quas</strong></span> <span class='ocrx_word' id='word_1_349' title='bbox 3290 2273 3518 2329; x_wconf 86' lang='lat' dir='ltr'><strong>minime</strong></span> 
     </span>
    </p>
   </div>
   <div class='ocr_carea' id='block_1_52' title="bbox 1948 2364 3523 2423">
    <p class='ocr_par' dir='ltr' id='par_1_52' title="bbox 1948 2364 3523 2423">
     <span class='ocr_line' id='line_1_52' title="bbox 1948 2364 3523 2423; baseline 0.001 -1"><span class='ocrx_word' id='word_1_350' title='bbox 1948 2367 2161 2423; x_wconf 86' lang='lat' dir='ltr'><strong>sinebat</strong></span> <span class='ocrx_word' id='word_1_351' title='bbox 2194 2376 2430 2421; x_wconf 92' lang='lat' dir='ltr'><strong>mentem</strong></span> <span class='ocrx_word' id='word_1_352' title='bbox 2467 2376 2709 2422; x_wconf 87' lang='lat' dir='ltr'><strong>nostram</strong></span> <span class='ocrx_word' id='word_1_353' title='bbox 2742 2366 2962 2421; x_wconf 85' lang='lat' dir='ltr'><strong>absonis</strong></span> <span class='ocrx_word' id='word_1_354' title='bbox 2985 2365 3108 2420; x_wconf 86' lang='lat' dir='ltr'><strong>istis</strong></span> <span class='ocrx_word' id='word_1_355' title='bbox 3130 2364 3523 2423; x_wconf 73' lang='lat' dir='ltr'><strong>eﬂormatiotti-</strong></span> 
     </span>
    </p>
   </div>
   <div class='ocr_carea' id='block_1_53' title="bbox 1949 2456 3525 2525">
    <p class='ocr_par' dir='ltr' id='par_1_53' title="bbox 1949 2456 3525 2525">
     <span class='ocr_line' id='line_1_53' title="bbox 1949 2456 3525 2525; baseline -0.004 -11"><span class='ocrx_word' id='word_1_356' title='bbox 1949 2460 2049 2515; x_wconf 88' lang='lat' dir='ltr'><strong>bus</strong></span> <span class='ocrx_word' id='word_1_357' title='bbox 2072 2459 2375 2525; x_wconf 89' lang='lat' dir='ltr'><strong>immorari,</strong></span> <span class='ocrx_word' id='word_1_358' title='bbox 2401 2460 2495 2514; x_wconf 91' lang='lat' dir='ltr'><strong>sed</strong></span> <span class='ocrx_word' id='word_1_359' title='bbox 2532 2473 2651 2514; x_wconf 89' lang='lat' dir='ltr'><strong>eam</strong></span> <span class='ocrx_word' id='word_1_360' title='bbox 2678 2458 2950 2514; x_wconf 79' lang='lat' dir='ltr'><strong>excitabat</strong></span> <span class='ocrx_word' id='word_1_361' title='bbox 2973 2456 3038 2512; x_wconf 90' lang='lat' dir='ltr'><strong>ad</strong></span> <span class='ocrx_word' id='word_1_362' title='bbox 3059 2471 3251 2513; x_wconf 89' lang='lat' dir='ltr'><strong>omnes</strong></span> <span class='ocrx_word' id='word_1_363' title='bbox 3274 2456 3525 2511; x_wconf 84' lang='lat' dir='ltr'><strong>materia-</strong></span> 
     </span>
    </p>
   </div>
   <div class='ocr_carea' id='block_1_54' title="bbox 1948 2547 3520 2613">
    <p class='ocr_par' dir='ltr' id='par_1_54' title="bbox 1948 2547 3520 2613">
     <span class='ocr_line' id='line_1_54' title="bbox 1948 2547 3520 2613; baseline -0.004 -7"><span class='ocrx_word' id='word_1_364' title='bbox 1948 2552 2029 2608; x_wconf 92' lang='lat' dir='ltr'><strong>les</strong></span> <span class='ocrx_word' id='word_1_365' title='bbox 2059 2550 2374 2607; x_wconf 71' lang='lat' dir='ltr'><strong>affectiones</strong></span> <span class='ocrx_word' id='word_1_366' title='bbox 2414 2552 2761 2613; x_wconf 87' lang='lat' dir='ltr'><strong>deserendas,</strong></span> <span class='ocrx_word' id='word_1_367' title='bbox 2805 2559 2861 2605; x_wconf 91' lang='lat' dir='ltr'><strong>et</strong></span> <span class='ocrx_word' id='word_1_368' title='bbox 2905 2547 3302 2604; x_wconf 86' lang='lat' dir='ltr'><strong>assuefaciebat</strong></span> <span class='ocrx_word' id='word_1_369' title='bbox 3334 2559 3520 2603; x_wconf 88' lang='lat' dir='ltr'><strong>sancte</strong></span> 
     </span>
    </p>
   </div>
   <div class='ocr_carea' id='block_1_55' title="bbox 1948 2639 3520 2713">
    <p class='ocr_par' dir='ltr' id='par_1_55' title="bbox 1948 2639 3520 2713">
     <span class='ocr_line' id='line_1_55' title="bbox 1948 2639 3520 2713; baseline -0.003 -15"><span class='ocrx_word' id='word_1_370' title='bbox 1948 2659 2016 2699; x_wconf 91' lang='lat' dir='ltr'><strong>ex</strong></span> <span class='ocrx_word' id='word_1_371' title='bbox 2045 2644 2113 2699; x_wconf 90' lang='lat' dir='ltr'><strong>iis</strong></span> <span class='ocrx_word' id='word_1_372' title='bbox 2145 2658 2266 2713; x_wconf 63' lang='lat' dir='ltr'><strong>quae</strong></span> <span class='ocrx_word' id='word_1_373' title='bbox 2300 2651 2581 2713; x_wconf 88' lang='lat' dir='ltr'><strong>apparent,</strong></span> <span class='ocrx_word' id='word_1_374' title='bbox 2619 2642 2686 2697; x_wconf 90' lang='lat' dir='ltr'><strong>ad</strong></span> <span class='ocrx_word' id='word_1_375' title='bbox 2719 2640 3187 2711; x_wconf 88' lang='lat' dir='ltr'><strong>supermundiales</strong></span> <span class='ocrx_word' id='word_1_376' title='bbox 3230 2639 3520 2709; x_wconf 83' lang='lat' dir='ltr'><strong>anagogias</strong></span> 
     </span>
    </p>
   </div>
   <div class='ocr_carea' id='block_1_56' title="bbox 1946 2732 3521 2804">
    <p class='ocr_par' dir='ltr' id='par_1_56' title="bbox 1946 2732 3521 2804">
     <span class='ocr_line' id='line_1_56' title="bbox 1946 2732 3521 2804; baseline -0.003 -13"><span class='ocrx_word' id='word_1_377' title='bbox 1946 2751 2042 2791; x_wconf 90' lang='lat' dir='ltr'><strong>seu</strong></span> <span class='ocrx_word' id='word_1_378' title='bbox 2070 2750 2330 2791; x_wconf 86' lang='lat' dir='ltr'><strong>ascensus</strong></span> <span class='ocrx_word' id='word_1_379' title='bbox 2360 2735 2626 2804; x_wconf 87' lang='lat' dir='ltr'><strong>aspirare.</strong></span> <span class='ocrx_word' id='word_1_380' title='bbox 2669 2733 2795 2789; x_wconf 64' lang='lat' dir='ltr'><strong>llaec</strong></span> <span class='ocrx_word' id='word_1_381' title='bbox 2825 2749 2854 2788; x_wconf 89' lang='lat' dir='ltr'><strong>a</strong></span> <span class='ocrx_word' id='word_1_382' title='bbox 2884 2732 3040 2789; x_wconf 88' lang='lat' dir='ltr'><strong>nobis</strong></span> <span class='ocrx_word' id='word_1_383' title='bbox 3070 2732 3215 2788; x_wconf 89' lang='lat' dir='ltr'><strong>dicta</strong></span> <span class='ocrx_word' id='word_1_384' title='bbox 3253 2732 3363 2788; x_wconf 91' lang='lat' dir='ltr'><strong>sint</strong></span> <span class='ocrx_word' id='word_1_385' title='bbox 3394 2746 3521 2801; x_wconf 87' lang='lat' dir='ltr'><strong>pro-</strong></span> 
     </span>
    </p>
   </div>
   <div class='ocr_carea' id='block_1_57' title="bbox 1946 2823 3520 2897">
    <p class='ocr_par' dir='ltr' id='par_1_57' title="bbox 1946 2823 3520 2897">
     <span class='ocr_line' id='line_1_57' title="bbox 1946 2823 3520 2897; baseline 0 -18"><span class='ocrx_word' id='word_1_386' title='bbox 1946 2835 2067 2897; x_wconf 84' lang='lat' dir='ltr'><strong>pter</strong></span> <span class='ocrx_word' id='word_1_387' title='bbox 2118 2827 2435 2883; x_wconf 88' lang='lat' dir='ltr'><strong>materiales</strong></span> <span class='ocrx_word' id='word_1_388' title='bbox 2486 2827 2609 2882; x_wconf 86' lang='lat' dir='ltr'><strong>illas</strong></span> <span class='ocrx_word' id='word_1_389' title='bbox 2649 2840 2714 2880; x_wconf 91' lang='lat' dir='ltr'><strong>ac</strong></span> <span class='ocrx_word' id='word_1_390' title='bbox 2754 2823 3068 2887; x_wconf 83' lang='lat' dir='ltr'><strong>dissimiles.</strong></span> <span class='ocrx_word' id='word_1_391' title='bbox 3098 2840 3217 2895; x_wconf 72' lang='lat' dir='ltr'><strong>qua:</strong></span> <span class='ocrx_word' id='word_1_392' title='bbox 3251 2824 3305 2879; x_wconf 89' lang='lat' dir='ltr'><strong>in</strong></span> <span class='ocrx_word' id='word_1_393' title='bbox 3348 2826 3520 2880; x_wconf 85' lang='lat' dir='ltr'><strong>sacris</strong></span> 
     </span>
    </p>
   </div>
   <div class='ocr_carea' id='block_1_58' title="bbox 1946 2916 3519 2987">
    <p class='ocr_par' dir='ltr' id='par_1_58' title="bbox 1946 2916 3519 2987">
     <span class='ocr_line' id='line_1_58' title="bbox 1946 2916 3519 2987; baseline -0.003 -14"><span class='ocrx_word' id='word_1_394' title='bbox 1946 2918 2178 2987; x_wconf 85' lang='lat' dir='ltr'><strong>eloquiis</strong></span> <span class='ocrx_word' id='word_1_395' title='bbox 2223 2919 2516 2983; x_wconf 86' lang='lat' dir='ltr'><strong>habentur,</strong></span> <span class='ocrx_word' id='word_1_396' title='bbox 2552 2917 2868 2987; x_wconf 76' lang='lat' dir='ltr'><strong>angelorum</strong></span> <span class='ocrx_word' id='word_1_397' title='bbox 2897 2916 3291 2972; x_wconf 87' lang='lat' dir='ltr'><strong>delineationes</strong></span> <span class='ocrx_word' id='word_1_398' title='bbox 3320 2934 3335 2972; x_wconf 88' lang='lat'><strong>:</strong></span> <span class='ocrx_word' id='word_1_399' title='bbox 3364 2916 3519 2971; x_wconf 84' lang='lat' dir='ltr'><strong>dein-</strong></span> 
     </span>
    </p>
   </div>
   <div class='ocr_carea' id='block_1_59' title="bbox 1947 3005 3515 3079">
    <p class='ocr_par' dir='ltr' id='par_1_59' title="bbox 1947 3005 3515 3079">
     <span class='ocr_line' id='line_1_59' title="bbox 1947 3005 3515 3079; baseline -0.004 -14"><span class='ocrx_word' id='word_1_400' title='bbox 1947 3024 2075 3079; x_wconf 87' lang='lat' dir='ltr'><strong>ceps</strong></span> <span class='ocrx_word' id='word_1_401' title='bbox 2099 3025 2229 3065; x_wconf 93' lang='lat' dir='ltr'><strong>vero</strong></span> <span class='ocrx_word' id='word_1_402' title='bbox 2255 3010 2642 3073; x_wconf 85' lang='lat' dir='ltr'><strong>dellniendum,</strong></span> <span class='ocrx_word' id='word_1_403' title='bbox 2667 3009 2797 3079; x_wconf 87' lang='lat' dir='ltr'><strong>quid</strong></span> <span class='ocrx_word' id='word_1_404' title='bbox 2829 3008 3120 3079; x_wconf 88' lang='lat' dir='ltr'><strong>ipsammet</strong></span> <span class='ocrx_word' id='word_1_405' title='bbox 3152 3005 3515 3062; x_wconf 79' lang='lat' dir='ltr'><strong>bierarcbiam</strong></span> 
     </span>
    </p>
   </div>
   <div class='ocr_carea' id='block_1_60' title="bbox 245 2917 1843 2991">
    <p class='ocr_par' dir='ltr' id='par_1_60' title="bbox 245 2917 1843 2991">
     <span class='ocr_line' id='line_1_60' title="bbox 245 2917 1843 2991; baseline 0.004 -22"><span class='ocrx_word' id='word_1_406' title='bbox 245 2918 543 2989; x_wconf 78' lang='grc' dir='ltr'>ἱεραρχίαν</span> <span class='ocrx_word' id='word_1_407' title='bbox 590 2917 1062 2990; x_wconf 80' lang='grc' dir='ltr'>κεκληρωμένους.</span> <span class='ocrx_word' id='word_1_408' title='bbox 1108 2920 1398 2991; x_wconf 81' lang='grc' dir='ltr'>Ἥγήσοιτο</span> <span class='ocrx_word' id='word_1_409' title='bbox 1440 2920 1498 2974; x_wconf 79' lang='grc' dir='ltr'><strong>δὲ</strong></span> <span class='ocrx_word' id='word_1_410' title='bbox 1538 2921 1633 2975; x_wconf 89' lang='grc' dir='ltr'><strong>τοῦ</strong></span> <span class='ocrx_word' id='word_1_411' title='bbox 1687 2920 1843 2991; x_wconf 83' lang='grc' dir='ltr'>λόγου</span> 
     </span>
    </p>
   </div>
   <div class='ocr_carea' id='block_1_61' title="bbox 241 3008 1846 3085">
    <p class='ocr_par' dir='ltr' id='par_1_61' title="bbox 241 3008 1846 3085">
     <span class='ocr_line' id='line_1_61' title="bbox 241 3008 1846 3085; baseline 0.004 -25"><span class='ocrx_word' id='word_1_412' title='bbox 241 3008 505 3081; x_wconf 78' lang='grc' dir='ltr'>Χριστὸς,</span> <span class='ocrx_word' id='word_1_413' title='bbox 555 3008 715 3081; x_wconf 71' lang='grc' dir='ltr'>εἴπερ</span> <span class='ocrx_word' id='word_1_414' title='bbox 744 3009 868 3081; x_wconf 74' lang='grc' dir='ltr'>ἐμοὶ</span> <span class='ocrx_word' id='word_1_415' title='bbox 914 3009 1072 3081; x_wconf 81' lang='grc' dir='ltr'>θέμις</span> <span class='ocrx_word' id='word_1_416' title='bbox 1111 3012 1309 3075; x_wconf 77' lang='grc' dir='ltr'>εἰπεῖν,</span> <span class='ocrx_word' id='word_1_417' title='bbox 1335 3013 1363 3065; x_wconf 81' lang='grc' dir='ltr'><strong>ό</strong></span> <span class='ocrx_word' id='word_1_418' title='bbox 1401 3011 1554 3083; x_wconf 74' lang='grc' dir='ltr'>ἐμὸς,</span> <span class='ocrx_word' id='word_1_419' title='bbox 1597 3013 1631 3083; x_wconf 82' lang='grc' dir='ltr'>ἡ</span> <span class='ocrx_word' id='word_1_420' title='bbox 1664 3014 1846 3085; x_wconf 80' lang='grc' dir='ltr'>πάσης</span> 
     </span>
    </p>
   </div>
   <div class='ocr_carea' id='block_1_62' title="bbox 244 3098 1848 3180">
    <p class='ocr_par' dir='ltr' id='par_1_62' title="bbox 244 3098 1848 3172">
     <span class='ocr_line' id='line_1_62' title="bbox 244 3098 1848 3172; baseline 0.005 -19"><span class='ocrx_word' id='word_1_421' title='bbox 244 3099 575 3172; x_wconf 85' lang='grc' dir='ltr'>ἰεραρχικῆς</span> <span class='ocrx_word' id='word_1_422' title='bbox 594 3101 952 3171; x_wconf 71' lang='grc' dir='ltr'>ὲκεραντορίας</span> <span class='ocrx_word' id='word_1_423' title='bbox 981 3102 1266 3157; x_wconf 77' lang='grc' dir='ltr'>ἐπίπνοιαί</span> <span class='ocrx_word' id='word_1_424' title='bbox 1294 3103 1364 3157; x_wconf 79' lang='grc' dir='ltr'><strong>Σὺ</strong></span> <span class='ocrx_word' id='word_1_425' title='bbox 1389 3103 1466 3167; x_wconf 85' lang='grc' dir='ltr'><strong>δὲ,</strong></span> <span class='ocrx_word' id='word_1_426' title='bbox 1491 3098 1537 3157; x_wconf 82' lang='grc' dir='ltr'>ὧ</span> <span class='ocrx_word' id='word_1_427' title='bbox 1558 3106 1677 3170; x_wconf 83' lang='grc' dir='ltr'>παῖ,</span> <span class='ocrx_word' id='word_1_428' title='bbox 1704 3104 1848 3161; x_wconf 85' lang='grc' dir='ltr'><strong>κατά</strong></span> 
     </span>
    </p>
   </div>
   <div class='ocr_carea' id='block_1_63' title="bbox 1951 3098 3516 3180">
    <p class='ocr_par' dir='ltr' id='par_1_63' title="bbox 1951 3099 3516 3171">
     <span class='ocr_line' id='line_1_63' title="bbox 1951 3099 3516 3171; baseline -0.004 -14"><span class='ocrx_word' id='word_1_429' title='bbox 1951 3117 2069 3158; x_wconf 87' lang='lat' dir='ltr'><strong>esse</strong></span> <span class='ocrx_word' id='word_1_430' title='bbox 2106 3103 2462 3168; x_wconf 88' lang='lat' dir='ltr'><strong>arbitremur,</strong></span> <span class='ocrx_word' id='word_1_431' title='bbox 2486 3102 2725 3171; x_wconf 90' lang='lat' dir='ltr'><strong>quidque</strong></span> <span class='ocrx_word' id='word_1_432' title='bbox 2745 3108 3028 3156; x_wconf 90' lang='lat' dir='ltr'><strong>consortes</strong></span> <span class='ocrx_word' id='word_1_433' title='bbox 3050 3099 3167 3167; x_wconf 89' lang='lat' dir='ltr'><strong>ejus</strong></span> <span class='ocrx_word' id='word_1_434' title='bbox 3189 3113 3257 3153; x_wconf 81' lang='lat' dir='ltr'><strong>ex</strong></span> <span class='ocrx_word' id='word_1_435' title='bbox 3280 3100 3393 3169; x_wconf 88' lang='lat' dir='ltr'><strong>ipsa</strong></span> <span class='ocrx_word' id='word_1_436' title='bbox 3421 3112 3516 3152; x_wconf 89' lang='lat' dir='ltr'><strong>ca-</strong></span> 
     </span>
    </p>
   </div>
   <div class='ocr_carea' id='block_1_64' title="bbox 238 3191 1848 3268">
    <p class='ocr_par' dir='ltr' id='par_1_64' title="bbox 238 3191 1839 3268">
     <span class='ocr_line' id='line_1_64' title="bbox 238 3191 1839 3268; baseline 0.005 -25"><span class='ocrx_word' id='word_1_437' title='bbox 238 3191 341 3263; x_wconf 79' lang='grc' dir='ltr'>τὴν</span> <span class='ocrx_word' id='word_1_438' title='bbox 398 3192 557 3245; x_wconf 86' lang='grc' dir='ltr'>ὁσίαν</span> <span class='ocrx_word' id='word_1_439' title='bbox 603 3192 708 3262; x_wconf 83' lang='grc' dir='ltr'>τῆς</span> <span class='ocrx_word' id='word_1_440' title='bbox 754 3191 878 3245; x_wconf 87' lang='grc' dir='ltr'>καθ’</span> <span class='ocrx_word' id='word_1_441' title='bbox 918 3194 1069 3263; x_wconf 75' lang='grc' dir='ltr'>ἡμᾶς</span> <span class='ocrx_word' id='word_1_442' title='bbox 1118 3195 1437 3267; x_wconf 81' lang='grc' dir='ltr'>ἰεραρχικῆς</span> <span class='ocrx_word' id='word_1_443' title='bbox 1490 3196 1839 3268; x_wconf 87' lang='grc' dir='ltr'>παραδόσεως</span> 
     </span>
    </p>
   </div>
   <div class='ocr_carea' id='block_1_65' title="bbox 1951 3191 3518 3268">
    <p class='ocr_par' dir='ltr' id='par_1_65' title="bbox 1951 3191 3518 3262">
     <span class='ocr_line' id='line_1_65' title="bbox 1951 3191 3518 3262; baseline -0.003 -14"><span class='ocrx_word' id='word_1_444' title='bbox 1951 3194 2094 3262; x_wconf 83' lang='lat' dir='ltr'><strong>piant</strong></span> <span class='ocrx_word' id='word_1_445' title='bbox 2139 3195 2516 3251; x_wconf 85' lang='lat' dir='ltr'><strong>emolumenti.</strong></span> <span class='ocrx_word' id='word_1_446' title='bbox 2563 3193 2649 3248; x_wconf 88' lang='lat' dir='ltr'><strong>Sit</strong></span> <span class='ocrx_word' id='word_1_447' title='bbox 2692 3203 2873 3247; x_wconf 91' lang='lat' dir='ltr'><strong>autem</strong></span> <span class='ocrx_word' id='word_1_448' title='bbox 2918 3194 3027 3247; x_wconf 86' lang='lat' dir='ltr'><strong>dux</strong></span> <span class='ocrx_word' id='word_1_449' title='bbox 3070 3193 3223 3248; x_wconf 84' lang='lat' dir='ltr'><strong>verbi</strong></span> <span class='ocrx_word' id='word_1_450' title='bbox 3269 3191 3518 3249; x_wconf 84' lang='lat' dir='ltr'><strong>Christus</strong></span> 
     </span>
    </p>
   </div>
   <div class='ocr_carea' id='block_1_66' title="bbox 240 3282 1848 3362">
    <p class='ocr_par' dir='ltr' id='par_1_66' title="bbox 240 3282 1839 3362">
     <span class='ocr_line' id='line_1_66' title="bbox 240 3282 1839 3362; baseline 0.002 -23"><span class='ocrx_word' id='word_1_451' title='bbox 240 3282 823 3357; x_wconf 82' lang='grc' dir='ltr'>θεσμοθεσίαν,αύτός</span> <span class='ocrx_word' id='word_1_452' title='bbox 850 3301 910 3338; x_wconf 93' lang='grc' dir='ltr'><strong>τε</strong></span> <span class='ocrx_word' id='word_1_453' title='bbox 955 3287 1297 3359; x_wconf 75' lang='grc' dir='ltr'>ἱεροπρεπῶς</span> <span class='ocrx_word' id='word_1_454' title='bbox 1330 3289 1495 3343; x_wconf 80' lang='grc' dir='ltr'>ἄκουε</span> <span class='ocrx_word' id='word_1_455' title='bbox 1538 3289 1648 3345; x_wconf 91' lang='grc' dir='ltr'><strong>τῶν</strong></span> <span class='ocrx_word' id='word_1_456' title='bbox 1681 3291 1839 3362; x_wconf 88' lang='grc' dir='ltr'>ίερῶς</span> 
     </span>
    </p>
   </div>
   <div class='ocr_carea' id='block_1_67' title="bbox 1951 3282 3514 3362">
    <p class='ocr_par' dir='ltr' id='par_1_67' title="bbox 1951 3283 3514 3358">
     <span class='ocr_line' id='line_1_67' title="bbox 1951 3283 3514 3358; baseline -0.004 -16"><span class='ocrx_word' id='word_1_457' title='bbox 1951 3286 2011 3358; x_wconf 76' lang='lat' dir='ltr'><strong>[si</strong></span> <span class='ocrx_word' id='word_1_458' title='bbox 2044 3286 2176 3341; x_wconf 85' lang='lat' dir='ltr'><strong>mihi</strong></span> <span class='ocrx_word' id='word_1_459' title='bbox 2209 3286 2292 3342; x_wconf 89' lang='lat' dir='ltr'><strong>fas</strong></span> <span class='ocrx_word' id='word_1_460' title='bbox 2333 3287 2402 3342; x_wconf 88' lang='lat' dir='ltr'><strong>sit</strong></span> <span class='ocrx_word' id='word_1_461' title='bbox 2428 3284 2635 3356; x_wconf 90' lang='lat' dir='ltr'><strong>dicere)</strong></span> <span class='ocrx_word' id='word_1_462' title='bbox 2676 3300 2851 3351; x_wconf 91' lang='lat' dir='ltr'><strong>meus,</strong></span> <span class='ocrx_word' id='word_1_463' title='bbox 2881 3285 2976 3355; x_wconf 87' lang='lat' dir='ltr'><strong>qui</strong></span> <span class='ocrx_word' id='word_1_464' title='bbox 3014 3285 3326 3341; x_wconf 87' lang='lat' dir='ltr'><strong>universam</strong></span> <span class='ocrx_word' id='word_1_465' title='bbox 3370 3283 3514 3338; x_wconf 85' lang='lat' dir='ltr'><strong>illam</strong></span> 
     </span>
    </p>
   </div>
   <div class='ocr_carea' id='block_1_68' title="bbox 239 3374 1848 3455">
    <p class='ocr_par' dir='ltr' id='par_1_68' title="bbox 239 3374 1837 3455">
     <span class='ocr_line' id='line_1_68' title="bbox 239 3374 1837 3455; baseline 0.006 -28"><span class='ocrx_word' id='word_1_466' title='bbox 239 3374 559 3446; x_wconf 80' lang='grc' dir='ltr'>λεγομένων</span> <span class='ocrx_word' id='word_1_467' title='bbox 594 3376 773 3441; x_wconf 73' lang='grc' dir='ltr'>ἔνθεος</span> <span class='ocrx_word' id='word_1_468' title='bbox 794 3379 990 3434; x_wconf 76' lang='grc' dir='ltr'>ἐνθέων</span> <span class='ocrx_word' id='word_1_469' title='bbox 1017 3381 1075 3433; x_wconf 83' lang='grc' dir='ltr'>ὲν</span> <span class='ocrx_word' id='word_1_470' title='bbox 1101 3381 1295 3452; x_wconf 83' lang='grc' dir='ltr'>μυήσει</span> <span class='ocrx_word' id='word_1_471' title='bbox 1322 3381 1622 3452; x_wconf 82' lang='grc' dir='ltr'>γινόμενος,</span> <span class='ocrx_word' id='word_1_472' title='bbox 1654 3385 1749 3437; x_wconf 75' lang='grc' dir='ltr'>καὶ</span> <span class='ocrx_word' id='word_1_473' title='bbox 1770 3385 1837 3455; x_wconf 74' lang='grc' dir='ltr'><strong>τῇ</strong></span> 
     </span>
    </p>
   </div>
   <div class='ocr_carea' id='block_1_69' title="bbox 1951 3374 3515 3455">
    <p class='ocr_par' dir='ltr' id='par_1_69' title="bbox 1951 3375 3515 3449">
     <span class='ocr_line' id='line_1_69' title="bbox 1951 3375 3515 3449; baseline -0.005 -13"><span class='ocrx_word' id='word_1_474' title='bbox 1951 3380 2339 3436; x_wconf 83' lang='lat' dir='ltr'><strong>bierarcbicam</strong></span> <span class='ocrx_word' id='word_1_475' title='bbox 2370 3380 2600 3449; x_wconf 87' lang='lat' dir='ltr'><strong>inspiret</strong></span> <span class='ocrx_word' id='word_1_476' title='bbox 2624 3379 3067 3436; x_wconf 82' lang='lat' dir='ltr'><strong>elucidatiouem.</strong></span> <span class='ocrx_word' id='word_1_477' title='bbox 3105 3378 3184 3435; x_wconf 86' lang='lat' dir='ltr'><strong>Tu</strong></span> <span class='ocrx_word' id='word_1_478' title='bbox 3223 3392 3377 3443; x_wconf 91' lang='lat' dir='ltr'><strong>vero,</strong></span> <span class='ocrx_word' id='word_1_479' title='bbox 3416 3375 3515 3441; x_wconf 84' lang='lat' dir='ltr'><strong>fili,</strong></span> 
     </span>
    </p>
   </div>
   <div class='ocr_carea' id='block_1_70' title="bbox 241 3466 1848 3547">
    <p class='ocr_par' dir='ltr' id='par_1_70' title="bbox 241 3466 1841 3547">
     <span class='ocr_line' id='line_1_70' title="bbox 241 3466 1841 3547; baseline 0.004 -26"><span class='ocrx_word' id='word_1_480' title='bbox 241 3468 389 3521; x_wconf 78' lang='grc' dir='ltr'><strong>κατά</strong></span> <span class='ocrx_word' id='word_1_481' title='bbox 420 3466 555 3521; x_wconf 79' lang='grc' dir='ltr'>νοῦν</span> <span class='ocrx_word' id='word_1_482' title='bbox 596 3469 920 3541; x_wconf 82' lang='grc' dir='ltr'>κρυφιότητι</span> <span class='ocrx_word' id='word_1_483' title='bbox 961 3469 1032 3523; x_wconf 88' lang='grc' dir='ltr'><strong>τά</strong></span> <span class='ocrx_word' id='word_1_484' title='bbox 1084 3471 1214 3539; x_wconf 83' lang='grc' dir='ltr'>ἀγια</span> <span class='ocrx_word' id='word_1_485' title='bbox 1256 3473 1601 3544; x_wconf 85' lang='grc' dir='ltr'>περιστείλας</span> <span class='ocrx_word' id='word_1_486' title='bbox 1636 3475 1703 3528; x_wconf 84' lang='grc' dir='ltr'>ὲκ</span> <span class='ocrx_word' id='word_1_487' title='bbox 1741 3476 1841 3547; x_wconf 79' lang='grc' dir='ltr'>τῆς</span> 
     </span>
    </p>
   </div>
   <div class='ocr_carea' id='block_1_71' title="bbox 1951 3466 3515 3547">
    <p class='ocr_par' dir='ltr' id='par_1_71' title="bbox 1951 3467 3515 3537">
     <span class='ocr_line' id='line_1_71' title="bbox 1951 3467 3515 3537; baseline -0.003 -12"><span class='ocrx_word' id='word_1_488' title='bbox 1951 3470 2095 3537; x_wconf 69' lang='lat' dir='ltr'><strong>iuxta</strong></span> <span class='ocrx_word' id='word_1_489' title='bbox 2126 3482 2370 3526; x_wconf 84' lang='lat' dir='ltr'><strong>sanctam</strong></span> <span class='ocrx_word' id='word_1_490' title='bbox 2409 3471 2766 3526; x_wconf 67' lang='lat' dir='ltr'><strong>ltierarchicat</strong></span> <span class='ocrx_word' id='word_1_491' title='bbox 2798 3480 2999 3526; x_wconf 66' lang='lat' dir='ltr'><strong>nostra:</strong></span> <span class='ocrx_word' id='word_1_492' title='bbox 3044 3467 3352 3524; x_wconf 88' lang='lat' dir='ltr'><strong>traditionis</strong></span> <span class='ocrx_word' id='word_1_493' title='bbox 3384 3481 3515 3522; x_wconf 82' lang='lat' dir='ltr'><strong>san-</strong></span> 
     </span>
    </p>
   </div>
   <div class='ocr_carea' id='block_1_72' title="bbox 242 3560 1848 3639">
    <p class='ocr_par' dir='ltr' id='par_1_72' title="bbox 242 3560 1842 3639">
     <span class='ocr_line' id='line_1_72' title="bbox 242 3560 1842 3639; baseline 0.005 -26"><span class='ocrx_word' id='word_1_494' title='bbox 242 3561 470 3631; x_wconf 82' lang='grc' dir='ltr'>ἀνιέρου</span> <span class='ocrx_word' id='word_1_495' title='bbox 507 3560 766 3633; x_wconf 85' lang='grc' dir='ltr'>πληθύος,</span> <span class='ocrx_word' id='word_1_496' title='bbox 803 3563 880 3626; x_wconf 83' lang='grc' dir='ltr'>ὡς</span> <span class='ocrx_word' id='word_1_497' title='bbox 918 3562 1120 3635; x_wconf 77' lang='grc' dir='ltr'>ἑνοειδῆ</span> <span class='ocrx_word' id='word_1_498' title='bbox 1146 3563 1489 3634; x_wconf 78' lang='grc' dir='ltr'>διαφύλαξονο</span> <span class='ocrx_word' id='word_1_499' title='bbox 1530 3567 1590 3620; x_wconf 81' lang='grc' dir='ltr'><strong>οὐ</strong></span> <span class='ocrx_word' id='word_1_500' title='bbox 1616 3566 1725 3639; x_wconf 89' lang='grc' dir='ltr'><strong>γάρ</strong></span> <span class='ocrx_word' id='word_1_501' title='bbox 1754 3567 1842 3621; x_wconf 88' lang='grc' dir='ltr'>θε-</span> 
     </span>
    </p>
   </div>
   <div class='ocr_carea' id='block_1_73' title="bbox 1951 3560 3517 3639">
    <p class='ocr_par' dir='ltr' id='par_1_73' title="bbox 1951 3561 3517 3634">
     <span class='ocr_line' id='line_1_73' title="bbox 1951 3561 3517 3634; baseline -0.001 -17"><span class='ocrx_word' id='word_1_502' title='bbox 1951 3564 2205 3628; x_wconf 75' lang='lat' dir='ltr'><strong>stionem,</strong></span> <span class='ocrx_word' id='word_1_503' title='bbox 2253 3571 2416 3634; x_wconf 89' lang='lat' dir='ltr'><strong>prout</strong></span> <span class='ocrx_word' id='word_1_504' title='bbox 2438 3571 2625 3617; x_wconf 86' lang='lat' dir='ltr'><strong>sancta</strong></span> <span class='ocrx_word' id='word_1_505' title='bbox 2650 3562 2825 3624; x_wconf 88' lang='lat' dir='ltr'><strong>decet,</strong></span> <span class='ocrx_word' id='word_1_506' title='bbox 2854 3561 2979 3617; x_wconf 90' lang='lat' dir='ltr'><strong>audi</strong></span> <span class='ocrx_word' id='word_1_507' title='bbox 3023 3576 3145 3632; x_wconf 68' lang='lat' dir='ltr'><strong>qum</strong></span> <span class='ocrx_word' id='word_1_508' title='bbox 3169 3569 3517 3617; x_wconf 83' lang='lat' dir='ltr'><strong>sacrosancte</strong></span> 
     </span>
    </p>
   </div>
   <div class='ocr_carea' id='block_1_74' title="bbox 248 3652 1848 3731">
    <p class='ocr_par' dir='ltr' id='par_1_74' title="bbox 248 3652 1840 3731">
     <span class='ocr_line' id='line_1_74' title="bbox 248 3652 1840 3731; baseline 0.007 -27"><span class='ocrx_word' id='word_1_509' title='bbox 248 3652 431 3722; x_wconf 79' lang='grc' dir='ltr'>μιτδν,</span> <span class='ocrx_word' id='word_1_510' title='bbox 464 3654 544 3718; x_wconf 82' lang='grc' dir='ltr'><strong>ὡς</strong></span> <span class='ocrx_word' id='word_1_511' title='bbox 564 3653 634 3708; x_wconf 78' lang='grc' dir='ltr'>τὰ</span> <span class='ocrx_word' id='word_1_512' title='bbox 664 3654 821 3723; x_wconf 89' lang='grc' dir='ltr'>λόγιά</span> <span class='ocrx_word' id='word_1_513' title='bbox 848 3673 1032 3726; x_wconf 81' lang='grc' dir='ltr'>φησιν,</span> <span class='ocrx_word' id='word_1_514' title='bbox 1067 3658 1147 3721; x_wconf 90' lang='grc' dir='ltr'><strong>εἰς</strong></span> <span class='ocrx_word' id='word_1_515' title='bbox 1170 3657 1269 3721; x_wconf 81' lang='grc' dir='ltr'><strong>ῦας</strong></span> <span class='ocrx_word' id='word_1_516' title='bbox 1290 3658 1587 3731; x_wconf 79' lang='grc' dir='ltr'>ἀπορῤίψαι</span> <span class='ocrx_word' id='word_1_517' title='bbox 1609 3661 1708 3731; x_wconf 82' lang='grc' dir='ltr'><strong>τὴν</strong></span> <span class='ocrx_word' id='word_1_518' title='bbox 1731 3661 1840 3715; x_wconf 92' lang='grc' dir='ltr'><strong>τῶν</strong></span> 
     </span>
    </p>
   </div>
   <div class='ocr_carea' id='block_1_75' title="bbox 1951 3652 3515 3731">
    <p class='ocr_par' dir='ltr' id='par_1_75' title="bbox 1951 3652 3515 3727">
     <span class='ocr_line' id='line_1_75' title="bbox 1951 3652 3515 3727; baseline 0 -18"><span class='ocrx_word' id='word_1_519' title='bbox 1951 3653 2316 3723; x_wconf 87' lang='lat' dir='ltr'><strong>proferuntur,</strong></span> <span class='ocrx_word' id='word_1_520' title='bbox 2346 3656 2574 3727; x_wconf 87' lang='lat' dir='ltr'><strong>ipsemet</strong></span> <span class='ocrx_word' id='word_1_521' title='bbox 2596 3655 2813 3712; x_wconf 89' lang='lat' dir='ltr'><strong>divinus</strong></span> <span class='ocrx_word' id='word_1_522' title='bbox 2836 3656 3018 3711; x_wconf 86' lang='lat' dir='ltr'><strong>divina</strong></span> <span class='ocrx_word' id='word_1_523' title='bbox 3042 3654 3288 3711; x_wconf 89' lang='lat' dir='ltr'><strong>doctrina</strong></span> <span class='ocrx_word' id='word_1_524' title='bbox 3316 3652 3515 3721; x_wconf 84' lang='lat' dir='ltr'><strong>factus,</strong></span> 
     </span>
    </p>
   </div>
   <div class='ocr_carea' id='block_1_76' title="bbox 242 3745 1848 3823">
    <p class='ocr_par' dir='ltr' id='par_1_76' title="bbox 242 3745 1843 3823">
     <span class='ocr_line' id='line_1_76' title="bbox 242 3745 1843 3823; baseline 0.006 -26"><span class='ocrx_word' id='word_1_525' title='bbox 242 3745 459 3816; x_wconf 82' lang='grc' dir='ltr'>νοητῶν</span> <span class='ocrx_word' id='word_1_526' title='bbox 502 3748 857 3820; x_wconf 86' lang='grc' dir='ltr'>μαργαριτῶν</span> <span class='ocrx_word' id='word_1_527' title='bbox 882 3750 1057 3823; x_wconf 84' lang='grc' dir='ltr'>ἀμιγῆ</span> <span class='ocrx_word' id='word_1_528' title='bbox 1087 3751 1179 3804; x_wconf 79' lang='grc' dir='ltr'>καὶ</span> <span class='ocrx_word' id='word_1_529' title='bbox 1227 3752 1488 3823; x_wconf 82' lang='grc' dir='ltr'>φωτοειδῆ</span> <span class='ocrx_word' id='word_1_530' title='bbox 1518 3753 1613 3806; x_wconf 78' lang='grc' dir='ltr'>καὶ</span> <span class='ocrx_word' id='word_1_531' title='bbox 1652 3753 1843 3808; x_wconf 86' lang='grc' dir='ltr'>καλλο-</span> 
     </span>
    </p>
   </div>
   <div class='ocr_carea' id='block_1_77' title="bbox 1951 3745 3514 3823">
    <p class='ocr_par' dir='ltr' id='par_1_77' title="bbox 1951 3751 3514 3821">
     <span class='ocr_line' id='line_1_77' title="bbox 1951 3751 3514 3821; baseline -0.002 -16"><span class='ocrx_word' id='word_1_532' title='bbox 1951 3760 2112 3819; x_wconf 87' lang='lat' dir='ltr'><strong>atque</strong></span> <span class='ocrx_word' id='word_1_533' title='bbox 2157 3753 2323 3807; x_wconf 91' lang='lat' dir='ltr'><strong>animi</strong></span> <span class='ocrx_word' id='word_1_534' title='bbox 2380 3762 2599 3809; x_wconf 86' lang='lat' dir='ltr'><strong>secreto</strong></span> <span class='ocrx_word' id='word_1_535' title='bbox 2638 3762 2830 3808; x_wconf 88' lang='lat' dir='ltr'><strong>sancta</strong></span> <span class='ocrx_word' id='word_1_536' title='bbox 2883 3751 3210 3818; x_wconf 89' lang='lat' dir='ltr'><strong>recondens,</strong></span> <span class='ocrx_word' id='word_1_537' title='bbox 3256 3759 3514 3821; x_wconf 83' lang='lat' dir='ltr'><strong>tanquam</strong></span> 
     </span>
    </p>
   </div>
   <div class='ocr_carea' id='block_1_78' title="bbox 246 3835 1848 3917">
    <p class='ocr_par' dir='ltr' id='par_1_78' title="bbox 246 3835 752 3909">
     <span class='ocr_line' id='line_1_78' title="bbox 246 3835 752 3909; baseline 0.012 -21"><span class='ocrx_word' id='word_1_538' title='bbox 246 3835 401 3889; x_wconf 80' lang='grc' dir='ltr'>ποιὸν</span> <span class='ocrx_word' id='word_1_539' title='bbox 430 3839 752 3909; x_wconf 79' lang='grc' dir='ltr'>εὐκοσμίαν.</span> 
     </span>
    </p>
   </div>
   <div class='ocr_carea' id='block_1_79' title="bbox 1951 3835 3517 3917">
    <p class='ocr_par' dir='ltr' id='par_1_79' title="bbox 1951 3845 3517 3917">
     <span class='ocr_line' id='line_1_79' title="bbox 1951 3845 3517 3917; baseline -0.001 -17"><span class='ocrx_word' id='word_1_540' title='bbox 1951 3845 2261 3912; x_wconf 87' lang='lat' dir='ltr'><strong>uniformia,</strong></span> <span class='ocrx_word' id='word_1_541' title='bbox 2294 3862 2323 3900; x_wconf 91' lang='lat' dir='ltr'><strong>a</strong></span> <span class='ocrx_word' id='word_1_542' title='bbox 2350 3845 2579 3917; x_wconf 86' lang='lat' dir='ltr'><strong>profana</strong></span> <span class='ocrx_word' id='word_1_543' title='bbox 2623 3847 2966 3903; x_wconf 90' lang='lat' dir='ltr'><strong>multitudine</strong></span> <span class='ocrx_word' id='word_1_544' title='bbox 2998 3860 3299 3912; x_wconf 87' lang='lat' dir='ltr'><strong>conserva;</strong></span> <span class='ocrx_word' id='word_1_545' title='bbox 3342 3858 3517 3913; x_wconf 84' lang='lat' dir='ltr'><strong>neque</strong></span> 
     </span>
    </p>
   </div>
   <div class='ocr_carea' id='block_1_80' title="bbox 244 3930 3519 4009">
    <p class='ocr_par' dir='ltr' id='par_1_80' title="bbox 244 3930 3519 4009">
     <span class='ocr_line' id='line_1_80' title="bbox 244 3930 3519 4009; baseline 0.003 -30"><span class='ocrx_word' id='word_1_546' title='bbox 244 3930 391 3982; x_wconf 86' lang='lat' dir='ltr'><strong>enim</strong></span> <span class='ocrx_word' id='word_1_547' title='bbox 423 3930 513 3985; x_wconf 82' lang='lat' dir='ltr'><strong>fas</strong></span> <span class='ocrx_word' id='word_1_548' title='bbox 544 3942 648 3997; x_wconf 91' lang='lat' dir='ltr'><strong>est,</strong></span> <span class='ocrx_word' id='word_1_549' title='bbox 671 3943 729 3988; x_wconf 92' lang='lat' dir='ltr'><strong>ut</strong></span> <span class='ocrx_word' id='word_1_550' title='bbox 759 3931 985 4003; x_wconf 85' lang='lat' dir='ltr'><strong>Eloquia</strong></span> <span class='ocrx_word' id='word_1_551' title='bbox 1022 3940 1290 3989; x_wconf 90' lang='lat' dir='ltr'><strong>testantur</strong></span> <span class='ocrx_word' id='word_1_552' title='bbox 1335 3942 1387 4000; x_wconf 70' lang='grc'>1,</span> <span class='ocrx_word' id='word_1_553' title='bbox 1434 3936 1615 4003; x_wconf 88' lang='lat' dir='ltr'><strong>porcis</strong></span> <span class='ocrx_word' id='word_1_554' title='bbox 1663 3934 1926 4003; x_wconf 88' lang='lat' dir='ltr'><strong>projicere</strong></span> <span class='ocrx_word' id='word_1_555' title='bbox 1976 3937 2301 4006; x_wconf 84' lang='lat' dir='ltr'><strong>spiritalium</strong></span> <span class='ocrx_word' id='word_1_556' title='bbox 2355 3938 2775 4009; x_wconf 77' lang='lat' dir='ltr'><strong>margaritarum</strong></span> <span class='ocrx_word' id='word_1_557' title='bbox 2817 3951 3009 4008; x_wconf 88' lang='lat' dir='ltr'><strong>purum</strong></span> <span class='ocrx_word' id='word_1_558' title='bbox 3053 3936 3227 4002; x_wconf 89' lang='lat' dir='ltr'><strong>illum,</strong></span> <span class='ocrx_word' id='word_1_559' title='bbox 3268 3952 3333 3992; x_wconf 89' lang='lat' dir='ltr'><strong>ac</strong></span> <span class='ocrx_word' id='word_1_560' title='bbox 3388 3935 3519 3990; x_wconf 84' lang='lat' dir='ltr'><strong>luci-</strong></span> 
     </span>
    </p>
   </div>
   <div class='ocr_carea' id='block_1_81' title="bbox 247 4019 1272 4092">
    <p class='ocr_par' dir='ltr' id='par_1_81' title="bbox 247 4019 1272 4092">
     <span class='ocr_line' id='line_1_81' title="bbox 247 4019 1272 4092; baseline 0.01 -22"><span class='ocrx_word' id='word_1_561' title='bbox 247 4019 379 4071; x_wconf 82' lang='lat' dir='ltr'><strong>dum</strong></span> <span class='ocrx_word' id='word_1_562' title='bbox 408 4020 899 4092; x_wconf 83' lang='lat' dir='ltr'><strong>pulchriflcumque</strong></span> <span class='ocrx_word' id='word_1_563' title='bbox 925 4023 1272 4080; x_wconf 86' lang='lat' dir='ltr'><strong>adornatum.</strong></span> 
     </span>
    </p>
   </div>
   <div class='ocr_carea' id='block_1_82' title="bbox 1410 4293 2314 4354">
    <p class='ocr_par' dir='ltr' id='par_1_82' title="bbox 1410 4293 2314 4354">
     <span class='ocr_line' id='line_1_82' title="bbox 1410 4293 2314 4354; baseline 0.001 -4"><span class='ocrx_word' id='word_1_564' title='bbox 1410 4293 1940 4354; x_wconf 80' lang='lat' dir='ltr'><strong>ADNOTATIONES</strong></span> <span class='ocrx_word' id='word_1_565' title='bbox 1971 4294 2314 4354; x_wconf 78' lang='lat' dir='ltr'><strong>CORDEBII.</strong></span> 
     </span>
    </p>
   </div>
   <div class='ocr_carea' id='block_1_83' title="bbox 247 4427 3514 4510">
    <p class='ocr_par' dir='ltr' id='par_1_83' title="bbox 247 4427 3514 4510">
     <span class='ocr_line' id='line_1_83' title="bbox 247 4427 3514 4510; baseline 0.003 -27"><span class='ocrx_word' id='word_1_566' title='bbox 247 4496 263 4510; x_wconf 51' lang='lat'><strong>.</strong></span> <span class='ocrx_word' id='word_1_567' title='bbox 321 4427 478 4510; x_wconf 45' lang='lat' dir='ltr'><strong>Cum.</strong></span> <span class='ocrx_word' id='word_1_568' title='bbox 503 4429 689 4510; x_wconf 62' lang='lat' dir='ltr'><strong>primo</strong></span> <span class='ocrx_word' id='word_1_569' title='bbox 728 4430 909 4501; x_wconf 88' lang='lat' dir='ltr'><strong>capite</strong></span> <span class='ocrx_word' id='word_1_570' title='bbox 932 4430 1364 4510; x_wconf 20' lang='lat' dir='ltr'><strong>_docnerit,t_nos</strong></span> <span class='ocrx_word' id='word_1_571' title='bbox 1394 4448 1490 4510; x_wconf 74' lang='lat' dir='ltr'><strong>per</strong></span> <span class='ocrx_word' id='word_1_572' title='bbox 1531 4433 1687 4510; x_wconf 65' lang='lat' dir='ltr'><strong>signa</strong></span> <span class='ocrx_word' id='word_1_573' title='bbox 1726 4434 2006 4510; x_wconf 78' lang='lat' dir='ltr'><strong>sensibilia</strong></span> <span class='ocrx_word' id='word_1_574' title='bbox 2048 4431 2502 4510; x_wconf 76' lang='lat' dir='ltr'><strong>itt_spiri_lua_lium</strong></span> <span class='ocrx_word' id='word_1_575' title='bbox 2537 4446 2717 4510; x_wconf 65' lang='lat' dir='ltr'><strong>rerum</strong></span> <span class='ocrx_word' id='word_1_576' title='bbox 2763 4434 3016 4510; x_wconf 79' lang='lat' dir='ltr'><strong>notitiam</strong></span> <span class='ocrx_word' id='word_1_577' title='bbox 3062 4435 3349 4501; x_wconf 88' lang='lat' dir='ltr'><strong>devenire;</strong></span> <span class='ocrx_word' id='word_1_578' title='bbox 3387 4446 3514 4507; x_wconf 90' lang='lat' dir='ltr'><strong>apte</strong></span> 
     </span>
    </p>
   </div>
   <div class='ocr_carea' id='block_1_84' title="bbox 245 4498 3513 4581">
    <p class='ocr_par' dir='ltr' id='par_1_84' title="bbox 245 4498 3513 4581">
     <span class='ocr_line' id='line_1_84' title="bbox 245 4498 3513 4581; baseline 0.005 -33"><span class='ocrx_word' id='word_1_579' title='bbox 245 4498 359 4576; x_wconf 75' lang='lat' dir='ltr'><strong>iam</strong></span> <span class='ocrx_word' id='word_1_580' title='bbox 394 4498 818 4581; x_wconf 74' lang='lat' dir='ltr'><strong>subjun_git,_res</strong></span> <span class='ocrx_word' id='word_1_581' title='bbox 846 4501 1095 4556; x_wconf 63' lang='lat' dir='ltr'><strong>caelestes</strong></span> <span class='ocrx_word' id='word_1_582' title='bbox 1119 4518 1182 4581; x_wconf 82' lang='lat' dir='ltr'><strong>ac</strong></span> <span class='ocrx_word' id='word_1_583' title='bbox 1208 4498 1499 4581; x_wconf 32' lang='lat' dir='ltr'><strong>divinajs‘in</strong></span> <span class='ocrx_word' id='word_1_584' title='bbox 1520 4498 1827 4581; x_wconf 30' lang='lat' dir='ltr'><strong>tSct&#39;ipturis</strong></span> <span class='ocrx_word' id='word_1_585' title='bbox 1856 4498 2210 4581; x_wconf 82' lang='lat' dir='ltr'><strong>dissimilibus</strong></span> <span class='ocrx_word' id='word_1_586' title='bbox 2241 4505 2410 4569; x_wconf 67' lang='lat' dir='ltr'><strong>signis</strong></span> <span class='ocrx_word' id='word_1_587' title='bbox 2445 4516 2511 4556; x_wconf 87' lang='lat' dir='ltr'><strong>ac</strong></span> <span class='ocrx_word' id='word_1_588' title='bbox 2538 4502 2726 4572; x_wconf 83' lang='lat' dir='ltr'><strong>ﬁguris</strong></span> <span class='ocrx_word' id='word_1_589' title='bbox 2757 4505 3038 4575; x_wconf 87' lang='lat' dir='ltr'><strong>explicari,</strong></span> <span class='ocrx_word' id='word_1_590' title='bbox 3073 4521 3198 4561; x_wconf 91' lang='lat' dir='ltr'><strong>cum</strong></span> <span class='ocrx_word' id='word_1_591' title='bbox 3247 4498 3347 4577; x_wconf 81' lang='lat' dir='ltr'><strong>per</strong></span> <span class='ocrx_word' id='word_1_592' title='bbox 3383 4498 3513 4578; x_wconf 68' lang='lat' dir='ltr'><strong>pro-</strong></span> 
     </span>
    </p>
   </div>
   <div class='ocr_carea' id='block_1_85' title="bbox 249 4570 2451 4645">
    <p class='ocr_par' dir='ltr' id='par_1_85' title="bbox 249 4570 2451 4645">
     <span class='ocr_line' id='line_1_85' title="bbox 249 4570 2451 4645; baseline 0.004 -25"><span class='ocrx_word' id='word_1_593' title='bbox 249 4570 429 4645; x_wconf 80' lang='lat' dir='ltr'><strong>pri_am</strong></span> <span class='ocrx_word' id='word_1_594' title='bbox 454 4570 866 4645; x_wconf 79' lang='lat' dir='ltr'><strong>similitudinem</strong></span> <span class='ocrx_word' id='word_1_595' title='bbox 900 4588 963 4645; x_wconf 81' lang='lat' dir='ltr'><strong>ac</strong></span> <span class='ocrx_word' id='word_1_596' title='bbox 993 4575 1223 4645; x_wconf 78' lang='lat' dir='ltr'><strong>speciem</strong></span> <span class='ocrx_word' id='word_1_597' title='bbox 1254 4592 1286 4645; x_wconf 76' lang='lat' dir='ltr'><strong>a</strong></span> <span class='ocrx_word' id='word_1_598' title='bbox 1316 4575 1471 4629; x_wconf 88' lang='lat' dir='ltr'><strong>nobis</strong></span> <span class='ocrx_word' id='word_1_599' title='bbox 1520 4574 1572 4645; x_wconf 85' lang='lat' dir='ltr'><strong>in</strong></span> <span class='ocrx_word' id='word_1_600' title='bbox 1606 4570 1707 4628; x_wconf 84' lang='lat' dir='ltr'><strong>hac</strong></span> <span class='ocrx_word' id='word_1_601' title='bbox 1741 4576 1846 4629; x_wconf 89' lang='lat' dir='ltr'><strong>vita</strong></span> <span class='ocrx_word' id='word_1_602' title='bbox 1880 4576 2131 4645; x_wconf 80' lang='lat' dir='ltr'><strong>cognosci</strong></span> <span class='ocrx_word' id='word_1_603' title='bbox 2162 4584 2451 4645; x_wconf 84' lang='lat' dir='ltr'><strong>nequeant.</strong></span> 
     </span>
    </p>
   </div>
   <div class='ocr_carea' id='block_1_86' title="bbox 323 4636 3508 4727">
    <p class='ocr_par' dir='ltr' id='par_1_86' title="bbox 323 4636 3508 4727">
     <span class='ocr_line' id='line_1_86' title="bbox 323 4636 3508 4727; baseline 0.004 -38"><span class='ocrx_word' id='word_1_604' title='bbox 323 4636 794 4727; x_wconf 20' lang='lat' dir='ltr'><strong>§Ulttltctprimum</strong></span> <span class='ocrx_word' id='word_1_605' title='bbox 826 4636 1041 4727; x_wconf 79' lang='lat' dir='ltr'><strong>quidem</strong></span> <span class='ocrx_word' id='word_1_606' title='bbox 1071 4642 1204 4727; x_wconf 59' lang='lat' dir='ltr'><strong>facit</strong></span> <span class='ocrx_word' id='word_1_607' title='bbox 1240 4644 1553 4727; x_wconf 46' lang='lat' dir='ltr'><strong>Operis.sui</strong></span> <span class='ocrx_word' id='word_1_608' title='bbox 1582 4636 2043 4727; x_wconf 63' lang='lat' dir='ltr'><strong>distributionem,</strong></span> <span class='ocrx_word' id='word_1_609' title='bbox 2073 4655 2126 4699; x_wconf 89' lang='lat' dir='ltr'><strong>et</strong></span> <span class='ocrx_word' id='word_1_610' title='bbox 2154 4636 2279 4727; x_wconf 60' lang='lat' dir='ltr'><strong>qutil</strong></span> <span class='ocrx_word' id='word_1_611' title='bbox 2330 4644 2381 4697; x_wconf 94' lang='lat' dir='ltr'><strong>in</strong></span> <span class='ocrx_word' id='word_1_612' title='bbox 2419 4644 2668 4727; x_wconf 65' lang='lat' dir='ltr'><strong>praesenti</strong></span> <span class='ocrx_word' id='word_1_613' title='bbox 2703 4652 2935 4727; x_wconf 82' lang='lat' dir='ltr'><strong>tractatu</strong></span> <span class='ocrx_word' id='word_1_614' title='bbox 2985 4654 3219 4727; x_wconf 87' lang='lat' dir='ltr'><strong>spectet,</strong></span> <span class='ocrx_word' id='word_1_615' title='bbox 3246 4648 3470 4727; x_wconf 69' lang='lat' dir='ltr'><strong>exponit</strong></span> <span class='ocrx_word' id='word_1_616' title='bbox 3492 4690 3508 4713; x_wconf 89' lang='lat'><strong>,</strong></span> 
     </span>
    </p>
   </div>
   <div class='ocr_carea' id='block_1_87' title="bbox 249 4714 3510 4788">
    <p class='ocr_par' dir='ltr' id='par_1_87' title="bbox 249 4714 3510 4788">
     <span class='ocr_line' id='line_1_87' title="bbox 249 4714 3510 4788; baseline 0.004 -27"><span class='ocrx_word' id='word_1_617' title='bbox 249 4717 500 4788; x_wconf 75' lang='lat' dir='ltr'><strong>et__cau_te</strong></span> <span class='ocrx_word' id='word_1_618' title='bbox 538 4719 744 4771; x_wconf 89' lang='lat' dir='ltr'><strong>monet,</strong></span> <span class='ocrx_word' id='word_1_619' title='bbox 785 4726 882 4767; x_wconf 90' lang='lat' dir='ltr'><strong>nos</strong></span> <span class='ocrx_word' id='word_1_620' title='bbox 928 4726 1023 4780; x_wconf 86' lang='lat' dir='ltr'><strong>per</strong></span> <span class='ocrx_word' id='word_1_621' title='bbox 1060 4714 1266 4788; x_wconf 78' lang='lat' dir='ltr'><strong>eflictas</strong></span> <span class='ocrx_word' id='word_1_622' title='bbox 1309 4714 1620 4788; x_wconf 73' lang='lat' dir='ltr'><strong>angelorum</strong></span> <span class='ocrx_word' id='word_1_623' title='bbox 1665 4714 1869 4788; x_wconf 81' lang='lat' dir='ltr'><strong>formas</strong></span> <span class='ocrx_word' id='word_1_624' title='bbox 1914 4718 1981 4771; x_wconf 89' lang='lat' dir='ltr'><strong>ad</strong></span> <span class='ocrx_word' id='word_1_625' title='bbox 2027 4716 2354 4788; x_wconf 62' lang='lat' dir='ltr'><strong>eormndeur</strong></span> <span class='ocrx_word' id='word_1_626' title='bbox 2387 4714 2686 4788; x_wconf 82' lang='lat' dir='ltr'><strong>simplicem</strong></span> <span class='ocrx_word' id='word_1_627' title='bbox 2732 4722 2988 4788; x_wconf 83' lang='lat' dir='ltr'><strong>naturam</strong></span> <span class='ocrx_word' id='word_1_628' title='bbox 3017 4714 3510 4785; x_wconf 69' lang='lat' dir='ltr'><strong>contemplandum</strong></span> 
     </span>
    </p>
   </div>
   <div class='ocr_carea' id='block_1_88' title="bbox 246 4778 3513 4861">
    <p class='ocr_par' dir='ltr' id='par_1_88' title="bbox 246 4778 3513 4861">
     <span class='ocr_line' id='line_1_88' title="bbox 246 4778 3513 4861; baseline 0.004 -33"><span class='ocrx_word' id='word_1_629' title='bbox 246 4778 454 4861; x_wconf 68' lang='lat' dir='ltr'><strong>auldnct</strong></span> <span class='ocrx_word' id='word_1_630' title='bbox 497 4790 772 4861; x_wconf 83' lang='lat' dir='ltr'><strong>oportere.</strong></span> <span class='ocrx_word' id='word_1_631' title='bbox 812 4794 892 4847; x_wconf 89' lang='lat' dir='ltr'><strong>ut,</strong></span> <span class='ocrx_word' id='word_1_632' title='bbox 927 4778 1047 4861; x_wconf 71' lang='lat' dir='ltr'><strong>cum</strong></span> <span class='ocrx_word' id='word_1_633' title='bbox 1100 4778 1833 4861; x_wconf 29' lang='lat' dir='ltr'><strong>Scripturalverbigratia,</strong></span> <span class='ocrx_word' id='word_1_634' title='bbox 1878 4788 2069 4861; x_wconf 82' lang='lat' dir='ltr'><strong>tribuit</strong></span> <span class='ocrx_word' id='word_1_635' title='bbox 2109 4786 2299 4861; x_wconf 77' lang='lat' dir='ltr'><strong>angelo</strong></span> <span class='ocrx_word' id='word_1_636' title='bbox 2330 4778 2560 4845; x_wconf 49' lang='lat' dir='ltr'><strong>forma-tn</strong></span> <span class='ocrx_word' id='word_1_637' title='bbox 2589 4786 2819 4861; x_wconf 72' lang='lat' dir='ltr'><strong>efﬁctam</strong></span> <span class='ocrx_word' id='word_1_638' title='bbox 2866 4786 3082 4861; x_wconf 53' lang='lat' dir='ltr'><strong>aquila},</strong></span> <span class='ocrx_word' id='word_1_639' title='bbox 3121 4778 3388 4861; x_wconf 47' lang='lat' dir='ltr'><strong>sciat-nus,</strong></span> <span class='ocrx_word' id='word_1_640' title='bbox 3416 4802 3513 4861; x_wconf 84' lang='lat' dir='ltr'><strong>per</strong></span> 
     </span>
    </p>
   </div>
   <div class='ocr_carea' id='block_1_89' title="bbox 248 4846 3512 4935">
    <p class='ocr_par' dir='ltr' id='par_1_89' title="bbox 248 4846 3512 4935">
     <span class='ocr_line' id='line_1_89' title="bbox 248 4846 3512 4935; baseline 0.006 -38"><span class='ocrx_word' id='word_1_641' title='bbox 248 4846 810 4935; x_wconf 44' lang='lat' dir='ltr'><strong>bancpforinationem</strong></span> <span class='ocrx_word' id='word_1_642' title='bbox 841 4846 1350 4935; x_wconf 40' lang='lat' dir='ltr'><strong>aquilae,.qu;e&#39;non</strong></span> <span class='ocrx_word' id='word_1_643' title='bbox 1388 4846 1663 4935; x_wconf 45' lang='lat' dir='ltr'><strong>simplicis:</strong></span> <span class='ocrx_word' id='word_1_644' title='bbox 1681 4846 1888 4935; x_wconf 62' lang='lat' dir='ltr'><strong>natura:</strong></span> <span class='ocrx_word' id='word_1_645' title='bbox 1929 4858 2021 4935; x_wconf 76' lang='lat' dir='ltr'><strong>sed</strong></span> <span class='ocrx_word' id='word_1_646' title='bbox 2054 4846 2372 4935; x_wconf 63' lang='lat' dir='ltr'><strong>compositae</strong></span> <span class='ocrx_word' id='word_1_647' title='bbox 2419 4870 2527 4935; x_wconf 74' lang='lat' dir='ltr'><strong>est,</strong></span> <span class='ocrx_word' id='word_1_648' title='bbox 2565 4855 2773 4935; x_wconf 65' lang='grc' dir='ltr'>ηοεβά</span> <span class='ocrx_word' id='word_1_649' title='bbox 2808 4846 2936 4923; x_wconf 76' lang='lat' dir='ltr'><strong>Quid</strong></span> <span class='ocrx_word' id='word_1_650' title='bbox 2976 4846 3203 4935; x_wconf 74' lang='lat' dir='ltr'><strong>simplex</strong></span> <span class='ocrx_word' id='word_1_651' title='bbox 3238 4857 3289 4935; x_wconf 83' lang='lat' dir='ltr'><strong>in</strong></span> <span class='ocrx_word' id='word_1_652' title='bbox 3318 4846 3512 4935; x_wconf 68' lang='lat' dir='ltr'><strong>angelo</strong></span> 
     </span>
    </p>
   </div>
   <div class='ocr_carea' id='block_1_90' title="bbox 247 4917 3512 5001">
    <p class='ocr_par' dir='ltr' id='par_1_90' title="bbox 247 4917 3512 5001">
     <span class='ocr_line' id='line_1_90' title="bbox 247 4917 3512 5001; baseline 0.005 -31"><span class='ocrx_word' id='word_1_653' title='bbox 247 4917 666 5001; x_wconf 72' lang='lat' dir='ltr'><strong>ititettigenduin</strong></span> <span class='ocrx_word' id='word_1_654' title='bbox 697 4917 974 5001; x_wconf 58' lang='lat' dir='ltr'><strong>revocari;</strong></span> <span class='ocrx_word' id='word_1_655' title='bbox 1003 4917 1217 5001; x_wconf 77' lang='lat' dir='ltr'><strong>scilicet</strong></span> <span class='ocrx_word' id='word_1_656' title='bbox 1241 4917 1562 5001; x_wconf 70' lang='lat' dir='ltr'><strong>revocamur</strong></span> <span class='ocrx_word' id='word_1_657' title='bbox 1585 4927 1651 5001; x_wconf 51' lang='grc' dir='ltr'>σᾳ</span> <span class='ocrx_word' id='word_1_658' title='bbox 1681 4925 2086 5001; x_wconf 80' lang='lat' dir='ltr'><strong>intelligendum</strong></span> <span class='ocrx_word' id='word_1_659' title='bbox 2124 4917 2243 4981; x_wconf 78' lang='lat' dir='ltr'><strong>esse</strong></span> <span class='ocrx_word' id='word_1_660' title='bbox 2286 4927 2340 4981; x_wconf 88' lang='lat' dir='ltr'><strong>in</strong></span> <span class='ocrx_word' id='word_1_661' title='bbox 2371 4917 2578 5001; x_wconf 76' lang='lat' dir='ltr'><strong>angelis</strong></span> <span class='ocrx_word' id='word_1_662' title='bbox 2616 4929 2787 5001; x_wconf 79' lang='lat' dir='ltr'><strong>aciem</strong></span> <span class='ocrx_word' id='word_1_663' title='bbox 2814 4917 3107 4996; x_wconf 64' lang='lat' dir='ltr'><strong>duamdam</strong></span> <span class='ocrx_word' id='word_1_664' title='bbox 3137 4917 3512 4987; x_wconf 63' lang='lat' dir='ltr'><strong>acutissimam</strong></span> 
     </span>
    </p>
   </div>
   <div class='ocr_carea' id='block_1_91' title="bbox 246 4988 3512 5072">
    <p class='ocr_par' dir='ltr' id='par_1_91' title="bbox 246 4988 3512 5072">
     <span class='ocr_line' id='line_1_91' title="bbox 246 4988 3512 5072; baseline 0.006 -35"><span class='ocrx_word' id='word_1_665' title='bbox 246 4988 523 5072; x_wconf 74' lang='lat' dir='ltr'><strong>spiritalis</strong></span> <span class='ocrx_word' id='word_1_666' title='bbox 561 5000 617 5043; x_wconf 86' lang='lat' dir='ltr'><strong>et</strong></span> <span class='ocrx_word' id='word_1_667' title='bbox 644 4990 889 5072; x_wconf 69' lang='lat' dir='ltr'><strong>sublimis</strong></span> <span class='ocrx_word' id='word_1_668' title='bbox 920 4993 1321 5072; x_wconf 67' lang='lat' dir='ltr'><strong>perspicientia:</strong></span> <span class='ocrx_word' id='word_1_669' title='bbox 1357 5016 1369 5049; x_wconf 83' lang='lat'>;</span> <span class='ocrx_word' id='word_1_670' title='bbox 1398 5002 1566 5072; x_wconf 69' lang='lat' dir='ltr'><strong>atque</strong></span> <span class='ocrx_word' id='word_1_671' title='bbox 1590 4994 1643 5072; x_wconf 78' lang='lat' dir='ltr'><strong>id</strong></span> <span class='ocrx_word' id='word_1_672' title='bbox 1679 4988 1900 5072; x_wconf 74' lang='lat' dir='ltr'><strong>quidem</strong></span> <span class='ocrx_word' id='word_1_673' title='bbox 1943 5010 2167 5072; x_wconf 67' lang='lat' dir='ltr'><strong>necesse</strong></span> <span class='ocrx_word' id='word_1_674' title='bbox 2194 4988 2481 5072; x_wconf 26' lang='lat' dir='ltr'><strong>esttsciré&#39;,</strong></span> <span class='ocrx_word' id='word_1_675' title='bbox 2520 5017 2587 5072; x_wconf 87' lang='lat' dir='ltr'><strong>ne</strong></span> <span class='ocrx_word' id='word_1_676' title='bbox 2614 4998 2769 5072; x_wconf 86' lang='lat' dir='ltr'><strong>nobis</strong></span> <span class='ocrx_word' id='word_1_677' title='bbox 2793 4988 3027 5072; x_wconf 47' lang='lat' dir='ltr'><strong>eveniat</strong></span> <span class='ocrx_word' id='word_1_678' title='bbox 3063 5001 3205 5070; x_wconf 86' lang='lat' dir='ltr'><strong>quod</strong></span> <span class='ocrx_word' id='word_1_679' title='bbox 3239 5014 3421 5072; x_wconf 84' lang='lat' dir='ltr'><strong>vulgo.</strong></span> <span class='ocrx_word' id='word_1_680' title='bbox 3452 5012 3512 5058; x_wconf 82' lang='lat' dir='ltr'><strong>ut</strong></span> 
     </span>
    </p>
   </div>
   <div class='ocr_carea' id='block_1_92' title="bbox 246 5059 3508 5141">
    <p class='ocr_par' dir='ltr' id='par_1_92' title="bbox 246 5059 3508 5141">
     <span class='ocr_line' id='line_1_92' title="bbox 246 5059 3508 5141; baseline 0.006 -32"><span class='ocrx_word' id='word_1_681' title='bbox 246 5059 645 5141; x_wconf 44' lang='lat' dir='ltr'><strong>existimemus.</strong></span> <span class='ocrx_word' id='word_1_682' title='bbox 670 5059 809 5115; x_wconf 88' lang='lat' dir='ltr'><strong>forte</strong></span> <span class='ocrx_word' id='word_1_683' title='bbox 848 5059 1292 5141; x_wconf 45' lang='lat' dir='ltr'><strong>babere&#39;angelos</strong></span> <span class='ocrx_word' id='word_1_684' title='bbox 1327 5059 1509 5141; x_wconf 64' lang='lat' dir='ltr'><strong>pedes,</strong></span> <span class='ocrx_word' id='word_1_685' title='bbox 1542 5059 1730 5128; x_wconf 74' lang='lat' dir='ltr'><strong>facies,</strong></span> <span class='ocrx_word' id='word_1_686' title='bbox 1758 5064 1892 5141; x_wconf 76' lang='lat' dir='ltr'><strong>alas,</strong></span> <span class='ocrx_word' id='word_1_687' title='bbox 1920 5076 1973 5120; x_wconf 93' lang='lat' dir='ltr'><strong>et</strong></span> <span class='ocrx_word' id='word_1_688' title='bbox 2009 5068 2257 5141; x_wconf 83' lang='lat' dir='ltr'><strong>similiter</strong></span> <span class='ocrx_word' id='word_1_689' title='bbox 2292 5068 2342 5122; x_wconf 91' lang='lat' dir='ltr'><strong>in</strong></span> <span class='ocrx_word' id='word_1_690' title='bbox 2374 5059 2494 5125; x_wconf 81' lang='lat' dir='ltr'><strong>aliis</strong></span> <span class='ocrx_word' id='word_1_691' title='bbox 2524 5070 2716 5126; x_wconf 89' lang='lat' dir='ltr'><strong>formis</strong></span> <span class='ocrx_word' id='word_1_692' title='bbox 2753 5067 2947 5125; x_wconf 66' lang='lat' dir='ltr'><strong>edictis</strong></span> <span class='ocrx_word' id='word_1_693' title='bbox 2968 5109 2987 5137; x_wconf 94' lang='lat'><strong>,</strong></span> <span class='ocrx_word' id='word_1_694' title='bbox 3044 5059 3141 5140; x_wconf 62' lang='lat' dir='ltr'><strong>p&#39;er</strong></span> <span class='ocrx_word' id='word_1_695' title='bbox 3172 5085 3308 5141; x_wconf 89' lang='lat' dir='ltr'><strong>quas</strong></span> <span class='ocrx_word' id='word_1_696' title='bbox 3333 5059 3508 5129; x_wconf 52' lang='lat' dir='ltr'><strong>&quot;scri-</strong></span> 
     </span>
    </p>
   </div>
   <div class='ocr_carea' id='block_1_93' title="bbox 249 5130 2328 5208">
    <p class='ocr_par' dir='ltr' id='par_1_93' title="bbox 249 5130 2328 5208">
     <span class='ocr_line' id='line_1_93' title="bbox 249 5130 2328 5208; baseline 0.005 -29"><span class='ocrx_word' id='word_1_697' title='bbox 249 5137 418 5208; x_wconf 64' lang='lat' dir='ltr'><strong>putra</strong></span> <span class='ocrx_word' id='word_1_698' title='bbox 448 5143 549 5208; x_wconf 78' lang='lat' dir='ltr'><strong>nos</strong></span> <span class='ocrx_word' id='word_1_699' title='bbox 581 5130 648 5182; x_wconf 88' lang='lat' dir='ltr'><strong>ad</strong></span> <span class='ocrx_word' id='word_1_700' title='bbox 672 5146 957 5208; x_wconf 72' lang='lat' dir='ltr'><strong>ascensum</strong></span> <span class='ocrx_word' id='word_1_701' title='bbox 986 5130 1342 5208; x_wconf 64' lang='lat' dir='ltr'><strong>anaguigiculti</strong></span> <span class='ocrx_word' id='word_1_702' title='bbox 1376 5134 1534 5188; x_wconf 87' lang='lat' dir='ltr'><strong>nobis</strong></span> <span class='ocrx_word' id='word_1_703' title='bbox 1573 5139 2043 5208; x_wconf 86' lang='lat' dir='ltr'><strong>accommodatum</strong></span> <span class='ocrx_word' id='word_1_704' title='bbox 2073 5138 2281 5192; x_wconf 87' lang='lat' dir='ltr'><strong>invitat.</strong></span> <span class='ocrx_word' id='word_1_705' title='bbox 2324 5169 2328 5175; x_wconf 93' lang='lat'><strong><em>-</em></strong></span> 
     </span>
    </p>
   </div>
   <div class='ocr_carea' id='block_1_94' title="bbox 252 5194 3511 5281">
    <p class='ocr_par' dir='ltr' id='par_1_94' title="bbox 252 5194 3511 5281">
     <span class='ocr_line' id='line_1_94' title="bbox 252 5194 3511 5281; baseline 0.007 -34"><span class='ocrx_word' id='word_1_706' title='bbox 252 5194 562 5281; x_wconf 23' lang='lat' dir='ltr'><strong>gul’oettct&#39;s</strong></span> <span class='ocrx_word' id='word_1_707' title='bbox 606 5213 785 5254; x_wconf 78' lang='lat' dir='ltr'><strong>sancte</strong></span> <span class='ocrx_word' id='word_1_708' title='bbox 821 5194 1315 5281; x_wconf 34' lang='lat' dir='ltr'><strong>(ictionilguifﬂiuc</strong></span> <span class='ocrx_word' id='word_1_709' title='bbox 1359 5214 1506 5281; x_wconf 81' lang='lat' dir='ltr'><strong>patet</strong></span> <span class='ocrx_word' id='word_1_710' title='bbox 1544 5220 1760 5281; x_wconf 80' lang='lat' dir='ltr'><strong>omnem</strong></span> <span class='ocrx_word' id='word_1_711' title='bbox 1800 5207 2124 5281; x_wconf 76' lang='lat' dir='ltr'><strong>theologiam</strong></span> <span class='ocrx_word' id='word_1_712' title='bbox 2174 5211 2526 5281; x_wconf 81' lang='lat' dir='ltr'><strong>symbolicam</strong></span> <span class='ocrx_word' id='word_1_713' title='bbox 2587 5211 3049 5281; x_wconf 22' lang='lat' dir='ltr'><strong>haberewaliqnid</strong></span> <span class='ocrx_word' id='word_1_714' title='bbox 3099 5209 3357 5278; x_wconf 73' lang='lat' dir='ltr'><strong>elﬁctum,</strong></span> <span class='ocrx_word' id='word_1_715' title='bbox 3397 5214 3511 5269; x_wconf 85' lang='lat' dir='ltr'><strong>sive</strong></span> 
     </span>
    </p>
   </div>
   <div class='ocr_carea' id='block_1_95' title="bbox 248 5264 3505 5354">
    <p class='ocr_par' dir='ltr' id='par_1_95' title="bbox 248 5264 3505 5354">
     <span class='ocr_line' id='line_1_95' title="bbox 248 5264 3505 5354; baseline 0.006 -35"><span class='ocrx_word' id='word_1_716' title='bbox 248 5264 388 5321; x_wconf 83' lang='lat' dir='ltr'><strong>illud</strong></span> <span class='ocrx_word' id='word_1_717' title='bbox 419 5268 491 5323; x_wconf 87' lang='lat' dir='ltr'><strong>sit</strong></span> <span class='ocrx_word' id='word_1_718' title='bbox 520 5271 574 5323; x_wconf 90' lang='lat' dir='ltr'><strong>in</strong></span> <span class='ocrx_word' id='word_1_719' title='bbox 607 5264 971 5337; x_wconf 76' lang='lat' dir='ltr'><strong>sermonibus,</strong></span> <span class='ocrx_word' id='word_1_720' title='bbox 1002 5273 1117 5327; x_wconf 88' lang='lat' dir='ltr'><strong>sive</strong></span> <span class='ocrx_word' id='word_1_721' title='bbox 1149 5272 1203 5328; x_wconf 89' lang='lat' dir='ltr'><strong>in</strong></span> <span class='ocrx_word' id='word_1_722' title='bbox 1238 5264 1573 5341; x_wconf 72' lang='lat' dir='ltr'><strong>nominibus,</strong></span> <span class='ocrx_word' id='word_1_723' title='bbox 1603 5276 1716 5330; x_wconf 87' lang='lat' dir='ltr'><strong>sive</strong></span> <span class='ocrx_word' id='word_1_724' title='bbox 1750 5277 1917 5331; x_wconf 87' lang='lat' dir='ltr'><strong>etiam</strong></span> <span class='ocrx_word' id='word_1_725' title='bbox 1963 5264 2015 5331; x_wconf 68' lang='lat' dir='ltr'><strong>in</strong></span> <span class='ocrx_word' id='word_1_726' title='bbox 2048 5264 2238 5333; x_wconf 59' lang='lat' dir='ltr'><strong>formi&#39;s</strong></span> <span class='ocrx_word' id='word_1_727' title='bbox 2271 5264 3505 5354; x_wconf 28' lang='lat' dir='ltr'><strong>sensui—subjectis.—maxime&quot;vero—proprium</strong></span> 
     </span>
    </p>
   </div>
   <div class='ocr_carea' id='block_1_96' title="bbox 307 5452 1825 5523">
    <p class='ocr_par' dir='ltr' id='par_1_96' title="bbox 307 5452 1825 5523">
     <span class='ocr_line' id='line_1_96' title="bbox 307 5452 1825 5523; baseline 0.006 -16"><span class='ocrx_word' id='word_1_728' title='bbox 307 5460 340 5489; x_wconf 71' lang='grc' dir='ltr'><strong>ν</strong></span> <span class='ocrx_word' id='word_1_729' title='bbox 368 5452 513 5507; x_wconf 78' lang='lat' dir='ltr'><strong>Osee</strong></span> <span class='ocrx_word' id='word_1_730' title='bbox 559 5467 681 5516; x_wconf 89' lang='lat' dir='ltr'><strong>xm,</strong></span> <span class='ocrx_word' id='word_1_731' title='bbox 710 5453 765 5506; x_wconf 84' lang='lat'><strong>7.</strong></span> <span class='ocrx_word' id='word_1_732' title='bbox 842 5469 866 5496; x_wconf 79' lang='grc' dir='ltr'><strong>ι</strong></span> <span class='ocrx_word' id='word_1_733' title='bbox 890 5455 1035 5511; x_wconf 88' lang='lat' dir='ltr'><strong>Psal.</strong></span> <span class='ocrx_word' id='word_1_734' title='bbox 1062 5473 1176 5523; x_wconf 85' lang='lat' dir='ltr'><strong>xxI,</strong></span> <span class='ocrx_word' id='word_1_735' title='bbox 1223 5458 1280 5513; x_wconf 89' lang='grc'><strong>’1.</strong></span> <span class='ocrx_word' id='word_1_736' title='bbox 1355 5469 1384 5507; x_wconf 69' lang='grc'><strong><em>1</em></strong></span> <span class='ocrx_word' id='word_1_737' title='bbox 1420 5459 1609 5515; x_wconf 86' lang='lat' dir='ltr'><strong>Matth.</strong></span> <span class='ocrx_word' id='word_1_738' title='bbox 1644 5476 1739 5523; x_wconf 87' lang='lat' dir='ltr'><strong>vtt,</strong></span> <span class='ocrx_word' id='word_1_739' title='bbox 1772 5462 1825 5516; x_wconf 85' lang='lat'><strong>6.</strong></span> 
     </span>
    </p>
   </div>
   <div class='ocr_carea' id='block_1_97' title="bbox 1534 5635 2214 5695">
    <p class='ocr_par' dir='ltr' id='par_1_97' title="bbox 1534 5635 2214 5695">
     <span class='ocr_line' id='line_1_97' title="bbox 1534 5635 2214 5695; baseline 0.01 -6"><span class='ocrx_word' id='word_1_740' title='bbox 1534 5635 1772 5692; x_wconf 68' lang='lat' dir='ltr'><strong>VARIE</strong></span> <span class='ocrx_word' id='word_1_741' title='bbox 1812 5636 2214 5695; x_wconf 82' lang='lat' dir='ltr'><strong>LECTIONES.</strong></span> 
     </span>
    </p>
   </div>
   <div class='ocr_carea' id='block_1_98' title="bbox 325 5746 2625 5830">
    <p class='ocr_par' dir='ltr' id='par_1_98' title="bbox 325 5746 2625 5830">
     <span class='ocr_line' id='line_1_98' title="bbox 325 5746 2625 5830; baseline 0.004 -29"><span class='ocrx_word' id='word_1_742' title='bbox 325 5747 369 5777; x_wconf 78' lang='grc'><strong>⁸⁷</strong></span> <span class='ocrx_word' id='word_1_743' title='bbox 406 5746 480 5801; x_wconf 78' lang='lat' dir='ltr'><strong>II.</strong></span> <span class='ocrx_word' id='word_1_744' title='bbox 504 5747 809 5819; x_wconf 82' lang='grc' dir='ltr'>ἀχράντων.</span> <span class='ocrx_word' id='word_1_745' title='bbox 887 5750 931 5783; x_wconf 79' lang='grc'>⁸⁸</span> <span class='ocrx_word' id='word_1_746' title='bbox 972 5750 1039 5805; x_wconf 77' lang='grc' dir='ltr'><strong>Μ.</strong></span> <span class='ocrx_word' id='word_1_747' title='bbox 1075 5753 1384 5824; x_wconf 72' lang='grc' dir='ltr'>ἀπομεῐναι.</span> <span class='ocrx_word' id='word_1_748' title='bbox 1463 5752 1622 5808; x_wconf 80' lang='lat' dir='ltr'><strong>&quot;Ch.</strong></span> <span class='ocrx_word' id='word_1_749' title='bbox 1660 5754 1721 5809; x_wconf 81' lang='grc' dir='ltr'><strong>Ι).</strong></span> <span class='ocrx_word' id='word_1_750' title='bbox 1756 5754 1817 5810; x_wconf 84' lang='lat' dir='ltr'><strong>P.</strong></span> <span class='ocrx_word' id='word_1_751' title='bbox 1846 5755 1965 5810; x_wconf 78' lang='grc' dir='ltr'>οὐδὲ</span> <span class='ocrx_word' id='word_1_752' title='bbox 2000 5757 2126 5830; x_wconf 79' lang='grc' dir='ltr'>γάρ.</span> <span class='ocrx_word' id='word_1_753' title='bbox 2204 5758 2247 5789; x_wconf 84' lang='grc'><strong>⁷⁸</strong></span> <span class='ocrx_word' id='word_1_754' title='bbox 2286 5756 2356 5812; x_wconf 78' lang='grc' dir='ltr'><strong>Μ.</strong></span> <span class='ocrx_word' id='word_1_755' title='bbox 2386 5758 2625 5828; x_wconf 81' lang='grc' dir='ltr'>ἀγωγήν.</span> 
     </span>
    </p>
   </div>
  </div>
