3908 6232
425 307 521 360 151

1605 324 1645 382 S
1707 328 2005 388 DIONYSII
2045 336 2507 397 AREOPAGITE

3572 357 3678 416 152

421 430 529 482 ter,
556 422 780 476 vcrlum
812 421 967 497 οἶμαι
997 432 1294 487 secundum
1345 442 1577 513 veteres)
1618 444 1851 509 primum
1892 462 1954 500 ex

421 524 626 547 nnnnln
669 528 828 547 nilum
854 535 1116 547 ιιηι-ιΛ-ι-..ι
1138 531 1246 547 an.“
1271 533 1383 547 .___
1403 539 1481 547 .-.ν
1505 531 1516 544 ο
1844 536 1856 547 ι
1951 541 1954 547 .

2061 493 2068 512 ,
2101 452 2405 524 παλαιοὺς),
2430 456 2646 527 πρῶτον
2666 459 2942 526 ἐκθέσθαι,
2963 463 3083 517 τίνα
3112 467 3208 537 μὲν
3229 468 3321 522 τὸν
3334 471 3433 543 τῆς
3460 470 3678 547 ἀπάσης

421 524 646 578 ponere,
669 528 829 582 quem
853 519 1117 575 universae
1138 531 1247 576 tam
1271 531 1549 585 terrestris
1569 548 1732 602 quam
1753 536 1994 594 caelestis

2098 546 2193 597 καὶ
2219 548 2416 619 γηῖνης
2444 551 2538 604 καὶ
2574 552 2824 624 οὐρανίου
2870 555 3147 628 ίεραρχίας
3184 560 3384 617 σκοπὸν
3410 546 3672 635 οίόμεθά’

420 599 744 661 ὶιίετοῑοίιὶω
805 624 1028 679 scopum
1078 612 1415 673 arbitremur
1474 622 1836 691 (arbitremur
1884 633 1954 702 21

420 702 600 727 nulum
646 697 779 727 ,Ιῖ-ἕο
838 716 936 727 ..ιι-ι.
969 718 1059 727 Α---
1103 707 1308 727 _L2|-_-
1361 711 1412 727 ι.
1592 717 1604 727 .
1751 722 1761 727 -
1886 723 1912 727 λ

2098 599 2619 708 (οιόιὶέθαάξιῖπέ,
2644 599 2789 699 ικατὰ
2827 599 3174 722 φιλόσόφοῖῆ
3201 652 3445 722 φιλόθεον
3471 599 3673 727 μέλλον

418 702 601 747 autem
645 697 800 759 dixit,
838 716 939 769 pro
967 718 1063 759 sua
1103 707 1481 780 philosophica
1521 717 1605 772 vel
1653 722 1833 787 potius
1883 697 1993 780 ἧεό

416 782 588 835 amica
621 786 933 858 modestia);
956 795 1153 863 quidve
1172 804 1346 868 prosit
1369 803 1624 873 quaelibet
1650 782 1798 863 hiera
1810 814 1990 868 rchia-

416 887 537 925 rum
568 874 708 943 (sive
733 880 1013 938 caelestem
1053 886 1282 956 dixeris,
1317 893 1434 947 sive
1462 900 1730 970 nostram)
1763 905 1846 957 sui
1885 905 1989 960 ini-

416 962 705 1022 tiatoribus
758 969 1055 1029 initiatixve
1098 994 1111 1030 :
1162 982 1362 1037 deinde
1405 1000 1535 1039 vero
1578 962 1874 1049 dicendum
1923 998 1989 1053 de

413 1056 734 1115 caelestibus
768 1063 1123 1133 hierarchiis,
1160 1073 1316 1140 juxta
1350 1076 1520 1145 illam,
1542 1096 1707 1149 quam
1738 1085 1806 1139 de
1834 1086 1899 1140 iis
1932 1087 1984 1141 in

411 1150 585 1204 sacris
617 1150 818 1208 litteris
863 1156 1129 1218 habemus
1160 1167 1655 1229 manifestationem
1687 1186 1851 1247 atque
1890 1194 1986 1234 ex-

409 1238 801 1307 planationem.
839 1246 913 1301 De
946 1249 1053 1307 illis
1086 1266 1268 1310 autem
1313 1259 1565 1329 loquens,
1596 1268 1771 1320 utitur
1814 1271 1983 1325 verbo

408 1330 689 1403 ὐμνῆσαι;
722 1340 848 1406 quia
880 1341 947 1396 de
978 1360 1037 1399 re
1069 1347 1211 1402 bona
1244 1350 1412 1423 loqui,
1456 1355 1690 1425 hymnus
1720 1360 1836 1415 sive
1866 1359 1984 1417 laus

407 1423 534 1478 boni
576 1437 661 1481 est
689 1445 705 1495 ;
739 1432 885 1487 sicut
918 1436 986 1489 de
1020 1452 1079 1491 re
1111 1454 1273 1507 prava
1306 1445 1465 1498 verba
1496 1423 1719 1516 tacere,
1760 1453 1980 1522 vitupe-

407 1515 550 1570 rium
581 1530 664 1574 est
702 1524 851 1579 mali.
889 1527 964 1581 De
991 1530 1254 1599 angelicis
1297 1535 1485 1604 itaque
1520 1515 1832 1609 divinisque
1868 1515 1981 1600 vir-

404 1608 609 1664 tutibus
638 1614 800 1668 verba
834 1615 1039 1682 facere,
1060 1621 1199 1676 idem
1222 1634 1306 1678 est
1327 1636 1488 1696 atque
1511 1645 1602 1685 eas
1627 1608 1871 1690 laudare.
1897 1636 1979 1691 Ad

404 1699 519 1755 haec
566 1703 854 1760 dicendum
885 1748 901 1773 ,
952 1714 1152 1779 quibus
1204 1714 1399 1772 formis
1450 1735 1620 1776 sacrae
1674 1722 1977 1793 Scriptura:

2097 730 2470 803 μετριασμόν)·
2500 734 2594 786 καὶ
2635 734 2689 787 τί
2731 735 2933 805 ὠφελεῖ
2958 738 3165 811 ἑκάστη
3207 741 3317 795 τῶν
3359 743 3670 818 ίεραρχιῶν,

2093 817 2195 871 κᾶν
2238 818 2334 891 τὴν
2361 823 2619 893 οὐρανίαν
2663 826 2843 901 εἴπῃς,
2888 828 2989 883 κᾶν
3022 832 3122 903 τὴν
3166 834 3292 888 καθ’
3333 817 3497 908 ἡμᾶς,
3542 840 3673 903 τοὺς

2089 912 2343 977 τελεστὰς
2371 916 2568 987 αὐτῆς·
2609 918 2841 992 καθεξῆς
2877 922 2937 976 δέ
2977 925 3149 979 εἰπεῖν
3192 928 3321 1000 περὶ
3358 930 3467 984 τῶν
3504 932 3672 1004 οὐρα-

2090 1002 2218 1055 νίων
2268 1005 2578 1078 ίεραρχιῶν,
2627 1012 2768 1066 κατὰ
2813 1014 2917 1087 τὴν
2945 1017 3125 1071 αὐτῶν
3168 1020 3527 1094 ἐκφαντορίαν
3570 1002 3668 1081 καὶ

2087 1091 2319 1165 δήλωσιν
2346 1099 2445 1170 τὴν
2473 1102 2530 1153 ἐν
2558 1105 2677 1167 ταῖς
2703 1104 2888 1174 ἁγίαις
2919 1106 3181 1179 Γραφαῖς.
3224 1111 3297 1164 Τὸ
3335 1091 3464 1182 γοῦν
3490 1116 3668 1170 εἰπεῖν

2090 1188 2217 1258 περὶ
2265 1188 2469 1244 τούτων
2523 1193 2761 1265 ὑμνῆσαι
2799 1197 2966 1267 λέγει,
3010 1202 3179 1256 ὅτιτὸ
3216 1205 3345 1276 περὶ
3386 1206 3549 1259 καλοῦ
3586 1209 3667 1261 εἰ·

2088 1280 2209 1331 πεῖν
2234 1278 2402 1349 ὑμνος
2426 1283 2594 1338 καλοῦ
2617 1288 2763 1341 ἐστιν
2784 1305 2797 1318 ο
2823 1288 3014 1362 ὥσπερ
3030 1293 3091 1346 τὸ
3115 1295 3241 1365 περὶ
3264 1296 3435 1349 κακοῦ
3461 1297 3661 1366 λέγειν,

2084 1370 2251 1441 ψόγος
2283 1376 2457 1429 κακοῦ
2486 1378 2622 1430 ἐστι.
2664 1379 2843 1435 Ταύτὸ
2865 1383 2994 1452 γοῦν
3017 1384 3078 1439 τὸ
3104 1388 3274 1441 εἰπεῖν
3304 1391 3397 1443 καὶ
3422 1391 3663 1463 ὑμνῆσαι

2085 1465 2213 1535 περὶ
2239 1465 2348 1519 τῶν
2385 1468 2690 1538 ἁγγελικῶν
2717 1472 2810 1525 καὶ⁵
2838 1472 2999 1528 θείων
3021 1475 3319 1555 δυνάμεων.
3348 1481 3662 1539 Μετέπειτα

2082 1555 2139 1609 δὲ
2172 1557 2277 1629 χρὴ
2307 1560 2500 1625 εἰπεῖν,
2546 1564 2759 1628 ὁποίαις
2799 1566 3002 1620 εἰκόσιν
3047 1569 3103 1620 al
3149 1570 3289 1640 ἱεραὶ
3321 1570 3534 1643 Γραφαὶ
3559 1572 3662 1637 τὰς

2081 1650 2336 1720 οὐρανίας
2363 1653 2751 1728 διακοσμήσεις
2779 1659 3195 1730 σχηματίζουσι,
3227 1663 3472 1734 καὶπρὸς
3496 1665 3661 1719 ποίαν

2080 1736 2359 1807 ἁπλότητα
2380 1740 2469 1793 διὰ
2492 1742 2601 1794 τῶν
2630 1742 2963 1814 πλασμάτων
2986 1745 3190 1799 τούτων
3229 1748 3293 1819 δὴ
3332 1749 3440 1802 τῶν
3466 1751 3658 1803 συνθέ-

400 1790 654 1848 ctelestes
696 1796 921 1853 ordines
958 1800 1231 1870 ﬁgurant;
1261 1814 1316 1860 et
1346 1808 1413 1862 ad
1459 1811 1677 1879 qualem
1711 1814 1954 1885 simplici-

402 1892 562 1911 ....,....
597 1902 693 1911 ..η
726 1903 814 1911 μ-
854 1891 1055 1911 nam,
1276 1899 1322 1911 η.

2077 1846 2185 1882 των
2210 1790 2565 1904 ἀναγόμεθαῖ
2582 1790 2714 1901 οἷον,
2758 1790 2987 1909 λέγομεν
3016 1840 3174 1911 τυχὸν
3202 1790 3378 1905 ἀετὸν,
3405 1842 3660 1898 σύνθετόν

402 1892 563 1938 tatem
596 1902 693 1955 per
721 1903 817 1943 eas
851 1891 1063 1948 formas
1088 1911 1210 1966 qua:
1239 1899 1589 1971 efﬁnguntur,
1621 1921 1968 1966 revocemur:

398 1976 551 2030 verbi
586 1982 785 2047 gratia,
837 1985 1189 2043 nominamus
1221 1990 1361 2046 forte
1404 1996 1663 2063 aquilam.
1696 2004 1972 2071 composi-

398 2077 511 2121 tum
539 2070 755 2138 aliquod
784 2076 1034 2140 dicimus,
1063 2091 1245 2138 mente
1277 2098 1407 2140 vero
1440 2103 1537 2157 per
1565 2090 1713 2145 visus
1738 2107 1970 2149 acumen

393 2169 451 2214 et
472 2162 845 2219 excellentiam
865 2169 932 2222 ad
952 2169 1356 2241 simplicitatem
1378 2180 1721 2238 adducimur.
1742 2184 1969 2251 Quando

392 2252 537 2307 enim
564 2257 687 2323 quis
715 2258 975 2328 loquitur,
1000 2273 1056 2318 ut
1076 2266 1463 2339 intelligamus,
1494 2277 1717 2330 oumiuo
1760 2294 1975 2335 sertno-r

392 2360 491 2399 nes
525 2348 750 2404 adhibet
791 2369 804 2404 :
842 2367 965 2407 cum
1001 2368 1182 2413 autem
1238 2362 1287 2414 id
1324 2364 1470 2430 quod
1506 2366 1710 2421 dicitur
1757 2370 1969 2433 ἰηιθιιθιτ

389 2445 541 2489 etum
582 2436 765 2504 fuerit,
817 2442 1045 2513 simplex
1101 2448 1155 2500 in
1209 2460 1391 2506 mente
1434 2454 1673 2524 cognitio
1716 2461 1963 2528 exsistit;

390 2528 626 2583 maxime
662 2530 706 2583 si
756 2532 1021 2602 simplicia
1076 2536 1375 2609 l‘ormreque
1421 2548 1664 2614 expertia
1715 2551 1844 2616 sint,
1898 2556 1966 2610 de

390 2621 589 2687 quibus
616 2622 913 2703 loquimur.
947 2627 1004 2683 Si
1042 2632 1188 2684 enim
1224 2648 1311 2686 res
1338 2637 1569 2693 sensiles
1602 2640 1676 2694 ita
1705 2656 1801 2711 per
1829 2645 1962 2699 sim-

391 2713 588 2780 plicem
647 2717 883 2787 aliquem
934 2735 1261 2793 conceptum
1316 2728 1706 2800 intelligimus,
1756 2749 1963 2804 quanto

389 2807 563 2874 magis
596 2823 682 2862 res
708 2811 1026 2878 spiritales?
1058 2817 1238 2881 Quare
1268 2834 1433 2888 porro
1460 2825 1778 2892 qmerimus,
1810 2838 1867 2883 ut
1891 2831 1959 2885 ad

386 2891 799 2959 simplicitatem
840 2902 1217 2959 adducantur?
1261 2918 1319 2961 ut
1353 2891 1728 2969 noniaccidat
1777 2921 1955 2985 nobis,

382 2985 526 3051 quod
562 2988 721 3059 vulgo
772 3005 860 3047 res
890 3010 1079 3052 sae-ras
1110 3003 1339 3070 profano
1390 3009 1553 3062 modo
1589 3009 1953 3083 intelligenti;

382 3090 485 3130 nec
512 3069 776 3146 'putemus
817 3086 1070 3145 ctelestes
1104 3069 1223 3149 illas
1264 3099 1499 3155 virtutes
1544 3103 1746 3158 multos
1790 3107 1955 3173 pedes

2074 1936 2127 1972 τι
2161 1919 2392 1991 λέγομεν
2410 1939 2425 1954 ο
2454 1923 2681 1996 νοοῦμεν
2706 1928 2771 1980 τὸ
2799 1928 3084 2001 ὀξυδερκὲς
3125 1932 3218 1984 καὶ
3249 1933 3653 2005 ὑπερηρμένον,

2074 2011 2212 2081 πρὸς
2243 2013 2525 2085 ἁπλότητα
2569 2017 2897 2089 ἁναγόμεθα.
2940 2021 3065 2073 Ὅτε
3101 2020 3209 2093 γὰρ
3249 2023 3395 2091 λέγοι
3426 2041 3530 2088 τις,
3566 2025 3656 2079 ἵνα

2074 2104 2376 2176 νοήσωμεν,
2412 2108 2628 2173 πάντως
2660 2110 2850 2180 λόγους
2882 2113 3225 2183 συντίθησιν·
3260 2116 3350 2169 ὅτε
3374 2116 3431 2169 δέ
3460 2118 3520 2170 τὸ
3550 2122 3652 2190 ῥη-

2072 2194 2161 2249 θὲν
2188 2197 2427 2271 νοηθείη,
2452 2200 2686 2271 ἁπλοῖκὴ
2714 2202 2856 2256 κατὰ
2885 2204 2975 2256 τὸν
2994 2204 3118 2258 νοῦν
3145 2208 3177 2277 ὴ
3207 2206 3383 2261 ἐννοια
3407 2209 3647 2276 γίνεται·

2071 2289 2163 2342 καὶ
2197 2290 2414 2359 μᾶλλον,
2448 2292 2534 2345 ὅτε
2574 2295 2721 2347 ἁπλᾶ
2752 2297 2859 2350 εἱσι
2891 2297 2984 2349 καὶ
3014 2298 3397 2371 άσχημάτιστα
3424 2301 3492 2355 τὰ
3521 2300 3652 2373 περὶ

2067 2379 2143 2437 ὧν
2173 2383 2421 2455 λέγομεν.
2451 2386 2514 2438 Ei
2542 2385 2649 2458 γὰρ
2677 2389 2768 2441 καὶ
2784 2390 2877 2443 ἐπὶ
2898 2390 3009 2443 τῶν
3035 2391 3310 2463 αἰσθητῶν
3331 2393 3473 2448 οῦτω
3500 2394 3652 2449 νοοῦ-

2071 2492 2169 2545 μεν
2199 2474 2341 2528 κατὰ
2364 2476 2543 2547 ἁπλῆν
2571 2495 2692 2533 τινα
2720 2480 2997 2552 ἐπιϐολὴν,
3031 2482 3181 2554 πόσῳ
3210 2500 3274 2552 γε
3310 2484 3509 2555 μᾶλλον
3553 2488 3650 2543 ἐπὶ

2065 2562 2173 2615 τῶν
2218 2562 2457 2633 νοητῶν;
2489 2565 2592 2619 Διὰ
2621 2567 2675 2620 τί
2706 2568 2763 2623 δὲ
2799 2569 3091 2641 ζητοῦμεν,
3121 2574 3265 2637 ὅπως
3310 2575 3449 2647 πρὸς
3482 2576 3649 2630 ἁπλόο

2064 2670 2201 2724 τητα
2227 2655 2628 2728 ἁναχθείημεν;
2655 2661 2741 2714 ἵνα
2768 2661 2841 2733 μὴ
2866 2662 3127 2735 πάθωμεν
3150 2676 3243 2719 και
3268 2667 3427 2737 ἡμεῖς
3448 2669 3646 2725 ταύτὸν

2061 2749 2174 2810 τοῖς
2205 2748 2419 2813 πολλοῖς
2447 2750 2677 2818 ἀνιέρως
2697 2751 2877 2806 νοοῦσι
2900 2753 2969 2807 τὰ
2994 2754 3135 2826 ίερὰ,
3163 2756 3301 2841 ὥστε
3338 2759 3647 2826 πολύποδας

2062 2837 2157 2890 καὶ
2186 2839 2651 2910 πολυπροσώπους
2685 2842 3108 2915 ὑπολαμϐάνειν,
3141 2837 3235 2901 καῗ
3281 2849 3421 2903 κατὰ
3466 2854 3643 2927 κτήνη

2060 2935 2152 2987 καὶ
2205 2935 2368 3007 θηρία
2413 2942 2801 3010 τετυπωμένας
2848 2942 2947 3006 τὰς
2991 2944 3248 3017 οὐρανίας
3294 2945 3571 3019 δυνάμεις,
3606 2951 3641 3021 ἢ

2058 3029 2151 3081 καὶ
2176 3029 2351 3084 ἀετῶν
2384 3026 2524 3095 εἶδος
2549 3034 2801 3103 ἐχούσας,
2834 3035 2866 3107 ἢ
2897 3038 2992 3091 καὶ
3028 3039 3246 3109 πτηνῶν
3280 3043 3638 3112 πτεροφυῖαν,

2056 3116 2239 3181 καθὼς
2272 3120 2327 3171 ἐν
2358 3119 2435 3190 τῷ
2483 3120 2742 3194 Ίεζεκιὴλ
2780 3123 3041 3195 εὓρηται⁸
3077 3126 3172 3178 καὶ
3198 3128 3424 3198 τροχοὺς

376 3175 436 3221 ιιι
460 3171 658 3227 multas
687 3174 857 3233 facies
887 3181 1110 3248 habere,
1157 3196 1213 3240 et
1243 3191 1311 3242 ad
1345 3192 1613 3261 pecudum
1644 3195 1954 3254 ferarumve

381 3258 583 3296 ἴλη-..μισ
620 3263 931 3296 alumna..-
1004 3274 1083 3296 -.ηι
1137 3278 1305 3296 “hu,
1610 3285 1621 3296 .

2220 3171 2237 3181 -
2375 3171 2417 3190 ‘l
2499 3171 2742 3194 ”=“"'t"
2782 3171 3007 3195 "|"|""
3079 3171 3171 3178 --τη
3208 3171 3421 3198 -ι-νλνντ
3459 3171 3610 3200 ’“ἰ”“”

2061 3212 2167 3276 δεις
2203 3214 2632 3287 ὑπερουρανίους
2674 3219 3065 3288 φαντάζεσθαι,
3106 3223 3200 3275 καὶ
3236 3222 3463 3294 θρόνους
3502 3224 3641 3296 πρὸς

381 3258 585 3316 fortunas
620 3263 957 3337 etl‘ormatas,
1004 3274 1086 3328 vel
1133 3258 1440 3347 aquilarum
1472 3285 1714 3353 speciem
1746 3302 1859 3357 prze
1895 3306 1955 3346 se

378 3350 547 3417 ferre,
569 3366 662 3410 aut
686 3359 966 3418 volucrum
993 3365 1470 3437 plumescentiam,
1494 3350 1951 3446 quemadmodum

377 3441 433 3492 iu
492 3441 775 3504 Ezechiele
830 3456 1131 3523 reperitur;
1223 3470 1279 3516 et
1326 3480 1395 3519 ne
1442 3441 1745 3537 cogitemus
1805 3482 1951 3530 rotas

377 3537 643 3602 quasdam
678 3542 865 3611 igneas
895 3562 1063 3617 supra
1093 3554 1319 3621 ctelum,
1364 3567 1421 3612 et
1460 3560 1626 3616 sellas
1658 3565 1724 3617 ad
1756 3567 1951 3621 seden-

377 3624 504 3677 dum
540 3636 1000 3704 accommodatas,
1050 3652 1212 3713 atque
1259 3660 1432 3715 equos
1480 3664 1546 3706 ac
1584 3653 1852 3711 satellites
1896 3668 1954 3713 et

376 3730 715 3789 qumcunque
748 3725 851 3778 alia
882 3744 911 3782 a
944 3734 1228 3800 pr0plietis
1270 3740 1448 3794 sacris
1478 3743 1647 3800 variis
1682 3748 1950 3817 symbolis

374 3817 502 3862 sunt
533 3813 757 3867 tradita.
798 3816 1014 3876 Etenim
1054 3826 1267 3881 utiliter
1314 3830 1589 3903 theologia
1622 3813 1831 3895 similes
1861 3854 1950 3897 8a-

374 3914 499 3955 cras
553 3903 755 3961 fortnas
816 3913 981 3969 rebus
1044 3916 1229 3986 ﬁgure
1285 3926 1605 3993 expertibus
1659 3932 1943 3999 adhibuit;

373 3992 574 4058 partim
605 3998 847 4065 quidem,
893 4015 952 4058 ut
998 3992 1588 4077 iutelligendiivirium
1630 4032 1943 4081 nostrarum

373 4084 600 4140 haberet
638 4092 902 4147 rationem
929 4114 943 4161 ;
980 4101 1179 4166 partim
1211 4118 1359 4166 vero.
1390 4118 1447 4160 ut
1474 4113 1755 4180 pmpriam
1782 4117 1940 4174 nobis

371 4185 429 4227 et
464 4184 873 4239 couuaturaletu
904 4188 971 4243 ad
999 4206 1236 4260 superna
1269 4202 1598 4265 penetrandi
1629 4206 1770 4261 viam
1800 4224 1941 4277 prte-

370 4281 611 4333 pararet.
643 4274 698 4327 ln
728 4288 989 4345 quantum
1020 4284 1163 4339 enim
1194 4290 1453 4360 aquilam,
1487 4310 1538 4349 v.
1560 4313 1639 4365 ε..
1665 4301 1935 4369 nominat,

368 4362 479 4418 duo
530 4369 688 4424 nobis
735 4375 975 4429 maxima
1012 4393 1239 4448 praestat
1281 4400 1295 4435 :
1360 4362 1629 4456 siquidem
1687 4396 1843 4450 nobis

367 4460 481 4515 rale
512 4471 631 4528 est,
677 4477 864 4520 servat
899 4488 911 4523 :
946 4487 1071 4527 nam
1106 4486 1160 4530 et
1190 4484 1454 4536 cernendi
1487 4498 1712 4543 acmnen
1741 4505 1810 4547 ac

366 4554 685 4623 declaravit,
712 4571 876 4630 atque
915 4564 967 4619 in
995 4568 1119 4622 aliis
1150 4572 1438 4629 similiter.

438 4645 467 4716 §
512 4649 575 4702 ll.
620 4650 757 4707 llinc
789 4655 1062 4712 concludit
1097 4667 1370 4728 quomodo
1414 4683 1662 4738 oporteat
1702 4690 1801 4744 per
1850 4693 1938 4733 res

2118 4681 2145 4754 ς
2182 4682 2242 4737 ll.
2304 4686 2581 4745 Ἐντεῦθεν
2626 4699 3044 4764 κατασκευάζει,
3090 4702 3209 4766 πῶς

362 4738 656 4798 dissimiles
684 4760 747 4799 ac
778 4756 1027 4805 terrenas
1055 4755 1308 4811 ctelestes
1338 4760 1612 4829 explicare
1643 4784 1659 4831 ;
1705 4770 1887 4838 aitque
1912 4787 1927 4827 :

360 4835 516 4901 Quod
550 4839 593 4889 si
617 4839 719 4907 21
753 4843 838 4895 cui
886 4846 1173 4902 videantur
1213 4866 1384 4907 sacra:
1420 4857 1637 4924 quidem
1682 4860 1932 4919 ﬁetioues

357 4930 894 5004 compositionesque
914 4942 1298 5008 approbaudae,
1334 4948 1490 5016 quasi
1512 4964 1616 5004 non
1639 4952 1745 5007 alio
1764 4969 1928 5022 quam

360 5022 462 5074 hoc
500 5022 687 5087 modo,
734 5027 804 5079 ita
834 5042 956 5095 quae
987 5033 1038 5085 in
1089 5049 1147 5088 se
1176 5050 1521 5105 permanent,
1568 5053 1623 5097 et
1656 5046 1930 5117 incognita

358 5124 523 5181 atque
550 5115 959 5184 inaspectabilia
992 5125 1292 5192 exsistunt,
1310 5133 1566 5198 cognosci
1595 5147 1817 5204 queant,
1836 5140 1931 5195 ab-

356 5207 553 5259 surdas
584 5217 768 5263 autem
812 5212 1090 5268 existimet
1117 5217 1450 5286 ejuscemodi
1478 5229 1929 5298 compositiones,

357 5298 434 5350 uti
465 5307 523 5352 et
550 5316 769 5356 omnem
809 5304 954 5358 illam
1004 5309 1192 5364 rudem
1235 5317 1607 5383 angelicorum
1641 5322 1926 5378 nominum

353 5388 827 5449 adumbrationem
849 5398 963 5452 sive
986 5413 1233 5461 scenam.
1261 5406 1540 5476 Siquidem
1581 5423 1638 5467 ut
1669 5415 1723 5468 in
1760 5431 1925 5472 scena

352 5480 443 5534 alii
487 5494 613 5539 sunt
656 5488 749 5555 qui
781 5491 1001 5556 adsunt,
1037 5494 1267 5551 aliorum
1312 5514 1439 5555 vero
1484 5519 1747 5574 personas
1778 5510 1926 5566 reie-

353 5583 503 5638 ruut,
532 5578 608 5633 ita
637 5589 692 5633 et
722 5580 810 5635 hic
848 5584 951 5637 alia
982 5592 1285 5655 proposita,
1316 5595 1408 5648 sed
1435 5596 1542 5650 alio
1571 5599 1732 5652 modo
1758 5616 1921 5670 quam

351 5666 996 5734 exsistant,referuntur.
1048 5683 1127 5736 Ac
1172 5685 1371 5740 decere
1425 5688 1644 5758 quidem
1702 5690 1795 5746 ille
1846 5692 1924 5745 ait

355 5757 653 5831 theologos,
703 5780 825 5821 cum
873 5784 936 5825 ea
988 5787 1106 5841 quae
1159 5773 1330 5846 ﬁgura
1376 5794 1566 5839 carent
1608 5789 1919 5856 exprimere

2058 3304 2338 3360 ἀνάκλισιν
2372 3308 2735 3379 ἐπιτηδείους,
2768 3312 2863 3366 καὶ
2898 3312 3118 3379 ἵππους,
3154 3315 3249 3367 καὶ
3278 3316 3636 3387 δορυφόρους,

2057 3396 2153 3449 καὶ
2178 3397 2282 3450 ὅσα
2324 3397 2456 3452 άλλα
2488 3401 2641 3472 παρὰ
2675 3403 2785 3457 τῶν
2816 3404 2977 3475 ιερῶν
3018 3406 3314 3478 προφητῶν
3356 3408 3446 3463 διά
3474 3427 3638 3464 τινων

2056 3488 2316 3543 ποικίλων
2348 3492 2756 3563 παραδέδονται.
2792 3495 2903 3549 Καὶ
2940 3496 3049 3568 γὰρ
3090 3499 3413 3569 ἐπιτηδείως
3442 3502 3476 3571 ἡ
3514 3501 3637 3555 θεο-

2054 3578 2210 3648 λογία
2229 3584 2342 3646 τοῖς
2356 3585 2616 3650 τοιούτοις
2637 3587 2802 3659 ἱεροῖς
2821 3594 3220 3661 σχηματισμοῖς
3235 3593 3449 3647 ἐπὶτῶν
3471 3596 3635 3665 ἀσχη-

2058 3672 2333 3744 ματίστων
2375 3676 2662 3748 ἐχρήσατο,
2689 3680 2805 3749 ἀμα
2831 3682 2930 3751 μὲν
2963 3682 3062 3753 τὴν
3100 3683 3327 3755 δύναμιν
3359 3685 3454 3739 τοῦ
3491 3688 3634 3757 ἡμε-

2051 3765 2214 3836 τέρου
2246 3766 2366 3845 νορς
2398 3769 2735 3841 σκεψαμένη,
2783 3772 2900 3843 ἅμα
2930 3772 2988 3825 δὲ
3029 3776 3124 3828 καὶ
3156 3776 3253 3829 τοῦ
3297 3778 3498 3832 οἰκείου
3536 3782 3632 3834 καὶ

2053 3858 2335 3928 συμφυοῦς
2380 3860 2481 3931 τῆς
2513 3862 2805 3933 ἀναγωγῆς
2838 3868 3202 3937 προνοήσασα.
3252 3870 3340 3923 Ἐν
3384 3872 3492 3943 ὅσῳ
3520 3873 3632 3946 γὰρ

2050 3944 2197 4015 λέγει
2217 3949 2380 4018 τυχὸν
2406 3950 2583 4015 ἀετὸν,
2607 3952 2701 4007 δύο
2730 3958 3127 4023 κατασκευάζει
3154 3960 3222 4014 τὰ
3254 3961 3505 4032 μέγιστα,
3533 3944 3630 4017 καὶ

2050 4039 2182 4109 ἡμῖν
2209 4043 2321 4103 τοῖς
2356 4043 2607 4114 συνήθεσι
2634 4046 2889 4119 γνωρίζει
2919 4050 2989 4104 τὰ
3018 4054 3338 4125 πράγματα,
3380 4057 3473 4109 καὶ
3501 4058 3628 4111 τού-

2044 4144 2157 4191 τοις
2184 4130 2439 4198 φυλάττει
2457 4135 2519 4187 τὸ
2541 4139 2807 4208 συμφυές·
2831 4140 2893 4193 τὸ
2914 4142 3022 4216 γὰρ
3041 4145 3326 4219 ὀξυδερκὲς
3349 4150 3441 4202 καὶ
3462 4151 3627 4221 ταχύ-

2050 4235 2207 4273 τατον
2240 4223 2333 4275 καὶ¹
2362 4220 2471 4277 οἷον
2506 4228 2886 4301 ὑπερηρμένον
2916 4234 3025 4289 τῶν
3053 4237 3321 4309 οὐρανίων
3344 4240 3624 4312 δυνάμεων

2048 4313 2403 4385 παρεδήλωσε
2421 4334 2435 4347 ·
2468 4320 2562 4373 καὶ
2593 4322 2689 4375 ἐπὶ
2713 4323 2823 4378 τῶν
2848 4326 3023 4383 ἁλλων
3051 4330 3109 4384 δὲ
3137 4332 3413 4399 ὡσαύτως.

1887 4416 1955 4456 ex
1998 4410 2237 4462 assuetis
2299 4426 2386 4465 res
2421 4413 2571 4482 ipsas
2608 4416 2877 4487 declarat,
2937 4424 3131 4493 iisque,
3174 4429 3321 4495 quod
3355 4439 3624 4482 conuatu-

1858 4497 2220 4565 celeritatem,
2256 4508 2503 4576 adeoque
2559 4514 2987 4579 praecellentiam
3015 4520 3273 4576 virtutum
3315 4524 3619 4579 caelestium

3430 4710 3487 4762 al
3528 4710 3577 4764 δι

2118 4707 2145 4754 3
2182 4707 2242 4737 ιι.
2317 4707 2581 4745 ιντευυεν
2626 4707 3044 4764 κατασκευάζει,
3090 4707 3209 4766 πῶς
3253 4707 3358 4779 χρὴ
3394 4710 3487 4762 καὶ
3528 4710 3619 4769 διὰ

2038 4772 2148 4827 τῶν
2170 4775 2437 4847 ἀνομοίων
2458 4782 2552 4835 καὶ
2576 4784 2868 4854 χθαμαλῶν
2891 4790 3243 4858 ἐκφαίνεσθαι
3265 4794 3334 4847 τὰ
3353 4796 3582 4867 οὐράνια
3598 4816 3615 4832 ·

2038 4865 2131 4917 καί
2181 4885 2371 4939 φησιν·
2402 4872 2467 4924 El
2506 4872 2566 4927 δέ
2600 4892 2702 4927 τινι
2764 4879 2911 4933 δοκεῖ
2960 4881 3314 4952 ἀποδέχεσθαι
3369 4865 3467 4958 μεν
3516 4889 3617 4954 τὰς

2040 4958 2433 5031 ἱερογραφικὰς
2484 4967 2761 5034 συνθέσεις
2805 4973 2900 5025 καὶ
2943 4974 3013 5026 τὰ
3056 4976 3371 5047 πλάσματα,
3419 4982 3496 5045 ὡς
3539 4985 3614 5056 μὴ

2039 5049 2215 5115 άλλως
2257 5054 2399 5120 ἐνὸν,
2444 5059 2493 5110 εὶ
2544 5059 2620 5131 μὴ
2663 5061 2835 5126 οὑτως
2865 5064 2934 5118 τὰ
2968 5065 3118 5120 ἁπλᾶ
3148 5071 3243 5123 καὶ
3274 5072 3359 5140 ἐφ’
3406 5049 3613 5129 ἐαυτίῦν

2044 5144 2292 5215 μένοντα,
2323 5150 2415 5202 καὶ
2447 5149 2699 5219 ἄγνωστα
2725 5155 2820 5208 καὶ
2849 5156 3136 5229 ἀθεώρητα
3163 5162 3492 5233 ὑπάρχοντα,
3522 5184 3611 5235 γι·-

2038 5236 2340 5293 νώσκεσθαι
2359 5258 2373 5271 ·
2396 5243 2630 5308 ἀτόπους
2650 5246 2707 5298 δέ
2729 5247 2901 5301 οἴεται
2921 5249 3020 5314 τὰς
3032 5253 3290 5318 τοιαύτας
3313 5257 3610 5325 συνθέσεις,

2038 5331 2133 5382 καὶ
2181 5334 2361 5386 πᾶσαν
2409 5336 2509 5407 τὴν
2562 5336 2834 5409 ἀπότομον
2900 5342 3104 5416 ταύτην
3148 5346 3257 5400 τῶν
3305 5348 3612 5417 ἁγγελικῶν

2033 5421 2313 5493 ὀνομάτων
2359 5430 2580 5500 σκηνήν.
2647 5430 2733 5494 Ὡς
2764 5432 2872 5505 γὰρ
2915 5436 2972 5488 ἐν
3003 5438 3070 5507 τῇ
3105 5442 3275 5509 σκηνῇ
3316 5441 3464 5495 άλλοι
3509 5444 3610 5513 μέν

2034 5514 2171 5567 εἰσιν
2194 5517 2243 5568 οί
2271 5518 2555 5588 παρόντες,
2581 5520 2799 5592 ἐτέρους
2822 5523 2879 5577 δὲ
2905 5525 3319 5599 ὑποκρίνονται·
3352 5533 3494 5586 οὑτω
3512 5536 3609 5588 καὶ

2030 5606 2261 5661 ἐνταῦθα
2282 5609 2417 5663 ἄλλα
2445 5611 2544 5681 μέν
2564 5615 2669 5666 είσι
2690 5612 2761 5667 τὰ
2782 5616 3135 5690 ὑποκείμενα,
3154 5624 3248 5676 καὶ
3263 5623 3609 5699 ἀλλοτρόπως

2030 5697 2297 5768 λέγονται.
2345 5704 2454 5758 Καὶ
2487 5707 2737 5777 πρέπειν,
2785 5711 2951 5779 φησὶν
2996 5714 3223 5781 ἐκεῖνος,
3258 5719 3384 5782 τοὺς
3427 5697 3608 5773 θεολό-

2033 5808 2181 5861 γους,
2217 5793 2572 5868 βουλομένους
2600 5799 2666 5855 τὰ
2698 5802 3037 5858 ἀνεικόνιστα
3069 5809 3352 5877 εἰκονίσαι,
3382 5811 3606 5876 οἰκείοις
