3908 6232
205 344 303 397 1'33

733 338 822 393 DE
853 328 1180 393 C(ELESTI
1223 322 1667 388 illERARCHIA,
1708 323 1796 379 (ΞΝ

1901 321 1968 376 ll.
2003 347 2074 365 η·-
2108 314 2459 371 ΡΑΒᾹΡΗΒ.
2497 310 2975 369 PACHYMERE.

3365 309 3469 366 ιδι

201 451 293 504 καὶ
321 446 652 517 συγγενέσιν
673 443 951 514 ἐκφαίνειν
977 437 1399 511 σχηματισμοῖς,
1425 437 1491 488 ἐκ
1519 433 1631 487 τῶν
1664 432 1794 503 παρ’

1900 429 2109 494 volunt,
2157 427 2395 497 propriis
2430 425 2517 479 illa
2558 424 2918 496 cognatisque
2960 421 3271 491 eﬂ'ormare,
3309 424 3471 481 exiis

199 544 330 613 ἡμῖν
360 539 717 610 τιμιωτάτων
750 536 844 590 καὶ
875 534 1053 587 ἀΰλων
1082 531 1286 595 ποσῶς,
1319 528 1561 600 δηλονότι
1590 527 1656 580 ὲκ
1685 524 1795 578 τῶν

200 630 587 703 ἀνθρωπίνων,
631 628 725 681 καί¹
762 628 837 698 μὴ
866 624 926 691 ἐξ
959 623 1169 693 ἀλόγων
1201 622 1235 691 ἢ
1286 622 1378 674 καὶ
1410 619 1631 689 ἀψύχων
1651 634 1666 647 °
1702 615 1796 669 καὶ

205 726 275 796 μὴ
312 721 661 794 περιτιθέναι
702 718 1079 788 πολυμορφίας
1120 715 1340 777 ὲνύλους
1380 716 1501 775 ταῖς
1533 713 1795 781 ὑπερκει-

204 817 395 887 μέναις
423 815 748 885 ἁπλότησιν.
792 812 948 866 Οὕτω
972 808 1081 880 γὰρ
1108 808 1174 863 ἂν
1208 807 1366 878 εἴπερ
1390 804 1672 875 ἐποίησαν,
1703 802 1796 857 δύο

201 907 429 977 ἔμελλον
459 906 691 976 ποιῆσαι
726 903 795 955 τά
844 900 1043 970 ἀγαθὰ,
1080 900 1173 952 καὶ
1208 900 1354 970 ἡμᾶς
1395 897 1615 965 ἀνάγειν
1661 894 1797 965 πρὸς

201 999 497 1070 κρείττονα
545 998 639 1050 καὶ
671 995 1008 1065 ὑψηλοτέραν
1047 992 1278 1054 ἔννοιαν,
1319 989 1412 1043 καὶ¹
1452 987 1521 1041 τὰ
1560 985 1797 1058 ὑπερκό-

204 1106 337 1159 σμια
371 1090 449 1160 μὴ
486 1088 748 1155 κατάγειν
785 1086 879 1137 καὶ
904 1082 1167 1154 ἀτιμοῦν*
1202 1082 1282 1153 τῷ
1307 1080 1416 1152 γὰρ
1457 1078 1629 1141 οὕτως
1655 1078 1799 1129 είκο-

202 1184 504 1251 νογραφεῖν
536 1179 626 1233 aia
650 1177 760 1231 τῶν
783 1176 1076 1247 ἀλλοτρίων
1102 1175 1438 1235 παντάπασι,
1463 1170 1555 1224 δύο
1584 1164 1797 1224 ποιόὖσι
1828 1190 1831 1191 ν

202 1273 267 1327 τὰ
300 1274 587 1343 χείριστα,
634 1272 697 1325 τό
740 1288 800 1323 τε
837 1271 915 1332 είς
948 1267 1017 1321 τὰ
1064 1268 1184 1319 θεῖα
1211 1264 1533 1337 ἐξυϐρίζειν,
1576 1263 1671 1316 και
1700 1260 1797 1332 τὴν

200 1364 485 1434 ἡμετέραν
527 1361 847 1433 ἀποπλανᾷν
880 1359 1115 1416 διάνοιαν
1149 1359 1231 1419 είς
1259 1356 1359 1418 τάς
1384 1355 1629 1427 ἀνιέρους
1660 1369 1799 1422 συμ..

199 1456 433 1518 πλάσεις
456 1453 921 1524 ὲναπομένουσαν.
939 1452 1048 1505 Καὶ
1072 1450 1213 1520 τάχα
1237 1449 1329 1501 καί
1351 1465 1435 1511 τις
1461 1445 1798 1517 ὑπολήψαιτο

198 1548 426 1601 τοιαῦτα
449 1547 523 1600 τὰ
544 1546 936 1618 ὑπερουράνια,
961 1542 1102 1629 ὥστε
1126 1544 1221 1595 καὶ
1243 1541 1461 1603 λέοντας
1482 1540 1577 1593 καὶ
1598 1539 1798 1599 ἵππους

200 1638 363 1705 εἶναι,
393 1641 493 1693 καὶ
522 1640 667 1692 κατά
696 1638 825 1701 τοὺς
856 1636 983 1706 βόας
1014 1633 1291 1706 μυκᾶσθαι
1321 1634 1420 1704 τὴν
1451 1629 1795 1702 ὑμνολογίαν,

198 1735 287 1787 καὶ
322 1733 430 1796 τὰς
460 1736 645 1785 ὲκείσε
677 1730 1113 1801 ταγματαρχίας,
1145 1724 1418 1798 ὀρνιθείας
1471 1720 1799 1791 ἀγελαρχίας

196 1819 359 1887 εἶναι,
409 1794 513 1878 καὶ
544 1822 659 1887 ζῶα
690 1794 878 1891 ἔτερα,
1051 1794 1191 1881 ὕλας,
1227 1817 1393 1880 ἄλλας
1440 1812 1793 1886 ἀτιμοτέρας,
1829 1794 1869 1852 Β

195 1920 290 1972 καὶ
312 1921 419 1971 ὅσα
456 1917 616 1980 ἄλλα,
649 1915 785 1988 πρὸς
810 1914 873 1967 τὸ
896 1913 1096 1966 ἄτοπον
1125 1914 1219 1965 καὶ
1251 1911 1400 1979 ξένον
1429 1910 1522 1963 καὶ
1552 1906 1796 1980 ἐμπαθὲς

195 2009 602 2073 ἀποπεσοῦσαι,
648 2010 705 2062 αί
751 2004 999 2060 τοιαῦται
1038 2005 1281 2075 ἀνόμοιοι
1315 2003 1630 2075 ὁμοιότητες
1703 2002 1797 2053 καὶ

196 2099 346 2164 ξέναι
395 2100 612 2163 εἰκόνες
662 2097 878 2151 ποιοῦσι
941 2095 1325 2164 φαντάζεσθαι.
1387 2096 1449 2148 Εἰ
1494 2093 1665 2148 ταῦτά
1714 2110 1799 2155 τις

193 2191 345 2261 λέγει
394 2194 495 2246 καὶ
510 2192 922 2263 διισχυρίζεται,
952 2190 1064 2245 ἀλλ’
1090 2190 1242 2259 ήτῆς
1263 2187 1518 2259 ἀληθείας
1546 2188 1792 2259 ζήτησις,

195 2286 286 2338 καὶ
320 2286 354 2354 ἡ
405 2283 659 2353 ἡμετέρα
704 2282 972 2353 ἑρμηνεία
1020 2299 1081 2334 τε
1128 2281 1225 2333 καὶ
1267 2280 1527 2350 ἐξήγησις
1576 2282 1632 2333 ὲν
1675 2282 1799 2342 ταῖς

194 2377 481 2438 τοιαύταις
530 2373 844 2446 μορφώσεσι
889 2375 989 2445 τὴν
1026 2373 1221 2443 σοφίαν
1275 2374 1522 2444 εὑρίσκει
1564 2391 1798 2446 προνοηη

195 2471 447 2541 σαμένην
474 2472 570 2523 καὶ
591 2468 700 2521 τῶν
733 2469 827 2523 δύο
850 2468 1054 2541 μερῶν,
1075 2470 1108 2538 ή
1117 2467 1232 2538 μῶν
1251 2485 1311 2520 τε
1332 2466 1441 2520 τῶν
1469 2469 1795 2535 ἀκουόντων,

192 2564 475 2617 κάκείνων
510 2564 639 2634 περὶ
669 2557 744 2615 ὧν
774 2562 903 2624 τοὺς
942 2561 1133 2629 λόγους
1177 2559 1490 2614 ποιοῦνται·
1537 2562 1613 2624 ὼς
1660 2564 1797 2632 μήτε

192 2655 416 2719 ὲκείνας
446 2652 854 2726 ὲνυϐρίζεσθαι,
890 2654 1026 2725 μήτε
1067 2652 1171 2723 μὴν
1214 2654 1362 2723 ἡμᾶς
1396 2655 1662 2725 ἐμπαθῶς
1713 2656 1798 2707 ὲν-

191 2749 500 2818 απομένειν
538 2751 659 2810 ταῖς
688 2746 964 2810 τοιαύταις
1003 2746 1375 2816 ταπεινότησι.
1409 2745 1472 2799 Τί
1501 2747 1559 2798 δέ
1588 2749 1733 2799 ἐστιν
1762 2748 1795 2818 ή

190 2841 505 2912 ἀτιμοτέρα
528 2838 649 2910 ὕλη,
681 2840 775 2892 καὶ
805 2838 854 2890 τί
878 2838 939 2891 τὸ
961 2837 1160 2891 ἄτοπον
1186 2838 1283 2890 καὶ
1314 2836 1464 2903 ξένον
1491 2839 1586 2890 καὶ
1618 2838 1798 2908 ἐμπα-

190 2934 303 2995 θὲς,
338 2933 512 3003 φησὶν
540 2935 569 2985 ὁ
625 2929 909 3002 ’ῐεζεκιὴλ,
944 2932 1021 2994 ὡς
1048 2934 1303 3003 ὁμοίωμα
1332 2930 1635 3000 ἑωρακέναι
1665 2928 1794 3000 θρό-

189 3040 307 3085 νου,
351 3024 449 3075 καὶ
490 3023 566 3085 ὼς
613 3023 865 3092 ὁμοίωμα
900 3022 1132 3086 λέοντος.
1187 3025 1243 3077 Ὀ
1280 3022 1467 3094 θρόνος
1500 3021 1796 3094 ἀτιμοτέρα

1900 521 2063 593 rebus
2091 536 2211 590 qum
2243 520 2384 589 apud
2419 534 2517 573 nos
2549 517 2969 587 pretiosissimae
2996 525 3147 579 sunt,
3178 514 3471 586 minusque

1896 614 2235 679 materiales,
2262 611 2413 667 verbi
2444 612 2636 682 gratia,
2671 609 2927 665 humanis
2955 618 3010 664 et
3037 624 3143 663 non
3179 608 3474 681 irrationa—

1900 704 2030 758 lium
2082 714 2248 773 atque
2300 703 2734 757 inanimatarum
2783 716 2964 755 rerum
3020 699 3256 768 ﬁguris:
3297 713 3475 769 neque

1900 797 2210 852 materiales
2254 793 2718 849 multilormitates
2746 793 3017 863 supremis
3060 791 3167 845 illis
3206 791 3474 845 maxime-

1899 905 2006 958 que
2037 888 2377 959 simplicibus
2405 888 2571 942 rebus
2604 885 2963 955 aliingendas.
3000 885 3111 939 lloc
3144 884 3291 938 enim
3324 884 3367 937 si
3398 882 3475 937 fe-

1898 981 2131 1043 cissent,
2166 982 2274 1036 duo
2298 981 2440 1035 bona
2474 979 2898 1049 praestitissent;
2941 992 3066 1032 cum
3096 992 3195 1031 nos
3235 975 3302 1030 ad
3329 989 3474 1047 prae-

1900 1075 2219 1127 stantiorem
2244 1072 2728 1141 sublimioremque
2745 1071 3128 1141 cogitationem
3147 1069 3471 1132 erexissent,

1903 1173 2012 1218 tum
2048 1165 2148 1219 ista
2176 1162 2640 1233 supermundialia
2691 1177 2796 1214 non
2837 1162 2911 1214 ita
2959 1159 3285 1227 dejecissent
3312 1168 3367 1212 et
3393 1160 3478 1212 in-

1900 1253 2420 1311 lionorassentJam
2448 1270 2577 1309 vero
2601 1253 2691 1307 illa
2720 1252 2799 1307 sic
2824 1252 3019 1306 alienis
3043 1251 3265 1307 omnino
3290 1249 3475 1319 ﬁguris

1900 1346 2283 1410 describenda,
2315 1345 2452 1400 duas
2491 1360 2581 1399 res
2627 1345 2895 1413 pessimus
2936 1343 3327 1407 committunt;
3363 1352 3474 1394 tuin

1899 1441 2041 1510 quod
2075 1454 2161 1494 res
2191 1439 2407 1493 divinas
2448 1437 2848 1491 contumeliose
2883 1445 3154 1499 tractent;
3189 1446 3298 1488 tum
3331 1433 3474 1502 quod

1901 1532 2235 1586 intellectum
2284 1539 2529 1584 nostrum
2559 1531 2613 1583 in
2639 1543 2885 1583 errorem
2936 1527 3218 1592 inducant,
3249 1526 3473 1580 sacrile-

1900 1640 2088 1695 gisque
2116 1622 2613 1691 compositionibus
2636 1629 2834 1690 cogant
2862 1620 3150 1673 inhaarere.
3182 1618 3247 1672 Et
3274 1619 3474 1671 fortas-

1903 1713 1979 1767 sis
2009 1714 2174 1767 etiam
2206 1712 2407 1782 aliquis
2438 1713 2830 1781 suspicabitur,
2869 1726 2954 1765 res
2979 1709 3232 1765 caelestes
3262 1710 3473 1779 ejusce-

1899 1806 2042 1860 modi
2074 1808 2360 1871 exsistere,
2397 1815 2456 1859 ut
2500 1817 2554 1859 et
2589 1805 2774 1859 leones
2811 1806 2921 1858 sint
2953 1814 3008 1858 et
3033 1803 3176 1872 equi,
3206 1805 3476 1871 boumque

1900 1914 2050 1953 more
2076 1898 2267 1953 laudes
2296 1898 2563 1967 mugiant,
2590 1909 2754 1966 atque
2782 1897 2979 1951 ibidem
3008 1907 3307 1949 turmarum
3333 1910 3474 1965 pra:-

1899 1989 2142 2054 fecturaa,
2162 1999 2215 2044 et
2241 1989 2546 2044 aviculares
2579 1988 2920 2057 principatus
2950 1988 3240 2049 exsistant,
3262 1987 3475 2055 aliaque

1898 2082 2179 2146 animalia,
2227 2081 2542 2135 materizeve
2588 2080 2712 2133 alia:
2747 2079 2990 2140 viliores,
3040 2089 3095 2133 et
3138 2092 3475 2147 quacunque

1898 2174 2026 2236 alia,
2053 2173 2118 2227 ad
2151 2171 2410 2235 absurda,
2456 2171 2775 2240 peregrina,
2805 2170 3202 2241 passionesque
3238 2182 3475 2237 vergen-

1900 2268 1993 2331 tia,
2021 2263 2314 2319 dissimiles
2342 2263 2608 2330 ejusmodi
2646 2276 2711 2315 ac
2757 2263 3057 2332 pcregrinze
3083 2260 3346 2331 imagines
3380 2277 3475 2315 co-

1899 2359 2258 2429 gitationibus
2306 2358 2597 2426 objiciunt.
2646 2356 2702 2411 Si
2749 2356 2873 2427 quis
2929 2361 3043 2410 haec
3094 2354 3377 2421 objecerit,
3422 2361 3477 2407 et

1902 2451 2244 2522 indignetur;
2296 2450 2549 2504 veritatis
2594 2458 2778 2504 tamen
2828 2447 3128 2517 indagatio,
3182 2454 3476 2513 nostraque

1896 2544 2286 2613 interpretatio
2310 2555 2474 2613 atque
2503 2542 2801 2610 explicatio
2832 2541 2882 2595 in
2911 2540 3186 2594 similibus
3220 2538 3477 2593 eilorma-

1900 2638 2141 2692 tionibus
2185 2637 2410 2706 reperit,
2458 2634 2679 2703 utrique
2731 2635 2874 2702 parti
2918 2632 3245 2700 sapientiam
3300 2629 3479 2700 provi-

1900 2729 2064 2791 disse,
2109 2737 2218 2782 tam
2264 2727 2441 2793 nobis,
2486 2727 2732 2795 inquam,
2764 2724 3130 2786 auditoribus,
3163 2736 3328 2790 quam
3359 2720 3473 2775 illis

1899 2818 1967 2871 de
1995 2819 2193 2887 quibus
2216 2833 2401 2871 sermo
2430 2816 2780 2870 instituitur:
2815 2825 2873 2869 ut
2905 2828 3085 2882 neque
3119 2813 3252 2881 ipsis
3278 2811 3476 2877 injuria

1900 2908 2016 2974 llat,
2051 2924 2229 2978 neque
2261 2923 2360 2961 nos
2385 2906 2721 2974 ejuscemodi
2751 2905 2949 2960 formis
2972 2904 3199 2971 abjectis
3229 2904 3475 2959 tenacius

1901 3001 2303 3055 adhzereamus.
2348 3001 2609 3065 Quaenam
2638 3008 2822 3052 autem
2866 2998 3025 3052 vilior
3074 2997 3164 3051 illa
3196 2998 3271 3051 sit
3306 3006 3478 3051 mate-

191 3113 295 3183 ὕλη
338 3114 441 3166 τοῦ
476 3090 711 3176 λέοντος,
749 3090 831 3166 ὅτι
879 3114 1044 3177 αὐτὸς
1076 3115 1174 3184 μὲν
1224 3090 1450 3183 ἄψυχος,
1497 3114 1526 3166 ὁ
1569 3114 1626 3167 δὲ
1644 3090 1796 3169 λέων

1902 3092 2003 3155 ria,
2030 3091 2232 3160 quidve
2268 3090 2395 3144 illud
2435 3090 2733 3144 absurdum
2771 3104 2835 3142 ac
2859 3090 3230 3158 peregrinum,
3270 3096 3328 3142 et
3355 3104 3478 3157 pas-

190 3203 448 3273 ἕμψυχος
468 3222 482 3233 ·
515 3204 663 3269 ξένον
691 3204 747 3257 δὲ
776 3206 871 3257 καὶ
900 3205 1099 3258 ἄτοπον
1124 3205 1220 3258 καὶ
1250 3205 1491 3275 ἐμπαθές
1517 3207 1682 3269 ἐστιν,
1713 3205 1796 3258 ὅτι

188 3296 252 3347 τὸ
272 3295 702 3368 λεοντόμορφον,
728 3296 957 3367 θυμικόν
978 3314 1032 3349 τι
1064 3297 1337 3367 σημαίνειο
1356 3297 1526 3350 καὶτὸ
1549 3297 1798 3367 μόσχειον

189 3384 361 3449 εἶδος,
398 3385 835 3458 ὲπιθυμητικόν’
878 3390 1037 3443 ἅτινα
1069 3389 1215 3459 πάθη
1247 3390 1342 3442 καὶ
1381 3390 1589 3459 μεγάλα
1622 3390 1798 3461 ὑπάρ-

190 3497 410 3549 χουσιν.
446 3480 525 3532 υύ
551 3481 633 3533 δεῖ
650 3482 779 3550 γοῦν
807 3482 1072 3552 ἐμπαθῶς
1092 3482 1267 3536 ταῦτα
1295 3485 1455 3536 νοεῖν.
1502 3483 1613 3535 Καὶ
1641 3482 1796 3553 πρῶ-

189 3590 284 3625 τον
312 3572 420 3643 μὲν
446 3573 806 3637 δεικνύουσιν,
828 3576 910 3628 ὅτι
940 3577 1036 3628 καὶ
1064 3574 1391 3646 ἀμφοτέρων
1422 3576 1797 3647 προύνοήσατο

192 3670 228 3739 ἠ
261 3669 434 3737 σοφία
463 3668 560 3723 τοῦ
591 3668 727 3721 Θεοῦ
760 3669 902 3723 οὕτω
927 3672 1224 3741 ποιήσασα,
1256 3672 1350 3724 καὶ
1380 3672 1535 3741 ήμῶν
1565 3672 1660 3723 καὶ
1687 3670 1796 3724 τῶν

190 3765 473 3835 οὐρανίων
501 3763 728 3816 ἐκείνων
747 3780 761 3794 ·
791 3763 950 3834 ήμῶν
977 3764 1095 3833 μὲν,
1128 3765 1211 3815 ὅτι
1248 3764 1423 3828 ἄλλως
1458 3764 1558 3817 οὐκ
1589 3760 1657 3834 ἦν
1688 3782 1794 3835 μα-

193 3855 314 3909 θεῖν
340 3856 414 3908 τὰ
441 3854 669 3908 τοιαῦτα
690 3872 703 3885 ·
740 3857 964 3909 ἐκείνων
993 3857 1071 3920 δὲ,
1103 3859 1205 3922 ὅτι,
1232 3859 1309 3921 ὼς
1341 3857 1599 3929 μυστικὰ,
1622 3856 1797 3920 οὕτως

190 3948 538 4018 ἀπορῤήτως
580 3948 676 4001 καὶ
706 3948 807 3999 οὐκ
839 3947 1016 4011 άλλως
1063 3948 1170 4001 ἔδει
1215 3948 1586 4017 ἐκφαίνεσθαι.
1640 3946 1796 4001 Μετά

194 4041 380 4093 ταῦτα
420 4039 478 4091 δὲ
512 4037 697 4103 δείξει,
741 4036 861 4101 πῶς
896 4038 959 4089 οὐ
1006 4038 1325 4109 λυμαίνεται
1355 4042 1468 4101 τοῖς
1505 4039 1796 4110 πράγμασι

194 4130 259 4181 τὸ
289 4130 644 4198 ἀπεμφαίνον
689 4128 784 4181 καὶ
833 4118 1087 4199 ἀνόμοιον
1117 4128 1228 4181 τῶν
1268 4128 1638 4199 εἰκασμάτων.
1686 4128 1796 4181 Καὶ

193 4219 261 4289 δή
299 4236 494 4289 φησιν,
524 4219 604 4271 ὅτι
634 4218 859 4282 εἰκότως
889 4219 1234 4289 προτίθενται
1263 4222 1312 4271 οί
1340 4220 1500 4272 τύποι
1534 4218 1643 4273 τῶν
1670 4221 1797 4273 ἀτυ-

198 4306 426 4370 πάντων,
462 4306 686 4359 καὶτῶν
710 4308 1132 4379 ἀσχηματίστων
1153 4308 1222 4362 τά
1253 4311 1527 4381 σχήματα·
1548 4311 1609 4363 οὐ
1638 4310 1795 4381 μόνον

194 4399 286 4452 διά
300 4400 368 4452 τὸ
386 4402 417 4470 ή
426 4401 555 4470 μέτε
562 4418 655 4473 ρον
684 4400 928 4467 ἀσθενὲς,
951 4402 1025 4473 μὴ
1053 4403 1179 4456 οἴων
1206 4420 1263 4455 τε
1284 4403 1450 4456 ὅντων
1469 4404 1689 4474 ἀμέσως
1702 4405 1797 4457 καὶ

1900 3183 2143 3237 sionibus
2168 3183 2492 3252 implexum,
2516 3183 2595 3235 ait
2621 3180 2893 3246 Ezechiel,
2916 3197 2944 3232 a
2971 3197 3029 3234 se
3057 3181 3225 3233 visam
3249 3194 3478 3235 narrans

1902 3277 2080 3331 throni
2113 3276 2551 3339 similitudinem,
2581 3284 2639 3329 et
2660 3274 2815 3343 quasi
2844 3273 3256 3327 similitudinem
3282 3273 3474 3330 leonis.

1898 3369 2153 3423 'l‘hronus
2197 3370 2383 3436 utique
2412 3367 2569 3420 vilior
2598 3367 2824 3420 materia
2869 3364 3048 3431 leone,
3101 3365 3355 3433 quoniam
3388 3364 3478 3419 ille

1899 3462 2078 3515 anima
2130 3469 2304 3523 caret,
2354 3459 2439 3514 leo
2489 3473 2620 3512 vero
2663 3459 2850 3511 vivit:
2896 3457 3248 3526 peregrinum
3292 3466 3475 3510 autem

1897 3552 2026 3606 illud
2070 3561 2126 3605 et
2165 3550 2464 3605 absurdum
2518 3550 2980 3619 passionibusque
3026 3548 3323 3617 implexum
3366 3556 3475 3615 est,

1898 3646 2156 3715 quoniam
2187 3642 2362 3698 leonis
2391 3640 2567 3696 forma
2592 3641 2697 3695 vim
2729 3640 3001 3694 irascendi
3031 3640 3139 3709 22
3175 3638 3474 3707 signiﬁcat,

1898 3737 2162 3806 vitulique
2187 3737 2420 3807 species,
2450 3735 2561 3789 vim
2591 3732 3015 3801 concupiscendi
3042 3747 3059 3797 ;
3108 3747 3231 3801 qua:
3263 3730 3474 3800 passio-

1898 3844 1996 3885 nes
2020 3836 2074 3883 et
2102 3829 2319 3898 quidem
2350 3828 2701 3881 vehementes
2727 3836 2875 3881 sunt.
2904 3824 3019 3878 Non
3046 3834 3265 3894 oportet
3292 3824 3477 3893 itaque

1897 3921 1988 3976 illa
2034 3920 2246 3990 patibili
2295 3920 2456 3974 modo
2504 3921 2778 3990 accipere.
2837 3920 2917 3973 Ac
2966 3917 3201 3989 primum
3254 3918 3474 3986 quidem

1898 4015 2212 4079 ostendunt,
2240 4012 2333 4066 Dei
2360 4012 2692 4081 sapientiam
2726 4013 2996 4081 utrisque,
3034 4020 3142 4065 tam
3175 4011 3331 4065 nobis
3362 4010 3475 4065 sci-

1899 4106 2026 4160 licet
2051 4120 2213 4175 quam
2247 4103 2540 4159 virtutibus
2576 4102 2917 4166 coelestibus,
2950 4103 3053 4155 hac
3100 4104 3317 4158 ratione
3347 4118 3476 4157 con-

1898 4198 2165 4254 soluisse:
2193 4196 2373 4259 nobis,
2391 4197 2636 4264 inquam,
2661 4196 2926 4264 quoniam
2952 4194 3110 4247 aliter
3137 4194 3239 4248 ista
3266 4194 3477 4249 discere

1899 4305 2004 4343 non
2034 4298 2349 4358 poteramus
2373 4303 2388 4351 ;
2417 4286 2523 4340 illis
2552 4301 2707 4353 vero,
2743 4286 2944 4354 quippe
2974 4286 3244 4355 mysticis,
3273 4300 3477 4339 conve-

1900 4385 2083 4439 niebat
2125 4383 2206 4437 sic
2242 4380 2461 4437 occulte
2495 4389 2550 4433 et
2585 4395 2691 4433 non
2726 4379 2885 4433 aliter
2919 4379 3206 4449 explicari.
3242 4378 3324 4431 Ad
3361 4378 3477 4431 haec

195 4491 325 4559 δίχα
366 4469 573 4545 τύπων⁷
603 4494 695 4546 ἐπὶ
742 4494 843 4555 τὰς
888 4469 1085 4564 νοητὰς
1131 4495 1362 4567 θεωρίας
1400 4469 1791 4561 ἀνατείνεσθαι,

1901 4478 2117 4546 probat,
2156 4472 2430 4542 quomodo
2473 4470 2638 4526 rebus
2669 4470 2803 4539 ipsis
2846 4470 3238 4524 dissimilitudo
3282 4469 3374 4523 illa
3420 4478 3477 4525 et

196 4582 340 4635 ἁλλά
356 4583 447 4636 διὰ
466 4585 647 4654 μέσων
668 4585 1001 4655 μορφώσεων
1021 4589 1282 4657 συμφυῶν
1300 4589 1394 4641 καὶ
1410 4589 1540 4658 ἡμῖν
1557 4586 1793 4655 οἰκείων,

194 4673 264 4735 ἅς
294 4674 365 4744 δὴ
396 4676 495 4727 καὶ
520 4675 868 4747 προτιθέασιν
896 4678 953 4729 αἱ
982 4677 1197 4748 Γραφαὶ
1227 4679 1449 4730 ἐκείνων
1476 4679 1589 4731 τῶν
1631 4680 1800 4750 ὑπερ-

198 4767 356 4834 φυῶν
387 4766 676 4836 θεαμάτων
699 4786 712 4798 ο
757 4767 873 4821 ἀλλ’
909 4771 990 4823 ὅτι
1035 4773 1129 4824 καὶ⁸
1156 4773 1316 4825 τοῦτο
1342 4776 1462 4836 ταῖς
1508 4774 1799 4842 μυστικαῖς

197 4858 239 4909 Γ
243 4862 455 4929 ραφαῖς
477 4860 951 4929 πρεπωδέστατον,
989 4862 1057 4916 δι’
1087 4864 1416 4936 ἀπορρήτων
1456 4865 1797 4934 αἰνιγμάτων

193 4950 269 5003 τά
303 4952 553 5021 μυστικά
576 4952 1046 5023 ἀποκρύπτεσθαι,
1084 4957 1180 5008 καὶ
1223 4955 1424 5009 ἄϐατον
1446 4954 1654 5008 τιθέναι
1682 4958 1797 5019 τοῖς

196 5042 424 5103 πολλοῖς
464 5042 565 5112 τὴν
614 5043 851 5114 κρυφίαν
900 5044 1180 5116 ἀλήθειαν.
1234 5046 1390 5098 Ἔστι
1436 5045 1547 5116 γάρ
1581 5047 1642 5098 οὺ
1688 5046 1797 5109 πᾶς

200 5136 379 5207 ἱερὸς,
425 5135 549 5187 οὐδὲ
578 5138 795 5190 πάντων
822 5139 855 5208 ή
881 5138 1104 5207 γνῶσις,
1141 5137 1323 5202 καθὼς
1344 5142 1379 5192 ὁ
1410 5139 1613 5210 Κύριός
1663 5155 1796 5207 φησι

199 5227 343 5296 πρὶς
372 5227 504 5289 τοὺς
580 5227 910 5291 ἀποστόλους
930 5245 943 5258 ·
997 5229 1167 5298 ’Υμῖν
1195 5229 1432 5283 δέδοται
1478 5229 1699 5299 γνῶναι
1728 5227 1800 5281 τὰ

191 5315 515 5386 μυστήρια
542 5317 652 5383 τῆς
676 5318 1003 5385 βασιλείας
1028 5319 1147 5373 τῶν
1175 5318 1465 5388 οὐρανῶν.

1902 4566 2248 4637 inaequalitas
2272 4562 2569 4632 elligierum
2594 4561 2821 4616 minime
2857 4561 3077 4616 alliciat.
3104 4560 3279 4630 lnquit
3301 4561 3474 4623 enim,

1897 4670 2020 4739 jure
2066 4668 2265 4722 merito
2319 4668 2505 4735 ligurre
2555 4662 2724 4717 rebus
2778 4655 3124 4727 inﬁguratis,
3178 4653 3476 4722 formaeque

1901 4761 2078 4834 forma
2121 4757 2440 4813 carentibus
2462 4752 2801 4821 aiﬁnguntur
2834 4764 2941 4802 non
2981 4754 3201 4825 propter
3228 4756 3471 4797 nosuam

1900 4856 2165 4909 duntaxat
2209 4847 2673 4910 imbecillitatem,
2723 4856 2831 4911 qua
2870 4853 2977 4893 non
3015 4836 3256 4891 valemus
3284 4836 3475 4889 imme-

1896 4947 2045 5001 diate
2082 4952 2137 5000 et
2166 4943 2284 4998 sine
2324 4940 2515 5009 ﬁguris
2547 4937 2616 4991 ad
2665 4931 2944 5004 spiritales
2986 4943 3179 4984 earum
3224 4936 3477 4983 contem-

1896 5036 2162 5107 plationes
2206 5046 2518 5100 assurgere,
2552 5031 2800 5095 adeoque
2829 5038 2967 5093 opus
3011 5023 3276 5077 habemus
3305 5021 3468 5076 inter-

1896 5131 2090 5186 mediis
2156 5129 2225 5183 iis
2276 5124 2751 5181 eﬂ‘ormatiouibus
2809 5120 2972 5175 nobis
3022 5116 3472 5171 connaturalibus

1897 5222 2259 5295 propriisque,
2304 5234 2441 5287 quas
2488 5217 2698 5270 idcirco
2726 5227 2901 5267 sacrae
2943 5210 3249 5280 Scriptura:
3277 5221 3470 5276 super-

1898 5315 2244 5371 naturalibus
2273 5314 2394 5368 istis
2423 5311 2751 5381 spectaculis
2779 5310 3165 5381 praetendunt;
3206 5306 3300 5363 sed
3326 5319 3468 5375 quo-

201 5409 357 5462 niam
382 5409 549 5462 etiam
579 5410 629 5462 id
655 5411 903 5481 mysticis
927 5411 1229 5481 Scripturis
1281 5413 1520 5467 maxime
1562 5408 1847 5473 convenit,
1878 5423 2206 5463 arcanorum
2251 5406 2546 5475 aenigmata
2589 5404 2877 5469 abscondi,
2917 5416 2974 5458 ct
3009 5401 3275 5460 occultam
3318 5398 3464 5453 illam

199 5502 505 5565 veritatem
538 5502 700 5570 vulgo
733 5517 854 5556 esse
909 5505 1273 5560 inaccessam.
1326 5503 1515 5573 Neque
1570 5504 1718 5558 enim
1773 5502 1951 5572 quivis
1979 5510 2204 5557 sanctus
2232 5509 2337 5562 est,
2363 5510 2543 5566 neque
2575 5496 2819 5550 omnium
2848 5504 2934 5551 est
2964 5493 3225 5565 cognitio,
3272 5502 3465 5563 quem-

202 5608 235 5649 α
258 5595 502 5647 Zmodum
536 5593 799 5648 Dominus
821 5595 899 5651 ait
928 5601 994 5651 ad
1023 5598 1305 5667 apostolos
1342 5615 1358 5654 :
1401 5596 1559 5653 Vobis
1590 5597 1775 5651 datum
1805 5604 1882 5652 est
1909 5610 2057 5650 nosse
2084 5592 2332 5664 mysteria
2372 5591 2518 5663 regni
2538 5588 2785 5647 alarum
2814 5589 2871 5647 δ.

289 5804 318 5837 ³
355 5795 545 5853 nauli.
578 5812 698 5863 xm,
728 5798 817 5857 Η.
