3908 6232
467 340 573 397 153

545 462 576 534 ξ
616 462 698 517 lll.
734 464 885 530 Quod
924 466 966 517 si
1001 479 1131 518 vero
1157 464 1279 535 quis
1312 466 1593 521 admiserit
1621 467 1838 536 quidem
1874 466 2037 518 talem
2073 473 2115 525 Α

469 568 566 621 per
602 568 687 608 res
725 555 954 609 sensiles
1001 571 1180 610 rerum
1226 557 1551 624 spiritalium
1587 556 2041 625 comprehensio-

471 662 618 710 Item,
667 646 759 700 sed
797 648 1061 715 improbet
1104 649 1369 702 duntaxat
1415 649 1685 703 absurdas
1727 648 2037 703 istiusmodi

469 737 764 794 formarum
815 740 1081 804 ﬁctiones,
1133 741 1347 804 dicens,
1401 744 1712 808 pudendum
1759 758 1880 797 esse
1928 752 2033 795 tam

470 840 653 898 turpes
681 832 839 883 rebus
865 830 1224 883 deilormihus
1254 831 1457 899 ﬁguras
1486 834 1922 897 accommodari;
1958 834 2032 887 illi

467 920 670 974 dictum
696 919 927 974 suﬁieiat
951 921 1215 990 duplicem
1242 936 1358 974 esse
1380 923 1759 977 manil'estandi
1789 926 2033 992 modum,

466 1012 697 1066 alterum
738 1014 953 1081 quidem
987 1028 1051 1066 ex
1086 1013 1374 1077 similibus,
1414 1015 1644 1067 alterum
1679 1031 1805 1070 vero
1834 1034 1901 1071 ex
1927 1019 2034 1073 dis-

464 1106 739 1160 similibus
792 1105 979 1159 formis
1024 1105 1283 1160 eﬁictmn.
1346 1106 1443 1161 Ubi
1498 1110 1727 1161 observa
1773 1110 2031 1177 primum,

466 1199 597 1267 quid
655 1198 721 1250 de
776 1198 884 1251 Deo
946 1200 1188 1267 mystica:
1239 1199 1647 1267 Scripturarum
1710 1204 2033 1258 traditiones

466 1289 792 1341 enuntient:
854 1290 1176 1357 quandoque
1230 1291 1451 1358 quidem
1502 1309 1566 1345 ex
1622 1293 1924 1357 similibus,
1977 1305 2035 1349 ut

404 1388 407 1391 '
462 1380 686 1431 verbum
718 1394 783 1432 ac
812 1389 1065 1437 mentem,
1089 1380 1244 1448 juxta
1275 1381 1402 1434 illud
1431 1400 1443 1434 :
1493 1382 1625 1447 Quis
1651 1386 1789 1436 novit
1822 1401 2032 1437 sensum

462 1471 578 1539 (seu
612 1472 865 1542 mentem)
891 1472 1139 1525 Dominic
1160 1474 1186 1526 .’
1214 1486 1268 1527 et
1292 1478 1615 1543 essentiam,
1673 1478 1828 1543 juxta
1858 1480 1988 1533 illud
2014 1496 2025 1526 τ

462 1562 573 1631 Ego
620 1581 735 1616 sum
776 1565 865 1632 qui
902 1582 1017 1616 sum
1060 1564 1087 1603 ά
1126 1584 1139 1619 :
1189 1567 1359 1634 ipsam
1427 1569 1771 1638 sapientiam,
1823 1582 1878 1627 et
1926 1589 2032 1627 non

459 1656 785 1725 simpliciter
818 1659 1315 1723 ratiocinationem,
1346 1662 1440 1714 sed
1472 1662 1639 1731 ipsam
1660 1665 2034 1719 ratiocinatio-

458 1764 581 1802 nem
622 1752 937 1819 praedicaut,
976 1768 1104 1807 vere
1163 1757 1522 1810 exsistentem
1552 1758 1864 1822 essentiam,
1906 1774 2032 1812 cau-

459 1858 684 1911 samque
710 1844 1043 1899 exsistentia:
1079 1862 1267 1901 rerum
1292 1859 1642 1912 Caeterarum,
1668 1859 1721 1903 et
1752 1850 1949 1907 lucem.
1978 1863 2033 1905 et
2068 1824 2108 1879 Β

462 1935 656 1996 vitam,
680 1944 738 1986 ut
765 1934 815 1986 in
846 1937 1017 1989 sacris
1044 1937 1348 2007 Evangeliis
1379 1940 1636 2007 habetur;
1671 1957 1791 2010 qua:
1818 1944 2034 1996 nomina

459 2024 640 2078 omnia
690 2039 816 2079 cum
891 2027 1201 2081 honestiora
1261 2032 1479 2098 quidem
1530 2033 1684 2098 sint,
1744 2048 2037 2099 rerumque

464 2118 871 2184 sublimiorum,
924 2122 1004 2173 vel
1052 2123 1129 2175 sic
1172 2132 1350 2177 tamen
1400 2126 1562 2178 etiam
1602 2141 1631 2178 a
1682 2142 1807 2179 vera
1847 2125 2038 2182 simili-

459 2208 650 2261 tudine
679 2210 865 2277 procul
904 2212 1137 2276 absunt;
1168 2214 1435 2282 siquidem
1465 2226 1551 2269 est
1592 2233 1756 2287 super
1786 2219 1899 2272 haec
1926 2235 2037 2273 om-

460 2299 573 2364 nia,
619 2316 741 2353 cmn
782 2303 966 2370 utique
1016 2303 1116 2356 ista
1153 2305 1269 2359 sine
1319 2310 1729 2377 comparatione
1769 2325 1797 2363 a
1838 2322 2033 2365 natura

460 2392 550 2446 illa
620 2394 775 2446 beata
839 2393 1114 2450 deﬁciant.
1164 2396 1501 2468 Quandoque
1562 2416 1695 2455 vero
1755 2402 2037 2456 dissimili-

459 2485 561 2538 bus
604 2484 1063 2541 declarationibus
1104 2488 1348 2543 divinum
1387 2491 1518 2545 illud
1566 2491 1771 2547 Numen
1806 2509 1903 2562 per
1943 2509 2038 2548 ne—

458 2576 727 2643 gationem
749 2576 853 2647 23
881 2578 1205 2645 celebratur,
1227 2596 1347 2634 cum
1379 2582 1764 2654 inaspectahile
1789 2597 2033 2649 vocatur.

455 2670 510 2715 et
546 2662 830 2730 inﬁnitum,
875 2668 1131 2736 quodque
1179 2674 1294 2740 capi
1339 2688 1442 2725 non
1495 2676 1697 2743 possit;
1755 2677 1897 2731 unde
1928 2693 2033 2731 non

459 2758 589 2824 quid
622 2768 723 2821 est,
766 2760 859 2811 sed
894 2761 1023 2829 quid
1058 2778 1161 2816 non
1196 2774 1275 2817 est
1311 2766 1673 2833 signillcatur.
1707 2769 1780 2821 Ex
1821 2771 2031 2825 duabus

460 2850 646 2916 itaque
696 2852 847 2905 hisce
889 2856 1379 2922 enuntiationibus,
1415 2860 1586 2928 magis
1620 2863 1893 2929 propriam
1943 2863 2036 2915 de-

458 2951 727 2995 monstrat
749 2958 867 2997 esse
897 2945 1065 3010 illam,
1098 2963 1215 3015 qua:
1246 2959 1329 3001 est
1360 2964 1424 3002 ex
1463 2953 1623 3004 rebus
1656 2952 2032 3009 dissimilibus.

458 3030 735 3100 Siquidem
782 3050 907 3089 vere
962 3038 1210 3093 novimus
1269 3040 1436 3094 Deum
1490 3059 1593 3096 non
1645 3058 1769 3097 esse
1824 3046 2035 3113 aliquid

1631 348 1685 403 S.
1726 348 2021 404 DlONYSIl
2056 345 2521 402 AREOPAGITAE

3615 349 3719 405 156

2220 464 2245 531 §
2279 464 2363 518 lll.
2390 465 2452 516 Εἰ
2494 463 2553 516 δέ
2584 479 2668 527 τις
2710 462 2915 532 δέχοιτο
2945 464 3043 533 μὲν
3072 463 3168 535 τὴν
3202 463 3457 535 τοιαύτην
3495 463 3585 517 διὰ
3610 463 3720 515 τῶν

2141 554 2415 622 αἰσθητῶν
2454 554 2677 606 εἰκόνων
2699 555 2807 606 τῶν
2827 554 3030 624 νοητῶν
3058 554 3385 626 κατάληψιν,
3417 555 3722 607 αἰτιάσαιτο

2138 646 2194 698 δὲ
2235 648 2393 715 μόνον
2432 646 2530 710 τὰς
2562 647 2803 710 ἀτόπους
2836 648 3275 717 εἰκονογραιρίας,
3313 647 3487 715 λέγων
3528 649 3609 709 είς
3636 648 3723 700 αίο

2142 740 2341 809 σχὺνην
2365 735 2503 792 εἶναι
2528 740 2597 792 τά
2614 739 2785 803 οὑτως
2814 740 3013 809 αἰσχρὰ
3034 739 3383 809 εἰκονίσματα
3408 743 3520 802 τοῖς
3547 739 3720 792 θεοει-

2137 833 2280 886 δέσιν
2336 831 2678 885 ἀνατιθέναι·
2741 833 2902 903 ἀρκεῖ
2966 833 3139 884 εἰπεῖν
3198 830 3338 903 πρὸς
3396 832 3597 895 αὑτὸν,
3646 830 3723 894 ὼς

2136 926 2310 988 διττός
2354 927 2467 978 ἐστι
2492 925 2593 995 τῆς
2621 925 2984 997 ἐκφαντορίας
3012 926 3040 977 6
3066 925 3270 997 τρόπος
3288 942 3301 955 ⁸
3335 925 3363 977 6
3394 925 3490 995 μὲν
3519 926 3584 976 ὲκ
3612 924 3720 975 τῶν

2137 1019 2339 1088 ὁμοίων
2360 1058 2373 1081 ,
2402 1019 2430 1069 6
2459 1018 2514 1070 δὲ
2534 1017 2623 1070 διὰ
2650 1017 2760 1069 τῶν
2792 1017 3058 1071 ἀνομοίων
3091 1016 3471 1088 μορφωμάτων
3493 1014 3729 1068 πλαττό-

2140 1127 2317 1179 μενος.
2371 1109 2479 1162 Καὶ
2531 1108 2607 1162 ίδε
2655 1108 2869 1179 πρῶτον
2920 1109 3011 1160 ἐπὶ
3057 1107 3215 1171 Θεοῦ,
3267 1107 3320 1158 τί
3369 1105 3619 1173 λέγουσιν
3663 1110 3725 1159 αε

2140 1201 2399 1270 μυστικαὶ
2425 1200 2535 1253 τῶν
2564 1200 2796 1272 Γραφῶν
2831 1200 3159 1270 παραδόσεις
3184 1217 3197 1232 ⁸
3234 1200 3365 1251 ποτὲ
3396 1198 3493 1268 μὲν
3522 1198 3587 1249 ὲκ
3612 1196 3723 1248 τῶν

2136 1293 2358 1361 ὁμοίων,
2414 1290 2573 1358 λόγον
2620 1291 2714 1342 καὶ
2757 1290 2884 1344 νοῦν
2925 1290 3067 1343 κατά
3121 1291 3203 1352 τὸ,
3250 1290 3344 1354 Τίς
3374 1290 3525 1357 ἔγνω
3574 1288 3727 1340 νοῦν

2135 1385 2393 1451 Kvplov;
2424 1384 2518 1437 καὶ
2550 1383 2759 1447 οὑσίαν,
2793 1382 2931 1435 κατὰ
2954 1383 3033 1446 τὸ,
3081 1380 3229 1450 Ἐγώ
3258 1383 3373 1448 εἰμι
3409 1383 3441 1433 ό
3474 1378 3592 1431 ὢν·
3626 1378 3725 1448 τὴν

2137 1474 2484 1543 αὑτοσοφίαν,
2504 1475 2598 1527 καὶ
2621 1476 2716 1544 οὑχ
2753 1474 2937 1536 ἁπλῶς
2961 1473 3249 1542 λογιότητα
3273 1472 3387 1525 ἀλλ’
3420 1471 3728 1537 αὑτολογιό-

2134 1582 2270 1636 τητα
2288 1565 2574 1636 ὑμνοῦσαι,
2591 1567 2690 1634 τὴν
2707 1566 2875 1627 όντως
2896 1564 3128 1636 ὓπαρξιν
3146 1560 3309 1617 οὖσαν
3328 1564 3419 1615 καί⁸
3434 1562 3611 1614 αἰτίαν
3626 1562 3729 1630 τῆς

2134 1656 2243 1709 τῶν
2268 1656 2441 1709 ἄλλων
2465 1656 2680 1708 πάντων
2707 1652 3018 1725 ὑπάρξεως,
3055 1653 3150 1706 καὶ
3180 1651 3294 1721 φῶς
3329 1650 3424 1703 καὶ
3448 1648 3611 1719 ζωὴν,
3650 1650 3732 1709 ὡς

2135 1755 2249 1815 τοῖς
2269 1753 2435 1821 ἱεροῖς
2452 1750 2804 1817 Εὑαγγελίοις
2822 1764 2834 1777 ·
2858 1748 2967 1800 τῶν
2982 1746 3237 1799 τοιούτων
3260 1745 3513 1797 ἁπάντων
3525 1743 3730 1811 ὀνομά-

2140 1870 2247 1905 των
2276 1851 2614 1921 σεμνοτέρων
2633 1850 2801 1901 όντων
2820 1849 2912 1900 καὶ
2940 1846 3351 1918 ὑπερκειμένων
3372 1842 3480 1896 τῶν
3503 1842 3730 1903 ὑλικῶν,

2141 1946 2188 1997 εἰ
2212 1944 2306 1997 καὶ
2332 1943 2473 1995 οὑτω
2494 1942 2655 1995 πάλιν
2686 1941 2823 2011 πρὸς
2844 1939 2943 2009 τὴν
2975 1937 3234 2009 ἀληθινὴν
3268 1937 3563 2007 ἐμφέρειαν
3587 1936 3731 1987 ἁπο-

2139 2037 2348 2090 δέουσιν
2367 2053 2378 2065 ·
2406 2036 2519 2088 ἐστι
2541 2040 2648 2106 γὰρ
2665 2034 2803 2104 ὑπὲρ
2827 2030 3000 2083 ταῦτα
3022 2031 3218 2093 πάντα,
3239 2028 3273 2082 ἃ
3296 2028 3357 2099 δὴ
3383 2027 3733 2096 ἁσυγκρίτως

2139 2131 2238 2200 τῆς
2274 2128 2550 2199 μακαρίας
2584 2125 2969 2178 ἀπολείπονται
2999 2124 3233 2193 φύσεως.
3265 2120 3400 2173 Ποτὲ
3434 2119 3491 2172 δὲ
3523 2120 3589 2171 ὲκ
3618 2119 3732 2171 τῶν

2140 2221 2407 2291 ἀνομοίων
2456 2220 2704 2287 ὑμνεῖται
2740 2217 2799 2268 τὺ
2839 2218 2993 2267 θεῖον
3031 2214 3172 2266 κατὰ
3211 2214 3502 2280 ἀπόφασιν,
3555 2211 3729 2281 ἀόρα-

2139 2330 2229 2365 τον
2289 2311 2601 2381 λεγόμενον,
2671 2309 2765 2361 καὶ
2846 2307 3090 2377 ἄπειρον,
3167 2305 3261 2357 κα)⁸
3323 2302 3635 2374 ἁχῶρητον·
3671 2302 3731 2367 ἐξ

2138 2399 2210 2459 ὧν
2252 2406 2312 2456 οὑ
2354 2403 2406 2455 τί
2452 2404 2617 2465 ἐστὶν,
2650 2399 2784 2454 ἀλλά
2814 2400 2867 2453 τί
2908 2399 3007 2450 οὑκ
3045 2398 3158 2449 ἔστι
3203 2396 3546 2466 σημαίνεται.
3593 2393 3731 2446 Ἀπὸ

2138 2497 2267 2565 γοῦν
2296 2493 2499 2547 τούτων
2540 2492 2649 2545 τῶν
2676 2492 2769 2545 δύο
2810 2489 3127 2558 ὲκφάνσεων
3162 2487 3505 2558 κυριωτέραν
3538 2484 3637 2554 τὴν
3670 2482 3732 2547 ἐξ

2139 2589 2406 2658 ἀνομοίων
2440 2588 2697 2640 δείκνυσι.
2728 2584 2801 2637 Τὸ
2841 2583 2939 2653 μὲν
2980 2578 3073 2634 οῦν
3107 2581 3207 2633 οὑκ
3250 2575 3387 2631 εἶναι
3425 2577 3632 2646 ταύτην
3675 2592 3730 2626 τι

2136 2679 2242 2732 τῶν
2270 2679 2459 2742 όντων,
2484 2677 2845 2747 γινώσκομεν·
2873 2672 3171 2743 ἀγνοοῦμεν
3194 2671 3250 2723 δὲ
3277 2672 3375 2741 τὴν
3403 2668 3732 2740 ὑπερούσιον

2140 2771 2312 2841 αὑτῆς
2342 2770 2622 2841 ἀοριστίαν
2654 2769 2747 2821 καὶ
2795 2766 3047 2835 ἀνόητον·
3105 2764 3328 2833 ἀνόητον
3352 2762 3429 2824 δὲ,
3478 2761 3539 2813 οὑ
3586 2758 3731 2812 κατὰ

2141 2864 2399 2933 στέρησιν
2439 2862 2705 2931 νοήσεως,
2737 2860 2851 2913 ἀλλ’
2889 2862 2972 2914 ὅτι
3010 2860 3197 2928 νόησιν
3236 2857 3443 2926 ταύτης
3479 2857 3580 2907 οὐκ
3611 2854 3729 2905 ἐστι

2134 2954 2353 3008 λαϐεῖν·
2392 2951 2582 3023 ὥσπερ
2610 2952 2705 3004 καὶ
2743 2952 2931 3013 τᾶλλα,
2968 2952 3030 3004 τὸ
3061 2951 3287 3021 ἀόρατον
3333 2950 3426 3002 καὶ
3474 2947 3727 3016 ἄπειρον,

2137 3043 2198 3096 οὑ
2234 3040 2376 3096 κατά
2406 3043 2680 3113 στέρησιν,
2708 3041 2841 3094 ἀλλά
2881 3041 3023 3094 κατά
3053 3040 3344 3108 ἀπόφασιν.
3376 3037 3567 3089 Τοίνυν
3604 3037 3731 3089 ἐπεὶ

460 3138 640 3175 rerum
664 3126 1068 3188 exsistentium,
1110 3128 1204 3181 sed
1243 3128 1556 3197 ignoramus
1589 3134 2027 3200 superessenu'a—

2140 3136 2196 3189 αἰ
2241 3136 2339 3205 μὲν
2371 3134 2675 3203 ἀποφάσεις
2705 3134 2796 3186 ἐπὶ
2828 3133 2935 3185 τῶν
2967 3132 3146 3195 θείων,
3184 3131 3421 3201 ἀληθεῖς,
3453 3129 3509 3182 αἱ
3537 3127 3595 3179 δὲ
3626 3145 3730 3179 κα-

460 3214 563 3267 lem
590 3214 708 3283 ejus
738 3216 953 3268 termini
982 3220 1277 3271 carentiam
1299 3258 1315 3282 ,
1359 3229 1411 3272 et
1443 3220 2028 3291 inintelligibilitatem,

459 3304 598 3368 sive,
630 3315 686 3357 ut
723 3306 794 3359 ita
829 3307 1026 3370 dicam,
1070 3310 1401 3373 amentiam;
1436 3314 1749 3379 amentiam,
1783 3315 2031 3385 inquam,

460 3413 565 3450 non
598 3399 898 3452 secundum
954 3402 1151 3454 mentis
1191 3403 1577 3470 privationem,
1618 3406 1712 3459 sed
1745 3410 1885 3476 quod
1914 3410 2033 3478 ejus

461 3489 820 3556 cognitionem
881 3507 1033 3546 mens
1092 3494 1233 3547 nulla
1289 3496 1467 3563 capiat
1516 3515 1529 3551 :
1576 3501 2031 3563 quemadmodum

458 3580 621 3632 etiam
667 3579 802 3643 alia,
848 3592 905 3634 ut
947 3583 1294 3639 invisibilitas
1337 3594 1389 3639 et
1441 3588 1683 3641 inlluitas
1728 3589 1876 3656 ejus.
1924 3608 2030 3645 non

460 3673 752 3740 privative,
786 3676 878 3727 sed
913 3676 1162 3743 negative
1197 3679 1550 3747 intelligenda
1594 3692 1736 3737 sunt.
1772 3683 1907 3737 Cum
1941 3685 2036 3738 ita—

460 3778 567 3830 que
613 3767 931 3832 negationes
966 3768 1016 3819 in
1052 3769 1253 3824 divinis
1296 3786 1434 3823 vera:
1477 3774 1607 3837 sint,
1642 3774 2036 3831 afﬁrmationes

464 3868 592 3905 vero
624 3856 863 3917 absona,
892 3859 1063 3926 magis
1099 3863 1312 3929 propria
1346 3874 1431 3916 est
1466 3865 1515 3916 in
1546 3867 1612 3917 iis
1641 3868 1945 3922 enuntiatio
1973 3885 2035 3923 ac

463 3944 856 3999 demonstratio
888 3963 983 4016 per
1013 3950 1317 4005 dissimilia.
1360 3952 1489 4018 Quae
1523 3971 1645 4008 cum
1686 3957 1757 4009 ita
1787 3972 1906 4012 sese
1942 3961 2038 4012 ha-

467 4033 629 4087 beant
672 4036 723 4089 in
766 4038 905 4101 Deo,
956 4055 1297 4111 consequens
1343 4056 1427 4098 est
1480 4046 1796 4114 Scripturas
1847 4065 2037 4106 sacras

466 4125 737 4180 honorare
794 4131 1001 4197 potius,
1049 4142 1102 4186 et
1150 4150 1492 4205 nequaquam
1544 4138 1726 4208 aliquo
1774 4143 2037 4199 dedecore

465 4218 679 4273 allicere
728 4222 942 4277 divinas
992 4225 1114 4279 illas
1168 4228 1574 4295 dispositiones,
1614 4248 1709 4300 per
1762 4234 2034 4303 ejusmodi

464 4308 759 4364 formarum
793 4313 1134 4367 dissimilium
1164 4315 1487 4383 edictiones,
1518 4331 1573 4373 ut
1607 4322 1780 4391 bovis,
1816 4326 2034 4394 aquibe,

463 4412 792 4471 caalerasque
821 4406 1019 4473 quibus
1047 4423 1138 4461 eas
1168 4410 1343 4463 innuit
1372 4416 1892 4480 supermundialiter
1921 4435 2038 4471 ma-

2135 3229 2417 3297 ταφάσεις,
2460 3227 2823 3297 ἀνάρμοστοι·
2873 3225 3177 3296 οἰκειοτέρα
3228 3222 3424 3294 μᾶλλόν
3455 3224 3601 3273 ἐστιν
3633 3221 3731 3271 ἐπὶ

2135 3320 2340 3375 τούτων
2366 3322 2397 3389 ὴ
2423 3319 2511 3372 διὰ
2536 3320 2646 3371 τῶν
2678 3318 2948 3388 ἀνομοίων
2971 3316 3303 3386 ὲκψαντορία
3332 3316 3424 3365 καὶ
3466 3312 3724 3381 δήλωσις.

2136 3413 2244 3465 Καὶ
2269 3412 2315 3462 εἰ
2351 3409 2525 3463 ταῦτα
2562 3407 2737 3471 οὑτως
2768 3408 2859 3459 ἐπὶ⁵
2887 3406 3045 3469 Θεοῦ,
3082 3404 3451 3474 συναγόμενόν
3482 3406 3602 3455 ἐστι
3631 3403 3731 3454 καὶ

2136 3506 2229 3558 ἐπὶ
2257 3503 2487 3565 τούτοις,
2517 3504 2597 3555 ὅτι
2628 3500 2865 3572 τιμῶσιν
2904 3500 3031 3570 ἄρα,
3063 3500 3161 3551 οὑκ
3202 3498 3424 3567 αἴσχους
3454 3494 3731 3565 πληροῦσι

2136 3596 2235 3658 τὰς
2264 3596 2414 3658 θείας
2440 3594 2827 3664 διακοσμήσεις
2861 3594 2915 3644 αἰ
2950 3592 3091 3662 ἰεραὶ
3128 3592 3361 3661 Γραφαί,
3394 3590 3447 3642 αἱ
3489 3588 3581 3641 διὰ
3616 3587 3731 3640 τῶν

2134 3686 2407 3757 ἀνομοίων
2439 3686 2808 3757 μορφοποιίαι,
2836 3683 2930 3735 τοῦ
2974 3683 3113 3753 βοὸς,
3150 3682 3244 3734 τοῦ
3274 3680 3453 3743 ἀετοῦ,
3494 3681 3589 3732 καὶ
3614 3678 3729 3730 τῶν

2135 3779 2336 3831 λοιπῶν
2382 3778 2552 3839 αὑτὰς
2596 3775 3003 3835 ὑποδεικνῦσαι,
3044 3775 3118 3837 ὼς
3177 3773 3432 3844 ὑπεράνω
3478 3771 3729 3840 δηλονότι

2135 3870 2300 3932 οὑσας
2338 3869 2447 3921 τῶν
2494 3868 2691 3921 ὑλικῶν
2720 3868 2971 3920 ἁπάντων
3014 3864 3413 3935 ὑπερκοσμίως.
3446 3865 3509 3915 Εἰ
3553 3863 3662 3932 γὰρ
3698 3865 3729 3915 6

2136 3962 2530 4032 λεοντόμορφος
2589 3959 2912 4028 λεγόμενος,
2962 3956 3057 4009 καὶ
3104 3955 3411 4017 πολύπους,
3471 3954 3566 4006 καὶ
3617 3969 3726 4006 πο-

2136 4051 2421 4121 λύπτερος,
2449 4050 2543 4101 καὶ
2586 4046 2800 4115 λογικός
2846 4048 2982 4107 ἐστι,
3024 4044 3118 4096 καὶ
3146 4042 3337 4104 ἄὺλος,
3371 4040 3486 4103 πῶς
3530 4041 3593 4093 οὑ
3629 4039 3730 4109 δη-

2137 4143 2308 4195 λονότι
2338 4143 2438 4194 ὑπε
2449 4139 2722 4211 ρκοσμίως
2744 4136 3011 4207 ἐκϐέϐηκε
3042 4134 3111 4187 τὰ
3138 4133 3298 4187 ὑλικά
3322 4132 3414 4185 καὶ
3438 4131 3565 4201 παρ’
3588 4133 3730 4201 ἡμῖν

2137 4235 2433 4305 νοούμενα;
2481 4234 2620 4303 Ὂρα
2658 4230 2713 4282 δὲ
2748 4228 2863 4291 πῶς
2890 4227 3071 4290 καλῶς
3113 4226 3512 4295 ἀπελογήσατο,
3550 4223 3640 4275 διὰ
3672 4223 3730 4275 τί

2139 4326 2291 4391 ζώων
2349 4326 2565 4395 μνήμην
2603 4322 2715 4392 ἔχει
2753 4321 2821 4373 τὰ
2855 4320 3115 4391 οὐράνια,
3163 4319 3282 4387 ἤτοι
3323 4316 3551 4377 εἰκόνας.
3590 4316 3728 4367 Ὥσ-

2139 4435 2242 4487 περ
2286 4416 2391 4486 γὰρ
2425 4418 2452 4468 ό
2502 4415 2595 4467 ἐπὶ
2648 4413 2865 4465 πάντων
2908 4410 3040 4472 θεὸς
3121 4409 3275 4460 οὐδὲν
3312 4408 3371 4459 ὲν
3411 4408 3523 4467 τοῖς
3558 4407 3729 4457 πᾶσιν

464 4495 674 4550 teriatis
728 4498 983 4551 omnibus
1038 4500 1187 4554 hisce
1244 4505 1407 4556 rebus
1459 4505 1811 4562 inferioribus
1861 4512 2035 4565 subli-

2142 4510 2253 4578 ἔχει.
2301 4507 2586 4577 ὁμογενὲς,
2630 4504 2725 4558 καὶ
2771 4502 2859 4555 διὰ
2918 4502 3076 4554 τοῦτο
3126 4500 3349 4561 εἰκότως
3404 4497 3557 4550 οὐδὲν
3614 4496 3730 4548 τῶν

467 4588 671 4642 miores
714 4591 1000 4645 exsistere.
1034 4592 1088 4646 Si
1126 4594 1269 4646 enim
1324 4596 1369 4648 is
1411 4598 1501 4664 qui
1550 4598 1719 4654 leonis
1765 4602 2037 4667 formam,

470 4677 776 4746 multosque
813 4682 979 4746 pedes
1009 4692 1172 4751 atque
1207 4684 1323 4737 alas
1364 4686 1569 4742 habere
1602 4688 1821 4755 dicitur,
1872 4695 2036 4748 etiam

470 4772 680 4823 ratione
722 4776 983 4841 prreditus
1021 4787 1128 4841 est,
1161 4786 1215 4830 et
1244 4792 1442 4848 expers
1470 4784 1734 4848 materiae,
1765 4788 2038 4852 quomodo

468 4878 573 4915 non
607 4865 768 4918 etiam
809 4870 1337 4934 supermundialiter
1367 4887 1453 4926 res
1489 4874 1653 4929 hasce
1698 4880 2035 4943 materiatas,

467 4969 587 5022 qua:
619 4970 646 5007 a
678 4957 836 5010 nobis
868 4959 1272 5026 intelliguntur,
1302 4965 1568 5017 excedat?
1595 4964 1840 5022 Observa
1874 4985 2034 5037 quam

467 5046 687 5111 pulchre
725 5048 990 5103 rationem
1045 5051 1291 5116 dederit,
1339 5070 1437 5107 cur
1484 5057 1797 5112 animalium
1833 5063 2037 5116 mentio

470 5137 566 5188 liat
595 5138 647 5190 in
680 5140 1015 5203 caelestibus.
1046 5144 1157 5197 sive
1190 5147 1488 5213 imaginum
1522 5164 1735 5203 eorum.
1769 5150 2035 5216 Quemad-

470 5230 686 5281 modum
715 5232 856 5285 enim
885 5233 1020 5286 Deus
1044 5236 1313 5289 exsistens
1334 5239 1384 5289 in
1408 5240 1677 5301 onmihus,
1699 5242 1829 5295 nihil
1855 5244 1903 5295 iu
1931 5259 2041 5297 0m-

472 5322 633 5375 uibus
669 5322 832 5376 habet
864 5323 1105 5391 ejusdem
1139 5342 1322 5382 secum
1360 5332 1599 5398 generis,
1638 5334 1871 5401 ideoque
1903 5335 2033 5388 nihil

470 5424 653 5463 rerum
690 5414 970 5480 omnium,
1019 5424 1105 5469 est
1140 5417 1308 5485 ipsius
1360 5421 1780 5489 declarativum;
1833 5424 2040 5479 idcirco

467 5504 630 5557 etiam
645 5504 748 5557 alia
773 5508 1031 5561 methodo
1046 5510 1113 5563 de
1138 5509 1245 5564 Deo
1270 5510 1568 5580 loquimur,
1586 5516 1848 5580 dicentes,
1870 5516 2037 5570 Deum

469 5612 575 5653 non
602 5614 724 5654 esse
755 5601 855 5656 hoc
878 5613 934 5657 et
962 5602 1115 5668 illud,
1143 5607 1286 5673 quod
1313 5622 1406 5675 per
1429 5607 1710 5663 dissimilia
1742 5620 1895 5665 vocat
1922 5624 1937 5664 :
1964 5612 2042 5666 sic

615 5785 645 5819 ο
680 5778 833 5834 Rom.
864 5798 937 5847 χι,
964 5781 1052 5838 δι.
1131 5783 1155 5822 (ι
1188 5785 1355 5841 Exod.
1392 5803 1473 5853 ιιι,
1517 5788 1599 5847 Η.

2142 4601 2394 4653 ἁπάντων
2436 4598 2551 4649 ἐστὶ
2579 4582 2874 4664 δηλωτικὸν
2926 4594 3090 4647 αὑτοῦ
3113 4633 3127 4655 ,
3172 4593 3309 4645 ἀλλὰ
3355 4590 3541 4643 λοιπὸν
3588 4589 3731 4662 ἄλλῃ

2147 4692 2349 4762 μεθόδῳ
2385 4689 2760 4758 θεολογοῦμεν,
2802 4687 3054 4755 λέγοντες
3083 4687 3164 4738 ὅτι
3208 4686 3307 4737 οὑκ
3355 4684 3503 4736 ἔστιν
3530 4684 3557 4735 ό
3591 4682 3729 4745 Θεὸς

2140 4784 2201 4836 τὸ
2258 4784 2349 4835 καὶ
2400 4783 2491 4846 τὸ,
2538 4784 2672 4852 ὅπερ
2728 4781 2881 4833 καλεῖ
2932 4780 3029 4832 διὰ
3059 4778 3175 4833 τῶν
3207 4778 3534 4846 ἀνομοίων·
3580 4773 3730 4827 οὑτω

2142 4875 2236 4928 καὶ
2267 4873 2494 4927 ἐπὶτῶν
2537 4872 2803 4943 οὐρανίων
2856 4872 3138 4940 δυνάμεων
3170 4870 3353 4931 καλῶς
3391 4869 3441 4919 οἱ
3482 4866 3729 4932 θεολόγοι

2140 4966 2424 5037 ἐποίησαν,
2460 4964 2723 5034 τεχνικῶς
2749 4965 2927 5017 οὐδενὶ
2959 4963 3068 5015 τῶν
3107 4962 3285 5015 αὑτῶν
3322 4959 3494 5021 αὑτὰς
3531 4956 3731 5028 ὁμοιῶν

2142 5075 2332 5120 σαντες
2358 5098 2372 5119 ,
2398 5056 2509 5109 ἀλλ’
2555 5060 2619 5109 ὲκ
2666 5056 2774 5109 τῶν
2819 5055 3112 5125 αἰσθητῶν,
3146 5055 3288 5123 ἆπερ
3330 5052 3484 5105 καλεῖ
3520 5051 3725 5120 ἄτιμα,

2139 5151 2236 5221 τὴν
2278 5151 2487 5203 τελείαν
2531 5148 2786 5212 λαϐόντες
2827 5149 3143 5219 ἐμφέρειαν,
3180 5146 3339 5198 τοῦτο
3380 5142 3517 5213 πρὸς
3554 5141 3727 5211 τιμὴν

2140 5243 2315 5297 αὑτῶν
2366 5242 2743 5311 πεποιηκότες,
2774 5243 2861 5294 ἵνα
2891 5238 3290 5309 πλασματώδης
3327 5238 3420 5289 καὶ
3460 5235 3559 5286 οὑκ
3594 5233 3722 5322 ἁλη-

2141 5335 2240 5406 θὴς
2274 5336 2497 5405 γένηται
2537 5334 2741 5386 τούτων
2775 5335 2809 5403 ἡ
2856 5332 3101 5403 μίμησις.
3151 5328 3433 5383 Ἐντεῦθεν
3470 5326 3726 5397 βούλεται

2145 5425 2313 5491 δεῖξαι
2353 5427 2493 5480 κατὰ
2517 5426 2577 5478 τὸ
2608 5426 2799 5496 βίαιον,
2831 5427 2911 5477 ὃτι
2954 5425 3047 5476 καὶ
3082 5422 3279 5499 μᾶλλον
3303 5420 3410 5473 τῶν
3436 5418 3640 5489 ὁμοίων
3666 5418 3725 5469 αἰ

2143 5521 2386 5591 ἀνόμοιοι
2455 5519 2938 5592 εὑαρμοστότεραι.
2978 5518 3075 5579 Εἰς
3118 5516 3216 5586 μὲν
3246 5513 3356 5584 γὰρ
3392 5511 3492 5574 τὰς
3522 5527 3727 5579 τιμιω-

2141 5611 2305 5682 τέρας
2336 5611 2428 5664 καὶ
2459 5611 2671 5681 ὁμοίας,
2702 5609 2847 5671 εἰκός
2876 5610 2992 5661 ἐστι
3037 5607 3130 5659 καὶ
3168 5600 3618 5672 ἀποπλανηθῆναι
3644 5614 3728 5652 τι-
