3908 6232
194 331 293 388 157

709 333 796 388 DE
827 333 1148 390 C(ELESTI
1181 333 1624 400 HIERARCHIA,
1657 333 1811 390 CAP.
1849 333 1914 389 ll.
1947 363 2018 376 —
2051 333 2396 392 PARAPHR.
2433 332 2904 394 PACHYMERE.

3339 335 3440 394 158

191 465 307 505 νας,
338 447 478 498 ὅπου
517 462 581 514 γε
623 448 717 500 καὶ
746 449 826 510 είς
851 448 950 512 τάς
975 447 1263 520 ἀνομοίους
1297 451 1438 513 τινὲς
1465 449 1767 516 ὲξώλισθον,

1877 449 2040 502 etiam
2074 449 2125 503 in
2165 449 2483 504 coalestibus
2523 448 2813 504 virtutibus
2850 451 3075 506 omnino
3106 461 3254 508 recte
3282 455 3442 510 theo-

188 538 376 601 ·ιαθὼς
403 538 668 608 ἐλέγομεν
706 540 1030 611 ἔμπροσθεν.
1073 542 1429 611 Οἰηθήσονται
1471 541 1600 612 γὰρ,
1638 560 1774 613 χρυ-

191 633 420 696 σοειδεῖς
460 633 560 686 καὶ
604 630 913 694 στίλϐοντας
957 630 1156 701 ἄνδρας
1197 627 1355 694 εἶναι,
1386 633 1480 684 καὶ
1517 630 1774 702 λαμπρὰν

191 723 501 795 φοροῦντας
540 722 763 792 ἐσθῆτα,
796 725 889 776 καὶ
929 722 1198 793 πυρώδεις
1235 722 1357 792 δίχα
1404 722 1651 785 καύσεως
1679 723 1774 776 καὶ

188 815 448 878 ἀϐλαϐῶς
492 812 663 867 εἶναι·
695 815 752 867 αί
790 814 898 885 γὰρ
939 815 1227 884 λεγόμεναι
1274 813 1446 886 πυρὸς
1478 815 1672 882 φλόγες
1713 815 1773 866 ού

187 907 509 968 καυστικαὶ,
546 903 684 957 ἀλλὰ
724 903 948 969 ζωτικαί
993 906 1120 966 εἰσι,
1149 906 1242 958 καὶ
1271 905 1439 957 τᾶλλα
1481 906 1580 957 ὅσα
1610 905 1775 974 φασὶν

191 1004 248 1055 αί
272 1003 514 1074 Γραφαί.
545 1003 723 1071 Ὅπερ
753 1001 840 1053 ἵνα
873 1000 947 1071 μὴ
982 1000 1202 1053 πάθοιεν
1227 1001 1276 1052 οἱ
1310 999 1472 1070 μηδὲν
1501 1000 1608 1052 τῶν
1646 1015 1773 1067 φαι-

189 1093 432 1164 νομένων
453 1091 786 1163 ὑψηλότερον
811 1089 1179 1160 φαντασθῆναι
1199 1091 1502 1160 δυνάμενοι,
1530 1093 1562 1160 ἡ
1595 1089 1772 1160 ὑψηλὴ

189 1189 351 1258 σοφία
379 1188 494 1240 τῶν
522 1168 789 1255 θεοῇγων
830 1187 911 1249 είς
941 1184 1227 1255 ἀνομοίους
1270 1185 1364 1237 καὶ
1403 1184 1774 1254 ἀπεμφαινού-

188 1298 285 1344 σας
313 1280 538 1343 εἰκόνας
569 1279 888 1346 κατάγεται,
928 1278 1002 1348 μὴ
1033 1275 1388 1347 συγχωροῦσα
1419 1276 1514 1345 μὲν
1540 1275 1637 1344 τὴν
1661 1275 1775 1328 διά-

135 1359 140 1364 ’
185 1387 334 1423 νοιαν
378 1368 542 1440 ἡμῶν
577 1366 950 1421 ἀναπαύεσθαι
991 1367 1072 1428 εἰς
1111 1363 1340 1435 αίσχράς
1378 1364 1470 1416 καὶ
1508 1364 1774 1434 ἀπρεπεῖς

183 1462 545 1523 ἀναπλάσεις,
576 1458 917 1530 διεγείρουσα
953 1457 1010 1511 δὲ
1051 1457 1112 1510 τὸ
1149 1457 1426 1525 ἀνωφερὲς
1461 1455 1561 1525 τῆς
1596 1454 1774 1522 ψυχῆς

181 1556 251 1624 τῇ
286 1551 605 1623 δυσμορφίᾳ
643 1551 752 1603 τῶν
783 1551 1052 1614 πλάσεων,
1085 1549 1161 1612 ὼς
1188 1549 1347 1618 δήλου
1377 1546 1576 1616 δηλαδὴ
1621 1546 1773 1608 ὄντος

185 1648 279 1700 καὶ
304 1650 423 1709 τοῖς
464 1646 606 1713 ἀγαν
648 1645 855 1706 ὑλικοῖς
881 1645 979 1714 τὴν
1017 1643 1274 1704 διάνοιαν,
1306 1642 1387 1693 ὅτι
1430 1642 1528 1692 οὑκ
1565 1641 1670 1691 εἰσὶ
1704 1637 1774 1691 τὰ

179 1738 301 1792 θεῖα
335 1738 591 1792 τοιαῦτα.
628 1736 894 1807 Ἀκριϐῶς
920 1731 1013 1788 οὖν
1048 1734 1252 1796 εἰδότες
1280 1734 1362 1786 ὅτι
1398 1733 1498 1784 οὑκ
1527 1732 1634 1784 είσὶ
1661 1748 1773 1784 τοι·

1877 539 1982 610 logi
2031 539 2309 607 fecerunt,
2345 542 2472 597 dum
2525 543 2734 598 erudite
2783 543 2914 598 nulli
2950 544 3161 600 ordinis
3199 547 3439 616 ejusdem

1877 632 1996 686 illas
2041 633 2440 701 assimilarunt;
2482 637 2577 690 sed
2617 653 2682 691 ex
2729 638 3066 702 sensilibus,
3117 652 3239 706 qua:
3282 650 3443 694 vocat

1875 723 2028 786 vilia,
2061 724 2358 792 perlectam
2405 736 2632 779 sumunt
2664 727 3103 791 similitudinem,
3144 727 3196 782 id
3240 728 3308 782 ad
3347 743 3444 783 ea-

1877 829 1994 867 rum
2049 813 2309 868 bonoren:
2345 814 2633 881 fecerunt,
2679 826 2740 869 ut
2780 816 3006 882 ﬁctilia,
3049 827 3104 872 et
3146 832 3252 872 non
3284 833 3435 881 vera,

1876 894 2024 959 esset
2060 906 2376 959 earumdem
2407 905 2664 960 imitatio.
2695 905 2834 960 Hinc
2863 907 2977 959 vult
3010 909 3242 977 probare
3269 923 3298 960 a
3331 907 3442 962 for—

1877 1000 2025 1064 tiori,
2056 1000 2343 1053 dissimilia
2379 1000 2648 1056 similibus
2677 1016 2800 1056 esse
2835 1003 3044 1070 aptiora
3075 1019 3088 1054 :
3123 1003 3173 1055 in
3216 1003 3442 1056 nobilio-

1876 1088 2025 1143 ribus
2053 1089 2199 1144 enim
2227 1105 2289 1144 ac
2317 1091 2614 1156 similibus,
2642 1092 2881 1160 proclive
2912 1102 2996 1146 est
3030 1091 3321 1148 nonnullos
3347 1093 3444 1147 de-

1873 1179 1980 1248 cipi
2019 1193 2141 1233 cum
2177 1182 2344 1234 etiam
2377 1182 2430 1234 in
2466 1182 2827 1237 dissimilibus
2875 1183 3041 1252 aliqui
3070 1183 3330 1249 errarint,
3363 1184 3439 1237 uti

1876 1283 2040 1339 supra
2073 1272 2330 1328 diximus.
2380 1272 2783 1327 Existimabunt
2825 1275 3000 1339 enim,
3047 1289 3172 1328 esse
3215 1287 3445 1329 naturas

1876 1362 1997 1418 illas
2025 1365 2207 1432 Specie
2233 1365 2462 1433 quadam
2491 1379 2652 1420 aurea
2677 1367 2826 1421 viros
2853 1367 3118 1436 quosdam
3149 1369 3441 1434 micantes,

1874 1464 1932 1509 et
1979 1457 2176 1509 vestitu
2231 1457 2517 1524 splendido
2564 1457 2801 1522 indutos,
2842 1469 3005 1528 atque
3047 1461 3264 1530 igneum
3313 1463 3445 1531 quid

1875 1547 2178 1612 vibrantes,
2219 1563 2327 1602 non
2359 1549 2639 1604 adurendo
2676 1564 2778 1605 nec
2811 1550 3095 1606 laedendo:
3125 1567 3248 1606 nam
3291 1551 3445 1606 llam-

1876 1654 1978 1692 ma:
2008 1639 2162 1694 istius
2212 1641 2355 1710 ignis
2388 1655 2492 1694 non
2540 1642 2742 1696 habent
2787 1642 2893 1695 vim
2926 1645 3139 1709 urendi,
3173 1645 3266 1699 sed
3304 1646 3444 1699 vivi-

1877 1732 2106 1798 ﬁcandi;
2139 1741 2194 1787 et
2222 1747 2556 1803 quaecunque
2595 1735 2701 1787 alia
2731 1735 2839 1806 25
2870 1734 3165 1806 Scriptura:
3197 1739 3442 1792 tradunt.

180 1833 346 1896 αῦτα,
373 1832 684 1903 ζητήσομεν
708 1831 806 1901 τὴν
834 1830 1111 1900 ἀλήθειαν,
1136 1829 1234 1899 τὴν
1276 1829 1358 1880 ὅτι
1389 1826 1515 1909 ἄλλο
1540 1843 1590 1878 τι
1620 1823 1767 1899 ποιρά

1872 1823 2024 1888 Quod
2075 1841 2142 1879 ne
2196 1825 2261 1878 iis
2311 1825 2552 1889 eveniat,
2591 1827 2682 1896 qui
2729 1827 2866 1881 nihil
2911 1828 3096 1892 altius,
3146 1845 3307 1898 quant
3354 1831 3441 1885 illa

179 1924 358 1978 ταῦτά
385 1925 547 1976 εἰσιν.
587 1923 797 1984 Ἀλλως
822 1939 883 1974 τε
915 1923 1010 1974 καὶ
1037 1920 1194 1973 τοῦτο
1234 1919 1484 1988 ἐννοῆσαι
1533 1919 1657 1989 χρὴ,
1687 1919 1768 1971 ὅτι

175 2010 336 2064 οὐδὲν
368 2009 483 2062 τῶν
523 2008 691 2062 ὄντων
721 2008 970 2072 καθόλου,
1011 2009 1110 2079 τῆς
1136 2008 1230 2060 τοῦ
1277 2007 1441 2060 καλοῦ
1481 2007 1768 2077 μετουσίας

176 2101 478 2171 ἐστέρηται
497 2118 511 2131 ο
544 2101 669 2154 ἐπεὶ
690 2099 830 2153 καλά
861 2100 979 2153 λίαν
1008 2099 1157 2171 παρά
1184 2100 1284 2169 τῆς
1309 2098 1530 2170 Γραφῆς
1557 2115 1768 2169 μεμαρ-

173 2207 468 2263 τυρηνται.

1876 1914 2098 1982 pulchra
2128 1923 2181 1970 et
2211 1910 2454 1983 speciosa
2480 1929 2600 1983 qua:
2626 1927 2917 1986 apparent,
2947 1927 3127 1973 mente
3152 1920 3440 1988 complecti

1875 2015 2142 2074 possunt;
2195 2006 2450 2060 sublimis
2493 2010 2580 2061 illa
2641 2009 3007 2077 theologorum
3053 2009 3319 2078 sapientia
3371 2011 3439 2065 ad

1873 2095 2343 2149 dissimilitudines
2371 2107 2424 2150 et
2452 2097 2686 2150 absonas
2715 2098 2982 2164 imagines
3003 2113 3062 2152 se
3095 2097 3304 2166 dejicit,
3336 2115 3442 2153 non

1874 2187 2193 2256 permittens
2247 2187 2636 2257 cogitationem
2692 2201 2934 2243 nostram
3001 2191 3110 2245 illis
3165 2191 3446 2246 indecoris

179 2284 508 2338 ﬁctionibus
591 2283 979 2352 acquiescere,
1037 2279 1132 2337 sed
1181 2295 1302 2336 eam
1349 2281 1544 2334 animae
1596 2288 1802 2346 partem
1845 2292 1965 2346 quae
2010 2277 2075 2331 ad
2109 2278 2216 2331 alta
2251 2280 2442 2346 tendit,
2478 2281 2592 2349 ipsa
2630 2280 2979 2334 deformitate
3010 2281 3306 2352 ﬁgurarum
3337 2299 3437 2338 ex-

176 2380 314 2432 citat
340 2388 398 2433 et
430 2378 702 2440 stimulat,
736 2387 996 2446 tanquam
1033 2374 1285 2430 videlicet
1313 2373 1520 2429 clarum
1551 2372 1621 2426 sit
1648 2371 1814 2426 etiam
1846 2371 1913 2424 iis
1943 2371 2034 2440 qui
2065 2381 2193 2425 sunt
2222 2372 2452 2428 terrenis
2502 2375 2664 2428 rebus
2703 2373 2861 2428 valde
2887 2373 3055 2440 allixi,
3108 2392 3193 2431 res
3227 2377 3440 2434 divinas

178 2488 288 2528 non
343 2488 471 2527 esse
519 2471 699 2526 tales:
760 2480 818 2524 ut
868 2485 1000 2525 cum
1051 2469 1196 2524 clare
1247 2466 1663 2538 cognoverimus
1723 2478 1815 2519 eas
1869 2479 1974 2518 non
2027 2479 2148 2519 esse
2196 2465 2365 2532 tales,
2414 2466 2701 2520 veritatem
2753 2467 3125 2536 inquiramus,
3175 2469 3436 2538 quoniam

176 2571 310 2638 quid
364 2569 516 2622 aliud
551 2571 620 2622 ab
669 2567 777 2622 illis
814 2577 962 2623 sunt.
1006 2562 1148 2633 Quin
1177 2574 1234 2620 et
1282 2565 1385 2620 hoc
1437 2563 1759 2628 sciendum,
1787 2559 1920 2614 nihil
1951 2575 2140 2614 eorum
2173 2577 2294 2631 qua:
2317 2570 2443 2615 sunt
2473 2563 2619 2616 omni
2679 2579 2902 2631 prorsus
2955 2565 3082 2619 boni
3141 2561 3438 2637 participa-

175 2663 332 2718 tione
374 2663 649 2728 privatum
699 2675 856 2725 esse;
901 2658 1154 2726 quoniam
1198 2657 1343 2711 bona
1389 2656 1568 2718 valde,
1603 2651 1914 2707 testimonio
1941 2649 2262 2719 Scriptura,
2289 2661 2482 2704 cuncta
2513 2652 2966 2720 comprobantur.

250 2757 281 2830 §
323 2755 416 2811 IV.
461 2758 620 2809 Ἐστι
668 2754 957 2826 τοιγαροῦν
998 2755 1062 2806 ὲκ
1111 2753 1326 2805 πάντων
1379 2749 1556 2803 αὐτῶν
1599 2747 1768 2808 καλὰς

171 2850 425 2919 θεωρίας
455 2849 550 2901 καὶ
579 2846 959 2918 προσηκούσας
987 2847 1100 2907 τοῖς
1129 2846 1336 2912 νοητοῖς
1369 2841 1668 2910 ἐπινοῆσαι,
1701 2839 1766 2902 ἀς

171 2941 236 3010 δὴ
277 2941 380 2993 καὶ
425 2938 711 3009 ἀνομοίους
748 2936 1070 3007 ὁμοιότητας
1107 2937 1306 3004 φαῖμεν
1355 2933 1441 2993 ἂν,
1477 2932 1556 2984 ὅτι
1595 2930 1767 3000 ἑτέρῳ

169 3033 374 3103 τρόπῳ
398 3031 469 3084 τά
508 3029 672 3100 νοητά
703 3029 933 3100 ἔχουσιν,
961 3028 996 3082 ἀ
1021 3031 1135 3090 τοῖς
1172 3026 1445 3096 αἰσθητοῖς
1485 3019 1764 3093 ἐτεροτρό-

169 3142 294 3188 πως
340 3122 798 3193 ἀπονενέμηνται.
845 3120 1049 3173 Αὐτίκα
1087 3120 1196 3190 γὰρ
1228 3121 1256 3171 ὁ
1298 3117 1483 3188 θυμὸς,
1521 3117 1613 3169 ἐπὶ
1651 3115 1761 3169 τῶν

168 3219 331 3270 κάτω
377 3216 497 3285 μὲν,
529 3214 586 3280 ἐξ
621 3213 898 3284 ἐμπαθοῦς
927 3213 1104 3284 ὁρμῆς
1137 3212 1428 3280 ἐγγίνεται,
1452 3209 1546 3262 καὶ
1583 3208 1762 3277 πάσης

168 3307 406 3375 ἀλογίας
439 3307 585 3358 ἐστὶν
615 3306 864 3375 ἔμπλεως
895 3306 928 3374 ἡ
956 3303 1174 3372 τοιαύτη
1197 3302 1290 3355 τοῦ
1319 3299 1488 3370 θυμοῦ
1518 3299 1758 3369 κίνησις·

167 3399 289 3450 ἀλλ’
323 3397 551 3450 ἐπὶτῶν
577 3396 779 3465 νοητῶν
805 3395 1176 3466 ὲτεροτρόπως
1202 3393 1427 3462 νοοῦμεν
1451 3391 1540 3442 τὸν
1573 3389 1760 3458 θυμὸν,

167 3489 271 3558 τὴν
327 3487 612 3539 ἀνένδοτον
669 3485 916 3552 λέγοντες
968 3483 1181 3549 ἕλλογον
1232 3481 1471 3552 κίνησιν,
1516 3480 1609 3532 καὶ
1666 3477 1764 3548 τὴν

171 3581 500 3649 ἀχαύνωτον
530 3578 642 3645 ἕξιν
672 3579 767 3631 καὶ
793 3577 1162 3648 ἀμετάϐλητον
1183 3578 1239 3628 ἐν
1270 3577 1387 3637 ταῖς
1418 3577 1495 3636 εἰς
1514 3574 1575 3626 τὸ
1602 3571 1763 3626 καλὸν

173 3675 482 3746 ίδρύσεσιν.
542 3672 814 3734 Ὡσαύτως
859 3670 969 3740 ἔχει
1009 3670 1102 3724 καὶ
1141 3672 1173 3741 ἠ
1219 3667 1500 3737 ἐπιθυμία,
1535 3668 1627 3720 ἐπὶ
1665 3667 1763 3738 μὲν

169 3772 288 3830 τοῖς
321 3766 562 3832 ἀλόγοις,
598 3762 998 3834 ἀπερίσκεπτόν
1032 3779 1151 3815 τινα
1208 3760 1531 3832 ὲμπάθειαν,
1568 3760 1625 3826 ἐξ
1661 3762 1762 3832 ὲμ-

170 3857 353 3926 φύτου
391 3858 660 3926 κινήσεως
687 3854 972 3916 πολλάκις·
1009 3854 1097 3906 ὅτε
1123 3852 1320 3924 δηλαδὴ
1363 3853 1470 3906 ἀπὸ
1508 3869 1764 3923 συμπτω-

176 3953 375 4022 μάτων
432 3947 677 4016 φυσικῶν
729 3947 826 4016 τὴν
876 3947 1088 4015 κίνησιν
1141 3945 1426 4016 ἔχομεν,ἢ
1478 3943 1764 4013 συνηθείας

172 4041 444 4102 πολλάκις
464 4057 477 4069 ·
510 4041 597 4092 ὅτε
624 4037 864 4108 δηλονότι
903 4037 1008 4090 ἀπό
1045 4055 1207 4089 τινων
1229 4035 1465 4106 ἐθισμῶν
1503 4035 1644 4088 κατά
1664 4036 1764 4105 τὴν

172 4140 289 4198 τοῖς
323 4133 639 4193 ἀλλοιωτοῖς
671 4131 1028 4200 ὲγγινομένην
1055 4129 1246 4196 ἄλογον
1268 4129 1640 4198 ἐπικράτειαν,
1665 4127 1765 4190 τῆς

178 4224 509 4297 σωματικῆς
531 4221 760 4292 ὀρέξεως
783 4221 1029 4290 ὼθούσης
1060 4221 1122 4273 τὸ
1148 4219 1286 4283 ζῶον
1309 4219 1402 4271 ἐπὶ
1425 4217 1486 4270 τὸ
1529 4215 1766 4270 κατάἴσ-

177 4329 347 4399 θησιν
385 4318 511 4380 ,καὶ
533 4315 674 4368 οὕτω
700 4314 840 4367 κατά
866 4314 1046 4384 νόησιν
1072 4311 1418 4382 ὲπιθυμητόν.
1451 4311 1574 4362 Ὅτε
1600 4308 1764 4379 δὲτὴν

175 4409 484 4476 ἐπιθυμίαν
501 4409 612 4468 τοῖς
632 4407 839 4475 νοητοῖς
864 4404 1211 4476 ἐπιθήσομεν,
1236 4402 1412 4474 ἔρωτα
1438 4401 1576 4454 θεῖον
1597 4401 1762 4470 αὐτὴν

1946 2743 1976 2816 §
2007 2743 2095 2801 IV.
2131 2743 2316 2798 Liceat
2345 2746 2529 2814 itaque
2553 2760 2618 2798 ex
2647 2747 2902 2801 omnibus
2937 2748 3001 2802 iis
3029 2749 3287 2818 pulchras
3318 2765 3449 2806 con-

1874 2836 2286 2906 temptationes,
2333 2853 2398 2891 ac
2461 2837 2624 2890 rebus
2682 2839 3022 2907 spiritalibus
3080 2854 3448 2912 congruentes

1870 2928 2087 2995 elicere,
2115 2944 2251 2998 quas
2287 2938 2344 2982 et
2388 2929 2684 2983 dissimiles
2730 2931 3119 2988 similitudines
3157 2950 3448 3002 possumus

1870 3019 2172 3088 appellare;
2208 3022 2467 3089 quoniam
2501 3020 2716 3074 diverso
2760 3022 2922 3075 modo
2955 3022 3076 3078 illas
3109 3024 3312 3080 habent
3356 3040 3446 3082 res

1867 3108 2158 3176 spiritales,
2186 3109 2432 3178 quaealia
2466 3111 2673 3164 ratione
2719 3110 2880 3166 rebus
2946 3114 3247 3168 sensilibus
3283 3120 3442 3170 attri-

1866 3201 2006 3254 butae
2033 3209 2177 3254 sunt.
2205 3199 2260 3252 ln
2293 3200 2548 3266 pricsenti
2588 3202 2756 3266 enim,
2787 3202 3075 3257 iracundia
3111 3206 3162 3259 in
3213 3207 3445 3261 inferio-

1867 3293 2018 3346 ribus
2043 3294 2260 3361 quidem
2289 3308 2354 3346 ex
2395 3293 2596 3362 impetu
2624 3295 2904 3361 passionis
2947 3297 3187 3365 exsistit,
3223 3310 3277 3353 et
3306 3300 3448 3353 irra-

1869 3384 2167 3438 tionalitate
2197 3384 2384 3452 plenus
2415 3395 2496 3438 est
2524 3386 2853 3451 ejuscemodi
2907 3389 3199 3443 iracundiae
3229 3401 3441 3446 motus:

1863 3489 2052 3527 verum
2085 3475 2138 3529 in
2179 3476 2340 3528 rebus
2387 3475 2728 3542 spiritalibus
2756 3477 2864 3531 alio
2894 3479 3054 3533 modo
3096 3481 3435 3536 iracundiam

1865 3563 2184 3631 accipimus,
2215 3563 2482 3630 dicentes,
2523 3563 2670 3616 illam
2720 3578 2966 3618 severam
2999 3567 3285 3633 quamdam
3325 3582 3444 3622 esse

1867 3654 2164 3708 motionem
2207 3653 2552 3718 rationalem,
2580 3669 2644 3708 ac
2679 3655 2902 3708 minime
2949 3656 3162 3710 mollem
3205 3659 3441 3711 mutabi-

1867 3743 2039 3798 lemve
2081 3744 2325 3798 habitum
2376 3745 2428 3797 in
2471 3744 2594 3798 boni
2627 3745 3139 3802 constitutionibus.
3172 3747 3447 3804 Similiter

1867 3837 2335 3907 concupiscentia,
2377 3839 2427 3891 in
2479 3839 2890 3894 irrationalibus
2936 3839 3154 3908 quidem
3207 3843 3444 3897 inconsi-

1867 3933 2110 3985 deratam
2153 3931 2448 4000 quamdam
2483 3932 2793 4000 passionem
2845 3932 3007 3987 habet
3036 3949 3102 3988 ex
3137 3935 3298 3989 insito
3330 3936 3446 4005 ple-

1867 4039 2095 4094 rumque
2124 4033 2308 4089 motu;
2344 4024 2561 4092 quando
2592 4024 2847 4078 nimirum
2883 4041 2948 4080 ex
2991 4026 3444 4082 convulsionihus

1867 4115 2205 4172 naturalibus
2236 4130 2556 4179 movemur;
2593 4116 2677 4169 vel
2713 4130 2819 4169 non
2855 4131 2982 4169 raro
3011 4117 3176 4170 etiam
3215 4133 3283 4171 ex
3309 4132 3444 4172 con-

1865 4209 2149 4263 suetudine
2186 4230 2198 4262 :
2241 4223 2364 4262 cum
2414 4207 2664 4262 videlicet
2697 4222 2764 4260 ex
2837 4209 3076 4262 assuetis
3127 4209 3442 4265 irrationali

1867 4296 2123 4365 potentia:
2167 4297 2329 4350 rebus
2373 4295 2726 4350 mutabilibus
2763 4296 2962 4364 insitis,
2993 4299 3298 4366 corporalis
3349 4314 3445 4368 ap-

1866 4389 2068 4458 petitus
2113 4389 2313 4442 animal
2349 4389 2583 4458 impellit
2629 4391 2696 4443 ad
2727 4389 2932 4457 aliquid
2966 4390 3246 4455 sensibile,
3278 4400 3443 4459 atque

174 4502 385 4552 ἐννοεῖν
414 4498 522 4568 χρὴ
553 4497 650 4566 τῆς
679 4497 819 4568 ὑπὲρ
843 4494 1001 4563 λόγον
1031 4496 1122 4548 καὶ
1149 4494 1271 4547 νοῦν
1302 4493 1510 4555 ἀῡλίας,
1543 4491 1636 4544 καὶ
1663 4491 1763 4560 τὴν

1872 4483 1999 4535 adeo
2055 4481 2218 4534 etiam
2285 4481 2581 4535 secundum
2652 4482 3068 4550 intelligentiam
3125 4484 3438 4551 appetibile.

175 4592 464 4646 ἀνένδοτον
492 4589 674 4657 ἔφεσιν
707 4566 807 4657 τῆἦς
833 4586 1072 4649 ἀπαθοῦς
1097 4585 1344 4656 θεωρίας,
1375 4585 1466 4637 καὶ
1503 4584 1600 4652 τῆς
1633 4583 1764 4634 αἰω-

174 4685 300 4745 νίας
347 4683 518 4744 ὄντως
548 4681 642 4733 καὶ
678 4681 874 4751 νοητῆς
920 4680 1201 4741 κοινωνίας
1240 4677 1375 4748 πρὸς
1417 4675 1630 4744 ἐκείνην
1666 4673 1766 4743 τὴν

173 4774 432 4846 καθαρὰν
461 4773 757 4841 διαύγειαν,
783 4774 876 4825 καὶ⁹
903 4773 1001 4843 τὴν
1045 4771 1226 4840 ἀφανῆ
1255 4771 1348 4822 καὶ
1379 4767 1528 4820 θείαν
1565 4765 1766 4836 εὐπρὲ-

176 4884 366 4922 πειαν.
399 4865 569 4919 Πάλιν
601 4867 663 4918 τὸ
696 4865 949 4936 ἀκρατὲς,
979 4865 1060 4932 ἐφ’
1097 4863 1251 4934 ἡμῶν
1281 4862 1399 4932 μὲν,
1432 4861 1494 4913 τὸ
1522 4859 1605 4928 ἐφ’
1630 4859 1767 4930 ὅπερ

171 4959 240 5030 δὴ
280 4958 383 5011 καὶ
421 4959 736 5028 ὁρμησομεν
775 4957 1196 5026 ἀνι-,πίσσττροφον⁹
1230 4953 1314 5006 ἐπ’
1344 4951 1564 5004 ἐκείνων
1593 4951 1671 5014 δὲ,
1706 4949 1768 5003 τὸ

176 5053 464 5112 σύγτονον,
501 5051 595 5103 καὶ⁴
631 5049 693 5102 τὸ
724 5048 876 5120 παρά
905 5047 1130 5118 μηδενὸς
1159 5044 1540 5114 ἐγκόπτεσθαι,
1569 5041 1656 5096 διὰ
1677 5041 1767 5094 τὸν

173 5142 364 5214 ἀμιγῆ
395 5142 491 5196 καὶ
518 5139 776 5210 καθαρὸν,
801 5140 893 5192 καὶ
919 5139 998 5201 εις
1025 5137 1173 5190 οὐδὲν
1202 5137 1387 5206 ἕτερον
1411 5134 1758 5204 ὲσχολακότα,

175 5233 276 5284 καὶ
311 5228 672 5284 ἀναλλοίωτον
699 5227 798 5296 τῆς
838 5225 985 5290 θείας
1008 5225 1271 5294 καλλονῆς
1305 5224 1502 5296 ἔρωτα,
1539 5223 1632 5276 καὶ
1668 5221 1767 5292 τὴν

175 5326 375 5396 ὁλικὴν
399 5324 578 5396 ὁρμὴν
605 5325 696 5376 ἐπὶ
719 5322 780 5375 τὸ
807 5322 973 5384 ὅντως
997 5321 1278 5391 ἐράσμιον.
1311 5317 1479 5370 Πάλιν
1508 5315 1606 5386 τὴν
1643 5313 1767 5366 ἀλο-

176 5417 334 5483 γίαν,
382 5415 478 5468 καὶ
520 5413 895 5482 ἀναισθησίαν,
925 5413 1018 5466 καὶ
1046 5409 1323 5481 ἀνοησίαν,
1370 5407 1460 5460 ἐπὶ
1512 5405 1608 5476 μὲν
1657 5402 1766 5456 τῶν

178 5509 400 5576 ἀλόγων
452 5524 513 5560 τε
543 5508 636 5560 καὶ
685 5505 936 5575 ἀψύχων,
985 5503 1168 5566 καθὼς
1211 5503 1304 5555 ἐπὶ
1342 5499 1434 5552 τοῦ
1481 5497 1628 5550 λίθου
1667 5496 1766 5564 τὴν

178 5597 568 5668 ἀναισθησίαν,
590 5594 732 5649 κατά
764 5593 1014 5665 στέρησιν
1038 5591 1264 5661 λέγομεν
1283 5607 1296 5619 ο
1331 5590 1420 5641 ἐπὶ
1440 5588 1496 5641 δὲ
1524 5587 1631 5640 τῶν
1652 5602 1769 5656 νοη-

179 5690 294 5742 τῶν
324 5689 419 5740 καὶ
446 5688 644 5750 ἀΰλων,
676 5685 815 5739 κατὰ
837 5685 1126 5754 ἀπόφασιν.
1156 5683 1264 5736 Ka‘t
1282 5681 1373 5735 διὰ
1406 5680 1504 5751 μὲν
1519 5680 1579 5732 τὸ
1605 5681 1766 5749 ὑπερ-

183 5779 336 5849 έχειν
385 5777 548 5838 αὐτὰ,
586 5778 661 5840 ὡς
691 5775 1057 5848 ὑπερκείμενα
1091 5773 1184 5828 τοῦ
1230 5771 1349 5826 καθ’
1381 5772 1527 5842 ἡμᾶς
1556 5788 1759 5842 προφο-

1870 4572 2094 4639 Quando
2134 4583 2313 4626 autem
2355 4572 2854 4640 concupiscentiam
2905 4573 3064 4627 rebus
3105 4572 3444 4642 spiritalibus

1872 4667 2238 4732 attribuiinus,
2267 4665 2483 4720 divinus
2515 4681 2671 4720 amor
2699 4665 3021 4736 cogitandus
3053 4667 3132 4720 rei
3164 4681 3326 4732 supra
3359 4682 3443 4720 ra-

1873 4759 2073 4812 tionem
2103 4773 2168 4813 ac
2211 4766 2446 4812 tuentem
2491 4758 2890 4822 immaterialis,
2927 4769 3090 4828 atque
3128 4758 3442 4814 indeliciens

1869 4850 2198 4904 desiderium
2244 4850 2713 4918 contemplationis
2755 4865 2877 4919 qua:
2931 4851 3205 4919 passionis
3247 4866 3444 4921 expers

1872 4942 1974 5007 sit,
2015 4957 2114 4996 nec
2145 4956 2251 4995 non
2293 4951 2515 4996 aeterna:
2561 4943 2783 4995 omnino
2810 4957 2874 4996 ac
2905 4943 3168 5010 spiritalis
3198 4959 3445 4998 commu-

1871 5033 2072 5096 nionis,
2123 5030 2265 5086 illius
2296 5048 2444 5102 purae
2486 5033 2789 5100 claritatis;
2825 5042 2880 5086 et
2909 5033 3112 5087 occulti
3153 5044 3318 5103 atque
3355 5036 3440 5088 di-

1866 5123 1974 5176 vini
2009 5122 2242 5177 decoris.
2294 5124 2550 5189 llursum,
2593 5124 2992 5179 incontinentia
3025 5125 3078 5178 in
3125 5127 3284 5181 nobis
3320 5127 3442 5196 qui-

1874 5216 1992 5269 dem
2026 5225 2111 5270 est
2140 5215 2357 5284 quidam
2390 5217 2645 5284 impetus,
2677 5231 2784 5285 quo
2814 5217 2868 5269 in
2911 5216 3114 5286 aliquid
3149 5219 3440 5272 tumultua-

1873 5307 1954 5361 rio
1981 5308 2137 5361 modo
2167 5307 2418 5366 ferimur;
2454 5307 2506 5362 iu
2537 5307 2646 5362 illis
2680 5322 2812 5361 vero
2854 5307 3159 5361 constantia
3194 5317 3296 5373 est,
3321 5324 3440 5377 qua:

1871 5415 1902 5453 a
1934 5400 2150 5454 nemine
2194 5397 2415 5470 infringi
2459 5401 2652 5469 possit,
2691 5410 2910 5470 propter
2941 5416 3098 5457 suum
3129 5400 3437 5469 simplicem

1869 5505 1936 5545 ac
1967 5505 2188 5558 purum,
2225 5501 2279 5544 et
2307 5491 2362 5545 in
2405 5491 2552 5545 nullo
2581 5492 3010 5556 exorbitantem,
3045 5501 3208 5558 atque
3239 5491 3438 5543 immu-

1871 5584 2091 5639 tabilem
2119 5584 2314 5638 divina:
2342 5583 2766 5653 pulchritudinis
2789 5598 3050 5646 amorem,
3069 5581 3176 5652 25
3205 5590 3262 5635 et
3295 5588 3436 5634 tota-

1870 5676 1974 5731 lem
1999 5677 2252 5746 impetum
2277 5681 2330 5730 in
2350 5675 2401 5731 id
2428 5677 2570 5747 quod
2587 5691 2712 5730 vere
2731 5675 2958 5730 amabile
2971 5673 3202 5730 exsistit.
3228 5671 3434 5736 Denuo,

1870 5769 2366 5838 irrationalitatem,
2393 5778 2461 5825 .et
2505 5767 3000 5832 insensibilitatem,
3042 5773 3094 5821 et
3121 5763 3433 5832 amentiam,
