3908 6232
457 264 558 324 159

1594 264 1651 323 S.
1687 263 1988 323 DIONYSII
2023 264 2488 324 AREOPAGITE

3622 264 3716 320 ιεο

456 381 508 435 in
547 380 706 435 rebus
733 378 1143 436 irrationalibus
1178 388 1233 436 et
1270 380 1608 450 insnimatis,
1636 384 1789 439 verbi
1835 384 2037 452 gratia,

2147 381 2298 453 ρικοῦ
2337 382 2519 452 λόγου,
2560 380 2675 453 (τοῦ
2714 378 3077 453 μεταϐατικοῦ
3109 379 3228 451 μὲν,
3252 376 3331 443 ῶς
3365 378 3719 451 μεταϐαίνονο

457 472 512 526 in
549 471 729 541 lapide
783 472 1299 540 insensibilitatem,
1351 476 1617 545 privativa
1670 476 1925 539 dicimus,
1970 476 2037 530 de

456 564 801 635 spiritalibus
830 579 959 620 vero
989 582 1052 620 ac
1081 567 1243 620 rebus
1283 567 1689 632 immateriatis,
1718 566 2038 624 aiﬁrmative

456 672 553 711 seu
589 655 841 725 positive.
874 656 1052 725 Atque
1083 657 1173 711 illa
1211 659 1454 726 quidem,
1502 661 1645 730 quod
1692 660 2036 716 eminentiori

458 746 620 800 modo
648 762 707 802 se
732 748 988 810 nabeant,
1024 748 1095 801 ita
1132 758 1193 803 ut
1225 760 1469 804 nostram
1501 762 1760 820 superent
1782 752 2040 821 eloquen-

458 839 627 905 tiam,
692 854 1107 909 sermonemque
1176 843 1565 899 transcendant
1626 844 2035 913 (transitorium

456 928 706 997 quidem,
749 939 807 982 ut
850 931 941 1000 qui
977 946 1005 983 a
1044 931 1304 1001 loquente
1351 933 1418 987 ad
1459 934 1768 988 auditorem
1809 936 2034 1003 transit;

457 1036 782 1090 corporeum
813 1038 966 1087 vero,
995 1033 1051 1076 ut
1082 1024 1171 1094 qui
1201 1025 1483 1095 corporeis
1511 1026 1889 1082 instrumentis
1920 1044 2042 1098 pro-

458 1111 694 1180 fertur),
748 1113 976 1168 dicimus
1016 1114 1185 1185 ἇλογα
1235 1130 1329 1171 seu
1378 1115 1706 1173 ineﬂ'ahilia:
1741 1117 1852 1173 illic
1894 1121 2037 1175 enim

459 1219 565 1256 non
614 1204 724 1267 sic,
767 1205 862 1259 sed
906 1209 1153 1275 corporis
1195 1218 1465 1278 expertes,
1507 1218 1561 1262 et
1596 1209 1662 1264 ad
1699 1226 1756 1265 se
1806 1210 2037 1267 invicem

459 1295 767 1349 accedendo
797 1310 863 1350 ac
909 1298 1231 1363 recedendo,
1274 1300 1421 1353 onmi
1462 1316 1713 1356 sermone
1756 1302 2036 1372 perspica-

459 1386 580 1442 cius
609 1391 971 1458 cogitationes
1018 1401 1236 1446 mutuas
1268 1392 1568 1458 intuentes,
1605 1396 1755 1449 velut
1800 1396 1943 1450 inter
1977 1410 2037 1450 se

461 1480 845 1550 colloquuntur
881 1499 977 1552 per
1032 1484 1333 1552 silentium,
1379 1501 1687 1541 sermonem
1734 1488 1836 1542 sibi
1890 1487 2038 1541 velut

460 1572 695 1629 invicem
754 1578 1245 1634 communicantes.
1302 1580 1611 1634 Secundum
1667 1580 1771 1635 hoc
1823 1580 2031 1647 itaque,

458 1667 679 1722 ordines
725 1668 984 1723 cmlestes
1035 1671 1307 1726 sermonis
1354 1683 1608 1742 expertes
1651 1673 1884 1727 dicimus
1925 1691 1937 1727 :
1983 1675 2035 1727 in

2140 489 2233 537 τος
2255 475 2319 525 ὲκ
2341 471 2435 525 τοῦ
2462 472 2711 542 λέγοντος
2740 474 2821 537 είς
2847 473 2939 527 τὸν
2972 470 3263 526 ἀκούοντα·
3300 470 3612 540 σωματικού
3639 468 3718 534 δὲ,

2138 565 2215 629 ὼς
2247 564 2338 619 διὰ
2370 565 2695 636 σωματικῶν
2730 564 2975 636 ὁργάνων
2996 562 3325 634 γινομένου,)
3355 562 3583 631 λέγομεν
3607 561 3725 616 ἄλο.

2140 673 2216 725 γα
2234 673 2247 686 ⁸
2280 658 2399 709 ἐκεῖ
2425 656 2533 728 γὰρ
2561 658 2659 727 οὐχ
2684 656 2873 721 οὕτως,
2899 654 3011 708 ἀλλ’
3039 654 3097 707 ὲν
3122 652 3408 724 ἀσωματίᾳ
3431 652 3721 721 τυγχάνον-

2140 766 2254 813 τες,
2282 751 2375 803 καὶ
2399 750 2479 813 είς
2511 748 2775 819 ἀλλήλους
2811 746 3115 819 χωροῦντες
3157 747 3248 798 καὶ
3287 745 3722 816 ἀποχωροῦντες,

2141 839 2343 904 παντὸς
2388 840 2546 908 λόγου
2585 838 2905 919 τρανότερον
2929 838 3027 900 τάς
3059 835 3299 907 ἀλλήλων
3326 836 3535 907 νοήσεις
3556 851 3719 888 κατο-

2143 933 2466 997 πτεύοντες,
2513 920 2771 1003 ἀλλήλοις
2797 931 2985 1002 ὥσπερ
3020 929 3355 998 διαλέγονται
3408 928 3505 985 ,διά
3537 928 3718 998 σιγῆς,

2142 1027 2238 1080 τοῦ
2266 1027 2425 1095 λόγου
2454 1026 2642 1098 ῶσπερ
2672 1025 3045 1098 μεταδιδόντες
3075 1022 3342 1094 ἀλλήλοις.
3377 1020 3538 1075 Κατά
3560 1021 3721 1075 τοῦτο

2139 1118 2317 1172 τοίνυν
2344 1118 2512 1186 ἄλογα
2534 1117 2764 1188 λέγομεν
2784 1116 2853 1170 τά
2888 1117 3113 1188 οὐράνια
3134 1115 3415 1185 τάγματα·
3445 1113 3535 1166 διὰ
3564 1113 3623 1166 δὲ
3658 1113 3722 1165 τὸ

2142 1211 2502 1282 ὑπερκεῖσθαι
2526 1211 2626 1281 τῆς
2655 1208 2866 1279 ὑλικῆς,
2896 1207 2973 1272 ὡς
3008 1209 3102 1262 καὶ
3128 1206 3414 1279 ἀλλοτρίας
3433 1206 3542 1259 τῶν
3578 1206 3726 1259 ἀσω-

2143 1300 2328 1369 μάτων
2346 1299 2669 1370 αίσθὴσεως,
2688 1297 2866 1368 φαμὲν
2880 1295 3197 1368 ἀναίσθητα,
3211 1296 3287 1359 ὡς
3302 1294 3605 1369 ὑψηλότερα
3621 1292 3724 1362 τῆς

2140 1393 2461 1463 αἰσθήσεως,
2487 1395 2581 1448 καὶ
2599 1394 2783 1464 νοητά.
2805 1391 3192 1464 Συμπεραίνων
3220 1390 3385 1459 λέγει·
3427 1389 3581 1441 Ἔστι
3613 1404 3728 1440 τοις-

2141 1485 2346 1557 γαροῦν
2377 1488 2477 1540 οὐκ
2499 1486 2723 1550 ἀπεικὸς
2749 1487 2841 1539 καὶ
2864 1489 2928 1539 ὲκ
2960 1484 3068 1538 τῶν
3102 1482 3369 1554 ἀνομοίων
3401 1483 3495 1535 κα)⁵
3534 1482 3725 1550 ἀτιμο-

2140 1581 2316 1634 τάτων
2346 1580 2443 1649 τῆς
2471 1579 2600 1648 ῦλης
2625 1578 2805 1650 μερῶν
2829 1577 3187 1632 ἀναπλάττειν
3217 1575 3451 1637 εἰκόνας,
3475 1574 3597 1625 ἐπεὶ
3631 1572 3729 1625 καὶ

2142 1673 2279 1744 αῦτη
2303 1675 2336 1745 ή
2365 1672 2465 1744 ῦλη
2494 1673 2622 1743 περὶ
2637 1676 2653 1692 ¹
2677 1671 2771 1724 τοῦ
2794 1672 2959 1735 ὅντως
2975 1669 3139 1724 καλοῦ
3151 1668 3243 1721 τοῦ
3258 1667 3390 1720 Θεοῦ
3420 1666 3725 1728 ὐποστᾶσα,

459 1770 725 1827 quantum
761 1776 887 1816 vero
919 1763 1252 1818 materialem
1286 1780 1350 1820 ac
1379 1767 1728 1836 peregriuum
1760 1765 1923 1821 rebus
1951 1768 2032 1821 in-

2147 1766 2275 1822 ιιατά
2321 1767 2499 1819 πᾶσαν
2550 1764 2720 1835 αὐτῆς
2746 1763 3102 1835 διακόσμησιν
3135 1761 3231 1833 τὴν
3259 1761 3377 1815 κατ’
3400 1756 3559 1824 εἶδος,
3580 1759 3731 1829 ἀπη-

459 1854 741 1921 corporeis
775 1869 993 1909 sensum
1046 1867 1338 1927 superant,
1381 1858 1735 1914 insensibiles
1782 1859 2033 1913 nomina-

461 1960 608 2007 mus,
663 1947 859 2015 quippe
914 1961 1133 2001 sensum
1199 1951 1561 2015 excedentes,
1618 1965 1683 2004 ac
1734 1951 2032 2019 spiritales.

2136 1858 2357 1928 χήματά
2387 1875 2509 1911 τινα
2530 1856 2629 1927 τῆς
2652 1858 2843 1926 νοερᾶς
2873 1853 3202 1926 εὐπρεπείας
3226 1854 3358 1923 ἔχει,
3388 1852 3463 1916 ὡς
3490 1851 3604 1904 ἐστι
3628 1849 3728 1903 τοῦ

2137 1952 2332 2021 φωτὸς,
2349 1952 2411 2004 τὸ
2429 1949 2679 2020 φωτίζειν
2695 1991 2709 2013 ,
2733 1950 2826 2002 καὶ
2843 1949 2938 2004 τοῦ
2959 1949 3148 2021 πυρὸς,
3164 1947 3225 2001 τὸ
3238 1945 3604 2016 δαπανητικὺν
3631 1942 3731 1996 καὶ

458 2036 807 2093 Concludens
835 2038 912 2091 ait
939 2056 952 2090 :
989 2039 1178 2093 Liceat
1210 2042 1392 2110 itaque
1426 2059 1529 2098 non
1565 2045 1841 2099 immerito
1869 2046 2033 2099 etiam

2147 2043 2479 2115 Βραστήριον,
2506 2045 2553 2095 εί
2601 2044 2758 2113 μόνον
2805 2041 3073 2113 ἀνομοίως
3116 2041 3209 2095 καὶ
3240 2036 3611 2109 έτεροτρόπως
3658 2033 3731 2088 τὰ

460 2146 529 2183 ex
593 2133 703 2184 diss
730 2131 946 2184 milibus
1014 2133 1402 2203 vilissimisque
1480 2136 1722 2190 materiae
1786 2138 2036 2207 partibus

464 2224 729 2290 imagines
758 2223 1078 2289 eﬂ‘ormare;
1111 2226 1552 2295 quandoquidem
1578 2229 1745 2282 etiam
1782 2229 1897 2285 haec
1925 2246 2035 2284 ma-

466 2318 600 2371 teria
636 2332 665 2369 a
692 2334 817 2373 vere
851 2320 1074 2387 pulchro
1112 2321 1223 2374 Deo
1252 2321 1503 2386 exsistat,
1534 2337 1861 2391 omnemque
1876 2338 2039 2379 orna-

465 2420 577 2463 tum
621 2426 778 2465 suum
813 2414 1126 2481 speeiﬁcum
1160 2416 1427 2479 obtineat,
1482 2415 1850 2484 nonnullaque
1877 2414 2040 2485 spiri-

465 2502 589 2556 talis
629 2503 844 2557 decoris
892 2506 1117 2574 vestigia
1161 2504 1361 2561 referat
1400 2524 1413 2560 :
1449 2507 1908 2575 quemadmodum
1954 2505 2038 2559 lu—

466 2593 625 2646 tninis
661 2605 776 2659 est,
825 2595 1161 2658 illuminare;
1200 2610 1365 2665 atque
1419 2599 1558 2667 ignis
1597 2613 1938 2663 consumere,
1976 2614 2040 2653 ac

465 2694 771 2752 penetrare,
816 2688 859 2742 si
908 2689 1108 2743 similia
1152 2690 1327 2744 solum
1377 2690 1718 2744 dissimiliter
1756 2699 1811 2744 et
1849 2691 2039 2745 ditior-

465 2778 628 2833 miter
666 2781 1054 2851 quotupliciter
1083 2792 1375 2836 sumantur
1403 2801 1415 2836 :
1448 2784 1529 2837 sol
1569 2784 1715 2837 enim
1750 2783 2039 2838 sensibiles

464 2870 649 2923 oculos
678 2872 966 2939 illuminat,
1003 2882 1057 2926 et
1085 2872 1394 2929 facultatem
1443 2877 1649 2944 praebet
1682 2873 1898 2929 colores
1930 2874 2039 2927 dis-

465 2966 751 3029 cernendi;
790 2966 931 3019 Deus
968 2982 1094 3021 vero
1142 2968 1246 3019 vim
1285 2968 1406 3033 dat,
1442 2967 1613 3036 ipsam
1669 2967 1941 3032 animam,
1985 2978 2040 3021 et

468 3069 585 3123 quae
614 3056 664 3107 in
697 3070 757 3109 ea
794 3056 1015 3125 pulchra
1049 3067 1204 3122 sunt,
1241 3060 1586 3128 penetrandi.
1618 3057 1753 3112 Nam
1785 3073 1908 3127 qua:
1946 3074 2039 3112 ea—

468 3148 587 3201 dem
622 3156 767 3208 sunt,
789 3164 893 3201 non
923 3149 1115 3204 eodem
1147 3152 1307 3204 modo
1331 3150 1695 3217 accipiuntur.
1722 3149 1819 3203 sed
1846 3163 2043 3203 secun-

468 3237 595 3291 dum
625 3247 750 3293 natu
763 3254 926 3293 ratem
951 3240 1179 3308 subjecti
1211 3240 1600 3311 proprietatem
1627 3248 1684 3293 et
1707 3239 2043 3294 deﬁniuntur

468 3339 526 3383 et
568 3330 981 3401 intelliguntur:
1011 3333 1213 3387 idcirco
1254 3333 1400 3387 enim
1445 3332 1612 3386 etiam
1659 3332 1774 3386 haec
1826 3332 2041 3385 illorum

470 3422 697 3492 vestigia
728 3438 822 3477 sen
861 3424 1063 3505 indicia
1094 3426 1382 3491 dicuntur;
1413 3425 1555 3479 unde
1582 3424 1749 3479 etiam
1778 3424 1847 3478 de
1877 3423 2045 3479 dissi-

473 3514 694 3569 milibus
736 3518 1128 3587 quotuplieiter
1182 3519 1639 3590 participanlibus
1685 3519 1772 3573 vel
1818 3518 2043 3588 partici-

2137 2136 2297 2206 ὅμοια
2325 2135 2507 2199 ποσῶς
2537 2134 2993 2205 ἐκλαμϐάνονται·
3020 2132 3169 2202 ἥλιος
3190 2130 3299 2202 γὰρ
3324 2128 3613 2196 αἰσθητοὺς
3636 2126 3730 2194 ὀφ-

2139 2228 2376 2299 θαλμοὺς
2402 2226 2642 2296 φωτίζει,
2662 2229 2757 2280 καὶ
2778 2226 2884 2279 τῶν
2906 2225 3208 2297 χρωμάτων
3232 2220 3730 2293 ἀντιλαμϐάνεσθαι

2138 2320 2318 2374 δίδωσι
2340 2338 2351 2350 ·
2377 2320 2509 2383 Θεὸς
2532 2320 2587 2373 δὲ
2608 2320 2784 2391 ψυχὴν
2811 2319 2904 2373 καὶ
2929 2320 3041 2381 τοῖς
3066 2318 3245 2370 ἐκεῖσε
3268 2315 3451 2377 καλοῖς
3467 2316 3733 2382 έπεντρα-

2140 2411 2303 2475 νίζειν
2329 2412 2576 2485 παρέχει.
2611 2413 2691 2465 Τὰ
2716 2410 2854 2465 αὐτά
2876 2410 2984 2482 γὰρ
3011 2410 3072 2463 οὐ
3100 2408 3309 2471 ταύτῶς
3332 2406 3728 2478 λαμϐάνονται,

2140 2503 2277 2574 πρὸς
2291 2505 2390 2575 τὴν
2413 2504 2646 2573 φυσικὴν
2667 2504 2725 2558 δὲ
2752 2503 2990 2573 ἰδιότητα
3016 2499 3109 2553 τοῦ
3135 2499 3492 2569 ὑποκειμένου
3510 2496 3607 2548 καὶ
3619 2494 3733 2564 όρί-

2142 2594 2321 2660 ζονται
2359 2596 2451 2649 καὶ
2481 2595 2742 2647 νοοῦνται.
2775 2594 2873 2649 Διά
2857 2592 3063 2680 ’,τοῦτο
3097 2592 3205 2665 γὰρ
3250 2590 3343 2645 καὶ
3385 2590 3731 2680 ἀπηχήματα

2141 2686 2383 2757 λέγονται
2416 2688 2638 2741 ἐκείνων
2665 2686 2833 2741 ταῦτα
2850 2679 2867 2716 έ
2897 2685 2956 2753 ὲξ
2996 2680 3056 2739 οῦ
3089 2686 3182 2739 καὶ
3207 2681 3473 2754 παροιμία
3503 2679 3733 2733 ἐπὶτῶν

2141 2777 2403 2848 ἀνομοίων
2418 2776 2599 2841 ποσῶς
2618 2776 2969 2848 μετεχόντων,
2988 2774 3021 2845 ἦ
3039 2775 3130 2828 καὶ
3143 2772 3437 2827 δοκούντων
3458 2769 3731 2840 μετέχειν,

2142 2868 2376 2937 λέγεται,
2395 2869 2476 2920 ὅτι
2506 2869 2600 2920 καὶ
2614 2867 2674 2919 τὸ
2692 2867 2792 2936 τῆς
2808 2864 2973 2936 ἠχοῦς
3003 2863 3389 2935 ὐστερόφωνον.
3411 2862 3476 2912 Ὃ
3495 2859 3606 2929 γὰρ
3632 2857 3733 2910 ἐπὶ

2141 2960 2241 3029 τῆς
2278 2960 2517 3031 ὁράσεως
2546 2958 2728 3021 εἰκὼν,
2760 2958 3009 3028 ὁμοίωμά
3042 2973 3093 3009 τι
3124 2955 3259 3026 πρὸς
3285 2955 3345 3006 τὸ
3374 2952 3735 3023 πρωτότυπον

2148 3052 2374 3126 ἔχουσα·
2406 3051 2561 3104 τοῦτο
2598 3051 2689 3103 ἐπὶ
2728 3049 2828 3119 τῆς
2868 3049 3039 3118 ἀκοῆς
3066 3048 3355 3118 ἀπήχημα,
3400 3043 3655 3115 ὁμοίωμά
3681 3060 3735 3095 τι

2146 3143 2281 3215 πρὸς
2304 3143 2400 3213 τὴν
2428 3140 2606 3212 φωνὴν
2638 3140 2757 3211 ἕχον
2775 3158 2788 3170 θ
2817 3139 2877 3192 τὸ
2904 3139 3012 3211 γὰρ
3051 3138 3160 3193 ἀπὸ
3191 3138 3285 3190 τοῦ
3320 3137 3453 3207 ήχου
3498 3136 3579 3197 είς
3605 3134 3738 3187 ὲλά-

2142 3252 2323 3307 χιστον
2354 3232 2717 3302 καταντῆσαν,
2767 3231 2925 3284 τοῦτό
2966 3233 3133 3284 ἐστιν.
3177 3228 3463 3298 Ἐννόησον
3501 3222 3595 3280 οὖν
3630 3224 3736 3296 τὴν

2144 3328 2335 3400 νοεράν
2358 3326 2452 3381 τοῦ
2488 3324 2621 3379 Θεοῦ
2655 3324 3006 3396 εὐπρέπειαν,
3050 3323 3181 3393 ἤχου
3208 3319 3330 3373 τινὰ
3371 3320 3523 3387 λόγον
3574 3318 3739 3386 ἔχου-

2148 3438 2245 3473 σαν
2270 3419 2504 3486 ἐξαισίου
2531 3417 2704 3487 πάντη
2731 3417 2823 3469 καὶ
2852 3415 3194 3488 ἀπορρήτου·
3222 3410 3281 3477 ἐξ
3303 3406 3365 3467 οὗ
3394 3426 3539 3471 τινος
3567 3409 3737 3478 ήχου,

2149 3512 2243 3565 καὶ
2290 3509 2349 3576 ἐξ
2379 3503 2445 3579 ἦς
2492 3506 2843 3581 εὐπρεπείας,
2883 3503 3223 3575 ἀπηχήματά
3262 3519 3404 3563 τινα,
3439 3500 3533 3554 καὶ
3569 3499 3742 3552 οἱονεὶ

472 3620 602 3673 pare
649 3610 1059 3676 apparentibus,
1096 3611 1394 3679 proverbio
1438 3611 1663 3673 dicitur,
1710 3610 1881 3664 eehus
1940 3622 2041 3663 vox

2152 3600 2471 3672 ὁμοιώματα
2496 3598 2589 3652 τοῦ
2621 3600 2775 3670 ήχου,
2801 3598 2835 3669 ἦ
2865 3598 2957 3650 καὶ
2984 3594 3249 3669 ἀνομοίως
3276 3593 3742 3665 ὲκλαμϐἀνονται,

476 3699 815 3765 reparabilis.
855 3700 1009 3767 Quod
1040 3703 1182 3755 enim
1220 3712 1303 3757 est
1334 3704 1385 3756 in
1422 3704 1629 3755 visione
1661 3701 1862 3768 imago,
1897 3700 2041 3753 simi-

2156 3696 2293 3769 πρὸς
2322 3694 2389 3747 τὰ
2416 3693 2687 3764 κτίσματα
2712 3690 2990 3760 φθάνουσι.

474 3784 757 3843 litudinem
820 3794 1113 3860 quamdam
1166 3795 1328 3863 primi
1381 3794 1711 3863 exetnplaris
1757 3793 2036 3854 referens;
2073 3789 2175 3844 hoc
2221 3796 2305 3842 est
2345 3788 2396 3841 in
2426 3786 2612 3839 auditu
2648 3785 2962 3838 resonantia
2990 3780 3403 3837 similitudinem
3434 3778 3741 3851 quamdam

474 3887 625 3941 vocis
654 3887 891 3955 habens;
929 3892 1071 3959 quod
1106 3892 1360 3945 nimirum
1396 3891 1524 3944 illud
1559 3900 1667 3957 est,
1721 3890 1866 3960 quod
1924 3905 1953 3942 a
2008 3902 2143 3942 sono
2172 3884 2420 3940 ultimum
2478 3878 2798 3935 reﬂectitur.
2842 3876 3143 3933 Considera
3196 3878 3364 3947 igitur
3421 3874 3739 3947 spiritalem

476 3975 572 4031 Dei
636 3979 1093 4046 pulchritudinem
1148 4002 1211 4039 ae
1246 3987 1498 4041 decorem
1540 3986 1742 4040 referre
1791 3983 2189 4054 quodammodo
2241 3980 2505 4033 rationem
2555 3975 2845 4044 quamdam
2885 3974 3056 4029 echus
3089 3988 3313 4043 prorsus
3351 3972 3651 4044 singularis
3682 3985 3746 4032 et

474 4075 704 4138 occulti;
740 4088 767 4127 a
798 4076 955 4143 cujus
984 4092 1143 4142 sono,
1176 4088 1229 4133 et
1263 4096 1290 4132 a
1320 4081 1476 4151 cujus
1508 4079 1914 4150 pulchritudine
1946 4075 2271 4132 resonantia:
2319 4073 2590 4143 quaedam,
2635 4080 2692 4126 et
2731 4068 2885 4138 quasi
2934 4069 3322 4124 similitudines
3358 4069 3530 4138 ipsius
3577 4067 3738 4129 soni,

476 4171 608 4225 licet
636 4170 978 4225 dissimiliter
1008 4174 1368 4243 accipiantur,
1398 4177 1464 4229 ad
1498 4178 1639 4246 ipsas
1669 4185 1949 4231 creaturas
1978 4172 2316 4228 deferuntur.

548 4268 657 4338 26
684 4266 711 4337 ᾗ
741 4266 803 4321 V.
838 4268 988 4323 llanc
1013 4271 1082 4324 oh
1113 4286 1332 4325 causam
1369 4275 1579 4328 divinos
1611 4275 1728 4329 illos
1754 4276 2050 4344 prophetas

2230 4267 2256 4338 δ
2294 4265 2356 4322 γ.
2381 4266 2480 4320 Διά
2490 4266 2663 4339 εοῦτο
2683 4264 2810 4325 τοὺς
2840 4261 3016 4325 θείους
3038 4261 3322 4333 προφήτας
3344 4259 3652 4329 εὑρήσομεν
3676 4258 3745 4311 οὐ

481 4361 811 4427 reperinms,
859 4375 964 4414 non
1012 4362 1265 4417 caelestes
1317 4372 1522 4418 tantum
1573 4366 1802 4420 virtutes
1840 4380 1934 4433 per
1968 4364 2041 4418 si-

2161 4358 2322 4430 μόνον
2349 4357 2448 4421 τὰς
2474 4358 2731 4429 οὐρανίας
2767 4355 3046 4425 δυνάμεις,
3075 4351 3217 4406 οῦτω
3255 4352 3348 4403 καὶ
3372 4349 3459 4401 διά
3481 4347 3747 4401 τοιούτων

480 4450 637 4505 miles
667 4452 911 4505 lietiones
933 4452 1231 4519 declarare,
1256 4457 1349 4508 sed
1382 4455 1669 4525 ipsammet
1692 4456 1854 4511 etiam
1879 4471 2052 4523 quan-

481 4544 657 4611 doque
713 4544 953 4596 divinam
1008 4546 1319 4601 essentiam.
1369 4547 1446 4601 Et-
1486 4548 1779 4617 aliquando
1828 4549 2050 4619 quidem

482 4631 652 4700 ipsam
683 4649 709 4685 a
738 4634 899 4686 rebus
928 4649 1048 4702 qua:
1077 4646 1361 4704 apparent,
1410 4652 1619 4707 magna:
1647 4640 2049 4709 aestimationis,

482 4724 720 4788 laudant,
765 4735 1020 4795 tanquam
1052 4728 1256 4784 solem:
1292 4745 1464 4798 neque
1495 4734 1545 4786 id
1577 4735 1923 4802 simpliciter,
1956 4738 2050 4791 sed

481 4821 736 4882 tanquam
788 4814 965 4870 Solem
1011 4817 1270 4887 justitiaa,
1310 4821 1461 4887 juxta
1509 4823 1824 4892 prophetam
1880 4824 2051 4878 Mala-

480 4908 658 4960 chiant
696 4907 787 4962 lt‘:
839 4918 1093 4978 tanquam
1154 4912 1367 4967 stellam
1430 4917 1793 4982 matutinam,
1844 4920 1937 4972 sed
1998 4919 2048 4973 in

481 4998 661 5051 anima
694 4999 984 5063 orientem,
1026 5001 1177 5069 juxta
1212 5018 1463 5073 magnum
1514 5004 1734 5061 Petrum
1770 5008 1821 5063 in
1858 5011 2047 5066 catho-

483 5090 587 5145 lica
633 5090 870 5159 Epistola
901 5107 998 5146 sua
1036 5094 1344 5151 dicentem:
1381 5096 1555 5151 Donec
1614 5099 1812 5169 lucifer
1847 5102 2054 5156 oriatur

484 5185 537 5236 in
565 5183 811 5237 cordibus
860 5186 1043 5239 vestris
1066 5186 1118 5225 δ’
1145 5204 1159 5240 :
1189 5199 1242 5241 et
1274 5198 1332 5241 ut
1372 5187 1573 5252 lumen,
1596 5193 1691 5245 sed
1732 5195 1851 5248 sine
1904 5204 2054 5262 tegu-

486 5286 666 5331 mento
687 5276 993 5344 splendens.
1006 5278 1159 5345 juxta
1192 5279 1318 5333 illud
1340 5295 1354 5333 :
1373 5279 1485 5351 Ego
1507 5300 1622 5337 sum
1651 5284 1746 5340 tua:
1774 5288 1959 5342 mundi
1978 5288 2051 5353 c‘;

487 5377 650 5437 atque
676 5368 802 5421 illud
829 5386 842 5422 :
871 5368 1005 5423 Erat
1028 5370 1121 5425 tua:
1142 5370 1351 5426 uerad'.
1372 5373 1681 5442 Aliquando
1705 5391 1831 5430 vero
1848 5393 1875 5429 a
1894 5377 2056 5432 rebus

488 5458 875 5527 mediocribus,
922 5460 1070 5515 verbi
1103 5463 1302 5530 gratia,
1342 5473 1401 5517 ut
1450 5465 1661 5534 ignem,
1703 5467 1796 5521 sed
1841 5468 2058 5525 innoxie

2155 4448 2451 4521 δηλοῦντας
2500 4448 2769 4511 πλάσεων,
2814 4445 2947 4500 ἀλλὰ
2980 4445 3071 4499 καὶ
3110 4440 3277 4511 αὐτὴν
3317 4440 3464 4493 ἐστιν
3506 4439 3594 4491 ὅτε
3639 4438 3746 4508 τὴν

2156 4539 2452 4611 θεαρχικὴν
2480 4539 2685 4592 οὐσίαν.
2713 4538 2823 4591 Καὶ
2857 4536 2987 4589 ποτὲ
3025 4534 3123 4605 μὲν
3154 4530 3321 4602 αὐτὴν
3349 4530 3455 4583 ἀπὸ
3482 4529 3591 4581 τῶν
3620 4545 3749 4597 φαι-

2155 4631 2400 4702 νομένων
2451 4631 2653 4702 τιμίων
2700 4629 2995 4699 ὐμνοῦσιν,
3035 4626 3110 4689 ὼς
3169 4624 3353 4694 ἥλιον·
3406 4622 3506 4691 οὐχ
3553 4620 3747 4683 ἁπλῶς

2155 4722 2328 4793 ἥλιον,
2368 4720 2507 4774 ἀλλά
2547 4720 2889 4791 δικαιοσύνης
2927 4717 3065 4772 κατὰ
3090 4716 3180 4771 τὸν
3219 4716 3501 4787 προφήτην
3546 4711 3745 4766 Μαλα-

2160 4822 2310 4892 χίαν·
2342 4821 2417 4884 ὡς
2460 4820 2595 4891 ἑῷον
2638 4820 2861 4889 ἀστέρα,
2894 4816 3008 4870 ἀλλ’
3038 4816 3118 4877 είς
3149 4812 3324 4884 ψυχὴν
3362 4808 3744 4870 ἀνατέλλοντα,

2157 4913 2299 4969 κατά
2328 4914 2419 4966 τὸν
2450 4915 2619 4984 μέγαν
2644 4912 2850 4983 Πέτρον
2876 4911 2933 4963 ὲν
2958 4911 3025 4980 τῇ
3056 4906 3315 4976 καθολικῇ
3345 4902 3628 4971 Ἐπιστολῇ
3654 4902 3747 4954 αὐ-

2155 5006 2251 5062 τοῦ
2300 5004 2525 5073 λέγοντα
2544 5046 2558 5070 ,
2608 5006 2760 5072 Ἕως
2781 5002 2851 5057 οὗ
2887 5001 3204 5071 φωσφόρος
3230 4994 3509 5051 arande?
3523 4994 3594 5047 ἐν
3612 4993 3747 5060 ταῖς

2159 5101 2427 5170 καρδίαις
2454 5096 2647 5167 ὑμῶν·
2680 5095 2773 5148 καὶ⁹
2810 5093 2886 5155 ὼς
2937 5089 3079 5160 φῶς,
3124 5088 3237 5141 ἀλλ’
3284 5083 3745 5157 ἀπερικαλύπτως

2162 5192 2527 5262 καταυγάζον,
2551 5190 2625 5252 ὠς
2647 5188 2727 5254 τὸ,
2771 5183 2916 5255 Ἑτίὶ)
2946 5185 3062 5253 ειμι
3096 5181 3161 5234 τὸ
3187 5178 3313 5249 φῶς
3338 5177 3444 5231 τοῦ
3474 5178 3707 5244 κόσμου
3728 5191 3742 5205 ·

2160 5288 2252 5340 καὶ
2277 5286 2357 5349 τὸ,
2394 5282 2516 5337 τΗν
2543 5281 2608 5334 τὸ
2646 5278 2772 5349 φῶς
2800 5277 2863 5332 τὸ
2894 5273 3204 5341 ἀληθινόν.
3243 5269 3379 5324 Ποτὲ
3406 5268 3463 5321 δὲ
3493 5265 3603 5321 ἀπὸ
3630 5265 3745 5317 τῶν

2166 5378 2365 5447 μέσων,
2403 5374 2480 5437 ὼς
2517 5370 2648 5443 πῦρ,
2691 5369 2804 5423 ἀλλ’
2829 5365 3082 5428 ἀϐλαϐῶς
3123 5364 3216 5418 καὶ
3244 5360 3530 5419 ἀκαύστως
3570 5354 3737 5424 φωτί-

2164 5446 2276 5534 ζον,
2315 5468 2391 5531 ὡς
2422 5469 2479 5519 ὲν
2504 5469 2572 5536 τῇ
2605 5464 2752 5535 βάτῳ
2778 5458 3142 5532 τεθεώρηται·
3168 5455 3245 5519 ὡς
3272 5453 3436 5525 ὕδωρ,
3464 5447 3599 5505 ἀλλὰ
3637 5446 3738 5511 ζω-

559 5608 606 5637 I‘
640 5598 873 5653 Malach.
925 5599 1071 5656 tv.2.
1149 5600 1200 5641 δ’
1228 5601 1266 5656 ιι
1313 5601 1461 5661 Petr.
1498 5620 1537 5671 ι,
1582 5604 1670 5659 l9.
1751 5609 1798 5646 ε*
1830 5606 1983 5665 Joan.
2018 5623 2041 5659 v

2196 5606 2280 5661 12.
2355 5604 2403 5644 δ’
2434 5604 2596 5662 Joau.
2641 5620 2679 5671 ι,
2728 5603 2783 5658 9.

564 5716 719 5788 ἰι-ε.
747 5716 897 5788 παρά
925 5719 1026 5774 vel.
1063 5717 1215 5789 πρός.
1249 5719 1401 5776 Ent'r.
1432 5719 1673 5777 PATROL.
