3908 6232
226 310 317 365 161

734 309 819 365 DE
850 308 1176 367 C(ELESTI
1209 308 1658 380 HIERARCHIA,
1691 310 1847 370 CAP.
1885 312 1951 370 ll.
1984 344 2055 357 -—
2085 312 2432 373 PARAPHR.
2476 315 2951 373 PACHYMERAE.

3386 324 3405 376 l
3418 320 3485 376 6‘2

218 426 382 496 τικῆς
427 423 873 495 ἀποπληρώσεως
914 426 1005 478 καὶ
1046 426 1361 497 χορτασμοῦ
1413 425 1666 498 χορηγὸν,
1714 427 1795 480 και

1926 426 2322 483 illuminantem
2370 440 2426 485 et
2474 431 2589 486 sine
2619 433 3014 497 combustione,
3060 432 3203 489 sicut
3251 434 3303 489 in
3350 440 3485 492 rubo

221 515 571 589 συμϐολικῶς
594 517 789 581 εἰπεῖν,
813 515 892 578 είς
918 515 1181 586 γαστέρα,
1206 518 1306 585 τὴν
1333 515 1512 588 ψυχὴν
1538 515 1802 587 δηλονότι,

216 607 587 678 διαδυόμενον,
622 606 715 659 καὶ
754 606 1031 676 ποταμοὺς
1083 604 1398 670 ἀναδλύζον,
1435 607 1678 677 ἀσχέτως
1714 609 1807 661 καὶ

217 701 555 772 ἀκρατήτως
582 698 971 771 ἀποῤῥέοντας,
996 697 1137 752 κατὰ
1162 697 1245 763 τὺ,
1270 699 1529 768 Ποταμοὶ
1544 700 1804 767 ῥεύσου-

214 809 317 845 σιν
346 790 421 844 ἐκ
449 789 562 858 τῆς
590 791 823 855 κοιλίας
849 788 1034 843 αὐτοῦ
1059 789 1278 855 ὕδατος
1309 788 1540 855 ζῶντος.
1583 791 1721 844 Ποτὲ
1746 790 1804 844 δὲ

214 884 321 938 ἀπὺ
350 884 463 936 τῶν
485 884 731 953 ἐσχάτων
755 881 849 935 καὶ
873 880 1180 953 χθαμαλιῖΝ,
1205 881 1283 945 ὡς
1304 881 1474 954 μύρον
1498 882 1712 946 εὐῶδες,
1729 883 1805 946 ὡς

214 974 367 1048 παρά
388 974 471 1046 τῷ
496 974 822 1045 Σολομῶντι,
849 975 1053 1041 Μύρον
1074 974 1405 1028 ἐκκενωθὲγ
1439 973 1624 1043 ὄνομά
1653 992 1767 1029 σου
1784 992 1797 1005 ·

210 1065 285 1128 ὡς
335 1063 489 1117 λίθον
553 1066 966 1137 ἀκρογωνιαῖον,
1011 1064 1087 1127 ὼς
1126 1064 1281 1135 παρά
1320 1065 1400 1135 τῷ
1439 1067 1653 1137 Δανιήλ.
1693 1066 1802 1119 Καὶ

212 1157 435 1227 μορφὰς
463 1157 601 1227 αὐτῇ
636 1155 973 1228 περιτιθέασι
1000 1155 1246 1221 λεόντων,
1277 1156 1569 1228 πάνθηρος,
1597 1156 1802 1228 παρδά-

208 1248 367 1311 λεως,
396 1249 492 1301 καὶ
515 1246 896 1320 ἀπορουμένης
918 1247 1141 1319 ἄρκτου,
1168 1249 1242 1311 ὡς
1272 1250 1328 1300 ὲν
1355 1252 1467 1312 τοῖς
1494 1250 1800 1320 προφήταις

209 1338 580 1409 εὑρίσκονται.
602 1336 904 1409 Προσθήσω
922 1336 996 1401 δὲ,
1030 1337 1112 1389 ὅτι
1134 1340 1226 1391 καὶ
1248 1338 1526 1409 σκώληκος
1548 1336 1684 1403 εἶδος
1707 1342 1798 1393 καὶ

207 1432 529 1502 ὀνομασίαν,
568 1429 708 1483 κατά
756 1428 838 1492 τὸ,
890 1429 1035 1499 Ἐγώ
1077 1433 1191 1499 ειμι
1223 1430 1498 1500 σκώληξ,
1545 1432 1643 1485 καὶ
1686 1435 1796 1487 οὐκ

208 1525 556 1591 ἄνθρωπος’
603 1523 698 1575 καὶ
750 1518 888 1586 εἶδος
942 1522 1139 1594 μᾶλλον
1183 1522 1276 1575 τοῦ
1326 1524 1603 1597 σκώληκος
1634 1526 1683 1578 οί
1727 1525 1797 1579 τά

208 1616 329 1669 θεῖα
361 1616 522 1684 σοφοὶ
552 1612 943 1679 ἀποδεδώκασι,
974 1614 1062 1667 διά
1091 1615 1190 1685 τὴν
1231 1615 1467 1689 ἄσπορον
1496 1619 1560 1671 ὲκ
1588 1617 1796 1690 Παρθέ-

207 1723 299 1760 νου
326 1704 617 1778 σύλληψιν,
650 1707 744 1760 καὶ
767 1707 829 1760 τὸ
854 1706 1055 1759 τέλειον
1082 1701 1222 1770 εἶδος
1245 1707 1340 1761 τοῦ
1363 1706 1670 1780 ἀνθρώπου,
1701 1708 1795 1762 καὶ

204 1802 303 1872 τὴν
331 1801 551 1857 τελείαν
576 1803 740 1873 φύσιν
765 1802 833 1873 ην
860 1801 1244 1874 προσελάϐετο.

276 2088 442 2143 υῦτω
466 2086 674 2153 πάντες
703 2088 753 2142 οἱ
780 2088 1023 2157 θεόσοφοι
1047 2089 1147 2160 τῆς
1174 2089 1323 2153 θείας
1351 2090 1632 2155 ἐπιπνοίας
1664 2093 1796 2145 ὑπο-

204 2181 377 2253 φῆται
394 2181 505 2236 τῶν
531 2181 831 2235 ἀτελέστων
858 2183 951 2236 καὶ
970 2182 1199 2255 ἀνιέρων
1222 2182 1461 2251 τάἋγια
1492 2182 1601 2235 τῶν
1626 2184 1797 2253 ἁγίων

200 2273 710 2338 ἀπώαπὲλλουσι,
749 2274 843 2327 καὶ
869 2274 967 2346 τὴν
1009 2274 1259 2345 ἀνόμοιον
1285 2274 1681 2347 ίερομόρφωσιν
1714 2294 1796 2329 τι·

206 2362 411 2433 μῶσιν,
437 2363 517 2427 ὡς
543 2364 681 2435 μήτε
708 2362 776 2417 τὰ
804 2362 921 2417 θεῖα
946 2364 1010 2417 ὲκ
1031 2364 1322 2435 προχείρου
1349 2359 1485 2417 εἶναι
1507 2367 1619 2427 τοῖς
1647 2364 1799 2437 βεϐή-

201 2457 317 2522 λοις
348 2458 620 2525 νοεῖσθαι,
657 2460 796 2530 μήτε
824 2459 951 2522 τοὺς
974 2458 1081 2512 τῶν
1107 2459 1269 2530 ἱερῶν
1296 2458 1625 2529 ἀγαλμάτων
1650 2457 1796 2527 φιλο-

202 2548 507 2623 θεάμονας,
524 2550 598 2614 ὡς
623 2548 877 2621 ἀληθέσιν
902 2551 1251 2621 ὲναπομένειν
1270 2552 1382 2613 τοῖς
1399 2548 1606 2612 τύποις.
1629 2548 1797 2601 Τοῦτο

200 2642 263 2695 δὲ
300 2643 363 2709 ἐξ
413 2642 683 2714 Ἑλλήνων
730 2639 1009 2712 εἴληπται*
1058 2642 1254 2694 ἐκεῖνοι
1297 2639 1406 2712 γὰρ
1455 2640 1671 2693 ἐποίουν
1708 2634 1796 2693 οἷά

199 2750 357 2796 τινας
393 2734 735 2805 ἀνδριάντας,
767 2732 903 2805 μήτε
927 2735 1133 2805 χεῖρας,
1182 2733 1319 2804 μήτε
1352 2732 1517 2796 πόδας
1543 2731 1791 2802 ἔχοντας·

199 2824 434 2888 τούτους
466 2824 526 2877 δὲ
567 2824 773 2897 Ἑρμᾶ-ς
814 2823 1058 2887 ἐκάλουν,
1101 2822 1176 2886 ὡς
1212 2823 1455 2895 κρυφίως
1481 2823 1631 2886 ἐντὸς
1662 2822 1796 2895 κρύ-

198 2934 443 2981 πτοντας
469 2915 537 2970 τὸ
556 2916 803 2987 ἄγαλμα·
839 2914 910 2968 τὰ
931 2914 1039 2984 γὰρ
1067 2914 1270 2986 κρύφια
1300 2913 1376 2985 τῷ
1414 2915 1590 2987 Ἐρμῇ
1617 2918 1795 2971 ἀνετί-

202 3009 355 3063 θουν.
406 3008 652 3061 Ἐποίουν
676 3007 785 3079 γὰρ
808 3007 865 3060 ὲν
888 3007 1069 3071 αὐτοῖς
1106 3007 1199 3059 καὶ
1237 3003 1403 3076 θύρας
1446 3007 1541 3059 καὶ
1599 3008 1796 3073 τόπους

200 3098 523 3163 διακένους,
553 3097 646 3152 καὶ
673 3097 872 3152 ἔσωθεν
900 3098 1142 3151 ἐτίθεσαν
1180 3095 1467 3166 ἀγάλματα
1500 3090 1575 3149 ὧν
1610 3097 1796 3151 ἔσεϐον

1912 520 2089 573 visum
2130 537 2144 574 :
2185 531 2243 575 ut
2288 538 2522 591 aquam,
2566 525 2660 577 sed
2696 540 2816 594 quae
2854 525 3071 579 vitalem
3122 527 3482 596 expletionem

1906 611 2320 681 satietatemque
2350 616 2574 682 prthel,
2603 624 2658 669 et
2686 633 2827 685 quae,
2857 625 2917 669 ut
2942 618 3242 687 symbolice
3268 620 3483 690 loquar,

1908 699 1959 752 in
1996 709 2273 764 ventrem,
2314 700 2366 755 id
2400 712 2486 755 est
2517 704 2779 768 animam,
2809 704 3018 767 diﬁluit,
3051 716 3105 761 et
3138 707 3331 764 ﬁuvios
3362 724 3485 764 sns~

1905 791 2037 847 citat
2065 796 2347 864 eruptione
2385 796 2555 851 libera
2597 797 2898 864 efﬁuentes,
2929 800 3079 868 juxta
3132 801 3307 854 illud:
3348 800 3484 855 Flu-

1903 885 2048 937 mina
2079 885 2141 938 de
2186 897 2361 940 ventre
2409 888 2523 956 ejus
2568 891 2732 957 ﬂuent
2777 906 2928 959 aqua:
2970 893 3095 944 viva:
3125 903 3168 944 θ.
3221 891 3484 946 Nonnun—

1903 992 2065 1046 quam
2096 993 2306 1046 quoque
2338 979 2552 1034 laudant
2586 982 2654 1033 ab
2686 982 2886 1037 inlimis
2919 984 3258 1052 terrenisque
3292 986 3478 1051 rebus,

1905 1080 1963 1121 ut
2011 1078 2340 1138 unguentum
2374 1066 2695 1133 odoratum,
2727 1073 2872 1125 sicut
2911 1072 3050 1142 apud
3102 1074 3478 1138 Salomonetn,

1906 1158 2236 1230 Unguentum
2271 1161 2495 1229 eﬁ'uwm
2537 1177 2726 1215 nomen
2760 1175 2906 1215 tuum
2936 1162 2996 1218 τε
3031 1175 3087 1216 ιιι
3128 1165 3354 1232 lapidem
3387 1181 3485 1218 an-

1900 1250 2164 1320 gularem,
2194 1253 2330 1321 apud
2362 1250 2657 1305 Danielem.
2693 1253 2832 1319 Quin
2867 1264 2921 1308 el
2952 1254 3140 1309 formis
3171 1255 3298 1310 ferae
3330 1256 3480 1310 illam

1902 1340 2152 1403 induunt,
2184 1341 2420 1403 leonum,
2450 1343 2746 1411 pantherae,
2779 1346 2956 1412 pardi,
2988 1356 3153 1414 atque
3192 1348 3302 1400 ursi
3338 1348 3481 1401 indi-

1899 1433 2097 1501 gentis,
2122 1435 2576 1502 quemadmodum
2611 1436 2661 1488 in
2702 1439 2984 1506 prophetis
3013 1440 3279 1508 reperitur
3305 1439 3351 1491 κ.
3379 1440 3481 1493 Ad—

1899 1524 2020 1575 datn
2074 1533 2336 1592 praeterea
2381 1527 2584 1580 vermis
2637 1528 2871 1596 speciem
2919 1537 2973 1581 et
3028 1529 3475 1597 appellationem,

1892 1611 2046 1683 juxta
2079 1615 2206 1669 illud
2237 1631 2251 1670 :
2286 1616 2397 1686 Ego
2422 1632 2539 1670 sum
2568 1620 2778 1683 vermis,
2802 1629 2849 1671 et
2880 1635 2983 1671 non
3012 1617 3244 1683 homo“;
3277 1620 3479 1689 magisa

1897 1720 2002 1773 que
2030 1707 2229 1761 vermis
2271 1713 2505 1776 speciem
2539 1709 2615 1776 hi,
2658 1712 2747 1776 qui
2779 1709 2962 1763 divina
2995 1712 3236 1781 sapiunt,
3268 1728 3466 1782 appro-

1897 1794 2115 1858 barunt,
2147 1805 2375 1865 prepter
2416 1798 2536 1867 ejus
2576 1814 2641 1853 cx
2680 1800 2903 1867 Virgine
2944 1801 3062 1856 sine
3095 1803 3303 1856 semine
3348 1818 3480 1857 cun-

1831 1878 1872 1933 B
1898 1886 2225 1955 eeptionem,
2266 1897 2321 1942 et
2357 1890 2655 1959 perfectam
2709 1891 2944 1946 hominis
2982 1894 3255 1962 speciem,
3296 1893 3475 1965 perfe-

1899 1988 2155 2048 ctamque
2185 1990 2432 2035 naturam
2464 1998 2628 2051 quam
2660 1984 2972 2052 assumpsit.

1969 2068 2061 2124 Sic
2090 2083 2279 2125 omnes
2308 2072 2424 2141 qui,
2459 2073 2640 2127 divina
2686 2083 3011 2143 praestantes
3056 2078 3345 2147 sapientia,
3391 2079 3476 2132 di-

1896 2165 2050 2219 vinas
2098 2166 2482 2234 inspirationes
2531 2169 2980 2239 interpretantur,
3011 2188 3040 2227 a
3075 2175 3240 2228 rebus
3272 2175 3475 2243 imper—

1899 2256 2053 2310 fectis
2082 2272 2148 2312 ac
2193 2258 2441 2326 profanis
2500 2260 2700 2315 Sancta
2737 2271 3048 2316 sanctorum
3085 2276 3394 2331 secernunt,
3425 2276 3479 2322 et

1898 2347 2216 2403 dissimilem
2252 2349 2546 2418 ﬁgurarum
2584 2364 2860 2404 Sacrarum
2893 2352 3168 2407 ﬁctionem
3199 2357 3431 2422 probant
3459 2374 3474 2410 :

1898 2450 1956 2495 ut
1997 2456 2101 2495 nec
2128 2456 2156 2495 a
2198 2442 2448 2509 profanis
2482 2458 2570 2495 res
2621 2443 2817 2496 divinae
2854 2444 3011 2498 facile
3059 2456 3477 2514 cognoscantur,

1896 2548 2071 2603 neque
2108 2534 2333 2588 Studiosi
2382 2549 2669 2588 sacrorum
2727 2536 3192 2605 contemplatores
3243 2539 3474 2593 simula—

1896 2638 2133 2687 crorum,
2166 2625 2363 2680 talibus
2408 2625 2616 2695 ﬁguris,
2649 2635 2906 2696 tanquam
2954 2628 3121 2691 veris,
3170 2630 3469 2683 immoren-

1900 2727 2003 2772 tur.
2052 2716 2165 2771 Hoc
2207 2726 2386 2769 autem
2436 2717 2505 2770 ab
2540 2718 2777 2771 ethnicis
2825 2728 3153 2787 acceptum:
3203 2722 3472 2791 siquidem

1897 2808 1994 2878 ipsi
2040 2808 2310 2862 faciebant
2356 2809 2508 2876 quasi
2560 2808 2809 2877 qua-dam
2861 2811 3160 2865 simulacra
3219 2813 3477 2868 manibus

1897 2897 2225 2967 pedibusque
2273 2898 2554 2961 destituta,
2582 2914 2703 2967 quae
2747 2900 3094 2955 Mercuriales
3129 2912 3338 2957 statuas
3384 2918 3480 2955 vo-

1897 2992 2117 3055 cabant,
2151 2992 2352 3061 quippe
2378 2991 2523 3061 quod
2560 2992 2773 3046 occulte
2805 2994 2949 3047 intus
2979 2994 3333 3051 simulacrum
3374 3000 3476 3052 ali—

1895 3082 2037 3151 quod
2074 3084 2505 3138 absconderem:
2540 3100 2663 3137 nam
2703 3100 2823 3155 qua:
2863 3086 3077 3138 occulta
3111 3098 3298 3155 erant,
3328 3090 3473 3144 Mer-

202 3190 365 3246 θεῶν.
417 3187 730 3259 Ἐιραίνοντο
771 3183 863 3242 οὖν
890 3189 939 3240 οί
982 3189 1177 3259 Ἑρμαῖ
1219 3186 1484 3249 εὐτελεῖς,
1514 3186 1713 3241 ἔσωθεν
1738 3188 1794 3243 δὲ

1900 3177 2048 3231 curio
2093 3176 2466 3231 ascribebant.
2522 3176 2822 3231 Faciebant
2874 3188 3056 3234 autem
3113 3182 3164 3234 in
3227 3182 3291 3237 iis
3344 3198 3467 3237 cum

201 3284 336 3347 τοὺς
365 3284 477 3337 τῶν
516 3282 649 3337 θεῶν
676 3281 1091 3352 καλλωπισμοὺς
1115 3275 1258 3350 εἶχον
1280 3298 1294 3311 ο
1325 3280 1373 3333 oi
1400 3280 1529 3349 γοῦν
1557 3280 1796 3349 φιλοθεά-

206 3390 377 3444 μονες
418 3372 648 3437 τούτων,
681 3373 793 3436 τοῖς
832 3370 1059 3443 Ἑρμαῖς
1087 3370 1148 3423 οὐ
1179 3373 1485 3441 προσεῖχον,
1518 3370 1653 3423 άλλά
1680 3374 1792 3436 τοῖς

204 3464 418 3518 ἔσωθεν
469 3464 768 3535 ἀγάλμασι.
824 3462 923 3516 Διά
953 3460 1126 3537 ταῦτα
1152 3461 1349 3527 τοίνυν,
1413 3462 1508 3514 καὶ
1556 3461 1694 3537 ὥστε
1724 3464 1795 3518 τὰ

208 3556 331 3610 θεῖα
360 3528 530 3611 πάλιν
557 3528 821 3628 τιμᾶσθαι
849 3528 1261 3625 ταῖςὰἀληθέσιν
1289 3528 1627 3625 ἀποφάσεσιῖ
1649 3574 1662 3588 ’
1710 3558 1792 3611 ὅτι

204 3652 316 3703 κᾶν
355 3651 406 3715 ὃ,
438 3669 493 3705 τι
523 3648 717 3716 εἴποις,
761 3651 822 3704 οὐ
850 3649 1011 3704 τοῦτό
1046 3652 1168 3703 ἐστι
1204 3649 1266 3703 τὸ
1294 3649 1468 3714 Θεῖον,
1510 3650 1650 3706 κατά
1695 3652 1794 3725 τὴν

206 3742 561 3815 ἀποφατικὴν
587 3742 885 3812 θεολογίαν.
921 3743 1030 3796 Καὶ
1083 3741 1244 3797 πάλιν
1270 3738 1429 3794 τοῦτο
1455 3740 1667 3811 λέγεται
1698 3762 1795 3798 κα-

205 3836 281 3889 τὰ
311 3836 417 3907 τὴν
449 3835 852 3907 καταφατικὴν,
896 3834 1008 3887 ἀλλ’
1042 3834 1141 3904 οὐχ
1181 3832 1368 3896 ἁπλῶς
1424 3836 1520 3889 καὶ
1565 3836 1790 3909 κυρίως,

206 3927 350 3980 ἀλλά
375 3930 499 3991 ταῖς
540 3924 678 3996 πρὸς
708 3925 777 3979 τά
799 3924 1051 3997 χθαμαλὰ
1072 3927 1335 3999 ἑτεροίαις
1382 3930 1476 3983 καί¹
1517 3930 1795 4001 ὲτεροτρό-

207 4032 336 4079 ποις
364 4015 734 4086 ἀφομοιώσεσι
771 4013 882 4066 τῶν
911 4014 1313 4084 ἀπηχημάτων,
1349 4016 1515 4068 οἱονεὶ
1565 4014 1674 4068 τῶν
1696 4016 1793 4086 δη-

212 4107 665 4180 μιουργημάτων.
722 4104 809 4169 Ὧς
864 4108 973 4177 γὰρ
1048 4107 1319 4178 ἀπήχημά
1372 4109 1488 4160 ἐστι
1542 4106 1604 4160 τὸ
1659 4105 1795 4178 μετά

206 4199 302 4252 τὸν
326 4194 466 4269 ἦχον
495 4198 862 4267 ὲναπομεῖναν
894 4198 962 4267 τῇ
1015 4196 1153 4268 ἀκοῇ
1199 4196 1440 4267 ἀμυδρόν
1463 4215 1515 4249 τι
1558 4198 1656 4270 τῆς
1685 4212 1796 4266 φω-

208 4293 307 4363 νῆς
364 4289 649 4359 λείψανον⁸
693 4286 835 4340 οὕτω
895 4288 990 4342 καὶ
1018 4288 1087 4342 τά
1138 4289 1593 4361 δημιουργήματα
1628 4328 1642 4354 ,
1692 4287 1795 4357 τῆς

210 4379 368 4442 θείας
399 4378 855 4450 ὑπερουσιότητος
902 4377 1122 4449 ἀμυδρά
1146 4378 1231 4441 τίς
1251 4378 1368 4431 ἐστι
1388 4379 1621 4451 δήλωσις
1644 4394 1659 4408 ·
1694 4374 1796 4428 οὐκ

208 4474 274 4523 ἐκ
311 4472 425 4522 τῶν
442 4468 566 4522 καθ’
600 4468 805 4540 αὑτὴν⁹
833 4466 963 4539 γὰρ,
994 4468 1106 4521 ἀλλ’
1139 4470 1202 4522 ὲκ
1234 4469 1344 4522 τῶν
1375 4470 1503 4541 περὶ
1532 4470 1700 4542 αὐτὴν
1733 4468 1798 4522 τὸ

1894 3266 2061 3332 ostia,
2095 3275 2205 3319 tum
2234 3266 2628 3331 concavitates,
2667 3267 2864 3335 quibus
2895 3268 3121 3322 deorum
3165 3286 3302 3339 quos
3333 3272 3478 3327 cole-

1902 3358 2063 3422 bant,
2114 3359 2408 3413 simulacra
2462 3358 2836 3424 imponebant.
2889 3362 3242 3431 Apparebant
3296 3364 3480 3433 itaque

1894 3448 2025 3503 viles
2042 3449 2368 3519 ejuscemodi
2393 3460 2587 3504 statuae
2612 3450 3087 3517 Mercuriales,sed
3112 3455 3255 3508 intra
3275 3470 3335 3510 se
3357 3457 3485 3511 deo-

1895 3554 2014 3594 rum
2039 3550 2358 3595 ornamenta
2385 3541 2736 3596 continebant
2758 3559 2775 3608 ;
2798 3545 3022 3598 studiosi
3056 3546 3235 3614 itaque
3263 3546 3475 3600 illarum

1895 3634 2002 3704 27
2026 3633 2483 3703 contemplatores
2517 3673 2532 3699 ,
2574 3649 2678 3687 non
2709 3642 2819 3688 tam
2869 3637 3067 3691 statuis
3098 3638 3215 3691 istis
3246 3638 3479 3706 quadra-

1898 3729 1965 3782 tis
1993 3727 2375 3792 attendebant,
2400 3741 2564 3795 quam
2597 3726 2956 3782 interioribus
2984 3728 3318 3784 simulacris.
3372 3729 3478 3785 Per

1897 3820 2011 3875 haec
2041 3820 2225 3889 itaque
2247 3820 2412 3874 etiam
2446 3820 2626 3873 divina
2684 3820 2832 3873 veris
2888 3820 3272 3889 negationibus
3330 3820 3478 3875 cele-

1897 3910 2100 3965 branda
2132 3920 2293 3964 sunt:
2326 3911 2426 3965 etsi
2463 3912 2608 3965 enim
2635 3912 2764 3979 quid
2794 3908 3123 3978 ejuseetnodi
3149 3913 3380 3977 dixeris,
3397 3924 3475 3967 ta-

1899 4018 2019 4057 men
2039 4001 2196 4070 juxta
2228 4010 2514 4072 negantem
2559 4002 2913 4074 theologiam,
2948 4003 3080 4057 illud
3109 4018 3218 4058 non
3249 4014 3335 4059 est
3362 4020 3466 4058 nu-

1897 4110 2042 4149 men.
2069 4095 2133 4147 Et
2167 4109 2359 4148 rursus
2393 4095 2497 4147 hoc
2526 4094 2733 4149 dicitur
2765 4098 3063 4150 secundum
3110 4095 3475 4150 afﬁrmantem

1899 4186 2248 4254 theologiam,
2271 4185 2367 4240 sed
2385 4201 2492 4240 non
2519 4187 2849 4257 simpliciter
2873 4202 2939 4241 ac
2968 4201 3117 4250 vere,
3138 4188 3234 4241 sed
3268 4202 3367 4257 per
3396 4188 3459 4241 af
3468 4218 3478 4227 -

1897 4276 2160 4331 ﬁnitatem
2193 4292 2315 4331 cum
2349 4279 2511 4331 rebus
2545 4279 2778 4331 terrenis
2806 4292 2872 4331 ac
2900 4277 3283 4331 diversimodis
3325 4277 3478 4332 simi-

1898 4369 2222 4425 litudinibus
2293 4371 2737 4424 resonantiarum
2815 4371 3222 4439 quodammodo
3291 4383 3475 4423 rerum

1897 4470 2231 4517 ereataruni.
2262 4459 2416 4515 Sicut
2445 4462 2590 4516 enim
2622 4460 2935 4516 resonantia
2977 4470 3060 4513 est
3090 4461 3141 4514 id
3170 4460 3313 4529 quod
3356 4471 3479 4527 post

207 4560 456 4614 τοιοῦτον
484 4559 769 4627 συνάγεται
797 4556 1046 4629 ῖνδαλμα.
1082 4559 1323 4630 Ἔσχατα
1351 4560 1407 4613 δὲ
1453 4561 1637 4632 άπηχή
1647 4578 1793 4632 ματα

1900 4568 2116 4618 sonum,
2145 4568 2237 4608 seu
2266 4553 2424 4607 exilis
2452 4553 2672 4622 quidam
2720 4552 2870 4606 vocis
2917 4552 3127 4619 sibilus,
3160 4553 3364 4605 auditu:
3396 4552 3473 4606 iti-

206 4653 279 4707 τά
324 4651 593 4724 ἡμέτερα,
650 4650 789 4721 πρὸς
846 4650 1250 4723 ἀντιδιαστολὴν
1292 4650 1401 4705 τῶν
1446 4652 1789 4721 ἀγγελικῶν’

206 4743 290 4797 δτι
312 4743 411 4796 καὶ
437 4744 497 4795 ὲν
542 4743 609 4812 τῇ
641 4741 759 4795 καθ’
806 4744 955 4814 ἡμᾶς
995 4741 1097 4816 ὕλῃ
1134 4742 1479 4814 εὑρίσκονται
1512 4743 1794 4813 ἀναλόγως

208 4836 355 4889 θεῖαι
386 4833 695 4906 ὲμφέρειαι,
725 4834 860 4886 ὅπου
890 4835 985 4887 καὶ
1016 4835 1073 4886 ὲν
1099 4834 1349 4905 βοτάναις
1382 4835 1477 4888 καὶ
1509 4835 1793 4905 μετάλλοις

204 4927 268 4979 τὸ
296 4923 546 4994 ὠςρελοῦν
576 4925 670 4977 καὶ
715 4924 981 4992 ζωογόνον
1029 4925 1365 4996 εὑρίσκεται,
1400 4927 1494 4979 καὶ
1518 4929 1577 4979 ὲν
1612 4928 1793 4992 ἄλλοις

204 5018 376 5089 ἕτερα
409 5016 531 5070 θεῖα
568 5016 663 5069 καὶ
699 5016 997 5089 παράδοξα.
1039 5016 1208 5070 Οὐδὲν
1240 5012 1333 5070 οὖν
1385 5017 1610 5081 ἄτοπον,
1670 5018 1796 5071 ἐπεὶ

206 5111 302 5164 καὶ
340 5108 435 5163 ἐπὶ⁵
483 5106 620 5162 Θεοῦ
671 5108 732 5161 τὸ
776 5108 1021 5162 τοιοῦτον
1068 5108 1389 5180 πράττεται,
1439 5110 1488 5160 εἰ
1542 5108 1637 5163 καὶ
1694 5108 1794 5173 τὰς

202 5201 498 5274 οὐρανίους
553 5200 811 5271 δυνάμεις
852 5202 917 5254 ὲκ
958 5200 1069 5254 τῶν
1114 5201 1357 5271 ἐσχάτων
1389 5200 1485 5253 καὶ
1519 5201 1793 5272 ἀνομοίων

202 5294 546 5365 ὁμοιοτήτων
595 5292 994 5347 ἀναπλάττουσι
1025 5309 1038 5321 ·
1069 5290 1229 5345 τοῦτο
1249 5291 1359 5363 γὰρ
1415 5291 1546 5357 ῖσως
1602 5292 1698 5345 καὶ
1727 5295 1794 5363 ὴ-

205 5386 319 5454 ne:
348 5381 595 5457 ταράξαν
615 5383 703 5437 διὰ
727 5383 789 5437 τὸ
815 5383 1054 5446 δυσειδὲς
1080 5382 1183 5453 τῆς
1211 5382 1516 5455 δηλωικῆς
1549 5385 1644 5437 καὶ
1685 5400 1793 5454 φα·-

203 5473 498 5547 νεροποιοῦ
531 5474 907 5539 ἀναπλάσεως,
940 5472 1231 5545 κεκίνηκεν
1275 5475 1358 5538 είς
1385 5473 1486 5545 τὴν
1534 5477 1792 5548 τοιαύτην

1897 4648 2065 4702 haeret
2097 4661 2113 4712 ;
2149 4647 2229 4701 sic.
2254 4647 2420 4700 etiam
2476 4662 2566 4700 res
2612 4655 2812 4700 creata:
2871 4654 2999 4698 sunt
3054 4646 3285 4699 obscura
3331 4659 3481 4714 quae-

1896 4740 2019 4793 dam
2053 4737 2425 4793 manifestatio
2476 4738 2674 4792 divinae
2731 4734 3319 4806 superessentialitatis
3351 4758 3362 4790 :
3396 4736 3475 4789 si-

1894 4830 2113 4899 quidem
2139 4844 2245 4885 non
2276 4844 2341 4884 ex
2373 4829 2440 4884 iis
2467 4829 2630 4884 rebus
2657 4843 2778 4898 qua:
2809 4831 2861 4882 in
2889 4831 3025 4897 ipsa,
3046 4827 3139 4881 sed
3169 4842 3233 4881 ex
3261 4825 3327 4879 iis
3354 4840 3477 4895 quae

1895 4923 1965 4978 ab
1991 4922 2105 4991 ipsa
2122 4931 2269 4987 sunt,
2290 4922 2500 4992 species
2525 4920 2853 4991 ejuscemodi
2872 4919 3225 4989 imprimitur.
3262 4917 3477 4972 Ultimae

1896 5026 2079 5071 autem
2111 5014 2436 5071 resonantia:
2465 5029 2563 5069 seu
2590 5015 2800 5085 species
2822 5024 2951 5069 sunt
2976 5022 3478 5078 nostrae,compara-

1898 5108 2045 5163 tione
2067 5107 2434 5177 angelicarum
2454 5120 2469 5158 :
2489 5106 2749 5174 quoniam
2773 5105 2825 5158 in
2847 5104 3012 5159 rebus
3029 5116 3242 5172 quoque
3270 5112 3477 5155 nostra-

1899 5201 2065 5265 tibus,
2084 5198 2435 5269 proportione
2460 5198 2722 5268 quadam.
2754 5197 2953 5252 divinae
2974 5194 3366 5250 similitudines
3386 5205 3475 5245 re-

1898 5292 2183 5362 periuntur
2203 5305 2220 5357 ;
2243 5305 2367 5344 cum
2385 5290 2551 5344 etiam
2594 5289 2649 5344 in
2691 5289 2874 5344 herbis
2897 5301 2962 5343 ac
2985 5286 3221 5341 metallis
3252 5283 3303 5338 id
3331 5279 3473 5351 quod

1898 5386 2072 5455 prosit
2086 5393 2142 5440 et
2158 5381 2394 5439 viviﬁeet
2421 5381 2918 5449 ittveniatur,atque
2942 5380 2994 5433 in
3018 5379 3141 5434 aliis
3167 5376 3275 5431 alia
3291 5374 3473 5429 divina

1900 5478 2300 5547 mirabilisque.
2360 5472 2506 5534 Nihil
2533 5473 2716 5545 itaque
2747 5473 2973 5530 absurdi
3002 5474 3090 5537 sit_
3144 5483 3269 5526 cum
3304 5468 3472 5521 etiam

281 5645 311 5672 ο
343 5629 506 5685 Joan.
544 5644 645 5698 vu,
685 5629 779 5687 38.
859 5629 879 5670 ί
911 5630 1075 5687 Cant.
1122 5630 1241 5697 t,?..
1312 5632 1339 5672 8
1362 5630 1501 5685 Osee
1530 5647 1651 5698 xm,
1685 5634 1738 5686 7.

1900 5634 2008 5691 ’sal.
2042 5652 2157 5704 XXI,
2207 5636 2261 5691 7.

276 5767 387 5825 ‘F.
419 5770 543 5825 κατ’
576 5770 763 5841 αὐτὴν.
789 5767 880 5827 Sic
904 5769 1034 5841 legit
1066 5771 1359 5842 interpres.
1391 5772 1487 5827 En.
1524 5771 1767 5826 PATRUL.
