3908 6232
478 338 580 394 [83
1603 332 1658 389 S.
1700 332 2003 391 DIONYSII
2036 332 2503 391 AREOPAGITE
3639 327 3736 381 ιδι

475 450 531 507 in
586 454 696 509 Deo
746 451 799 507 id
829 452 944 518 liat,
975 451 1019 508 si
1081 452 1333 508 cmlestes
1395 468 1609 523 quoque
1666 454 1903 510 virtutes
1944 469 2033 524 per

2164 455 2408 527 ζήτησιν,
2453 456 2553 508 οὐκ
2590 453 2692 507 ὲῶν
2742 452 2897 525 ἡμῶν
2929 451 3019 506 τὸν
3072 450 3197 505 νοῦν
3236 453 3583 521 ὲναπομεϊναι
3614 453 3727 511 τοῖς

473 543 690 597 ultimas
737 552 793 597 et
830 544 1120 599 dissimiles
1178 545 1564 599 similitudines
1602 546 1981 614 exprimantur
2018 564 2031 600 :

2147 545 2549 615 ἱστορουμένοις
2624 544 2700 606 ὡς
2768 542 2980 612 ἔχουσιν
3010 582 3024 605 ,
3089 541 3202 594 ἀλλ’
3256 540 3495 611 ὲρεθίζον
3578 543 3725 592 ἀπαο

472 648 595 686 nam
624 641 679 687 et
731 634 833 688 hoc
863 634 999 687 forte
1023 635 1146 688 dum
1170 650 1269 689 nos
1315 635 1545 705 perculit
1572 645 1794 704 propter
1844 636 2032 690 ditl'or-

2144 636 2412 689 ναίνεσθαι
2440 635 2659 698 ταύτας,
2701 636 2794 688 καὶ
2818 633 3131 705 προσεθίζον
3155 632 3262 686 ἀπὸ
3289 633 3490 685 τούτων
3516 631 3581 704 δὴ
3612 631 3727 687 τῶν

474 725 715 778 mitatem
750 725 997 791 ﬁctionis,
1034 742 1138 795 qua
1191 726 1682 781 manifestabantur
1710 741 1775 781 ac
1802 727 2033 781 declara-

2157 728 2493 798 φαινομένων
2520 728 2600 790 εἰς
2652 727 2942 796 ἀναγωγάς
2966 726 3358 781 ἀνατείνεσθαι.

474 817 691 881 bantur,
751 818 914 871 simul
971 819 1140 873 movit
1193 820 1259 873 ad
1301 819 1633 888 ejuscemodi
1711 819 2269 887 inquisitionem,non
2298 821 2527 875 sinendo
2554 830 2789 874 mentem
2830 829 3067 875 nostram
3126 820 3212 882 iis,
3249 819 3447 887 quibus
3508 817 3720 872 descri-

471 918 756 981 bebantur,
790 916 973 985 ﬁguris
1028 917 1331 981 immorari,
1387 916 1480 971 sed
1529 916 1803 971 excitabat
1837 918 1903 970 ad
1938 916 2065 971 illas
2100 918 2429 981 renuendas,
2469 918 2845 986 incitabatque
2890 927 2951 972 ut
2985 918 3053 973 ab
3083 917 3197 983 his,
3224 931 3343 986 qua
3366 914 3727 985 apparebant,

478 1010 545 1061 ad
582 1024 874 1077 anagogus,
905 1010 1020 1061 sive
1046 1022 1242 1062 sensus
1294 1024 1321 1060 a
1386 1008 1618 1062 terrenis
1681 1008 2035 1072 abducentes,
2066 1009 2494 1062 intenderemus.

525 1104 647 1157 Haec
670 1106 736 1157 de
768 1093 1537 1157 istiusmodi'similitudinihus
1555 1105 1665 1157 sint
1688 1104 1853 1158 dicta.
1890 1104 2057 1159 Recte

477 1208 655 1249 autem
692 1196 808 1249 illas
840 1195 1243 1261 angeliformes,
1276 1211 1380 1248 non
1412 1196 1683 1265 angelicas
1715 1196 2044 1265 appellavit:

2230 1105 2477 1157 Τοσαῦτα
2543 1104 2641 1175 μὲν
2683 1103 2917 1174 εἰρήσθω
2950 1103 3077 1173 περὶ
3107 1102 3216 1154 τῶν
3246 1100 3499 1154 τοιούτων
3524 1102 3727 1170 ὁμοιω-

2162 1199 2365 1269 μάτων.
2430 1197 2625 1261 Καλῶς
2691 1198 2745 1251 δὲ
2804 1196 3197 1266 ἁγγελοειδεῖς,
3256 1195 3358 1246 οὐκ
3426 1190 3727 1261 ἀγγελικὼς

469 1304 572 1340 non
593 1288 734 1339 enim
755 1286 1235 1354 angelorum,sicut
1253 1287 1305 1339 in
1326 1303 1383 1339 se
1400 1286 1816 1355 sunt,imagines
1834 1286 2033 1355 depicta

2158 1288 2344 1345 εἶπεν·
2405 1292 2465 1343 οὐ
2518 1292 2626 1361 γάρ
2669 1289 2845 1343 αὐτῶν
2878 1288 2986 1341 τῶν
3042 1287 3287 1355 ἀγγέλων
3342 1285 3417 1348 ὥς
3472 1287 3606 1337 εἰσιν
3666 1281 3725 1336 αἱ

467 1388 611 1441 sunt,
636 1379 727 1430 sed
758 1376 1153 1430 elTormatiouis
1178 1395 1357 1431 rerum
1382 1379 1828 1447 incorporearum
1854 1393 2050 1446 quam-

2156 1386 2363 1448 εἰκόνες
2390 1386 2802 1456 ἀπεγράφησαν,
2857 1382 2969 1436 ἀλλ’
3000 1381 3233 1451 ἐμφασίν
3266 1396 3387 1432 τινα
3422 1376 3725 1437 είδοποιίας

468 1473 590 1521 dum
625 1470 861 1535 speciem
890 1484 1001 1537 pur.
1025 1486 1083 1523 se
1116 1469 1315 1523 ferunt.
1342 1470 1606 1523 Caeterum
1636 1470 1747 1538 jam
1787 1470 2033 1523 delinien-

2156 1476 2264 1528 τῶν
2298 1477 2602 1546 ἀσωμάτων
2658 1472 3116 1544 ἀπεμςραίνουσιν.
3185 1471 3343 1540 Ἑξῆς
3409 1469 3466 1523 δὲ
3512 1468 3726 1539 πρέπει

466 1562 590 1613 dum
622 1571 674 1613 et
710 1562 1094 1614 declarandum
1120 1601 1134 1624 ,
1169 1563 1296 1629 quid
1321 1577 1484 1631 porro
1512 1563 1796 1631 ipsammet
1827 1563 2040 1617 hierar-

465 1651 644 1705 Chiam
678 1666 799 1705 esse
828 1653 1193 1716 arbitremur;
1230 1652 1427 1721 quidve
1458 1654 1522 1707 ab
1568 1668 1629 1705 ea
1657 1654 1789 1706 lucri
1824 1654 2043 1721 capiant

468 1742 769 1795 hierarclue
794 1759 858 1797 ex
890 1744 1061 1797 sacris
1089 1745 1438 1797 caeremoniis
1467 1743 1869 1814 mysteriisque.
1917 1741 2041 1797 Uti-

466 1851 587 1887 nam
621 1845 799 1888 autem
856 1836 997 1888 viam
1034 1845 1247 1887 sternat
1297 1835 1568 1901 Christus,
1607 1835 1651 1889 si
1679 1836 1807 1889 mihi
1845 1835 1927 1889 fas
1958 1835 2029 1888 sit

464 1925 667 1986 dicere,
728 1940 901 1987 meus,
940 1928 1346 1993 appropriamlo
1403 1926 1531 1979 mihi
1568 1927 1710 1994 quod
1739 1941 2037 1979 commune

462 2023 566 2071 est,
601 2012 695 2082 qui
740 2014 1009 2067 universae
1039 2013 1397 2067 sacerdotalis
1441 2012 1808 2066 institutionis
1838 2022 1923 2066 est
1951 2013 2036 2066 in-

463 2108 687 2173 spiratio
743 2106 1121 2180 traditioquel
1156 2105 1234 2158 Tu
1286 2119 1458 2167 vero,
1514 2104 1584 2157 lili
1643 2105 1907 2174 (loquitur
1966 2107 2032 2158 ad

464 2194 1185 2263 Timotheum),secundum
1260 2196 1391 2265 legis
1441 2207 1639 2250 nostrae
1697 2198 2042 2251 traditionem

462 2286 668 2353 (sancta
719 2287 863 2339 enim
899 2287 1148 2356 sanctis),
1185 2288 1449 2356 ipsemet,
1510 2296 1571 2340 ut
1614 2297 1804 2342 sancta
1862 2289 2040 2352 decet,

462 2388 516 2429 et
560 2392 663 2429 non
705 2387 919 2430 terrena
957 2379 1172 2431 ratione
1233 2379 1381 2441 audi,
1421 2379 1471 2431 in
1528 2380 1902 2447 explicatione
1955 2395 2041 2435 re-

464 2482 579 2518 rum
616 2468 1158 2523 divinarumdivinus
1186 2468 1398 2533 factus;
1434 2479 1598 2539 atque
1631 2485 1835 2524 arcana
1863 2480 2042 2525 mente

460 2573 579 2625 qua:
597 2570 781 2613 sancta
811 2569 962 2623 sunt,
990 2576 1017 2613 a
1043 2561 1287 2629 profanis
1352 2562 1487 2615 viris
1521 2562 1893 2625 abscondens,
1925 2571 2045 2616 tan-

460 2666 619 2719 quam
646 2651 932 2705 uuiformia
970 2652 1365 2721 simpliciaque,
1388 2654 1499 2723 28
1522 2664 1579 2707 ut
1602 2668 1721 2722 quae
1754 2656 2041 2708 verborum

458 2742 848 2809 compositione
901 2752 1064 2809 at1ue
1114 2742 1408 2796 involucris
1463 2743 1689 2797 minime
1754 2742 2038 2811 indigent,

460 2844 629 2887 tuere.
658 2833 894 2887 Observa
921 2842 1125 2897 autem,
1160 2843 1218 2887 ut
1254 2834 1585 2888 multitudini
1610 2834 2038 2889 uuiformitatem

458 2926 840 2994 subjunxerit:
885 2942 973 2981 res
1011 2928 1155 2981 enim
1189 2938 1388 2979 sanctae
1436 2928 1717 2991 uuilicaut,
1795 2926 2041 2995 profante

456 3033 586 3071 vero
608 3019 931 3073 distrahunt.
989 3018 1105 3072 Non
1147 3020 1292 3071 enim
1325 3033 1539 3087 mquutn
1569 3027 1674 3084 est,
1701 3020 1855 3089 juxta
1881 3034 2039 3073 sacra

459 3111 779 3179 Evangelia,
815 3110 1085 3179 projicere
1118 3113 1301 3181 porcis
1340 3112 1664 3181 spiritalium
1720 3113 2042 3181 margarita-

456 3220 573 3257 rum
600 3219 791 3271 purqu
821 3205 888 3256 ab
912 3204 1058 3257 omni
1089 3213 1307 3258 terrena
1330 3205 1711 3259 commistione
1744 3203 2040 3257 illustrem-

456 3311 561 3363 que
592 3295 963 3362 splendorem.
996 3293 1192 3350 Filium
1224 3311 1351 3350 vero
1382 3304 1541 3351 vocat
1590 3296 1891 3364 apostolum
1944 3296 2039 3349 Ti-

2147 1566 2509 1637 ἀερορίσασθαι
2577 1566 2670 1617 καὶ
2730 1563 3082 1633 διασαφῆσαι,
3138 1561 3191 1613 τί
3255 1560 3353 1631 μὲν
3401 1558 3570 1627 αὐτὴν
3620 1557 3727 1629 τὴν

2148 1657 2423 1729 ίεραρχίαν
2454 1652 2592 1709 εἶναι
2624 1655 2864 1726 οἰόμεθα,
2892 1655 2943 1706 τί
2976 1655 3032 1707 δὲ
3060 1654 3188 1725 παρ’
3224 1652 3392 1723 αὐτῆς
3431 1652 3497 1704 οῖ’
3530 1650 3727 1721 ἱεράρ-

2144 1768 2235 1819 χαι
2267 1750 2598 1819 ὠφελοῦνται
2647 1748 2735 1801 διὰ
2766 1746 2873 1799 τῶν
2905 1746 3064 1817 ἱερῶν
3093 1744 3325 1797 τελετῶν
3371 1743 3465 1796 καὶ
3504 1758 3723 1813 μυστη-

2148 1844 2301 1915 ρίων.
2353 1843 2476 1895 Εἴθε
2506 1842 2560 1893 δὲ
2596 1841 3007 1911 προοδοποιήσοι
3038 1836 3312 1917 Χριστὸςὸ
3341 1834 3492 1905 ὲμδς,
3530 1833 3725 1903 (είμοι

2147 1932 2306 1984 τοῦτο
2338 1931 2494 2002 θέμις
2530 1933 2726 1994 εἰπεῖν,
2765 1928 3173 1999 ἰδιοποιουμένῳ
3206 1926 3267 1979 τὸ
3299 1926 3521 1996 mm.)
3555 1926 3589 1994 ἡ
3623 1924 3727 1976 πά-

2147 2040 2245 2091 σης
2295 2022 2574 2093 ἱερατικῆς
2607 2020 2994 2081 καταστάσεως
3022 2019 3275 2071 ἐπίπνοια
3318 2020 3410 2070 καὶ
3439 2017 3724 2078 διάδοσιςῖ

2146 2116 2218 2167 Σὺ
2252 2114 2329 2176 δὲ,
2359 2106 2403 2164 ὦ
2432 2114 2549 2176 παῖ,
2587 2111 2742 2182 (φησὶ
2796 2111 2933 2181 πρὸς
2970 2109 3291 2185 Τιμόθεον,)
3318 2108 3459 2162 κατά
3492 2108 3592 2179 τὴν
3622 2107 3728 2159 τοῦ

2146 2206 2413 2277 ἡμετέρου
2449 2205 2613 2275 νόμου
2654 2204 2951 2274 παράδοσιν
2977 2202 3065 2273 (τὰ
3098 2202 3226 2270 ἅγια
3241 2200 3348 2272 γάρ
3369 2201 3480 2262 τοῖς
3508 2198 3729 2269 ἁγίοις)

2145 2295 2307 2359 αὑτός
2342 2314 2401 2348 τε
2453 2294 2799 2365 ἱεροπρεπῶς
2853 2292 3049 2363 καὶμὴ
3086 2289 3381 2361 χθαμαλῶς
3422 2290 3609 2351 ἀκουε,
3660 2291 3725 2340 ὲν

2149 2390 2345 2459 μυήσει
2392 2389 2499 2441 τῶν
2546 2390 2741 2441 ἐνθέων
2786 2387 3067 2457 γινόμενος
3097 2384 3297 2447 ἔνθεος,
3339 2384 3434 2435 καὶ
3469 2382 3727 2452 κρυφίως

2146 2476 2519 2549 περικαλύψας
2546 2478 2614 2530 τά
2646 2478 2775 2545 ἆγια
2810 2474 2948 2528 κατά
2976 2473 3098 2527 νοῦν
3131 2474 3194 2525 ἐκ
3223 2473 3329 2525 τῶν
3358 2472 3590 2541 ἀνιέρων
3619 2470 3706 2522 ἀν-

2143 2576 2317 2648 δρῶν,
2362 2578 2436 2634 ὡς
2464 2571 2667 2640 ὲνοειδῆ
2704 2570 2797 2622 καὶ
2828 2569 2975 2622 ἀπλᾶ
3031 2567 3125 2619 καὶ
3172 2566 3245 2637 μὴ
3282 2566 3510 2635 δεόμενα
3543 2564 3724 2631 λόγων

2146 2669 2443 2729 συνθέσεως
2468 2662 2810 2732 διαφύλαξον.
2870 2661 3011 2731 Ὅρα
3058 2658 3135 2720 δὲ,
3191 2657 3328 2728 πρὸς
3353 2655 3417 2708 τὸ
3444 2655 3725 2719 πληθύος

2140 2762 2202 2815 τὸ
2253 2749 2482 2825 (ir-031871
2546 2757 2788 2826 ἐπήγαγε
2814 2770 2828 2783 ·
2873 2752 2943 2805 τὰ
2997 2752 3091 2821 μὲν
3127 2749 3232 2820 γάρ
3277 2749 3406 2815 άγια
3437 2746 3721 2798 ὲνοποιεῖ·

2142 2849 2209 2902 τά
2257 2849 2314 2902 δὲ
2354 2846 2553 2918 βέϐηλα
2604 2843 3067 2899 διασκεδάννυσιν.
3127 2840 3203 2891 Οὐ
3241 2838 3349 2909 γάρ
3377 2837 3608 2896 δίκαιον,
3639 2834 3725 2898 ὼς

2140 2939 2210 2993 τά
2232 2940 2353 3011 ἱερά
2385 2956 2544 3008 φασιν
2575 2935 2902 3004 Εὑαγγέλια,
2930 2935 3009 2995 εἰς
3038 2932 3255 3003 χοίρους
3283 2929 3587 3001 ἀπορρίψαι
3610 2943 3725 2997 την

2138 3034 2247 3087 τῶν
2279 3033 2482 3103 νοητῶν
2518 3029 2871 3102 μαργαριτῶν
2924 3028 3098 3100 ἀμιγῆ
3143 3026 3243 3095 τῆς
3290 3025 3439 3077 κάτω
3510 3022 3722 3091 συγχὺ-

2142 3140 2277 3187 σεως
2309 3124 2401 3176 καὶ
2433 3122 2689 3193 λαμπρὰν
2723 3121 3074 3193 φαιδρότητα.
3130 3116 3304 3169 Παῖδα
3329 3114 3387 3166 δὲ
3432 3112 3577 3179 λέγει
3611 3112 3719 3163 τὸν

2140 3216 2435 3271 ἀπόστολον
2480 3213 2762 3284 Τιμόθεον,
2800 3211 2831 3283 ἢ
2866 3212 2941 3274 ὡς
2992 3206 3348 3280 προϐεϐηκὼς
3388 3206 3498 3265 τοῖς
3531 3202 3726 3255 ἐτεσιν

2139 3305 2311 3372 οὗτος,
2337 3308 2369 3379 ἦ
2403 3307 2489 3360 διὰ
2522 3306 2583 3358 τὸ
2626 3302 2939 3377 ἐρωτᾶσθαι
2970 3300 3099 3369 παρ’
3132 3298 3316 3359 αὑτοῦ,
3343 3297 3593 3349 κάκεῖνον
3620 3293 3710 3357 δν

458 3390 762 3450 mothcum,
789 3389 871 3442 vel
904 3388 1046 3457 quod
1075 3390 1232 3443 anuis
1252 3398 1393 3443 esset
1427 3389 1752 3458 provectior,
1792 3388 1873 3442 vel
1893 3387 2033 3456 quod

2144 3402 2430 3456 δάσκεσθαι
2457 3418 2469 3430 ’
2526 3395 2637 3469 εἶχε
2678 3398 2786 3468 γὰρ
2824 3393 3061 3467 μεγάλας
3086 3392 3185 3455 τὰς
3223 3390 3531 3461 ὲνοχλήσεις

456 3485 524 3537 ab
548 3483 743 3539 eodem
777 3494 998 3553 rogatus
1020 3492 1170 3545 esset
1206 3486 1319 3537 hare
1346 3485 1623 3537 edocere:
1662 3483 1935 3551 siquidem
1962 3484 2033 3536 illi

2144 3494 2252 3546 τῶν
2297 3495 2354 3545 ὲν
2393 3492 2568 3561 Ἰωνίᾳ
2606 3490 2929 3559 φιλοσόφων.
2982 3488 3051 3539 Ἦ
3083 3485 3209 3546 τοὺς
3241 3482 3338 3553 τὴν
3376 3479 3619 3533 ἀκακίαν
3655 3480 3723 3530 άν-

456 3592 677 3645 magnas
694 3577 880 3629 turbas
897 3576 1237 3631 lacessebant
1253 3574 1383 3628 Ionii
1401 3575 1736 3644 philosophi.
1767 3574 1863 3628 Vel
1876 3575 2033 3629 etiam

2144 3584 2405 3646 σκοῦντας
2465 3583 2659 3643 παῖδας
2711 3579 2967 3640 ἐκάλουν,
3032 3570 3214 3636 καθώς
3280 3588 3423 3633 τινες
3489 3568 3722 3621 παλαιοὶ

457 3668 777 3721 innocentiae
817 3668 1093 3721 studiosos
1128 3682 1328 3736 pueros
1386 3665 1679 3730 vocabant,
1719 3666 1858 3719 sicut
1907 3665 2037 3733 qui-

455 3762 578 3813 dam
609 3770 815 3814 veteres
854 3760 1080 3815 historia
1117 3760 1483 3825 tradiderunt,
1508 3759 1681 3827 ipsum
1715 3759 2039 3813 innocentiae

457 3851 612 3904 laude
644 3852 910 3906 celebrem
958 3852 1253 3907 exstitisse.

2141 3673 2414 3744 ἱστοροῦσι
2443 3672 2574 3727 περὶ
2598 3669 2785 3723 τούτου
2805 3708 2820 3721 .
2868 3668 2948 3719 ὅτι
2978 3667 3045 3736 τῇ
3076 3662 3286 3716 ἀκακία
3308 3656 3652 3723 ὲσεμνύνετα

2924 3896 2997 3949 γρί-

461 3967 3679 4005 MM

927 4087 1307 4177 CAPUT
1370 4089 1555 4174 ΙΙΙ.

534 4225 670 4286 Quid
720 4224 783 4275 sit
823 4223 1146 4289 hierarchia,
1193 4232 1245 4276 et
1290 4236 1532 4291 quwnam
1569 4219 1683 4289 ejus
1728 4220 1953 4273 utilitas.

2488 4066 3133 4157 ΚΕΦΑΛΑΙΟΝ
3203 4060 3331 4149 Γ’.

2211 4216 2270 4268 Τί
2293 4214 2461 4268 ἐστιν
2489 4212 2796 4333 ίεραρχίαὶ5
2799 4209 2897 4262 καὶ
2937 4208 3029 4274 τίς
3068 4207 3107 4275 ἡ
3155 4204 3305 4259 κατὰ
3334 4201 3641 4271 ίεραρχισν

2800 4296 2997 4333 maio.

2800 4296 2997 4348 νησις.

1756 4398 2090 4455 SYNOPSIS
2130 4399 2423 4456 CAPlTlS.

458 4522 497 4571 Ι.
540 4520 717 4585 Defiuit
748 4516 1334 4585 Iiierarcliiqm._eamque
1381 4511 1625 4585 trifqriqm
1646 4512 1837 4585 dividit.
1861 4516 1923 4564 ll.
1954 4514 2285 4585 Egsponitqujs
2302 4513 2367 4585 sit
2392 4511 2505 4585 (iiiis
2528 4510 2628 4563 sive
2672 4524 2843 4585 scapus
2873 4506 3257 4585 ﬁnierat-Chiae!
3282 4500 3719 4585 φισίξὶξμξηηςρψεξι

516 4565 895 4645 sudor—(linquo?
909 4565 1115 4645 (signa:
1137 4565 1360 4645 ostendit,
1379 4565 1716 4645 perfectionem
1737 4565 2129 4645 ejus__consi_siere
2151 4565 2201 4645 iri
2224 4575 2311 4645 Dei
2324 4565 2616 4645 imitatione;
2639 4565 2852 4645 ejusqu
2868 4571 3132 4645 functiones
3155 4565 3715 4645 esseal'expinre,

514 4630 917 4708 nure,_perlicere.
952 4642 1035 4689 ΙΙΙ.
1060 4640 1295 4708 Explicat,
1316 4630 1432 4703 quid
1452 4630 1688 4689 incumbat
1710 4630 1806 4688 (ain
1844 4635 1905 4688 iis
1925 4636 2007 4702 qui
2048 4637 2325 4701 expiantur,
2345 4630 2696 4697 illuminwdm",
2729 4630 3062 4700 p'erﬁéismtur,
3083 4646 3225 4698 quam
3245 4630 3459 4693 illis'qui
3489 4630 3714 4689 expiant,

516 4700 785 4755 illumiium't
805 4711 943 4764 tuque
964 4700 1234 4765 perﬁciam.

2062 4806 2172 4880 §l.

529 4975 622 5028 Est
652 4971 982 5032 hierarchia,
1025 4984 1145 5024 meo
1171 4970 1389 5038 quidem
1412 4969 1643 5039 judicio,
1680 4982 1834 5023 sacer
1864 4968 2022 5033 ordo,

2202 4970 2358 5022 Ἔστι
2378 4969 2475 5039 μὲν
2509 4968 2776 5039 ίεραρχία,
2795 4971 2916 5021 κατ’
2949 4967 3067 5037 ἐμὲ,
3100 4964 3253 5028 τάξις
3284 4962 3422 5034 ίερά,
3458 4962 3553 5013 καὶ
3584 4961 3715 5013 ἐπι·

456 5080 509 5124 et
540 5067 783 5133 scientia,
810 5076 865 5121 et
894 5067 1035 5119 actio
1060 5080 1178 5131 quae
1232 5064 1297 5116 ad
1352 5061 1800 5122 deiformitatem,
1850 5076 2026 5130 quan-

459 5173 570 5217 tum
601 5163 681 5215 fas
708 5170 812 5228 est,
868 5159 1098 5221 accedit,
1146 5166 1308 5224 atque
1359 5156 1537 5209 insitis
1595 5154 1696 5208 sibi
1764 5153 2028 5207 divinitus

457 5254 910 5311 illustratiouibus
964 5250 1317 5319 proportione
1344 5248 1581 5316 quadam
1604 5247 1670 5300 ad
1702 5245 1796 5298 Dei
1834 5246 2029 5299 subve-

455 5350 604 5404 hitur
625 5346 1000 5401 imitationem.
1025 5343 1193 5397 Porro
1237 5354 1301 5394 ea
1332 5354 1451 5408 qua:
1480 5338 1646 5394 Deum
1680 5338 1862 5400 decet,
1901 5337 2023 5404 pul-

455 5440 727 5500 chritudo,
754 5446 811 5491 ut
842 5434 1088 5506 simplex,
1121 5443 1179 5487 ut
1236 5434 1399 5489 bona.
1445 5440 1503 5485 ut
1533 5430 1688 5499 origo
1734 5429 2024 5497 perfecno-

457 5531 560 5590 nis,
594 5527 721 5581 nulli
773 5526 994 5581 omnino
1033 5534 1118 5579 est
1154 5522 1380 5577 admista
1420 5520 1877 5584 dissimilitudini,
1926 5519 2022 5573 sed

458 5637 554 5690 pro
582 5621 843 5689 cujusque
874 5618 1069 5671 merito
1107 5617 1330 5671 cuilibet
1356 5615 1534 5670 lumen
1569 5627 1725 5668 suum
1777 5612 2024 5680 imperti-

462 5725 569 5772 tur.
592 5723 648 5767 et
707 5713 760 5766 in
802 5721 1145 5767 sacramento
1194 5708 1558 5773 divinissitno,
1584 5707 1652 5760 ad
1703 5705 2022 5761 immutabiv

467 5806 636 5860 litatis
684 5818 793 5860 sum
823 5804 1053 5874 speciem
1089 5802 1529 5859 transformando
1577 5809 1940 5856 consummat.

2138 5060 2338 5129 στήμη,
2374 5059 2467 5111 καὶ
2506 5058 2756 5128 ἐνέργεια
2800 5056 2935 5127 πρὸς
2985 5056 3046 5107 τὸ
3092 5053 3321 5115 θεοειδὲς
3370 5052 3445 5113 ὡς
3484 5049 3713 5118 ἐφικτὸν

2132 5150 2564 5221 ἀφομοιουμένη,
2611 5150 2702 5201 καὶ
2732 5147 2867 5217 πρὸς
2896 5146 2995 5209 τὰς
3037 5146 3375 5215 ὲνδιδομὲνας
3415 5143 3551 5211 αὐτῇ
3588 5140 3713 5193 θεό-

2133 5244 2223 5297 θεν
2255 5243 2549 5314 ἐλλάμψεις
2598 5240 2871 5309 ἀναλόγως
2915 5240 3008 5292 ἐπὶ
3039 5240 3099 5292 τὸ
3128 5238 3456 5307 θεομίμητον
3504 5235 3714 5301 ἀναγο-

2136 5336 2290 5408 μένη.
2325 5337 2397 5388 Τὸ
2428 5335 2484 5388 δὲ
2519 5334 2821 5406 θεοπρεπὲς
2846 5333 3064 5395 κάλλος,
3100 5332 3176 5393 ὼς
3202 5328 3428 5391 ἁπλοῦν,
3458 5326 3533 5388 ὠς
3565 5328 3715 5393 ἀγα-

2130 5430 2253 5492 θδν,
2296 5429 2372 5491 ὡς
2421 5426 2838 5498 τελεταρχικὸν,
2891 5423 3089 5495 ἀμιγὲς
3150 5422 3246 5490 μέν
3307 5421 3423 5471 ἐστι
3473 5416 3712 5469 καθόλου

2131 5520 2310 5589 πάσης
2374 5516 2786 5588 ἀνομοιότητος,
2847 5510 3192 5584 μεταδοτικὸν
3262 5508 3319 5561 δὲ
3372 5507 3494 5559 κατ’
3543 5504 3714 5570 ἀξίαν

2130 5613 2344 5681 ἑκάστῳ
2406 5609 2500 5661 τοῦ
2557 5610 2757 5660 οἰκείου
2820 5604 2994 5673 φωτὸς
3019 5643 3033 5666 ,
3093 5601 3188 5653 καὶ
3248 5595 3594 5651 τελειωτικὸν
3645 5596 3711 5647 ὲν

2129 5704 2316 5771 τελετῇ
2370 5698 2622 5767 θειοτάτῃ
2684 5694 2826 5748 κατὰ
2879 5691 2977 5762 τὴν
3024 5690 3158 5761 πρὸς
3222 5688 3381 5741 ἑαυτὸ
3440 5685 3550 5738 τῶν
3609 5702 3704 5737 τε-

2130 5794 2402 5866 λουμένων
2440 5790 2770 5864 ὲναρμονίως
2811 5784 3227 5855 ἀπαράλλακτον
3267 5781 3576 5854 μόρφωσιν.
