3908 6232
194 341 294 400 155

1206 341 1295 397 DE
1327 338 1654 399 C(ELESTI
1687 339 2136 405 HIERARCIIIA,
2171 337 2327 395 CAP.
2370 338 2459 398 111.

3350 341 3454 400 166

1789 461 1962 537 gn;

257 626 475 688 Σκοπὸς
514 621 611 682 οῦν
647 626 932 699 ίεραρχίας
973 628 1122 680 ἐστὶν
1151 666 1166 690 ,
1210 629 1243 697 ἠ
1287 629 1427 700 πρὸς
1477 630 1612 683 Θεὸν
1644 669 1660 693 ,
1693 628 1770 690 ὡς

1943 624 2152 692 Scopus
2181 595 2722 696 igitttrvhierarcbiaz
2753 630 2874 686 est,
2924 620 3046 688 Dei,
3091 631 3291 691 quanta
3327 623 3451 680 ﬁeri

189 718 778 791 ὲ.φικτὸιι,ἀφομοίωσίς
799 737 860 773 τε
886 721 980 774 καὶ
1012 720 1224 784 ἓνωσις,
1250 721 1414 776 αὑτὸν
1447 721 1646 792 ἔχουσα
1682 727 1782 781 πά-

191 829 293 881 σης
337 813 497 882 ἱερᾶς
532 815 843 882 ἐπιστήμης
894 830 955 866 τε
982 815 1076 868 καὶ
1096 813 1376 886 ἐνεργείας
1403 815 1776 887 καθηγεμόνα,

189 903 284 958 καὶ
316 904 458 974 πρὸς
485 904 585 975 τὴν
631 902 796 958 αὐτοῦ
841 903 1120 977 θειοτάτην
1169 904 1500 975 εὐπρέπειαν
1547 909 1780 973 ἀκλινῶς

195 996 294 1065 μὲν
330 994 503 1065 ὁρῶν,
542 995 620 1058 ὼς
648 993 876 1049 δυνατὸν
909 996 968 1048 δὲ
1002 995 1473 1066 ἀποτυπούμενος,
1505 1000 1602 1051 καὶ
1647 1001 1777 1063 τοὺς

190 1084 392 1140 ἑαυτοῦ
435 1083 738 1152 θιασώτας,
777 1088 1068 1159 ἀγάλματα
1115 1087 1235 1140 θεῖα
1279 1087 1469 1152 τελῶν,
1542 1088 1782 1161 ἔσοπτρα

187 1180 234 1211 ’ί
265 1172 608 1230 διειδέστατα
627 1179 722 1231 καὶ
748 1178 1074 1249 ἀκηλίδωτα,
1101 1179 1326 1233 δεκτικά
1343 1179 1778 1252 τῆςλάρχιιρώτου

188 1269 283 1323 καὶ
319 1270 623 1342 θεαρχικῆς
650 1271 870 1334 ἀκτῖνος
889 1289 900 1298 ·
933 1271 1028 1324 καὶ
1058 1270 1158 1341 τῆς
1209 1272 1309 1342 μὲν
1331 1272 1672 1344 ἐνδιδομένης
1695 1273 1781 1327 αῖ-

188 1363 327 1434 γλης
366 1365 532 1436 ἱερῶς
560 1364 1024 1438 ἀποπληρούμενα
1043 1405 1057 1430 ,
1084 1366 1289 1438 ταύτην
1333 1369 1390 1422 δὲ
1422 1364 1575 1433 αὖθις
1609 1369 1779 1440 ἀφ’θὸ-

188 1470 296 1516 νως
327 1455 413 1517 εἰς
436 1453 509 1531 τὲ
532 1454 661 1524 ἑξῆς
684 1454 1092 1526 ἀναλάμποντα,
1125 1457 1270 1512 κατὰ
1297 1459 1425 1522 τοὺς
1449 1458 1778 1531 θεαρχικοὺς

190 1545 453 1616 θεσμούς.
467 1517 589 1644 [Οὐ⁷
606 1517 715 1617 γὰρ
745 1517 965 1616 θεμιτόν
996 1517 1115 1600 ἐστι
1138 1551 1252 1611 τοῖς
1284 1517 1778 1621 τῶν-ἱερωνῆτελεί
1819 1587 1821 1592 ι

188 1641 310 1700 ταῖς
332 1639 404 1702 ζ’,
436 1635 612 1707 ἣ“τοίς
638 1638 801 1708 ἱερῶς
824 1637 1188 1709 τελουμένοις,
1231 1641 1522 1712 ἐνεργῆσαί
1567 1659 1620 1694 τι
1650 1641 1780 1696 καθ-

185 1727 331 1791 όλου,
385 1729 539 1800 παρά
590 1727 689 1791 τὰς
721 1729 822 1798 τῆς
842 1729 1047 1793 οἰκείας
1078 1731 1428 1801 τελεταρχίας
1477 1732 1628 1804 ἱερὰς
1664 1734 1778 1786 δια-

186 1818 376 1882 τάξεις
403 1817 558 1892 ’.ἀλλ’
582 1819 704 1872 οὐδὲ
744 1819 1011 1891 ὑπάρχειν
1044 1819 1266 1892 ἑτέρως,
1300 1823 1349 1874 εί
1371 1822 1473 1892 τῆς
1506 1822 1775 1893 θεωτικῆς
1822 1835 1828 1868 ἰ

187 1909 366 1979 αὑτῆς
417 1909 652 1978 ἀγλαΐας
686 1911 952 1980 ἐφίενται,
983 1911 1079 1965 καὶ
1113 1913 1251 1983 πρὸς
1297 1912 1466 1984 αὐτὴν
1525 1915 1776 1986 ἱεροπρε-

184 2000 309 2064 πῶς
335 2001 386 2032 ⁷³
409 2000 815 2066 ἀποσκοποῦσι,
867 2003 963 2054 καὶ
1015 2003 1422 2058 ἀποτυποῦνται
1481 2004 1626 2058 κατὰ
1680 2004 1776 2076 τὴν

185 2092 424 2147 ἑκάστου
448 2093 562 2146 τῶν
602 2093 764 2164 ἱερῶν
810 2092 946 2147 νόων
997 2095 1308 2164 ἀναλογίαν.
1370 2096 1579 2149 Οὐκοῦν
1616 2097 1645 2148 ὁ
1690 2097 1780 2149 λέ-

185 2202 298 2253 γων
345 2187 665 2257 ἱεραρχίαν,
747 2186 899 2258 ἱεράν
956 2204 1080 2240 τινα
1141 2186 1369 2240 καθόλου
1425 2187 1780 2257 διακόσμησιν

184 2276 360 2346 δηλοῖ,
394 2277 586 2330 εἰκόνα
635 2278 736 2348 τῆς
792 2277 1448 2356 θεαρχικῆςγὼραιότητος
1467 2319 1482 2342 ,
1512 2280 1569 2332 ὲν
1595 2280 1780 2346 τάξεσι

185 2370 283 2422 καὶ
305 2372 654 2442 ἐπιστήμαις
696 2367 1158 2450 ἱεραρχικαῖς,ξτά
1187 2372 1288 2442 τῆς
1324 2372 1532 2436 οἰκείας
1586 2373 1783 2444 ἐλλάμ-

185 2461 335 2531 ψεως
361 2461 760 2540 ἱερουργοῦσαν
785 2455 1224 2535 μυστήρια,.ὶκαὶ
1262 2463 1401 2535 πρὸς
1438 2464 1538 2536 τὴν
1574 2465 1781 2518 οἰκείαν

184 2552 364 2625 ἀρχὴν
749 2554 1211 2625 ἀφομοιουμένην.
1259 2553 1539 2625 Ἐστιγάρ
1567 2554 1782 2624 ἑκάστῳ

185 2645 296 2697 τῶν
340 2645 634 2717 ἱεραρχίαν
677 2646 1110 2719 κεκληρωμένων
1154 2646 1531 2718 ἡτελείωσις,
1573 2647 1634 2700 τὺ
1660 2648 1779 2701 κατ’

185 2735 400 2788 οἰκείαν
463 2734 760 2803 ἀναλογίαν
810 2736 902 2788 ἐπὶ
949 2735 1011 2788 τὸ
1066 2736 1394 2808 θεομίμητον
1455 2737 1777 2808 ἀναχθῆναι.

185 2830 299 2883 Καὶ
324 2829 390 2882 τὸ
513 2829 735 2882 πάντων
756 2827 1048 2900 θειότερον,
1074 2829 1150 2892 ὡς
1173 2828 1242 2882 τὰ
1265 2829 1438 2898 Λόγιά
1460 2847 1613 2901 φησι,
1643 2829 1779 2885 Θεοῦ
1815 2857 1818 2860 ~

188 2920 461 2993 συνεργὸν
489 2920 772 2990 γενέσθαι,
805 2920 900 2974 καὶ
919 2921 1088 2988 δεῖξαι
1115 2921 1215 2993 τὴν
1240 2922 1398 2995 θείαν
1416 2923 1698 2995 ἐνέργειαν
1722 2927 1780 2978 ὲν

185 2991 370 3083 ἑαυτῷ
405 3010 556 3064 κατά
590 3009 652 3064 τὸ
675 3011 899 3064 δυνατὸν
919 2991 1523 3098 ἀναφαινομένηνΕΟἷον
1543 2991 1563 3076 ,ί
1596 3013 1781 3086 ἐπειδὴ

185 3103 344 3170 τάξις
393 3101 689 3174 ἱεραρχίας
732 3101 851 3154 ἐστὶ
873 3100 933 3154 τὸ
958 3102 1084 3164 τοὺς
1121 3099 1222 3170 μὲν
1247 3100 1628 3173 καθαίρεσθαι,
1655 3103 1782 3165 τοὺς

183 3194 242 3246 δὲ
269 3191 569 3263 καθαίρειν
598 3208 612 3221 ·
651 3193 742 3246 καὶ
775 3194 900 3255 τοὺς
927 3193 1026 3263 μὲν
1054 3192 1404 3263 φωτίζεσθαι,
1434 3193 1559 3257 τοὺς
1583 3193 1639 3246 δὲ
1667 3213 1782 3263 φω-

1882 725 2081 785 potest,
2113 714 2431 769 assitnilatio
2482 713 2904 782 coniunctioque
2939 729 2952 764 :
2989 727 3149 780 quem
3200 727 3323 766 cum
3356 715 3454 768 ba-

1880 809 2007 863 beat
2035 811 2212 864 omnis
2240 824 2409 863 sacra:
2435 815 2490 861 et
2513 807 2754 861 scientia:
2779 817 2833 858 et
2862 805 3196 872 operationis
3229 806 3448 870 ducem,

1881 904 1948 958 ad
1976 900 2508 966 divinissimumejus
2539 902 2786 953 decorem
2817 908 3131 952 constanter
3163 897 3447 964 intuendo,

1882 997 2132 1048 eumdem
2172 993 2348 1060 quoad
2403 1001 2581 1060 potest
2634 991 2908 1060 exprimit,
2946 1007 3044 1044 nec
3085 1005 3189 1045 non
3243 990 3454 1044 divinos

1886 1088 1968 1142 sui
2017 1097 2301 1140 consortes
2347 1100 2500 1138 sacra
2551 1085 2796 1153 quardam
2847 1082 3056 1150 perﬁcit
3130 1082 3446 1148 simulacra,

1879 1178 2206 1248 speculaque
2233 1177 2532 1232 clarissima
2581 1185 2635 1229 et
2683 1173 3028 1228 immaculata
3081 1188 3206 1238 qum
3249 1175 3447 1240 primi-

1884 1271 2005 1325 tivo:
2062 1271 2195 1323 lucis
2240 1283 2573 1335 surnmzeque
2595 1266 2814 1320 deitatis
2861 1265 3068 1318 radium
3121 1265 3451 1332 excipiant:

1879 1361 2035 1430 cujus
2057 1362 2228 1415 indito
2256 1361 2543 1428 splendore
2566 1374 2724 1412 sacro
2764 1358 2941 1426 plena,
2994 1358 3170 1412 denuo
3201 1359 3451 1412 eumdem

1879 1468 1944 1507 ex
1970 1451 2166 1506 divinis
2211 1451 2442 1519 legibus,
2478 1448 2530 1502 in
2577 1463 2642 1502 ea
2683 1463 2802 1517 quae
2830 1456 3148 1515 sequuntur,
3207 1450 3323 1501 sine
3373 1449 3456 1500 in—

1881 1545 2022 1598 vidia
2075 1541 2472 1596 transfundam.
2536 1540 2720 1610 Neque
2779 1542 2924 1594 enim
3001 1541 3080 1593 fas
3110 1548 3194 1593 est.
3272 1541 3450 1594 sacris

1883 1635 2304 1706 professoribus,
2340 1634 2420 1688 vel
2445 1633 2554 1702 29
2585 1632 2832 1695 initiatis,
2864 1632 3156 1700 quidquam
3227 1644 3455 1698 prorsus

1879 1727 2118 1797 operari,
2157 1727 2299 1797 quod
2328 1732 2470 1780 sacri
2501 1726 2583 1778 sui
2615 1726 2825 1777 ordinis
2856 1722 3221 1777 sacrosanctis
3257 1721 3458 1774 consti-

1887 1822 2188 1876 tutionilms
2217 1827 2510 1889 repugnet;
2561 1821 2668 1872 imo
2748 1833 2847 1871 nec
2912 1818 3101 1870 iisdem
3140 1817 3457 1879 dissentire,

1880 1913 1924 1968 si
1973 1914 2207 1967 divinam
2265 1911 2381 1980 ejus
2413 1920 2670 1980 appetant
2720 1909 3048 1973 claritatem,
3101 1918 3154 1960 et
3190 1909 3256 1961 ad
3308 1908 3456 1960 illam

1884 2013 2117 2068 sancte,
2178 2003 2253 2058 uti
2329 2003 2507 2068 decet,
2579 2001 2872 2071 aspiciant,
2923 2015 2988 2053 ac
3050 2014 3150 2068 pro
3195 1997 3457 2066 cujusque

1883 2110 2168 2150 sacrarum
2247 2095 2514 2148 mentium
2585 2092 2896 2162 capacitate
2971 2089 3456 2144 transformentur.

1883 2188 2067 2256 Itaque
2095 2187 2184 2256 qui
2216 2186 2581 2241 ltierarcltiam
2613 2183 2876 2241 nominat,
2909 2182 3198 2251 quamdam
3227 2183 3454 2236 omnino

1883 2295 2093 2334 sacram
2124 2279 2369 2345 designat
2396 2277 2828 2344 dispositionem,
2881 2275 2972 2328 Dei
3005 2274 3320 2344 principalis
3346 2273 3462 2341 pulo

1881 2371 2206 2428 chritu-liuis
2230 2371 2535 2440 imaginem,
2560 2368 2844 2422 ordinibus
2895 2367 3250 2433 scientiisque
3281 2381 3466 2420 sacro-

1883 2464 2310 2534 principalibus,
2381 2461 2760 2515 illustrationis
2815 2475 2925 2514 sua:
3004 2460 3262 2530 mysteria
3319 2448 3464 2512 celeé

1882 2557 2152 2619 brantem,
2180 2562 2340 2622 atque
2381 2553 2620 2622 proprio,
2647 2563 2908 2621 quantum
2945 2549 3026 2603 fas
3055 2559 3158 2610 est,
3191 2551 3464 2619 principio

1885 2643 2240 2699 conformem.
2287 2643 2498 2696 Etenim
2532 2641 2822 2710 cujuslibet
2873 2656 3060 2696 eorum
3111 2641 3202 2708 qui
3238 2656 3463 2694 sacrum

1882 2734 2128 2789 ordinem
2166 2733 2343 2786 sortiti
2370 2741 2518 2797 sunt,
2548 2733 2598 2785 in
2649 2733 2751 2788 ltoc
2791 2733 2893 2786 sita
2926 2731 3184 2801 perfectio
3205 2730 3468 2794 est,utad

1883 2827 2139 2889 divinam,
2160 2839 2256 2893 pro
2287 2835 2444 2893 captu
2471 2825 2704 2892 quisque
2778 2838 2895 2884 suo,
2933 2831 3313 2892 promoventur
3341 2822 3466 2876 imi-

1822 2913 1823 2916 “
1884 2916 2680 2986 tationem,quodquedivinius
2727 2913 3280 2982 estomnium,ipsius
3300 2914 3464 2968 etiam

1885 3007 2004 3080 Dei,
2031 3019 2086 3061 ut
2120 3006 2342 3075 Eloquia
2381 3006 2696 3074 loquuntur,
2731 3016 3055 3073 cooperator
3080 3004 3330 3065 exsistat,
3387 3003 3470 3056 di-

1883 3102 2169 3170 vinamque
2214 3101 2267 3152 in
2309 3099 2600 3167 semetipso
2650 3100 2983 3151 demonstret
3027 3110 3033 3115 ·
3075 3094 3468 3163 operationem,

1884 3191 2060 3262 quoad
2099 3198 2295 3260 potest,
2327 3187 2631 3242 elucentem
2662 3203 2676 3237 :
2708 3187 2906 3255 quippe
2925 3200 3046 3239 cum
3072 3185 3123 3238 in
3151 3186 3251 3239 hoc
3275 3185 3348 3238 sit
3375 3199 3470 3237 sa-

186 3286 364 3352 τίζειν
393 3303 408 3316 ⁸
453 3286 706 3349 καὶτοὺς
755 3284 854 3357 μὲν
893 3285 1162 3339 τελεῖσθαι
1190 3286 1260 3349 ⁷⁸,
1288 3287 1416 3349 τοὺς
1459 3285 1516 3338 δὲ
1569 3285 1779 3339 τελεσι-

1890 3296 1990 3337 [πίε
2020 3279 2430 3350 gubernationis
2512 3278 2669 3340 ordo,
2706 3286 2766 3328 ιιι
2817 3275 2976 3344 aliqui
3025 3284 3340 3345 purgentur,
3377 3273 3467 3327 alii

187 3381 434 3450 ουργείν,
492 3379 708 3447 ἑκάστῳ
727 3379 789 3432 τὸ
818 3377 1147 3449 θεομίμητον
1171 3379 1403 3450 ἁρμόσει
1453 3379 1593 3434 κατὰ
1633 3379 1783 3432 τόνδε

188 3470 542 3541 τῦντρόπον.
585 3471 649 3522 Ἦ
676 3469 796 3522 θεία
827 3470 872 3501 ⁷⁸
904 3469 1266 3542 μακαριότης,
1295 3469 1371 3533 ὼς
1403 3471 1459 3522 ὲν
1480 3469 1788 3540 ἀνθρώποις

191 3565 395 3626 εἰπεῖν,
415 3561 626 3633 ἀμιγὴς
644 3562 742 3633 μέν
760 3563 851 3615 ἐστ
865 3580 911 3615 ιν
925 3563 1144 3633 ἀπάσης
1159 3563 1556 3634 ἀνομοιότητος,
1579 3561 1790 3633 πλήρης

191 3655 250 3708 δὲ
288 3654 477 3724 φωτὸς
511 3655 706 3717 ἀϊδίου,
729 3652 909 3707 τελεία
948 3655 1042 3708 καὶ
1069 3653 1320 3726 ἀνενδεὴς
1343 3654 1561 3723 ἀπάσης
1588 3651 1791 3706 τελειό-

192 3763 384 3817 τητος,
431 3744 792 3814 καθαίρουσα,
849 3745 942 3797 καὶ
989 3744 1322 3813 φωτίζουσα,
1365 3743 1460 3798 καὶ
1484 3742 1793 3813 τελεσιουρ-

195 3837 377 3905 γοῦσα
408 3855 422 3867 ·
477 3836 677 3908 μᾶλλον
720 3836 777 3890 δὲ
832 3837 1100 3910 κάθαρσις
1152 3837 1293 3910 ἱερά,
1338 3839 1434 3890 καὶ
1477 3836 1788 3907 φωτισμὺς,

197 3931 296 3984 καὶ
323 3929 630 3993 τελείωσις,
663 3928 804 4001 ὑπὲρ
830 3928 1117 4002 κάθαρσιν,
1147 3929 1288 4001 ὑπὲρ
1316 3929 1451 3998 φῶς,
1483 3927 1793 4000 προτέλειος

200 4020 668 4092 αὑτοτελεταρχία
707 4021 788 4085 ⁷⁸,
831 4021 927 4073 καὶ
1001 4022 1183 4091 πάσης
1231 4021 1328 4090 μὲν
1389 4018 1669 4090 ἱεραρχίας
1703 4021 1790 4072 αἰ-

199 4115 293 4167 τία
312 4155 330 4176 ,
383 4113 587 4176 παντὸς
631 4112 687 4165 δὲ
741 4112 887 4184 ἱεροῦ
941 4113 1082 4167 κατὰ
1135 4111 1196 4166 τὸ
1245 4112 1512 4184 ὑπερέχον
1589 4111 1790 4184 ἐξῃρη-

207 4199 370 4271 μὲνηο

1892 3378 2119 3440 purgent
2155 3385 2170 3434 ;
2204 3368 2366 3438 aliqui
2395 3366 2785 3431 illumincutur,
2849 3365 2940 3418 alii
2968 3364 3270 3420 illuminent
3303 3380 3318 3430 ;
3345 3365 3472 3432 qui-

1894 3459 2017 3514 dam
2071 3458 2443 3526 perﬁciantur,
2510 3455 2749 3509 nonnulli
2803 3469 2932 3507 vero
2961 3454 3276 3522 perﬁciant;
3309 3453 3472 3506 modo

1897 3552 2091 3620 cuique
2113 3565 2212 3604 suo
2240 3549 2416 3602 divina
2447 3557 2708 3618 congruet
2763 3548 3011 3601 imitatio.
3079 3545 3264 3598 Divina
3300 3546 3474 3614 siqui-

1898 3644 2019 3697 dem
2053 3641 2344 3707 beatitudo,
2374 3649 2448 3716 ιιι,
2477 3655 2625 3711 more
2675 3640 2950 3693 hominum
3020 3636 3230 3705 loquar,
3276 3650 3473 3705 expers

1894 3743 1977 3788 est
2016 3734 2190 3786 omnis
2238 3715 2718 3793 dissimilitudinis,
2760 3746 2824 3784 ac
2894 3733 3048 3798 plena
3096 3727 3228 3781 lucis
3276 3715 3474 3796 sempi-

1895 3835 2084 3889 ternae,
2119 3823 2378 3892 perfecta,
2427 3822 2625 3877 nullius
2656 3822 2834 3890 indiga
2885 3819 3260 3888 pertectionis,
3304 3833 3471 3870 num-

1893 3917 2068 3978 dans‘.
2109 3917 2448 3979 illuminans,
2510 3930 2945 3979 consumntans;
2995 3913 3240 3982 quinimo
3289 3912 3469 3981 potius

1896 4011 2130 4079 ipsamet
2158 4023 2310 4062 sacra
2340 4007 2639 4068 mundatio,
2675 4018 2728 4062 et
2763 4006 3111 4071 illuminatio,
3136 4014 3188 4058 et
3215 4018 3474 4058 coosurno

1898 4103 2086 4166 matio,
2117 4115 2280 4170 supra
2309 4099 2740 4164 mundationem,
2775 4114 2938 4168 Supra
2989 4098 3186 4160 lucem,
3235 4111 3476 4167 pracper-

1900 4193 2063 4251 fecta.
2100 4208 2192 4261 per
2217 4207 2277 4246 se
2305 4191 2458 4260 origo
2479 4191 2860 4260 perfectionis,
2907 4201 3069 4259 atque
3136 4189 3314 4242 omnis
3354 4189 3474 4256 qui-

1901 4285 2021 4338 dem
2055 4284 2192 4338 sacri
2224 4280 2431 4336 ordinis
2472 4297 2634 4336 causa
2658 4323 2673 4346 ,
2718 4294 3089 4336 verumtamen
3121 4279 3189 4333 ab
3223 4279 3367 4332 omni
3417 4293 3476 4333 re

1903 4389 2058 4430 sacra
2119 4388 2213 4442 per
2242 4370 2622 4427 excellentiam
2659 4380 2909 4441 excepta.

1801 4520 1829 4592 ᾗ
1863 4517 1976 4584 111.

283 4693 411 4766 Χρὴ
434 4689 748 4762 τοιγαροῦν,
796 4689 875 4754 ὡς
914 4684 1090 4761 οἶμαι,
1134 4690 1262 4753 τοὺς
1316 4687 1414 4760 μὲν
1463 4685 1786 4758 καθαιρομέ-

1974 4684 2198 4752 Oportet
2230 4684 2416 4751 igitur,
2443 4689 2501 4736 ut
2534 4681 2793 4744 arbitror,
2851 4693 2950 4734 eos
3006 4682 3097 4747 qui
3147 4685 3477 4746 purgantur,

208 4805 339 4849 νους
365 4785 587 4856 ἀμιγεῖς
613 4780 987 4835 ἀποτελεῖσθαι
1029 4778 1285 4847 καθόλου,
1313 4779 1408 4830 καὶ
1433 4778 1614 4848 πάσης
1642 4777 1804 4846 ἠλευ-

210 4873 493 4948 θερῶσθαι
535 4874 637 4944 τῆς
659 4872 910 4944 ἀνομοίου
945 4870 1338 4942 συμφύρσεωςο
1390 4869 1519 4932 τοὺς
1553 4869 1610 4922 δὲ
1637 4885 1804 4937 φωτι-

211 4968 484 5041 ζομένους
507 4962 957 5035 ἀποπληροῦσθαι
984 4961 1079 5016 τοῦ
1112 4961 1255 5014 θείου
1280 4958 1478 5029 φωτὸς,
1504 4958 1640 5029 πρὸς
1668 4957 1807 5010 θεω-

214 5062 458 5135 ρητικὴν
511 5059 624 5124 ἕξιν
650 5058 748 5112 καὶ
785 5056 1013 5128 δύναμιν
1046 5058 1102 5109 ὲν
1131 5055 1427 5122 πανάγνοις
1449 5051 1570 5114 νοὸς
1599 5049 1805 5120 ὀφθαλ-

215 5156 347 5224 μοῖς
382 5149 752 5221 ἀναγομένους
777 5167 791 5179 ·
845 5149 970 5210 τοὺς
1006 5147 1062 5200 δὲ
1087 5145 1444 5216 τελουμένους
1476 5143 1544 5206 ⁷⁷,
1598 5144 1664 5196 ἐκ
1708 5141 1802 5196 τοῦ

212 5244 454 5308 ἀτελοῦς
514 5241 1033 5314 μεταταττομένους,
1088 5239 1352 5311 μετόχους
1396 5235 1648 5304 γίνεσθαι
1703 5235 1808 5304 τῆς

213 5355 333 5394 των
356 5335 806 5392 ὲποπτευθέντων
853 5333 1016 5404 ιερῶν
1068 5329 1415 5400 τελειωτικῆς
1464 5327 1803 5397 ἐπιστήμης.

1908 4793 2074 4847 puros
2106 4772 2240 4830 efﬁci
2293 4777 2540 4839 omnino,
2589 4783 2749 4840 atque
2799 4770 2949 4825 omni
3009 4767 3480 4823 dissimilitudinis

1907 4869 2286 4924 commistione
2325 4868 2582 4931 liberari;
2634 4880 2727 4920 eos
2779 4877 2912 4917 vero
2942 4863 3033 4931 qui
3097 4861 3481 4914 illuminantur

1909 4960 2093 5014 divino
2125 4960 2330 5014 lumine
2358 4958 2574 5028 repleri,
2632 4960 2698 5013 ad
2742 4953 3224 5022 contetuplatt’vum
3276 4958 3479 5004 statum

1909 5062 2071 5121 atque
2089 5053 2341 5106 virtutem
2367 5051 2686 5104 castissimis
2706 5048 2909 5122 (mentis
2931 5047 3109 5100 oculis
3137 5041 3480 5104 evehendos;

1910 5143 2150 5212 denique
2182 5158 2280 5196 eos
2339 5142 2428 5210 qui
2488 5141 2886 5211 perﬁciuntur,
2938 5139 3007 5192 ab
3069 5125 3484 5203 itnperl'ectiOne

1918 5235 2240 5297 translatos,
2277 5232 2496 5287 illorum
2551 5247 2673 5301 qua:
2727 5229 2957 5285 contuiti
3020 5237 3168 5292 sunt,
3204 5242 3482 5281 sacrorum

1912 5325 2224 5394 perlectivtc
2273 5325 2518 5398 scientiae
2542 5323 2837 5394 participes
2886 5319 3172 5375 exsistere.
3235 5315 3486 5385 Expiato—

1522 5479 1756 5536 VARIAS
1796 5477 2199 5537 LECTIONES.

297 5610 355 5691 ’ξ
376 5607 542 5698 131141ξι
553 5605 718 5698 ﬁgam

225 5686 423 5804 598.3:

230 5821 274 5856 "
317 5819 378 5876 S.
411 5817 490 5889 _P.
517 5815 587 5874 οξ
617 5815 1041 5888 τελειουμένους.

822 5621 902 5656 τε.
978 5604 1023 5634 ⁷³
1057 5603 1156 5657 Ch.
1195 5602 1256 5656 D.
1301 5600 1358 5654 P.
1483 5597 1782 5658 τελεσταῖς,
1819 5595 1903 5648 cui
1955 5593 2174 5648 lectioni
2211 5600 2427 5645 veteres
2446 5583 2835 5658 AaSlip-lll‘mzll‘ll:
2879 5580 3223 5658 interpretes.
3282 5573 3480 5658 f’nc'lt.

771 5643 794 5725 ἴ
823 5643 1451 5728 τελειοῦσθαι.ω⁷⁵“έὶιῖ.’
1944 5643 2271 5727 ἀῖέιῖιιᾷιιιι,
2311 5656 2543 5734 ἀρμὸσει
2563 5643 2674 5707 ’διὰ
2716 5651 2901 5734 τόνδεῃ
2915 5649 3007 5734 τὸν
3025 5643 3243 5734 ’τρόπον

732 5717 810 5809 ἓξ.
834 5717 1460 5814 ’ἐξῄεΐῇῗίιιῇυηξιιῆι
1666 5717 1998 5805 πρῖτθςειος,
2026 5717 2637 5790 νει-1ιιιιιειάὐτὸτέλειος,
2674 5724 2819 5794 quod
2869 5720 3064 5775 Scottis
3082 5717 3250 5774 etiam
3284 5717 3483 5772 reddit.
