3908 6232
458 326 562 385 16⁸1

1590 325 1648 384 S.
1688 322 1985 381 DIONYSII
2020 323 2488 382 AREOPAGITE

3618 325 3721 381 168

461 461 548 500 res
561 460 725 517 porro
746 445 897 498 decet
922 442 1232 513 praestantia
1259 442 1629 497 mundationis
1648 441 1786 495 alios
1805 440 2037 510 partici-

2141 441 2278 503 Τοὺς
2301 441 2358 493 δὲ
2400 439 2785 511 καθαρτικοὺς,
2844 437 3131 510 περιουσίᾳ
3161 437 3482 511 καθάρσεως
3508 439 3721 508 ἑτέροις

458 555 554 611 pes
588 537 812 593 reddere
836 537 1068 607 propria:
1092 536 1343 607 puritatis
1368 552 1384 600 ;
1415 534 2036 597 illuuiinatoresautem,

460 642 517 684 ιιι
548 630 639 699 qui
671 638 797 683 sunt
845 637 1054 682 mentes
1102 628 1530 697 perspicaciores
1568 639 1694 679 cum
1751 625 1818 677 ad
1859 623 2041 693 perci-

460 719 713 792 piendum
742 730 853 771 tum
885 718 950 771 ad
1016 717 1496 772 transfundendum
1557 716 1659 770 rite
1697 715 1881 769 lumen
1925 715 2040 769 ido-

464 826 615 874 neos,
646 824 743 863 nec
780 824 885 863 non
922 809 1223 862 luculenter
1257 822 1414 861 sacro
1456 807 1669 877 fulgore
1698 806 1910 877 plenos,
1939 822 2039 862 ex-

463 906 761 960 undantem
796 904 1040 971 undique
1082 903 1253 956 lucem
1318 902 1369 955 in
1402 917 1464 956 ea
1496 902 1691 972 dignos
1744 902 2036 965 derivare;

462 996 695 1066 denique
717 996 1074 1064 perfectores,
1098 1009 1195 1048 ceu
1223 993 1554 1062 perficientis
1610 993 1912 1062 disciplinae
1943 1007 2038 1062 pe-

466 1086 784 1149 ritissimos,
846 1084 1109 1154 perﬁcere
1180 1083 1304 1137 illos
1355 1084 1444 1153 qui
1485 1082 1802 1152 perﬁciendi
1870 1090 2035 1146 sunt,

462 1179 834 1232 sacratissima
868 1177 1115 1231 doctrina
1151 1177 1397 1232 scientia:
1420 1176 1530 1245 30
1554 1192 1734 1229 rerum
1761 1190 2038 1229 sacrarum

462 1286 596 1339 quas
627 1271 997 1339 inspexerunt.
1025 1270 1264 1336 Quilibet
1292 1270 1458 1339 igitur
1484 1269 1804 1322 bierarcliite
1833 1268 2030 1322 distiu-

464 1365 662 1419 Ctionis
692 1366 848 1429 ordo,
882 1378 980 1432 pro
1029 1362 1249 1417 modulo
1291 1363 1521 1431 quisque
1554 1376 1653 1415 suo
1683 1361 1749 1415 ad
1786 1360 2035 1412 divinam

463 1458 749 1509 adducitur
793 1455 1265 1524 cooperationem,
1290 1468 1352 1507 ea
1388 1468 1485 1522 per
1536 1454 1626 1505 Dei
1664 1452 1895 1522 gratiam
1927 1453 2040 1504 vir-

465 1558 739 1616 tutemque
772 1548 1083 1615 perilciens,
1126 1560 1248 1613 quae
1294 1560 1522 1599 summa-
1569 1544 1767 1597 Deitati
1816 1554 2041 1599 natura-

464 1637 609 1703 liter,
638 1651 910 1707 supraque
951 1647 1202 1690 naturam
1263 1636 1471 1701 insunt,
1502 1647 1557 1691 et
1606 1638 1675 1691 ab
1717 1635 1903 1690 eadem
1943 1653 2039 1690 sue

464 1734 929 1803 peressentialiter
958 1740 1100 1796 aeta,
1155 1746 1254 1785 nec
1304 1747 1407 1785 non
1445 1732 1510 1786 ad
1564 1730 1884 1800 possibilem
1944 1730 2037 1785 Dei

2144 530 2484 601 μεταδιδόναι
2528 530 2629 600 τῆς
2656 530 2863 593 οἰκείας
2908 531 3243 600 ἁγνότητος·
3273 531 3401 592 τοὺς
3446 530 3502 583 δὲ
3547 548 3720 599 φωτι-

2142 625 2382 687 στικοὺς,
2430 624 2507 685 ὡς
2548 622 2938 692 διειδεστέρους
2984 623 3132 695 νόας,
3180 621 3271 675 καὶ
3314 622 3453 693 πρὸς
3488 623 3723 695 μετοχὴν

2140 716 2317 785 φωτὸς
2342 717 2438 769 καὶ
2458 717 2744 787 μετάδοσιν
2775 714 2993 779 οἰκείως
3020 692 3263 786 έχοντας,
3294 692 3387 767 καί¹
3412 692 3724 779 πανολϐίως

2139 811 2237 882 τῆς
2269 812 2419 882 ἱερᾶς
2466 811 2988 882 ἀποπληρουμένους
3049 810 3263 881 αἴγλης,
3305 810 3365 863 τὺ
3418 810 3559 863 κατὰ
3607 813 3720 864 πᾶν

2140 900 2318 953 αὐτῶν
2372 900 2782 972 ὑπερχεόμενον
2830 900 2967 968 φῶς,
3024 901 3105 961 εἰς
3146 899 3273 961 τοὺς
3312 897 3496 963 ἀξίους
3540 897 3722 966 φωτὸς

2140 994 2482 1064 ὲποχετεύειν
2501 1010 2514 1023 ·
2559 996 2687 1057 τοὺς
2714 994 2770 1046 δὲ
2794 994 3225 1064 τελεσιουργοὺς,
3261 992 3337 1054 ὡς
3367 993 3723 1061 ἐπιστημονι-

2140 1091 2269 1151 κοὺς
2312 1088 2412 1157 τῆς
2442 1086 2759 1156 τελεπικῆς
2796 1086 3154 1157 μεταδόσεως,
3180 1084 3355 1138 τελεῖν
3380 1086 3508 1149 τοὺς
3535 1085 3723 1137 τελου-

2145 1180 2338 1251 μένους
2365 1180 2411 1210 ⁷⁸
2442 1182 2507 1249 τῇ
2540 1179 2781 1249 πανιέρῳ
2803 1180 3000 1249 μυήσει
3022 1178 3123 1247 τῆς
3137 1177 3246 1229 τῶν
3272 1176 3723 1230 ὲποπτευϐέντων

2145 1272 2305 1344 ἱερῶν
2357 1274 2685 1342 ἐπιστήμης.
2764 1270 2974 1323 Οὐκοῦν
3025 1271 3227 1341 ἑκάστη
3271 1270 3369 1339 τῆς
3400 1268 3725 1339 ίεραρχικῆς

2140 1365 2553 1436 διακοσμήσεως
2606 1364 2779 1430 τάξις,
2829 1364 2971 1416 κατὰ
3015 1362 3111 1433 τὴν
3165 1361 3370 1414 οἰκείαν
3427 1360 3725 1428 ἀναλογίαν

2141 1457 2397 1522 ἀνάγεται
2448 1456 2584 1526 πρὸς
2606 1456 2702 1525 τὴν
2734 1454 2882 1507 θείαν
2911 1454 3250 1525 συνέργειαν,
3276 1456 3459 1506 ἐκεῖνα
3483 1451 3722 1505 τελοῦσα

2140 1549 2322 1618 χάριτι
2372 1548 2464 1600 καὶ
2489 1547 2751 1615 Θεοσδότῳ
2787 1546 3054 1616 δυνάμει,
3094 1545 3163 1598 τὰ
3186 1548 3252 1616 τῇ
3306 1545 3536 1616 Θεαρχίᾳ
3562 1561 3726 1613 φυσι-

2142 1640 2251 1702 κῶς
2299 1640 2390 1692 καὶ
2414 1638 2707 1710 ὑπερφυῶς
2739 1638 2926 1691 ἐνόντα
2955 1638 3021 1703 ⁷⁸,
3053 1638 3149 1690 καὶ
3181 1636 3317 1708 πρὸς
3361 1636 3529 1706 αὐτῆς
3554 1636 3729 1706 ὑπερ-

2141 1732 2336 1795 ουσίως
2359 1729 2635 1803 δρώμενα,
2694 1731 2957 1802 καὶπρὸς
3006 1729 3104 1800 τὴν
3154 1728 3382 1798 ὲφικτὴν
3431 1728 3540 1780 τῶν
3569 1727 3726 1796 φιλοι

462 1827 762 1880 amicarum
805 1826 1067 1879 mentium
1159 1824 1517 1879 imitationem
1556 1823 1879 1878 liierarcliia:
1909 1829 2037 1876 sunt

2141 1823 2277 1875 θέων
2301 1823 2435 1876 νόων
2468 1823 2700 1894 μίμησιν
2741 1822 3074 1894 ίεραρχικῶς
3111 1820 3493 1891 ὲκφαινόμενα.

461 1916 760 1972 declarata.

1636 2154 2176 2213 ADNOTATIONES
2222 2152 2576 2210 CORDERII.

545 2336 643 2392 [ibi
676 2336 977 2405 generatim
1001 2336 1241 2391 ostendit
1274 2338 1563 2398 rationem,
1589 2350 1693 2404 qua
1723 2335 1880 2392 nobis
1908 2336 1963 2391 in
1985 2333 2293 2391 caelestium
2325 2332 2805 2404 spiritualiumque
2830 2344 3014 2385 rerum
3041 2327 3405 2399 cognitionem
3426 2328 3728 2384 devenien-

465 2409 589 2462 dum
618 2408 711 2470 sit,
739 2408 804 2458 ad
836 2408 1153 2461 liierarcbiae
1183 2408 1380 2460 transit
1408 2405 1855 2475 explicationem.

537 2478 566 2549 ᾗ
596 2476 634 2530 ι.
676 2479 753 2530 Ac
801 2478 1033 2547 primum
1064 2477 1303 2549 quidem,
1336 2470 1620 2549 quid-ipsa
1648 2477 1739 2549 Δείι
1764 2476 2010 2549 deﬂuit.

2141 2490 2249 2529 :ens
2284 2470 2625 2549 ιμἜστιμ-μὲν
2658 2473 2941 2549 [ερᾳιρχίῳ⁸
2983 2482 3061 2525 est
3093 2471 3354 2549 _qui_dem__
3387 2470 3722 2549 hierarchia,

465 2540 599 2611 etei,
633 2540 864 2615 eamque
895 2540 1173 2601 distribuit
1197 2547 1247 2599 in
1278 2540 1547 2609 ordinem,
1584 2546 1866 2599 scientiam
1895 2557 1949 2601 et
1976 2547 2245 2600 actionem
2276 2561 2290 2608 ;
2320 2546 2371 2598 in
2403 2540 2596 2598 ordine
2622 2540 2879 2609 oﬂiciuni,
2929 2542 3253 2615 inscientia
3305 2540 3721 2615 discretionem,

469 2620 520 2671 in
556 2610 792 2671 aetione'
816 2617 1179 2671 ministerium
1211 2617 1509 2684 designans
1539 2634 1552 2681 ;
1589 2616 1989 2686 quibusgtribus
2015 2618 2167 2686 quasi
2202 2616 2471 2686 partibus,
2503 2616 2684 2669 omnis
2713 2626 2820 2686 tam
2851 2612 3096 2686 angelica
3144 2625 3308 2686 quam
3360 2620 3549 2664 nostra
3597 2610 3723 2686 hie-

468 2688 685 2743 rarcliia
735 2703 829 2741 seu
892 2688 1222 2755 gubernandi
1254 2681 1396 2740 ratio
1414 2681 1747 2739 continetur.
1788 2684 1948 2748 Nam,
1984 2681 2048 2739 ui
2078 2681 2223 2741 recte
2256 2685 2408 2753 Hugo
2440 2686 2505 2737 ad
2544 2687 2689 2739 hunc
2723 2681 3076 2755 locum,’sine_
3106 2681 3333 2755 ordine,
3364 2681 3723 2755 prmsumptio

466 2770 547 2812 est
582 2760 767 2822 actio;
802 2751 919 2811 sine
945 2760 1159 2811 actione
1187 2757 1515 2826 negligentia
1556 2766 1642 2809 est
1670 2758 1809 2810 ordo
1837 2774 1849 2820 ;
1887 2759 2005 2826 sine
2028 2756 2255 2809 scientia
2288 2751 2436 2816 vero,
2470 2765 2523 2808 et
2552 2756 2696 2810 actio
2727 2752 3209 2826 reprehensibilis,
3235 2762 3290 2803 et
3314 2754 3448 2826 ordo
3482 2751 3721 2826 inu_tilis.

467 2827 633 2894 Τάξις
664 2819 871 2888 autem,
897 2842 991 2880 seu
1028 2831 1184 2889 ordo,
1216 2819 1299 2880 m1:
1335 2819 1473 2879 idem
1508 2836 1592 2880 est
1643 2828 1785 2894 quod
1815 2819 2033 2892 ἐξουσία

2144 2841 2155 2876 ι
2190 2837 2454 2894 potestas,
2487 2826 2554 2879 de
2583 2842 2690 2892 qua
2722 2819 2919 2877 Paulus
2951 2825 3016 2875 ad
3076 2825 3392 2894 Boinnxm.
3431 2824 3501 2894 I__:
3541 2819 3725 2894 ιζὰσα

464 2889 635 2966 With
667 2897 973 2962 ἐξουσίαις
994 2898 1428 2964 ὑπερεχούσαις
1448 2889 1886 2950 ὑποτασσέσθω
1911 2913 1925 2926 ’
1961 2898 2033 2949 οὺ
2077 2889 2380 2965 γάρ’ἐστιν
2421 2889 2693 2958 ἐξουσία,
2729 2897 2781 2966 εί
2816 2894 2902 2963 μὴ
2938 2894 3054 2947 ἀπὸ
3123 2891 3299 2966 Θεοῦ·
3331 2894 3394 2966 at
3431 2890 3499 2942 δὲ
3534 2889 3723 2943 οὖσαι

466 2962 738 3031 ἐξουσίαι
778 2967 894 3021 ὑπὸ
938 2962 1116 3020 Θεοῦ⁷
1149 2962 1495 3034 τεταγμέναι
1561 2968 1741 3018 εἰσίν.
1797 2967 1985 3019 Omnis

2146 2962 2231 3018 ma
2277 2968 2618 3033 potestatibus
2651 2962 3048 3018 sublimioribus
3078 2962 3291 3017 subdita
3351 2963 3415 3034 sit
3446 2974 3463 3011 :
3504 2977 3609 3034 non
3642 2972 3721 3014 est

469 3039 604 3091 enim
635 3048 891 3104 potestas,
919 3038 1021 3090 nisi
1044 3055 1074 3088 α
1095 3036 1198 3089 Deo
1226 3052 1246 3101 ;
1279 3031 1396 3105 ante
1433 3046 1604 3088 autent
1631 3052 1696 3103 po
1722 3046 1912 3088 estates
1943 3045 2087 3102 sunt,
2112 3051 2143 3086 a
2173 3031 2284 3087 Deo
2306 3037 2564 3088 ordinata!
2585 3047 2729 3092 sunt.
2759 3036 2856 3088 Ubi
2889 3035 2994 3087 duo
3017 3034 3145 3087 dicit
3172 3031 3491 3105 Apostolus:
3514 3031 3718 3105 primo,

468 3102 764 3175 potestates
803 3122 924 3160 esse
961 3122 990 3159 a
1043 3107 1182 3171 Deo;
1210 3102 1467 3167 secundo,
1513 3102 1834 3176 easgcarere
1862 3105 2079 3176 ἀταξίᾳ,
2114 3107 2164 3158 id
2205 3114 2288 3158 est
2312 3105 2654 3176 confusione,
2689 3115 2744 3158 et
2791 3120 2915 3159 esse
2946 3115 3095 3176 Aapto
3144 3106 3340 3176 ordine
3382 3102 3722 3176 distributas

469 3170 525 3231 et
556 3179 939 3231 subordinatas
964 3194 993 3228 a
1029 3178 1135 3230 Deo
1174 3170 1259 3231 vel
1302 3176 1402 3228 sub
1435 3176 1563 3228 Deo.
1621 3175 1800 3228 Prima
1836 3170 2359 3243 itaque'liierarcliia
2398 3184 2480 3228 est
2512 3184 2751 3244 potestas
2779 3170 3112 3235 Divinitatis,
3138 3187 3260 3240 quze
3289 3172 3489 3226 dicitur
3510 3170 3721 3241 ταξαρ-

468 3250 592 3318 χία;
647 3248 882 3302 secunda
915 3256 968 3301 et
1023 3248 1199 3318 media
1244 3256 1323 3299 est
1387 3245 1653 3315 angelica,
1684 3254 1739 3297 et
1767 3246 1967 3299 dicitur
1998 3245 2382 3314 διακόσμησις,
2416 3246 2609 3318 idest,
2645 3246 2947 3310 adornatio,
2987 3244 3497 3318 adsimilitudinem
3526 3258 3724 3310 prima:

470 3313 752 3386 potestatis
799 3318 965 3383 facta,
1001 3324 1056 3370 et
1083 3317 1183 3370 sub
1230 3317 1400 3385 prima
1433 3313 1707 3384 potestate
1735 3318 2025 3369 constituta
2056 3332 2069 3381 ;
2116 3313 2273 3368 tertia
2303 3325 2359 3369 et
2384 3315 2572 3368 ultima
2604 3318 2977 3386 estliutuana,
3007 3316 3073 3367 ad
3116 3313 3526 3386 similitudinem
3552 3328 3724 3381 ange-

470 3384 591 3442 Lca:
625 3388 793 3451 facta,
822 3396 873 3440 et
920 3387 1020 3440 sub
1052 3401 1114 3439 ea
1144 3384 1462 3449 constituta,
1498 3396 1549 3439 et
1575 3400 1671 3453 per
1702 3399 1821 3438 eam
1868 3388 1966 3439 sub
1994 3388 2165 3454 prima
2224 3393 2280 3438 et
2332 3401 2611 3453 suprema.
2686 3384 2848 3438 Hisce
2912 3384 3239 3438 liierarcliiis
3289 3392 3430 3436 totus
3478 3393 3722 3435 mundus

470 3462 824 3528 gubernatur.
858 3458 1035 3510 Prima
1066 3458 1228 3525 igitur
1249 3458 1543 3510 secundam
1557 3466 1622 3528 et
1650 3456 1863 3528 tertiam
1891 3456 2253 3528 liierarcbiam
2286 3465 2407 3523 post
2434 3471 2491 3509 se
2515 3456 2817 3528 constituit
2839 3456 2906 3528 in
2936 3455 3144 3528 angelis
3185 3464 3251 3528 _et
3273 3454 3623 3528 liominibus,
3659 3462 3721 3504 ut

470 3524 517 3583 ei
546 3529 851 3582 conformes
877 3535 1058 3581 essent
1081 3524 1494 3596 participatione
1520 3526 1754 3596 virtutis,
1780 3536 1832 3579 et
1852 3526 2256 3592 cooperatrices
2287 3526 2563 3579 consortio
2597 3526 2881 3596 potestatis
2915 3546 2927 3580 :
2958 3524 3225 3596 etdivisit
3251 3526 3392 3579 dona
3424 3524 3715 3587 virtutum,

471 3607 525 3652 ct
560 3602 857 3653 secundum
908 3595 1205 3651 divisidnes
1253 3599 1537 3659 donorum,
1567 3595 1843 3650 distribuit
1900 3596 2070 3650 ollicia
2103 3606 2433 3665 potestatum
2463 3610 2477 3659 ;
2502 3604 2557 3650 et
2599 3595 2754 3650 dedit
2789 3599 2928 3650 dona
2980 3595 3233 3662 plurima,
3266 3605 3322 3649 et
3378 3599 3580 3665 multas
3610 3609 3715 3662 po-

472 3680 697 3723 testates
777 3669 1095 3728 constituit,
1153 3675 1207 3720 et
1271 3670 1455 3721 omnia
1509 3668 1647 3719 dona
1721 3671 1786 3721 de
1840 3683 1970 3733 uno,
2022 3663 2321 3720 et_omuia
2379 3666 2443 3717 ad
2491 3681 2676 3729 unum,
2706 3676 2761 3718 et
2813 3667 2867 3719 in
2919 3682 3027 3718 uno
3070 3667 3225 3733 juxta
3267 3663 3718 3718 illudzbivisioo

473 3755 563 3792 nes
611 3740 902 3807 gratiarum
941 3747 1095 3798 sunt,
1133 3739 1271 3789 idem
1330 3746 1506 3789 autem
1550 3738 1836 3807 Spiritus:
1896 3748 1943 3790 et
1986 3737 2267 3790 divisiones
2308 3736 2759 3789 ministrationum
2798 3748 2954 3801 sunt,
3015 3737 3149 3790 idem
3188 3746 3362 3791 autem
3401 3733 3663 3787 Dominus
3696 3745 3717 3783 :

470 3821 517 3861 et
556 3806 837 3861 divisiones
868 3809 1405 3877 Operationumsunt,
1435 3809 1575 3859 idem
1617 3822 1734 3861 vero
1774 3806 1937 3871 Deus,
1968 3808 2059 3877 qui
2098 3817 2347 3873 operatur
2396 3822 2572 3860 omnia
2602 3807 2659 3860 in
2709 3810 2949 3861 omnibus
2981 3807 3025 3861 ί.
3056 3809 3194 3862 Nam
3239 3822 3306 3861 ea:
3354 3808 3489 3876 ipso,
3530 3813 3582 3858 et
3620 3821 3722 3873 per

471 3880 664 3946 ipsum,
719 3889 766 3930 et
807 3879 860 3928 in
889 3893 1020 3944 ipso,
1048 3885 1103 3930 et
1133 3883 1197 3929 ad
1236 3875 1413 3944 ipsum
1446 3886 1569 3930 sunt
1593 3879 1769 3931 omnia
1795 3878 1845 3930 κ.

549 3948 644 4000 Est
673 3942 967 3999 liierai-cliia
995 3962 1144 3999 sacer
1168 3942 1319 4008 ord'o,
1364 3956 1468 4001 etc.
1500 3948 1703 4011 Quaarit
1730 3959 1951 4003 sanctus
2000 3946 2239 4001 Thomas
2267 3946 2319 4000 in
2348 3961 2385 4000 ιι
2420 3942 2575 4002 Sent.
2603 3986 2620 4012 ,
2647 3945 2776 4000 dist.
2805 3947 2858 4011 9,
2897 3962 2951 4001 a.
2989 3946 3044 4013 1,
3082 3957 3260 4002 utrum
3296 3948 3413 4003 haec
3440 3944 3717 4011 deﬁnitio,

473 4018 599 4071 data
648 4032 679 4070 a
713 4018 987 4085 Dionysio,
1015 4018 1465 4088 sitconvenieus.
1523 4016 1877 4085 Respondet:
1909 4020 2042 4072 Cum
2092 4018 2400 4071 bierarcliia
2447 4017 2719 4084 signiticet
2742 4033 2958 4072 sacrum
2992 4020 3283 4088 quemdam
3309 4018 3717 4086 principatum,

476 4089 528 4141 in
559 4088 707 4141 omni
733 4096 916 4139 autem
945 4086 1586 4159 principaturequiratur
1614 4090 1817 4155 gradus
1864 4089 2150 4159 potestatis
2171 4097 2226 4142 et.
2255 4089 2401 4153 linis,
2445 4089 2499 4141 in
2548 4102 2709 4141 sacro
2750 4086 3055 4158 principatu
3105 4100 3359 4156 oportere
3401 4088 3716 4159 bujustuodi

475 4173 633 4213 sacra
659 4171 778 4211 esse
808 4166 864 4208 et
893 4160 1098 4210 divina.
1120 4156 1342 4229 iEtideo
1370 4156 1510 4209 sicut
1548 4158 1600 4210 in
1634 4156 1882 4229 saeculari
1926 4160 2381 4229 principatutiuis
2404 4166 2513 4219 est,
2547 4168 2605 4211 ut
2632 4159 2905 4229 subjecta
2930 4156 3222 4229 inultitudo
3267 4160 3498 4229 paciﬁce
3530 4157 3719 4229 dispof

473 4238 636 4282 natur
662 4232 728 4280 ad
758 4229 955 4279 bonum
989 4245 1017 4280 a
1049 4225 1297 4296 principe
1324 4226 1591 4280 intentum
1622 4228 1786 4334 ήδιειιι
1826 4225 1976 4297 patet
1998 4230 2052 4281 in
2079 4225 2351 4291 exercitu,
2383 4230 2501 4298 qui,
2550 4236 2848 4282 secundum
2883 4225 3296 4296 Philosophum,
3326 4231 3616 4283 ordinatur
3645 4226 3716 4279 ad

476 4300 673 4334 lin-nun
698 4298 848 4334 lllll'i.‘
907 4298 1037 4334 εἰριιι
1073 4298 1137 4334 ml
1167 4296 1411 4334 nllimnnl
1440 4297 1598 4334 linum
1654 4297 1671 4334 \
1703 4315 1715 4327 -
1739 4300 1810 4334 ἰιει
1842 4309 2048 4334 nnnrlnl
2076 4299 2125 4334 in
2145 4314 2303 4334 uani-n
2327 4298 2631 4334 nrnu-innln
2650 4300 2805 4334 linmn
2829 4312 2947 4334 been
2966 4300 3411 4334 ueginu’loiinnan.
3429 4302 3493 4334 ml
3519 4299 3690 4334 “unum

475 4300 673 4353 bonum
698 4298 889 4369 ducis,
907 4298 1044 4351 sicut
1072 4298 1137 4350 ad
1167 4296 1411 4348 ultimum
1439 4296 1671 4369 lineml)
1703 4315 1716 4350 :
1739 4300 1811 4351 ita
1830 4296 2052 4369 oportet
2074 4299 2126 4351 in
2144 4314 2303 4352 sacro
2325 4296 2806 4368 principatulinem
2829 4312 2947 4354 esse
2964 4300 3412 4354 assimilatiouem
3427 4302 3495 4353 ad
3516 4299 3712 4351 Deum.

476 4369 631 4422 Hunc
656 4379 834 4421 autem
866 4368 1024 4421 linem
1055 4382 1159 4420 non
1186 4373 1418 4439 possunt
1447 4368 1620 4437 angeli
1643 4368 1932 4438 Const-qui,
1966 4370 2067 4423 nisi
2092 4384 2188 4438 per
2212 4370 2520 4422 ordinatam
2554 4379 2846 4432 actionem,
2877 4370 2946 4423 ad
2975 4384 3139 4439 quam
3166 4372 3403 4438 exigitur
3455 4368 3713 4425 ordinata

475 4449 737 4508 potestas,
770 4448 825 4491 et
846 4438 1073 4510 scientia
1096 4437 1367 4506 dirigens;
1397 4451 1453 4510 et
1491 4438 1611 4490 ideo
1643 4440 1695 4491 in
1722 4437 2039 4493 definitione
2088 4437 2411 4493 bierarebiae
2458 4442 2680 4507 ponitur
2729 4442 2885 4503 ordo,
2921 4437 3114 4509 in'quo
3150 4437 3481 4510 exprimitur
3505 4440 3715 4507 gradus

476 4507 870 4578 potestatis;et
902 4509 1142 4573 scientia,
1172 4517 1315 4560 srcut
1340 4507 1603 4578 dirigens,
1637 4517 1685 4561 et
1713 4512 1875 4575 actia,
1920 4512 2064 4563 sicut
2113 4511 2182 4563 ad
2209 4511 2370 4562 linem
2422 4510 2717 4572 inducens,
2764 4520 2813 4562 et
2865 4511 2957 4563 Dei
3013 4507 3332 4576 similitudo,
3384 4514 3527 4565 sicut
3587 4510 3716 4563 linis

480 4583 742 4632 intentus.
781 4577 914 4631 Cum
936 4589 1113 4645 autent
1147 4579 1270 4631 linis
1317 4577 1389 4630 sit
1415 4592 1578 4631 eausa
1608 4593 1918 4645 causarum,
1949 4581 2071 4634 ideo
2104 4581 2347 4634 detiuitio
2381 4594 2504 4647 qua:
2559 4582 2791 4633 sumitur
2819 4596 2883 4634 ex
2934 4580 3063 4645 line,
3109 4583 3395 4635 l'oruialior
3444 4590 3529 4634 est
3569 4578 3718 4633 inter

476 4664 669 4702 omnes
692 4649 1062 4713 definitiones,
1090 4658 1147 4701 et
1172 4647 1404 4701 medium
1433 4650 1817 4703 demonstrans
1844 4665 1939 4704 eas
1963 4667 1976 4715 ;
2018 4656 2074 4703 et
2123 4650 2246 4704 ideo
2291 4651 2380 4703 illa
2407 4651 2720 4717 descriptio,
2773 4652 3071 4705 hierarchia
3100 4660 3174 4704 est
3229 4656 3298 4704 ad
3323 4650 3494 4704 Deum
3532 4660 3716 4703 unitas

476 4726 527 4772 et
548 4719 864 4783 similitudo,
892 4729 976 4771 est
1003 4718 1156 4787 quasi
1196 4719 1464 4782 deﬁnitio,
1485 4734 1607 4787 qua:
1634 4731 1718 4772 est
1746 4723 1981 4774 medium
2012 4721 2502 4775 demonstrationis
2532 4738 2546 4773 :
2579 4724 2696 4774 inec
2754 4732 2963 4789 autem,
3010 4723 3309 4775 hierarchia
3348 4732 3425 4776 est
3466 4724 3619 4785 ordo,
3665 4734 3715 4773 et

485 4790 750 4861 scientia,
780 4790 1045 4861 etgactio,
1098 4791 1141 4842 si
1197 4789 1333 4841 nihil
1391 4792 1623 4861 addatur
1658 4829 1673 4855 ,
1721 4801 1806 4845 est
1853 4792 2017 4859 quasi
2064 4792 2545 4846 demonstrationis
2589 4792 2889 4858 conclusio,
2931 4794 3059 4861 quia
3123 4793 3352 4847 includit
3402 4792 3717 4848 essetin-alia

480 4859 749 4933 principia
798 4859 1133 4933 _Iiierarcliia:
1173 4876 1186 4910 :
1220 4861 1361 4912 unde
1416 4858 1705 4929 Dionysius
1759 4858 1889 4914 eam
1937 4876 2006 4915 ex
2062 4862 2320 4928 praedicta
2369 4864 2645 4917 concludit
2679 4879 2692 4915 :
2730 4865 2824 4916 sed
2879 4858 3011 4929 illa,
3074 4877 3196 4933 qua:
3243 4866 3421 4931 posita
3486 4872 3572 4918 est
3624 4865 3718 4917 hic

481 4927 921 5052 iphtiocapitis,
966 4932 1210 4999 perfecta
1254 4940 1363 4995 est,
1420 4927 1566 4996 quia
1611 4934 2025 5000 comprehendit
2063 4927 2412 5001 utramque,
2484 4939 2625 4986 unde
2671 4943 2750 4988 est
2791 4936 2946 5003 quasi
2996 4927 3391 4990 demonstratio
3443 4933 3720 5006 positione

481 5015 533 5052 tl
577 5014 759 5052 erens.

480 5014 759 5053 uiuerens.

551 5068 656 5139 31
677 5069 980 5150 Notandum
1003 5080 1203 5135 autem,
1223 5071 1364 5150 quod
1387 5072 1515 5123 ordo
1543 5070 2207 5150 duplicitersumipossit,
2232 5073 2611 5150 videlicet,g_ve‘l
2637 5075 3092 5150 secundumquod
3114 5078 3359 5134 nominat
3389 5093 3556 5132 unum
3587 5093 3718 5149 gra-

481 5141 607 5214 dum
637 5150 866 5214 tantum,
896 5142 1038 5195 sicut
1065 5156 1225 5214 v.7g.,
1255 5143 1346 5214 qui
1374 5153 1499 5214 sunt
1530 5146 1688 5195 unius
1712 5145 1931 5212 gradus,
1962 5141 2218 5198 dicuntur
2242 5146 2402 5199 unius
2426 5146 2676 5209 ordinis;
2703 5159 2759 5201 et
2784 5147 2867 5199 sic
2903 5141 3042 5201 ordo
3069 5156 3154 5202 est
3179 5162 3310 5214 pars
3340 5141 3664 5203 bierarcbia:
3699 5168 3714 5204 :

482 5211 566 5287 vel
592 5213 885 5287 secundum
919 5212 1221 5287 quoddicit
1265 5213 1585 5287 relationem
1622 5211 1742 5282 qua:
1770 5223 1855 5287 est
1899 5216 2040 5269 inter
2073 5216 2566 5287 diversosgradus,
2601 5225 2659 5270 ut
2703 5218 2845 5273 idem
2879 5217 2953 5270 sit
2978 5220 3121 5287 quod
3171 5211 3288 5287 ipsa
3319 5222 3634 5285 ordinatio;
3661 5233 3721 5274 et

482 5281 818 5363 sicsumitur
841 5284 997 5362 quasi
1028 5284 1309 5363 abstinete
1333 5299 1348 5337 :
1373 5292 1543 5363 atque
1575 5281 1678 5363 hoc
1710 5286 1870 5339 modo
1909 5288 2128 5363 ponitur
2159 5288 2223 5363 in
2243 5281 2560 5343 deﬁnitione
2607 5288 2962 5355 hierarchite;
2990 5281 3170 5361 primo
3191 5281 3387 5347 autem
3426 5292 3591 5347 modo
3621 5281 3720 5345 Vsu-

480 5353 649 5406 tuitur
677 5354 1008 5418 concretive,
1042 5362 1100 5406 ut
1121 5356 1194 5407 sit
1214 5353 1348 5407 ordo
1371 5354 1511 5407 idem
1536 5357 1680 5422 quod
1709 5370 1849 5409 unus
1876 5353 2079 5427 gradus
2106 5359 2417 5413 ordinatus.

559 5523 574 5549 ι
609 5507 777 5565 lCor.
832 5524 930 5575 ιιι,
961 5509 1016 5563 4.
1097 5510 1121 5549 ιι
1149 5509 1306 5568 Rom.
1336 5527 1389 5566 ιιι
1453 5511 1523 5567 ’56

1626 5510 1731 5570 ιιι
1762 5517 2052 5590 Metaphys.
2093 5524 2230 5573 text.
2260 5518 2343 5575 Ξοί

1758 5673 1987 5729 νΑιιιΑε
2028 5676 2429 5735 ιΕΟΤΙΟλΕδ.

590 5780 635 5812 ’⁸
669 5782 731 5836 D.
762 5781 1174 5854 τελειουμένοις.
1288 5788 1331 5818 ’³³
1371 5784 1446 5840 Si.
1494 5786 1643 5840 ὄντα.
