3908 6232
245 303 348 359 169
729 301 820 356 DE
850 301 1172 358 C(ELESTI
1209 300 1652 357 HIERABCHIA.
1689 303 1844 359 CAP.
1896 304 1982 360 lli.
2021 336 2088 344 —
2125 303 2470 360 PARAPHR.
2513 305 2970 361 PACHYMEBE.
3373 311 3475 366 170

312 419 341 489 ς
374 417 438 473 ιι.
467 417 726 493 Assignat
752 433 974 493 scopum
1003 417 1343 493 liierarchim,
1377 419 1484 493 qui
1524 425 1615 493 est
1657 416 1784 493 Del,
1809 421 1987 485 quoad
2021 420 2134 471 lteri
2179 423 2764 493 _pote_st,_assimilatio,
2796 438 2903 476 non
2935 423 3108 476 solum
3150 424 3204 478 in
3247 425 3470 493 virtute,

241 485 426 544 verum
448 485 617 565 etiam
651 488 704 540 in
740 485 1083 565 gubernandi
1108 485 1956 565 potestate.Siquidem_dignnm
1997 498 2137 565 erat,
2177 485 2548 565 inquitllugo,
2582 502 2638 565 ut
2672 485 2762 546 illa
2788 504 3043 565 creatura
3077 494 3273 548 divinat
3303 485 3479 565 parti:-

239 576 371 629 ceps
391 559 626 633 exsistat
650 561 934 633 potestatis
964 560 1020 633 in
1030 558 1388 633 dispositione
1410 571 1529 633 sua,
1559 558 1758 633 qugein
1792 575 1894 633 sua
1923 558 2626 633 coiulitioncsimilitudinis
2657 562 3130 630 participationem
3159 558 3471 633 acceperat;

237 626 603 701 ut’quzersola
647 630 714 682 ad
762 629 1171 701 similitudinem
1220 628 1534 701 Conditoris
1563 628 1644 680 sui
1677 626 1827 701 facta
1869 627 2071 701 fuerat,
2094 630 2214 701 sola
2249 630 2302 682 in
2353 646 2450 684 sua
2481 626 2829 687 ordinatione
2859 626 3171 701 'imaginem
3211 626 3474 692 retinerei

240 698 398 756 illius.
431 700 618 769 Neque
657 709 836 754 tamen
885 699 1160 770 particeps
1200 698 1486 766 potestatis
1515 710 1638 770 esse
1673 699 1970 770 potuisset.
1999 699 2104 751 nisi
2158 701 2311 768 prius
2339 716 2436 769 per
2466 706 2700 770 gratiam
2754 698 3169 757 consors—ﬁeret
3199 705 3424 760 virtutis
3455 724 3472 761 :

238 786 414 848 neque
441 767 564 824 cum
605 772 698 824 illo
723 767 902 839 posset
931 769 1072 838 quod
1101 770 1215 848 ipse
1241 778 1437 836 potest,
1474 767 1575 821 nisi
1604 768 1754 848 prius
1786 784 1851 821 ex
1882 769 1970 848 illo
1994 767 2621 848 essentnerereturiquod
2661 773 2776 840 ipse
2806 783 2928 848 est._
2954 772 3313 842 Omnipotens
3343 791 3476 848 ergo

237 837 500 896 Conditor
531 857 636 895 non
661 837 920 898 extranea
947 837 1302 908 usurpatione
1352 853 1528 908 neque
1573 837 1948 910 perfunctoria
1977 838 2342 907 appellatione
2389 837 2716 910 gubernator
2747 861 2773 895 a
2806 858 2864 897 se
2913 837 3221 910 factorum;
3253 848 3349 899 sed
3388 837 3475 900 iii-

237 914 342 966 sita
375 913 478 966 sibi
507 913 731 974 virtute,
758 924 814 966 et
843 911 1083 981 bonitate
1110 910 1296 962 inolita
1326 919 1525 981 cuncta
1572 909 1760 961 I'oveus
1790 923 1853 960 ac
1906 910 2178 973 nutriens,
2216 909 2409 978 regens
2441 922 2495 966 et
2529 915 2818 981 disponens
2850 913 3127 977 universa,
3155 909 3260 969 sub
3283 930 3343 969 se
3373 917 3474 971 do-

236 982 576 1054 minantibus
603 980 1275 1054 bouitatein‘etvirtutem,
1301 980 1596 1054 secundum
1628 993 1940 1054 mensuram
1981 981 2438 1054 participationis,
2473 993 2527 1036 et
2557 980 2846 1038 ministerii
2899 985 3192 1051 rationem,
3245 1000 3344 1054 per
3381 1002 3474 1042 0r-

235 1053 396 1108 dines
418 1063 476 1107 et
507 1054 710 1126 gradus
735 1051 1089 1105 multifariam
1115 1050 1469 1126 dispensavit.
1504 1050 1684 1126 Quare
1712 1048 1850 1100 bene
1879 1061 2064 1126 monet
2085 1050 2383 1126 Dionysius
2412 1054 2699 1106 maximam
2733 1055 2787 1107 in
2817 1055 3124 1126 hierarchia
3151 1048 3477 1111 subordina-

235 1127 440 1178 tionem
471 1119 796 1180 servandam
837 1136 975 1184 esse,
1014 1121 1451 1186 cavendumque,
1471 1135 1549 1192 pne
1574 1119 1696 1187 quis
1728 1132 1890 1192 supra
1928 1121 2155 1192 gradum
2185 1119 2238 1174 et
2268 1123 2514 1176 ordinem
2547 1139 2704 1177 suum
2749 1125 3042 1192 quidquam
3071 1135 3339 1190 attentet;
3375 1131 3474 1182 sed

233 1195 459 1250 cuilibet
494 1196 546 1268 in
583 1195 752 1263 gradu
785 1193 1087 1268 ordineque
1119 1204 1217 1268 suo
1268 1190 1600 1268 conandum,
1640 1199 1698 1268 ut
1727 1188 1780 1240 in
1833 1203 1892 1242 se
1939 1199 1995 1242 et
2049 1191 2172 1245 aliis
2201 1193 2438 1268 divinam
2469 1188 2791 1268 promoveat
2844 1188 3227 1268 imitationem,
3262 1188 3474 1268 Deique

231 1281 361 1320 cum
389 1259 682 1334 expianda,
709 1272 822 1317 tum
850 1259 1364 1334 illuminando,_t_utn
1388 1259 1741 1334 perficiendo,
1769 1269 2094 1334 cooperator
2111 1262 2362 1334 exsistat.
2379 1259 2555 1332 Atque
2584 1265 2702 1318 ista:
2723 1273 2852 1317 sunt
2876 1266 3287 1320 distributiones
3312 1259 3474 1321 iniui-

231 1352 388 1408 num,
419 1329 812 1408 descendentes
844 1335 910 1408 i_n_
931 1333 1136 1408 omnia_,
1161 1329 1358 1408 quibus
1386 1333 1501 1408 ipsa
1532 1329 1860 1408 participare
1893 1331 2092 1408 datum_
2116 1343 2200 1408 est
2230 1348 2258 1384 a
2284 1332 2446 1408 Patre
2468 1329 2746 1408 iuminum
2777 1333 2964 1408 (quem
2999 1336 3087 1408 hic
3111 1335 3470 1408 τελεταρχίαν

229 1415 287 1460 et
307 1403 795 1476 αὐτοτελεταρχίαν
819 1443 832 1468 ,
861 1404 913 1476 id
944 1404 1311 1476 estoriginem
1333 1400 1705 1476 perfectionis,
1733 1409 1785 1451 et
1809 1414 1903 1467 per
1930 1414 1989 1454 se
2002 1402 2278 1476 originem
2308 1404 2680 1476 perfectionis,
2703 1400 2882 1472 vocat)
2914 1414 2970 1458 ut
3003 1407 3224 1459 luceant
3255 1400 3322 1460 et'
3342 1400 3472 1460 iitu-

229 1478 476 1541 minent;
514 1470 758 1544 snbjccta
789 1474 1005 1544 quidem
1037 1473 1090 1526 in
1114 1470 1179 1544 eo
1203 1473 1344 1539 quod
1372 1470 1575 1532 lucent,
1604 1470 1744 1544 et_in
1780 1484 1844 1544 eo
1872 1472 2013 1544 quod
2047 1472 2382 1544 illuminant,
2408 1474 2658 1541 praelata.

302 1546 334 1619 ᾗ
369 1548 433 1600 ll.
464 1539 546 1619 'Ut
574 1539 740 1615 aiiqm’
761 1539 1068 1619 purgentur,
1099 1539 1198 1595 alii
1222 1552 1468 1610 purgent,
1506 1552 1611 1595 etc.
1641 1539 1948 1619 Occasione
1971 1540 2132 1608 hujus
2158 1539 2532 1619 locidisp—utat
2550 1553 2771 1619 sanctus
2797 1543 3032 1619 Thomas
3055 1545 3115 1619 in
3138 1560 3180 1598 II
3209 1544 3469 1610 Seium"

229 1612 479 1672 distinct.
511 1617 565 1682 9,
596 1612 993 1686 quast.1,’art_.
1025 1613 1081 1679 2,
1113 1624 1292 1686 utrum
1336 1627 1473 1686 unus
1511 1612 1738 1686 angelus
1770 1613 1940 1686 alium
1974 1622 2212 1686 purgeta-
2243 1613 2341 1686 Ubi
2398 1616 2680 1686 sciendum
2711 1618 2858 1686 quod
2902 1616 3176 1686 purgatio,
3227 1633 3351 1686 quae
3382 1628 3471 1672 est,

230 1689 286 1742 in
318 1679 560 1758 angelis,
598 1679 702 1758 non
738 1687 809 1740 sit
862 1682 1592 1758 a_b_innnunditia,_sed_(ut
1623 1680 1670 1758 §_
1697 1679 1731 1732 3
1761 1680 1980 1758 dicitur)
2022 1679 2538 1758 aldissimilitudinis
2560 1679 2935 1758 commistione
2986 1679 3082 1740 scit
3127 1679 3468 1752 confusione,

226 1759 307 1812 vel
341 1774 371 1809 a
396 1751 732 1819 nescientia,
761 1756 904 1825 quod
938 1753 994 1807 in
1027 1754 1169 1808 idem
1197 1753 1412 1825 recidit.
1447 1751 1710 1825 Confusio
1733 1751 2242 1825 euim__intetl_ectus
2267 1765 2353 1807 est
2383 1769 2448 1807 ex
2478 1769 2542 1807 eo
2569 1755 2712 1823 quod
2751 1756 2824 1808 sit
2863 1756 2915 1808 in
2941 1758 3181 1824 potentia
3214 1751 3468 1825 respectu

225 1830 494 1896 plurium,
522 1829 574 1881 in
603 1841 710 1895 quo
732 1821 1125 1896 dissimilis_est
1147 1839 1176 1876 a
1227 1824 1401 1896 primo
1429 1822 1733 1896 intellectu,
1799 1821 2246 1896 scilicet__divino,
2285 1825 2376 1896 cui
2413 1825 2572 1896 nulla
2587 1821 2956 1893 possibilitas
2975 1821 3331 1882 admiscetur.
3361 1828 3471 1882 Per

223 1891 412 1953 lumen
444 1891 580 1967 ergo
619 1891 916 1967 receptum
944 1911 973 1948 a
1006 1894 1119 1967 Deo
1159 1893 1433 1948 mediante
1465 1893 1742 1967 superiore
1767 1892 1978 1967 angelo,
2010 1891 2270 1967 liberatur
2295 1891 2808 1967 intellectus—angeli
2836 1896 3119 1951 inferioris
3143 1900 3211 1951 ab
3230 1900 3331 1952 hac
3362 1900 3470 1954 dis-

224 1963 604 2022 similitudinis
647 1963 1022 2038 confusione,
1046 1965 1396 2038 inquantum
1433 1963 1753 2038 terminatur
1800 1963 1867 2038 ad
1906 1978 2094 2038 unum,
2126 1964 2210 2017 cui
2242 1972 2389 2018 tanto
2420 1965 2614 2020 fortius
2644 1963 2888 2038 initiaret,
2915 1979 3118 2034 quanto
3151 1970 3322 2038 magis
3355 1968 3470 2022 elli-

224 2054 323 2092 cax
357 2049 445 2094 est
477 2039 528 2091 in
560 2038 798 2107 medium
823 2033 1170 2107 cognitionis.
1197 2034 1352 2107 Sicut
1381 2041 1526 2102 patet
1554 2033 1621 2107 in_
1643 2046 1729 2107 eo,
1760 2032 1852 2102 qui
1897 2033 2072 2107 nescit
2106 2045 2507 2107 quampartem
2557 2032 3005 2090 contradiCtiouis
3048 2032 3362 2107 eligatfsed
3385 2040 3473 2092 in-

222 2122 388 2164 vento
435 2109 618 2164 medio
668 2106 959 2174 probabili,
995 2105 1167 2174 magis
1201 2104 1268 2157 ad
1300 2119 1460 2157 unam
1519 2102 1754 2155 trahitur
1784 2124 1799 2174 γε
1827 2102 2132 2174 εεόλειιιόὶιο
2165 2102 2342 2158 medio
2380 2107 2827 2171 demonstrativo,
2855 2107 3108 2161 ﬁrmatur
3126 2102 3185 2162 in
3218 2107 3333 2167 illo.
3382 2111 3471 2163 Di—

223 2182 459 2234 cendum
493 2193 622 2248 ergo
652 2172 780 2231 cum
827 2177 951 2230 divo
979 2172 1187 2248 Tboina
1237 2189 1400 2248 supra
1437 2173 1793 2248 citat9,>quod
1825 2172 1988 2248 _actio_
2042 2187 2147 2248 non
2193 2175 2370 2244 possit
2411 2190 2531 2230 esse
2566 2177 2672 2248 nisi
2713 2179 3012 2232 secundum
3036 2179 3362 2248 exigentiam
3388 2181 3470 2234 rei

222 2252 377 2316 cujus
401 2261 490 2305 est
511 2243 655 2303 actio
684 2266 698 2302 :
723 2262 846 2301 cum
887 2255 1068 2300 autem
1113 2246 1422 2299 bierarcbia
1457 2245 1777 2316 perﬁciatur,
1822 2243 2162 2316 inscientia,
2196 2243 2268 2298 fut
2296 2260 2362 2298 ex
2411 2247 2723 2316 deﬁnitione
2781 2257 2948 2315 patct,
2987 2243 3202 2316 Oportet
3237 2262 3293 2302 ut
3326 2249 3472 2304 actio

223 2312 570 2374 bierarchica
601 2319 655 2372 in
682 2316 1045 2372 transfusione
1067 2312 1624 2387 scieiitizecoriSiStat.
1663 2312 1996 2387 Underdivus
2039 2315 2352 2387 Dionysius,
2387 2331 2508 2384 cap.
2545 2315 2598 2380 7,
2631 2312 2935 2385 dicit—quod
2975 2312 3244 2387 purgatio,
3270 2319 3471 2372 illumi-

224 2390 373 2443 natio
403 2399 462 2444 et
491 2390 778 2458 perfectio,
803 2389 875 2442 sit
913 2387 1109 2458 divina;
1138 2386 1378 2458 scientia:
1418 2385 1735 2452 assumptio.
1763 2385 1844 2458 Ad
1874 2384 2124 2458 scientia;
2146 2396 2325 2458 autem
2353 2388 2770 2458 acquisntiouem
2801 2384 3136 2458 concurrunt
3165 2391 3289 2453 duo,
3319 2389 3469 2442 scili-

223 2471 306 2514 cet
329 2454 588 2528 expufsio
613 2458 874 2514 contrarii
897 2472 991 2511 seu
1021 2455 1358 2528 privationis,
1393 2466 1449 2509 et
1475 2454 1873 2528 consummatio
1894 2454 2052 2528 .ejus,
2083 2455 2229 2509 sicut
2274 2457 2333 2508 tit
2362 2456 2524 2510 etiam
2557 2459 2608 2509 in
2656 2457 3013 2526 acquisitione
3045 2459 3331 2526 cujuslibet
3359 2461 3472 2513 for-

223 2545 341 2584 mae.
373 2525 656 2597 Quantum
687 2546 818 2599 ergo
849 2528 916 2581 ad
944 2525 1295 2599 remotionem
1327 2525 1668 2594 privationis,
1698 2525 2047 2599 estpurgatio
2077 2541 2095 2599 ί
2107 2536 2393 2599 quantum
2417 2528 2485 2581 ad
2513 2525 2848 2582 inﬂuentiatn
2891 2525 3133 2597 luminis,
3162 2539 3250 2584 est
3270 2530 3471 2584 illumi-

223 2596 412 2664 natioj
441 2611 500 2655 et
523 2596 788 2670 quantum
817 2601 883 2653 ad
920 2597 1281 2670 cognitionem
1311 2605 1752 2670 consequentem,
1783 2596 1833 2648 in
1873 2610 2034 2670 quam
2067 2596 2249 2670 dirigit
2286 2597 2468 2651 lumen
2489 2638 2503 2661 ,
2531 2599 2759 2670 sicutgiu
2791 2600 3035 2652 ultimum
3067 2596 3358 2653 terminum
3386 2608 3471 2653 est

222 2663 515 2740 perfectio.
543 2663 676 2725 Vide
703 2670 853 2740 plura
879 2663 1018 2740 apud
1051 2670 1112 2725 5.
1147 2667 1411 2740 Thomam
1443 2663 1605 2734 supra
1645 2665 1889 2740 citatum,
1915 2675 1968 2740 et
1998 2663 2050 2718 in
2079 2663 2261 2740 prima
2279 2678 2452 2740 parte,
2479 2684 2572 2737 qu.
2607 2666 2731 2734 108,
2762 2670 2850 2723 ubi
2879 2672 2943 2722 de
2974 2671 3236 2738 angelicis
3264 2669 3470 2723 illumi-

221 2735 538 2796 nationibus
562 2741 681 2795 fuse
701 2735 958 2808 disputat.
992 2739 1122 2809 Item
1152 2739 1204 2791 in
1243 2737 1635 2802 Quwstiouibus
1675 2735 1980 2804 disputatis,
2005 2746 2200 2804 quaest.
2236 2736 2289 2802 9,
2333 2736 2412 2791 De
2446 2735 2741 2808 cugnitione
2772 2735 3099 2809 angelorum,
3134 2744 3291 2794 artic.
3328 2741 3378 2806 1,
3410 2741 3468 2804 2,

217 2813 274 2876 '5,
306 2828 433 2881 qua:
465 2813 735 2867 habentur
767 2823 911 2866 tonio
945 2809 1055 2862 Vlll
1091 2808 1325 2877 Operutn
1358 2809 1544 2876 ipsius.

288 2876 431 2954 fill.
481 2884 734 2951 ExpOiiit,
766 2881 897 2950 quid
931 2883 1002 2934 sit
1032 2876 1277 2932 moueris
1308 2889 1415 2930 tam
1437 2892 1648 2954 eorum,
1678 2877 1771 2954 qui
1793 2876 2103 2954 expiantur,
2133 2876 2526 2954 illuminantur,
2561 2880 2939 2954 perficiuntur,
2971 2895 3131 2950 quam
3156 2896 3344 2936 eorum
3376 2883 3470 2950 qui

217 2947 475 3022 expiant,
506 2947 834 3014 illuminant,
863 2953 1150 3020 perficiunt
1179 2969 1201 3022 :7
1224 2964 1342 3018 qua:
1375 2951 1556 3022 omnia
1604 2964 1698 3018 per
1745 2950 1933 3022 lumen
1981 2947 2163 3022 fiunt.
2192 2951 2369 3017 Atque
2414 2952 2527 3005 haec
2557 2947 2641 3006 est
2669 2947 3005 3015 liierarcltia,
3028 2968 3191 3020 quam
3223 2947 3471 3006 summus

219 3018 523 3077 ilierarcha
576 3018 879 3078 secundum
901 3035 960 3075 se
980 3021 1256 3084 t'ounavit,
1278 3029 1333 3074 et
1357 3020 1456 3073 sub
1499 3035 1556 3073 se
1583 3019 1862 3074 constituit
1902 3018 2168 3072 dominari
2191 3028 2245 3072 et
2275 3034 2507 3087 praeesse
2531 3022 2586 3076 in
2613 3023 2870 3090 operibus
2891 3023 3024 3087 Suis,
3044 3018 3351 3077 secundum
3380 3039 3471 3076 or-

216 3098 378 3149 dines
401 3097 758 3162 consignatos
788 3093 887 3146 sub
917 3108 1026 3146 uno
1064 3091 1331 3158 principio
1381 3100 1440 3144 et
1478 3101 1746 3162 potestate
1780 3104 1929 3162 una:
1963 3103 1994 3140 a
2017 3104 2124 3162 qua
2153 3093 2331 3144 omnis
2360 3102 2598 3158 potestas
2617 3131 2633 3156 ,
2666 3103 2720 3146 et
2749 3094 2932 3162 omnis
2972 3099 3144 3148 virtus
3163 3133 3178 3157 ,
3206 3103 3264 3146 et
3288 3095 3472 3148 omnis

219 3165 316 3218 lux
335 3158 1315 3234 spirituaiiterlucens,etilluminans
1332 3158 1512 3215 omnia
1532 3160 1852 3234 spiritaliter
1882 3158 2329 3234 lucentia.Atque
2354 3165 2469 3216 hate
2498 3173 2603 3229 est,
2629 3161 2990 3234 inquitﬂugo,
3016 3172 3281 3234 creatura:
3306 3163 3472 3217 ratio-

219 3231 664 3290 nalis—celsitudo
708 3246 764 3288 et
786 3233 1090 3288 sublimitas
1114 3243 1169 3284 et
1192 3233 1426 3300 dignitas
1457 3231 1794 3303 admiranda,
1816 3231 1956 3303 quod
1990 3231 2253 3303 dominari
2283 3235 2554 3303 incruitgin
2584 3235 2840 3301 operibus
2864 3231 3092 3288 factoris
3117 3233 3223 3299 sui,
3243 3242 3470 3302 accepta

216 3306 422 3360 virtute
449 3308 518 3359 ab
549 3311 686 3374 ipso,
713 3316 766 3359 et
793 3315 980 3358 tenens
1009 3313 1332 3372 potestatein
1357 3317 1480 3374 cum
1509 3303 1646 3371 ipso.
1687 3301 1818 3368 Quae
1849 3300 2046 3374 virtus,
2091 3301 2352 3374 quoniam
2397 3300 2692 3357 secundum
2740 3318 3050 3358 mensuram
3078 3300 3387 3374 largitionis
3416 3313 3476 3358 et

214 3371 666 3444 participationis
688 3377 843 3430 varie
868 3371 1378 3442 tnultipliciterque,
1409 3373 1477 3426 ad
1513 3378 1764 3426 decorem
1805 3380 1862 3424 et
1882 3371 2348 3493 Pttlcbritudinem
2390 3389 2580 3427 eorum
2614 3389 2736 3442 qua!
2782 3374 3062 3444 Sapientia
3091 3371 3313 3428 oruavit
3333 3389 3470 3442 opo-

217 3463 362 3493 rum-
395 3449 470 3493 ah
499 3463 608 3493 una
643 3447 846 3493 virtute
869 3456 922 3493 et
948 3453 1212 3493 notestate
1238 3459 1343 3493 una
1374 3442 1746 3493 distribuitur.
1785 3456 1876 3493 mu
1905 3453 1972 3493 tae
2019 3444 2249 3493 virtutes
2277 3453 2334 3493 el.
2376 3453 2673 3493 Doteslates
2708 3446 2889 3493 multa:
2919 3445 3243 3493 etIiciuntur.
3273 3445 3378 3493 Sed
3401 3457 3470 3493 ne

217 3442 362 3513 rum,
395 3442 470 3501 ab
499 3463 609 3500 una
643 3447 846 3500 virtute
869 3456 922 3498 et
947 3453 1212 3513 potestate
1238 3459 1343 3496 una
1374 3442 1746 3508 distribuitur,
1785 3442 1972 3495 multa:
2019 3444 2249 3497 virtutes
2277 3453 2334 3496 et
2373 3453 2673 3512 patestates
2708 3442 2889 3498 multa:
2919 3445 3243 3500 efﬁciuntur.
3273 3445 3378 3498 Sed
3401 3457 3472 3498 ne

215 3532 443 3571 rursum
480 3518 773 3572 multitudo
801 3516 1040 3569 schisma
1071 3523 1293 3582 generet
1324 3528 1388 3567 ac
1421 3514 1766 3579 divisionem,
1790 3521 1846 3566 et
1890 3514 2181 3567 adversum
2228 3528 2288 3566 se
2329 3525 2530 3583 pugnet
2572 3514 2724 3570 orbis
2755 3517 3126 3570 dominatione
3169 3515 3467 3578 contraria,

217 3601 388 3640 unum
417 3589 746 3656 principium
773 3595 878 3648 est,
909 3595 963 3639 et
986 3591 1298 3656 moderator
1332 3599 1470 3637 unus
1499 3586 1741 3656 omnium
1764 3623 1779 3648 ,
1815 3597 1846 3635 a
1867 3596 1975 3651 quo
2000 3583 2200 3656 habent
2226 3585 2372 3652 quod
2401 3594 2547 3647 sunt,
2581 3595 2636 3640 et
2666 3587 2766 3640 sub
2796 3601 2905 3656 quo
2933 3586 3284 3639 moderantur
3323 3583 3473 3656 quod

216 3654 476 3723 possunt,
522 3654 854 3711 etreferunt
893 3657 963 3710 ad
1009 3655 1186 3723 ipsum
1221 3655 1556 3726 omnequod
1581 3655 1862 3720 cilicium;
1894 3663 1954 3706 ut
1983 3654 2168 3707 unitas
2197 3663 2419 3708 maneat
2445 3656 2499 3708 in
2528 3654 2886 3722 omnibus,'et
2917 3672 3020 3726 pax
3053 3667 3367 3726 perseveret
3412 3654 3472 3708 in

218 3743 394 3799 regno
419 3738 618 3784 cuncta
641 3727 882 3783 creantis
902 3735 957 3781 et
995 3726 1235 3796 regentis
1259 3725 1441 3780 omnia
1469 3724 1584 3780 Dei.

1214 4097 1320 4166 32
1356 4093 1835 4150 PARAPHRASIS
1865 4091 2316 4149 PACHYMERJE
2353 4092 2482 4162 (8').

290 4255 395 4332 5|.
447 4258 536 4312 Ἐν
589 4257 764 4329 τούτῳ
813 4258 891 4330 τῷ
935 4256 1213 4327 κεφαλαίῳ
1266 4259 1365 4327 τήν
1415 4274 1477 4309 τε
1522 4258 1833 4331 ἱεραρχίανι

1974 4254 2072 4326 §l.
2111 4255 2168 4310 in
2206 4255 2312 4308 hoc
2347 4254 2529 4323 capite
2579 4251 2948 4307 liierarcbiam
3001 4253 3209 4318 definit,
3251 4261 3306 4307 et
3351 4271 3469 4324 qua:

216 4352 487 4422 ὁρίζεται,
531 4351 626 4404 καὶ
652 4350 737 4413 τίς
780 4351 814 4421 ἡ
854 4349 1058 4418 ταύτης
1094 4348 1331 4418 ὠφέλεια
1373 4349 1630 4401 δείκνυσι.
1665 4351 1759 4418 Φη‹

1925 4347 2064 4418 iujus
2094 4349 2304 4404 utilitas
2324 4348 2397 4402 sit
2425 4345 2684 4402 ostendit.
2706 4344 2800 4398 Est
2825 4345 3008 4412 igitur,
3035 4347 3234 4414 inquit,
3263 4346 3468 4404 hierar-

216 4443 424 4504 τοίνυν,
459 4441 543 4494 ὃτι
575 4442 723 4494 ἐστὶν
755 4441 1022 4513 ἱεραρχία,
1055 4441 1130 4502 ib;
1153 4439 1266 4508 ἐγὼ
1290 4440 1452 4508 λέγω,
1485 4440 1636 4506 τάξις
1659 4441 1759 4511 ἱερέ

1927 4441 2026 4495 :hia
2059 4455 2180 4495 mea
2227 4442 2492 4496 sententia
2535 4455 2692 4494 sacer
2732 4439 2889 4503 ordo,
2928 4449 3090 4508 atque
3132 4439 3383 4507 scientia,
3413 4453 3470 4498 et

217 4535 317 4587 καὶ
369 4535 671 4604 ἐπιστήμη,
717 4534 812 4586 καὶ
854 4532 1121 4602 ἐνέργεια.
1169 4533 1324 4584 Ἔστι
1374 4533 1484 4603 γὰρ
1527 4532 1678 4595 τάξις
1712 4549 1760 4585 κε

1925 4533 2171 4601 iperatio.
2208 4533 2301 4588 Est
2323 4533 2522 4586 etenim
2555 4532 2687 4586 ordo
2733 4531 2897 4584 etiam
2940 4531 3207 4586 naturalis
3233 4535 3468 4600 numeri,

218 4625 434 4695 φυσικὴ
462 4623 605 4694 ἡτοῦ
651 4621 906 4694 ἀριθμοῦ,
941 4623 1016 4685 ib;
1060 4622 1120 4674 τὸ
1154 4621 1368 4692 πρῶτον
1406 4622 1499 4674 καὶ
1532 4621 1761 4693 δεύτεροι

1926 4634 1967 4676 ιι
1990 4625 2225 4692 primum
2259 4634 2313 4678 et
2355 4624 2672 4678 secundum.
2715 4621 2809 4676 Est
2853 4622 3015 4674 etiam
3052 4622 3186 4677 ordo
3215 4638 3283 4677 ex
3308 4625 3469 4678 insti-

221 4720 384 4770 Ἐστι
416 4715 570 4780 τάξις
622 4717 714 4768 καὶ
745 4716 778 4785 ὴ
812 4714 979 4780 θέσει,
1004 4711 1071 4788 ἦς
1100 4717 1163 4769 τὸ
1211 4717 1307 4787 μὲν
1364 4715 1696 4786 σωματικὸν,
1730 4713 1764 4766 ἁ

1928 4723 2044 4780 uto,
2078 4713 2173 4782 qui
2206 4714 2405 4783 partim
2437 4713 2656 4782 quidem
2680 4712 2963 4782 corporale
2995 4714 3125 4783 quid
3157 4723 3387 4784 spectat.
3411 4725 3471 4769 ut

213 4809 271 4859 αἱ
309 4807 592 4876 βασιλικαὶ
621 4807 785 4873 ἀξίαι·
821 4808 881 4860 τὸ
911 4808 968 4862 δὲ
1015 4809 1176 4879 ἱερὸν,
1212 4808 1287 4870 ib;
1334 4807 1600 4879 ἱερατικαὶ
1631 4823 1756 4860 κατα

1927 4804 2070 4873 'egiae
2097 4803 2390 4874 dignitates
2417 4820 2432 4868 ;
2474 4803 2670 4872 partim
2702 4817 2832 4857 vero
2860 4804 2988 4873 quid
3020 4819 3258 4869 sacrum,
3301 4815 3361 4860 ut
3385 4820 3470 4862 sa-

216 4899 464 4961 στάσειςο
517 4901 582 4969 ἢν
629 4898 693 4969 δὴ
726 4901 819 4952 καὶ
851 4901 1157 4971 ἐπιστήμην
1183 4899 1351 4969 λέγει,
1386 4900 1481 4953 καὶ
1506 4900 1759 4970 ἐνέργεια·

1928 4895 2205 4950 :erdotales
2253 4895 2712 4950 constitutiones:
2759 4911 2920 4964 quem
2969 4896 3210 4952 ordinem
3257 4913 3471 4969 quoque

213 4996 280 5048 ΕΞ
323 4995 398 5066 μὴ
433 4993 543 5064 γὰρ
585 4992 702 5046 καθ’
737 4993 850 5057 ἕξιν
879 4995 908 5047 ὁ
941 4995 1155 5065 σίδηρος
1205 4995 1572 5066 ὲκπυρωθείη,
1607 4995 1707 5047 οὐκ
1740 4995 1756 5046 ἑ

1924 4985 2188 5041 scientiam
2222 4987 2470 5040 nominat
2513 4995 2567 5040 et
2599 4988 2989 5056 operationem.
3021 4986 3130 5042 Nisi
3180 4989 3328 5044 enim
3355 4989 3467 5045 fer-

211 5090 306 5142 ἐπ’
342 5087 505 5141 ἄλλον
554 5088 651 5159 τὴν
681 5087 879 5142 καῦσιν
911 5088 1298 5159 πλησιάζοντος
1341 5090 1577 5160 δράσειε·
1625 5089 1720 5141 καὶ

1928 5094 2034 5133 'um
2060 5079 2173 5147 jam
2197 5078 2516 5132 habitudine
2562 5077 2791 5148 ignitum
2837 5080 2929 5144 sit,
2955 5095 3291 5150 nequaquam
3333 5097 3471 5137 sane

214 5181 297 5252 μὴ
341 5179 640 5251 φωτισθείη
681 5180 802 5234 καθ’
838 5180 1002 5248 ἔξινὸ
1051 5183 1310 5254 ἱεράρχης
1354 5181 1578 5243 ἄνωθεν,
1611 5180 1757 5234 coxa

1931 5171 1986 5233 d,
2020 5170 2107 5225 cui
2135 5168 2452 5239 applicatur,
2489 5170 2681 5226 adoret
2709 5189 2724 5224 :
2759 5171 2839 5226 sic
2884 5172 3046 5226 etiam
3077 5175 3333 5228 sacerdos
3354 5175 3471 5228 sive

209 5273 506 5344 ἑνεργήσοι
531 5272 736 5344 ἑτέροις
757 5273 846 5326 τὸν
873 5273 1168 5343 φωτισμόν.
1206 5273 1356 5326 Ἑπεὶ
1375 5271 1482 5344 γὰρ
1502 5275 1531 5325 ὁ
1555 5272 1752 5342 φωτίζιι

1923 5264 2218 5327 aierarclia,
2245 5264 2350 5318 nisi
2393 5263 2578 5319 habitu
2623 5280 2864 5334 superno
2911 5265 3075 5322 fuerit
3110 5267 3466 5331 illuminatus,

211 5366 358 5437 πρὸς
380 5365 478 5418 τὸν
501 5364 870 5437 φωτιζόμενον
890 5366 1125 5435 λέγεται,
1187 5367 1281 5419 καὶ
1305 5368 1334 5418 ὁ
1355 5365 1524 5418 τελῶν
1550 5366 1690 5436 πρὸς
1712 5365 1754 5418 τί

1929 5369 2250 5425 nequaquam
2276 5355 2458 5410 lumen
2496 5357 2619 5413 aliis
2653 5355 2878 5415 amabit.
2911 5358 3047 5414 Cum
3087 5362 3231 5414 enim
3270 5360 3472 5414 illumi-

207 5457 567 5529 τελούμενον,
598 5459 676 5521 ὡς
709 5460 738 5512 ὁ
777 5457 1046 5513 διδάσκων
1085 5458 1222 5531 πρὸς
1262 5459 1354 5511 τὸν
1396 5458 1750 5529 διδασκόμενο

1928 5463 2050 5505 ians
2077 5451 2146 5504 ad
2165 5448 2525 5505 illuminatum
2558 5449 2844 5519 referatur,
2871 5460 2927 5507 et
2955 5452 3178 5506 initiatis
3200 5452 3266 5505 ad
3295 5452 3471 5506 initia-

209 5551 305 5604 διὰ
328 5549 492 5604 τοῦτο
509 5549 573 5603 οὐ
597 5549 812 5619 λέγεται
839 5549 1000 5623 μόνον
1023 5551 1215 5620 ἑπιπή
1225 5567 1300 5620 μη
1318 5552 1351 5620 ή
1378 5551 1646 5622 ἱεραρχία,
1671 5549 1752 5602 ἀλ]

1926 5558 2046 5611 .um,
2075 5552 2131 5598 et
2160 5543 2358 5601 docens
2387 5545 2452 5600 ad
2481 5559 2603 5599 eum
2633 5545 2722 5613 qui
2753 5546 3004 5610 docetur;
3032 5543 3234 5600 idcirco
3263 5544 3469 5599 hierar-

289 5749 394 5819 (δ’)
440 5745 574 5802 Vide
595 5744 815 5800 Scholia
845 5743 902 5800 S.
934 5743 1179 5809 Maximi,
1214 5755 1342 5802 tom.
1381 5742 1445 5809 ll,
1477 5756 1595 5812 cap.
1628 5743 1680 5796 ὅ.

545 5840 816 5903 Parnm.
889 5841 1007 5901 Gn.
1051 5839 1158 5906 lli.
3113 5844 3150 5901 ti
