3908 6232
426 333 519 387 Hi

1546 327 1602 384 S.
1641 328 1939 386 DIONYSII
1982 328 2442 386 AREOPAGITA'I

3555 338 3660 391 172

422 451 543 503 cbia
576 462 679 501 non
722 446 893 501 solum
940 448 1190 510 scientia,
1220 448 1313 502 sed
1363 456 1416 501 et
1453 449 1702 518 operatio
1748 447 1984 516 appella-

2090 451 2179 502 καὶ
2210 449 2475 520 ἐνέργεια,
2504 448 2589 500 ἵνα
2632 447 2773 501 κατά
2803 448 2902 519 τὴν
2933 451 3129 521 ἑαυτῆς
3177 450 3289 514 ἕξιν
3321 454 3666 525 ἐνεργήσειεν

425 551 533 604 tur,
584 548 643 593 ut
687 540 981 595 secundum
1036 541 1274 595 habitum
1316 555 1473 593 suum
1504 551 1756 609 operetur
1780 540 1831 593 in
1863 539 1985 593 aliis

422 630 893 686 illuminationem.
942 631 1287 702 Quapropter
1332 632 1494 686 etiam
1537 632 1604 686 ad
1653 631 1985 686 deiformita-

422 730 534 779 tem
565 724 843 779 refertur:
888 740 1011 778 nam
1043 727 1340 780 secundum
1380 725 1578 779 inditas
1622 726 1722 780 sibi
1754 725 1984 781 illustra-

422 815 627 877 tiones.
658 830 754 882 pro
772 812 928 884 captu
960 830 1058 869 suo
1080 816 1144 869 ad
1172 816 1262 871 Dei
1293 816 1646 871 imitationem
1672 818 1981 881 adducitur,

425 910 552 964 dum
586 918 877 964 extraneos
905 908 1102 964 divina:
1129 909 1264 964 lucis
1296 909 1591 979 participes
1621 910 1811 963 reddit.
1839 909 1983 977 Quo-

423 999 570 1055 niam
609 1015 738 1069 ergo
766 1000 1074 1055 hierarchia
1106 1002 1391 1070 quamdam
1423 1001 1513 1055 Dei
1545 1001 1771 1056 formam
1802 1002 1984 1071 expri-

420 1092 541 1158 mit,
572 1093 838 1162 quomodo
882 1093 933 1147 id
978 1094 1071 1147 liat
1102 1094 1311 1163 pandit.
1346 1094 1434 1147 Illa
1479 1110 1598 1163 quae
1640 1094 1804 1148 Deum
1832 1094 1987 1149 decet

421 1183 770 1252 pulchritudo
802 1198 866 1238 ac
899 1193 1173 1250 venustas,
1210 1186 1278 1239 ab
1311 1186 1460 1240 omni
1507 1197 1718 1241 terrena
1750 1186 1987 1241 dissimi-

422 1274 647 1329 litudine
671 1284 878 1331 remota
908 1286 1025 1341 est;
1058 1275 1259 1330 nullam
1283 1276 1428 1331 enim
1460 1288 1580 1331 eum
1606 1278 1769 1331 rebus
1791 1278 1985 1347 genitis

420 1367 895 1436 participationem
928 1368 1135 1423 habet:
1162 1376 1273 1422 tum
1321 1360 1840 1438 quoniam‘simplex
1879 1376 1983 1431 est,

420 1458 536 1513 haec
569 1472 699 1513 vero
731 1459 915 1514 omnia
943 1459 1244 1529 composita
1272 1474 1337 1514 ex
1369 1459 1675 1522 elementis,
1708 1459 1793 1513 vel
1817 1469 1986 1515 mate-

419 1551 498 1605 ria
524 1560 579 1605 et
608 1551 780 1620 ﬁgura
813 1559 1100 1617 constant;
1143 1561 1255 1606 tum
1283 1553 1409 1621 quia
1448 1552 1589 1606 bona
1625 1560 1731 1615 est,
1762 1552 1869 1607 imo
1903 1554 1986 1621 ip-

420 1656 540 1696 sum
593 1643 833 1698 bonum:
873 1643 1073 1698 bonum
1123 1654 1303 1699 autem
1350 1644 1532 1698 omnia
1581 1653 1861 1713 appetunt,
1893 1646 1986 1701 sed

419 1733 621 1788 bonum
658 1748 764 1787 non
818 1733 1022 1803 appetit
1049 1733 1191 1788 aliud
1234 1749 1263 1788 a
1313 1748 1411 1789 se:
1452 1731 1663 1787 Numen
1700 1734 1877 1804 itaque
1903 1736 1986 1790 di-

2088 541 2175 591 ἐπ’
2207 539 2385 602 ἄλλοις
2407 539 2499 592 τὸν
2523 540 2819 609 φωτισμόν.
2844 541 2943 593 Διὰ
2965 541 3123 594 τοῦτο
3143 544 3236 596 καὶ
3260 544 3394 614 πρὸς
3415 545 3475 597 τὸ
3498 546 3667 601 θεοει-

2086 632 2173 695 δὲς
2197 631 2569 701 ἀφωμοίωται·
2596 631 2737 685 κατά
2768 632 2875 703 γὰρ
2891 632 2987 695 τὰς
3010 632 3344 704 ἐνδιδομένας
3371 635 3666 707 ἐλλάμψεις

2087 722 2361 791 ἀναλόγως
2391 724 2471 786 είς
2505 722 2866 794 θεομιμησίαν
2899 724 3174 793 ἀνάγεται,
3208 727 3266 778 ἐν
3312 728 3388 797 τῷ
3419 728 3665 798 ἐνεργεῖν

2086 811 2175 864 τὸν
2212 813 2487 884 φωτισμὸν
2508 815 2621 875 τοῖς
2653 812 2869 879 ἔξωθεν.
2911 814 3061 867 Ἐπεὶ
3087 818 3119 886 ή
3160 816 3406 887 ίεραρχία
3438 817 3573 889 πρὸς
3602 820 3666 871 τὸ

2087 902 2313 967 θεοειδὲς
2358 904 2732 974 ἀφωμοίωται,
2775 906 2907 977 φησὶ
2950 903 3067 970 πῶς
3116 906 3274 961 τοῦτο
3315 908 3542 977 γίνεται.
3592 911 3666 963 Τὸ

2086 994 2213 1064 γοῦν
2246 995 2543 1068 θεοπρεπὲς
2585 997 2679 1049 καὶ
2710 997 2827 1068 Θεῷ
2860 998 3067 1068 πρέπον
3100 999 3294 1063 κάλλος
3332 1000 3511 1071 πάσης
3534 1002 3666 1070 ἀφί-

2088 1110 2275 1146 σταται
2297 1093 2489 1163 γηῖνης
2525 1093 2926 1163 ἀνομοιότητος·
2952 1096 3013 1147 οὐ
3054 1097 3266 1167 μετέχει
3294 1098 3403 1170 γάρ
3440 1099 3575 1170 πρὸς
3595 1101 3665 1154 τὰ

2085 1184 2143 1238 ἐν
2162 1184 2387 1251 γενέσει’
2416 1184 2497 1237 ὅτι
2519 1185 2694 1238 ἐκεῖνο
2742 1184 2839 1256 μὲν
2882 1186 3107 1250 ἁπλοῦν,
3150 1189 3322 1242 ταῦτα
3359 1191 3416 1244 δὲ
3450 1191 3665 1244 ἅπαντα

2087 1274 2314 1329 σύνθετα
2346 1278 2411 1328 ἐκ
2435 1278 2733 1347 στοιχείων,
2766 1278 2799 1349 ἢ
2834 1278 2891 1344 ἐξ
2930 1278 3079 1349 ὕλης,
3114 1281 3210 1333 καὶ
3248 1282 3419 1345 εῐδους
3442 1283 3666 1351 συγκεί-

2089 1385 2223 1439 μενα
2239 1407 2252 1429 ,
2287 1369 2381 1421 καὶ
2404 1370 2482 1421 ὅτι
2519 1370 2693 1421 ἐκεῖνο
2719 1369 2815 1439 μὲν
2836 1369 3058 1438 ἀγαθὸν,
3097 1373 3190 1425 καὶ
3214 1374 3538 1442 αὺτάγαθον·
3565 1374 3666 1428 τοῦ

2085 1458 2141 1512 δὲ
2165 1457 2369 1527 ἀγαθοῦ
2399 1459 2555 1512 πάντ’
2600 1460 2833 1528 ἐφίεται,
2862 1460 2955 1513 καὶ
2978 1461 3039 1513 οὐ
3075 1461 3234 1515 τοῦτο
3265 1463 3471 1533 ἐτέρου·
3509 1464 3667 1516 ἀνελ-

2086 1550 2239 1614 λιπὲς
2273 1549 2403 1618 γοῦν
2444 1550 2507 1603 τὸ
2550 1550 2723 1616 Θείον,
2756 1550 2827 1603 τά
2845 1551 2903 1605 δὲ
2932 1551 3201 1622 κτίσματα
3234 1553 3388 1606 ἐνδεᾶ
3415 1571 3428 1583 ·
3464 1555 3559 1607 καὶ
3580 1556 3667 1607 ὅτι

2086 1643 2260 1695 ἐκεῖνο
2290 1642 2689 1714 τελεταρχικὸν,
2735 1644 2899 1696 οἱονεὶ
2941 1643 3169 1715 ἐξάρχον
3208 1646 3388 1715 πάσης
3418 1646 3660 1718 τελετῆς⁹

2086 1731 2274 1802 τελετὴ
2304 1730 2363 1785 δέ
2403 1733 2520 1785 ἐστι
2559 1732 2666 1785 πᾶν
2716 1733 3031 1803 μυστήριον,
3068 1733 3143 1797 ὡς
3194 1734 3529 1791 τελειωτικὸν
3562 1737 3667 1806 τῆς

418 1825 600 1879 vinum
631 1826 946 1881 indeﬂeiens
995 1836 1099 1888 est.
1144 1829 1239 1882 sed
1286 1838 1547 1882 creaturae
1603 1837 1727 1882 sunt
1759 1841 1978 1897 egenas;

2090 1822 2284 1894 ψυχῆς·
2309 1821 2482 1877 ταῦτα
2512 1824 2568 1877 δὲ
2602 1822 2677 1894 μὴ
2714 1824 2872 1893 μόνον
2901 1824 3002 1876 οὐκ
3042 1824 3330 1896 ἐξάρχουσι
3358 1827 3456 1898 τῆς
3480 1805 3670 1881 τοιαύ-

420 1924 535 1970 tnm
604 1917 791 1982 etiam,
836 1917 962 1987 quia
1004 1916 1350 1986 pulchritudo
1380 1916 1471 1971 illa
1525 1918 1850 1987 principium
1900 1924 1983 1972 est

421 2008 790 2078 perfectionis,
827 2009 1024 2078 quippe
1071 2008 1286 2063 auctrix
1328 2018 1383 2063 et
1437 2009 1589 2079 origo
1618 2009 1776 2078 ejus:
1823 2024 1984 2064 omne

420 2109 602 2157 autem
638 2101 953 2173 mysterium
1004 2099 1265 2168 perfectio
1311 2109 1418 2163 est.
1460 2101 1512 2155 in
1558 2110 1813 2170 quantum
1870 2104 1985 2157 ani-

418 2206 564 2246 mam
610 2191 858 2261 perlicit;
896 2200 951 2244 at
996 2199 1262 2245 creaturae
1309 2205 1414 2245 non
1465 2200 1675 2245 tantum
1717 2207 1822 2247 non
1854 2194 1984 2247 dant

418 2282 634 2336 initium
678 2280 804 2336 talis
834 2280 1203 2350 perfectionis,
1240 2280 1333 2336 sed
1388 2280 1492 2335 illa:
1531 2282 1660 2350 ipsa:
1700 2293 1825 2336 sunt
1864 2297 1984 2352 qua:

417 2374 795 2444 perﬁciuntur.
825 2372 1037 2428 Idcirco
1061 2372 1242 2427 divina
1278 2372 1618 2441 pulchritudo
1640 2388 1980 2443 nequaquam

419 2464 485 2517 iis
512 2462 915 2533 est-permista;
952 2461 1207 2530 quoniam
1252 2469 1337 2514 est
1370 2461 1595 2529 ipsamet
1619 2460 1980 2527 uniformitas,

418 2551 803 2620 etaequ‘alitas,
836 2560 891 2605 et
938 2549 1218 2614 identitas,
1249 2548 1492 2617 quinimo
1531 2563 1632 2601 una
1666 2558 1747 2603 est
1782 2557 1836 2602 et
1867 2549 1983 2602 nni-

419 2646 543 2708 lica,
577 2651 765 2714 utpote
809 2641 1036 2712 simplex
1083 2650 1138 2695 et
1184 2638 1519 2708 impermista
1571 2648 1735 2707 atque
1775 2638 1983 2693 incom-

417 2739 593 2808 posita
624 2775 638 2788 .
676 2735 819 2806 quod
845 2748 973 2788 vero
1017 2731 1267 2788 dilforme
1306 2740 1474 2787 estet
1511 2730 1799 2798 inmqnale,
1823 2738 1983 2798 atque

419 2827 675 2893 alterum,
706 2835 760 2881 et
790 2838 1038 2895 parvum,
1068 2832 1123 2878 et
1145 2822 1425 2887 mutabile,
1457 2822 1506 2875 id
1533 2821 1698 2875 etiam
1728 2820 1983 2874 materia-

420 2926 535 2978 tum
571 2931 675 2978 est.
718 2920 873 2989 Quod
923 2920 1105 2988 itaque
1140 2933 1306 2973 unum
1349 2926 1452 2981 est,
1482 2914 1871 2985 impermistum
1900 2922 1985 2969 est

420 3015 786 3079 multitudini;
840 3027 946 3067 non
983 3020 1161 3066 tamen
1189 3011 1284 3076 ita,
1323 3018 1385 3063 ut
1432 3023 1538 3063 non
1574 3023 1672 3077 pro
1721 3008 1982 3076 dignitate

2083 1934 2183 1987 της
2212 1916 2451 1988 τελετῆς,
2487 1916 2622 1970 ἀλλά
2653 1917 2747 1969 καὶ
2776 1916 3074 1987 τελούμενά
3116 1919 3242 1970 είσι.
3277 1918 3378 1970 Διιά
3405 1918 3565 1971 τοῦτο
3600 1919 3669 1971 τὸ

2086 2007 2226 2061 θεῖον
2258 2007 2450 2071 κάλλος
2481 2008 2596 2061 ἐστὶ
2645 2008 2743 2078 μὲν
2776 2009 2968 2078 ἀμιγὲς
3008 2008 3146 2078 πρὸς
3187 2008 3375 2062 ταῦτα·
3410 2011 3669 2080 ὁμοιότης

2084 2100 2191 2172 γὰρ
2224 2102 2318 2154 καὶ
2346 2100 2527 2170 ἰσότης
2550 2100 2642 2152 καὶ
2662 2099 2946 2169 ταὺτότης,
2974 2098 3035 2152 τὸ
3058 2099 3118 2153 ἓν
3149 2100 3242 2153 καὶ
3276 2102 3536 2163 ἑνοποιὸν,
3566 2101 3666 2154 ἆτε

2082 2193 2286 2248 ἁπλοῦν
2318 2195 2410 2248 καὶ
2463 2193 2660 2263 ἀμιγὲς
2692 2194 2786 2246 καὶ
2834 2193 3142 2246 ἀσύνθετον.
3193 2192 3440 2263 ἀνόμοιον
3478 2194 3532 2246 δὲ
3568 2195 3668 2247 καὶ

2083 2286 2286 2348 ἄνισον,
2321 2285 2416 2338 καὶ
2447 2284 2719 2354 ἑτερότης,
2752 2284 2845 2336 καὶ
2888 2285 3099 2354 μικρὸν,
3134 2285 3228 2337 καὶ⁴
3271 2285 3329 2336 ἐν
3364 2283 3663 2353 μεταϐολῇ,

2082 2378 2143 2431 τὸ
2177 2375 2459 2447 πρόσυλον.
2497 2376 2569 2428 Τὸ
2602 2374 2729 2443 γοῦν
2756 2374 2812 2427 ἓν
2847 2376 3044 2444 ἀμιγές
3106 2377 3221 2428 ἐστι
3254 2376 3389 2444 πρὸς
3419 2374 3487 2427 τὰ
3520 2376 3665 2445 πλή-

2086 2466 2175 2537 θη,
2208 2467 2270 2520 οὑ
2298 2465 2403 2537 μὴν
2446 2465 2503 2519 δὲ
2548 2465 2741 2527 οὕτως,
2777 2464 2851 2527 ὡς
2889 2464 2961 2535 μὴ
2992 2465 3062 2518 δι’
3096 2464 3407 2534 ἀγαθότητα
3439 2465 3667 2535 μεταδο-

2083 2558 2232 2611 τικὸν
2286 2554 2424 2610 εἶναι
2457 2558 2574 2610 κατ’
2632 2558 2788 2623 ἀξίαν
2833 2558 3047 2627 ἑκάστῳ
3092 2557 3187 2610 τοῦ
3224 2558 3426 2611 οἰκείου
3462 2558 3663 2625 φωτόςο

2083 2651 2170 2705 διὰ
2201 2650 2358 2704 τοῦτο
2387 2650 2495 2721 γάρ
2526 2650 2740 2720 λέγεται
2774 2652 2868 2705 καὶ
2900 2650 3031 2714 Θεὸς
3063 2651 3294 2718 ἐγγίζων
3325 2651 3354 2702 ό
3385 2649 3521 2703 κατά
3557 2648 3665 2717 φύ-

2085 2760 2167 2795 σιν
2200 2743 2533 2814 πορρωτάτω
2564 2743 2721 2813 ἡμῶν
2753 2742 2848 2796 ὢν.
2888 2744 3006 2796 Ἔτι
3032 2744 3087 2797 δὲ
3120 2745 3213 2797 καὶ
3237 2742 3581 2796 τελειωτικὸν
3606 2744 3666 2795 ἐν

2082 2834 2267 2905 τελετῇ
2302 2834 2547 2906 θειοτάτῃ
2587 2837 2652 2905 τῇ
2696 2833 2789 2887 τοῦ
2835 2833 3224 2907 βαπτίσματος,
3256 2836 3322 2903 τῇ
3370 2834 3469 2903 τῆς
3503 2834 3667 2902 ίερω-

2086 2926 2267 2995 σύνης,
2285 2925 2424 2979 κατὰ
2454 2925 2551 2996 τὴν
2578 2925 2852 2996 μόρφωσιν
2864 2925 2971 2979 τῶν
2993 2924 3346 2995 τελουμένων,
3382 2925 3473 2976 καὶ
3495 2924 3670 2993 ἀρμο-

2083 3018 2183 3089 γὴν
2213 3019 2313 3089 τῆς
2364 3018 2541 3088 ψυχῆς
2591 3016 2770 3070 αὐτῶν
2814 3018 2907 3071 ἀπ’
2942 3017 3178 3088 ἐμμόνου
3232 3017 3326 3069 καὶ
3379 3014 3667 3084 διηνεκοῦς

420 3108 614 3177 cuique
634 3106 815 3161 lumen
839 3119 996 3162 suum
1011 3102 1404 3169 communicet;
1432 3101 1634 3157 idcirco
1653 3100 1798 3155 enim
1818 3100 1980 3155 etiam

2090 3110 2387 3180 ἁγιότητος.
2414 3111 2477 3163 Ei
2511 3109 2619 3181 γὰρ
2646 3110 3010 3182 παραλλάττει
3035 3108 3095 3162 τὸ
3122 3108 3345 3179 μετέχον
3375 3106 3468 3160 τοῦ
3504 3124 3670 3177 μετε-

420 3196 621 3259 dicitur
638 3203 788 3258 Deus
815 3203 1275 3273 appropinquans,
1304 3208 1362 3252 ut
1387 3197 1479 3267 qui
1513 3207 1704 3252 natura
1731 3213 1824 3251 sua
1857 3211 1985 3266 pro-

2090 3200 2336 3270 χομένου,
2362 3199 2463 3251 οὐκ
2495 3199 2562 3252 ἂν
2595 3199 2850 3270 ἁρμόσειε
2876 3196 3113 3252 πώποτε.
3152 3198 3311 3252 Ὅθεν
3335 3196 3668 3262 ἀποξεστέον

419 3292 504 3348 eul
533 3293 672 3348 absit
699 3307 727 3345 a
774 3294 948 3348 nobis.
979 3292 1119 3359 Quin
1146 3280 1201 3346 et
1227 3291 1279 3344 in
1306 3290 1641 3345 divinissitno
1664 3304 1784 3345 cum
1816 3291 1986 3358 bapti-

2090 3293 2204 3344 ἐστὶ
2233 3290 2330 3354 τὰς
2364 3290 2679 3361 σωματικὰς
2704 3292 3110 3354 ἐπαναστάσεις,
3138 3291 3230 3344 καὶ
3258 3292 3353 3352 τὰς
3390 3290 3489 3360 τῆς
3518 3287 3669 3356 γνὼ-

421 3385 608 3440 smatis
631 3383 736 3456 33
762 3394 872 3438 tum
904 3384 1197 3440 sacerdotii
1229 3390 1570 3438 sacramento
1601 3383 1985 3453 perfectionem

2090 3400 2198 3455 μης
2227 3383 2557 3453 ἀνωμαλίας,
2584 3384 2675 3436 καὶ
2705 3385 2783 3447 είς
2820 3385 2946 3454 μίαν
2978 3383 3335 3437 καταστατέον
3358 3382 3664 3452 ἁπλότητα,

423 3477 634 3542 tribuit,
662 3492 765 3548 qua
798 3492 985 3531 eorum
1014 3476 1104 3547 qui
1131 3476 1417 3530 initiantur
1437 3475 1641 3540 anima,
1673 3472 1986 3531 immanenti

2090 3477 2262 3529 εῐτουν
2300 3475 2537 3545 ἰσότητα,
2577 3475 2654 3545 τῷ
2698 3475 2939 3545 μέλλοντι
2962 3474 3377 3546 προσκαλεῖσθαι
3389 3474 3523 3543 Θεῷ.
3550 3476 3670 3529 Καὶ

420 3564 708 3634 stabilique
741 3565 1032 3620 sanctitate
1087 3563 1415 3619 informetur
1451 3573 1615 3633 atque
1670 3575 1983 3619 exornetur.

2090 3569 2247 3624 τοῦτό
2270 3571 2413 3622 ἐστιν
2438 3569 2511 3633 ὡς
2534 3568 2753 3637 ἐφικτὸν
2784 3568 2881 3639 τῆς
2914 3569 3193 3640 ίεραρχίας
3217 3568 3277 3621 τὸ
3310 3567 3667 3637 θεομίμητον,

420 3653 478 3709 Si
512 3657 656 3710 enim
690 3656 742 3709 id
783 3656 926 3727 quod
955 3653 1181 3723 alicujus
1218 3656 1490 3725 particeps
1519 3656 1751 3721 exsistit,
1776 3655 1985 3712 differat

2092 3661 2174 3714 ὅτι
2206 3662 2299 3714 καὶ
2348 3660 2484 3730 αὕτη
2521 3659 2834 3729 μεταδίδωσι
2866 3659 2959 3713 τοῦ
2999 3660 3198 3714 οἰκείου
3245 3658 3522 3730 φωτισμοῦ
3550 3663 3671 3722 τοῖς

420 3748 663 3823 varietve
708 3747 777 3802 ab
805 3762 871 3802 eo
897 3749 1038 3818 quod
1080 3748 1389 3819 participat,
1438 3763 1711 3818 nunquam
1743 3747 1821 3803 illi
1848 3764 1982 3805 con-

2094 3750 2384 3812 θιασώταις
2408 3749 2596 3819 αὐτῆς.

422 3839 691 3894 cordabit.
719 3838 1063 3910 Quapropter
1130 3840 1475 3905 insurgentes
1527 3852 1715 3895 omnes
1766 3849 1942 3895 motus
1987 3844 2229 3910 corporis
2268 3842 2546 3910 animique
2586 3842 2978 3911 inaequalitates
3017 3841 3352 3902 abradendm,
3393 3850 3556 3909 atque
3610 3840 3669 3893 in

424 3931 584 3986 unica
608 3930 978 4000 simplicitate,
1049 3945 1141 3984 seu
1195 3930 1506 4000 mqualitate
1550 3930 1715 3985 animi
1775 3932 2174 4000 persistendum
2204 3944 2290 3988 est
2313 3933 2361 3987 ei
2406 3934 2498 4003 qui
2532 3934 2597 3987 ad
2629 3932 2723 3987 Dei
2755 3934 3085 3987 consortium
3138 3942 3221 3987 est
3273 3933 3667 3986 admittendus.

426 4021 607 4091 Atque
632 4022 748 4076 haec
777 4030 861 4076 est
883 4020 975 4075 illa
1025 4021 1117 4075 Dei
1150 4020 1382 4075 imitatio
1416 4021 1482 4076 ad
1509 4035 1670 4091 quam
1701 4022 2004 4078 hieran-hia
2032 4039 2131 4095 pro
2177 4026 2383 4082 viribus
2424 4026 2638 4088 nititur,
2682 4024 2938 4094 quoniam
2990 4034 3044 4079 et
3094 4025 3206 4093 ipsa
3255 4024 3340 4080 sui
3384 4025 3670 4081 studiosos

428 4115 565 4171 lucis
586 4129 694 4170 sua:
733 4115 1025 4185 participes
1053 4114 1251 4170 reddit.

498 4273 526 4345 ᾗ
568 4270 630 4327 ll.
669 4269 804 4327 Hinc
833 4271 1150 4326 hierarchire
1178 4272 1460 4327 utilitatem
1492 4272 1762 4345 finemque
1785 4290 1986 4347 cogno-

2164 4275 2191 4347 §
2224 4273 2284 4329 ll.
2339 4273 2613 4328 Ἐντεῦθεν
2642 4273 2738 4344 τὴν
2776 4275 2873 4345 τῆς
2905 4274 3180 4346 ἰεραρχίας
3205 4274 3488 4347 γνωρίζεις
3514 4270 3673 4346 ὢφέ-

428 4379 548 4419 sees
602 4362 1048 4419 assnnilationem
1099 4376 1222 4417 esse
1278 4362 1640 4434 unionemque
1679 4380 1801 4419 cum
1856 4367 1985 4431 Deo,

2091 4367 2239 4421 λειαν
2265 4367 2359 4421 καὶ
2388 4367 2479 4420 τὸν
2508 4365 2726 4429 σκοπὸν,
2750 4365 2830 4417 ὃτι
2854 4365 3186 4435 ἀφομοίωσίς
3213 4368 3326 4419 ἐστι
3351 4368 3444 4420 καὶ
3471 4368 3674 4434 ἕνωσις

426 4473 587 4527 quem
634 4467 690 4513 et
735 4457 971 4513 scientiae
1010 4466 1066 4512 et
1107 4454 1403 4511 functionis
1429 4471 1538 4510 sua:
1577 4459 1764 4513 ducem
1795 4458 1990 4525 habet;

427 4565 487 4607 ut
517 4552 771 4607 nimirum
806 4551 1077 4621 particeps
1107 4550 1199 4603 ﬁat
1229 4548 1701 4617 illuminationum,
1727 4552 1851 4605 dum
1872 4567 1995 4607 sco-

427 4660 528 4714 pus
578 4641 696 4711 ejus
746 4642 1260 4697 ad'divinissimum
1298 4640 1568 4705 decorem,
1618 4650 1868 4709 tanquam
1925 4642 1993 4695 ad

428 4736 807 4806 primigenium
832 4733 1128 4802 exemplar,
1152 4741 1379 4800 spectat,
1415 4742 1469 4785 et
1492 4732 1786 4787 secundum
1820 4733 1993 4801 ipsum

430 4826 843 4881 similitudinum
875 4824 1177 4879 divinarum
1202 4824 1492 4879 simulacra
1516 4823 1732 4892 format,
1760 4840 1858 4879 nec
1886 4841 1990 4880 non

430 4919 641 4973 divinas
691 4918 952 4988 exprimit
990 4917 1275 4987 imagines,
1317 4916 1469 4985 juxta
1506 4917 1634 4971 illud
1668 4933 1681 4971 :
1714 4914 1827 4988 Ego
1861 4917 1990 4979 dixi,

429 5009 505 5061 dii
535 5010 679 5074 estis,
710 5018 755 5062 et
795 5007 893 5075 filii
929 5006 1134 5061 Excelai
1162 5023 1337 5062 omnes
1362 5008 1620 5077 ωιΑιίιυθ
1651 5006 1990 5062 immaculata

429 5101 649 5170 specula
683 5100 853 5154 reddit
878 5114 989 5161 eos,
1014 5100 1106 5168 qui
1135 5099 1201 5154 ad
1227 5098 1406 5153 divina
1450 5108 1870 5155 convertuntur:
1892 5099 1990 5153 hos

429 5201 608 5248 autem
621 5189 908 5253 θιασώτας,
929 5190 978 5243 id
992 5200 1072 5244 est
1089 5190 1292 5243 sodales
1305 5200 1479 5256 vocat;
1494 5189 1675 5253 θίασος
1692 5189 1832 5244 enim
1850 5190 1988 5243 idem

429 5282 573 5352 quod
589 5282 799 5335 chorus.
822 5280 1029 5335 Idcirco
1046 5279 1208 5334 etiam
1241 5280 1395 5347 dixit,
1413 5296 1533 5334 eam
1561 5281 1727 5335 Deum
1748 5279 1991 5335 scientia;

432 5390 496 5430 ac
520 5375 816 5430 functionis
845 5388 955 5429 suae
986 5375 1174 5429 ducem
1201 5374 1479 5429 obtinere:
1507 5373 1757 5443 quoniam
1783 5373 1851 5428 ab
1874 5373 1991 5443 ipso

431 5477 603 5522 totum
627 5477 730 5532 est,
758 5475 813 5519 et
843 5480 948 5519 non
974 5479 1040 5520 ex
1073 5464 1272 5520 nostris
1303 5465 1531 5520 meritis.
1567 5464 1775 5519 Etenim
1809 5464 1911 5519 hoc
1938 5463 1991 5518 in

431 5560 632 5616 nostris
657 5560 861 5613 artibus
889 5574 953 5613 ac
978 5559 1221 5616 scientiis
1247 5574 1584 5630 nequaquam
1611 5559 1783 5615 locum
1806 5558 1985 5615 habet:

504 5751 544 5781 ιιι
576 5739 714 5795 Psal.
754 5756 938 5807 uxxn,
972 5743 1023 5797 6.

2097 4460 2232 4532 πρὸς
2266 4460 2419 4523 Θεὸν,
2442 4460 2600 4512 αὐτὸν
2630 4458 2822 4529 ἔχουσα
2852 4457 3197 4528 καθηγεμόνα
3233 4460 3331 4530 τῆς
3354 4461 3676 4532 ἐπιστήμης

2096 4553 2190 4605 καὶ
2214 4552 2311 4624 τῆς
2339 4550 2643 4622 ἐνεργείας·
2677 4551 2761 4602 ἵνα
2790 4549 3090 4620 μεταδιδοίη
3112 4550 3351 4619 δηλονότι
3370 4551 3476 4603 τῶν
3500 4569 3677 4619 φωτι-

2098 4644 2269 4715 σμῶν,
2304 4642 2443 4714 όρῶν
2463 4642 2699 4714 δηλονότι
2741 4642 2769 4693 ὁ
2808 4644 3005 4705 σκοπὸς
3035 4644 3109 4704 ὡς
3133 4646 3211 4705 είς
3243 4643 3545 4714 ἀρχέτυπον
3568 4645 3677 4715 τὴν

2097 4731 2376 4803 θειοτάτην
2424 4731 2773 4802 εὐπρέπειαν,
2820 4734 2911 4785 καὶ
2936 4732 3373 4802 ἀποτυπούμενος
3415 4733 3548 4803 πρὸς
3572 4734 3679 4786 αὐ·-

2095 4824 2215 4896 τὴν,
2239 4824 2524 4895 ἀγάλματα
2568 4825 2723 4878 θείων
2767 4826 3053 4895 ἐμφάσεων
3089 4826 3526 4895 ἀπεργαζόμενος
3575 4828 3681 4879 καὶ

2096 4915 2245 4979 θείας
2265 4916 2497 4979 εἰκόνας,
2528 4915 2666 4969 κατὰ
2705 4915 2785 4979 τὸ,
2830 4915 2976 4985 Ἐγὼ
3002 4916 3166 4969 εἴπω
3204 4918 3336 4970 Θεοί
3377 4916 3534 4981 ἐστε,
3569 4920 3681 4971 καί

2093 5009 2211 5062 υἱοὶ
2256 5008 2545 5077 Ὑψίστου
2575 5008 2817 5073 πάντες.
2847 5009 2956 5061 Καὶ
2977 5006 3281 5078 ἀκηλίδωτα
3311 5007 3546 5079 ἔσοπτρα
3576 5009 3679 5061 ὲκ-

2092 5100 2259 5153 τελῶν
2286 5102 2411 5164 τοὺς
2455 5102 2580 5171 περὶ
2619 5101 2689 5153 τὰ
2732 5099 2849 5154 θεία
2886 5100 3411 5172 ἀναστρεφομένους·
3446 5100 3681 5165 τούτους

2092 5191 2199 5262 γὰρ
2241 5191 2387 5257 λέγει
2413 5190 2700 5255 θιασώτας,
2733 5190 2915 5252 θίασος
2940 5189 3048 5259 γὰρ
3090 5191 3117 5242 ό
3162 5190 3338 5261 χορός.
3380 5188 3479 5242 Διὰ
3508 5189 3682 5243 τοῦτο

2092 5282 2200 5353 γὰρ
2219 5277 2388 5343 εἶπεν,
2436 5281 2517 5333 ὃτι
2548 5282 2642 5333 καὶ
2682 5281 2780 5351 τῆς
2810 5280 3114 5351 ἐπιστήμης
3140 5279 3233 5332 καὶ
3260 5280 3359 5355 τῆς
3386 5266 3681 5350 ἐνεργείας

2090 5373 2206 5444 ἔχει
2239 5372 2328 5425 τὸν
2352 5372 2481 5425 Θεὸν
2508 5371 2875 5442 καθηγεμόνα,
2906 5372 2990 5423 ὅτι
3018 5369 3080 5423 τὸ
3103 5371 3209 5423 πᾶν
3228 5370 3456 5445 ἐκεῖθεν,
3482 5370 3574 5423 καὶ
3607 5371 3681 5422 οὺ

2095 5467 2192 5537 τῆς
2215 5466 2488 5537 ἡμετέρας
2520 5466 2666 5517 ἐστὶν
2695 5463 2867 5529 ἀξίοις-
2913 5462 3035 5517 Ἑπὶ
3078 5463 3175 5535 μὲν
3198 5462 3305 5534 γὰρ
3318 5461 3426 5515 τῶν
3447 5460 3567 5514 καθ’
3602 5461 3681 5533 ἡ-

2100 5558 2205 5627 μᾶς
2234 5556 2435 5626 τεχνῶν
2462 5557 2553 5610 καὶ
2572 5554 2887 5627 ἐπιστημῶν
2903 5554 3010 5609 οὐκ
3034 5552 3151 5606 ἔστι
3178 5552 3361 5607 τοῦτο’
3396 5550 3531 5606 ἀλλά
3554 5551 3681 5606 τῶν
