  <div class='ocr_page' id='page_1' title='image "/cluster/home/n/w/nwhite01/storage/ocr_20150623/3/nnc1.0046978666/108.png"; bbox 0 0 3908 6232; ppageno 0'>
   <div class='ocr_carea' id='block_1_1' title="bbox 243 331 348 385">
    <p class='ocr_par' dir='ltr' id='par_1_1' title="bbox 243 331 348 385">
     <span class='ocr_line' id='line_1_1' title="bbox 243 331 348 385; baseline 0 0"><span class='ocrx_word' id='word_1_1' title='bbox 243 331 348 385; x_wconf 67' lang='grc'><strong>135</strong></span> 
     </span>
    </p>
   </div>
   <div class='ocr_carea' id='block_1_2' title="bbox 759 312 2997 390">
    <p class='ocr_par' dir='ltr' id='par_1_2' title="bbox 759 312 2997 390">
     <span class='ocr_line' id='line_1_2' title="bbox 759 312 2997 390; baseline -0.004 -10"><span class='ocrx_word' id='word_1_2' title='bbox 759 325 848 381; x_wconf 85' lang='lat' dir='ltr'><strong>DE</strong></span> <span class='ocrx_word' id='word_1_3' title='bbox 878 321 1205 382; x_wconf 75' lang='lat' dir='ltr'><strong>C(ELESTI</strong></span> <span class='ocrx_word' id='word_1_4' title='bbox 1238 323 1685 390; x_wconf 77' lang='lat' dir='ltr'><strong>HIERARCHIA,</strong></span> <span class='ocrx_word' id='word_1_5' title='bbox 1722 323 1876 380; x_wconf 81' lang='lat' dir='ltr'><strong>CAP.</strong></span> <span class='ocrx_word' id='word_1_6' title='bbox 1916 318 2002 377; x_wconf 86' lang='lat' dir='ltr'><strong>Ill.</strong></span> <span class='ocrx_word' id='word_1_7' title='bbox 2030 349 2099 360; x_wconf 89' lang='lat'>—</span> <span class='ocrx_word' id='word_1_8' title='bbox 2131 318 2477 375; x_wconf 77' lang='lat' dir='ltr'><strong>PARAPHR.</strong></span> <span class='ocrx_word' id='word_1_9' title='bbox 2520 312 2997 375; x_wconf 63' lang='lat' dir='ltr'><strong>PACHYMERE.</strong></span> 
     </span>
    </p>
   </div>
   <div class='ocr_carea' id='block_1_3' title="bbox 3396 313 3497 367">
    <p class='ocr_par' dir='ltr' id='par_1_3' title="bbox 3396 313 3497 367">
     <span class='ocr_line' id='line_1_3' title="bbox 3396 313 3497 367; baseline 0.02 -2"><span class='ocrx_word' id='word_1_10' title='bbox 3396 313 3497 367; x_wconf 65' lang='grc' dir='ltr'><strong>ΠΛ</strong></span> 
     </span>
    </p>
   </div>
   <div class='ocr_carea' id='block_1_4' title="bbox 244 432 1833 519">
    <p class='ocr_par' dir='ltr' id='par_1_4' title="bbox 244 442 1830 519">
     <span class='ocr_line' id='line_1_4' title="bbox 244 442 1830 519; baseline -0.001 -22"><span class='ocrx_word' id='word_1_11' title='bbox 244 447 344 519; x_wconf 84' lang='grc' dir='ltr'><strong>μὲν</strong></span> <span class='ocrx_word' id='word_1_12' title='bbox 365 442 691 516; x_wconf 75' lang='grc' dir='ltr'>ἐπιστημῶν</span> <span class='ocrx_word' id='word_1_13' title='bbox 718 442 915 513; x_wconf 75' lang='grc' dir='ltr'>ἔχομεν</span> <span class='ocrx_word' id='word_1_14' title='bbox 968 442 1369 514; x_wconf 81' lang='grc' dir='ltr'><strong>καθηγεμόνας,</strong></span> <span class='ocrx_word' id='word_1_15' title='bbox 1418 444 1525 496; x_wconf 84' lang='grc' dir='ltr'><strong>τῶν</strong></span> <span class='ocrx_word' id='word_1_16' title='bbox 1574 443 1631 496; x_wconf 83' lang='grc' dir='ltr'>δὲ</span> <span class='ocrx_word' id='word_1_17' title='bbox 1685 446 1830 514; x_wconf 85' lang='grc' dir='ltr'>ὲνερ-</span> 
     </span>
    </p>
   </div>
   <div class='ocr_carea' id='block_1_5' title="bbox 1935 432 3503 519">
    <p class='ocr_par' dir='ltr' id='par_1_5' title="bbox 1935 432 3503 505">
     <span class='ocr_line' id='line_1_5' title="bbox 1935 432 3503 505; baseline -0.004 -14"><span class='ocrx_word' id='word_1_18' title='bbox 1935 454 2057 491; x_wconf 84' lang='lat' dir='ltr'><strong>uam</strong></span> <span class='ocrx_word' id='word_1_19' title='bbox 2088 438 2438 493; x_wconf 87' lang='lat' dir='ltr'><strong>scientiarum</strong></span> <span class='ocrx_word' id='word_1_20' title='bbox 2468 435 2687 505; x_wconf 87' lang='lat' dir='ltr'><strong>quidem</strong></span> <span class='ocrx_word' id='word_1_21' title='bbox 2716 441 3074 503; x_wconf 71' lang='lat' dir='ltr'><strong>pmeptores</strong></span> <span class='ocrx_word' id='word_1_22' title='bbox 3105 432 3390 496; x_wconf 86' lang='lat' dir='ltr'><strong>habemus,</strong></span> <span class='ocrx_word' id='word_1_23' title='bbox 3408 434 3503 485; x_wconf 91' lang='lat' dir='ltr'><strong>sed</strong></span> 
     </span>
    </p>
   </div>
   <div class='ocr_carea' id='block_1_6' title="bbox 240 532 1821 607">
    <p class='ocr_par' dir='ltr' id='par_1_6' title="bbox 240 532 1821 607">
     <span class='ocr_line' id='line_1_6' title="bbox 240 532 1821 607; baseline -0.004 -15"><span class='ocrx_word' id='word_1_24' title='bbox 240 539 408 607; x_wconf 81' lang='grc' dir='ltr'>γειῶν</span> <span class='ocrx_word' id='word_1_25' title='bbox 446 536 720 606; x_wconf 81' lang='grc' dir='ltr'><strong>οὐδαμῶς,</strong></span> <span class='ocrx_word' id='word_1_26' title='bbox 762 534 875 588; x_wconf 82' lang='grc' dir='ltr'>ἀλλ’</span> <span class='ocrx_word' id='word_1_27' title='bbox 896 534 1065 605; x_wconf 79' lang='grc' dir='ltr'>αὐτὴν</span> <span class='ocrx_word' id='word_1_28' title='bbox 1086 534 1184 604; x_wconf 84' lang='grc' dir='ltr'><strong>τὴν</strong></span> <span class='ocrx_word' id='word_1_29' title='bbox 1204 534 1303 603; x_wconf 84' lang='grc' dir='ltr'><strong>τῆς</strong></span> <span class='ocrx_word' id='word_1_30' title='bbox 1331 535 1546 603; x_wconf 86' lang='grc' dir='ltr'>φύσεως</span> <span class='ocrx_word' id='word_1_31' title='bbox 1578 532 1788 603; x_wconf 87' lang='grc' dir='ltr'>κίνησιν</span> <span class='ocrx_word' id='word_1_32' title='bbox 1807 550 1821 565; x_wconf 73' lang='grc' dir='ltr'><strong>ο</strong></span> 
     </span>
    </p>
   </div>
   <div class='ocr_carea' id='block_1_7' title="bbox 240 627 1829 702">
    <p class='ocr_par' dir='ltr' id='par_1_7' title="bbox 240 627 1829 702">
     <span class='ocr_line' id='line_1_7' title="bbox 240 627 1829 702; baseline -0.006 -15"><span class='ocrx_word' id='word_1_33' title='bbox 240 635 333 687; x_wconf 70' lang='grc' dir='ltr'><strong>ἐπὶ</strong></span> <span class='ocrx_word' id='word_1_34' title='bbox 360 632 419 685; x_wconf 85' lang='grc' dir='ltr'>δὲ</span> <span class='ocrx_word' id='word_1_35' title='bbox 433 632 537 702; x_wconf 84' lang='grc' dir='ltr'>τῆς</span> <span class='ocrx_word' id='word_1_36' title='bbox 566 630 716 692; x_wconf 81' lang='grc' dir='ltr'>θείας</span> <span class='ocrx_word' id='word_1_37' title='bbox 744 627 1022 700; x_wconf 89' lang='grc' dir='ltr'>ίεραρχίας</span> <span class='ocrx_word' id='word_1_38' title='bbox 1045 628 1138 681; x_wconf 74' lang='grc' dir='ltr'><strong>καὶ</strong></span> <span class='ocrx_word' id='word_1_39' title='bbox 1159 629 1192 697; x_wconf 84' lang='grc' dir='ltr'><strong>ή</strong></span> <span class='ocrx_word' id='word_1_40' title='bbox 1221 628 1520 698; x_wconf 81' lang='grc' dir='ltr'>ἐπιστήμη,</span> <span class='ocrx_word' id='word_1_41' title='bbox 1551 628 1696 697; x_wconf 73' lang='grc' dir='ltr'>καὶή</span> <span class='ocrx_word' id='word_1_42' title='bbox 1742 627 1829 678; x_wconf 78' lang='grc' dir='ltr'><strong>ὲν-</strong></span> 
     </span>
    </p>
   </div>
   <div class='ocr_carea' id='block_1_8' title="bbox 243 718 1828 797">
    <p class='ocr_par' dir='ltr' id='par_1_8' title="bbox 243 718 1828 797">
     <span class='ocr_line' id='line_1_8' title="bbox 243 718 1828 797; baseline -0.005 -18"><span class='ocrx_word' id='word_1_43' title='bbox 243 726 458 797; x_wconf 84' lang='grc' dir='ltr'>έργεια,</span> <span class='ocrx_word' id='word_1_44' title='bbox 488 722 701 776; x_wconf 80' lang='grc' dir='ltr'>ἐκεῖθέν</span> <span class='ocrx_word' id='word_1_45' title='bbox 729 723 866 774; x_wconf 74' lang='grc' dir='ltr'>ἐστι.</span> <span class='ocrx_word' id='word_1_46' title='bbox 902 719 984 773; x_wconf 91' lang='grc' dir='ltr'><strong>Τά</strong></span> <span class='ocrx_word' id='word_1_47' title='bbox 1020 718 1149 788; x_wconf 92' lang='grc' dir='ltr'>γοῦν</span> <span class='ocrx_word' id='word_1_48' title='bbox 1189 719 1430 791; x_wconf 78' lang='grc' dir='ltr'>ἔσοπτρα</span> <span class='ocrx_word' id='word_1_49' title='bbox 1456 719 1697 788; x_wconf 86' lang='grc' dir='ltr'>δέχονται</span> <span class='ocrx_word' id='word_1_50' title='bbox 1730 719 1828 790; x_wconf 85' lang='grc' dir='ltr'>μὲν</span> 
     </span>
    </p>
   </div>
   <div class='ocr_carea' id='block_1_9' title="bbox 241 810 1829 885">
    <p class='ocr_par' dir='ltr' id='par_1_9' title="bbox 241 810 1829 885">
     <span class='ocr_line' id='line_1_9' title="bbox 241 810 1829 885; baseline -0.003 -18"><span class='ocrx_word' id='word_1_51' title='bbox 241 817 371 878; x_wconf 83' lang='grc' dir='ltr'>τοὺς</span> <span class='ocrx_word' id='word_1_52' title='bbox 395 816 732 885; x_wconf 82' lang='grc' dir='ltr'>φωτισμοὺς,</span> <span class='ocrx_word' id='word_1_53' title='bbox 760 813 879 868; x_wconf 86' lang='grc' dir='ltr'>κατ’</span> <span class='ocrx_word' id='word_1_54' title='bbox 912 812 1206 866; x_wconf 81' lang='grc' dir='ltr'><strong>ἀνάκλασιν</strong></span> <span class='ocrx_word' id='word_1_55' title='bbox 1238 811 1296 864; x_wconf 84' lang='grc' dir='ltr'>δὲ</span> <span class='ocrx_word' id='word_1_56' title='bbox 1325 810 1461 883; x_wconf 88' lang='grc' dir='ltr'>πρὸς</span> <span class='ocrx_word' id='word_1_57' title='bbox 1482 812 1607 873; x_wconf 81' lang='grc' dir='ltr'>τοὺς</span> <span class='ocrx_word' id='word_1_58' title='bbox 1629 810 1829 877; x_wconf 73' lang='grc' dir='ltr'>ἔξωθεν</span> 
     </span>
    </p>
   </div>
   <div class='ocr_carea' id='block_1_10' title="bbox 241 902 1831 978">
    <p class='ocr_par' dir='ltr' id='par_1_10' title="bbox 241 902 1831 978">
     <span class='ocr_line' id='line_1_10' title="bbox 241 902 1831 978; baseline -0.003 -18"><span class='ocrx_word' id='word_1_59' title='bbox 241 908 697 978; x_wconf 81' lang='grc' dir='ltr'><strong>ἀποπέμπουσιν·</strong></span> <span class='ocrx_word' id='word_1_60' title='bbox 724 906 868 959; x_wconf 73' lang='grc' dir='ltr'>οὕτω</span> <span class='ocrx_word' id='word_1_61' title='bbox 897 908 990 959; x_wconf 76' lang='grc' dir='ltr'><strong>καὶ</strong></span> <span class='ocrx_word' id='word_1_62' title='bbox 1032 906 1126 959; x_wconf 74' lang='grc' dir='ltr'><strong>ἐπὶ</strong></span> <span class='ocrx_word' id='word_1_63' title='bbox 1166 908 1279 967; x_wconf 89' lang='grc' dir='ltr'>τοῖς</span> <span class='ocrx_word' id='word_1_64' title='bbox 1318 902 1481 967; x_wconf 83' lang='grc' dir='ltr'><strong>θείοις</strong></span> <span class='ocrx_word' id='word_1_65' title='bbox 1518 903 1667 967; x_wconf 82' lang='grc' dir='ltr'>ἐστιν</span> <span class='ocrx_word' id='word_1_66' title='bbox 1701 902 1831 955; x_wconf 83' lang='grc' dir='ltr'>ιδειν</span> 
     </span>
    </p>
   </div>
   <div class='ocr_carea' id='block_1_11' title="bbox 242 996 1832 1071">
    <p class='ocr_par' dir='ltr' id='par_1_11' title="bbox 242 996 1832 1071">
     <span class='ocr_line' id='line_1_11' title="bbox 242 996 1832 1071; baseline -0.002 -17"><span class='ocrx_word' id='word_1_67' title='bbox 242 1001 469 1070; x_wconf 82' lang='grc' dir='ltr'>θεσμοῖς</span> <span class='ocrx_word' id='word_1_68' title='bbox 492 1018 505 1029; x_wconf 94' lang='grc'>·</span> <span class='ocrx_word' id='word_1_69' title='bbox 537 1001 567 1052; x_wconf 99' lang='lat'><strong>6</strong></span> <span class='ocrx_word' id='word_1_70' title='bbox 606 1000 916 1071; x_wconf 83' lang='grc' dir='ltr'>ἀρχιερεὺς,</span> <span class='ocrx_word' id='word_1_71' title='bbox 944 1000 1073 1071; x_wconf 84' lang='grc' dir='ltr'>παρ’</span> <span class='ocrx_word' id='word_1_72' title='bbox 1103 1000 1273 1070; x_wconf 83' lang='grc' dir='ltr'>αὐτῆς</span> <span class='ocrx_word' id='word_1_73' title='bbox 1295 999 1394 1071; x_wconf 84' lang='grc' dir='ltr'><strong>τῆς</strong></span> <span class='ocrx_word' id='word_1_74' title='bbox 1421 997 1698 1070; x_wconf 86' lang='grc' dir='ltr'>ἱεραρχίας</span> <span class='ocrx_word' id='word_1_75' title='bbox 1740 996 1832 1051; x_wconf 87' lang='grc' dir='ltr'><strong>τὸν</strong></span> 
     </span>
    </p>
   </div>
   <div class='ocr_carea' id='block_1_12' title="bbox 242 1090 1833 1164">
    <p class='ocr_par' dir='ltr' id='par_1_12' title="bbox 242 1090 1833 1164">
     <span class='ocr_line' id='line_1_12' title="bbox 242 1090 1833 1164; baseline -0.003 -17"><span class='ocrx_word' id='word_1_76' title='bbox 242 1094 529 1164; x_wconf 83' lang='grc' dir='ltr'>φωτισμὸν</span> <span class='ocrx_word' id='word_1_77' title='bbox 550 1093 858 1164; x_wconf 87' lang='grc' dir='ltr'>δεχόμενος,</span> <span class='ocrx_word' id='word_1_78' title='bbox 887 1097 1001 1156; x_wconf 90' lang='grc' dir='ltr'>τοῖς</span> <span class='ocrx_word' id='word_1_79' title='bbox 1029 1091 1419 1164; x_wconf 90' lang='grc' dir='ltr'>πρεσϐυτέροις</span> <span class='ocrx_word' id='word_1_80' title='bbox 1442 1094 1536 1145; x_wconf 75' lang='grc' dir='ltr'><strong>καὶ</strong></span> <span class='ocrx_word' id='word_1_81' title='bbox 1568 1090 1833 1153; x_wconf 79' lang='grc' dir='ltr'>διακόνοις</span> 
     </span>
    </p>
   </div>
   <div class='ocr_carea' id='block_1_13' title="bbox 243 1181 1830 1259">
    <p class='ocr_par' dir='ltr' id='par_1_13' title="bbox 243 1181 1830 1259">
     <span class='ocr_line' id='line_1_13' title="bbox 243 1181 1830 1259; baseline -0.002 -19"><span class='ocrx_word' id='word_1_82' title='bbox 243 1187 607 1257; x_wconf 86' lang='grc' dir='ltr'>μεταδίδωσιν</span> <span class='ocrx_word' id='word_1_83' title='bbox 628 1203 642 1216; x_wconf 89' lang='grc'><strong>·</strong></span> <span class='ocrx_word' id='word_1_84' title='bbox 667 1181 816 1240; x_wconf 73' lang='grc' dir='ltr'>οὗτοι</span> <span class='ocrx_word' id='word_1_85' title='bbox 841 1186 921 1249; x_wconf 83' lang='grc' dir='ltr'><strong>δὲ,</strong></span> <span class='ocrx_word' id='word_1_86' title='bbox 943 1185 1322 1259; x_wconf 81' lang='grc' dir='ltr'><strong>πληρωθέντες</strong></span> <span class='ocrx_word' id='word_1_87' title='bbox 1342 1186 1440 1256; x_wconf 81' lang='grc' dir='ltr'>τῆς</span> <span class='ocrx_word' id='word_1_88' title='bbox 1468 1184 1830 1257; x_wconf 84' lang='grc' dir='ltr'><strong>λαμπηδόνος,</strong></span> 
     </span>
    </p>
   </div>
   <div class='ocr_carea' id='block_1_14' title="bbox 240 1277 1836 1351">
    <p class='ocr_par' dir='ltr' id='par_1_14' title="bbox 240 1277 1836 1351">
     <span class='ocr_line' id='line_1_14' title="bbox 240 1277 1836 1351; baseline 0 -21"><span class='ocrx_word' id='word_1_89' title='bbox 240 1280 385 1351; x_wconf 82' lang='grc' dir='ltr'>πρὸς</span> <span class='ocrx_word' id='word_1_90' title='bbox 420 1280 549 1343; x_wconf 79' lang='grc' dir='ltr'>τοὺς</span> <span class='ocrx_word' id='word_1_91' title='bbox 588 1278 810 1351; x_wconf 80' lang='grc' dir='ltr'>ἐτέρους</span> <span class='ocrx_word' id='word_1_92' title='bbox 837 1278 1007 1349; x_wconf 87' lang='grc' dir='ltr'>αὐτὴν</span> <span class='ocrx_word' id='word_1_93' title='bbox 1038 1278 1410 1332; x_wconf 85' lang='grc' dir='ltr'>ἀποπάλλουσι</span> <span class='ocrx_word' id='word_1_94' title='bbox 1431 1294 1444 1307; x_wconf 79' lang='lat'>&#39;</span> <span class='ocrx_word' id='word_1_95' title='bbox 1484 1277 1546 1330; x_wconf 74' lang='grc' dir='ltr'><strong>τὸ</strong></span> <span class='ocrx_word' id='word_1_96' title='bbox 1587 1277 1697 1349; x_wconf 83' lang='grc' dir='ltr'>γὰρ</span> <span class='ocrx_word' id='word_1_97' title='bbox 1724 1279 1836 1348; x_wconf 80' lang='grc' dir='ltr'>χεῖ-</span> 
     </span>
    </p>
   </div>
   <div class='ocr_carea' id='block_1_15' title="bbox 245 1367 1836 1441">
    <p class='ocr_par' dir='ltr' id='par_1_15' title="bbox 245 1367 1836 1441">
     <span class='ocr_line' id='line_1_15' title="bbox 245 1367 1836 1441; baseline 0 -18"><span class='ocrx_word' id='word_1_98' title='bbox 245 1387 341 1441; x_wconf 87' lang='grc' dir='ltr'><strong>ρον</strong></span> <span class='ocrx_word' id='word_1_99' title='bbox 368 1370 478 1423; x_wconf 83' lang='grc' dir='ltr'><strong>ὑπὸ</strong></span> <span class='ocrx_word' id='word_1_100' title='bbox 502 1368 597 1422; x_wconf 87' lang='grc' dir='ltr'><strong>τοῦ</strong></span> <span class='ocrx_word' id='word_1_101' title='bbox 628 1368 940 1441; x_wconf 82' lang='grc' dir='ltr'>κρείττονος</span> <span class='ocrx_word' id='word_1_102' title='bbox 959 1368 1279 1436; x_wconf 85' lang='grc' dir='ltr'>εὐλογεῖται.</span> <span class='ocrx_word' id='word_1_103' title='bbox 1308 1369 1382 1422; x_wconf 88' lang='grc' dir='ltr'>Οὐ</span> <span class='ocrx_word' id='word_1_104' title='bbox 1408 1367 1513 1439; x_wconf 83' lang='grc' dir='ltr'>μὴν</span> <span class='ocrx_word' id='word_1_105' title='bbox 1532 1368 1590 1421; x_wconf 86' lang='grc' dir='ltr'>δὲ</span> <span class='ocrx_word' id='word_1_106' title='bbox 1615 1367 1836 1439; x_wconf 86' lang='grc' dir='ltr'>θεμιτόν</span> 
     </span>
    </p>
   </div>
   <div class='ocr_carea' id='block_1_16' title="bbox 240 1458 1838 1533">
    <p class='ocr_par' dir='ltr' id='par_1_16' title="bbox 240 1458 1838 1533">
     <span class='ocr_line' id='line_1_16' title="bbox 240 1458 1838 1533; baseline 0.001 -21"><span class='ocrx_word' id='word_1_107' title='bbox 240 1460 364 1513; x_wconf 76' lang='grc' dir='ltr'>ἐστι</span> <span class='ocrx_word' id='word_1_108' title='bbox 383 1459 539 1532; x_wconf 86' lang='grc' dir='ltr'><strong>παρά</strong></span> <span class='ocrx_word' id='word_1_109' title='bbox 563 1459 663 1523; x_wconf 82' lang='grc' dir='ltr'>τὰς</span> <span class='ocrx_word' id='word_1_110' title='bbox 688 1459 838 1531; x_wconf 78' lang='grc' dir='ltr'>ἱερὰς</span> <span class='ocrx_word' id='word_1_111' title='bbox 854 1458 1127 1525; x_wconf 80' lang='grc' dir='ltr'>διατάξεις</span> <span class='ocrx_word' id='word_1_112' title='bbox 1153 1461 1394 1532; x_wconf 79' lang='grc' dir='ltr'>ἐνεργεῖν</span> <span class='ocrx_word' id='word_1_113' title='bbox 1418 1460 1543 1523; x_wconf 88' lang='grc' dir='ltr'>τοὺς</span> <span class='ocrx_word' id='word_1_114' title='bbox 1568 1458 1730 1533; x_wconf 86' lang='grc' dir='ltr'>ίερῶς</span> <span class='ocrx_word' id='word_1_115' title='bbox 1749 1477 1838 1513; x_wconf 86' lang='grc' dir='ltr'>τε-</span> 
     </span>
    </p>
   </div>
   <div class='ocr_carea' id='block_1_17' title="bbox 240 1544 1835 1623">
    <p class='ocr_par' dir='ltr' id='par_1_17' title="bbox 240 1544 1835 1623">
     <span class='ocr_line' id='line_1_17' title="bbox 240 1544 1835 1623; baseline -0.001 -19"><span class='ocrx_word' id='word_1_116' title='bbox 240 1551 541 1622; x_wconf 85' lang='grc' dir='ltr'>λουμένους</span> <span class='ocrx_word' id='word_1_117' title='bbox 561 1567 576 1581; x_wconf 70' lang='grc'><strong><em>⁸</em></strong></span> <span class='ocrx_word' id='word_1_118' title='bbox 609 1544 740 1615; x_wconf 78' lang='grc' dir='ltr'>οἷον,</span> <span class='ocrx_word' id='word_1_119' title='bbox 771 1549 891 1621; x_wconf 88' lang='grc' dir='ltr'>φέρ’</span> <span class='ocrx_word' id='word_1_120' title='bbox 918 1552 1115 1611; x_wconf 71' lang='grc' dir='ltr'>εἰπεῖν,</span> <span class='ocrx_word' id='word_1_121' title='bbox 1142 1549 1387 1603; x_wconf 86' lang='grc' dir='ltr'>διάκονον</span> <span class='ocrx_word' id='word_1_122' title='bbox 1412 1549 1766 1623; x_wconf 85' lang='grc' dir='ltr'>προσφέρειν,</span> <span class='ocrx_word' id='word_1_123' title='bbox 1801 1551 1835 1623; x_wconf 78' lang='grc' dir='ltr'>ἢ</span> 
     </span>
    </p>
   </div>
   <div class='ocr_carea' id='block_1_18' title="bbox 240 1641 1836 1716">
    <p class='ocr_par' dir='ltr' id='par_1_18' title="bbox 240 1641 1836 1716">
     <span class='ocr_line' id='line_1_18' title="bbox 240 1641 1836 1716; baseline 0.001 -20"><span class='ocrx_word' id='word_1_124' title='bbox 240 1642 620 1715; x_wconf 76' lang='grc' dir='ltr'>πρεσϐύτερον</span> <span class='ocrx_word' id='word_1_125' title='bbox 647 1643 1000 1714; x_wconf 86' lang='grc' dir='ltr'>χειροτονεῖν.</span> <span class='ocrx_word' id='word_1_126' title='bbox 1051 1641 1159 1695; x_wconf 86' lang='grc' dir='ltr'>Ἴδε</span> <span class='ocrx_word' id='word_1_127' title='bbox 1201 1642 1311 1714; x_wconf 86' lang='grc' dir='ltr'>γὰρ</span> <span class='ocrx_word' id='word_1_128' title='bbox 1340 1644 1400 1696; x_wconf 83' lang='grc' dir='ltr'>ὲν</span> <span class='ocrx_word' id='word_1_129' title='bbox 1424 1645 1547 1706; x_wconf 90' lang='grc' dir='ltr'>ταῖς</span> <span class='ocrx_word' id='word_1_130' title='bbox 1574 1643 1836 1716; x_wconf 83' lang='grc' dir='ltr'>Πράξεσι,</span> 
     </span>
    </p>
   </div>
   <div class='ocr_carea' id='block_1_19' title="bbox 240 1734 1834 1807">
    <p class='ocr_par' dir='ltr' id='par_1_19' title="bbox 240 1734 1834 1807">
     <span class='ocr_line' id='line_1_19' title="bbox 240 1734 1834 1807; baseline 0.003 -21"><span class='ocrx_word' id='word_1_131' title='bbox 240 1736 364 1799; x_wconf 75' lang='grc' dir='ltr'><strong>πῶς</strong></span> <span class='ocrx_word' id='word_1_132' title='bbox 384 1736 415 1787; x_wconf 93' lang='lat'><strong>6</strong></span> <span class='ocrx_word' id='word_1_133' title='bbox 450 1734 716 1797; x_wconf 80' lang='grc' dir='ltr'>Φίλιππος</span> <span class='ocrx_word' id='word_1_134' title='bbox 739 1735 801 1787; x_wconf 85' lang='grc' dir='ltr'><strong>οὐ</strong></span> <span class='ocrx_word' id='word_1_135' title='bbox 826 1734 1006 1787; x_wconf 91' lang='grc' dir='ltr'>δίδωσι</span> <span class='ocrx_word' id='word_1_136' title='bbox 1039 1736 1100 1789; x_wconf 90' lang='grc' dir='ltr'><strong>τὸ</strong></span> <span class='ocrx_word' id='word_1_137' title='bbox 1128 1736 1355 1807; x_wconf 80' lang='grc' dir='ltr'>Πνεῦμα</span> <span class='ocrx_word' id='word_1_138' title='bbox 1377 1735 1439 1789; x_wconf 91' lang='grc' dir='ltr'><strong>τὸ</strong></span> <span class='ocrx_word' id='word_1_139' title='bbox 1472 1736 1645 1803; x_wconf 76' lang='grc' dir='ltr'>ἅγιον.</span> <span class='ocrx_word' id='word_1_140' title='bbox 1690 1736 1834 1791; x_wconf 83' lang='grc' dir='ltr'>Ἀλλ’</span> 
     </span>
    </p>
   </div>
   <div class='ocr_carea' id='block_1_20' title="bbox 238 1825 1830 1902">
    <p class='ocr_par' dir='ltr' id='par_1_20' title="bbox 238 1825 1830 1902">
     <span class='ocr_line' id='line_1_20' title="bbox 238 1825 1830 1902; baseline 0.003 -23"><span class='ocrx_word' id='word_1_141' title='bbox 238 1826 365 1879; x_wconf 76' lang='grc' dir='ltr'>οὐδὲ</span> <span class='ocrx_word' id='word_1_142' title='bbox 402 1827 674 1898; x_wconf 83' lang='grc' dir='ltr'>ὑπάρχειν</span> <span class='ocrx_word' id='word_1_143' title='bbox 702 1825 905 1897; x_wconf 76' lang='grc' dir='ltr'>ἑτέρως</span> <span class='ocrx_word' id='word_1_144' title='bbox 941 1827 1123 1891; x_wconf 85' lang='grc' dir='ltr'>αὐτοῖς</span> <span class='ocrx_word' id='word_1_145' title='bbox 1158 1829 1285 1892; x_wconf 83' lang='grc' dir='ltr'>τοὺς</span> <span class='ocrx_word' id='word_1_146' title='bbox 1312 1828 1615 1898; x_wconf 86' lang='grc' dir='ltr'>ἁγιασμούς</span> <span class='ocrx_word' id='word_1_147' title='bbox 1647 1847 1830 1902; x_wconf 89' lang='grc' dir='ltr'>φησιν,</span> 
     </span>
    </p>
   </div>
   <div class='ocr_carea' id='block_1_21' title="bbox 238 1915 1836 1988">
    <p class='ocr_par' dir='ltr' id='par_1_21' title="bbox 238 1915 1836 1988">
     <span class='ocr_line' id='line_1_21' title="bbox 238 1915 1836 1988; baseline 0.004 -20"><span class='ocrx_word' id='word_1_148' title='bbox 238 1918 290 1968; x_wconf 86' lang='grc' dir='ltr'><strong>εί</strong></span> <span class='ocrx_word' id='word_1_149' title='bbox 322 1916 400 1987; x_wconf 81' lang='grc' dir='ltr'>μὴ</span> <span class='ocrx_word' id='word_1_150' title='bbox 429 1915 576 1970; x_wconf 85' lang='grc' dir='ltr'>κατὰ</span> <span class='ocrx_word' id='word_1_151' title='bbox 598 1916 698 1988; x_wconf 77' lang='grc' dir='ltr'><strong>τήν</strong></span> <span class='ocrx_word' id='word_1_152' title='bbox 734 1915 974 1986; x_wconf 77' lang='grc' dir='ltr'>ἀρχῆθεν</span> <span class='ocrx_word' id='word_1_153' title='bbox 1010 1916 1118 1971; x_wconf 87' lang='grc' dir='ltr'><strong>τῶν</strong></span> <span class='ocrx_word' id='word_1_154' title='bbox 1145 1918 1317 1987; x_wconf 82' lang='grc' dir='ltr'><strong>ἁγίων</strong></span> <span class='ocrx_word' id='word_1_155' title='bbox 1366 1919 1676 1974; x_wconf 81' lang='grc' dir='ltr'>ἀποστόλων</span> <span class='ocrx_word' id='word_1_156' title='bbox 1719 1919 1836 1974; x_wconf 74' lang='grc' dir='ltr'>διά·-</span> 
     </span>
    </p>
   </div>
   <div class='ocr_carea' id='block_1_22' title="bbox 169 2008 1835 2082">
    <p class='ocr_par' dir='ltr' id='par_1_22' title="bbox 169 2008 1835 2082">
     <span class='ocr_line' id='line_1_22' title="bbox 169 2008 1835 2082; baseline 0.002 -20"><span class='ocrx_word' id='word_1_157' title='bbox 169 2064 191 2079; x_wconf 28' lang='grc' dir='ltr'>κ</span> <span class='ocrx_word' id='word_1_158' title='bbox 238 2009 422 2075; x_wconf 82' lang='grc' dir='ltr'>ταξιν,</span> <span class='ocrx_word' id='word_1_159' title='bbox 446 2009 605 2080; x_wconf 70' lang='grc' dir='ltr'>εἴπερ</span> <span class='ocrx_word' id='word_1_160' title='bbox 626 2009 727 2080; x_wconf 85' lang='grc' dir='ltr'>τῆς</span> <span class='ocrx_word' id='word_1_161' title='bbox 758 2008 1117 2081; x_wconf 85' lang='grc' dir='ltr'>ίεροπρεποῦς</span> <span class='ocrx_word' id='word_1_162' title='bbox 1139 2010 1365 2079; x_wconf 74' lang='grc' dir='ltr'>ἀγλαΐας</span> <span class='ocrx_word' id='word_1_163' title='bbox 1387 2011 1646 2082; x_wconf 79' lang='grc' dir='ltr'>ἐφίενται,</span> <span class='ocrx_word' id='word_1_164' title='bbox 1672 2015 1753 2076; x_wconf 81' lang='grc' dir='ltr'><strong>είς</strong></span> <span class='ocrx_word' id='word_1_165' title='bbox 1773 2012 1835 2066; x_wconf 86' lang='grc' dir='ltr'><strong>τὸ</strong></span> 
     </span>
    </p>
   </div>
   <div class='ocr_carea' id='block_1_23' title="bbox 239 2100 1833 2175">
    <p class='ocr_par' dir='ltr' id='par_1_23' title="bbox 239 2100 1833 2175">
     <span class='ocr_line' id='line_1_23' title="bbox 239 2100 1833 2175; baseline 0.004 -21"><span class='ocrx_word' id='word_1_166' title='bbox 239 2102 659 2155; x_wconf 82' lang='grc' dir='ltr'>ἀποτυποῦσθαι</span> <span class='ocrx_word' id='word_1_167' title='bbox 704 2100 846 2154; x_wconf 90' lang='grc' dir='ltr'><strong>κατά</strong></span> <span class='ocrx_word' id='word_1_168' title='bbox 875 2100 973 2173; x_wconf 84' lang='grc' dir='ltr'>τὴν</span> <span class='ocrx_word' id='word_1_169' title='bbox 1010 2101 1165 2169; x_wconf 82' lang='grc' dir='ltr'>τάξιν</span> <span class='ocrx_word' id='word_1_170' title='bbox 1212 2102 1323 2156; x_wconf 86' lang='grc' dir='ltr'>τῶν</span> <span class='ocrx_word' id='word_1_171' title='bbox 1367 2104 1632 2175; x_wconf 78' lang='grc' dir='ltr'>οὐρανίων</span> <span class='ocrx_word' id='word_1_172' title='bbox 1672 2105 1833 2160; x_wconf 84' lang='grc' dir='ltr'>δυνά-</span> 
     </span>
    </p>
   </div>
   <div class='ocr_carea' id='block_1_24' title="bbox 243 2193 1833 2269">
    <p class='ocr_par' dir='ltr' id='par_1_24' title="bbox 243 2193 1833 2269">
     <span class='ocr_line' id='line_1_24' title="bbox 243 2193 1833 2269; baseline 0.003 -23"><span class='ocrx_word' id='word_1_173' title='bbox 243 2210 423 2263; x_wconf 85' lang='grc' dir='ltr'>μεων·</span> <span class='ocrx_word' id='word_1_174' title='bbox 457 2194 683 2247; x_wconf 86' lang='grc' dir='ltr'>κάκεῖσε</span> <span class='ocrx_word' id='word_1_175' title='bbox 714 2193 825 2266; x_wconf 83' lang='grc' dir='ltr'>γὰρ</span> <span class='ocrx_word' id='word_1_176' title='bbox 849 2193 909 2247; x_wconf 90' lang='grc' dir='ltr'><strong>τὸ</strong></span> <span class='ocrx_word' id='word_1_177' title='bbox 936 2194 1152 2265; x_wconf 87' lang='grc' dir='ltr'>πρῶτόν</span> <span class='ocrx_word' id='word_1_178' title='bbox 1186 2195 1303 2248; x_wconf 77' lang='grc' dir='ltr'>ἐστι</span> <span class='ocrx_word' id='word_1_179' title='bbox 1341 2197 1435 2249; x_wconf 80' lang='grc' dir='ltr'>καὶ</span> <span class='ocrx_word' id='word_1_180' title='bbox 1474 2196 1535 2249; x_wconf 90' lang='grc' dir='ltr'><strong>τὸ</strong></span> <span class='ocrx_word' id='word_1_181' title='bbox 1560 2196 1833 2269; x_wconf 90' lang='grc' dir='ltr'>δεύτερον,</span> 
     </span>
    </p>
   </div>
   <div class='ocr_carea' id='block_1_25' title="bbox 240 2286 1839 2362">
    <p class='ocr_par' dir='ltr' id='par_1_25' title="bbox 240 2286 1839 2362">
     <span class='ocr_line' id='line_1_25' title="bbox 240 2286 1839 2362; baseline 0.001 -19"><span class='ocrx_word' id='word_1_182' title='bbox 240 2288 339 2343; x_wconf 74' lang='grc' dir='ltr'>καὶ</span> <span class='ocrx_word' id='word_1_183' title='bbox 367 2286 430 2340; x_wconf 90' lang='grc' dir='ltr'><strong>τὸ</strong></span> <span class='ocrx_word' id='word_1_184' title='bbox 458 2288 728 2359; x_wconf 86' lang='grc' dir='ltr'>προσεχὲς</span> <span class='ocrx_word' id='word_1_185' title='bbox 753 2287 891 2359; x_wconf 81' lang='grc' dir='ltr'>πρὸς</span> <span class='ocrx_word' id='word_1_186' title='bbox 922 2287 1076 2351; x_wconf 88' lang='grc' dir='ltr'>Θεὸν,</span> <span class='ocrx_word' id='word_1_187' title='bbox 1100 2288 1194 2342; x_wconf 76' lang='grc' dir='ltr'>καὶ</span> <span class='ocrx_word' id='word_1_188' title='bbox 1220 2289 1283 2343; x_wconf 89' lang='grc' dir='ltr'><strong>τὸ</strong></span> <span class='ocrx_word' id='word_1_189' title='bbox 1310 2289 1520 2362; x_wconf 77' lang='grc' dir='ltr'>πόρρω,</span> <span class='ocrx_word' id='word_1_190' title='bbox 1540 2290 1614 2353; x_wconf 82' lang='grc' dir='ltr'>ὡς</span> <span class='ocrx_word' id='word_1_191' title='bbox 1634 2290 1733 2361; x_wconf 85' lang='grc' dir='ltr'>τῆς</span> <span class='ocrx_word' id='word_1_192' title='bbox 1748 2292 1839 2344; x_wconf 84' lang='grc' dir='ltr'>τά·</span> 
     </span>
    </p>
   </div>
   <div class='ocr_carea' id='block_1_26' title="bbox 240 2378 1835 2451">
    <p class='ocr_par' dir='ltr' id='par_1_26' title="bbox 240 2378 1835 2451">
     <span class='ocr_line' id='line_1_26' title="bbox 240 2378 1835 2451; baseline 0.003 -20"><span class='ocrx_word' id='word_1_193' title='bbox 240 2378 381 2444; x_wconf 82' lang='grc' dir='ltr'>ξεως</span> <span class='ocrx_word' id='word_1_194' title='bbox 415 2378 753 2451; x_wconf 81' lang='grc' dir='ltr'>συνεχούσης</span> <span class='ocrx_word' id='word_1_195' title='bbox 778 2379 848 2432; x_wconf 87' lang='grc' dir='ltr'><strong>τά</strong></span> <span class='ocrx_word' id='word_1_196' title='bbox 865 2396 925 2431; x_wconf 92' lang='grc' dir='ltr'><strong>τε</strong></span> <span class='ocrx_word' id='word_1_197' title='bbox 954 2380 1182 2450; x_wconf 90' lang='grc' dir='ltr'>οὐράνια</span> <span class='ocrx_word' id='word_1_198' title='bbox 1211 2380 1307 2434; x_wconf 79' lang='grc' dir='ltr'>καὶ</span> <span class='ocrx_word' id='word_1_199' title='bbox 1324 2379 1393 2434; x_wconf 84' lang='grc' dir='ltr'>τὰ</span> <span class='ocrx_word' id='word_1_200' title='bbox 1420 2381 1657 2450; x_wconf 81' lang='grc' dir='ltr'>ἐπίγεια.</span> <span class='ocrx_word' id='word_1_201' title='bbox 1695 2383 1835 2435; x_wconf 71' lang='lat' dir='ltr'><strong>06x-</strong></span> 
     </span>
    </p>
   </div>
   <div class='ocr_carea' id='block_1_27' title="bbox 239 2470 1836 2547">
    <p class='ocr_par' dir='ltr' id='par_1_27' title="bbox 239 2470 1836 2547">
     <span class='ocr_line' id='line_1_27' title="bbox 239 2470 1836 2547; baseline 0.001 -22"><span class='ocrx_word' id='word_1_202' title='bbox 239 2470 338 2525; x_wconf 87' lang='grc' dir='ltr'><strong>οῦν</strong></span> <span class='ocrx_word' id='word_1_203' title='bbox 364 2472 395 2524; x_wconf 90' lang='lat'><strong>6</strong></span> <span class='ocrx_word' id='word_1_204' title='bbox 422 2470 599 2539; x_wconf 86' lang='grc' dir='ltr'>λέγων</span> <span class='ocrx_word' id='word_1_205' title='bbox 624 2472 903 2543; x_wconf 87' lang='grc' dir='ltr'>ἱεραρχίαν</span> <span class='ocrx_word' id='word_1_206' title='bbox 929 2472 1030 2525; x_wconf 85' lang='grc' dir='ltr'><strong>οὐκ</strong></span> <span class='ocrx_word' id='word_1_207' title='bbox 1057 2472 1185 2526; x_wconf 76' lang='grc' dir='ltr'>ἄλλο</span> <span class='ocrx_word' id='word_1_208' title='bbox 1200 2490 1252 2527; x_wconf 89' lang='grc' dir='ltr'><strong>τι</strong></span> <span class='ocrx_word' id='word_1_209' title='bbox 1275 2473 1572 2546; x_wconf 82' lang='grc' dir='ltr'>λέγει,ἢτά</span> <span class='ocrx_word' id='word_1_210' title='bbox 1598 2474 1710 2527; x_wconf 80' lang='grc' dir='ltr'>ἄνω</span> <span class='ocrx_word' id='word_1_211' title='bbox 1738 2478 1836 2547; x_wconf 80' lang='grc' dir='ltr'>ρη-</span> 
     </span>
    </p>
   </div>
   <div class='ocr_carea' id='block_1_28' title="bbox 242 2560 1832 2635">
    <p class='ocr_par' dir='ltr' id='par_1_28' title="bbox 242 2560 1832 2635">
     <span class='ocr_line' id='line_1_28' title="bbox 242 2560 1832 2635; baseline 0.003 -20"><span class='ocrx_word' id='word_1_212' title='bbox 242 2560 424 2624; x_wconf 84' lang='grc' dir='ltr'>θέντα,</span> <span class='ocrx_word' id='word_1_213' title='bbox 447 2562 692 2633; x_wconf 83' lang='grc' dir='ltr'>δηλονότι</span> <span class='ocrx_word' id='word_1_214' title='bbox 714 2562 805 2616; x_wconf 91' lang='grc' dir='ltr'><strong>τόν</strong></span> <span class='ocrx_word' id='word_1_215' title='bbox 825 2580 885 2615; x_wconf 88' lang='grc' dir='ltr'><strong>τε</strong></span> <span class='ocrx_word' id='word_1_216' title='bbox 916 2564 1144 2635; x_wconf 86' lang='grc' dir='ltr'>ὁρισμὸν</span> <span class='ocrx_word' id='word_1_217' title='bbox 1179 2565 1349 2635; x_wconf 85' lang='grc' dir='ltr'>αὐτῆς</span> <span class='ocrx_word' id='word_1_218' title='bbox 1374 2565 1469 2618; x_wconf 75' lang='grc' dir='ltr'><strong>καὶ</strong></span> <span class='ocrx_word' id='word_1_219' title='bbox 1491 2564 1584 2618; x_wconf 91' lang='grc' dir='ltr'><strong>τὸν</strong></span> <span class='ocrx_word' id='word_1_220' title='bbox 1612 2564 1832 2629; x_wconf 88' lang='grc' dir='ltr'>σκοπὸν,</span> 
     </span>
    </p>
   </div>
   <div class='ocr_carea' id='block_1_29' title="bbox 242 2654 1834 2730">
    <p class='ocr_par' dir='ltr' id='par_1_29' title="bbox 242 2654 1834 2730">
     <span class='ocr_line' id='line_1_29' title="bbox 242 2654 1834 2730; baseline 0.004 -24"><span class='ocrx_word' id='word_1_221' title='bbox 242 2655 416 2725; x_wconf 79' lang='grc' dir='ltr'>ήγουν</span> <span class='ocrx_word' id='word_1_222' title='bbox 448 2654 510 2708; x_wconf 90' lang='grc' dir='ltr'><strong>τὸ</strong></span> <span class='ocrx_word' id='word_1_223' title='bbox 531 2655 686 2719; x_wconf 84' lang='grc' dir='ltr'>τέλος</span> <span class='ocrx_word' id='word_1_224' title='bbox 716 2655 780 2708; x_wconf 91' lang='grc' dir='ltr'><strong>τὸ</strong></span> <span class='ocrx_word' id='word_1_225' title='bbox 804 2655 1182 2720; x_wconf 86' lang='grc' dir='ltr'>τελικώτατον,</span> <span class='ocrx_word' id='word_1_226' title='bbox 1211 2656 1240 2710; x_wconf 82' lang='grc' dir='ltr'><strong>ὃ</strong></span> <span class='ocrx_word' id='word_1_227' title='bbox 1263 2656 1327 2729; x_wconf 81' lang='grc' dir='ltr'>δὴ</span> <span class='ocrx_word' id='word_1_228' title='bbox 1354 2657 1450 2712; x_wconf 73' lang='grc' dir='ltr'><strong>καὶ</strong></span> <span class='ocrx_word' id='word_1_229' title='bbox 1479 2658 1630 2725; x_wconf 86' lang='grc' dir='ltr'>αὐτὸ,</span> <span class='ocrx_word' id='word_1_230' title='bbox 1671 2659 1834 2730; x_wconf 82' lang='grc' dir='ltr'>μέρος</span> 
     </span>
    </p>
   </div>
   <div class='ocr_carea' id='block_1_30' title="bbox 241 2744 1834 2824">
    <p class='ocr_par' dir='ltr' id='par_1_30' title="bbox 241 2744 1834 2824">
     <span class='ocr_line' id='line_1_30' title="bbox 241 2744 1834 2824; baseline 0.006 -27"><span class='ocrx_word' id='word_1_231' title='bbox 241 2744 336 2797; x_wconf 86' lang='grc' dir='ltr'><strong>τοῦ</strong></span> <span class='ocrx_word' id='word_1_232' title='bbox 370 2746 608 2818; x_wconf 78' lang='grc' dir='ltr'>ὁρισμοῦ</span> <span class='ocrx_word' id='word_1_233' title='bbox 640 2749 809 2801; x_wconf 74' lang='grc' dir='ltr'>ἐστιν’</span> <span class='ocrx_word' id='word_1_234' title='bbox 863 2749 939 2812; x_wconf 86' lang='grc' dir='ltr'><strong>ὡς</strong></span> <span class='ocrx_word' id='word_1_235' title='bbox 964 2748 1045 2811; x_wconf 89' lang='grc' dir='ltr'><strong>τὸ,</strong></span> <span class='ocrx_word' id='word_1_236' title='bbox 1087 2749 1141 2802; x_wconf 91' lang='grc' dir='ltr'><strong>τί</strong></span> <span class='ocrx_word' id='word_1_237' title='bbox 1183 2750 1301 2803; x_wconf 72' lang='grc' dir='ltr'>ἐστι</span> <span class='ocrx_word' id='word_1_238' title='bbox 1337 2750 1625 2821; x_wconf 85' lang='grc' dir='ltr'>τρυϐλίον,</span> <span class='ocrx_word' id='word_1_239' title='bbox 1672 2752 1834 2824; x_wconf 89' lang='grc' dir='ltr'>τυχὸν</span> 
     </span>
    </p>
   </div>
   <div class='ocr_carea' id='block_1_31' title="bbox 243 2837 1831 2916">
    <p class='ocr_par' dir='ltr' id='par_1_31' title="bbox 243 2837 1831 2916">
     <span class='ocr_line' id='line_1_31' title="bbox 243 2837 1831 2916; baseline 0.006 -26"><span class='ocrx_word' id='word_1_240' title='bbox 243 2837 445 2901; x_wconf 77' lang='grc' dir='ltr'>σκεῦος</span> <span class='ocrx_word' id='word_1_241' title='bbox 496 2838 699 2893; x_wconf 87' lang='grc' dir='ltr'>τοιόνδε</span> <span class='ocrx_word' id='word_1_242' title='bbox 737 2841 875 2911; x_wconf 86' lang='grc' dir='ltr'>πρὸς</span> <span class='ocrx_word' id='word_1_243' title='bbox 923 2841 1226 2913; x_wconf 84' lang='grc' dir='ltr'>ὑπηρεσίαν</span> <span class='ocrx_word' id='word_1_244' title='bbox 1261 2843 1468 2915; x_wconf 83' lang='grc' dir='ltr'>τροφῆς</span> <span class='ocrx_word' id='word_1_245' title='bbox 1497 2844 1831 2916; x_wconf 83' lang='grc' dir='ltr'>ἐπιτήδειον,</span> 
     </span>
    </p>
   </div>
   <div class='ocr_carea' id='block_1_32' title="bbox 240 2929 1832 3011">
    <p class='ocr_par' dir='ltr' id='par_1_32' title="bbox 240 2929 1832 3011">
     <span class='ocr_line' id='line_1_32' title="bbox 240 2929 1832 3011; baseline 0.006 -30"><span class='ocrx_word' id='word_1_246' title='bbox 240 2929 403 2982; x_wconf 88' lang='grc' dir='ltr'>τοῦτο</span> <span class='ocrx_word' id='word_1_247' title='bbox 449 2929 514 2983; x_wconf 84' lang='grc' dir='ltr'><strong>τὸ</strong></span> <span class='ocrx_word' id='word_1_248' title='bbox 542 2930 715 2994; x_wconf 82' lang='grc' dir='ltr'>τέλος.</span> <span class='ocrx_word' id='word_1_249' title='bbox 754 2932 981 3000; x_wconf 83' lang='grc' dir='ltr'>Συνάγει</span> <span class='ocrx_word' id='word_1_250' title='bbox 1011 2933 1191 2987; x_wconf 82' lang='grc' dir='ltr'>τοίνυν</span> <span class='ocrx_word' id='word_1_251' title='bbox 1229 2937 1308 2998; x_wconf 86' lang='grc' dir='ltr'><strong>είς</strong></span> <span class='ocrx_word' id='word_1_252' title='bbox 1327 2933 1526 2989; x_wconf 85' lang='grc' dir='ltr'>ταύτὸν</span> <span class='ocrx_word' id='word_1_253' title='bbox 1552 2936 1632 2999; x_wconf 85' lang='grc' dir='ltr'><strong>τὸ,</strong></span> <span class='ocrx_word' id='word_1_254' title='bbox 1680 2937 1763 2999; x_wconf 87' lang='grc' dir='ltr'><strong>τίς</strong></span> <span class='ocrx_word' id='word_1_255' title='bbox 1798 2941 1832 3011; x_wconf 86' lang='grc' dir='ltr'><strong>ή</strong></span> 
     </span>
    </p>
   </div>
   <div class='ocr_carea' id='block_1_33' title="bbox 242 3022 1833 3100">
    <p class='ocr_par' dir='ltr' id='par_1_33' title="bbox 242 3022 1833 3100">
     <span class='ocr_line' id='line_1_33' title="bbox 242 3022 1833 3100; baseline 0.006 -27"><span class='ocrx_word' id='word_1_256' title='bbox 242 3022 524 3094; x_wconf 80' lang='grc' dir='ltr'>ἱεραρχία,</span> <span class='ocrx_word' id='word_1_257' title='bbox 550 3023 644 3076; x_wconf 83' lang='grc' dir='ltr'><strong>καὶ</strong></span> <span class='ocrx_word' id='word_1_258' title='bbox 663 3023 750 3087; x_wconf 86' lang='grc' dir='ltr'><strong>τίς</strong></span> <span class='ocrx_word' id='word_1_259' title='bbox 770 3026 803 3095; x_wconf 89' lang='grc' dir='ltr'><strong>ή</strong></span> <span class='ocrx_word' id='word_1_260' title='bbox 836 3025 1039 3097; x_wconf 80' lang='grc' dir='ltr'>ταύτης</span> <span class='ocrx_word' id='word_1_261' title='bbox 1056 3025 1317 3095; x_wconf 83' lang='grc' dir='ltr'>ὠφέλεια·</span> <span class='ocrx_word' id='word_1_262' title='bbox 1344 3028 1457 3092; x_wconf 72' lang='grc' dir='ltr'>καὶ,</span> <span class='ocrx_word' id='word_1_263' title='bbox 1476 3029 1660 3100; x_wconf 71' lang='grc' dir='ltr'>φησιν,</span> <span class='ocrx_word' id='word_1_264' title='bbox 1683 3030 1712 3081; x_wconf 88' lang='lat'><strong>6</strong></span> <span class='ocrx_word' id='word_1_265' title='bbox 1746 3029 1833 3083; x_wconf 89' lang='grc' dir='ltr'>λέ-</span> 
     </span>
    </p>
   </div>
   <div class='ocr_carea' id='block_1_34' title="bbox 1931 526 3505 597">
    <p class='ocr_par' dir='ltr' id='par_1_34' title="bbox 1931 526 3505 597">
     <span class='ocr_line' id='line_1_34' title="bbox 1931 526 3505 597; baseline -0.004 -13"><span class='ocrx_word' id='word_1_266' title='bbox 1931 546 2038 584; x_wconf 82' lang='grc' dir='ltr'>ηοιι</span> <span class='ocrx_word' id='word_1_267' title='bbox 2082 529 2480 597; x_wconf 79' lang='lat' dir='ltr'><strong>operationem,</strong></span> <span class='ocrx_word' id='word_1_268' title='bbox 2523 541 2755 596; x_wconf 90' lang='lat' dir='ltr'><strong>quarum</strong></span> <span class='ocrx_word' id='word_1_269' title='bbox 2800 526 3029 595; x_wconf 89' lang='lat' dir='ltr'><strong>ipsemet</strong></span> <span class='ocrx_word' id='word_1_270' title='bbox 3074 533 3281 577; x_wconf 70' lang='lat' dir='ltr'><strong>naturae</strong></span> <span class='ocrx_word' id='word_1_271' title='bbox 3327 533 3505 578; x_wconf 83' lang='lat' dir='ltr'><strong>motus</strong></span> 
     </span>
    </p>
   </div>
   <div class='ocr_carea' id='block_1_35' title="bbox 1929 617 3503 690">
    <p class='ocr_par' dir='ltr' id='par_1_35' title="bbox 1929 617 3503 690">
     <span class='ocr_line' id='line_1_35' title="bbox 1929 617 3503 690; baseline -0.003 -16"><span class='ocrx_word' id='word_1_272' title='bbox 1929 622 2082 690; x_wconf 87' lang='lat' dir='ltr'><strong>quasi</strong></span> <span class='ocrx_word' id='word_1_273' title='bbox 2112 622 2219 675; x_wconf 82' lang='lat' dir='ltr'><strong>dux</strong></span> <span class='ocrx_word' id='word_1_274' title='bbox 2254 618 2491 681; x_wconf 88' lang='lat' dir='ltr'><strong>exsistit,</strong></span> <span class='ocrx_word' id='word_1_275' title='bbox 2510 628 2560 673; x_wconf 92' lang='lat' dir='ltr'><strong>et</strong></span> <span class='ocrx_word' id='word_1_276' title='bbox 2597 629 2814 671; x_wconf 86' lang='lat' dir='ltr'><strong>auctor:</strong></span> <span class='ocrx_word' id='word_1_277' title='bbox 2842 617 2895 670; x_wconf 91' lang='lat' dir='ltr'><strong>in</strong></span> <span class='ocrx_word' id='word_1_278' title='bbox 2927 618 3105 671; x_wconf 81' lang='lat' dir='ltr'><strong>divina</strong></span> <span class='ocrx_word' id='word_1_279' title='bbox 3142 632 3268 670; x_wconf 84' lang='lat' dir='ltr'><strong>vero</strong></span> <span class='ocrx_word' id='word_1_280' title='bbox 3290 617 3503 671; x_wconf 86' lang='lat' dir='ltr'><strong>bierar-</strong></span> 
     </span>
    </p>
   </div>
   <div class='ocr_carea' id='block_1_36' title="bbox 1934 707 3506 778">
    <p class='ocr_par' dir='ltr' id='par_1_36' title="bbox 1934 707 3506 778">
     <span class='ocr_line' id='line_1_36' title="bbox 1934 707 3506 778; baseline -0.001 -13"><span class='ocrx_word' id='word_1_281' title='bbox 1934 711 2079 776; x_wconf 82' lang='lat' dir='ltr'><strong>chia,</strong></span> <span class='ocrx_word' id='word_1_282' title='bbox 2107 720 2165 765; x_wconf 87' lang='lat' dir='ltr'><strong>et</strong></span> <span class='ocrx_word' id='word_1_283' title='bbox 2210 709 2440 764; x_wconf 91' lang='lat' dir='ltr'><strong>scientia</strong></span> <span class='ocrx_word' id='word_1_284' title='bbox 2477 718 2531 764; x_wconf 88' lang='lat' dir='ltr'><strong>et</strong></span> <span class='ocrx_word' id='word_1_285' title='bbox 2553 709 2796 778; x_wconf 78' lang='lat' dir='ltr'><strong>operatio</strong></span> <span class='ocrx_word' id='word_1_286' title='bbox 2822 723 2851 761; x_wconf 89' lang='lat' dir='ltr'><strong>a</strong></span> <span class='ocrx_word' id='word_1_287' title='bbox 2885 707 2995 763; x_wconf 88' lang='lat' dir='ltr'><strong>Deo</strong></span> <span class='ocrx_word' id='word_1_288' title='bbox 3022 718 3126 763; x_wconf 87' lang='lat' dir='ltr'><strong>est.</strong></span> <span class='ocrx_word' id='word_1_289' title='bbox 3171 707 3399 778; x_wconf 89' lang='lat' dir='ltr'><strong>Specula</strong></span> <span class='ocrx_word' id='word_1_290' title='bbox 3428 708 3506 764; x_wconf 36' lang='lat' dir='ltr'><strong>sie</strong></span> 
     </span>
    </p>
   </div>
   <div class='ocr_carea' id='block_1_37' title="bbox 1931 799 3507 872">
    <p class='ocr_par' dir='ltr' id='par_1_37' title="bbox 1931 799 3507 872">
     <span class='ocr_line' id='line_1_37' title="bbox 1931 799 3507 872; baseline 0 -17"><span class='ocrx_word' id='word_1_291' title='bbox 1931 801 2148 872; x_wconf 82' lang='lat' dir='ltr'><strong>quidem</strong></span> <span class='ocrx_word' id='word_1_292' title='bbox 2200 800 2626 855; x_wconf 82' lang='lat' dir='ltr'><strong>illuminationes</strong></span> <span class='ocrx_word' id='word_1_293' title='bbox 2675 799 2964 869; x_wconf 88' lang='lat' dir='ltr'><strong>recipiunt,</strong></span> <span class='ocrx_word' id='word_1_294' title='bbox 3012 799 3105 853; x_wconf 87' lang='lat' dir='ltr'><strong>sed</strong></span> <span class='ocrx_word' id='word_1_295' title='bbox 3133 814 3229 869; x_wconf 86' lang='lat' dir='ltr'><strong>per</strong></span> <span class='ocrx_word' id='word_1_296' title='bbox 3257 799 3507 856; x_wconf 82' lang='lat' dir='ltr'><strong>reﬂexio-</strong></span> 
     </span>
    </p>
   </div>
   <div class='ocr_carea' id='block_1_38' title="bbox 1931 889 3505 947">
    <p class='ocr_par' dir='ltr' id='par_1_38' title="bbox 1931 889 3505 947">
     <span class='ocr_line' id='line_1_38' title="bbox 1931 889 3505 947; baseline 0.003 -4"><span class='ocrx_word' id='word_1_297' title='bbox 1931 904 2056 943; x_wconf 90' lang='lat' dir='ltr'><strong>nem</strong></span> <span class='ocrx_word' id='word_1_298' title='bbox 2091 890 2157 944; x_wconf 89' lang='lat' dir='ltr'><strong>ad</strong></span> <span class='ocrx_word' id='word_1_299' title='bbox 2183 890 2459 945; x_wconf 88' lang='lat' dir='ltr'><strong>exteriora</strong></span> <span class='ocrx_word' id='word_1_300' title='bbox 2497 890 2781 944; x_wconf 89' lang='lat' dir='ltr'><strong>remittunt</strong></span> <span class='ocrx_word' id='word_1_301' title='bbox 2826 902 2842 943; x_wconf 91' lang='lat'><strong>:</strong></span> <span class='ocrx_word' id='word_1_302' title='bbox 2889 890 3030 944; x_wconf 92' lang='lat' dir='ltr'><strong>idem</strong></span> <span class='ocrx_word' id='word_1_303' title='bbox 3064 891 3118 944; x_wconf 93' lang='lat' dir='ltr'><strong>in</strong></span> <span class='ocrx_word' id='word_1_304' title='bbox 3145 889 3342 946; x_wconf 88' lang='lat' dir='ltr'><strong>divinis</strong></span> <span class='ocrx_word' id='word_1_305' title='bbox 3377 906 3505 947; x_wconf 82' lang='lat' dir='ltr'><strong>san-</strong></span> 
     </span>
    </p>
   </div>
   <div class='ocr_carea' id='block_1_39' title="bbox 1932 978 3508 1044">
    <p class='ocr_par' dir='ltr' id='par_1_39' title="bbox 1932 978 3508 1044">
     <span class='ocr_line' id='line_1_39' title="bbox 1932 978 3508 1044; baseline 0.002 -11"><span class='ocrx_word' id='word_1_306' title='bbox 1932 979 2205 1034; x_wconf 86' lang='lat' dir='ltr'><strong>ctionibus</strong></span> <span class='ocrx_word' id='word_1_307' title='bbox 2258 980 2440 1033; x_wconf 91' lang='lat' dir='ltr'><strong>videre</strong></span> <span class='ocrx_word' id='word_1_308' title='bbox 2477 978 2627 1044; x_wconf 90' lang='lat' dir='ltr'><strong>licet,</strong></span> <span class='ocrx_word' id='word_1_309' title='bbox 2677 980 2805 1033; x_wconf 90' lang='lat' dir='ltr'><strong>dum</strong></span> <span class='ocrx_word' id='word_1_310' title='bbox 2850 994 3095 1034; x_wconf 86' lang='lat' dir='ltr'><strong>summus</strong></span> <span class='ocrx_word' id='word_1_311' title='bbox 3129 980 3389 1036; x_wconf 82' lang='lat' dir='ltr'><strong>sacerdos</strong></span> <span class='ocrx_word' id='word_1_312' title='bbox 3439 983 3508 1037; x_wconf 91' lang='lat' dir='ltr'><strong>ab</strong></span> 
     </span>
    </p>
   </div>
   <div class='ocr_carea' id='block_1_40' title="bbox 1936 1070 3508 1143">
    <p class='ocr_par' dir='ltr' id='par_1_40' title="bbox 1936 1070 3508 1143">
     <span class='ocr_line' id='line_1_40' title="bbox 1936 1070 3508 1143; baseline 0.002 -17"><span class='ocrx_word' id='word_1_313' title='bbox 1936 1072 2171 1143; x_wconf 87' lang='lat' dir='ltr'><strong>ipsamet</strong></span> <span class='ocrx_word' id='word_1_314' title='bbox 2237 1072 2544 1127; x_wconf 88' lang='lat' dir='ltr'><strong>hierarchia</strong></span> <span class='ocrx_word' id='word_1_315' title='bbox 2610 1070 3049 1128; x_wconf 72' lang='lat' dir='ltr'><strong>illustrationem&#39;</strong></span> <span class='ocrx_word' id='word_1_316' title='bbox 3103 1083 3387 1143; x_wconf 73' lang='lat' dir='ltr'><strong>acceptam</strong></span> <span class='ocrx_word' id='word_1_317' title='bbox 3452 1074 3508 1129; x_wconf 91' lang='lat' dir='ltr'><strong>in</strong></span> 
     </span>
    </p>
   </div>
   <div class='ocr_carea' id='block_1_41' title="bbox 1933 1164 3506 1237">
    <p class='ocr_par' dir='ltr' id='par_1_41' title="bbox 1933 1164 3506 1237">
     <span class='ocr_line' id='line_1_41' title="bbox 1933 1164 3506 1237; baseline 0 -18"><span class='ocrx_word' id='word_1_318' title='bbox 1933 1165 2282 1237; x_wconf 81' lang='lat' dir='ltr'><strong>presbyteros</strong></span> <span class='ocrx_word' id='word_1_319' title='bbox 2329 1180 2393 1219; x_wconf 90' lang='lat' dir='ltr'><strong>ac</strong></span> <span class='ocrx_word' id='word_1_320' title='bbox 2435 1165 2691 1220; x_wconf 84' lang='lat' dir='ltr'><strong>diaconos</strong></span> <span class='ocrx_word' id='word_1_321' title='bbox 2734 1164 2973 1233; x_wconf 86' lang='lat' dir='ltr'><strong>trajicit;</strong></span> <span class='ocrx_word' id='word_1_322' title='bbox 3002 1167 3117 1234; x_wconf 90' lang='lat' dir='ltr'><strong>qui,</strong></span> <span class='ocrx_word' id='word_1_323' title='bbox 3165 1166 3286 1221; x_wconf 91' lang='lat' dir='ltr'><strong>luce</strong></span> <span class='ocrx_word' id='word_1_324' title='bbox 3337 1164 3506 1235; x_wconf 84' lang='lat' dir='ltr'><strong>pleni,</strong></span> 
     </span>
    </p>
   </div>
   <div class='ocr_carea' id='block_1_42' title="bbox 1935 1256 3507 1329">
    <p class='ocr_par' dir='ltr' id='par_1_42' title="bbox 1935 1256 3507 1329">
     <span class='ocr_line' id='line_1_42' title="bbox 1935 1256 3507 1329; baseline 0.003 -18"><span class='ocrx_word' id='word_1_325' title='bbox 1935 1256 1992 1313; x_wconf 91' lang='lat' dir='ltr'><strong>in</strong></span> <span class='ocrx_word' id='word_1_326' title='bbox 2013 1267 2239 1312; x_wconf 67' lang='lat' dir='ltr'><strong>caeteros</strong></span> <span class='ocrx_word' id='word_1_327' title='bbox 2269 1256 2515 1312; x_wconf 88' lang='lat' dir='ltr'><strong>eamdem</strong></span> <span class='ocrx_word' id='word_1_328' title='bbox 2550 1256 2970 1322; x_wconf 80' lang='lat' dir='ltr'><strong>transfundunt;</strong></span> <span class='ocrx_word' id='word_1_329' title='bbox 3005 1274 3129 1313; x_wconf 92' lang='lat' dir='ltr'><strong>nam</strong></span> <span class='ocrx_word' id='word_1_330' title='bbox 3160 1259 3213 1314; x_wconf 88' lang='lat' dir='ltr'><strong>id</strong></span> <span class='ocrx_word' id='word_1_331' title='bbox 3237 1261 3379 1329; x_wconf 90' lang='lat' dir='ltr'><strong>quod</strong></span> <span class='ocrx_word' id='word_1_332' title='bbox 3404 1260 3507 1315; x_wconf 48' lang='lat' dir='ltr'><strong>mi‘</strong></span> 
     </span>
    </p>
   </div>
   <div class='ocr_carea' id='block_1_43' title="bbox 1936 1349 3509 1421">
    <p class='ocr_par' dir='ltr' id='par_1_43' title="bbox 1936 1349 3509 1421">
     <span class='ocr_line' id='line_1_43' title="bbox 1936 1349 3509 1421; baseline 0.004 -17"><span class='ocrx_word' id='word_1_333' title='bbox 1936 1366 2037 1406; x_wconf 91' lang='lat' dir='ltr'><strong>nus</strong></span> <span class='ocrx_word' id='word_1_334' title='bbox 2057 1359 2139 1405; x_wconf 85' lang='lat' dir='ltr'><strong>est</strong></span> <span class='ocrx_word' id='word_1_335' title='bbox 2166 1366 2195 1403; x_wconf 90' lang='lat' dir='ltr'><strong>a</strong></span> <span class='ocrx_word' id='word_1_336' title='bbox 2228 1349 2421 1418; x_wconf 80' lang='lat' dir='ltr'><strong>majori</strong></span> <span class='ocrx_word' id='word_1_337' title='bbox 2448 1350 2804 1404; x_wconf 88' lang='lat' dir='ltr'><strong>benedicitur.</strong></span> <span class='ocrx_word' id='word_1_338' title='bbox 2838 1350 3016 1421; x_wconf 80' lang='lat' dir='ltr'><strong>Neque</strong></span> <span class='ocrx_word' id='word_1_339' title='bbox 3039 1353 3183 1408; x_wconf 89' lang='lat' dir='ltr'><strong>enim</strong></span> <span class='ocrx_word' id='word_1_340' title='bbox 3224 1354 3306 1408; x_wconf 78' lang='lat' dir='ltr'><strong>fas</strong></span> <span class='ocrx_word' id='word_1_341' title='bbox 3336 1363 3418 1409; x_wconf 87' lang='lat' dir='ltr'><strong>est</strong></span> <span class='ocrx_word' id='word_1_342' title='bbox 3442 1355 3509 1410; x_wconf 89' lang='lat' dir='ltr'><strong>iis</strong></span> 
     </span>
    </p>
   </div>
   <div class='ocr_carea' id='block_1_44' title="bbox 1936 1441 3508 1511">
    <p class='ocr_par' dir='ltr' id='par_1_44' title="bbox 1936 1441 3508 1511">
     <span class='ocr_line' id='line_1_44' title="bbox 1936 1441 3508 1511; baseline 0.002 -16"><span class='ocrx_word' id='word_1_343' title='bbox 1936 1441 2027 1511; x_wconf 92' lang='lat' dir='ltr'><strong>qui</strong></span> <span class='ocrx_word' id='word_1_344' title='bbox 2050 1442 2223 1497; x_wconf 86' lang='lat' dir='ltr'><strong>sacris</strong></span> <span class='ocrx_word' id='word_1_345' title='bbox 2251 1443 2446 1497; x_wconf 91' lang='lat' dir='ltr'><strong>initiati</strong></span> <span class='ocrx_word' id='word_1_346' title='bbox 2480 1450 2626 1506; x_wconf 91' lang='lat' dir='ltr'><strong>sunt,</strong></span> <span class='ocrx_word' id='word_1_347' title='bbox 2664 1442 2962 1511; x_wconf 83' lang='lat' dir='ltr'><strong>quidquam</strong></span> <span class='ocrx_word' id='word_1_348' title='bbox 2988 1454 3179 1499; x_wconf 91' lang='lat' dir='ltr'><strong>contra</strong></span> <span class='ocrx_word' id='word_1_349' title='bbox 3208 1459 3390 1500; x_wconf 86' lang='lat' dir='ltr'><strong>sacras</strong></span> <span class='ocrx_word' id='word_1_350' title='bbox 3414 1460 3508 1501; x_wconf 79' lang='lat' dir='ltr'><strong>or-</strong></span> 
     </span>
    </p>
   </div>
   <div class='ocr_carea' id='block_1_45' title="bbox 1938 1533 3506 1605">
    <p class='ocr_par' dir='ltr' id='par_1_45' title="bbox 1938 1533 3506 1605">
     <span class='ocr_line' id='line_1_45' title="bbox 1938 1533 3506 1605; baseline 0.004 -19"><span class='ocrx_word' id='word_1_351' title='bbox 1938 1533 2246 1589; x_wconf 80' lang='lat' dir='ltr'><strong>dinationes</strong></span> <span class='ocrx_word' id='word_1_352' title='bbox 2268 1546 2450 1605; x_wconf 75' lang='lat' dir='ltr'><strong>agere,</strong></span> <span class='ocrx_word' id='word_1_353' title='bbox 2494 1533 2643 1588; x_wconf 85' lang='lat' dir='ltr'><strong>verbi</strong></span> <span class='ocrx_word' id='word_1_354' title='bbox 2668 1533 2865 1602; x_wconf 79' lang='lat' dir='ltr'><strong>gratia,</strong></span> <span class='ocrx_word' id='word_1_355' title='bbox 2905 1534 3133 1589; x_wconf 89' lang='lat' dir='ltr'><strong>diacono</strong></span> <span class='ocrx_word' id='word_1_356' title='bbox 3169 1535 3506 1603; x_wconf 82' lang='lat' dir='ltr'><strong>sacriﬁcare,</strong></span> 
     </span>
    </p>
   </div>
   <div class='ocr_carea' id='block_1_46' title="bbox 1937 1624 3510 1696">
    <p class='ocr_par' dir='ltr' id='par_1_46' title="bbox 1937 1624 3510 1696">
     <span class='ocr_line' id='line_1_46' title="bbox 1937 1624 3510 1696; baseline 0.005 -19"><span class='ocrx_word' id='word_1_357' title='bbox 1937 1624 2025 1678; x_wconf 90' lang='lat' dir='ltr'><strong>vel</strong></span> <span class='ocrx_word' id='word_1_358' title='bbox 2064 1625 2382 1696; x_wconf 81' lang='lat' dir='ltr'><strong>presbytero</strong></span> <span class='ocrx_word' id='word_1_359' title='bbox 2417 1625 2765 1681; x_wconf 82' lang='lat' dir='ltr'><strong>conﬁrmare.</strong></span> <span class='ocrx_word' id='word_1_360' title='bbox 2821 1625 3061 1680; x_wconf 73' lang='lat' dir='ltr'><strong>Observa</strong></span> <span class='ocrx_word' id='word_1_361' title='bbox 3091 1626 3236 1680; x_wconf 92' lang='lat' dir='ltr'><strong>enim</strong></span> <span class='ocrx_word' id='word_1_362' title='bbox 3269 1628 3322 1681; x_wconf 94' lang='lat' dir='ltr'><strong>in</strong></span> <span class='ocrx_word' id='word_1_363' title='bbox 3361 1631 3510 1687; x_wconf 80' lang='lat' dir='ltr'><strong>Actis</strong></span> 
     </span>
    </p>
   </div>
   <div class='ocr_carea' id='block_1_47' title="bbox 1933 1715 3507 1787">
    <p class='ocr_par' dir='ltr' id='par_1_47' title="bbox 1933 1715 3507 1787">
     <span class='ocr_line' id='line_1_47' title="bbox 1933 1715 3507 1787; baseline 0.001 -17"><span class='ocrx_word' id='word_1_364' title='bbox 1933 1716 2335 1786; x_wconf 85' lang='lat' dir='ltr'><strong>apostolorum,</strong></span> <span class='ocrx_word' id='word_1_365' title='bbox 2365 1717 2634 1786; x_wconf 89' lang='lat' dir='ltr'><strong>quomodo</strong></span> <span class='ocrx_word' id='word_1_366' title='bbox 2663 1715 2940 1786; x_wconf 86' lang='lat' dir='ltr'><strong>Philippus</strong></span> <span class='ocrx_word' id='word_1_367' title='bbox 2969 1731 3075 1769; x_wconf 92' lang='lat' dir='ltr'><strong>non</strong></span> <span class='ocrx_word' id='word_1_368' title='bbox 3114 1716 3205 1770; x_wconf 91' lang='lat' dir='ltr'><strong>det</strong></span> <span class='ocrx_word' id='word_1_369' title='bbox 3246 1715 3507 1787; x_wconf 89' lang='lat' dir='ltr'><strong>Spiritum</strong></span> 
     </span>
    </p>
   </div>
   <div class='ocr_carea' id='block_1_48' title="bbox 1862 1792 3509 1877">
    <p class='ocr_par' dir='ltr' id='par_1_48' title="bbox 1862 1792 3509 1877">
     <span class='ocr_line' id='line_1_48' title="bbox 1862 1792 3509 1877; baseline -0.001 -14"><span class='ocrx_word' id='word_1_370' title='bbox 1862 1792 1906 1848; x_wconf 79' lang='grc' dir='ltr'>Β</span> <span class='ocrx_word' id='word_1_371' title='bbox 1935 1816 2205 1863; x_wconf 87' lang='lat' dir='ltr'><strong>sanctum.</strong></span> <span class='ocrx_word' id='word_1_372' title='bbox 2263 1805 2370 1863; x_wconf 87' lang='lat' dir='ltr'><strong>Sed</strong></span> <span class='ocrx_word' id='word_1_373' title='bbox 2422 1822 2600 1877; x_wconf 90' lang='lat' dir='ltr'><strong>neque</strong></span> <span class='ocrx_word' id='word_1_374' title='bbox 2653 1806 2811 1862; x_wconf 85' lang='lat' dir='ltr'><strong>aliter</strong></span> <span class='ocrx_word' id='word_1_375' title='bbox 2862 1807 2928 1861; x_wconf 88' lang='lat' dir='ltr'><strong>iis</strong></span> <span class='ocrx_word' id='word_1_376' title='bbox 2978 1807 3175 1862; x_wconf 86' lang='lat' dir='ltr'><strong>asserit</strong></span> <span class='ocrx_word' id='word_1_377' title='bbox 3222 1820 3509 1877; x_wconf 88' lang='lat' dir='ltr'><strong>suppetere</strong></span> 
     </span>
    </p>
   </div>
   <div class='ocr_carea' id='block_1_49' title="bbox 1937 1898 3506 1970">
    <p class='ocr_par' dir='ltr' id='par_1_49' title="bbox 1937 1898 3506 1970">
     <span class='ocr_line' id='line_1_49' title="bbox 1937 1898 3506 1970; baseline -0.002 -15"><span class='ocrx_word' id='word_1_378' title='bbox 1937 1898 2437 1964; x_wconf 79' lang='lat' dir='ltr'><strong>sanctificationes,</strong></span> <span class='ocrx_word' id='word_1_379' title='bbox 2498 1914 2663 1970; x_wconf 88' lang='lat' dir='ltr'><strong>quam</strong></span> <span class='ocrx_word' id='word_1_380' title='bbox 2717 1898 2872 1967; x_wconf 80' lang='lat' dir='ltr'><strong>juxta</strong></span> <span class='ocrx_word' id='word_1_381' title='bbox 2939 1899 3190 1968; x_wconf 85' lang='lat' dir='ltr'><strong>primitus</strong></span> <span class='ocrx_word' id='word_1_382' title='bbox 3254 1899 3506 1954; x_wconf 82' lang='lat' dir='ltr'><strong>traditam</strong></span> 
     </span>
    </p>
   </div>
   <div class='ocr_carea' id='block_1_50' title="bbox 1935 1996 3509 2067">
    <p class='ocr_par' dir='ltr' id='par_1_50' title="bbox 1935 1996 3509 2067">
     <span class='ocr_line' id='line_1_50' title="bbox 1935 1996 3509 2067; baseline -0.001 -15"><span class='ocrx_word' id='word_1_383' title='bbox 1935 2007 2250 2053; x_wconf 90' lang='lat' dir='ltr'><strong>sanctorum</strong></span> <span class='ocrx_word' id='word_1_384' title='bbox 2278 1998 2647 2067; x_wconf 87' lang='lat' dir='ltr'><strong>apostolorum</strong></span> <span class='ocrx_word' id='word_1_385' title='bbox 2677 1996 3114 2063; x_wconf 88' lang='lat' dir='ltr'><strong>ordinationem;</strong></span> <span class='ocrx_word' id='word_1_386' title='bbox 3167 1998 3212 2054; x_wconf 87' lang='lat' dir='ltr'><strong>si</strong></span> <span class='ocrx_word' id='word_1_387' title='bbox 3238 2000 3397 2052; x_wconf 90' lang='lat' dir='ltr'><strong>modo</strong></span> <span class='ocrx_word' id='word_1_388' title='bbox 3419 2011 3509 2051; x_wconf 86' lang='lat' dir='ltr'><strong>sa-</strong></span> 
     </span>
    </p>
   </div>
   <div class='ocr_carea' id='block_1_51' title="bbox 1935 2086 3507 2163">
    <p class='ocr_par' dir='ltr' id='par_1_51' title="bbox 1935 2086 3507 2163">
     <span class='ocr_line' id='line_1_51' title="bbox 1935 2086 3507 2163; baseline 0 -20"><span class='ocrx_word' id='word_1_389' title='bbox 1935 2090 2013 2143; x_wconf 90' lang='lat' dir='ltr'><strong>cri</strong></span> <span class='ocrx_word' id='word_1_390' title='bbox 2047 2087 2353 2159; x_wconf 88' lang='lat' dir='ltr'><strong>splendoris</strong></span> <span class='ocrx_word' id='word_1_391' title='bbox 2383 2090 2627 2145; x_wconf 89' lang='lat' dir='ltr'><strong>ambiant</strong></span> <span class='ocrx_word' id='word_1_392' title='bbox 2653 2089 3141 2160; x_wconf 89' lang='lat' dir='ltr'><strong>participationem,</strong></span> <span class='ocrx_word' id='word_1_393' title='bbox 3194 2103 3298 2158; x_wconf 91' lang='lat' dir='ltr'><strong>qua</strong></span> <span class='ocrx_word' id='word_1_394' title='bbox 3330 2086 3507 2163; x_wconf 40' lang='lat' dir='ltr'><strong>.juxta</strong></span> 
     </span>
    </p>
   </div>
   <div class='ocr_carea' id='block_1_52' title="bbox 1934 2180 3505 2239">
    <p class='ocr_par' dir='ltr' id='par_1_52' title="bbox 1934 2180 3505 2239">
     <span class='ocr_line' id='line_1_52' title="bbox 1934 2180 3505 2239; baseline -0.002 -2"><span class='ocrx_word' id='word_1_395' title='bbox 1934 2181 2235 2239; x_wconf 63' lang='lat' dir='ltr'><strong>caelestium</strong></span> <span class='ocrx_word' id='word_1_396' title='bbox 2262 2182 2521 2237; x_wconf 86' lang='lat' dir='ltr'><strong>virtutum</strong></span> <span class='ocrx_word' id='word_1_397' title='bbox 2572 2183 2820 2239; x_wconf 85' lang='lat' dir='ltr'><strong>ordinem</strong></span> <span class='ocrx_word' id='word_1_398' title='bbox 2856 2180 3317 2237; x_wconf 85' lang='lat' dir='ltr'><strong>transformentur</strong></span> <span class='ocrx_word' id='word_1_399' title='bbox 3340 2198 3355 2234; x_wconf 86' lang='lat'><strong>:</strong></span> <span class='ocrx_word' id='word_1_400' title='bbox 3381 2196 3505 2234; x_wconf 88' lang='lat' dir='ltr'><strong>nam</strong></span> 
     </span>
    </p>
   </div>
   <div class='ocr_carea' id='block_1_53' title="bbox 1935 2272 3508 2346">
    <p class='ocr_par' dir='ltr' id='par_1_53' title="bbox 1935 2272 3508 2346">
     <span class='ocr_line' id='line_1_53' title="bbox 1935 2272 3508 2346; baseline -0.002 -17"><span class='ocrx_word' id='word_1_401' title='bbox 1935 2283 1991 2329; x_wconf 90' lang='lat' dir='ltr'><strong>et</strong></span> <span class='ocrx_word' id='word_1_402' title='bbox 2021 2275 2093 2330; x_wconf 85' lang='lat' dir='ltr'><strong>ibi</strong></span> <span class='ocrx_word' id='word_1_403' title='bbox 2123 2282 2207 2330; x_wconf 93' lang='lat' dir='ltr'><strong>est</strong></span> <span class='ocrx_word' id='word_1_404' title='bbox 2238 2275 2472 2345; x_wconf 88' lang='lat' dir='ltr'><strong>primum</strong></span> <span class='ocrx_word' id='word_1_405' title='bbox 2502 2289 2566 2329; x_wconf 91' lang='lat' dir='ltr'><strong>ac</strong></span> <span class='ocrx_word' id='word_1_406' title='bbox 2593 2273 2704 2346; x_wconf 67' lang='grc'><strong>34</strong></span> <span class='ocrx_word' id='word_1_407' title='bbox 2741 2274 3062 2337; x_wconf 87' lang='lat' dir='ltr'><strong>secundum,</strong></span> <span class='ocrx_word' id='word_1_408' title='bbox 3107 2284 3161 2327; x_wconf 90' lang='lat' dir='ltr'><strong>et</strong></span> <span class='ocrx_word' id='word_1_409' title='bbox 3194 2273 3301 2327; x_wconf 90' lang='lat' dir='ltr'><strong>Deo</strong></span> <span class='ocrx_word' id='word_1_410' title='bbox 3325 2272 3508 2341; x_wconf 57' lang='lat' dir='ltr'><strong>proxic</strong></span> 
     </span>
    </p>
   </div>
   <div class='ocr_carea' id='block_1_54' title="bbox 1939 2364 3509 2435">
    <p class='ocr_par' dir='ltr' id='par_1_54' title="bbox 1939 2364 3509 2435">
     <span class='ocr_line' id='line_1_54' title="bbox 1939 2364 3509 2435; baseline -0.002 -14"><span class='ocrx_word' id='word_1_411' title='bbox 1939 2383 2107 2432; x_wconf 89' lang='lat' dir='ltr'><strong>mum,</strong></span> <span class='ocrx_word' id='word_1_412' title='bbox 2157 2376 2212 2423; x_wconf 89' lang='lat' dir='ltr'><strong>et</strong></span> <span class='ocrx_word' id='word_1_413' title='bbox 2259 2374 2549 2434; x_wconf 85' lang='lat' dir='ltr'><strong>remotum,</strong></span> <span class='ocrx_word' id='word_1_414' title='bbox 2610 2369 2684 2422; x_wconf 79' lang='lat' dir='ltr'><strong>ita</strong></span> <span class='ocrx_word' id='word_1_415' title='bbox 2733 2378 2793 2421; x_wconf 88' lang='lat' dir='ltr'><strong>ut</strong></span> <span class='ocrx_word' id='word_1_416' title='bbox 2835 2367 2925 2421; x_wconf 92' lang='lat' dir='ltr'><strong>ille</strong></span> <span class='ocrx_word' id='word_1_417' title='bbox 2952 2366 3087 2421; x_wconf 91' lang='lat' dir='ltr'><strong>ordo</strong></span> <span class='ocrx_word' id='word_1_418' title='bbox 3111 2364 3509 2435; x_wconf 88' lang='lat' dir='ltr'><strong>complectatur</strong></span> 
     </span>
    </p>
   </div>
   <div class='ocr_carea' id='block_1_55' title="bbox 1936 2457 3509 2529">
    <p class='ocr_par' dir='ltr' id='par_1_55' title="bbox 1936 2457 3509 2529">
     <span class='ocr_line' id='line_1_55' title="bbox 1936 2457 3509 2529; baseline -0.001 -18"><span class='ocrx_word' id='word_1_419' title='bbox 1936 2467 2047 2511; x_wconf 87' lang='lat' dir='ltr'><strong>tam</strong></span> <span class='ocrx_word' id='word_1_420' title='bbox 2077 2458 2323 2514; x_wconf 61' lang='lat' dir='ltr'><strong>caelestia</strong></span> <span class='ocrx_word' id='word_1_421' title='bbox 2351 2474 2517 2529; x_wconf 90' lang='lat' dir='ltr'><strong>quam</strong></span> <span class='ocrx_word' id='word_1_422' title='bbox 2548 2458 2853 2513; x_wconf 86' lang='lat' dir='ltr'><strong>terrestria.</strong></span> <span class='ocrx_word' id='word_1_423' title='bbox 2907 2457 3095 2527; x_wconf 86' lang='lat' dir='ltr'><strong>Itaque</strong></span> <span class='ocrx_word' id='word_1_424' title='bbox 3155 2457 3246 2527; x_wconf 87' lang='lat' dir='ltr'><strong>qui</strong></span> <span class='ocrx_word' id='word_1_425' title='bbox 3295 2457 3509 2512; x_wconf 74' lang='lat' dir='ltr'><strong>bierar-</strong></span> 
     </span>
    </p>
   </div>
   <div class='ocr_carea' id='block_1_56' title="bbox 1935 2550 3509 2620">
    <p class='ocr_par' dir='ltr' id='par_1_56' title="bbox 1935 2550 3509 2620">
     <span class='ocr_line' id='line_1_56' title="bbox 1935 2550 3509 2620; baseline -0.001 -14"><span class='ocrx_word' id='word_1_426' title='bbox 1935 2552 2120 2606; x_wconf 89' lang='lat' dir='ltr'><strong>chiam</strong></span> <span class='ocrx_word' id='word_1_427' title='bbox 2154 2553 2419 2614; x_wconf 91' lang='lat' dir='ltr'><strong>nominat,</strong></span> <span class='ocrx_word' id='word_1_428' title='bbox 2477 2550 2611 2605; x_wconf 90' lang='lat' dir='ltr'><strong>nibil</strong></span> <span class='ocrx_word' id='word_1_429' title='bbox 2654 2550 2791 2607; x_wconf 86' lang='lat' dir='ltr'><strong>dicit</strong></span> <span class='ocrx_word' id='word_1_430' title='bbox 2836 2550 2982 2605; x_wconf 89' lang='lat' dir='ltr'><strong>aliud</strong></span> <span class='ocrx_word' id='word_1_431' title='bbox 3026 2564 3188 2620; x_wconf 85' lang='lat' dir='ltr'><strong>quam</strong></span> <span class='ocrx_word' id='word_1_432' title='bbox 3221 2564 3341 2620; x_wconf 65' lang='lat' dir='ltr'><strong>quae</strong></span> <span class='ocrx_word' id='word_1_433' title='bbox 3365 2550 3509 2605; x_wconf 72' lang='lat' dir='ltr'><strong>dit-ta</strong></span> 
     </span>
    </p>
   </div>
   <div class='ocr_carea' id='block_1_57' title="bbox 1936 2642 3505 2713">
    <p class='ocr_par' dir='ltr' id='par_1_57' title="bbox 1936 2642 3505 2713">
     <span class='ocr_line' id='line_1_57' title="bbox 1936 2642 3505 2713; baseline 0.001 -18"><span class='ocrx_word' id='word_1_434' title='bbox 1936 2651 2068 2695; x_wconf 87' lang='lat' dir='ltr'><strong>sunt</strong></span> <span class='ocrx_word' id='word_1_435' title='bbox 2097 2644 2368 2712; x_wconf 87' lang='lat' dir='ltr'><strong>superius,</strong></span> <span class='ocrx_word' id='word_1_436' title='bbox 2407 2644 2618 2699; x_wconf 75' lang='lat' dir='ltr'><strong>scilicet</strong></span> <span class='ocrx_word' id='word_1_437' title='bbox 2661 2643 2780 2713; x_wconf 88' lang='lat' dir='ltr'><strong>ejus</strong></span> <span class='ocrx_word' id='word_1_438' title='bbox 2808 2642 3178 2699; x_wconf 77' lang='lat' dir='ltr'><strong>deﬁnitionem</strong></span> <span class='ocrx_word' id='word_1_439' title='bbox 3219 2659 3285 2698; x_wconf 90' lang='lat' dir='ltr'><strong>ac</strong></span> <span class='ocrx_word' id='word_1_440' title='bbox 3322 2642 3505 2709; x_wconf 83' lang='lat' dir='ltr'><strong>linem,</strong></span> 
     </span>
    </p>
   </div>
   <div class='ocr_carea' id='block_1_58' title="bbox 1935 2730 3507 2808">
    <p class='ocr_par' dir='ltr' id='par_1_58' title="bbox 1935 2730 3507 2808">
     <span class='ocr_line' id='line_1_58' title="bbox 1935 2730 3507 2808; baseline 0.003 -23"><span class='ocrx_word' id='word_1_441' title='bbox 1935 2730 1990 2786; x_wconf 89' lang='lat' dir='ltr'><strong>id</strong></span> <span class='ocrx_word' id='word_1_442' title='bbox 2045 2742 2128 2787; x_wconf 89' lang='lat' dir='ltr'><strong>est</strong></span> <span class='ocrx_word' id='word_1_443' title='bbox 2183 2736 2348 2789; x_wconf 86' lang='lat' dir='ltr'><strong>tinem</strong></span> <span class='ocrx_word' id='word_1_444' title='bbox 2402 2736 2673 2801; x_wconf 88' lang='lat' dir='ltr'><strong>ultimum,</strong></span> <span class='ocrx_word' id='word_1_445' title='bbox 2731 2738 2823 2807; x_wconf 92' lang='lat' dir='ltr'><strong>qui</strong></span> <span class='ocrx_word' id='word_1_446' title='bbox 2863 2748 2919 2793; x_wconf 89' lang='lat' dir='ltr'><strong>et</strong></span> <span class='ocrx_word' id='word_1_447' title='bbox 2944 2739 3082 2808; x_wconf 85' lang='lat' dir='ltr'><strong>ipse,</strong></span> <span class='ocrx_word' id='word_1_448' title='bbox 3110 2750 3211 2793; x_wconf 89' lang='lat' dir='ltr'><strong>ceu</strong></span> <span class='ocrx_word' id='word_1_449' title='bbox 3246 2748 3395 2805; x_wconf 69' lang='lat' dir='ltr'><strong>pars,</strong></span> <span class='ocrx_word' id='word_1_450' title='bbox 3440 2735 3507 2788; x_wconf 86' lang='lat' dir='ltr'><strong>ad</strong></span> 
     </span>
    </p>
   </div>
   <div class='ocr_carea' id='block_1_59' title="bbox 1935 2823 3509 2900">
    <p class='ocr_par' dir='ltr' id='par_1_59' title="bbox 1935 2823 3509 2900">
     <span class='ocr_line' id='line_1_59' title="bbox 1935 2823 3509 2900; baseline 0.001 -21"><span class='ocrx_word' id='word_1_451' title='bbox 1935 2823 2302 2881; x_wconf 79' lang='lat' dir='ltr'><strong>deﬁnitionem</strong></span> <span class='ocrx_word' id='word_1_452' title='bbox 2342 2837 2579 2895; x_wconf 82' lang='lat' dir='ltr'><strong>spectat;</strong></span> <span class='ocrx_word' id='word_1_453' title='bbox 2607 2828 2770 2896; x_wconf 88' lang='lat' dir='ltr'><strong>sicut,</strong></span> <span class='ocrx_word' id='word_1_454' title='bbox 2798 2831 2951 2884; x_wconf 85' lang='lat' dir='ltr'><strong>verbi</strong></span> <span class='ocrx_word' id='word_1_455' title='bbox 2984 2829 3183 2900; x_wconf 76' lang='lat' dir='ltr'><strong>gratia,</strong></span> <span class='ocrx_word' id='word_1_456' title='bbox 3212 2828 3257 2883; x_wconf 88' lang='lat' dir='ltr'><strong>si</strong></span> <span class='ocrx_word' id='word_1_457' title='bbox 3281 2827 3509 2883; x_wconf 77' lang='lat' dir='ltr'><strong>deﬁnias</strong></span> 
     </span>
    </p>
   </div>
   <div class='ocr_carea' id='block_1_60' title="bbox 1934 2916 3514 2989">
    <p class='ocr_par' dir='ltr' id='par_1_60' title="bbox 1934 2916 3514 2989">
     <span class='ocr_line' id='line_1_60' title="bbox 1934 2916 3514 2989; baseline 0.003 -20"><span class='ocrx_word' id='word_1_458' title='bbox 1934 2916 2190 2984; x_wconf 89' lang='lat' dir='ltr'><strong>patellam</strong></span> <span class='ocrx_word' id='word_1_459' title='bbox 2214 2932 2336 2976; x_wconf 84' lang='lat' dir='ltr'><strong>esse</strong></span> <span class='ocrx_word' id='word_1_460' title='bbox 2365 2933 2461 2973; x_wconf 88' lang='lat' dir='ltr'><strong>vas</strong></span> <span class='ocrx_word' id='word_1_461' title='bbox 2487 2919 2705 2989; x_wconf 90' lang='lat' dir='ltr'><strong>aliquod</strong></span> <span class='ocrx_word' id='word_1_462' title='bbox 2730 2922 2798 2975; x_wconf 82' lang='lat' dir='ltr'><strong>ad</strong></span> <span class='ocrx_word' id='word_1_463' title='bbox 2828 2922 2981 2976; x_wconf 78' lang='lat' dir='ltr'><strong>cibos</strong></span> <span class='ocrx_word' id='word_1_464' title='bbox 3010 2920 3398 2976; x_wconf 89' lang='lat' dir='ltr'><strong>ministrandos</strong></span> <span class='ocrx_word' id='word_1_465' title='bbox 3421 2934 3514 2974; x_wconf 77' lang='lat' dir='ltr'><strong>ac-</strong></span> 
     </span>
    </p>
   </div>
   <div class='ocr_carea' id='block_1_61' title="bbox 1935 3010 3512 3081">
    <p class='ocr_par' dir='ltr' id='par_1_61' title="bbox 1935 3010 3512 3081">
     <span class='ocr_line' id='line_1_61' title="bbox 1935 3010 3512 3081; baseline 0.001 -17"><span class='ocrx_word' id='word_1_466' title='bbox 1935 3010 2337 3065; x_wconf 88' lang='lat' dir='ltr'><strong>commodatum</strong></span> <span class='ocrx_word' id='word_1_467' title='bbox 2370 3027 2385 3076; x_wconf 89' lang='lat'><strong>;</strong></span> <span class='ocrx_word' id='word_1_468' title='bbox 2435 3011 2527 3081; x_wconf 91' lang='lat' dir='ltr'><strong>qui</strong></span> <span class='ocrx_word' id='word_1_469' title='bbox 2562 3012 2687 3067; x_wconf 85' lang='lat' dir='ltr'><strong>ﬁnis</strong></span> <span class='ocrx_word' id='word_1_470' title='bbox 2723 3013 2842 3080; x_wconf 84' lang='lat' dir='ltr'><strong>ejus</strong></span> <span class='ocrx_word' id='word_1_471' title='bbox 2875 3022 2977 3069; x_wconf 91' lang='lat' dir='ltr'><strong>est.</strong></span> <span class='ocrx_word' id='word_1_472' title='bbox 3022 3013 3197 3068; x_wconf 84' lang='lat' dir='ltr'><strong>lnstar</strong></span> <span class='ocrx_word' id='word_1_473' title='bbox 3218 3014 3387 3069; x_wconf 88' lang='lat' dir='ltr'><strong>unius</strong></span> <span class='ocrx_word' id='word_1_474' title='bbox 3409 3013 3512 3067; x_wconf 52' lang='lat' dir='ltr'><strong>ita.</strong></span> 
     </span>
    </p>
   </div>
   <div class='ocr_carea' id='block_1_62' title="bbox 240 3101 1833 3199">
    <p class='ocr_par' dir='ltr' id='par_1_62' title="bbox 240 3114 1829 3193">
     <span class='ocr_line' id='line_1_62' title="bbox 240 3114 1829 3193; baseline 0.006 -27"><span class='ocrx_word' id='word_1_475' title='bbox 240 3131 355 3182; x_wconf 83' lang='grc' dir='ltr'><strong>γων</strong></span> <span class='ocrx_word' id='word_1_476' title='bbox 379 3114 591 3185; x_wconf 91' lang='grc' dir='ltr'>ταύτην</span> <span class='ocrx_word' id='word_1_477' title='bbox 619 3116 773 3169; x_wconf 85' lang='grc' dir='ltr'>οὐδὲν</span> <span class='ocrx_word' id='word_1_478' title='bbox 802 3117 986 3189; x_wconf 76' lang='grc' dir='ltr'>ἕτερον</span> <span class='ocrx_word' id='word_1_479' title='bbox 1013 3117 1161 3186; x_wconf 88' lang='grc' dir='ltr'>λέγει</span> <span class='ocrx_word' id='word_1_480' title='bbox 1201 3118 1234 3191; x_wconf 73' lang='grc' dir='ltr'><strong>ἢ</strong></span> <span class='ocrx_word' id='word_1_481' title='bbox 1271 3119 1423 3192; x_wconf 85' lang='grc' dir='ltr'>ίεράν</span> <span class='ocrx_word' id='word_1_482' title='bbox 1451 3119 1829 3193; x_wconf 82' lang='grc' dir='ltr'>διακόσμησιν.</span> 
     </span>
    </p>
   </div>
   <div class='ocr_carea' id='block_1_63' title="bbox 1935 3101 3514 3199">
    <p class='ocr_par' dir='ltr' id='par_1_63' title="bbox 1935 3101 3514 3175">
     <span class='ocr_line' id='line_1_63' title="bbox 1935 3101 3514 3175; baseline 0.003 -21"><span class='ocrx_word' id='word_1_483' title='bbox 1935 3116 2041 3172; x_wconf 93' lang='lat' dir='ltr'><strong>que</strong></span> <span class='ocrx_word' id='word_1_484' title='bbox 2075 3101 2375 3170; x_wconf 75' lang='lat' dir='ltr'><strong>coniungit,</strong></span> <span class='ocrx_word' id='word_1_485' title='bbox 2407 3116 2526 3171; x_wconf 72' lang='lat' dir='ltr'><strong>qua:</strong></span> <span class='ocrx_word' id='word_1_486' title='bbox 2547 3104 2619 3157; x_wconf 91' lang='lat' dir='ltr'><strong>sit</strong></span> <span class='ocrx_word' id='word_1_487' title='bbox 2647 3103 2978 3167; x_wconf 88' lang='lat' dir='ltr'><strong>bierarchia,</strong></span> <span class='ocrx_word' id='word_1_488' title='bbox 3019 3113 3075 3159; x_wconf 91' lang='lat' dir='ltr'><strong>et</strong></span> <span class='ocrx_word' id='word_1_489' title='bbox 3114 3120 3361 3174; x_wconf 64' lang='lat' dir='ltr'><strong>quaenam</strong></span> <span class='ocrx_word' id='word_1_490' title='bbox 3391 3105 3514 3175; x_wconf 88' lang='lat' dir='ltr'><strong>ejus</strong></span> 
     </span>
    </p>
   </div>
   <div class='ocr_carea' id='block_1_64' title="bbox 238 3196 1833 3285">
    <p class='ocr_par' dir='ltr' id='par_1_64' title="bbox 238 3205 1833 3285">
     <span class='ocr_line' id='line_1_64' title="bbox 238 3205 1833 3285; baseline 0.006 -27"><span class='ocrx_word' id='word_1_491' title='bbox 238 3206 496 3259; x_wconf 77' lang='grc' dir='ltr'>Καθόλου</span> <span class='ocrx_word' id='word_1_492' title='bbox 551 3206 610 3259; x_wconf 84' lang='grc' dir='ltr'>δὲ</span> <span class='ocrx_word' id='word_1_493' title='bbox 645 3205 790 3273; x_wconf 74' lang='grc' dir='ltr'>εἷπε,</span> <span class='ocrx_word' id='word_1_494' title='bbox 832 3210 1079 3280; x_wconf 86' lang='grc' dir='ltr'>συνάγων</span> <span class='ocrx_word' id='word_1_495' title='bbox 1110 3212 1210 3284; x_wconf 90' lang='grc' dir='ltr'><strong>τήν</strong></span> <span class='ocrx_word' id='word_1_496' title='bbox 1234 3229 1292 3265; x_wconf 89' lang='grc' dir='ltr'><strong>τε</strong></span> <span class='ocrx_word' id='word_1_497' title='bbox 1329 3212 1584 3283; x_wconf 89' lang='grc' dir='ltr'>οὐρανίαν</span> <span class='ocrx_word' id='word_1_498' title='bbox 1614 3213 1709 3267; x_wconf 74' lang='grc' dir='ltr'><strong>καὶ</strong></span> <span class='ocrx_word' id='word_1_499' title='bbox 1734 3214 1833 3285; x_wconf 86' lang='grc' dir='ltr'>τὴν</span> 
     </span>
    </p>
   </div>
   <div class='ocr_carea' id='block_1_65' title="bbox 1935 3196 3510 3285">
    <p class='ocr_par' dir='ltr' id='par_1_65' title="bbox 1935 3196 3510 3266">
     <span class='ocr_line' id='line_1_65' title="bbox 1935 3196 3510 3266; baseline 0 -15"><span class='ocrx_word' id='word_1_500' title='bbox 1935 3196 2181 3260; x_wconf 84' lang='lat' dir='ltr'><strong>utilitas;</strong></span> <span class='ocrx_word' id='word_1_501' title='bbox 2223 3196 2409 3266; x_wconf 89' lang='lat' dir='ltr'><strong>aitque</strong></span> <span class='ocrx_word' id='word_1_502' title='bbox 2442 3196 2593 3251; x_wconf 91' lang='lat' dir='ltr'><strong>illum</strong></span> <span class='ocrx_word' id='word_1_503' title='bbox 2634 3198 2726 3266; x_wconf 91' lang='lat' dir='ltr'><strong>qui</strong></span> <span class='ocrx_word' id='word_1_504' title='bbox 2757 3198 2861 3254; x_wconf 86' lang='lat' dir='ltr'><strong>hoc</strong></span> <span class='ocrx_word' id='word_1_505' title='bbox 2884 3197 3038 3264; x_wconf 90' lang='lat' dir='ltr'><strong>dicit,</strong></span> <span class='ocrx_word' id='word_1_506' title='bbox 3070 3196 3205 3252; x_wconf 90' lang='lat' dir='ltr'><strong>nihil</strong></span> <span class='ocrx_word' id='word_1_507' title='bbox 3239 3197 3387 3252; x_wconf 86' lang='lat' dir='ltr'><strong>aliud</strong></span> <span class='ocrx_word' id='word_1_508' title='bbox 3425 3197 3510 3253; x_wconf 88' lang='lat' dir='ltr'><strong>di-</strong></span> 
     </span>
    </p>
   </div>
   <div class='ocr_carea' id='block_1_66' title="bbox 240 3298 1837 3377">
    <p class='ocr_par' dir='ltr' id='par_1_66' title="bbox 240 3298 1837 3377">
     <span class='ocr_line' id='line_1_66' title="bbox 240 3298 1837 3377; baseline 0.006 -26"><span class='ocrx_word' id='word_1_509' title='bbox 240 3298 365 3351; x_wconf 79' lang='grc' dir='ltr'>καθ’</span> <span class='ocrx_word' id='word_1_510' title='bbox 396 3300 549 3371; x_wconf 82' lang='grc' dir='ltr'>ἡμᾶς</span> <span class='ocrx_word' id='word_1_511' title='bbox 587 3302 771 3355; x_wconf 88' lang='grc' dir='ltr'>είκόνα</span> <span class='ocrx_word' id='word_1_512' title='bbox 808 3302 907 3373; x_wconf 84' lang='grc' dir='ltr'>τῆς</span> <span class='ocrx_word' id='word_1_513' title='bbox 936 3302 1088 3367; x_wconf 86' lang='grc' dir='ltr'>θείας</span> <span class='ocrx_word' id='word_1_514' title='bbox 1116 3304 1448 3377; x_wconf 87' lang='grc' dir='ltr'>ὡραιότητος</span> <span class='ocrx_word' id='word_1_515' title='bbox 1487 3302 1582 3358; x_wconf 79' lang='grc' dir='ltr'><strong>καὶ</strong></span> <span class='ocrx_word' id='word_1_516' title='bbox 1601 3304 1837 3372; x_wconf 83' lang='grc' dir='ltr'>ἁγιωσύ-</span> 
     </span>
    </p>
   </div>
   <div class='ocr_carea' id='block_1_67' title="bbox 240 3393 1833 3467">
    <p class='ocr_par' dir='ltr' id='par_1_67' title="bbox 240 3393 1833 3467">
     <span class='ocr_line' id='line_1_67' title="bbox 240 3393 1833 3467; baseline -0.008 -4"><span class='ocrx_word' id='word_1_517' title='bbox 240 3408 362 3462; x_wconf 79' lang='grc' dir='ltr'><strong>νης·</strong></span> <span class='ocrx_word' id='word_1_518' title='bbox 401 3393 730 3464; x_wconf 78' lang='grc' dir='ltr'>μεταδοτικὴ</span> <span class='ocrx_word' id='word_1_519' title='bbox 759 3393 868 3465; x_wconf 82' lang='grc' dir='ltr'>γὰρ</span> <span class='ocrx_word' id='word_1_520' title='bbox 889 3394 981 3448; x_wconf 79' lang='grc' dir='ltr'><strong>καὶ</strong></span> <span class='ocrx_word' id='word_1_521' title='bbox 1002 3393 1142 3466; x_wconf 80' lang='grc' dir='ltr'>αὕτη</span> <span class='ocrx_word' id='word_1_522' title='bbox 1166 3395 1261 3448; x_wconf 89' lang='grc' dir='ltr'><strong>τοῦ</strong></span> <span class='ocrx_word' id='word_1_523' title='bbox 1297 3394 1579 3467; x_wconf 88' lang='grc' dir='ltr'>φωτισμοῦ</span> <span class='ocrx_word' id='word_1_524' title='bbox 1608 3397 1666 3449; x_wconf 82' lang='grc' dir='ltr'>ὲν</span> <span class='ocrx_word' id='word_1_525' title='bbox 1688 3396 1833 3464; x_wconf 86' lang='grc' dir='ltr'>τάξε-</span> 
     </span>
    </p>
   </div>
   <div class='ocr_carea' id='block_1_68' title="bbox 242 3480 1832 3557">
    <p class='ocr_par' dir='ltr' id='par_1_68' title="bbox 242 3480 1832 3557">
     <span class='ocr_line' id='line_1_68' title="bbox 242 3480 1832 3557; baseline 0.004 -24"><span class='ocrx_word' id='word_1_526' title='bbox 242 3496 298 3533; x_wconf 88' lang='grc' dir='ltr'><strong>σι</strong></span> <span class='ocrx_word' id='word_1_527' title='bbox 314 3498 330 3510; x_wconf 72' lang='grc' dir='ltr'><strong>ο</strong></span> <span class='ocrx_word' id='word_1_528' title='bbox 362 3480 511 3535; x_wconf 87' lang='grc' dir='ltr'><strong>κατά</strong></span> <span class='ocrx_word' id='word_1_529' title='bbox 533 3481 644 3555; x_wconf 81' lang='grc' dir='ltr'><strong>γάρ</strong></span> <span class='ocrx_word' id='word_1_530' title='bbox 665 3483 922 3555; x_wconf 86' lang='grc' dir='ltr'>διάφορον</span> <span class='ocrx_word' id='word_1_531' title='bbox 948 3485 1040 3537; x_wconf 76' lang='grc' dir='ltr'><strong>καὶ</strong></span> <span class='ocrx_word' id='word_1_532' title='bbox 1069 3484 1445 3557; x_wconf 78' lang='grc' dir='ltr'>ὑπερϐεϐηκὸς</span> <span class='ocrx_word' id='word_1_533' title='bbox 1468 3486 1578 3539; x_wconf 82' lang='grc' dir='ltr'><strong>τῶν</strong></span> <span class='ocrx_word' id='word_1_534' title='bbox 1607 3486 1832 3552; x_wconf 83' lang='grc' dir='ltr'>τάξεων,</span> 
     </span>
    </p>
   </div>
   <div class='ocr_carea' id='block_1_69' title="bbox 242 3572 1837 3651">
    <p class='ocr_par' dir='ltr' id='par_1_69' title="bbox 242 3572 1837 3651">
     <span class='ocr_line' id='line_1_69' title="bbox 242 3572 1837 3651; baseline 0.004 -25"><span class='ocrx_word' id='word_1_535' title='bbox 242 3575 343 3626; x_wconf 75' lang='grc' dir='ltr'><strong>καὶ</strong></span> <span class='ocrx_word' id='word_1_536' title='bbox 371 3573 437 3627; x_wconf 88' lang='grc' dir='ltr'><strong>τὸ</strong></span> <span class='ocrx_word' id='word_1_537' title='bbox 461 3575 883 3646; x_wconf 75' lang='grc' dir='ltr'>ἐπιστημονικὸν</span> <span class='ocrx_word' id='word_1_538' title='bbox 915 3572 1054 3630; x_wconf 73' lang='grc' dir='ltr'>εἶναι</span> <span class='ocrx_word' id='word_1_539' title='bbox 1081 3576 1187 3629; x_wconf 86' lang='grc' dir='ltr'>δεῖ·</span> <span class='ocrx_word' id='word_1_540' title='bbox 1222 3577 1354 3650; x_wconf 82' lang='grc' dir='ltr'>ἄλλη</span> <span class='ocrx_word' id='word_1_541' title='bbox 1388 3578 1497 3650; x_wconf 82' lang='grc' dir='ltr'>γὰρ</span> <span class='ocrx_word' id='word_1_542' title='bbox 1525 3578 1675 3645; x_wconf 77' lang='grc' dir='ltr'>τάξις</span> <span class='ocrx_word' id='word_1_543' title='bbox 1702 3596 1837 3651; x_wconf 89' lang='grc' dir='ltr'>πρε-</span> 
     </span>
    </p>
   </div>
   <div class='ocr_carea' id='block_1_70' title="bbox 243 3665 1830 3743">
    <p class='ocr_par' dir='ltr' id='par_1_70' title="bbox 243 3665 1830 3743">
     <span class='ocr_line' id='line_1_70' title="bbox 243 3665 1830 3743; baseline 0.004 -25"><span class='ocrx_word' id='word_1_544' title='bbox 243 3665 539 3737; x_wconf 85' lang='grc' dir='ltr'>σϐυτέρου,</span> <span class='ocrx_word' id='word_1_545' title='bbox 573 3668 668 3720; x_wconf 75' lang='grc' dir='ltr'>καὶ</span> <span class='ocrx_word' id='word_1_546' title='bbox 706 3666 839 3740; x_wconf 83' lang='grc' dir='ltr'>άλλη</span> <span class='ocrx_word' id='word_1_547' title='bbox 866 3668 1189 3740; x_wconf 83' lang='grc' dir='ltr'>ἀρχιερέως,</span> <span class='ocrx_word' id='word_1_548' title='bbox 1235 3672 1331 3724; x_wconf 76' lang='grc' dir='ltr'>καὶ</span> <span class='ocrx_word' id='word_1_549' title='bbox 1377 3668 1510 3743; x_wconf 82' lang='grc' dir='ltr'>άλλη</span> <span class='ocrx_word' id='word_1_550' title='bbox 1550 3671 1830 3725; x_wconf 62' lang='grc' dir='ltr'>διακόνοιν</span> 
     </span>
    </p>
   </div>
   <div class='ocr_carea' id='block_1_71' title="bbox 244 3757 1837 3835">
    <p class='ocr_par' dir='ltr' id='par_1_71' title="bbox 244 3757 1837 3835">
     <span class='ocr_line' id='line_1_71' title="bbox 244 3757 1837 3835; baseline 0.006 -28"><span class='ocrx_word' id='word_1_551' title='bbox 244 3757 342 3809; x_wconf 81' lang='grc' dir='ltr'><strong>καὶ</strong></span> <span class='ocrx_word' id='word_1_552' title='bbox 368 3757 708 3828; x_wconf 76' lang='grc' dir='ltr'>ἐπιστήμαις</span> <span class='ocrx_word' id='word_1_553' title='bbox 732 3759 1087 3829; x_wconf 82' lang='grc' dir='ltr'>ἱεραρχικαῖς,</span> <span class='ocrx_word' id='word_1_554' title='bbox 1116 3760 1285 3831; x_wconf 80' lang='grc' dir='ltr'>ήγουν</span> <span class='ocrx_word' id='word_1_555' title='bbox 1305 3762 1669 3833; x_wconf 80' lang='grc' dir='ltr'>ὲξορκισμοῖς,</span> <span class='ocrx_word' id='word_1_556' title='bbox 1704 3780 1837 3835; x_wconf 89' lang='grc' dir='ltr'>προ-</span> 
     </span>
    </p>
   </div>
   <div class='ocr_carea' id='block_1_72' title="bbox 242 3848 1837 3928">
    <p class='ocr_par' dir='ltr' id='par_1_72' title="bbox 242 3848 1837 3928">
     <span class='ocr_line' id='line_1_72' title="bbox 242 3848 1837 3928; baseline 0.002 -23"><span class='ocrx_word' id='word_1_557' title='bbox 242 3848 557 3919; x_wconf 76' lang='grc' dir='ltr'>τελεσμοῖς,</span> <span class='ocrx_word' id='word_1_558' title='bbox 602 3848 862 3914; x_wconf 83' lang='grc' dir='ltr'>τελεταῖς,</span> <span class='ocrx_word' id='word_1_559' title='bbox 902 3849 972 3904; x_wconf 84' lang='grc' dir='ltr'>τὰ</span> <span class='ocrx_word' id='word_1_560' title='bbox 1016 3850 1118 3921; x_wconf 82' lang='grc' dir='ltr'>τῆς</span> <span class='ocrx_word' id='word_1_561' title='bbox 1146 3851 1462 3924; x_wconf 75' lang='grc' dir='ltr'>ὲλλάμψεως</span> <span class='ocrx_word' id='word_1_562' title='bbox 1494 3854 1654 3926; x_wconf 84' lang='grc' dir='ltr'>ἱερῶς</span> <span class='ocrx_word' id='word_1_563' title='bbox 1687 3854 1837 3928; x_wconf 75' lang='grc' dir='ltr'>ἐνερ-</span> 
     </span>
    </p>
   </div>
   <div class='ocr_carea' id='block_1_73' title="bbox 242 3935 1832 4013">
    <p class='ocr_par' dir='ltr' id='par_1_73' title="bbox 242 3935 1832 4013">
     <span class='ocr_line' id='line_1_73' title="bbox 242 3935 1832 4013; baseline 0.004 -21"><span class='ocrx_word' id='word_1_564' title='bbox 242 3938 480 4009; x_wconf 82' lang='grc' dir='ltr'>γοῦσαν⁹</span> <span class='ocrx_word' id='word_1_565' title='bbox 505 3940 799 4012; x_wconf 80' lang='grc' dir='ltr'>μυστήρια.</span> <span class='ocrx_word' id='word_1_566' title='bbox 823 3943 935 3995; x_wconf 82' lang='grc' dir='ltr'>Καὶ</span> <span class='ocrx_word' id='word_1_567' title='bbox 951 3941 1207 4013; x_wconf 78' lang='grc' dir='ltr'>έχειςέως</span> <span class='ocrx_word' id='word_1_568' title='bbox 1226 3935 1327 3996; x_wconf 82' lang='grc' dir='ltr'>ὦδε</span> <span class='ocrx_word' id='word_1_569' title='bbox 1345 3943 1425 4009; x_wconf 90' lang='grc' dir='ltr'><strong>τὸ,</strong></span> <span class='ocrx_word' id='word_1_570' title='bbox 1442 3944 1494 3997; x_wconf 90' lang='grc' dir='ltr'><strong>τί</strong></span> <span class='ocrx_word' id='word_1_571' title='bbox 1520 3945 1635 3998; x_wconf 80' lang='grc' dir='ltr'>ἐστι</span> <span class='ocrx_word' id='word_1_572' title='bbox 1658 3944 1832 4010; x_wconf 82' lang='grc' dir='ltr'>τάξις,</span> 
     </span>
    </p>
   </div>
   <div class='ocr_carea' id='block_1_74' title="bbox 244 4035 1834 4112">
    <p class='ocr_par' dir='ltr' id='par_1_74' title="bbox 244 4035 1834 4112">
     <span class='ocr_line' id='line_1_74' title="bbox 244 4035 1834 4112; baseline 0.006 -27"><span class='ocrx_word' id='word_1_573' title='bbox 244 4035 555 4105; x_wconf 73' lang='grc' dir='ltr'>ἐπιστήμη,</span> <span class='ocrx_word' id='word_1_574' title='bbox 583 4036 678 4087; x_wconf 85' lang='grc' dir='ltr'><strong>καὶ</strong></span> <span class='ocrx_word' id='word_1_575' title='bbox 706 4036 981 4107; x_wconf 77' lang='grc' dir='ltr'>ἐνέργεια·</span> <span class='ocrx_word' id='word_1_576' title='bbox 1023 4037 1206 4092; x_wconf 88' lang='grc' dir='ltr'>λοιπὸν</span> <span class='ocrx_word' id='word_1_577' title='bbox 1227 4039 1256 4091; x_wconf 92' lang='lat'><strong>6</strong></span> <span class='ocrx_word' id='word_1_578' title='bbox 1289 4040 1508 4104; x_wconf 86' lang='grc' dir='ltr'>σκοπὸς,</span> <span class='ocrx_word' id='word_1_579' title='bbox 1539 4040 1834 4112; x_wconf 84' lang='grc' dir='ltr'>ἀφομοιού-</span> 
     </span>
    </p>
   </div>
   <div class='ocr_carea' id='block_1_75' title="bbox 249 4122 1837 4204">
    <p class='ocr_par' dir='ltr' id='par_1_75' title="bbox 249 4122 1837 4204">
     <span class='ocr_line' id='line_1_75' title="bbox 249 4122 1837 4204; baseline 0.006 -27"><span class='ocrx_word' id='word_1_580' title='bbox 249 4143 415 4195; x_wconf 81' lang='grc' dir='ltr'>μενος</span> <span class='ocrx_word' id='word_1_581' title='bbox 447 4126 586 4197; x_wconf 84' lang='grc' dir='ltr'>πρὸς</span> <span class='ocrx_word' id='word_1_582' title='bbox 609 4125 766 4190; x_wconf 82' lang='grc' dir='ltr'>Θεὸν,</span> <span class='ocrx_word' id='word_1_583' title='bbox 806 4127 865 4192; x_wconf 80' lang='grc' dir='ltr'><strong>ἐξ</strong></span> <span class='ocrx_word' id='word_1_584' title='bbox 904 4122 966 4183; x_wconf 76' lang='grc' dir='ltr'><strong>οὗ</strong></span> <span class='ocrx_word' id='word_1_585' title='bbox 1004 4130 1114 4181; x_wconf 78' lang='grc' dir='ltr'><strong>πᾶν</strong></span> <span class='ocrx_word' id='word_1_586' title='bbox 1152 4130 1373 4199; x_wconf 90' lang='grc' dir='ltr'>ἀγαθὸν,</span> <span class='ocrx_word' id='word_1_587' title='bbox 1404 4132 1496 4184; x_wconf 77' lang='grc' dir='ltr'><strong>καὶ</strong></span> <span class='ocrx_word' id='word_1_588' title='bbox 1526 4131 1661 4204; x_wconf 82' lang='grc' dir='ltr'>αὕτη</span> <span class='ocrx_word' id='word_1_589' title='bbox 1690 4134 1837 4188; x_wconf 77' lang='grc' dir='ltr'>ἐστὶν</span> 
     </span>
    </p>
   </div>
   <div class='ocr_carea' id='block_1_76' title="bbox 244 4218 1837 4297">
    <p class='ocr_par' dir='ltr' id='par_1_76' title="bbox 244 4218 1837 4297">
     <span class='ocr_line' id='line_1_76' title="bbox 244 4218 1837 4297; baseline 0.006 -28"><span class='ocrx_word' id='word_1_590' title='bbox 244 4219 280 4290; x_wconf 80' lang='grc' dir='ltr'><strong>ή</strong></span> <span class='ocrx_word' id='word_1_591' title='bbox 311 4218 589 4290; x_wconf 82' lang='grc' dir='ltr'>ἱεραρχία.</span> <span class='ocrx_word' id='word_1_592' title='bbox 622 4220 781 4273; x_wconf 82' lang='grc' dir='ltr'>Ἔστι</span> <span class='ocrx_word' id='word_1_593' title='bbox 816 4221 924 4293; x_wconf 82' lang='grc' dir='ltr'>γὰρ</span> <span class='ocrx_word' id='word_1_594' title='bbox 955 4222 1169 4292; x_wconf 77' lang='grc' dir='ltr'>ἑκάστῳ</span> <span class='ocrx_word' id='word_1_595' title='bbox 1208 4222 1317 4277; x_wconf 86' lang='grc' dir='ltr'>τῶν</span> <span class='ocrx_word' id='word_1_596' title='bbox 1349 4224 1657 4295; x_wconf 81' lang='grc' dir='ltr'>ἱερωμένων</span> <span class='ocrx_word' id='word_1_597' title='bbox 1687 4227 1721 4297; x_wconf 79' lang='grc' dir='ltr'>ἡ</span> <span class='ocrx_word' id='word_1_598' title='bbox 1748 4244 1837 4280; x_wconf 90' lang='grc' dir='ltr'>τε-</span> 
     </span>
    </p>
   </div>
   <div class='ocr_carea' id='block_1_77' title="bbox 243 4311 1833 4389">
    <p class='ocr_par' dir='ltr' id='par_1_77' title="bbox 243 4311 1833 4389">
     <span class='ocr_line' id='line_1_77' title="bbox 243 4311 1833 4389; baseline 0.005 -26"><span class='ocrx_word' id='word_1_599' title='bbox 243 4311 493 4374; x_wconf 83' lang='grc' dir='ltr'>λείωσις,</span> <span class='ocrx_word' id='word_1_600' title='bbox 518 4312 582 4365; x_wconf 86' lang='grc' dir='ltr'><strong>τὸ</strong></span> <span class='ocrx_word' id='word_1_601' title='bbox 604 4313 880 4381; x_wconf 85' lang='grc' dir='ltr'>ἀναλόγως</span> <span class='ocrx_word' id='word_1_602' title='bbox 901 4314 992 4367; x_wconf 71' lang='grc' dir='ltr'><strong>ἐπὶ</strong></span> <span class='ocrx_word' id='word_1_603' title='bbox 1009 4315 1109 4385; x_wconf 81' lang='grc' dir='ltr'>τὴν</span> <span class='ocrx_word' id='word_1_604' title='bbox 1128 4314 1488 4388; x_wconf 89' lang='grc' dir='ltr'>θεομιμησίαν</span> <span class='ocrx_word' id='word_1_605' title='bbox 1514 4315 1833 4389; x_wconf 84' lang='grc' dir='ltr'>ἀναχθῆναι,</span> 
     </span>
    </p>
   </div>
   <div class='ocr_carea' id='block_1_78' title="bbox 245 4406 1835 4482">
    <p class='ocr_par' dir='ltr' id='par_1_78' title="bbox 245 4406 1835 4482">
     <span class='ocr_line' id='line_1_78' title="bbox 245 4406 1835 4482; baseline 0.005 -25"><span class='ocrx_word' id='word_1_606' title='bbox 245 4407 343 4458; x_wconf 77' lang='grc' dir='ltr'><strong>καὶ</strong></span> <span class='ocrx_word' id='word_1_607' title='bbox 389 4406 459 4458; x_wconf 90' lang='grc' dir='ltr'><strong>τὸ</strong></span> <span class='ocrx_word' id='word_1_608' title='bbox 501 4406 777 4477; x_wconf 87' lang='grc' dir='ltr'>μέγιστον,</span> <span class='ocrx_word' id='word_1_609' title='bbox 809 4406 946 4462; x_wconf 88' lang='grc' dir='ltr'>Θεοῦ</span> <span class='ocrx_word' id='word_1_610' title='bbox 975 4409 1231 4482; x_wconf 89' lang='grc' dir='ltr'>συνεργὸν</span> <span class='ocrx_word' id='word_1_611' title='bbox 1256 4409 1531 4479; x_wconf 83' lang='grc' dir='ltr'>γενέσθαι,</span> <span class='ocrx_word' id='word_1_612' title='bbox 1582 4410 1725 4466; x_wconf 82' lang='grc' dir='ltr'>κατὰ</span> <span class='ocrx_word' id='word_1_613' title='bbox 1744 4411 1835 4465; x_wconf 90' lang='grc' dir='ltr'><strong>τὸν</strong></span> 
     </span>
    </p>
   </div>
   <div class='ocr_carea' id='block_1_79' title="bbox 1936 3287 3513 3358">
    <p class='ocr_par' dir='ltr' id='par_1_79' title="bbox 1936 3287 3513 3358">
     <span class='ocr_line' id='line_1_79' title="bbox 1936 3287 3513 3358; baseline 0.001 -17"><span class='ocrx_word' id='word_1_614' title='bbox 1936 3301 2064 3342; x_wconf 89' lang='lat' dir='ltr'><strong>cere</strong></span> <span class='ocrx_word' id='word_1_615' title='bbox 2089 3302 2251 3358; x_wconf 87' lang='lat' dir='ltr'><strong>quam</strong></span> <span class='ocrx_word' id='word_1_616' title='bbox 2300 3302 2516 3343; x_wconf 89' lang='lat' dir='ltr'><strong>sacrum</strong></span> <span class='ocrx_word' id='word_1_617' title='bbox 2566 3288 2837 3343; x_wconf 92' lang='lat' dir='ltr'><strong>ordinem.</strong></span> <span class='ocrx_word' id='word_1_618' title='bbox 2890 3288 3115 3343; x_wconf 91' lang='lat' dir='ltr'><strong>Demum</strong></span> <span class='ocrx_word' id='word_1_619' title='bbox 3139 3287 3513 3343; x_wconf 91' lang='lat' dir='ltr'><strong>concludendo</strong></span> 
     </span>
    </p>
   </div>
   <div class='ocr_carea' id='block_1_80' title="bbox 1935 3376 3513 3448">
    <p class='ocr_par' dir='ltr' id='par_1_80' title="bbox 1935 3376 3513 3448">
     <span class='ocr_line' id='line_1_80' title="bbox 1935 3376 3513 3448; baseline 0.002 -16"><span class='ocrx_word' id='word_1_620' title='bbox 1935 3376 2095 3445; x_wconf 81' lang='lat' dir='ltr'><strong>dixit,</strong></span> <span class='ocrx_word' id='word_1_621' title='bbox 2149 3386 2260 3432; x_wconf 91' lang='lat' dir='ltr'><strong>tam</strong></span> <span class='ocrx_word' id='word_1_622' title='bbox 2320 3378 2595 3434; x_wconf 73' lang='lat' dir='ltr'><strong>cmicstem</strong></span> <span class='ocrx_word' id='word_1_623' title='bbox 2632 3393 2795 3448; x_wconf 89' lang='lat' dir='ltr'><strong>quam</strong></span> <span class='ocrx_word' id='word_1_624' title='bbox 2842 3388 3085 3434; x_wconf 88' lang='lat' dir='ltr'><strong>nostram</strong></span> <span class='ocrx_word' id='word_1_625' title='bbox 3129 3380 3269 3434; x_wconf 87' lang='lat' dir='ltr'><strong>hanc</strong></span> <span class='ocrx_word' id='word_1_626' title='bbox 3314 3379 3513 3435; x_wconf 60' lang='lat' dir='ltr'><strong>divina</strong></span> 
     </span>
    </p>
   </div>
   <div class='ocr_carea' id='block_1_81' title="bbox 1929 3467 3507 3539">
    <p class='ocr_par' dir='ltr' id='par_1_81' title="bbox 1929 3467 3507 3539">
     <span class='ocr_line' id='line_1_81' title="bbox 1929 3467 3507 3539; baseline 0.003 -19"><span class='ocrx_word' id='word_1_627' title='bbox 1929 3467 2366 3537; x_wconf 86' lang='lat' dir='ltr'><strong>pulchritudinis</strong></span> <span class='ocrx_word' id='word_1_628' title='bbox 2412 3484 2478 3525; x_wconf 82' lang='lat' dir='ltr'><strong>ac</strong></span> <span class='ocrx_word' id='word_1_629' title='bbox 2510 3470 2846 3525; x_wconf 82' lang='lat' dir='ltr'><strong>sanctitatis</strong></span> <span class='ocrx_word' id='word_1_630' title='bbox 2910 3470 3202 3539; x_wconf 75' lang='lat' dir='ltr'><strong>imaginem</strong></span> <span class='ocrx_word' id='word_1_631' title='bbox 3260 3468 3464 3525; x_wconf 81' lang='lat' dir='ltr'><strong>referre</strong></span> <span class='ocrx_word' id='word_1_632' title='bbox 3492 3508 3507 3524; x_wconf 92' lang='lat'><strong>.</strong></span> 
     </span>
    </p>
   </div>
   <div class='ocr_carea' id='block_1_82' title="bbox 1937 3560 3509 3617">
    <p class='ocr_par' dir='ltr' id='par_1_82' title="bbox 1937 3560 3509 3617">
     <span class='ocr_line' id='line_1_82' title="bbox 1937 3560 3509 3617; baseline 0.001 -4"><span class='ocrx_word' id='word_1_633' title='bbox 1937 3575 2062 3613; x_wconf 91' lang='lat' dir='ltr'><strong>nam</strong></span> <span class='ocrx_word' id='word_1_634' title='bbox 2104 3570 2156 3615; x_wconf 91' lang='lat' dir='ltr'><strong>et</strong></span> <span class='ocrx_word' id='word_1_635' title='bbox 2200 3561 2315 3615; x_wconf 63' lang='lat' dir='ltr'><strong>haec</strong></span> <span class='ocrx_word' id='word_1_636' title='bbox 2351 3561 2648 3617; x_wconf 90' lang='lat' dir='ltr'><strong>secundum</strong></span> <span class='ocrx_word' id='word_1_637' title='bbox 2680 3560 2902 3617; x_wconf 88' lang='lat' dir='ltr'><strong>ordines</strong></span> <span class='ocrx_word' id='word_1_638' title='bbox 2928 3560 3101 3615; x_wconf 88' lang='lat' dir='ltr'><strong>lucem</strong></span> <span class='ocrx_word' id='word_1_639' title='bbox 3135 3575 3291 3615; x_wconf 92' lang='lat' dir='ltr'><strong>suam</strong></span> <span class='ocrx_word' id='word_1_640' title='bbox 3317 3561 3509 3616; x_wconf 89' lang='lat' dir='ltr'><strong>distri-</strong></span> 
     </span>
    </p>
   </div>
   <div class='ocr_carea' id='block_1_83' title="bbox 1936 3650 3509 3733">
    <p class='ocr_par' dir='ltr' id='par_1_83' title="bbox 1936 3650 3509 3733">
     <span class='ocr_line' id='line_1_83' title="bbox 1936 3650 3509 3733; baseline 0.001 -28"><span class='ocrx_word' id='word_1_641' title='bbox 1936 3650 2088 3716; x_wconf 89' lang='lat' dir='ltr'><strong>buit;</strong></span> <span class='ocrx_word' id='word_1_642' title='bbox 2139 3650 2407 3720; x_wconf 89' lang='lat' dir='ltr'><strong>siquidem</strong></span> <span class='ocrx_word' id='word_1_643' title='bbox 2439 3665 2539 3721; x_wconf 91' lang='lat' dir='ltr'><strong>pro</strong></span> <span class='ocrx_word' id='word_1_644' title='bbox 2567 3650 2868 3707; x_wconf 77' lang='lat' dir='ltr'><strong>dill‘erentia</strong></span> <span class='ocrx_word' id='word_1_645' title='bbox 2910 3652 3509 3733; x_wconf 63' lang='lat' dir='ltr'><strong>praestantiaqueordi-</strong></span> 
     </span>
    </p>
   </div>
   <div class='ocr_carea' id='block_1_84' title="bbox 1937 3742 3508 3800">
    <p class='ocr_par' dir='ltr' id='par_1_84' title="bbox 1937 3742 3508 3800">
     <span class='ocr_line' id='line_1_84' title="bbox 1937 3742 3508 3800; baseline 0.001 -3"><span class='ocrx_word' id='word_1_646' title='bbox 1937 3758 2065 3799; x_wconf 87' lang='lat' dir='ltr'><strong>num</strong></span> <span class='ocrx_word' id='word_1_647' title='bbox 2117 3744 2284 3799; x_wconf 89' lang='lat' dir='ltr'><strong>etiam</strong></span> <span class='ocrx_word' id='word_1_648' title='bbox 2340 3744 2550 3800; x_wconf 88' lang='lat' dir='ltr'><strong>sciendi</strong></span> <span class='ocrx_word' id='word_1_649' title='bbox 2594 3744 2823 3800; x_wconf 73' lang='lat' dir='ltr'><strong>facultas</strong></span> <span class='ocrx_word' id='word_1_650' title='bbox 2875 3743 3270 3799; x_wconf 87' lang='lat' dir='ltr'><strong>accommodari</strong></span> <span class='ocrx_word' id='word_1_651' title='bbox 3317 3742 3508 3800; x_wconf 87' lang='lat' dir='ltr'><strong>debet:</strong></span> 
     </span>
    </p>
   </div>
   <div class='ocr_carea' id='block_1_85' title="bbox 1938 3834 3511 3905">
    <p class='ocr_par' dir='ltr' id='par_1_85' title="bbox 1938 3834 3511 3905">
     <span class='ocr_line' id='line_1_85' title="bbox 1938 3834 3511 3905; baseline 0.002 -19"><span class='ocrx_word' id='word_1_652' title='bbox 1938 3847 2063 3887; x_wconf 90' lang='lat' dir='ltr'><strong>nam</strong></span> <span class='ocrx_word' id='word_1_653' title='bbox 2109 3834 2249 3890; x_wconf 88' lang='lat' dir='ltr'><strong>alius</strong></span> <span class='ocrx_word' id='word_1_654' title='bbox 2277 3845 2361 3889; x_wconf 90' lang='lat' dir='ltr'><strong>est</strong></span> <span class='ocrx_word' id='word_1_655' title='bbox 2383 3836 2520 3890; x_wconf 90' lang='lat' dir='ltr'><strong>ordo</strong></span> <span class='ocrx_word' id='word_1_656' title='bbox 2550 3836 2874 3902; x_wconf 89' lang='lat' dir='ltr'><strong>sacerdotis,</strong></span> <span class='ocrx_word' id='word_1_657' title='bbox 2909 3835 3050 3889; x_wconf 85' lang='lat' dir='ltr'><strong>alius</strong></span> <span class='ocrx_word' id='word_1_658' title='bbox 3077 3835 3338 3905; x_wconf 89' lang='lat' dir='ltr'><strong>episcopi,</strong></span> <span class='ocrx_word' id='word_1_659' title='bbox 3371 3835 3511 3890; x_wconf 89' lang='lat' dir='ltr'><strong>alius</strong></span> 
     </span>
    </p>
   </div>
   <div class='ocr_carea' id='block_1_86' title="bbox 1936 3922 3509 3993">
    <p class='ocr_par' dir='ltr' id='par_1_86' title="bbox 1936 3922 3509 3993">
     <span class='ocr_line' id='line_1_86' title="bbox 1936 3922 3509 3993; baseline 0.003 -17"><span class='ocrx_word' id='word_1_660' title='bbox 1936 3922 2148 3981; x_wconf 90' lang='lat' dir='ltr'><strong>diaconi</strong></span> <span class='ocrx_word' id='word_1_661' title='bbox 2174 3940 2191 3992; x_wconf 90' lang='lat'><strong>;</strong></span> <span class='ocrx_word' id='word_1_662' title='bbox 2220 3935 2276 3982; x_wconf 92' lang='lat' dir='ltr'><strong>et</strong></span> <span class='ocrx_word' id='word_1_663' title='bbox 2303 3926 2665 3983; x_wconf 87' lang='lat' dir='ltr'><strong>hierarchicis</strong></span> <span class='ocrx_word' id='word_1_664' title='bbox 2695 3928 2960 3993; x_wconf 89' lang='lat' dir='ltr'><strong>scientiis,</strong></span> <span class='ocrx_word' id='word_1_665' title='bbox 3013 3925 3269 3982; x_wconf 89' lang='lat' dir='ltr'><strong>videlicet</strong></span> <span class='ocrx_word' id='word_1_666' title='bbox 3293 3927 3509 3982; x_wconf 82' lang='lat' dir='ltr'><strong>exerci-</strong></span> 
     </span>
    </p>
   </div>
   <div class='ocr_carea' id='block_1_87' title="bbox 1938 4017 3510 4089">
    <p class='ocr_par' dir='ltr' id='par_1_87' title="bbox 1938 4017 3510 4089">
     <span class='ocr_line' id='line_1_87' title="bbox 1938 4017 3510 4089; baseline -0.001 -16"><span class='ocrx_word' id='word_1_667' title='bbox 1938 4017 2095 4086; x_wconf 86' lang='lat' dir='ltr'><strong>smis,</strong></span> <span class='ocrx_word' id='word_1_668' title='bbox 2157 4019 2596 4089; x_wconf 87' lang='lat' dir='ltr'><strong>expiationibus,</strong></span> <span class='ocrx_word' id='word_1_669' title='bbox 2664 4019 3065 4075; x_wconf 86' lang='lat' dir='ltr'><strong>initiationibus</strong></span> <span class='ocrx_word' id='word_1_670' title='bbox 3122 4018 3510 4074; x_wconf 86' lang='lat' dir='ltr'><strong>illustrationis</strong></span> 
     </span>
    </p>
   </div>
   <div class='ocr_carea' id='block_1_88' title="bbox 1938 4111 3509 4182">
    <p class='ocr_par' dir='ltr' id='par_1_88' title="bbox 1938 4111 3509 4182">
     <span class='ocr_line' id='line_1_88' title="bbox 1938 4111 3509 4182; baseline 0 -17"><span class='ocrx_word' id='word_1_671' title='bbox 1938 4111 2195 4181; x_wconf 83' lang='lat' dir='ltr'><strong>mysteria</strong></span> <span class='ocrx_word' id='word_1_672' title='bbox 2255 4120 2603 4167; x_wconf 90' lang='lat' dir='ltr'><strong>sacrosancte</strong></span> <span class='ocrx_word' id='word_1_673' title='bbox 2657 4122 2943 4182; x_wconf 79' lang='lat' dir='ltr'><strong>peragunt.</strong></span> <span class='ocrx_word' id='word_1_674' title='bbox 2995 4112 3174 4182; x_wconf 87' lang='lat' dir='ltr'><strong>Atque</strong></span> <span class='ocrx_word' id='word_1_675' title='bbox 3243 4113 3509 4166; x_wconf 84' lang='lat' dir='ltr'><strong>hactenus</strong></span> 
     </span>
    </p>
   </div>
   <div class='ocr_carea' id='block_1_89' title="bbox 1938 4204 3508 4275">
    <p class='ocr_par' dir='ltr' id='par_1_89' title="bbox 1938 4204 3508 4275">
     <span class='ocr_line' id='line_1_89' title="bbox 1938 4204 3508 4275; baseline -0.001 -15"><span class='ocrx_word' id='word_1_676' title='bbox 1938 4205 2109 4260; x_wconf 85' lang='lat' dir='ltr'><strong>babes</strong></span> <span class='ocrx_word' id='word_1_677' title='bbox 2145 4204 2272 4275; x_wconf 87' lang='lat' dir='ltr'><strong>quid</strong></span> <span class='ocrx_word' id='word_1_678' title='bbox 2299 4205 2371 4259; x_wconf 90' lang='lat' dir='ltr'><strong>sit</strong></span> <span class='ocrx_word' id='word_1_679' title='bbox 2396 4204 2552 4272; x_wconf 85' lang='lat' dir='ltr'><strong>ordo,</strong></span> <span class='ocrx_word' id='word_1_680' title='bbox 2586 4204 2815 4260; x_wconf 85' lang='lat' dir='ltr'><strong>scientia</strong></span> <span class='ocrx_word' id='word_1_681' title='bbox 2844 4214 2900 4259; x_wconf 91' lang='lat' dir='ltr'><strong>et</strong></span> <span class='ocrx_word' id='word_1_682' title='bbox 2925 4205 3202 4275; x_wconf 88' lang='lat' dir='ltr'><strong>operatio;</strong></span> <span class='ocrx_word' id='word_1_683' title='bbox 3260 4206 3508 4274; x_wconf 88' lang='lat' dir='ltr'><strong>reliquus</strong></span> 
     </span>
    </p>
   </div>
   <div class='ocr_carea' id='block_1_90' title="bbox 1937 4297 3505 4370">
    <p class='ocr_par' dir='ltr' id='par_1_90' title="bbox 1937 4297 3505 4370">
     <span class='ocr_line' id='line_1_90' title="bbox 1937 4297 3505 4370; baseline -0.002 -16"><span class='ocrx_word' id='word_1_684' title='bbox 1937 4307 2020 4354; x_wconf 88' lang='lat' dir='ltr'><strong>est</strong></span> <span class='ocrx_word' id='word_1_685' title='bbox 2042 4312 2257 4367; x_wconf 79' lang='lat' dir='ltr'><strong>scopas,</strong></span> <span class='ocrx_word' id='word_1_686' title='bbox 2286 4313 2395 4370; x_wconf 90' lang='lat' dir='ltr'><strong>quo</strong></span> <span class='ocrx_word' id='word_1_687' title='bbox 2436 4297 2567 4365; x_wconf 89' lang='lat' dir='ltr'><strong>Deo,</strong></span> <span class='ocrx_word' id='word_1_688' title='bbox 2600 4313 2628 4351; x_wconf 89' lang='lat' dir='ltr'><strong>a</strong></span> <span class='ocrx_word' id='word_1_689' title='bbox 2655 4312 2762 4367; x_wconf 92' lang='lat' dir='ltr'><strong>quo</strong></span> <span class='ocrx_word' id='word_1_690' title='bbox 2800 4298 3001 4353; x_wconf 91' lang='lat' dir='ltr'><strong>bonum</strong></span> <span class='ocrx_word' id='word_1_691' title='bbox 3029 4311 3192 4352; x_wconf 91' lang='lat' dir='ltr'><strong>omne</strong></span> <span class='ocrx_word' id='word_1_692' title='bbox 3233 4299 3505 4363; x_wconf 86' lang='lat' dir='ltr'><strong>dimanat,</strong></span> 
     </span>
    </p>
   </div>
   <div class='ocr_carea' id='block_1_91' title="bbox 1939 4388 3511 4459">
    <p class='ocr_par' dir='ltr' id='par_1_91' title="bbox 1939 4388 3511 4459">
     <span class='ocr_line' id='line_1_91' title="bbox 1939 4388 3511 4459; baseline 0 -15"><span class='ocrx_word' id='word_1_693' title='bbox 1939 4389 2295 4456; x_wconf 84' lang='lat' dir='ltr'><strong>assimilatur,</strong></span> <span class='ocrx_word' id='word_1_694' title='bbox 2316 4400 2371 4446; x_wconf 90' lang='lat' dir='ltr'><strong>et</strong></span> <span class='ocrx_word' id='word_1_695' title='bbox 2394 4391 2483 4446; x_wconf 89' lang='lat' dir='ltr'><strong>hic</strong></span> <span class='ocrx_word' id='word_1_696' title='bbox 2506 4400 2589 4446; x_wconf 91' lang='lat' dir='ltr'><strong>est</strong></span> <span class='ocrx_word' id='word_1_697' title='bbox 2617 4391 2945 4446; x_wconf 88' lang='lat' dir='ltr'><strong>hierarchia.</strong></span> <span class='ocrx_word' id='word_1_698' title='bbox 2978 4388 3255 4459; x_wconf 89' lang='lat' dir='ltr'><strong>Siquidem</strong></span> <span class='ocrx_word' id='word_1_699' title='bbox 3283 4399 3368 4445; x_wconf 89' lang='lat' dir='ltr'><strong>est</strong></span> <span class='ocrx_word' id='word_1_700' title='bbox 3390 4392 3511 4445; x_wconf 87' lang='lat' dir='ltr'><strong>cui-</strong></span> 
     </span>
    </p>
   </div>
   <div class='ocr_carea' id='block_1_92' title="bbox 248 4481 1833 4574">
    <p class='ocr_par' dir='ltr' id='par_1_92' title="bbox 248 4481 1833 4574">
     <span class='ocr_line' id='line_1_92' title="bbox 248 4481 1833 4574; baseline 0.006 -25"><span class='ocrx_word' id='word_1_701' title='bbox 248 4495 430 4566; x_wconf 83' lang='grc' dir='ltr'>μέγαν</span> <span class='ocrx_word' id='word_1_702' title='bbox 472 4496 818 4552; x_wconf 72' lang='grc' dir='ltr'>’Δπόστολοψ</span> <span class='ocrx_word' id='word_1_703' title='bbox 868 4500 990 4554; x_wconf 67' lang='grc' dir='ltr'>ἐπεὶ</span> <span class='ocrx_word' id='word_1_704' title='bbox 1027 4502 1058 4553; x_wconf 89' lang='lat'><strong>6</strong></span> <span class='ocrx_word' id='word_1_705' title='bbox 1096 4481 1434 4574; x_wconf 86' lang='grc' dir='ltr'>τελούμενος,</span> <span class='ocrx_word' id='word_1_706' title='bbox 1474 4502 1563 4557; x_wconf 87' lang='grc' dir='ltr'>διὰ</span> <span class='ocrx_word' id='word_1_707' title='bbox 1589 4503 1697 4557; x_wconf 81' lang='grc' dir='ltr'><strong>τῶν</strong></span> <span class='ocrx_word' id='word_1_708' title='bbox 1726 4522 1833 4574; x_wconf 85' lang='grc' dir='ltr'>φω-</span> 
     </span>
    </p>
   </div>
   <div class='ocr_carea' id='block_1_93' title="bbox 1935 4481 3508 4574">
    <p class='ocr_par' dir='ltr' id='par_1_93' title="bbox 1940 4481 3508 4553">
     <span class='ocr_line' id='line_1_93' title="bbox 1940 4481 3508 4553; baseline -0.001 -14"><span class='ocrx_word' id='word_1_709' title='bbox 1940 4483 2072 4539; x_wconf 84' lang='lat' dir='ltr'><strong>libet</strong></span> <span class='ocrx_word' id='word_1_710' title='bbox 2100 4498 2287 4539; x_wconf 90' lang='lat' dir='ltr'><strong>eorum</strong></span> <span class='ocrx_word' id='word_1_711' title='bbox 2327 4484 2419 4552; x_wconf 93' lang='lat' dir='ltr'><strong>qui</strong></span> <span class='ocrx_word' id='word_1_712' title='bbox 2442 4493 2830 4539; x_wconf 88' lang='lat' dir='ltr'><strong>consecrantur</strong></span> <span class='ocrx_word' id='word_1_713' title='bbox 2866 4482 2971 4538; x_wconf 90' lang='lat' dir='ltr'><strong>ista</strong></span> <span class='ocrx_word' id='word_1_714' title='bbox 2996 4481 3283 4553; x_wconf 83' lang='lat' dir='ltr'><strong>perfectio,</strong></span> <span class='ocrx_word' id='word_1_715' title='bbox 3314 4491 3372 4536; x_wconf 91' lang='lat' dir='ltr'><strong>ut</strong></span> <span class='ocrx_word' id='word_1_716' title='bbox 3406 4497 3508 4551; x_wconf 91' lang='lat' dir='ltr'><strong>pro</strong></span> 
     </span>
    </p>
   </div>
   <div class='ocr_carea' id='block_1_94' title="bbox 243 4587 1835 4666">
    <p class='ocr_par' dir='ltr' id='par_1_94' title="bbox 243 4587 1835 4666">
     <span class='ocr_line' id='line_1_94' title="bbox 243 4587 1835 4666; baseline 0.006 -28"><span class='ocrx_word' id='word_1_717' title='bbox 243 4587 513 4641; x_wconf 73' lang='grc' dir='ltr'>τιπικῶν</span> <span class='ocrx_word' id='word_1_718' title='bbox 558 4589 753 4660; x_wconf 79' lang='grc' dir='ltr'>εὐχῶν,</span> <span class='ocrx_word' id='word_1_719' title='bbox 780 4592 871 4645; x_wconf 91' lang='grc' dir='ltr'><strong>τὸν</strong></span> <span class='ocrx_word' id='word_1_720' title='bbox 896 4593 961 4645; x_wconf 83' lang='grc' dir='ltr'>ὲκ</span> <span class='ocrx_word' id='word_1_721' title='bbox 996 4591 1130 4646; x_wconf 88' lang='grc' dir='ltr'>Θεοῦ</span> <span class='ocrx_word' id='word_1_722' title='bbox 1155 4592 1432 4665; x_wconf 88' lang='grc' dir='ltr'>φωτισμὸν</span> <span class='ocrx_word' id='word_1_723' title='bbox 1458 4594 1668 4666; x_wconf 86' lang='grc' dir='ltr'>δέχεται</span> <span class='ocrx_word' id='word_1_724' title='bbox 1693 4612 1707 4624; x_wconf 72' lang='grc'><strong>⁸</strong></span> <span class='ocrx_word' id='word_1_725' title='bbox 1739 4595 1835 4648; x_wconf 80' lang='grc' dir='ltr'>καὶ</span> 
     </span>
    </p>
   </div>
   <div class='ocr_carea' id='block_1_95' title="bbox 244 4676 1830 4756">
    <p class='ocr_par' dir='ltr' id='par_1_95' title="bbox 244 4676 1830 4756">
     <span class='ocr_line' id='line_1_95' title="bbox 244 4676 1830 4756; baseline 0.006 -27"><span class='ocrx_word' id='word_1_726' title='bbox 244 4676 420 4743; x_wconf 81' lang='grc' dir='ltr'>δεῖξαι</span> <span class='ocrx_word' id='word_1_727' title='bbox 464 4678 522 4731; x_wconf 82' lang='grc' dir='ltr'>ὲν</span> <span class='ocrx_word' id='word_1_728' title='bbox 567 4679 744 4750; x_wconf 82' lang='grc' dir='ltr'>ἑαυτῷ</span> <span class='ocrx_word' id='word_1_729' title='bbox 787 4681 886 4751; x_wconf 81' lang='grc' dir='ltr'>τὴν</span> <span class='ocrx_word' id='word_1_730' title='bbox 939 4680 1090 4736; x_wconf 89' lang='grc' dir='ltr'>θείαν</span> <span class='ocrx_word' id='word_1_731' title='bbox 1145 4683 1499 4755; x_wconf 83' lang='grc' dir='ltr'>μεταδοτικὴν</span> <span class='ocrx_word' id='word_1_732' title='bbox 1529 4683 1830 4756; x_wconf 74' lang='grc' dir='ltr'>ἐνέργειαν,</span> 
     </span>
    </p>
   </div>
   <div class='ocr_carea' id='block_1_96' title="bbox 242 4767 1834 4841">
    <p class='ocr_par' dir='ltr' id='par_1_96' title="bbox 242 4767 1834 4841">
     <span class='ocr_line' id='line_1_96' title="bbox 242 4767 1834 4841; baseline 0.004 -23"><span class='ocrx_word' id='word_1_733' title='bbox 242 4767 500 4820; x_wconf 80' lang='grc' dir='ltr'>τουτέστι</span> <span class='ocrx_word' id='word_1_734' title='bbox 545 4767 616 4821; x_wconf 86' lang='grc' dir='ltr'>τὰ</span> <span class='ocrx_word' id='word_1_735' title='bbox 642 4768 779 4841; x_wconf 76' lang='grc' dir='ltr'>ἔργα</span> <span class='ocrx_word' id='word_1_736' title='bbox 807 4768 877 4822; x_wconf 88' lang='grc' dir='ltr'><strong>τά</strong></span> <span class='ocrx_word' id='word_1_737' title='bbox 902 4768 1040 4832; x_wconf 86' lang='grc' dir='ltr'>θεῖα,</span> <span class='ocrx_word' id='word_1_738' title='bbox 1068 4772 1126 4823; x_wconf 80' lang='grc' dir='ltr'>ὲν</span> <span class='ocrx_word' id='word_1_739' title='bbox 1154 4770 1233 4841; x_wconf 84' lang='grc' dir='ltr'>τῷ</span> <span class='ocrx_word' id='word_1_740' title='bbox 1259 4770 1522 4841; x_wconf 77' lang='grc' dir='ltr'>σοφίζειν,</span> <span class='ocrx_word' id='word_1_741' title='bbox 1550 4772 1609 4825; x_wconf 78' lang='grc' dir='ltr'>ἐν</span> <span class='ocrx_word' id='word_1_742' title='bbox 1642 4770 1721 4841; x_wconf 82' lang='grc' dir='ltr'>τῷ</span> <span class='ocrx_word' id='word_1_743' title='bbox 1747 4788 1834 4824; x_wconf 91' lang='grc' dir='ltr'>τε-</span> 
     </span>
    </p>
   </div>
   <div class='ocr_carea' id='block_1_97' title="bbox 242 4856 1834 4932">
    <p class='ocr_par' dir='ltr' id='par_1_97' title="bbox 242 4856 1834 4932">
     <span class='ocr_line' id='line_1_97' title="bbox 242 4856 1834 4932; baseline 0.005 -24"><span class='ocrx_word' id='word_1_744' title='bbox 242 4856 452 4921; x_wconf 75' lang='grc' dir='ltr'>λειοῦν,</span> <span class='ocrx_word' id='word_1_745' title='bbox 491 4858 586 4911; x_wconf 80' lang='grc' dir='ltr'>καὶ</span> <span class='ocrx_word' id='word_1_746' title='bbox 608 4858 681 4913; x_wconf 81' lang='grc' dir='ltr'><strong>τά</strong></span> <span class='ocrx_word' id='word_1_747' title='bbox 724 4861 886 4932; x_wconf 84' lang='grc' dir='ltr'>ὅμοια</span> <span class='ocrx_word' id='word_1_748' title='bbox 916 4865 1089 4915; x_wconf 89' lang='grc' dir='ltr'>ποιεῖν</span> <span class='ocrx_word' id='word_1_749' title='bbox 1130 4863 1259 4926; x_wconf 79' lang='grc' dir='ltr'>τοὺς</span> <span class='ocrx_word' id='word_1_750' title='bbox 1287 4863 1834 4932; x_wconf 86' lang='grc' dir='ltr'>παιδαγωγουμένους</span> 
     </span>
    </p>
   </div>
   <div class='ocr_carea' id='block_1_98' title="bbox 242 4948 1828 5025">
    <p class='ocr_par' dir='ltr' id='par_1_98' title="bbox 242 4948 1828 5025">
     <span class='ocr_line' id='line_1_98' title="bbox 242 4948 1828 5025; baseline 0.003 -24"><span class='ocrx_word' id='word_1_751' title='bbox 242 4948 389 5018; x_wconf 78' lang='grc' dir='ltr'>πρὸς</span> <span class='ocrx_word' id='word_1_752' title='bbox 444 4949 700 5020; x_wconf 87' lang='grc' dir='ltr'>δύναμιν·</span> <span class='ocrx_word' id='word_1_753' title='bbox 755 4953 927 5008; x_wconf 90' lang='grc' dir='ltr'>ταῦτα</span> <span class='ocrx_word' id='word_1_754' title='bbox 973 4953 1085 5025; x_wconf 85' lang='grc' dir='ltr'><strong>γάρ</strong></span> <span class='ocrx_word' id='word_1_755' title='bbox 1124 4957 1231 5008; x_wconf 86' lang='grc' dir='ltr'>εἰσι</span> <span class='ocrx_word' id='word_1_756' title='bbox 1270 4954 1341 5008; x_wconf 85' lang='grc' dir='ltr'>τὰ</span> <span class='ocrx_word' id='word_1_757' title='bbox 1379 4954 1516 5025; x_wconf 79' lang='grc' dir='ltr'>ἔργα</span> <span class='ocrx_word' id='word_1_758' title='bbox 1542 4952 1638 5007; x_wconf 90' lang='grc' dir='ltr'><strong>τοῦ</strong></span> <span class='ocrx_word' id='word_1_759' title='bbox 1661 4951 1828 5006; x_wconf 88' lang='grc' dir='ltr'>Θεοῦ.</span> 
     </span>
    </p>
   </div>
   <div class='ocr_carea' id='block_1_99' title="bbox 256 5041 1835 5118">
    <p class='ocr_par' dir='ltr' id='par_1_99' title="bbox 256 5041 1835 5118">
     <span class='ocr_line' id='line_1_99' title="bbox 256 5041 1835 5118; baseline 0.002 -24"><span class='ocrx_word' id='word_1_760' title='bbox 256 5041 496 5113; x_wconf 77' lang='grc' dir='ltr'>Ἑφεξῆς</span> <span class='ocrx_word' id='word_1_761' title='bbox 518 5042 575 5095; x_wconf 81' lang='grc' dir='ltr'>δὲ</span> <span class='ocrx_word' id='word_1_762' title='bbox 597 5044 847 5118; x_wconf 80' lang='grc' dir='ltr'>ἐκτίθησι</span> <span class='ocrx_word' id='word_1_763' title='bbox 877 5047 973 5101; x_wconf 85' lang='grc' dir='ltr'><strong>καί</strong></span> <span class='ocrx_word' id='word_1_764' title='bbox 996 5046 1117 5101; x_wconf 88' lang='grc' dir='ltr'>καθ’</span> <span class='ocrx_word' id='word_1_765' title='bbox 1146 5046 1206 5101; x_wconf 70' lang='grc' dir='ltr'>ἓν</span> <span class='ocrx_word' id='word_1_766' title='bbox 1234 5047 1334 5117; x_wconf 82' lang='grc' dir='ltr'><strong>τὴν</strong></span> <span class='ocrx_word' id='word_1_767' title='bbox 1360 5045 1513 5113; x_wconf 77' lang='grc' dir='ltr'>τάξιν</span> <span class='ocrx_word' id='word_1_768' title='bbox 1532 5046 1641 5100; x_wconf 85' lang='grc' dir='ltr'><strong>τῶν</strong></span> <span class='ocrx_word' id='word_1_769' title='bbox 1663 5063 1721 5099; x_wconf 90' lang='grc' dir='ltr'><strong>τε</strong></span> <span class='ocrx_word' id='word_1_770' title='bbox 1743 5061 1835 5098; x_wconf 58' lang='grc' dir='ltr'>τεά</span> 
     </span>
    </p>
   </div>
   <div class='ocr_carea' id='block_1_100' title="bbox 240 5130 1834 5209">
    <p class='ocr_par' dir='ltr' id='par_1_100' title="bbox 240 5130 1834 5209">
     <span class='ocr_line' id='line_1_100' title="bbox 240 5130 1834 5209; baseline 0.003 -24"><span class='ocrx_word' id='word_1_771' title='bbox 240 5130 487 5186; x_wconf 78' lang='grc' dir='ltr'>λούντων</span> <span class='ocrx_word' id='word_1_772' title='bbox 505 5135 600 5187; x_wconf 82' lang='grc' dir='ltr'><strong>καὶ</strong></span> <span class='ocrx_word' id='word_1_773' title='bbox 622 5134 732 5189; x_wconf 83' lang='grc' dir='ltr'>τῶν</span> <span class='ocrx_word' id='word_1_774' title='bbox 772 5135 1125 5208; x_wconf 84' lang='grc' dir='ltr'>τελουμένων.</span> <span class='ocrx_word' id='word_1_775' title='bbox 1159 5139 1222 5190; x_wconf 79' lang='lat' dir='ltr'><strong>Ui</strong></span> <span class='ocrx_word' id='word_1_776' title='bbox 1254 5137 1351 5209; x_wconf 82' lang='grc' dir='ltr'><strong>μὲν</strong></span> <span class='ocrx_word' id='word_1_777' title='bbox 1382 5136 1759 5208; x_wconf 87' lang='grc' dir='ltr'>καθαίρουσιν,</span> <span class='ocrx_word' id='word_1_778' title='bbox 1782 5136 1834 5189; x_wconf 80' lang='grc' dir='ltr'>οἱ</span> 
     </span>
    </p>
   </div>
   <div class='ocr_carea' id='block_1_101' title="bbox 240 5220 1837 5299">
    <p class='ocr_par' dir='ltr' id='par_1_101' title="bbox 240 5220 1837 5299">
     <span class='ocr_line' id='line_1_101' title="bbox 240 5220 1837 5299; baseline 0.002 -22"><span class='ocrx_word' id='word_1_779' title='bbox 240 5222 306 5277; x_wconf 72' lang='grc' dir='ltr'>δὲ</span> <span class='ocrx_word' id='word_1_780' title='bbox 332 5220 686 5296; x_wconf 87' lang='grc' dir='ltr'>καθαίρονται</span> <span class='ocrx_word' id='word_1_781' title='bbox 709 5227 957 5297; x_wconf 83' lang='grc' dir='ltr'>(πάντως</span> <span class='ocrx_word' id='word_1_782' title='bbox 997 5229 1049 5281; x_wconf 87' lang='grc' dir='ltr'>οἱ</span> <span class='ocrx_word' id='word_1_783' title='bbox 1077 5227 1158 5282; x_wconf 78' lang='grc' dir='ltr'>ἔτι</span> <span class='ocrx_word' id='word_1_784' title='bbox 1184 5227 1479 5299; x_wconf 79' lang='grc' dir='ltr'>ἐμπαθεῖς)</span> <span class='ocrx_word' id='word_1_785' title='bbox 1520 5228 1611 5282; x_wconf 85' lang='grc' dir='ltr'>διὰ</span> <span class='ocrx_word' id='word_1_786' title='bbox 1638 5228 1737 5299; x_wconf 83' lang='grc' dir='ltr'>τῆς</span> <span class='ocrx_word' id='word_1_787' title='bbox 1758 5227 1837 5280; x_wconf 90' lang='grc' dir='ltr'>δι-</span> 
     </span>
    </p>
   </div>
   <div class='ocr_carea' id='block_1_102' title="bbox 237 5317 1832 5395">
    <p class='ocr_par' dir='ltr' id='par_1_102' title="bbox 237 5317 1832 5395">
     <span class='ocr_line' id='line_1_102' title="bbox 237 5317 1832 5395; baseline 0.002 -20"><span class='ocrx_word' id='word_1_788' title='bbox 237 5317 542 5383; x_wconf 77' lang='grc' dir='ltr'>δασκαλίας</span> <span class='ocrx_word' id='word_1_789' title='bbox 568 5320 676 5373; x_wconf 90' lang='grc' dir='ltr'><strong>τῶν</strong></span> <span class='ocrx_word' id='word_1_790' title='bbox 700 5321 964 5376; x_wconf 86' lang='grc' dir='ltr'>διακόνων</span> <span class='ocrx_word' id='word_1_791' title='bbox 1000 5322 1149 5386; x_wconf 82' lang='grc' dir='ltr'>ίσως.</span> <span class='ocrx_word' id='word_1_792' title='bbox 1190 5324 1298 5377; x_wconf 80' lang='grc' dir='ltr'><strong>Καὶ</strong></span> <span class='ocrx_word' id='word_1_793' title='bbox 1338 5324 1386 5377; x_wconf 87' lang='grc' dir='ltr'>οἱ</span> <span class='ocrx_word' id='word_1_794' title='bbox 1431 5324 1529 5395; x_wconf 83' lang='grc' dir='ltr'>μὲν</span> <span class='ocrx_word' id='word_1_795' title='bbox 1571 5323 1832 5393; x_wconf 78' lang='grc' dir='ltr'>φωτίζου-</span> 
     </span>
    </p>
   </div>
   <div class='ocr_carea' id='block_1_103' title="bbox 244 5410 1834 5487">
    <p class='ocr_par' dir='ltr' id='par_1_103' title="bbox 244 5410 1834 5487">
     <span class='ocr_line' id='line_1_103' title="bbox 244 5410 1834 5487; baseline 0.003 -23"><span class='ocrx_word' id='word_1_796' title='bbox 244 5427 358 5475; x_wconf 86' lang='grc' dir='ltr'>σιν,</span> <span class='ocrx_word' id='word_1_797' title='bbox 408 5410 538 5464; x_wconf 84' lang='grc' dir='ltr'>οἱδὲ</span> <span class='ocrx_word' id='word_1_798' title='bbox 591 5413 913 5482; x_wconf 79' lang='grc' dir='ltr'>φωτίζονται</span> <span class='ocrx_word' id='word_1_799' title='bbox 946 5413 1194 5487; x_wconf 84' lang='grc' dir='ltr'>(πάντως</span> <span class='ocrx_word' id='word_1_800' title='bbox 1219 5415 1269 5467; x_wconf 76' lang='grc' dir='ltr'>οἱ</span> <span class='ocrx_word' id='word_1_801' title='bbox 1292 5414 1704 5487; x_wconf 85' lang='grc' dir='ltr'>μετριοπαθεῖς)</span> <span class='ocrx_word' id='word_1_802' title='bbox 1744 5416 1834 5471; x_wconf 88' lang='grc' dir='ltr'><strong>διά</strong></span> 
     </span>
    </p>
   </div>
   <div class='ocr_carea' id='block_1_104' title="bbox 240 5480 1834 5578">
    <p class='ocr_par' dir='ltr' id='par_1_104' title="bbox 240 5480 1834 5578">
     <span class='ocr_line' id='line_1_104' title="bbox 240 5480 1834 5578; baseline 0.003 -22"><span class='ocrx_word' id='word_1_803' title='bbox 240 5503 356 5556; x_wconf 77' lang='grc' dir='ltr'><strong>τῶν</strong></span> <span class='ocrx_word' id='word_1_804' title='bbox 378 5502 560 5572; x_wconf 86' lang='grc' dir='ltr'>εὐχῶν</span> <span class='ocrx_word' id='word_1_805' title='bbox 581 5480 690 5557; x_wconf 85' lang='grc' dir='ltr'><strong>τῶν</strong></span> <span class='ocrx_word' id='word_1_806' title='bbox 713 5480 1107 5578; x_wconf 60' lang='grc' dir='ltr'>πρεσϐυτέρων</span> <span class='ocrx_word' id='word_1_807' title='bbox 1137 5480 1358 5577; x_wconf 80' lang='grc' dir='ltr'>δηλαδή.</span> <span class='ocrx_word' id='word_1_808' title='bbox 1395 5480 1505 5559; x_wconf 57' lang='grc' dir='ltr'><strong>Καὶ</strong></span> <span class='ocrx_word' id='word_1_809' title='bbox 1542 5506 1593 5559; x_wconf 80' lang='grc' dir='ltr'>οἱ</span> <span class='ocrx_word' id='word_1_810' title='bbox 1621 5480 1718 5577; x_wconf 78' lang='grc' dir='ltr'>μὲν</span> <span class='ocrx_word' id='word_1_811' title='bbox 1743 5523 1834 5560; x_wconf 86' lang='grc' dir='ltr'>τε·</span> 
     </span>
    </p>
   </div>
   <div class='ocr_carea' id='block_1_105' title="bbox 241 5590 1832 5663">
    <p class='ocr_par' dir='ltr' id='par_1_105' title="bbox 241 5590 1832 5663">
     <span class='ocr_line' id='line_1_105' title="bbox 241 5590 1832 5663; baseline 0.003 -19"><span class='ocrx_word' id='word_1_812' title='bbox 241 5590 678 5663; x_wconf 75' lang='grc' dir='ltr'>λεσιουργοῦσιν,</span> <span class='ocrx_word' id='word_1_813' title='bbox 720 5594 770 5645; x_wconf 83' lang='grc' dir='ltr'>οἱ</span> <span class='ocrx_word' id='word_1_814' title='bbox 802 5593 861 5647; x_wconf 85' lang='grc' dir='ltr'><strong>δὲ</strong></span> <span class='ocrx_word' id='word_1_815' title='bbox 886 5592 1239 5660; x_wconf 88' lang='grc' dir='ltr'>τελειοῦνται,</span> <span class='ocrx_word' id='word_1_816' title='bbox 1268 5595 1429 5649; x_wconf 75' lang='grc' dir='ltr'>οἱονεὶ</span> <span class='ocrx_word' id='word_1_817' title='bbox 1458 5593 1832 5651; x_wconf 81' lang='grc' dir='ltr'>θεοποιΟὖνται</span> 
     </span>
    </p>
   </div>
   <div class='ocr_carea' id='block_1_106' title="bbox 334 5769 874 5844">
    <p class='ocr_par' dir='ltr' id='par_1_106' title="bbox 334 5769 874 5844">
     <span class='ocr_line' id='line_1_106' title="bbox 334 5769 874 5844; baseline 0.006 -22"><span class='ocrx_word' id='word_1_818' title='bbox 334 5772 352 5793; x_wconf 84' lang='grc'><strong>⁹</strong></span> <span class='ocrx_word' id='word_1_819' title='bbox 386 5771 540 5829; x_wconf 82' lang='grc' dir='ltr'>Ισως</span> <span class='ocrx_word' id='word_1_820' title='bbox 571 5769 874 5844; x_wconf 76' lang='grc' dir='ltr'>ἐνεργοῦσι.</span> 
     </span>
    </p>
   </div>
   <div class='ocr_carea' id='block_1_107' title="bbox 1940 4573 3508 4647">
    <p class='ocr_par' dir='ltr' id='par_1_107' title="bbox 1940 4573 3508 4647">
     <span class='ocr_line' id='line_1_107' title="bbox 1940 4573 3508 4647; baseline -0.004 -12"><span class='ocrx_word' id='word_1_821' title='bbox 1940 4586 2104 4647; x_wconf 89' lang='lat' dir='ltr'><strong>captu</strong></span> <span class='ocrx_word' id='word_1_822' title='bbox 2149 4592 2248 4634; x_wconf 90' lang='lat' dir='ltr'><strong>suo</strong></span> <span class='ocrx_word' id='word_1_823' title='bbox 2295 4579 2363 4633; x_wconf 90' lang='lat' dir='ltr'><strong>ad</strong></span> <span class='ocrx_word' id='word_1_824' title='bbox 2415 4577 2651 4632; x_wconf 90' lang='lat' dir='ltr'><strong>divinam</strong></span> <span class='ocrx_word' id='word_1_825' title='bbox 2695 4576 3054 4632; x_wconf 88' lang='lat' dir='ltr'><strong>imitationem</strong></span> <span class='ocrx_word' id='word_1_826' title='bbox 3102 4573 3420 4637; x_wconf 86' lang='lat' dir='ltr'><strong>adducatur,</strong></span> <span class='ocrx_word' id='word_1_827' title='bbox 3450 4584 3508 4629; x_wconf 88' lang='lat' dir='ltr'><strong>et</strong></span> 
     </span>
    </p>
   </div>
   <div class='ocr_carea' id='block_1_108' title="bbox 1939 4667 3505 4739">
    <p class='ocr_par' dir='ltr' id='par_1_108' title="bbox 1939 4667 3505 4739">
     <span class='ocr_line' id='line_1_108' title="bbox 1939 4667 3505 4739; baseline -0.001 -16"><span class='ocrx_word' id='word_1_828' title='bbox 1939 4669 2084 4739; x_wconf 91' lang='lat' dir='ltr'><strong>quod</strong></span> <span class='ocrx_word' id='word_1_829' title='bbox 2107 4678 2194 4724; x_wconf 87' lang='lat' dir='ltr'><strong>est</strong></span> <span class='ocrx_word' id='word_1_830' title='bbox 2209 4671 2530 4735; x_wconf 89' lang='lat' dir='ltr'><strong>maximum,</strong></span> <span class='ocrx_word' id='word_1_831' title='bbox 2549 4677 2611 4723; x_wconf 92' lang='lat' dir='ltr'><strong>ut</strong></span> <span class='ocrx_word' id='word_1_832' title='bbox 2629 4670 2719 4723; x_wconf 88' lang='lat' dir='ltr'><strong>Dei</strong></span> <span class='ocrx_word' id='word_1_833' title='bbox 2750 4678 3074 4738; x_wconf 85' lang='lat' dir='ltr'><strong>cooperator</strong></span> <span class='ocrx_word' id='word_1_834' title='bbox 3087 4668 3339 4734; x_wconf 83' lang='lat' dir='ltr'><strong>exsistat,</strong></span> <span class='ocrx_word' id='word_1_835' title='bbox 3353 4667 3505 4734; x_wconf 87' lang='lat' dir='ltr'><strong>juxta</strong></span> 
     </span>
    </p>
   </div>
   <div class='ocr_carea' id='block_1_109' title="bbox 1939 4760 3508 4834">
    <p class='ocr_par' dir='ltr' id='par_1_109' title="bbox 1939 4760 3508 4834">
     <span class='ocr_line' id='line_1_109' title="bbox 1939 4760 3508 4834; baseline -0.001 -17"><span class='ocrx_word' id='word_1_836' title='bbox 1939 4778 2197 4834; x_wconf 74' lang='lat' dir='ltr'><strong>magnum</strong></span> <span class='ocrx_word' id='word_1_837' title='bbox 2223 4762 2575 4832; x_wconf 84' lang='lat' dir='ltr'><strong>Apostolum;</strong></span> <span class='ocrx_word' id='word_1_838' title='bbox 2628 4761 2885 4831; x_wconf 89' lang='lat' dir='ltr'><strong>quoniam</strong></span> <span class='ocrx_word' id='word_1_839' title='bbox 2914 4760 2960 4815; x_wconf 88' lang='lat' dir='ltr'><strong>is</strong></span> <span class='ocrx_word' id='word_1_840' title='bbox 2988 4761 3080 4830; x_wconf 89' lang='lat' dir='ltr'><strong>qui</strong></span> <span class='ocrx_word' id='word_1_841' title='bbox 3107 4760 3377 4829; x_wconf 88' lang='lat' dir='ltr'><strong>initiatur,</strong></span> <span class='ocrx_word' id='word_1_842' title='bbox 3408 4777 3508 4832; x_wconf 85' lang='lat' dir='ltr'><strong>per</strong></span> 
     </span>
    </p>
   </div>
   <div class='ocr_carea' id='block_1_110' title="bbox 1938 4853 3509 4927">
    <p class='ocr_par' dir='ltr' id='par_1_110' title="bbox 1938 4853 3509 4927">
     <span class='ocr_line' id='line_1_110' title="bbox 1938 4853 3509 4927; baseline -0.003 -15"><span class='ocrx_word' id='word_1_843' title='bbox 1938 4871 2132 4927; x_wconf 88' lang='lat' dir='ltr'><strong>preces</strong></span> <span class='ocrx_word' id='word_1_844' title='bbox 2154 4855 2576 4911; x_wconf 86' lang='lat' dir='ltr'><strong>illuminatorias</strong></span> <span class='ocrx_word' id='word_1_845' title='bbox 2600 4854 2765 4916; x_wconf 85' lang='lat' dir='ltr'><strong>illam,</strong></span> <span class='ocrx_word' id='word_1_846' title='bbox 2792 4869 2914 4923; x_wconf 79' lang='lat' dir='ltr'><strong>qua:</strong></span> <span class='ocrx_word' id='word_1_847' title='bbox 2945 4868 3012 4908; x_wconf 84' lang='lat' dir='ltr'><strong>ex</strong></span> <span class='ocrx_word' id='word_1_848' title='bbox 3040 4853 3152 4910; x_wconf 92' lang='lat' dir='ltr'><strong>Deo</strong></span> <span class='ocrx_word' id='word_1_849' title='bbox 3182 4862 3284 4918; x_wconf 89' lang='lat' dir='ltr'><strong>est,</strong></span> <span class='ocrx_word' id='word_1_850' title='bbox 3308 4855 3509 4924; x_wconf 88' lang='lat' dir='ltr'><strong>accipit</strong></span> 
     </span>
    </p>
   </div>
   <div class='ocr_carea' id='block_1_111' title="bbox 1936 4948 3505 5019">
    <p class='ocr_par' dir='ltr' id='par_1_111' title="bbox 1936 4948 3505 5019">
     <span class='ocr_line' id='line_1_111' title="bbox 1936 4948 3505 5019; baseline -0.002 -12"><span class='ocrx_word' id='word_1_851' title='bbox 1936 4951 2381 5013; x_wconf 88' lang='lat' dir='ltr'><strong>illustrationem,</strong></span> <span class='ocrx_word' id='word_1_852' title='bbox 2418 4960 2474 5004; x_wconf 90' lang='lat' dir='ltr'><strong>et</strong></span> <span class='ocrx_word' id='word_1_853' title='bbox 2500 4949 2554 5003; x_wconf 93' lang='lat' dir='ltr'><strong>in</strong></span> <span class='ocrx_word' id='word_1_854' title='bbox 2587 4948 2882 5016; x_wconf 90' lang='lat' dir='ltr'><strong>semetipso</strong></span> <span class='ocrx_word' id='word_1_855' title='bbox 2908 4949 3104 5003; x_wconf 66' lang='lat' dir='ltr'><strong>divina:</strong></span> <span class='ocrx_word' id='word_1_856' title='bbox 3130 4948 3505 5019; x_wconf 90' lang='lat' dir='ltr'><strong>participatio—</strong></span> 
     </span>
    </p>
   </div>
   <div class='ocr_carea' id='block_1_112' title="bbox 1937 5042 3503 5112">
    <p class='ocr_par' dir='ltr' id='par_1_112' title="bbox 1937 5042 3503 5112">
     <span class='ocr_line' id='line_1_112' title="bbox 1937 5042 3503 5112; baseline -0.003 -12"><span class='ocrx_word' id='word_1_857' title='bbox 1937 5045 2024 5100; x_wconf 91' lang='lat' dir='ltr'><strong>nis</strong></span> <span class='ocrx_word' id='word_1_858' title='bbox 2053 5045 2187 5110; x_wconf 87' lang='lat' dir='ltr'><strong>vim,</strong></span> <span class='ocrx_word' id='word_1_859' title='bbox 2223 5044 2275 5099; x_wconf 94' lang='lat' dir='ltr'><strong>id</strong></span> <span class='ocrx_word' id='word_1_860' title='bbox 2311 5051 2396 5098; x_wconf 91' lang='lat' dir='ltr'><strong>est</strong></span> <span class='ocrx_word' id='word_1_861' title='bbox 2424 5057 2586 5112; x_wconf 89' lang='lat' dir='ltr'><strong>opera</strong></span> <span class='ocrx_word' id='word_1_862' title='bbox 2617 5042 2821 5106; x_wconf 87' lang='lat' dir='ltr'><strong>divina,</strong></span> <span class='ocrx_word' id='word_1_863' title='bbox 2874 5042 3256 5097; x_wconf 87' lang='lat' dir='ltr'><strong>demonstrare</strong></span> <span class='ocrx_word' id='word_1_864' title='bbox 3310 5042 3503 5107; x_wconf 86' lang='lat' dir='ltr'><strong>debet;</strong></span> 
     </span>
    </p>
   </div>
   <div class='ocr_carea' id='block_1_113' title="bbox 1935 5132 3507 5208">
    <p class='ocr_par' dir='ltr' id='par_1_113' title="bbox 1935 5132 3507 5208">
     <span class='ocr_line' id='line_1_113' title="bbox 1935 5132 3507 5208; baseline -0.004 -17"><span class='ocrx_word' id='word_1_865' title='bbox 1935 5136 2137 5208; x_wconf 88' lang='lat' dir='ltr'><strong>partim</strong></span> <span class='ocrx_word' id='word_1_866' title='bbox 2167 5136 2433 5201; x_wconf 87' lang='lat' dir='ltr'><strong>docendo,</strong></span> <span class='ocrx_word' id='word_1_867' title='bbox 2466 5134 2664 5204; x_wconf 91' lang='lat' dir='ltr'><strong>partim</strong></span> <span class='ocrx_word' id='word_1_868' title='bbox 2689 5132 2972 5201; x_wconf 89' lang='lat' dir='ltr'><strong>iuitiando,</strong></span> <span class='ocrx_word' id='word_1_869' title='bbox 3002 5145 3057 5188; x_wconf 91' lang='lat' dir='ltr'><strong>et</strong></span> <span class='ocrx_word' id='word_1_870' title='bbox 3078 5133 3278 5189; x_wconf 88' lang='lat' dir='ltr'><strong>similia</strong></span> <span class='ocrx_word' id='word_1_871' title='bbox 3308 5148 3406 5203; x_wconf 90' lang='lat' dir='ltr'><strong>pro</strong></span> <span class='ocrx_word' id='word_1_872' title='bbox 3427 5132 3507 5185; x_wconf 80' lang='lat' dir='ltr'><strong>vi-</strong></span> 
     </span>
    </p>
   </div>
   <div class='ocr_carea' id='block_1_114' title="bbox 1942 5223 3505 5297">
    <p class='ocr_par' dir='ltr' id='par_1_114' title="bbox 1942 5223 3505 5297">
     <span class='ocr_line' id='line_1_114' title="bbox 1942 5223 3505 5297; baseline -0.004 -13"><span class='ocrx_word' id='word_1_873' title='bbox 1942 5229 2028 5284; x_wconf 89' lang='lat' dir='ltr'><strong>rili</strong></span> <span class='ocrx_word' id='word_1_874' title='bbox 2068 5227 2378 5284; x_wconf 88' lang='lat' dir='ltr'><strong>exercendo</strong></span> <span class='ocrx_word' id='word_1_875' title='bbox 2419 5241 2547 5297; x_wconf 78' lang='lat' dir='ltr'><strong>erga</strong></span> <span class='ocrx_word' id='word_1_876' title='bbox 2576 5226 2697 5281; x_wconf 86' lang='lat' dir='ltr'><strong>illos</strong></span> <span class='ocrx_word' id='word_1_877' title='bbox 2730 5227 2823 5295; x_wconf 91' lang='lat' dir='ltr'><strong>qui</strong></span> <span class='ocrx_word' id='word_1_878' title='bbox 2868 5226 3185 5280; x_wconf 88' lang='lat' dir='ltr'><strong>instituendi</strong></span> <span class='ocrx_word' id='word_1_879' title='bbox 3214 5234 3371 5291; x_wconf 89' lang='lat' dir='ltr'><strong>sunt;</strong></span> <span class='ocrx_word' id='word_1_880' title='bbox 3412 5223 3505 5277; x_wconf 86' lang='lat' dir='ltr'><strong>illa</strong></span> 
     </span>
    </p>
   </div>
   <div class='ocr_carea' id='block_1_115' title="bbox 1937 5317 3505 5390">
    <p class='ocr_par' dir='ltr' id='par_1_115' title="bbox 1937 5317 3505 5390">
     <span class='ocr_line' id='line_1_115' title="bbox 1937 5317 3505 5390; baseline -0.004 -13"><span class='ocrx_word' id='word_1_881' title='bbox 1937 5323 2081 5377; x_wconf 91' lang='lat' dir='ltr'><strong>enim</strong></span> <span class='ocrx_word' id='word_1_882' title='bbox 2105 5331 2232 5377; x_wconf 91' lang='lat' dir='ltr'><strong>sunt</strong></span> <span class='ocrx_word' id='word_1_883' title='bbox 2252 5335 2417 5390; x_wconf 90' lang='lat' dir='ltr'><strong>opera</strong></span> <span class='ocrx_word' id='word_1_884' title='bbox 2444 5319 2561 5373; x_wconf 89' lang='lat' dir='ltr'><strong>Dei.</strong></span> <span class='ocrx_word' id='word_1_885' title='bbox 2587 5318 2789 5375; x_wconf 89' lang='lat' dir='ltr'><strong>Deinde</strong></span> <span class='ocrx_word' id='word_1_886' title='bbox 2806 5319 3025 5387; x_wconf 84' lang='lat' dir='ltr'><strong>exponit</strong></span> <span class='ocrx_word' id='word_1_887' title='bbox 3045 5319 3208 5372; x_wconf 83' lang='lat' dir='ltr'><strong>etiam</strong></span> <span class='ocrx_word' id='word_1_888' title='bbox 3228 5317 3505 5388; x_wconf 79' lang='lat' dir='ltr'><strong>sigillatim</strong></span> 
     </span>
    </p>
   </div>
   <div class='ocr_carea' id='block_1_116' title="bbox 1930 5408 3509 5478">
    <p class='ocr_par' dir='ltr' id='par_1_116' title="bbox 1930 5408 3509 5478">
     <span class='ocr_line' id='line_1_116' title="bbox 1930 5408 3509 5478; baseline -0.004 -9"><span class='ocrx_word' id='word_1_889' title='bbox 1930 5415 2175 5470; x_wconf 86' lang='lat' dir='ltr'><strong>ordinem</strong></span> <span class='ocrx_word' id='word_1_890' title='bbox 2219 5412 2547 5466; x_wconf 89' lang='lat' dir='ltr'><strong>initiantium</strong></span> <span class='ocrx_word' id='word_1_891' title='bbox 2590 5420 2644 5464; x_wconf 86' lang='lat' dir='ltr'><strong>et</strong></span> <span class='ocrx_word' id='word_1_892' title='bbox 2692 5410 3051 5465; x_wconf 88' lang='lat' dir='ltr'><strong>initiatorum.</strong></span> <span class='ocrx_word' id='word_1_893' title='bbox 3099 5408 3381 5478; x_wconf 87' lang='lat' dir='ltr'><strong>Siquidem</strong></span> <span class='ocrx_word' id='word_1_894' title='bbox 3433 5411 3509 5464; x_wconf 89' lang='lat' dir='ltr'><strong>illi</strong></span> 
     </span>
    </p>
   </div>
   <div class='ocr_carea' id='block_1_117' title="bbox 1928 5498 3509 5577">
    <p class='ocr_par' dir='ltr' id='par_1_117' title="bbox 1928 5498 3509 5577">
     <span class='ocr_line' id='line_1_117' title="bbox 1928 5498 3509 5577; baseline -0.006 -15"><span class='ocrx_word' id='word_1_895' title='bbox 1928 5506 2174 5577; x_wconf 81' lang='lat' dir='ltr'><strong>expiant,</strong></span> <span class='ocrx_word' id='word_1_896' title='bbox 2201 5504 2255 5559; x_wconf 85' lang='lat' dir='ltr'><strong>hi</strong></span> <span class='ocrx_word' id='word_1_897' title='bbox 2286 5518 2416 5559; x_wconf 89' lang='lat' dir='ltr'><strong>vero</strong></span> <span class='ocrx_word' id='word_1_898' title='bbox 2439 5503 2748 5572; x_wconf 88' lang='lat' dir='ltr'><strong>expiantur,</strong></span> <span class='ocrx_word' id='word_1_899' title='bbox 2777 5517 2871 5572; x_wconf 90' lang='lat' dir='ltr'><strong>per</strong></span> <span class='ocrx_word' id='word_1_900' title='bbox 2900 5499 3289 5557; x_wconf 88' lang='lat' dir='ltr'><strong>institutionem</strong></span> <span class='ocrx_word' id='word_1_901' title='bbox 3307 5498 3509 5555; x_wconf 84' lang='lat' dir='ltr'><strong>videli-</strong></span> 
     </span>
    </p>
   </div>
   <div class='ocr_carea' id='block_1_118' title="bbox 1932 5588 3504 5672">
    <p class='ocr_par' dir='ltr' id='par_1_118' title="bbox 1932 5588 3504 5672">
     <span class='ocr_line' id='line_1_118' title="bbox 1932 5588 3504 5672; baseline -0.008 -16"><span class='ocrx_word' id='word_1_902' title='bbox 1932 5598 2421 5672; x_wconf 85' lang='lat' dir='ltr'><strong>cet_diaconormn,</strong></span> <span class='ocrx_word' id='word_1_903' title='bbox 2448 5604 2633 5665; x_wconf 89' lang='lat' dir='ltr'><strong>utpote</strong></span> <span class='ocrx_word' id='word_1_904' title='bbox 2660 5594 2840 5650; x_wconf 82' lang='lat' dir='ltr'><strong>adhuc</strong></span> <span class='ocrx_word' id='word_1_905' title='bbox 2867 5591 3086 5648; x_wconf 86' lang='lat' dir='ltr'><strong>obnoxii</strong></span> <span class='ocrx_word' id='word_1_906' title='bbox 3129 5588 3504 5670; x_wconf 69' lang='lat' dir='ltr'><strong>passionibus.</strong></span> 
     </span>
    </p>
   </div>
  </div>
