3908 6232
395 324 495 377 175

1528 321 1584 378 S.
1625 320 1925 379 DIONYSII
1960 315 2426 378 ᾹῘΕΟΡᾹΟΙΤᾹῘ

3554 323 3660 380 176

394 445 570 507 Atque
589 436 679 491 alii
709 437 927 506 quidem
954 435 1286 502 illuminant,
1310 436 1398 491 alii
1420 451 1549 491 vero
1575 438 1971 502 illuminantur,

2077 438 2156 508 (ei
2186 441 2251 509 τῇ
2283 438 2524 509 ἀπαθείᾳ
2552 437 2887 509 προσϐάντες
2923 438 3051 509 ἤδη)
3082 437 3172 491 διὰ
3200 439 3298 510 τῆς
3327 438 3436 492 τῶν
3472 441 3662 511 ἀρχιε-

393 547 491 601 per
516 544 707 601 preces
722 530 928 584 scilicet
946 530 1408 600 presbyterorum.
1430 540 1617 601 utpote
1634 532 1975 601 passionibus

394 625 508 680 suis
521 625 642 695 jam
664 626 993 694 superiores.
1012 626 1187 691 Atque
1205 623 1294 676 alii
1313 625 1438 679 item
1460 636 1862 691 consecrant,et
1884 624 1975 679 alii

394 727 803 781 consecrantur,
833 731 924 770 seu
943 715 1343 785 quodammodo
1367 714 1688 770 deiﬁcantur
1716 730 1814 785 per
1830 715 1975 770 anti-

395 811 583 865 stilum
611 810 920 863 unctionem
938 817 1275 875 caeterasque
1294 823 1482 862 sacras
1502 810 1973 875 consecrationes,

393 908 583 968 utpote
606 899 717 968 jam
743 898 1055 967 passionum
1089 897 1414 971 vacuitatem
1453 899 1714 954 assecuti.
1746 898 1977 955 Cuilibet

396 992 588 1061 itaque
637 990 851 1043 illorum
889 988 985 1057 qui
1044 990 1301 1042 nimirum
1342 990 1517 1045 sacris
1541 1001 1861 1059 operantur,
1897 993 1977 1046 di-

398 1082 524 1136 vina
553 1088 822 1149 competet
852 1080 1115 1143 imitatio;
1149 1080 1409 1148 quoniam
1457 1090 1511 1134 et
1557 1082 1785 1148 ipsemet
1836 1082 1977 1137 Deus

395 1184 583 1230 noster
606 1173 834 1229 docendi
858 1188 1055 1227 munus
1075 1173 1190 1226 obit
1220 1192 1238 1229 :
1277 1173 1327 1226 id
1361 1173 1505 1241 quod
1548 1185 1697 1243 patet
1724 1190 1791 1229 ex
1817 1175 1977 1233 Vete.

395 1267 444 1321 ri
474 1266 845 1330 Testamento,
874 1280 998 1320 cum
1017 1266 1094 1319 ait
1118 1284 1132 1320 :
1157 1264 1528 1329 Αιιάί,·1εναεί,
1558 1265 1811 1322 Dominus
1839 1268 1979 1323 Deus

395 1370 539 1424 tuus,
580 1358 835 1412 Dominus
862 1374 996 1411 unus
1020 1369 1093 1410 est
1116 1367 1178 1421 n;
1204 1356 1312 1428 35
1344 1366 1398 1411 et
1419 1374 1485 1411 ex
1509 1355 1658 1413 Novo
1677 1372 1770 1411 seu
1799 1359 1978 1413 Evan-

396 1449 559 1521 gelio,
587 1448 675 1501 ubi
706 1447 995 1514 illuminat,
1017 1445 1169 1514 juxta
1198 1446 1326 1499 illud
1354 1462 1367 1497 :
1400 1443 1511 1515 Ego
1534 1444 1627 1498 lus:
1649 1445 1703 1498 in
1724 1447 1979 1499 mundum

395 1544 583 1608 veni°;
610 1550 666 1596 et
691 1540 927 1605 deiﬁeat,
973 1540 1131 1611 juxta
1161 1539 1292 1593 illud
1329 1554 1342 1590 :
1377 1537 1487 1607 Ego
1519 1538 1656 1599 dixi,
1684 1537 1758 1591 dii
1783 1538 1905 1591 estis
1927 1546 1977 1591 ι’.

397 1633 496 1688 Hic
512 1648 707 1703 nempe
736 1634 927 1686 modus
950 1642 1034 1685 est
1051 1646 1161 1701 quo
1180 1631 1265 1686 isti
1288 1631 1526 1684 divinam
1547 1631 1832 1684 imitantur
1848 1628 1978 1683 bea-

398 1726 707 1793 titudinem,
739 1739 861 1794 qua
890 1738 998 1780 non
1029 1722 1204 1779 solum
1232 1730 1449 1793 purgat.
1490 1733 1547 1777 et
1575 1722 1867 1783 illuminat.
1891 1729 1977 1775 at-

2080 530 2217 600 ρέων
2271 528 2524 599 χρίσεως,
2565 528 2661 581 καὶ
2703 528 2893 599 ἐτέρας
2932 529 3369 599 ἱεροτελεστείας.
3416 531 3663 601 Ἐκάστῳ

2076 620 2206 688 γοῦν
2230 620 2434 673 τούτων
2455 620 2697 690 δηλονότι
2722 618 2831 672 τῶν
2853 620 3216 691 ἐνεργούντων
3245 621 3306 673 τὸ
3334 620 3664 691 θεομίμητσν

2076 713 2308 784 ἁρμόσει
2327 730 2339 742 ·
2370 714 2464 766 καὶ
2490 712 2598 783 γάρ
2620 713 2649 765 ό
2674 712 2805 775 Θεὸς
2824 712 2981 784 ἡμῶν
3004 712 3271 766 διδάσκει·
3302 713 3395 765 καὶ
3415 713 3572 783 δῆλον
3596 713 3666 767 ἐκ

2076 822 2135 857 τε
2172 804 2272 874 τῆς
2314 804 2555 866 Παλαιᾶς
2583 804 2877 875 Διαθήκης,
2908 804 2985 867 ὡς
3012 804 3093 867 rb,
3129 806 3344 857 Ἀκουε
3394 803 3662 871 Ἰσραὴλ,

2077 901 2291 966 Κύριος
2352 902 2385 952 ό
2426 900 2571 963 Θεός
2628 912 2743 952 σου
2771 940 2786 963 ,
2853 899 3070 966 Κύριος
3130 898 3218 964 εἷς
3256 899 3427 952 ἐστιν
3450 915 3462 926 ·
3513 897 3577 950 ἐκ
3600 914 3665 949 τε

2076 988 2329 1060 τῆςΝέας
2357 988 2452 1042 καὶ
2492 988 2587 1042 τοῦ
2633 988 2964 1057 Εὐαγγελίου
2998 989 3242 1058 φωτίζει,
3286 990 3361 1053 ὼς
3392 989 3474 1052 rb,
3514 988 3667 1057 Ἐγὼ

2076 1079 2201 1150 φῶς
2216 1084 2302 1147 είς
2329 1081 2438 1134 τὸν
2467 1083 2699 1151 κόσμον
2719 1082 2987 1148 ἐλήλυθα
3004 1100 3018 1113 ·
3043 1082 3297 1147 θεοποιεῇ
3321 1082 3397 1145 ὡς
3419 1082 3500 1145 rb,
3519 1079 3669 1151 Ἐγὼ

2076 1175 2233 1237 εἶπα,
2281 1176 2414 1228 Θεοί
2451 1175 2611 1229 ἐστε.
2660 1170 2826 1238 Οὗτος
2859 1174 2967 1247 γάρ
3000 1176 3147 1228 ἐστιν
3175 1177 3203 1227 ὁ
3225 1174 3425 1247 τρόπος
3452 1173 3547 1228 τοῦ
3573 1193 3667 1245 μια-

2081 1266 2298 1337 μεῖσθαι
2329 1267 2553 1330 τούτους
2578 1268 2676 1339 τὴν
2714 1267 2862 1322 θείαν
2897 1266 3291 1339 μακαριότητα,
3327 1267 3363 1338 ἢ
3401 1267 3477 1338 μὴ
3504 1266 3669 1337 μόνον

2079 1358 2350 1430 καθαίρει,
2381 1360 2477 1413 καὶ
2506 1358 2751 1429 φωτίζει,
2804 1361 2897 1414 καὶ
2935 1361 3309 1432 τελεσιουργεῖ
3362 1359 3426 1431 (ἀ
3476 1360 3542 1431 δὴ
3574 1360 3672 1413 καὶ

2078 1451 2346 1521 ἐνέργειαί
2378 1454 2505 1515 εισι,
2532 1451 2622 1505 καί
2650 1455 2758 1506 εἰσι
2786 1451 3007 1507 καὶτῶν
3045 1451 3313 1524 ἱεραρχῶν
3338 1450 3480 1508 κατὰ
3508 1451 3670 1522 μέθε-

2079 1539 2219 1611 ξιν),
2246 1542 2383 1596 ἀλλά
2411 1544 2506 1597 καὶ
2542 1544 2834 1615 κάθαρσις,
2870 1546 2964 1598 καὶ
2994 1545 3292 1615 φωτισμὸς,
3329 1544 3424 1599 καὶ
3448 1543 3673 1598 τελείω-

2083 1633 2169 1697 σίς
2193 1635 2331 1687 ἐστι·
2359 1636 2557 1705 μᾶλλον
2582 1636 2638 1689 δὲ
2660 1638 2754 1689 καὶ
2778 1636 2919 1708 ὑπὲρ
2946 1636 3137 1700 ταῦτα,
3162 1640 3255 1690 καὶ
3282 1637 3460 1709 πάσης
3484 1637 3671 1707 {epap-

2077 1724 2202 1793 χίας
2233 1724 2402 1791 αἰτία,
2447 1727 2542 1781 καὶ
2576 1727 2777 1791 παντὸς
2800 1727 2944 1797 ἱεροῦ
2967 1730 3310 1800 ἀσυγκρίτως
3331 1728 3667 1801 ἐξῃρημένη.

396 1834 504 1887 que
533 1828 873 1874 consummat
904 1819 1049 1887 (qua:
1081 1817 1195 1887 ipsa
1221 1818 1567 1887 operationes
1595 1827 1756 1883 sunt;
1809 1827 1974 1888 atque
2021 1821 2184 1875 etiam
2231 1824 2584 1891 operationes
2639 1823 2954 1893 pontificum
3003 1840 3100 1895 per
3147 1824 3669 1894 participationem).

397 1914 490 1967 sed
544 1914 709 1968 etiam
746 1914 980 1984 ipsamet
1020 1921 1104 1967 est
1147 1913 1407 1984 expiatio,
1489 1923 1546 1968 et
1600 1914 1926 1980 illustratio,
1983 1923 2039 1968 et
2090 1919 2475 1983 consecratio;
2526 1928 2689 1989 atque
2745 1919 2969 1989 insuper
3008 1932 3224 1987 quoque
3266 1930 3429 1970 causa
3485 1914 3669 1969 omnis

398 2004 737 2063 liierareliiaa,
790 2012 845 2057 et
876 2002 944 2056 ab
970 2001 1117 2057 omni
1161 2016 1219 2056 re
1269 2015 1425 2056 sacra
1472 1999 1973 2069 incomparabiliter
2004 2014 2254 2074 exempta
2290 2016 2394 2061 est.

470 2094 499 2168 ς
530 2095 615 2149 lll.
659 2095 863 2151 Deinde
912 2094 1099 2160 tradit,
1135 2108 1383 2163 quaenam
1412 2103 1725 2163 competant
1771 2094 1855 2149 his
1882 2096 1972 2165 qui

2152 2097 2181 2169 ς
2208 2098 2293 2154 Ill.
2325 2101 2553 2174 Ἐςρεξῆς
2572 2101 2739 2171 λέγει,
2756 2102 2877 2156 τίνα
2900 2100 2969 2155 τὰ
2996 2102 3339 2173 προσήκοντα
3358 2102 3470 2162 τοίς
3489 2096 3670 2151 ταῦτα

397 2207 552 2248 sacra
580 2191 907 2263 suscipiunt,
936 2201 1099 2259 atque
1130 2191 1258 2245 item
1292 2204 1414 2260 qua:
1434 2192 1763 2245 conveniant
1794 2189 1860 2245 iis
1881 2189 1973 2259 qui

397 2298 552 2339 saera
580 2283 820 2337 tradunt.
857 2282 936 2337 Ac
968 2283 1206 2352 primum
1236 2282 1480 2351 quidem,
1530 2282 1709 2350 quoad
1748 2281 1976 2337 initian-

398 2375 496 2431 dos
519 2375 733 2442 attinet,
767 2383 981 2445 oportet
1011 2389 1126 2440 eos,
1158 2374 1253 2443 qui
1282 2374 1569 2442 expiantur
1598 2389 1696 2443 per
1716 2375 1977 2430 emundao

398 2466 626 2531 tionem,
665 2467 733 2520 ab
769 2465 917 2520 omni
949 2463 1333 2532 inmqualitatis
1366 2463 1582 2517 macula
1613 2462 1862 2527 liberari;
1904 2463 1973 2517 ad

398 2556 503 2611 hoc
529 2557 673 2611 enim
719 2565 805 2611 est
848 2556 1111 2624 expiatio,
1143 2555 1299 2625 juxta
1327 2554 1457 2608 illud
1491 2571 1504 2607 :
1546 2553 1769 2609 Lavabis
1796 2569 1897 2617 me,
1926 2564 1976 2608 et

398 2663 555 2717 super
575 2648 741 2702 nivem
762 2648 1046 2702 dealbabor
1060 2657 1120 2710 ct;
1142 2661 1238 2702 eos
1259 2655 1436 2702 autem
1465 2646 1554 2716 qui
1581 2646 1971 2711 illuminantur,

400 2754 505 2795 non
557 2755 623 2795 ex
664 2748 819 2809 parte
861 2738 1174 2802 illuminari,
1208 2738 1302 2793 sed
1336 2738 1545 2808 impleri
1580 2738 1798 2802 lumine,
1837 2747 1891 2793 et
1921 2736 1974 2790 in

399 2833 550 2901 puris
598 2832 797 2886 mentis
832 2830 1005 2886 oculis
1037 2830 1103 2884 ad
1134 2830 1564 2900 praestantiorem
1608 2830 1801 2884 adduci
1848 2844 1978 2884 con—

399 2923 832 2993 templstionem;
853 2920 1183 2993 ejuseemodi
1205 2921 1348 2975 enim
1371 2930 1455 2976 est
1471 2921 1807 2987 illuminatio,
1822 2920 1974 2992 juxta

400 3016 529 3071 illud
554 3032 569 3070 :
594 3013 851 3069 “lumina
874 3013 1055 3069 oculos
1089 3023 1154 3078 ',°
1168 3026 1262 3069 et:
1297 3012 1487 3067 Revela
1521 3014 1701 3067 oculos
1736 3029 1896 3077 meos,
1926 3023 1977 3069 et

398 3110 743 3164 considerate
788 3106 1056 3162 mirabilia
1087 3117 1179 3160 tua
1206 3114 1264 3173 ';
1319 3121 1412 3161 eos
1440 3118 1620 3161 autem
1645 3106 1741 3175 qui
1783 3120 1976 3160 censeo

396 3207 644 3265 crantur,
665 3212 733 3253 ex
761 3195 1093 3266 imperfectis
1118 3195 1389 3266 perfectos
1411 3197 1666 3261 eradere,
1685 3204 1848 3264 atque
1867 3211 1983 3266 per-

398 3290 631 3346 ﬁeientis
657 3304 935 3359 sacrasque
959 3289 1197 3344 scientia:
1218 3289 1515 3358 participes
1544 3302 1611 3343 ac
1643 3297 1980 3357 spectatores

398 3382 666 3438 exsistere
703 3398 717 3435 :
750 3380 1015 3450 siquidem
1040 3378 1093 3433 id
1121 3379 1175 3433 in
1205 3380 1351 3434 omni
1377 3379 1605 3435 scientia
1627 3378 1979 3449 perfectionis

397 3484 499 3536 est,
543 3475 608 3528 ad
637 3486 828 3528 eorum
868 3485 989 3541 quae
1013 3480 1320 3526 cernuntur
1370 3470 1852 3541 participationem
1896 3470 1980 3523 iu-

399 3570 842 3636 spectionemque
868 3566 1163 3635 pervenire
1202 3573 1261 3619 et
1286 3565 1339 3619 in
1372 3562 1519 3618 nullo
1539 3562 1797 3627 deiicere,
1818 3562 1974 3633 juxta

399 3659 530 3713 illud
563 3675 579 3713 :
608 3657 787 3711 Estote
807 3656 1042 3726 perfecti,
1077 3656 1214 3710 sicut
1239 3664 1287 3709 et
1316 3651 1482 3708 Pater
1501 3663 1670 3708 vester
1689 3654 1907 3707 calatis
1926 3652 1974 3706 ⁸.

399 3751 589 3806 Tradit
619 3749 814 3805 deinde
833 3764 953 3820 qua:
981 3755 1322 3803 concernunt
1355 3761 1449 3802 eos
1476 3746 1568 3815 qui
1598 3760 1754 3800 saera
1782 3743 1973 3799 conie-

398 3855 547 3900 runt.
602 3841 803 3911 Utique
855 3850 1070 3912 oportet
1095 3854 1210 3906 eos,
1257 3840 1453 3908 quibus
1496 3838 1743 3909 expiandi
1776 3853 1975 3893 munus

399 3935 685 3997 incumbit,
716 3950 818 3988 non
849 3943 958 3988 tam
987 3936 1183 4004 exigua
1217 3933 1475 4001 tenuique
1502 3932 1743 4001 puritate
1768 3931 1976 3985 instru-

398 4038 514 4081 ctos
540 4041 683 4090 esse,
712 4034 768 4078 ut
795 4038 1015 4096 propter
1046 4025 1326 4095 penuriam
1354 4024 1629 4091 puritatis,
1656 4036 1722 4078 ex
1744 4023 1977 4076 immun-

400 4122 590 4175 dorum
619 4134 839 4173 accessu
873 4120 1248 4188 inquinentur,
1275 4128 1331 4173 et
1358 4117 1754 4172 immunditiam
1793 4118 1974 4187 potius

398 4210 728 4265 contrahant
755 4223 917 4278 quam
939 4206 1213 4276 expellant
1243 4225 1256 4261 :
1287 4208 1382 4262 sed
1432 4205 1703 4261 aliiuentia
1736 4208 1971 4275 quadam

398 4304 653 4373 puritatis
682 4301 981 4365 abundare,
1021 4302 1093 4355 ita
1124 4312 1183 4355 ut
1213 4308 1270 4354 et
1307 4299 1430 4353 aliis
1458 4299 1705 4353 eamdem
1734 4313 1975 4353 commu-

398 4399 583 4453 nicare
612 4397 856 4452 valeant.
890 4396 997 4451 Eos
1026 4404 1228 4458 autem,
1259 4393 1348 4462 qui
1378 4391 1715 4446 illuminandi
1748 4404 1972 4445 munere

396 4495 715 4564 funguntur,
754 4499 971 4561 oportet
996 4504 1119 4544 cum
1151 4488 1218 4542 ad
1243 4486 1408 4541 divini
1439 4485 1658 4539 luminis
1688 4484 1968 4553 exceptio-

398 4599 545 4646 nem,
574 4595 686 4639 tum
718 4584 786 4637 ad
811 4581 1051 4651 ejusdem
1082 4577 1334 4634 similiter
1368 4574 1789 4631 transfusionem
1813 4591 1971 4631 com-

396 4687 615 4749 paratos
641 4692 783 4741 esse,
833 4685 888 4731 et
929 4676 1193 4728 vitrorum
1243 4681 1493 4727 naturam
1544 4670 1757 4741 penitus
1796 4686 1969 4725 temu-

2081 2194 2369 2264 πάσχουσι,
2405 2197 2496 2249 καὶ
2520 2196 2640 2249 τίνα
2670 2195 2739 2248 τὰ
2763 2195 3041 2268 πρέποντα
3070 2196 3181 2257 τοῖς
3214 2192 3389 2247 ταῦτα
3422 2190 3666 2247 ποιοῦσι.

2078 2288 2187 2341 Καὶ
2212 2287 2428 2360 πρῶτον
2450 2290 2572 2343 τινα
2594 2293 2709 2353 τοῖς
2739 2290 3027 2359 πάσχουσι.
3061 2289 3153 2339 Δεῖ
3177 2285 3308 2355 γοῦν
3335 2286 3460 2348 τοὺς
3481 2285 3671 2338 καθαι-

2079 2380 2338 2452 ρομένους
2350 2383 2547 2446 παντὸς
2567 2383 2821 2454 ἀνομοίου
2837 2386 2903 2454 τῇ
2920 2380 3183 2452 καθάρσει
3206 2376 3482 2451 μολυσμοῦ
3504 2376 3672 2447 ὴλευυ

2079 2474 2351 2547 θερῶσθαι
2370 2493 2382 2505 ·
2420 2475 2641 2547 τοιαύτη
2668 2474 2778 2547 γὰρ
2808 2476 2841 2546 ἡ
2878 2473 3175 2545 κάθαρσις,
3211 2471 3352 2526 κατά
3379 2470 3461 2534 rb,
3501 2474 3669 2524 Πλυ-

2077 2566 2205 2634 νεῒς
2243 2585 2340 2637 με,
2391 2568 2491 2621 καὶ
2530 2567 2681 2636 ὑπὲρ
2705 2568 2878 2636 χιόνα
2904 2564 3393 2634 λευκανθήσομαι
3417 2582 3429 2593 ·
3450 2565 3579 2627 τοὺς
3606 2564 3666 2617 δὲ

2080 2660 2499 2731 φωτιζομένους,
2529 2660 2629 2713 οὐκ
2659 2660 2724 2712 ἐκ
2762 2659 2961 2730 μέρους
2984 2655 3334 2727 φωτίζεσθαι,
3370 2654 3489 2709 ἀλλ’
3523 2656 3667 2709 ἀπο-

2080 2751 2421 2824 πληροῦσθαι
2469 2751 2563 2805 τοῦ
2610 2752 2808 2821 φωτὸς,
2852 2752 2944 2805 καὶ
2990 2748 3287 2817 ἀνάγεσθαι
3339 2748 3477 2820 πρὸς
3536 2747 3671 2801 θεω-

2082 2844 2205 2914 ρίαν
2252 2845 2535 2915 κρείττονα
2581 2844 2639 2895 ἐν
2685 2843 2973 2906 άθολώτοις
3021 2840 3319 2911 ὀφθαλμοῖς
3366 2840 3459 2893 τοῦ
3510 2839 3663 2903 νοός·

2078 2935 2317 2989 τοιοῦτον
2348 2935 2457 3007 γὰρ
2488 2936 2517 2987 ό
2547 2933 2842 3005 φωτισμὸς,
2890 2933 2965 2996 ὡς
2998 2932 3080 2995 rb,
3112 2929 3381 2985 Φώτισον
3426 2929 3572 2995 τοὺς
3600 2931 3666 2981 ὀ-

2079 3029 2421 3097 φθαλμούς·
2486 3028 2580 3081 καὶ
2648 3026 3081 3093 Ἀποκάλυψον
3114 3024 3259 3090 τοὺς
3318 3023 3669 3093 ὀφθαλμούς

2076 3138 2215 3189 μου,
2255 3118 2353 3172 καὶ
2375 3114 2728 3182 κατανοήσω
2756 3116 2829 3170 τὰ
2854 3114 3156 3184 θαυμάσιοί
3178 3130 3295 3169 σου
3316 3130 3331 3144 ⁸
3353 3113 3479 3177 τοὺς
3497 3112 3557 3165 δὲ
3584 3129 3671 3165 τε-

2081 3212 2171 3265 λου
2180 3213 2394 3283 μένους,
2419 3212 2483 3263 ἐκ
2501 3209 2593 3262 τοῦ
2614 3208 2835 3272 ἀτελοῦς
2863 3208 3103 3271 τελείους
3130 3205 3449 3276 γινομένους
3462 3203 3669 3274 (⁶),καὶ

2080 3306 2179 3375 τῆς
2202 3304 2550 3374 τελειωτικῆς
2564 3303 2657 3355 καὶ
2683 3303 2831 3374 ἱερᾶς
2859 3302 3168 3372 ἐπιστήμης
3198 3299 3455 3370 μετόχους
3480 3314 3539 3350 τε
3570 3298 3669 3351 καὶ

2082 3397 2323 3460 ἐπόπτας
2342 3414 2355 3427 ο
2399 3396 2557 3449 τοῦτο
2586 3394 2694 3467 γάρ
2720 3397 2837 3447 ἐστι
2864 3392 2926 3445 rb
2945 3393 3149 3445 τέλειον
3178 3393 3238 3445 ἐν
3270 3392 3419 3464 πάσῃ
3443 3392 3667 3461 ἐπιστη-

2081 3504 2181 3563 μην
2210 3488 2272 3545 τδ
2305 3489 2549 3551 ἐπόπτας
2576 3487 2671 3540 καὶ
2694 3485 2953 3556 μετόχους
2988 3483 3100 3537 τῶν
3122 3482 3493 3553 θεωρημάτων
3513 3480 3667 3549 γίνεο

2080 3582 2225 3647 σθαι,
2258 3580 2352 3635 καὶ
2390 3580 2463 3651 μὴ
2493 3577 2635 3633 κατά
2661 3594 2713 3630 τι
2744 3577 3029 3640 ἐλλείπειν,
3056 3573 3133 3637 ὡς
3164 3574 3247 3639 rb,
3278 3574 3531 3627 Γίνεσθε
3563 3574 3664 3627 τέ-

2078 3678 2249 3737 λειοι,
2278 3672 2471 3738 καθὼς
2500 3670 2597 3725 καὶ
2619 3673 2653 3723 ό
2679 3668 2879 3736 Πατὴρ
2908 3667 3128 3739 ὐμῶνό
3149 3666 3447 3735 οὐράνιος.
3496 3664 3666 3736 Ἑξῆς

2077 3764 2223 3833 λέγει
2246 3763 2340 3816 καὶ
2367 3761 2435 3815 τά
2453 3760 2561 3815 τῶν
2584 3759 2965 3831 ἐνεργούντων.
2996 3762 3089 3811 Δεῖ
3106 3757 3236 3827 γοῦν
3257 3759 3385 3821 τοὺς
3406 3756 3667 3827 καθαρτι-

2077 3859 2207 3921 κοὺς
2239 3854 2312 3926 μὴ
2340 3854 2589 3907 τοσοῦτον
2614 3852 2757 3924 ἔχειν
2795 3851 2856 3904 rb
2898 3849 3139 3920 καθαρὸν
3174 3849 3429 3920 γλισχρόν
3465 3863 3525 3901 τε
3564 3848 3664 3901 καὶ

2076 3950 2274 4019 ὀλίγον,
2303 3948 2445 4001 ὥστε
2475 3944 2830 4017 βεϐηλοῦσθαι
2855 3945 2968 4005 τοῖς
3000 3943 3329 4013 ἀκαθάρτοις
3358 3941 3661 4012 προσεγγί-

2076 4044 2265 4110 ζοντας
2308 4041 2397 4096 διὰ
2425 4041 2521 4113 τὴν
2550 4040 2836 4110 ὀλιγότητα
2875 4040 2975 4109 τῆς
3017 4038 3355 4108 καθάρσεως,
3398 4034 3491 4088 καὶ
3532 4034 3660 4087 ἀντὶ

2074 4134 2167 4189 τοῦ
2199 4135 2348 4207 δρᾷν,
2383 4133 2612 4203 πάσχειν
2650 4132 2711 4183 τὸ
2748 4130 3016 4183 ἐναπίονν
3049 4127 3183 4181 ἀλλὰ
3203 4126 3514 4190 πλεονάζειν
3551 4125 3658 4195 τὴν

2074 4230 2173 4300 τῆς
2206 4227 2528 4299 καθάρσεως
2568 4222 2906 4294 περιουσίαν,
2937 4221 3079 4275 ὥστε
3106 4220 3200 4273 καὶ¹
3226 4218 3403 4282 ἄλλοις
3436 4216 3657 4289 μεταδι-

2073 4320 2224 4373 δόναι
2250 4317 2539 4372 δύνασθαιο
2573 4318 2699 4379 τοὺς
2721 4314 2777 4367 δέ
2805 4313 3182 4384 φωτιστικοὺς,
3208 4312 3302 4363 καὶ
3324 4310 3460 4382 πρὸς
3488 4325 3652 4379 μετο-

2074 4412 2172 4482 χὴν
2194 4410 2288 4463 τοῦ
2311 4396 2453 4463 θείου
2477 4408 2649 4479 φωτὸς
2677 4405 3014 4477 ἐπιτηδείους
3037 4399 3192 4465 εἶναι,
3218 4403 3313 4455 καὶ
3337 4400 3473 4473 πρὸς
3494 4400 3653 4470 μετά-

2072 4507 2216 4560 δοσιν
2259 4504 2496 4574 όμοίους,
2552 4501 2647 4555 καὶ
2690 4499 2876 4562 ἁπλῶς
2916 4498 2977 4549 rb
3019 4496 3129 4549 τῶν
3178 4495 3349 4548 ὑέλων
3394 4495 3648 4563 πάσχειν,

2074 4598 2212 4652 ὥστε
2230 4593 2577 4656 πανευκλεῶς
2596 4590 3118 4661 άποπληρουμένους
3136 4587 3233 4658 τῆς
3254 4584 3468 4657 αἴγλης,
3484 4586 3652 4655 ὑπερ-

2073 4694 2219 4765 χέειν
2246 4691 2309 4745 rb
2337 4689 2452 4760 φῶς
2476 4690 2556 4751 εἰς
2585 4687 2709 4749 τοὺς
2737 4684 2830 4738 τοῦ
2857 4683 3033 4751 φωτὸς
3065 4679 3279 4745 ἀξίους·
3312 4678 3437 4740 τοὺς
3474 4677 3529 4729 δὲ
3561 4695 3652 4730 τε-

399 4772 539 4836 lari,
590 4779 683 4833 ut,
735 4768 929 4823 illustri
978 4765 1269 4834 splendore
1320 4762 1483 4835 pleni,
1528 4762 1706 4818 lumen
1764 4763 1818 4816 in
1870 4776 1969 4818 eos

2076 4762 2418 4852 λεσιουργοὺς
2455 4777 2530 4849 μὴ
2571 4774 2815 4847 ἀμαθῶς,
2856 4772 2969 4825 ἀλλ’
3015 4765 3450 4859 ἐπιπημονικῶς
3472 4765 3651 4820 τελεῖν

395 4864 485 4932 qui
516 4862 606 4917 illo
632 4862 777 4931 digni
832 4858 1035 4914 fuerint
1081 4857 1485 4913 transfundam.
1520 4854 1625 4910 Eos
1672 4868 1827 4918 vero,
1868 4854 1964 4921 qui

2076 4877 2181 4938 τοῖς
2208 4868 2549 4940 τελουμένοις
2574 4867 2673 4934 τὴν
2701 4863 2796 4916 τοῦ
2822 4860 2984 4915 καλοῦ
3012 4859 3314 4932 μετάδοσιν,
3340 4857 3399 4909 ἐν
3421 4860 3487 4928 τῇ
3517 4860 3653 4929 μυη-

396 4955 750 5011 consecrandi
818 4969 1015 5008 munus
1088 4954 1337 5020 obeunt,
1409 4964 1751 5021 nequaquam
1810 4949 1964 5003 decet

398 5048 689 5119 imperite,
742 5046 837 5102 sed
882 5045 1178 5115 prudenter
1232 5044 1391 5111 illos,
1448 5042 1542 5115 qui
1604 5038 1959 5098 consecrandi

395 5151 541 5206 sunt,
577 5140 711 5195 tanti
754 5139 880 5194 boni
933 5139 1417 5193 communicatione
1459 5137 1679 5192 initiare
1714 5136 1765 5189 in
1806 5134 1963 5189 insti-

399 5235 604 5289 tutione
673 5241 727 5287 et
811 5230 1119 5301 cognitione
1178 5231 1557 5302 mysteriorum
1640 5242 1763 5297 qua:
1830 5240 1963 5281 con-

395 5337 688 5399 spexerunt
721 5342 735 5378 :
767 5326 1034 5395 siquidem
1083 5324 1348 5393 inspectio
1396 5338 1581 5377 eorum
1642 5334 1819 5391 neque
1864 5334 1962 5373 ex-

395 5422 666 5491 piantibus
698 5433 871 5488 neque
905 5415 1330 5473 illuminantibus
1366 5414 1653 5482 competit.
1706 5411 1803 5467 sed
1828 5425 1958 5464 con-

2073 4980 2155 5018 σει
2171 4962 2266 5018 καὶ
2288 4964 2353 5032 τῇ
2378 4959 2578 5028 γνώσει
2596 4958 2695 5027 τῆς
2715 4956 3022 5024 ἐπιστήμης
3040 4951 3148 5003 τῶν
3167 4947 3608 5003 ὲποπτευθέντων
3627 4958 3646 4980 ο

2069 5058 2103 5128 η
2132 5054 2241 5125 γὰρ
2268 5049 2529 5105 ἐποπτεία
2560 5046 2678 5100 οὔτε
2708 5049 2819 5109 τοῖς
2847 5042 3217 5113 καθαίρουσιν,
3246 5039 3369 5092 οὔτε
3398 5039 3510 5101 τοῖς
3530 5054 3651 5106 φω-

2067 5149 2326 5213 τίζουσιν,
2356 5142 2491 5197 ἀλλά
2521 5143 2633 5203 τοῖς
2658 5137 2901 5192 τελοῦσιν
2934 5138 3101 5189 ἐστιν.
3148 5134 3359 5186 Ἐκεῖνα
3391 5130 3499 5201 γάρ
3526 5130 3650 5183 ἐστι

2068 5242 2138 5295 τά
2158 5238 2462 5311 προτέλεια,
2486 5236 2579 5288 καὶ
2608 5232 2678 5286 τά
2704 5230 2900 5297 ἔξωθεν
2928 5227 3213 5297 γινόμενα·
3239 5226 3274 5296 η
3294 5224 3350 5276 δὲ
3380 5221 3650 5275 ἐποπτεία

2069 5338 2179 5398 τοῖς
2207 5332 2431 5393 τελείοις
2453 5329 2547 5382 καὶ
2567 5323 2851 5387 τελειοῦσι,
2883 5320 3064 5383 καθὼς
3089 5320 3183 5372 καὶ
3212 5321 3247 5388 ἡ
3270 5311 3650 5388 ᾁσματίζουσα

2069 5428 2204 5501 πρὸς
2242 5424 2332 5477 rbv
2377 5421 2604 5493 νυμφίον
2631 5418 2782 5489 φησί·
2804 5415 3026 5491 Αεῖξόν
3050 5428 3152 5480 μοι
3174 5410 3287 5477 τὴν
3315 5410 3460 5477 ὄψι»-
3493 5421 3644 5471 σου,

461 5600 528 5667 (‘)
556 5598 747 5654 Melius
770 5599 1063 5667 quadraret
1102 5596 1424 5651 inﬁnitivus.
1464 5592 1600 5648 Nam
1629 5591 1708 5662 τῷ
1740 5590 1834 5644 δεῖ
1865 5588 2119 5658 superius
2152 5584 2334 5655 posito
2366 5590 2474 5635 tota
2506 5575 2795 5645 subjicitur
2818 5573 3089 5644 periodus.
3141 5571 3238 5626 En.
3267 5568 3506 5623 Ριιτιοι..

538 5768 561 5793 π
590 5759 743 5811 Deut.
774 5774 847 5819 νι,
882 5759 935 5813 4.

403 5834 414 5865 ς
458 5828 644 5885 Matth.
678 5844 729 5894 ν,
780 5830 869 5882 48.

1042 5766 1065 5792 υ
1096 5756 1253 5812 Joan.
1287 5771 1381 5822 xu,
1414 5754 1501 5809 46.
1580 5764 1607 5802 Ρ
1634 5750 1777 5808 Psal.
1812 5763 1998 5813 um,
2030 5744 2083 5799 6.
2164 5754 2190 5793 ς
2217 5742 2357 5797 Psal.
2396 5754 2446 5804 ι..
2484 5740 2536 5792 9.

2623 5746 2643 5772 τ
2677 5734 2814 5789 Psal.
2850 5750 2946 5795 xii,
2978 5732 3032 5786 4.
3109 5743 3130 5771 ⁸
3156 5730 3299 5786 Psal.
3325 5744 3517 5796 cxvni,
3550 5727 3642 5783 i8.
