3908 6232
285 370 393 426 I77

1270 368 1359 427 DE
1389 371 1715 428 C(ELESTI
1752 369 2195 435 HIERARCHIA,
2236 367 2390 427 CAP.
2430 368 2522 431 IV.

3438 371 3541 427 I78

282 480 385 534 καὶ
409 479 742 535 ἀκούτισόν
754 497 857 549 μοι
880 478 990 549 τῆς
1038 478 1245 551 φωνῆς
1268 500 1405 539 σου.
1438 483 1639 537 Λοιπὸν
1667 485 1867 557 ἑκάστη

1974 483 2333 539 secrantibus.
2391 482 2525 537 Nam
2571 482 2677 536 alia
2722 481 2826 536 ista
2874 488 2997 536 sunt
3045 479 3434 551 primordialis,
3474 468 3544 537 et

278 572 437 637 τάξις
466 572 566 643 τῆς
596 572 897 643 ἱερωσύνης
921 572 1060 625 κατὰ
1083 574 1182 645 τὴν
1210 573 1415 628 οἰκείαν
1441 575 1863 646 ἀναλογίαν(ἄλ-

280 664 347 734 λη
389 663 502 735 γὰρ
527 663 682 730 τάξις
708 664 1099 735 πρεσϐυτέρου,
1125 664 1222 718 καὶ
1260 664 1391 737 ἄλλη
1424 666 1702 737 διακόνου)
1734 666 1865 720 ἀνά-

256 776 439 827 λγεται
473 758 614 829 πρὸς
646 758 747 830 τὴν
787 758 936 812 θείαν
966 758 1302 828 συνέργειαν,
1344 760 1524 811 ἐκεῖνα
1551 759 1863 830 πράττουσα

280 850 340 903 ἐν
360 849 547 920 χάριτι
575 850 672 903 καὶ
699 849 927 919 δυνάμει
953 851 1019 920 τῇ
1048 849 1156 901 ἀπὸ
1176 848 1269 901 τοῦ
1300 848 1457 913 Θεοῦ,
1480 847 1549 901 τὰ
1569 848 1756 901 ἐνόντα
1775 849 1867 901 αὐ-

256 944 348 1012 -τῇ
395 943 466 1013 τῇ
514 940 763 1013 μακαρίᾳ
802 940 959 1009 φύσει
1007 940 1299 1011 ὑπερφυῶς
1339 941 1432 994 καὶ
1458 941 1865 1012 ἀκατανοήτως,

279 1035 377 1087 καί
404 1035 541 1105 παρ’
567 1034 738 1103 αὐτῆς
768 1032 1167 1104 ἀκαταλήπτως
1207 1032 1595 1104 ἐνεργούμενα,
1623 1034 1722 1103 τὴν
1759 1034 1861 1088 κὰ-

278 1125 480 1197 θαρσίν
510 1142 672 1196 φημι,
703 1125 795 1179 τὸν
823 1125 1121 1196 φωτισμὸν,
1152 1125 1242 1178 τὸν
1276 1124 1562 1195 ἁγιασμὸν,
1596 1127 1693 1195 τὴν
1724 1125 1857 1179 θέω-

278 1234 392 1279 σιν,
433 1215 577 1272 αὐτὰ
601 1216 774 1270 ταῦτα
800 1216 868 1270 τὰ
900 1217 1029 1288 παρ’
1055 1218 1187 1287 ήμῖν
1218 1217 1581 1287 ὲκφαινόμενα
1609 1216 1749 1271 κατὰ
1776 1218 1862 1289 μί-

281 1325 455 1379 μησιν
492 1309 594 1378 τῆς
626 1310 907 1382 ἱεραρχίας
940 1308 1051 1363 τῶν
1073 1308 1331 1378 φιλοθέων
1354 1309 1599 1378 ἀγγέλων
1635 1312 1727 1364 καὶ
1775 1311 1864 1364 διὰ
1900 1364 1906 1371 ,

279 1399 472 1469 μέσων
511 1400 736 1465 τούτων,
775 1402 835 1465 ἐξ
858 1402 1029 1471 αὐτῆς
1048 1401 1111 1471 δὴ
1139 1402 1239 1469 τῆς
1268 1401 1417 1465 θείας
1441 1404 1856 1475 μακαριότητος.

1966 578 2101 631 foris
2120 588 2479 647 peraguntur;
2514 576 2623 647 36
2648 586 2701 629 at
2726 577 2992 645 inspectio
3015 574 3393 645 mysteriorum
3420 589 3543 643 per-

1967 669 2128 724 fectis
2156 680 2210 724 et
2242 670 2645 741 perlicientihus
2668 668 2941 739 congruit,
2988 667 3145 737 juxta
3176 666 3304 721 illud
3331 678 3541 733 sponsa:

1968 763 2021 816 itt
2052 762 2292 817 Canticis
2323 762 2388 816 ad
2428 761 2697 830 Sponsum
2744 762 2974 815 dicentis
3005 780 3018 814 :
3052 758 3279 813 Ostende
3303 758 3434 810 mihi
3458 756 3543 824 [α-

1967 856 2122 920 ciem,
2145 864 2289 909 sonet
2317 870 2414 907 vos:
2443 862 2533 907 tua
2561 854 2617 907 in
2641 853 2859 906 auribus
2882 853 3008 906 meis
3038 860 3088 905 ιι.
3122 851 3292 905 Porro
3314 848 3540 918 quilibet

1968 942 2103 998 ordo
2130 943 2461 1013 sacerjuxta
2500 943 2723 1011 gradum
2768 958 2924 996 suum
2966 942 3113 1010 (nam
3144 940 3279 994 alius
3309 951 3393 995 est
3420 954 3542 1009 pre-

1973 1034 2200 1105 sbyteri,
2230 1044 2284 1089 et
2310 1034 2448 1089 alius
2470 1034 2707 1097 diaconi)
2738 1034 3022 1087 adducitur
3049 1034 3116 1087 ad
3150 1034 3382 1086 divinam
3408 1046 3539 1085 coo-

1970 1128 2309 1194 perationem
2344 1141 2463 1180 cum
2491 1126 2673 1181 divina
2705 1127 2878 1196 gratia
2902 1127 3210 1194 virtuteque
3234 1124 3544 1195 peragenda

1970 1220 2081 1285 illa,
2099 1236 2218 1290 qua:
2232 1231 2435 1273 natura:
2453 1234 2563 1274 suae
2580 1229 2778 1273 sancta:
2791 1219 3270 1288 superuaturaliter
3283 1229 3335 1270 et
3353 1218 3542 1271 incon-

1976 1312 2304 1383 ceptihiliter
2328 1313 2531 1376 insunt,
2556 1322 2609 1365 et
2632 1311 2700 1365 ab
2714 1326 2774 1364 ea
2793 1310 3319 1378 incomprehensibili
3338 1310 3545 1365 ratione

1970 1404 2127 1472 ﬁunt,
2144 1405 2531 1476 expiationem,
2551 1405 2794 1473 inquam,
2826 1402 3291 1467 illuntinationem,
3308 1400 3547 1455 sanctiﬁ-

276 1490 583 1555 cationem,
611 1492 1028 1554 deiﬁcationem,
1053 1506 1173 1560 quae
1196 1493 1261 1544 ad
1288 1492 1645 1547 imitationem
1682 1494 2009 1550 hierarchia:
2052 1496 2368 1566 angelorum
2412 1498 2523 1551 Deo
2555 1496 3021 1562 cltarissimorutn,
3058 1495 3231 1563 iisque
3256 1493 3517 1549 medianti

278 1573 412 1639 bus,
439 1577 511 1632 ab
535 1579 762 1649 ipsamet
779 1582 961 1636 divina
982 1582 1319 1640 beatitudine
1343 1585 1499 1642 nobis
1522 1587 1864 1643 exhibentur.

641 1827 1289 1918 ΚΕΦΑΛΑΙΟΝ
1354 1830 1449 1921 Δ.

478 1969 537 2021 Τί
558 1971 836 2038 σημαίνει
864 1972 902 2039 ἡ
930 1970 1048 2025 τῶν
1071 1974 1342 2042 ἀγγέλων
1364 1975 1686 2045 ἐπωνυμία.

2458 1836 2838 1929 CAPUT
2902 1838 3068 1929 ιν.

2260 1975 2399 2041 Quid
2430 1974 2735 2044 angelorum
2766 1991 2953 2029 nomen
2986 1974 3262 2045 signiﬁcet.

1600 2152 1935 2210 SYNOPSIS
1967 2152 2258 2210 CAPlTlS.

274 2291 320 2342 ι.
356 2290 539 2360 Docet,
576 2292 731 2359 Deum
767 2290 1165 2360 seditionitategse
1187 2290 1423 2360 creaturis
1442 2291 1546 2344 suis
1564 2290 2040 2360 communicasse._et
2081 2295 2519 2360 creaturas-armes
2541 2292 2633 2343 Dei
2673 2290 2934 2360 participes
2974 2293 3221 2360 exsistere.
3252 2293 3314 2343 ll.
3340 2296 3416 2360 Art

342 2359 507 2424 tamen
523 2350 711 2424 ueteris
731 2352 1040 2424 excellentius
1070 2357 1230 2424 Dentri
1241 2354 1553 2424 participare,
1568 2350 1776 2424 et-simul
1797 2352 2013 2424 exponit,
2032 2354 2159 2404 unde
2177 2350 2348 2424 Δηρεζὶ
2370 2368 2539 2424 nomen
2558 2350 2901 2424 acceperintfgt
2921 2355 3160 2424 quomodo
3180 2368 3271 2424 per
3288 2369 3368 2424 eos
3386 2350 3551 2405 divina

258 2444 261 2447 -
341 2412 485 2463 nobis
507 2415 791 2480 regelatur.
820 2416 893 2465 ιιι.
924 2416 1165 2480 vectarat,
1190 2412 1363 2475 Deum,
1384 2412 1435 2464 ut
1457 2415 1589 2480 _t'n_se
1606 2420 1692 2480 est,
1722 2414 1845 2465 nulli
1864 2412 2077 2480 unquam
2117 2412 2423 2480 apquuisse,
2450 2416 2535 2480 sed
2576 2412 2757 2465 tantum
2798 2412 2886 2466 sub
2924 2412 3085 2480 creata
3100 2412 3339 2480 Μίδαι

341 2490 535 2543 ..στέξαι
553 2475 802 2527 dicebatur
824 2490 841 2526 :
863 2485 909 2528 et
930 2476 1076 2543 simul
1099 2478 1234 2543 docet
1256 2477 1497 2543 quomodo
1516 2475 1769 2543 inferiores
1778 2475 2161 2543 persuperjores
2171 2475 2416 2543 nd._Deum'
2426 2478 2747 2543 adducantur,
2757 2483 2802 2543 _et

2812 2429 2886 2465 tuo
2924 2429 3085 2466 creata
3104 2429 3417 2475 ειηιιιιιιιιαηιε
3440 2429 3551 2479 qua

2812 2475 3337 2549 ιιυιτιίθειιίὲειατιιιίφ

338 2536 531 2607 medios
556 2545 601 2607 et
625 2546 865 2607 egurengos
893 2538 1089 2607 ordines
1109 2536 1291 2607 haheat.
1320 2541 1403 2589 IV.
1439 2536 1657 2607 Ostendit
1683 2536 1969 2607 mysterium
2009 2536 2367 2591 Incarnationis
2388 2540 2448 2589 ab
2470 2536 2663 2603 Angelis
2686 2536 2901 2602 primiun
2916 2537 3261 2601 aruumtiatum,
3282 2546 3327 2591 et
3348 2536 3553 2604 'ipsimet

258 2646 261 2649 .
345 2599 543 2651 Christo
566 2599 619 2651 in
648 2600 740 2650 hac
758 2599 856 2651 vita
879 2600 1069 2668 degenti
1089 2601 1242 2653 multa
1263 2616 1351 2666 per
1375 2604 1582 2669 Angelos
1602 2599 1812 2653 revelata
1834 2600 2000 2665 fuisse.

1869 2753 1983 2828 δι.

355 2912 470 2983 Τῆς
486 2910 667 2963 τοίνυν
704 2911 984 2984 ἱεραρχίας
1009 2914 1197 2984 αὐτῆς,
1226 2913 1254 2967 ὅ
1274 2929 1326 2966 τι
1352 2912 1482 2965 ποτέ
1507 2914 1671 2975 ἐστιν,
1696 2911 1770 2976 ὼς
1798 2903 1871 2964 οἷ-

279 3022 407 3076 μαι,
434 3003 618 3066 καλῶς
636 3005 769 3073 ἡμῖν
794 3008 838 3041 ⁸⁸
862 3010 1195 3079 ὁρισθείσης,
1224 3004 1324 3075 τὴν
1355 3004 1651 3074 ἀγγελικὴν
1686 3005 1872 3076 ἱεραρ-

275 3096 413 3167 χίαν
465 3095 593 3167 ἑξῆς
644 3095 932 3168 ὐμνητέον,
980 3096 1076 3149 καὶ
1116 3095 1215 3160 τὰς
1259 3095 1408 3169 ἱερὰς
1445 3096 1617 3166 αὐτῆς
1658 3097 1717 3150 ἐν
1758 3096 1870 3158 τοῖς

256 3184 490 3253 ’λογίοις
540 3186 925 3258 μορφοποιίας,
971 3187 1360 3259 ὐπερκοσμίοις
1409 3186 1707 3259 ὀφθαλμοῖς
1755 3188 1876 3240 ἐπο-

277 3279 573 3344 πτευτέον,
632 3280 782 3344 ὅπως
833 3279 1155 3351 ἀναχθῶμεν
1206 3282 1298 3333 ἐπὶ
1336 3280 1437 3352 τὴν
1473 3280 1874 3351 θεοειδεστάτην

276 3368 474 3423 αὐτῶν
499 3369 801 3440 ἁπλότητα,
833 3370 923 3425 διὰ
944 3370 1055 3426 τῶν
1080 3373 1356 3443 μυστικῶν
1382 3374 1756 3438 ἀναπλάσεων,
1780 3376 1874 3427 καὶ

275 3462 388 3531 τὴν
416 3462 639 3534 ἁπάσης
670 3464 992 3535 ίεραρχικῆς
1010 3467 1321 3538 ἐπιστήμης
1347 3466 1520 3538 ἀρχὴν
1542 3467 1873 3538 ὐμνήσωμεν

278 3554 345 3605 ὲν
380 3552 677 3625 θεοπρεπεί
699 3556 1103 3629 σεϐασμιότητι,
1144 3560 1239 3611 καὶ
1262 3558 1669 3630 τελεταρχικαίς
1707 3560 1872 3629 εὐχα-

283 3646 545 3717 ριστίαις.
594 3647 823 3719 Πρῶτον
860 3650 1116 3702 ἁπάντων
1146 3649 1189 3680 ⁸¹
1225 3652 1403 3703 ἐκεῖνο
1433 3651 1605 3703 εἰπεῖν
1652 3649 1871 3722 ἀληθὲς,

264 3738 365 3799 ,ὡς
400 3736 709 3809 ἀγαθάτητι
735 3740 915 3804 πάσας
947 3741 980 3813 ή
1015 3740 1339 3813 ὑπερούσιος
1375 3740 1603 3812 θεαρχία
1633 3742 1732 3805 τὰς
1764 3740 1873 3796 τῶν

276 3832 458 3883 ὅντων
488 3832 678 3896 οὐσίας
707 3833 1079 3905 ὑποστήσασα,
1104 3834 1243 3905 πρὸς
1269 3834 1331 3887 τὸ
1363 3830 1502 3887 εἶναι
1528 3836 1872 3906 παρήγαγεν.

283 3924 447 3977 Ἔστι
504 3924 616 3996 γὰρ
673 3930 719 3961 ⁸³
738 3928 894 3983 τοῦτο
946 3926 1049 3996 τῆς
1106 3927 1325 3981 πάντων
1368 3927 1549 3990 αἰτίας
1592 3926 1686 3980 καὶ
1733 3926 1873 3997 ὑπὲρ

268 4017 465 4069 πάντα
495 4017 828 4089 ἀγαθότητος
861 4018 1009 4083 ἴδιον,
1042 4018 1102 4072 τὸ
1136 4019 1271 4087 πρὸς
1300 4018 1583 4074 κοινωνίαν
1609 4018 1806 4089 ἑαυτῆς
1826 4017 1872 4049 ⁸³

278 4109 356 4162 τὰ
386 4110 517 4162 ὄντα
538 4110 744 4176 καλεῖν,
767 4111 845 4175 ὡς
868 4113 1071 4185 ἑκάστη
1100 4124 1148 4157 οι
1169 4122 1277 4176 τῶν
1297 4119 1463 4173 ὄντων
1482 4114 1707 4186 ὥρισται
1735 4114 1873 4185 πρὸς

275 4204 385 4274 τῆς
414 4206 625 4270 οἰκείας
656 4207 962 4276 ἀναλογίας.
999 4209 1183 4263 Πάντα
1216 4210 1315 4281 μὲν
1347 4206 1440 4264 οὖν
1459 4208 1530 4263 τὰ
1555 4209 1682 4262 ὄντα
1713 4208 1871 4280 μετέ-

278 4313 371 4366 χει
417 4298 696 4369 προνοίας,
731 4302 795 4354 ὲκ
828 4302 928 4371 τῆς
959 4301 1284 4370 ὐπερουσίου
1318 4303 1413 4356 καὶ
1444 4300 1728 4356 παναιτίου
1758 4298 1874 4352 θεό-

276 4404 447 4458 τητος
474 4388 909 4464 ὲκόλυζομένης·
943 4393 1005 4447 οὐ
1039 4392 1147 4463 γὰρ
1191 4393 1259 4447 ἂν
1299 4390 1389 4466 ἦν,
1435 4394 1485 4446 εί
1521 4392 1595 4464 μὴ
1628 4392 1727 4462 τῆς
1763 4390 1872 4444 τῶν

2045 2908 2180 2965 Cum
2212 2908 2435 2979 ipsamet
2466 2906 2771 2964 hierarchia
2800 2907 2929 2979 quid
2963 2908 3054 2971 sit,
3107 2924 3136 2963 a
3184 2907 3341 2964 nobis
3379 2917 3547 2977 recte,

1975 3010 2039 3058 ut
2061 3002 2280 3073 opinor,
2310 2999 2531 3057 deﬁnita
2557 3000 2661 3064 sit;
2686 2998 2800 3071 jam
2850 3000 3091 3069 angeiica
3129 3000 3438 3055 hierarchia
3461 3015 3553 3055 su-

1976 3105 2159 3166 perest
2182 3093 2507 3150 celebranda
2532 3110 2546 3147 :
2574 3093 2725 3163 cujus
2746 3092 2908 3148 etiam
2936 3107 3107 3148 sacra:
3131 3093 3183 3146 in
3209 3092 3440 3163 eloquiis
3465 3093 3550 3149 ef-

1977 3189 2355 3255 formationes,
2406 3187 2863 3257 supermundanis
2907 3186 3081 3241 oculis
3119 3186 3458 3250 contuendae,
3494 3193 3553 3239 ut

1975 3281 2043 3335 ad
2076 3296 2239 3351 quam
2269 3280 2504 3334 maxime
2549 3279 2866 3333 deiformem
2911 3292 3099 3333 earum
3147 3275 3551 3347 simplicitatem

1975 3388 2072 3444 per
2102 3373 2363 3443 mysticas
2388 3370 2685 3428 edictiones
2700 3370 3103 3434 subvehamur;
3130 3384 3228 3425 nec
3249 3367 3551 3437 non,omnis

1974 3466 2327 3522 hierarchicze
2358 3465 2597 3520 scientia;
2620 3464 2961 3533 principium,
2988 3478 3051 3518 ea
3077 3478 3180 3531 qua
3209 3461 3373 3515 Deum
3396 3463 3552 3515 decet

1972 3556 2343 3623 veneratione,
2372 3571 2437 3610 ac
2482 3554 2857 3609 sacrosanctis
2900 3554 3199 3624 gratiarum
3244 3550 3549 3605 actionibus

1972 3648 2331 3705 celebremus.
2362 3647 2603 3703 Primum
2634 3646 2875 3699 omnium
2930 3646 2981 3699 id
3011 3646 3158 3699 dictu
3191 3658 3402 3706 verum,
3456 3656 3549 3695 su-

1973 3736 2420 3809 peresaentialem
2449 3736 2706 3791 deitatem
2748 3751 2846 3804 per
2874 3736 3171 3791 bonitatem
3205 3744 3432 3791 cunctas
3462 3751 3550 3789 re-

1974 3846 2095 3886 rum
2115 3829 2715 3889 essentiassubsistere
2750 3828 3024 3894 faciendo,
3058 3829 3112 3882 in
3143 3829 3316 3884 lucem
3344 3831 3548 3898 produ-

1974 3923 2149 3988 xisse;
2175 3930 2258 3978 est
2278 3921 2423 3975 enim
2451 3922 2554 3975 hoc
2579 3921 2819 3974 omnium
2851 3934 3029 3974 causae
3055 3932 3427 3989 supremaque
3450 3917 3549 3973 bo-

1974 4011 2130 4065 nitati
2165 4011 2468 4080 proprium,
2492 4016 2550 4063 ut
2575 4009 2641 4062 ad
2669 4008 2750 4063 sui
2783 4009 3221 4063 counnunionem
3255 4022 3343 4062 res
3366 4016 3543 4073 vocet,

1976 4113 2134 4177 prout
2162 4104 2425 4174 cujusque
2465 4112 2660 4171 captus
2710 4102 3009 4169 modusque
3054 4100 3313 4169 postulat.
3366 4101 3547 4167 Quare

1976 4213 2064 4254 res
2093 4212 2286 4253 omnes
2324 4196 2657 4265 participant
2686 4194 3100 4264 providentiam,
3144 4210 3172 4247 a
3215 4194 3547 4249 Deitate-su-

1974 4288 2347 4357 peressentiali
2379 4289 2732 4357 omniumque
2769 4302 2935 4341 causa
2965 4295 3404 4355 promanantem:
3452 4301 3546 4340 ne-

1975 4397 2079 4451 que
2110 4383 2257 4437 enim
2287 4392 2492 4445 essent,
2528 4381 2631 4436 nisi
2671 4396 2853 4434 rerum
2898 4380 3149 4434 essentite
3179 4378 3545 4449 principiique

276 4481 454 4534 ὅντων
486 4482 676 4546 οὐσίας
707 4484 797 4537 καὶ
820 4485 996 4556 ἀρχῆς
1027 4484 1359 4557 μετειλήφει.
1376 4486 1457 4539 Τὰ
1491 4486 1588 4558 μὲν
1603 4480 1697 4539 οῦν
1718 4482 1868 4548 ἄζωα

1975 4476 2269 4545 participes
2297 4476 2650 4531 exsisterent.
2668 4474 2871 4527 Cuncta
2902 4473 3067 4541 igitur
3106 4471 3545 4536 inanimata,hoc

276 4572 483 4638 πάντα,
533 4574 613 4645 τῷ
654 4570 793 4629 εἶναι
827 4578 895 4641 ⁸⁸,
946 4578 1119 4648 αὐτῆς
1168 4579 1417 4651 μετέχειο
1466 4579 1527 4631 τὸ
1578 4578 1687 4649 γὰρ
1732 4573 1870 4629 εἶναι

282 4666 504 4720 πάντων
549 4669 700 4721 ἐστὶν
721 4672 755 4740 ὴ
789 4671 930 4743 ὑπὲρ
960 4671 1022 4724 τὸ
1053 4667 1193 4725 εῖναι
1228 4672 1417 4742 θεότης
1437 4690 1449 4702 ·
1488 4670 1558 4723 τὰ
1588 4671 1645 4723 δὲ
1672 4670 1869 4736 ζῶντα,

279 4759 382 4828 τῆς
416 4759 590 4829 αὐτῆς
636 4761 779 4832 ὑπὲρ
840 4764 1020 4817 πᾶσαν
1068 4761 1213 4835 ζωὴν
1257 4760 1522 4828 ζωοποιοῦ
1566 4762 1867 4831 δυνάμεως·

268 4851 349 4904 τὰ
376 4852 435 4905 δὲ
469 4851 665 4921 λογικὰ
702 4855 796 4907 καὶ
826 4854 988 4925 νοερὰ
1008 4895 1023 4919 ,
1060 4856 1160 4926 τῆς
1190 4855 1360 4924 αὐτῆς
1393 4854 1532 4925 ὑπὲρ
1564 4855 1739 4906 πάντα
1775 4852 1869 4905 καὶ

277 4941 442 5009 λόγον
461 4944 556 4995 καὶ
585 4944 709 4997 νοῦν
736 4944 1056 5009 αὐτοτελοῦς
1078 4948 1170 4998 καὶ
1195 4946 1506 5017 προτελείου
1532 4946 1738 5014 σοφίας.
1765 4944 1869 5015 Δῆ-

271 5032 370 5086 λον
400 5033 483 5098 δὲ,
510 5035 597 5087 ἇτι
628 5036 757 5105 περὶ
778 5038 947 5107 αὐτὴν
978 5038 1183 5090 ἐκεῖναι
1205 5037 1315 5090 τῶν
1342 5038 1540 5091 οὐσιῶν
1563 5039 1719 5102 εἰσιν,
1741 5038 1861 5091 ὅσαι

271 5126 566 5196 πολλαχῶς
597 5129 774 5199 αὐτῆς
808 5131 1211 5201 μετειλήφασιν.

356 5402 383 5429 ⁸³
413 5394 575 5450 Cant.
614 5412 675 5459 ιι,
711 5396 798 5449 Η.

1975 4570 2093 4637 ipso
2116 4568 2259 4638 quod
2294 4576 2441 4629 sunt,
2488 4566 2659 4633 ipsam
2703 4565 3066 4633 participant;
3111 4579 3236 4617 nam
3279 4577 3401 4618 esse
3427 4578 3545 4617 om-

1974 4659 2146 4724 nium,
2166 4669 2248 4712 est
2263 4672 2326 4711 ea
2350 4672 2471 4725 quae
2495 4656 2626 4710 illud
2652 4671 2773 4710 esse
2794 4654 3323 4723 superatDivinitas:
3353 4669 3541 4709 verum

1974 4766 2063 4806 res
2086 4751 2352 4815 viventes,
2383 4749 2623 4817 ejusdem
2660 4764 2823 4817 supra
2849 4762 3063 4803 omnem
3094 4747 3258 4801 vitam
3278 4747 3385 4819 37
3410 4749 3544 4802 vivi-

1973 4844 2090 4899 ηοω
2119 4842 2340 4897 virtutis
2373 4851 2499 4895 sunt
2524 4851 2846 4903 consortes;
2890 4850 2947 4893 at
2983 4854 3103 4907 quae
3145 4840 3356 4892 ratione
3382 4838 3543 4908 spiri-

1973 4948 2141 5005 tuque
2170 4934 2395 5006 pollent,
2421 4948 2586 5001 super
2615 4933 2731 5001 ejus
2756 4947 2971 4985 omnem
3007 4932 3272 4984 rationem
3297 4940 3353 4984 et.
3384 4930 3541 4984 intel—

1970 5030 2247 5100 ligentiam
2273 5042 2368 5094 per
2391 5040 2449 5079 se
2480 5024 2734 5093 perfecta:
2767 5040 2830 5077 ac
2863 5026 3231 5092 przeperfectaa
3258 5022 3540 5092 sapientia:

1971 5130 2251 5191 compotes
2271 5119 2563 5174 exsistunt.
2582 5117 2777 5187 Liquet
2803 5116 2985 5186 igitur,
3018 5126 3242 5170 naturas
3272 5116 3401 5169 istas
3421 5131 3541 5170 esse

1971 5218 2248 5285 proximas
2279 5212 2577 5275 Divinitati,
2615 5224 2733 5278 qua:
2780 5206 3158 5277 multipliciter
3197 5207 3343 5260 illam
3372 5208 3539 5276 parti-

1970 5310 2236 5377 ciparunt.

1583 5512 1813 5567 VARIIE
1844 5512 2241 5568 LECTIONES.

346 5628 395 5701 ’ξ
434 5627 514 5701 Ο,
537 5628 678 5701 ἡμῖν
699 5643 805 5701 non
834 5628 1021 5701 liabet.
1048 5700 1057 5701 ί
1085 5629 1127 5663 ⁸¹
1168 5629 1229 5684 Ι).
1261 5629 1321 5685 P.
1353 5628 1569 5701 πρῶτον
1601 5628 1644 5681 δ’
1679 5628 1951 5701 ἁπάντων.
2026 5629 2073 5701 F’
2113 5629 2227 5681 ἔστι
2260 5626 2336 5679 δέ.
2377 5625 2667 5701 Ι).“Ϋ⁸².γρ.
2703 5626 2891 5695 αὐτῆς.

2968 5626 3012 5657 ⁸⁸
3044 5624 3119 5687 ὡς
3172 5623 3417 5693 ἑκάστῳ,
3473 5622 3531 5677 S.

269 5699 337 5755 P.
368 5694 593 5755 D.Ch."
631 5698 679 5730 ⁸⁵
714 5699 809 5754 τοῦ
830 5695 1000 5765 εἶναι,
1037 5700 1096 5755 S.
1130 5701 1193 5757 D.
1225 5702 1321 5755 Ch.
1355 5694 1461 5753 Pi-o
1489 5697 1660 5762 ᾶζωα,
1706 5701 1773 5752 Μ.
1803 5699 1915 5761 ζῶα
1952 5699 2110 5752 habet
2142 5701 2413 5752 mendose.
2451 5696 2548 5751 llic
2573 5694 2752 5751 autem
2798 5694 2945 5753 lucus
2976 5698 3042 5751 ab
3068 5694 3296 5765 Origene
3336 5698 3534 5748 citatus

274 5769 503 5825 humilia
536 5770 771 5838 quadam
804 5779 857 5831 in
894 5776 1172 5847 Joannem,
1211 5782 1269 5827 ut
1304 5772 1387 5826 vel
1439 5772 1563 5825 hittc
1615 5776 1848 5825 auctoris
1892 5771 2273 5842 antiquitatem
2322 5784 2603 5838 agnoscas.
