3908 6232
347 288 452 344 181
1348 281 1438 339 DE
1472 282 1799 342 CtELESTI
1832 280 2274 348 HIERARCHIA,
2311 280 2463 338 CAP.
2504 282 2593 339 IV.
3493 279 3602 347 {82

342 403 511 457 τοῦτο
542 404 720 474 σοφῶς
742 403 776 473 ἠ
806 402 1075 473 θεολογία.
1104 403 1166 456 τὸ
1217 403 1282 456 δι’
1333 401 1578 471 ἀγγέλων
1633 402 1805 473 αὐτὴν
1851 403 1912 463 είς

2034 401 2447 457 delineationem
2477 412 2524 454 ε.
2556 398 2811 466 Quinimo
2858 398 3138 470 sapienter
3179 397 3341 454 etiam
3383 399 3595 454 theolo—

340 498 499 567 ἡμᾶς
529 495 835 568 προελθεῖν,
884 496 961 559 ὡς
1002 495 1103 566 τῆς
1149 494 1473 566 θεονομικῆς
1511 492 1717 557 τάξεως
1760 495 1912 546 ἐκεῖνι

2037 496 2124 565 gia
2186 496 2365 557 docet,
2417 508 2538 548 eam
2588 506 2682 562 per
2731 490 2954 561 angelos
3003 492 3072 545 ad
3114 505 3214 546 nos
3270 490 3598 558 dimanasse,

341 588 804 660 θεσμοθετούσης,
835 588 896 642 τὸ
921 588 1009 643 διὰ
1049 588 1158 641 τῶν
1199 586 1428 660 πρώτων
1454 586 1521 641 τὰ
1546 586 1773 658 δεύτερα
1798 587 1912 658 πρὸ

2036 589 2188 659 quasi
2220 588 2272 642 id
2301 587 2433 641 ordo
2481 586 2678 640 divinae
2737 585 2873 656 legis
2922 586 3190 651 sanxerit,
3234 596 3295 640 ut
3321 586 3418 655 per
3439 601 3600 656 snpe-

337 681 407 735 τὸ
427 683 585 736 Θείον
613 682 928 751 ἀνάγεσθαι.
964 683 1074 737 Καὶ
1102 681 1210 753 γὰρ
1243 682 1304 734 οὺ
1343 681 1501 751 μόνον
1522 679 1742 734 ἐπὶτῶν
1774 682 1912 750 ὑπερ

2034 683 2203 744 riora,
2236 681 2337 734 ista
2370 693 2489 747 quae
2541 676 2799 731 inferiora
2845 686 2992 742 sunt,
3025 677 3092 730 ad
3125 676 3369 732 divinum
3391 674 3601 730 Numen

338 774 615 844 κειμένων
658 790 719 826 τε
768 775 866 827 καὶ
913 774 1219 845 ὑφειμένων
1260 772 1421 837 νοῶν,
1473 771 1610 825 ἀλλὰ
1661 772 1765 826 κάν
1818 775 1930 832 τοῖς

336 868 673 938 ὁμοταγέσιν
702 867 907 931 οὗτοςὸ
942 867 1141 939 θεσμὸς
1175 866 1400 939 ὥρισται
1454 865 1607 937 παρά
1655 865 1756 935 τῆς
1793 866 1929 919 πάν-

334 975 452 1013 των
480 959 807 1031 ὑπερουσίου
851 958 1191 1032 ταξιαρχίας,
1212 960 1274 1012 τὸ
1307 958 1429 1012 καθ’
1466 959 1700 1028 ἑκάστην
1741 958 1928 1029 ίεραρ-

336 1050 469 1119 χίαν
495 1052 719 1123 πρώτας
746 1052 842 1104 καὶ
866 1052 1037 1123 μέσας
1069 1052 1164 1105 καὶ
1191 1049 1505 1113 τελευταίας
1559 1047 1696 1103 εἶναι
1744 1048 1928 1115 τάξεις

334 1157 399 1192 τε
421 1142 517 1194 καὶ
544 1140 821 1211 δυνάμεις,
855 1141 949 1194 καὶ
977 1140 1086 1194 τῶν
1115 1141 1355 1212 ἡττόνων
1381 1136 1518 1193 εἶναι
1568 1141 1695 1203 τοὺς
1726 1138 1928 1193 θειοτέ-

334 1249 473 1301 ρους
537 1232 744 1303 μύστας
794 1235 885 1287 καὶ
959 1238 1001 1269 ³³
1044 1232 1412 1305 χειραγωγοὺς
1478 1232 1574 1285 ἐπὶ
1621 1232 1719 1304 τὴν
1770 1232 1924 1285 θείαν

334 1327 711 1397 προσαγωγὴν
738 1327 833 1380 καὶ
861 1325 1123 1397 ἔλλαμψιν
1153 1326 1246 1378 καὶ
1282 1324 1586 1381 κοινωνίαν.

2037 774 2393 828 adducantur.
2453 770 2664 823 Etenim
2699 784 2803 824 no
2848 770 3022 824 solum
3055 771 3431 840 superioribus
3465 768 3602 823 inle-

2032 866 2375 933 rioribusque
2409 863 2703 925 mentibus,
2730 876 2920 916 verum
2956 862 3123 916 etiam
3151 861 3470 931 aequalibus,
3503 874 3598 914 seu

2027 954 2387 1018 coordinatis,
2441 967 2469 1005 a
2527 952 3047 1021 supersubstantiali
3124 967 3305 1007 rerum
3357 951 3598 1006 omnium

2026 1046 2364 1115 primordiali
2396 1044 2589 1099 ordine
2635 1043 2722 1098 lex
2782 1044 2885 1098 ista
2929 1045 3223 1099 constituta
3279 1051 3384 1109 est,
3412 1051 3473 1097 ut
3501 1057 3599 1111 per

2026 1140 2267 1209 singulas
2296 1136 2637 1192 hierarchias
2671 1136 2836 1205 primi
2887 1147 3087 1202 essent,
3123 1153 3186 1192 ac
3231 1137 3392 1192 medii
3417 1135 3599 1190 novis-

2024 1232 2258 1298 simique
2297 1228 2515 1282 ordines
2546 1243 2609 1281 ac
2638 1226 2887 1292 virtutes,
2940 1227 3399 1297 inferioribusque
3456 1225 3597 1281 divi-

2028 1321 2211 1375 niorcs
2254 1328 2444 1390 mysta:
2497 1326 2699 1381 essent,
2759 1335 2822 1373 ac
2887 1319 3312 1374 manuductores
3352 1318 3419 1371 ad
3450 1317 3594 1372 divi-

2030 1426 2162 1466 num
2191 1424 2501 1475 accessum,
2532 1416 2588 1463 et
2616 1408 3042 1465 illustrationcm
3076 1419 3239 1481 atque
3260 1409 3598 1465 communio-

2028 1517 2172 1559 nem.

1885 1658 2051 1733 ειν.

415 1822 559 1894 Ὀρῶ
595 1824 671 1885 δὲ,
706 1825 789 1877 ὅτι
822 1825 916 1877 καὶ
965 1824 1025 1877 τὸ
1057 1824 1198 1877 θεῖον
1250 1824 1350 1894 τῆς
1387 1823 1563 1896 Ἰησοῦ
1616 1824 1912 1896 φιλανθρω-

2094 1823 2344 1879 Divinum
2376 1826 2541 1881 etiam
2572 1826 2929 1882 humanitatis
2971 1824 3098 1881 Jesn
3152 1828 3469 1897 mysterium
3494 1845 3593 1885 an-

323 1916 466 1979 πίας
512 1918 807 1988 μυστήριον
866 1915 1087 1985 ἄγγελοι
1149 1915 1364 1988 πρῶτον
1422 1916 1759 1988 ὲμυήθησαν,
1804 1914 1919 1969 εἷτα

323 2009 398 2061 δι’
433 2008 615 2062 αὐτῶν
643 2010 722 2072 είς
758 2011 961 2080 ήμᾶςὴ
986 2009 1087 2080 τῆς
1123 2007 1377 2077 γνώσεως
1419 2010 1580 2080 χάρις
1634 2009 1917 2063 διέϐαινεν.

324 2100 491 2154 Οὕτω
527 2100 658 2169 γοῦν
694 2103 723 2154 ό
778 2101 1052 2164 θειότατος
1105 2100 1344 2173 Γαϐριὴλ
1398 2101 1669 2172 Ζαχαρίαν
1709 2100 1807 2169 μὲν
1826 2100 1916 2154 τὸν

328 2193 601 2264 ἱεράρχην
662 2192 1065 2263 ἐμυσταγὼγει,
1112 2193 1175 2246 τὸ
1223 2196 1512 2266 προφήτην
1564 2193 1785 2247 ἔσεσθαι
1826 2194 1919 2246 τὸν

325 2283 390 2349 ἐξ
422 2283 588 2336 αὐτοῦ
617 2285 747 2354 παρ’
780 2285 974 2339 ἐλπίδα
1002 2288 1185 2358 χάριτι
1226 2286 1345 2359 θείᾳ
1370 2289 1763 2359 γεννησόμενον
1790 2290 1916 2340 παῖ-

322 2378 417 2441 δα,
445 2376 549 2446 τῆς
598 2376 1002 2449 ἀγαθοπρεπῶς
1042 2380 1137 2432 καὶ
1168 2381 1448 2453 σωτηρίως
1480 2382 1558 2453 τῷ
1585 2383 1775 2454 κόσμῳ
1801 2384 1920 2434 ἐπι-

326 2470 717 2540 φανησομένης
764 2469 1024 2542 ἀνδρικῆς
1079 2471 1174 2524 τοῦ
1244 2472 1418 2542 Ἰησοῦ
1469 2474 1786 2545 θεουργίας·
1817 2474 1919 2543 τὴν

322 2561 384 2614 δὲ
412 2560 668 2633 Μαριὰμ,
723 2562 872 2626 ὅπως
910 2564 967 2617 ὲν
995 2563 1133 2635 αὐτῇ
1185 2566 1503 2637 γεννήσεται
1539 2566 1600 2620 τὸ
1629 2566 1916 2639 θεαρχικὸν

298 2653 431 2722 ,τῆς
466 2653 782 2723 ἀφθέγκτου
823 2656 1183 2720 θεοπλαστίας
1237 2659 1550 2729 μυστήριον.
1604 2661 1829 2732 Ἕτερος
1857 2662 1914 2715 δὲ

320 2746 435 2797 τῶν
463 2745 712 2815 ἀγγέλων
734 2746 826 2799 τὸν
862 2748 1059 2818 Ἰωσὴφ
1108 2748 1488 2813 ὲξεπαίδευσεν
1514 2751 1580 2817 θ’,
1609 2753 1756 2816 ὅπως
1784 2753 1916 2824 ἀλη-

324 2836 438 2901 θῶς
462 2838 885 2911 ἐκπεπλήρωται
908 2840 976 2893 τά
1000 2840 1235 2906 θειωδῶς
1275 2843 1661 2915 ἐπηγγελμένα
1693 2845 1772 2915 τῷ
1792 2862 1917 2917 προ-

320 2931 469 3001 γόνῳ
514 2933 697 2985 Δαυίδ.
747 2935 938 2999 Ἀλλος
990 2936 1047 2989 δὲ
1084 2936 1211 2999 τοὺς
1260 2939 1543 3009 ποιμένας,
1573 2939 1649 3003 ὡς
1695 2942 1759 3010 τῇ
1806 2939 1914 2993 τῶν

320 3023 539 3076 πολλῶν
614 3025 960 3098 ἀναχωρήσει
1025 3030 1121 3082 καὶ
1185 3031 1387 3102 ἡσυχία
1450 3030 1911 3103 κεκαθαρμένους,

320 3113 730 3184 εὐηγγελίζετο,
768 3116 863 3169 καὶ
892 3119 988 3171 σὺν
1031 3118 1180 3190 αὑτῷ
1224 3118 1428 3191 πλῆθος
1454 3124 1711 3191 στρατιᾶς
1751 3122 1914 3194 οὐρα-

2020 1916 2155 1987 gelis
2184 1918 2414 1987 primum
2446 1918 2775 1985 patefactum
2799 1935 2922 1975 esse
2952 1921 3127 1983 video.
3160 1936 3254 1989 per
3279 1935 3417 1989 quos
3444 1922 3592 1977 dein-

2023 2007 2089 2062 de
2115 2010 2179 2062 ad
2212 2024 2313 2064 nos
2341 2025 2555 2080 quoque
2600 2011 2926 2080 cognitionis
2952 2010 3073 2080 eius
3113 2013 3289 2082 gratia
3320 2012 3588 2083 pervenit.

2021 2103 2096 2156 lta
2141 2104 2514 2159 divinissimus
2574 2103 2662 2158 ille
2732 2103 2955 2161 Gabriel
3007 2106 3325 2161 Zachariam
3373 2106 3588 2175 quidem

2019 2195 2328 2264 pontiﬁcem
2357 2196 2563 2261 docuit,
2596 2197 2736 2265 quod
2767 2211 2902 2266 puer
2933 2211 3001 2251 ex
3036 2198 3151 2267 ipso
3198 2207 3396 2266 printer
3440 2212 3589 2268 spem

2020 2287 2199 2343 divina
2254 2289 2426 2357 gratia
2481 2291 2814 2355 nasciturus,
2869 2291 3133 2359 propheta
3167 2290 3305 2346 foret
3334 2290 3591 2345 humana:
3684 2354 3687 2361 η

2020 2381 2327 2451 divinaeque
2386 2380 2514 2437 Jesu
2568 2382 2999 2453 dispensationis
3055 2384 3289 2453 benigne
3339 2383 3591 2443 simulac

2020 2474 2315 2528 salubriter
2343 2476 2543 2529 mundo
2589 2475 2920 2545 appariturae
2948 2472 2975 2512 ἀ
3011 2492 3026 2530 :
3057 2474 3280 2530 Mariam
3311 2490 3438 2531 vero
3462 2489 3590 2529 eru-

2018 2566 2172 2632 divit,
2223 2567 2497 2635 quomodo
2545 2567 2598 2620 in
2660 2567 2778 2635 ipsa
2825 2569 3069 2622 divinum
3114 2567 3243 2622 illud
3295 2566 3586 2622 iueﬂ'abilis

2018 2657 2457 2713 Deiformationis
2522 2661 2841 2729 mysterium
2880 2668 3376 2715 consummaretur.
3436 2660 3590 2716 Alius

2017 2764 2229 2825 quoque
2274 2752 2498 2822 angelus
2548 2751 2841 2822 Josephum
2872 2752 3075 2818 docuit,
3126 2765 3256 2807 vere
3285 2752 3582 2820 adimpleta

2016 2857 2157 2909 esse,
2190 2859 2311 2912 quae
2334 2844 2668 2913 progenitori
2700 2845 2816 2913 ejus
2848 2844 3012 2897 David
3042 2844 3298 2898 divinitus
3322 2843 3587 2911 promissa

2016 2934 2255 2990 fuerant.
2280 2937 2434 2991 Alitis
2481 2937 2612 2991 item
2664 2938 3000 3006 pastoribus,
3037 2938 3235 3007 quippe
3257 2937 3366 3007 jam
3398 2935 3588 2991 solitu-

2016 3026 2158 3081 dinis
2191 3042 2408 3083 recessu
2434 3043 2499 3082 ac
2536 3028 2931 3097 tranquillitate
2992 3029 3257 3099 purgatis,
3312 3026 3586 3097 evangeli-

2016 3122 2161 3174 zavit
2190 3139 2204 3186 ;
2232 3135 2471 3190 cumque
2504 3121 2595 3175 illo
2646 3121 2886 3175 caelestis
2931 3122 3208 3175 exercitus
3270 3119 3583 3181 multitudo,

320 3208 439 3260 νίου
464 3207 563 3278 τὴν
597 3208 974 3282 πολυύμνητον
1006 3213 1222 3284 ἐκείνην
1248 3212 1534 3284 παρεδίδου
1554 3218 1666 3278 τοῖς
1691 3216 1783 3267 ἐπὶ
1808 3215 1912 3285 γῆς

2016 3212 2431 3267 celeberrimum
2467 3214 2631 3268 istum
2662 3214 3081 3269 collaudationis
3138 3214 3395 3285 hymnum
3428 3212 3585 3267 terri-

319 3302 654 3369 δοξολογίαν.
701 3304 1108 3377 Ἀνανεύσωμεν
1145 3306 1202 3358 δὲ
1232 3307 1326 3360 καὶ
1370 3306 1509 3378 πρὸς
1536 3307 1637 3370 τὰς
1682 3309 1914 3379 ὑπερτά-

317 3409 421 3454 τας
445 3392 493 3423 ³³
541 3386 650 3445 τῶν
693 3393 889 3461 λογίων
947 3397 1324 3464 φωτοφανείας
1348 3413 1361 3426 υ
1386 3397 1500 3467 ὁρῶ
1551 3397 1682 3469 γὰρ,
1712 3399 1794 3452 ὅτι
1818 3400 1913 3453 καὶ

320 3484 488 3546 αὐτὸς
525 3485 733 3553 Ἰησοῦς
754 3486 820 3550 ³⁸,
847 3487 939 3540 καὶ
964 3486 1072 3539 τῶν
1103 3489 1513 3559 ὑπερουρανίων
1528 3490 1724 3543 οὐσιῶν
1746 3491 1913 3562 ὑπερ-

318 3573 506 3636 ούσιος
562 3575 733 3639 αίτία,
768 3578 909 3648 πρὸς
929 3578 992 3630 τὸ
1028 3578 1151 3631 καθ’
1197 3582 1346 3651 ἡμᾶς
1394 3582 1745 3652 ἀμεταϐόλως
1780 3582 1909 3655 ὲλη-

321 3665 517 3731 λυθὼς,
550 3668 651 3721 οὐκ
672 3670 926 3742 ἀποπηδᾷ
952 3671 1052 3741 τῆς
1083 3674 1176 3725 ὑπ’
1208 3674 1371 3727 αὐτοῦ
1413 3675 1705 3746 ταχθείσης
1729 3694 1787 3730 τε
1816 3678 1910 3730 καὶ

322 3759 642 3830 αὶρεθείσης
680 3760 1186 3835 ἀνθρωποπρεποῦς
1243 3766 1517 3833 εὐταξίας,
1566 3767 1682 3821 ἀλλ’
1722 3769 1907 3821 εὐπει-

321 3849 433 3913 θῶς
459 3851 506 3882 ⁸⁸
531 3852 895 3907 ὑποτάττεται
922 3859 1043 3918 ταῖς
1064 3856 1159 3909 τοῦ
1190 3858 1404 3930 Πατρὸς
1430 3860 1524 3913 καὶ
1554 3860 1691 3914 Θεοῦ
1716 3861 1783 3915 δι’
1805 3861 1907 3930 ἀγ-

318 3943 497 4008 γέλων
533 3944 897 4001 διατυπώσεσι
929 3948 975 3980 ⁸⁸
995 3966 1009 3979 ο
1040 3952 1135 4003 καὶ
1161 3950 1250 4004 διὰ
1278 3950 1469 4023 μέσων·
1501 3953 1682 4007 αὐτῶν
1710 3955 1909 4023 ἀγγέλ-

286 4098 289 4101 λ
318 4033 471 4086 λεται
494 4034 577 4106 τῷ
619 4037 817 4111 Ἰωσὴφ
845 4043 879 4112 ἡ
925 4041 1062 4113 πρὸς
1107 4042 1201 4095 τοῦ
1227 4044 1441 4116 Πατρὸς
1491 4045 1905 4116 οίκονομηθεῖσα

314 4126 413 4178 τοῦ
446 4128 581 4180 Υἱοῦ
622 4131 757 4201 πρὸς
803 4132 1076 4200 Αἴγυπτον
1107 4135 1476 4209 ἀναχώρησις,
1526 4140 1621 4192 καὶ
1668 4135 1823 4202 αὖθις
1868 4142 1902 4211 ἡ

318 4219 457 4288 πρὸς
496 4222 597 4291 τὴν
675 4223 935 4279 Ἰουδαίαν
986 4226 1046 4290 ἐξ
1093 4228 1369 4295 Αἰγύπτου
1430 4230 1744 4300 μεταγωγή.
1795 4231 1905 4283 Καὶ

313 4310 381 4364 δι’
436 4314 687 4381 ἀγγέλων
758 4315 919 4369 αὑτὸν
967 4318 1078 4389 ὁρῶ
1125 4320 1223 4390 μὲν
1278 4320 1382 4373 ὑπὸ
1431 4322 1552 4383 ταῖς
1609 4325 1904 4393 πατρικαῖς

266 4452 273 4457 .
315 4404 703 4474 θεσμοθεσίαις
740 4410 1093 4481 ταττόμενον·
1126 4411 1201 4464 ὲῶ
1229 4411 1338 4484 γὰρ
1390 4416 1588 4479 εἰπεῖν,
1638 4415 1715 4478 ὼς
1741 4416 1902 4469 εἰδότι

309 4499 381 4550 τὰ
407 4503 531 4562 ταῖς
556 4501 855 4571 ίερατικαίς
882 4503 1042 4573 ἡμῶν
1084 4504 1445 4575 παραδόσεσιν
1487 4507 1899 4577 ἐκπεφασμένα,

2015 3305 2407 3373 genistradidit
2436 3317 2481 3360 ο.
2516 3306 2772 3373 Quinimo
2806 3308 2873 3360 ad
2892 3306 3306 3362 sublimissimas
3331 3304 3450 3359 illas
3473 3305 3584 3360 elo-

2013 3396 2265 3465 quiorum
2315 3396 2707 3455 illustrationes
2746 3399 2945 3453 mentis
2970 3399 3216 3453 obtutum
3270 3398 3580 3468 erigamus;

2013 3489 2385 3545 animadverto
2417 3492 2590 3555 enim,
2630 3492 2918 3559 ipsummet
2947 3490 3130 3545 Jesnm
3161 3490 3274 3561 (qui
3303 3498 3387 3545 est
3416 3499 3579 3543 natu-

2014 3597 2200 3636 rarum
2254 3597 2419 3652 supra
2472 3585 2777 3640 ctelestium
2828 3598 2994 3652 supra
3060 3592 3314 3636 naturam
3367 3580 3583 3649 auctor)

2012 3673 2102 3728 ubi
2129 3675 2197 3729 ad
2230 3684 2484 3728 naturam
2515 3684 2756 3730 nostram
2784 3676 2901 3729 sine
2930 3674 3011 3728 sui
3050 3674 3427 3728 immutatione
3484 3674 3583 3727 de-

2010 3767 2249 3834 scendit,
2274 3783 2398 3844 enm
2427 3783 2589 3838 quem
2635 3768 2985 3823 ordinaverat
3015 3766 3359 3837 elegeratque
3388 3766 3581 3839 huma—

2011 3862 2201 3918 nitatis
2245 3864 2497 3919 ordinem
2545 3878 2889 3933 nequaquam
2924 3862 3197 3932 refugere,
3230 3860 3363 3929 quin
3398 3859 3577 3929 potius

2009 3954 2328 4013 obedienter
2366 3970 2426 4010 se
2474 3957 2803 4011 submittere
2855 3954 3050 4008 formis
3076 3968 3106 4006 a
3130 3954 3240 4007 Deo
3294 3951 3455 4005 Patre
3480 3965 3579 4021 per

2008 4046 2231 4117 angelos
2259 4045 2467 4101 ell‘ectis
2494 4062 2512 4113 ;
2543 4061 2776 4116 quorum
2806 4045 3135 4107 ministerio,
3161 4058 3190 4096 a
3212 4042 3374 4097 Patre
3404 4042 3581 4112 dispo-

2007 4140 2113 4193 sita
2147 4138 2244 4192 ﬁlii
2297 4139 2350 4192 in
2401 4138 2698 4209 Egyptum
2751 4138 2987 4193 recessio
3025 4150 3278 4203 ;necnon
3334 4134 3577 4204 ejusdem

2007 4248 2073 4289 ex
2108 4230 2343 4300 Egypto
2366 4231 2420 4286 in
2454 4230 2694 4285 Judaaam
2756 4229 3027 4294 reductio,
3083 4227 3321 4296 Joseplto
3356 4227 3579 4279 nuutia-

2006 4319 2170 4374 batur
2199 4319 2246 4373 ί.
2277 4319 2417 4385 Quin
2450 4329 2508 4373 et
2545 4334 2641 4388 per
2667 4318 2889 4388 angelos
2946 4319 3118 4388 ipsum
3178 4316 3457 4370 cernimus
3482 4330 3578 4385 pa-

2010 4411 2182 4466 ternis
2213 4411 2427 4483 legibus
2453 4402 2565 4484 39
2592 4410 2892 4479 subjectum
2928 4428 2943 4463 :
2981 4409 3174 4464 omitto
3206 4408 3348 4462 enim
3373 4406 3574 4465 dicere.

2005 4510 2192 4573 utpote
2215 4504 2556 4572 scienti,quae
2582 4504 2948 4560 sacrosanctis
2966 4500 3168 4556 nostris
3195 4494 3578 4552 traditionibus

279 4650 285 4655 ν
312 4591 411 4642 καὶ
444 4592 575 4661 περὶ
598 4590 693 4644 τοῦ
724 4593 955 4661 ἀγγέλου
980 4593 1074 4646 τοῦ
1106 4595 1195 4649 τὸν
1234 4595 1442 4667 Ἰησοῦν
1486 4596 1897 4667 ὲνισχύσαντος’

2015 4608 2261 4662 expressa
2306 4604 2433 4649 sunt
2463 4596 2531 4650 de
2557 4594 2750 4665 angelo
2776 4606 2995 4662 quoque
3018 4589 3201 4643 Jesum
3244 4586 3578 4640 conlirman-
3610 4668 3613 4671 Ι

310 4682 345 4751 ἢ
371 4682 457 4734 ὅτι
482 4686 578 4735 καὶ
606 4685 769 4748 αὐτὸς
794 4688 823 4738 ό
857 4686 1084 4756 Ἰησοῦς,
1130 4686 1273 4740 κατά
1300 4688 1399 4758 τὴν
1422 4690 1453 4758 ἡ
1464 4686 1580 4757 μῶν
1628 4688 1898 4757 σωστικὴν

309 4774 705 4847 ἀγαθουργίαν,
731 4780 811 4841 εἰς
832 4780 1228 4850 ὲκφαντορικὴν
1260 4779 1531 4851 ἐληλυθὼς
1552 4778 1723 4845 τάξιν,
1761 4781 1897 4848 Ἀγ-

282 4862 285 4863 ⁷
308 4871 495 4936 τελος
516 4869 1032 4941 μεγάληςβουλῆς
1044 4874 1407 4943 ἀνηγόρευται
1426 4890 1437 4902 ·
1472 4873 1565 4926 καὶ
1590 4872 1699 4943 γὰρ
1720 4872 1795 4935 ὡς
1808 4872 1897 4926 αὐ-

304 4959 403 5023 τὸς
463 4961 893 5032 ἀγγελοπρεπῶς
959 4982 1143 5035 φησιν,
1203 4966 1303 5018 ὅσα
1361 4966 1559 5036 ἤκουσε
1608 4963 1759 5037 παρὰ
1800 4962 1894 5017 τοῦ

280 5046 548 5120 .Πατρὸς,
588 5054 907 5123 ἀνήγγειλεν
933 5058 1084 5126 ἡμῖν.

407 5334 431 5362 ε
467 5327 588 5378 Act.
634 5324 707 5391 7;
761 5324 942 5380 Galat.
988 5341 1070 5380 ιιι.
1146 5331 1172 5363 α
1206 5324 1333 5382 Luc.
1365 5342 1401 5393 I,
1436 5327 1521 5382 15.

2002 4697 2052 4741 te
2079 4688 2105 4728 ⁸
2130 4703 2147 4751 ;
2177 4696 2231 4741 et
2254 4696 2311 4740 ut
2354 4687 2581 4755 ipsemet
2609 4685 2788 4753 Jesus,
2821 4700 2917 4751 pro
2938 4682 3157 4738 salutari
3188 4691 3369 4735 nostra
3397 4692 3578 4734 emen-

2001 4778 2243 4845 datione,
2281 4780 2335 4833 in
2364 4780 2653 4849 spirituum
2707 4778 3264 4834 manifestatoriorunt
3322 4777 3574 4831 ordinem

2000 4872 2290 4937 redactus,
2345 4874 2523 4941 magni
2568 4872 2781 4926 consilii
2837 4869 3068 4940 Angelus
3114 4870 3280 4924 fuerit
3333 4864 3570 4935 appellar-

2002 4974 2089 5019 tus
2119 4964 2146 5003 δ
2180 4983 2194 5019 :
2225 4965 2451 5030 etenim,
2507 4974 2568 5019 ut
2604 4965 2718 5034 ipse
2768 4981 2868 5034 pro
2910 4964 3085 5019 nuntii
3140 4976 3365 5017 munere
3420 4957 3573 5025 dicit,

2002 5072 2337 5126 quaecunque
2368 5056 2574 5112 audivit
2600 5072 2629 5110 a
2655 5056 2838 5123 Patre,
2870 5066 2993 5113 nota
3019 5055 3151 5112 fecit
3180 5055 3355 5110 nobis.

1603 5336 1625 5363 ε
1656 5325 1790 5382 Ibid.
1873 5326 1890 5364 ε

2015 5328 2119 5383 ιιΙι.
2150 5343 2210 5382 ιι.
2294 5330 2316 5366 ε
2350 5327 2479 5383 Luc.
2510 5345 2646 5395 χχιι,
2685 5330 2771 5383 45.
2846 5327 2995 5383 1llsa.
3032 5343 3106 5395 II,
3140 5326 3173 5381 6
3202 5327 3253 5381 in
3276 5326 3529 5397 Scptuag.

1564 5507 1802 5564 VARIAE
1844 5510 2250 5568 LECTIONES.

374 5712 432 5795 ’.ξ
459 5712 558 5795 (ἔρια
591 5713 798 5795 μύστας
835 5733 911 5768 τε.
989 5718 1032 5749 θ’
1068 5717 1164 5773 Ch.
1192 5717 1250 5771 D.
1286 5718 1646 5786 ὲξεπαίδευεν.
1728 5721 1773 5753 ⁸³
1808 5720 1868 5776 D.
1909 5722 2048 5795 ὑπὲρ
2072 5721 2293 5785 ταύτας.
2373 5720 2417 5752 9"
2456 5719 2483 5771 ὁ
2532 5720 2659 5789 Ἰησ.
2740 5714 2786 5747 θ’
2820 5713 2918 5769 Ch-
2966 5707 3097 5764 ἀλλά
3150 5707 3242 5762 καί
3297 5701 3567 5765 εὐπειθῶς

310 5786 354 5817 ⁶⁶
389 5783 453 5838 D.
494 5782 894 5841 ὁπάςυπώσεσι.
