3908 6232
491 331 595 391 187

1655 344 1713 401 S.
1754 345 2053 402 DIONYSII
2087 346 2545 403 AREOPAGITE

3641 338 3750 394 188

1584 500 2068 561 PARAPHRASIS
2100 502 2544 562 PACHYMEBA‘I
2575 502 2672 565 (9).

564 602 593 676 ς
630 606 668 661 l.
710 604 1029 666 Hierarchia
1058 613 1171 681 ipsa
1199 615 1347 670 omni
1395 624 1449 671 et
1490 618 1769 687 universa,
1798 620 1912 675 sive
1948 636 2049 676 cae-

2235 621 2263 693 ς
2324 621 2365 675 Ι.
2404 622 2514 692 Τῆς
2566 618 2846 699 ίεραρχίας
2890 615 3061 686 αὐτῆς
3121 613 3333 683 ἀπάσης
3383 614 3474 665 καὶ
3526 611 3749 664 καθολι-

490 697 678 752 lestem
741 702 966 765 dixeris,
1024 705 1137 758 sive
1192 717 1459 775 nostram,
1508 718 1655 764 recte
1696 712 1941 779 quidem,
1998 723 2060 767 ut

487 794 761 856 existimo,
799 794 927 863 quid
958 796 1052 859 sit,
1078 812 1177 866 pro
1202 800 1620 870 philosophandi
1653 804 1873 859 modulo
1922 805 2060 861 deﬁ-

486 884 749 950 nita,age
801 900 945 939 nunc
984 888 1306 955 angelicam,
1337 905 1564 960 eamque
1611 893 1804 956 solam,
1834 903 1892 947 ut
1940 910 2061 949 sese

485 973 673 1038 habet,
709 975 1073 1031 liierarchiam
1125 981 1439 1050 indagemus
1485 994 1540 1039 et
1583 985 1882 1051 discamus,
1918 990 2061 1056 quod

484 1065 672 1134 utique
698 1065 752 1119 in
786 1069 1031 1123 auctoris
1059 1085 1248 1125 eorum
1287 1074 1378 1129 Dei
1405 1074 1619 1129 laudem
1648 1077 1813 1130 cedit.
1844 1076 1975 1130 Nam
2014 1077 2060 1130 si

481 1156 646 1209 etiam
677 1171 742 1210 ex
774 1159 1088 1215 hominibus
1118 1165 1357 1226 cognitio
1386 1164 1478 1219 Dei
1537 1167 1883 1231 miriﬁcatur,
1904 1167 2060 1236 juxta

483 1247 612 1301 illud
640 1262 655 1301 :
687 1245 950 1301 Mirabilis
974 1249 1117 1319 facta
1133 1262 1210 1303 est
1231 1249 1447 1303 scientia
1470 1260 1560 1305 tua
1585 1271 1649 1309 ea:
1669 1273 1750 1311 me
1764 1266 1828 1320 Ill-,'
1856 1267 2061 1327 quanto

482 1338 677 1405 magis,
709 1352 828 1406 quae
859 1353 1022 1407 supra
1059 1340 1389 1409 principium
1418 1350 1521 1410 est,
1546 1343 1807 1399 divinitas
1848 1349 2061 1417 magni-

481 1425 742 1481 ﬁcabitur
773 1437 828 1482 et
850 1428 1217 1484 celebrabitur
1249 1431 1302 1485 in
1333 1446 1399 1486 eo
1429 1435 1571 1502 quod
1597 1435 1666 1491 de
1697 1438 1905 1507 angelis
1926 1454 2059 1494 cnn—

480 1520 848 1588 templamur?
894 1521 1091 1577 Verum
1151 1539 1259 1577 non
1302 1526 1673 1595 sensibilibus,
1717 1531 1811 1585 sed
1867 1546 2061 1599 super-

478 1613 849 1669 nmndialibus
873 1624 926 1669 et
944 1615 1355 1672 intellectilibus
1373 1620 1570 1685 oculis,
1592 1631 1651 1675 ut
1676 1636 1775 1691 per
1800 1625 2062 1695 mysticas

478 1706 747 1776 imagines
770 1708 823 1760 in
851 1708 1151 1777 Scripturis
1186 1725 1501 1780 expressas,
1532 1715 1597 1769 ad
1623 1730 1810 1771 eorum
1846 1719 2059 1787 simpli-

476 1797 700 1851 citatem
764 1800 1118 1859 adducamur.
1172 1805 1455 1876 Siquidem
1513 1809 1763 1864 audimus
1807 1810 1860 1864 in
1908 1812 2058 1865 Scri-

476 1892 653 1959 pturis
681 1892 847 1947 boves
873 1904 928 1948 et
952 1895 1160 1960 leones,
1194 1898 1438 1969 aliasque
1489 1901 1752 1969 quasdam
1783 1905 2062 1972 composi-

2166 716 2286 785 κῆς,
2315 715 2421 768 κᾶν
2459 714 2558 785 τὴν
2605 709 2859 783 οὐρανίαν
2906 708 3097 771 εἴποις,
3132 706 3235 761 κᾶν
3272 708 3370 776 τὴν
3417 706 3538 759 καθ’
3572 707 3747 789 ἡμᾶς,

2164 804 2490 877 ὁρισθείσης,
2527 803 2708 866 καλῶς
2742 802 2816 865 ὠς
2838 798 3206 870 ὑπολαμϐάνω
3233 799 3374 852 κατὰ
3410 795 3750 868 μετριασμὺν

2168 896 2472 966 φιλόσοφον,
2502 894 2554 946 τί
2600 896 2734 961 εστι,
2779 894 2911 963 φέρε
2960 892 3060 963 τὴν
3122 890 3439 960 ἀγγελικὴν,
3471 890 3597 956 τόγε
3648 886 3749 939 νῦν

2164 988 2307 1057 ἔχον,
2358 988 2631 1059 ίεραρχίαν
2663 986 2757 1039 καὶ
2782 988 2944 1057 μόνην
2964 985 3284 1058 ζητήσωμεν
3298 984 3389 1036 καὶ
3406 984 3687 1055 μάθωμεν,
3715 980 3749 1033 ὃ

2168 1078 2231 1148 δὴ
2257 1077 2425 1148 ὕμνος
2454 1078 2569 1129 ἐστὶ
2603 1076 2737 1148 πρὸς
2766 1076 2857 1129 τὸν
2903 1077 3202 1147 ποιήσαντα
3248 1073 3450 1136 ταύτας
3481 1072 3632 1125 Θεόν.
3678 1072 3747 1123 ΕΞ

2166 1167 2273 1237 γὰρ
2305 1169 2398 1220 καὶ
2425 1169 2487 1220 ἐκ
2516 1166 2624 1220 τῶν
2647 1165 2945 1238 ἀνθρώπων
2973 1165 3379 1236 θαυμαστοῦται
3413 1167 3447 1234 ή
3484 1162 3575 1215 τοῦ
3602 1161 3748 1215 Θεοῦ

2164 1258 2383 1327 γνῶσις,
2433 1258 2573 1312 κατὰ
2591 1258 2671 1311 τὸ’
2722 1256 3179 1326 Ἐθαυμαστὼθη
3210 1258 3249 1324 ἡ
3275 1255 3499 1325 γνῶσίς
3529 1271 3646 1308 σου
3680 1250 3751 1318 ἐξ

2162 1350 2327 1421 έμοῧ’
2358 1350 2508 1419 πόσῳ
2541 1367 2603 1418 γε
2642 1349 2836 1420 μᾶλλον
2876 1347 3335 1419 μεγαλυνθήσεται
3362 1348 3456 1399 καὶ
3507 1344 3751 1415 ὑμνηθή-

2168 1458 2317 1495 σεται
2352 1444 2384 1510 ή
2418 1443 2747 1512 ὑπεράρχιος
2780 1441 2989 1510 θεότης,
3021 1442 3079 1492 ὲν
3108 1434 3151 1507 ᾧ
3197 1440 3325 1510 περὶ
3355 1439 3463 1491 τῶν
3493 1437 3748 1505 ἀγγέλων

2168 1532 2507 1603 θεωροῦμεν;
2544 1534 2679 1585 Ἀλλ’
2700 1534 2800 1586 οὐκ
2830 1533 3124 1604 αἰσθητοῖς,
3141 1530 3530 1602 ὑπερκοσμίοις
3557 1530 3616 1581 δὲ
3647 1530 3750 1580 καὶ

2162 1627 2373 1693 νοητοῖς
2405 1624 2717 1695 ὀφθαλμοῖςο
2754 1625 2902 1687 ὅπως
2955 1623 3043 1677 διὰ
3086 1622 3197 1676 τῶν
3250 1625 3306 1676 ὲν
3334 1626 3454 1686 ταῖς
3497 1623 3751 1693 Γραφαῖς

2166 1719 2443 1790 μυστικῶν
2476 1718 2869 1789 είκονισμάτων
2932 1716 3253 1787 ἀναχθῶμεν
3286 1718 3365 1780 είς
3394 1717 3493 1787 τὴν
3533 1716 3751 1768 τούτων

2166 1812 2459 1881 ἁπλότητα.
2510 1811 2801 1880 Ἀκούομεν
2838 1810 2947 1880 γὰρ
2980 1812 3037 1862 ὲν
3070 1813 3189 1873 ταῖς
3216 1810 3460 1880 Γραφαῖς
3487 1808 3615 1877 βοῦς
3649 1808 3750 1859 καὶ

2163 1904 2401 1967 λέοντας,
2448 1904 2539 1956 καὶ
2585 1903 2776 1973 ἐτέρας
2823 1902 3099 1964 συνθέσεις
3127 1901 3298 1963 τινὰς,
3345 1900 3412 1963 ἃς
3444 1901 3507 1971 δὴ
3550 1900 3631 1970 τῷ
3663 1902 3759 1952 νοῖι

476 1985 679 2049 tiones,
734 2001 869 2054 quas
920 1989 1044 2041 dum
1090 2001 1270 2044 mente
1316 1993 1706 2061 pervolvimus,
1756 1995 2049 2049 secundum

2161 1996 2640 2066 παραπέμποντες.
2675 1993 2815 2047 κατὰ
2838 1996 2937 2065 τὴν
2967 1994 3173 2048 οίκείαν
3201 1992 3313 2059 ἕξιν
3353 1990 3613 2061 ἀξιοῦμεν
3643 1994 3747 2045 αὺ-

475 2077 755 2144 propriutn
812 2077 1057 2132 habitum
1108 2084 1330 2136 easdem
1387 2086 1845 2141 consideramus:
1889 2095 2055 2156 atque

475 2169 551 2222 ita
584 2173 727 2236 quod
768 2183 928 2225 sensu
964 2175 1318 2242 compositum
1364 2187 1468 2241 est,
1497 2177 1557 2231 ﬁt
1587 2188 1767 2233 mente
1798 2180 2051 2249 simplex,

474 2270 642 2331 atque
676 2263 1034 2318 hierarchica:
1063 2265 1367 2334 disciplinae
1399 2278 1613 2332 auctor,
1638 2270 1851 2325 scilicet
1886 2272 2049 2339 Deus,

478 2352 782 2423 gratiarum
849 2356 1182 2421 actionibus,
1254 2363 1704 2416 caeremoniarum
1769 2363 2051 2419 Coudiwri

464 2448 935 2517 competentibus,
985 2450 1251 2507 mirabilis
1296 2453 1643 2521 praedicatur.
1688 2457 2053 2524 Quemadmo-

475 2539 604 2591 dum
648 2539 791 2592 enim
821 2554 915 2593 rex
957 2540 1140 2595 verbis
1192 2544 1378 2614 regiis,
1424 2560 1545 2613 qua:
1598 2547 1857 2601 nimirum
1893 2550 2053 2620 regite

474 2627 723 2690 dignitati
756 2638 1090 2698 competunt,
1146 2634 1556 2703 magniﬁcatur;
1590 2637 1664 2691 ita
1695 2653 1910 2708 quoque
1958 2656 2054 2693 na-

478 2730 610 2773 tura:
639 2720 737 2786 illi,
770 2735 890 2790 quae
919 2722 1057 2778 ritus
1107 2738 1292 2779 sacros
1342 2727 1607 2795 instituit,
1646 2732 1827 2786 verbis
1871 2734 2044 2786 ritua-

473 2808 616 2862 libus
648 2810 749 2878 ipsi
790 2814 1233 2881 congruentibus,
1266 2817 1473 2885 gratize'
1502 2820 1833 2877 referuntur.

544 2902 786 2955 Primum
821 2914 999 2958 autem
1024 2908 1266 2960 omnium
1314 2910 1609 2964 secundum
1645 2915 1933 2969 veritatem
1966 2917 2051 2972 di-

472 2995 670 3060 cimus,
705 3011 772 3050 ne
827 2997 949 3066 quis
1004 2999 1263 3053 virtutum
1306 3002 1531 3057 audiens
1591 3008 2048 3079 magnitudinem,

472 3104 636 3158 supra
687 3099 968 3145 creaturas
1035 3106 1129 3147 eas
1182 3104 1418 3163 reputet.
1470 3096 1739 3164 Dicimus,
1800 3099 2047 3171 inquam,

476 3183 575 3238 has
604 3200 795 3241 omnes
824 3184 994 3241 Deum
1026 3187 1292 3253 bonitate,
1328 3206 1436 3245 non
1464 3193 1817 3261 necessitate,
1860 3197 2048 3251 condi-

472 3276 622 3331 disse
670 3295 684 3331 :
730 3278 997 3347 siquidem
1054 3280 1157 3334 hoc
1202 3284 1445 3338 auctoris
1494 3285 1735 3338 omnium
1782 3294 1837 3340 et
1886 3301 2050 3355 super

469 3372 655 3424 omnia
702 3370 798 3425 Dei
850 3372 1115 3428 bonitatis
1140 3376 1416 3445 proprium
1449 3386 1551 3439 est,
1580 3377 1648 3432 ad
1688 3378 1770 3433 sui
1800 3394 2046 3434 commu-

474 3462 690 3517 nionem
717 3478 780 3517 ea
812 3476 933 3531 quae
956 3466 1227 3519 exsistunt
1250 3467 1672 3537 invitare,juxta
1710 3469 2035 3539 capacitatis

471 3554 737 3624 cujusque
771 3555 1165 3613 deﬁnitionem.
1213 3558 1347 3613 Nam
1394 3576 1459 3614 ea
1511 3562 1722 3619 ratione
1766 3575 1874 3631 qua
1906 3561 2037 3630 quid

473 3654 579 3711 est,
600 3648 841 3701 divinum
869 3664 1081 3718 quoque
1103 3647 1315 3704 Numen
1344 3650 1633 3720 participat
1658 3667 1673 3715 ;
1709 3661 1767 3706 ut
1804 3653 1847 3707 si
1866 3653 2042 3707 inani-

473 3747 676 3791 matum
702 3740 794 3804 sit,
816 3741 1098 3794 entitatem
1128 3740 1297 3794 solam
1313 3742 1501 3805 habet;
1525 3744 1607 3796 sin
1632 3744 1853 3810 animal,
1873 3747 2037 3799 etiam

473 3828 644 3896 ipsam
698 3830 898 3894 vitam;
945 3832 1028 3884 sin
1064 3846 1194 3885 vero
1238 3832 1400 3885 etiam
1451 3833 1726 3902 particeps
1784 3837 2039 3903 rationis,

475 3922 845 3975 ratiocinandi
892 3931 948 3976 et
990 3923 1338 3993 intelligendi.
1359 3923 1708 3991 facultatem;
1747 3928 1824 3981 uti
1864 3929 1916 3981 in
1955 3930 2047 3984 de-

478 4030 646 4068 cursu
677 4016 891 4068 astruit.
914 4015 1257 4084 Quaecunque
1282 4017 1448 4086 igitur
1484 4018 1782 4083 exsistunt,
1809 4020 2044 4074 divinam

474 4106 809 4175 participant
830 4107 1228 4175 providentiam
1254 4123 1322 4162 ex
1366 4111 1807 4177 superesseutiali
1836 4110 2046 4167 Deitate

473 4209 908 4269 promanantem.
966 4198 1072 4270 43
1132 4199 1266 4253 Hinc
1310 4203 1457 4255 enim
1492 4242 1508 4268 ,
1586 4204 1765 4273 inquit
1831 4203 2045 4276 Grego-

474 4290 588 4343 rius
612 4288 941 4358 Theologus,
970 4292 1168 4345 boaum
1188 4292 1409 4346 diﬂ‘undi
1434 4298 1720 4363 oportebat
1744 4316 1757 4352 :
1788 4301 2042 4367 quoniam

473 4382 673 4435 malum
708 4397 882 4450 neque
904 4381 1312 4437 subsistentiatn
1345 4385 1529 4451 habet,
1557 4404 1730 4458 neque
1766 4390 2041 4447 exsisten-

474 4474 636 4540 tiam;
664 4474 1101 4545 quandoquidem
1137 4476 1230 4530 Dei
1260 4493 1366 4531 non
1419 4481 1491 4532 sit
1518 4483 1813 4551 particeps,
1839 4499 2037 4540 secun-

471 4572 600 4620 dum
634 4568 853 4622 habitus
878 4569 1235 4637 privationem
1269 4586 1563 4640 apparens,
1592 4578 1685 4629 sed
1726 4591 1828 4630 nec
1859 4592 2045 4631 exem-

2152 2087 2252 2150 τὰς
2302 2088 2523 2140 ἐννοεῖν·
2590 2087 2684 2139 καὶ
2732 2085 2906 2148 οὕτως
2946 2085 3007 2138 τὸ
3058 2085 3308 2138 σύνθετον
3358 2087 3423 2154 τῇ
3467 2084 3751 2154 αἰσθήσει,

2157 2179 2360 2233 ἁπλοῦν
2385 2180 2462 2250 τῷ
2503 2177 2584 2233 νοτ
2612 2179 2839 2248 γίνεται·
2873 2178 2966 2232 καὶ
2994 2175 3332 2248 θαυμάζεται
3375 2180 3409 2248 ἡ
3444 2179 3595 2230 αἰτία
3642 2177 3751 2246 τῆς

2159 2271 2477 2341 ίεραρχικῆς
2511 2272 2839 2342 ἐπιστήμης,
2886 2271 3051 2340 ήγουν
3081 2273 3109 2324 ὁ
3146 2269 3300 2335 Θεὸς,
3332 2272 3388 2322 ὲν
3425 2270 3753 2339 τελεταρχιο

2158 2368 2284 2427 καῖς
2312 2364 2406 2418 καὶ
2439 2364 2842 2435 προσηκούσαις
2892 2363 3282 2434 εὐχαριστίαις.
3329 2362 3415 2424 Ὠς
3445 2361 3555 2432 γὰρ
3582 2365 3613 2414 ὁ
3644 2362 3749 2431 βα-

2154 2454 2330 2517 σιλεὺς
2363 2454 2657 2525 βασιλικοῖς
2692 2455 2890 2523 λόγοις,
2942 2453 3107 2506 οἱονεὶ
3150 2455 3218 2523 τῇ
3266 2452 3513 2521 βασιλεία
3565 2469 3749 2522 προσ-

2152 2548 2365 2618 ήκουσι,
2406 2546 2764 2617 μεγαλύνεται
2790 2563 2803 2577 ⁸
2837 2545 2977 2598 οὕτω
3005 2547 3098 2599 καὶ
3140 2546 3173 2616 ἠ
3218 2544 3532 2614 τελετάρχις
3557 2543 3749 2608 οὐσία,

2152 2640 2333 2709 λόγοις
2360 2640 2766 2711 τελεταρχικοῖς
2800 2640 3221 2711 εὐχαριστεῖται.

2227 2904 2453 2977 Πρῶτον
2483 2906 2529 2961 δ’
2554 2904 2809 2961 ἁπάντων
2831 2905 3006 2958 ὲκεῖνο
3035 2903 3288 2976 λέγομεν,
3315 2905 3432 2957 κατ’
3456 2903 3748 2975 ἀλήθειαν,

2154 2999 2241 3053 ἵνα
2261 2999 2356 3072 μὴ,
2382 2999 2620 3062 ἀκούσας
2641 3016 2726 3063 τις
2744 3000 2805 3052 τὸ
2824 2998 2933 3052 τῶν
2958 2999 3243 3069 δυνάμεων
3268 2998 3572 3069 μεγαλεῖον,
3599 2999 3753 3069 ὑπὲρ

2151 3091 2221 3143 τὰ
2255 3092 2528 3161 κτίσματα
2573 3091 2846 3160 λογίσαιτο
2883 3091 3102 3154 ταύτας.
3132 3092 3380 3162 Λέγομεν
3411 3092 3616 3155 τοίνυν,
3663 3093 3751 3144 ὅτι

2153 3182 2327 3244 πάσας
2360 3181 2529 3247 αὐτὰς
2560 3181 3059 3251 ἀγαθότητι,καὶοὺ
3073 3182 3253 3253 χρείᾳ,
3284 3184 3311 3234 ό
3333 3181 3466 3245 Θεὸς
3497 3182 3751 3251 ὑπέστη-

2155 3290 2265 3327 σεν⁹
2308 3271 2551 3344 ἔστιγὰρ
2572 3271 2731 3324 τοῦτο
2769 3272 2868 3342 τῆς
2897 3272 3234 3343 ἀγαθότητος
3282 3273 3434 3335 ἴδιον,
3463 3273 3561 3325 τοῦ
3604 3274 3752 3326 Θεοῦ

2150 3367 2249 3437 τῆς
2273 3365 2490 3419 πάντων
2515 3364 2693 3428 αἰτίας
2724 3367 2818 3419 καὶ
2846 3366 2989 3438 ὑπὲρ
3012 3368 3211 3427 πάντα,
3238 3365 3299 3418 τὸ
3338 3368 3475 3437 πρὸς
3506 3368 3753 3437 μετοχὴν

2150 3460 2346 3529 ἑαυτῆς
2370 3458 2437 3511 τὰ
2456 3458 2761 3511 ὑποστάντα
2805 3458 3010 3521 καλεῖν,
3041 3457 3182 3510 κατὰ
3203 3458 3295 3510 τὸν
3316 3458 3414 3527 τῆς
3447 3458 3754 3525 ἀναλογίας

2151 3550 2383 3603 ἑκάστου
2405 3547 2702 3619 διορισμόν.
2746 3549 3045 3617 Ἀναλόγως
3073 3548 3182 3620 γὰρ
3210 3548 3392 3612 καθώς
3425 3552 3542 3601 ἐστι
3576 3550 3641 3601 τὸ
3664 3550 3749 3613 ὃν,

2149 3638 2290 3692 κατὰ
2336 3638 2495 3690 τοῦτο
2530 3637 2749 3691 καὶτοῦ
2784 3638 2943 3691 Θείου
2996 3638 3236 3708 μετέχει·
3286 3639 3336 3689 εί
3379 3638 3476 3706 μὲν
3534 3638 3750 3706 ἄψυχόν

2148 3731 2284 3795 ἐστι,
2316 3728 2415 3800 τὴν
2444 3728 2704 3797 όντότητα
2729 3728 2895 3798 μόνην
2924 3727 3058 3798 ἔχει·
3095 3729 3144 3779 εί
3173 3727 3231 3779 δὲ
3260 3724 3421 3789 ζῶον,
3453 3726 3549 3778 καὶ
3570 3727 3749 3797 αὐτὴν

2148 3822 2245 3892 τὴν
2270 3820 2436 3893 ζωήν·
2472 3822 2523 3874 εί
2550 3820 2607 3875 δὲ
2651 3822 2747 3873 καὶ⁸
2786 3819 3022 3887 λογικὸν,
3060 3820 3155 3871 καὶ
3184 3817 3316 3870 αὐτὸ
3348 3818 3409 3870 τὸ
3438 3816 3660 3886 λογικόν
3684 3836 3750 3870 τε

2148 3916 2243 3967 καὶ
2298 3916 2505 3986 νοερὸν,
2571 3913 2755 3976 καθὼς
2792 3911 3149 3983 παρακατιὼν
3192 3912 3393 3983 τίθησι.
3435 3911 3626 3965 Πάντα
3676 3912 3752 3964 τὰ

2148 4009 2277 4062 ὄντα
2318 4010 2499 4062 τοίνυν
2575 4010 2790 4081 μετέχει
2840 4010 2937 4080 τῆς
2985 4008 3136 4071 θείας
3194 4006 3473 4078 προνοίας,
3526 4008 3591 4059 ὲκ
3640 4006 3751 4075 τῆς

2148 4100 2472 4171 ὑπερουσίου
2510 4100 2762 4171 θεότητος
2809 4098 3159 4171 ἐκχεομένης.
3208 4098 3305 4151 Ἐκ
3354 4098 3547 4150 τούτου
3607 4096 3748 4168 γάρ,

2147 4191 2293 4259 λέγει
2344 4192 2437 4245 καὶ
2473 4194 2502 4245 ὁ
2540 4192 2799 4259 Θεολὸγος
2847 4192 3166 4262 Γρηγόριος,
3202 4190 3318 4244 ἀλλ’
3349 4191 3458 4243 ἔδει
3511 4188 3751 4259 χεθῆναι

2147 4284 2209 4336 τὸ
2242 4283 2467 4351 ἀγαθόν’
2501 4283 2641 4336 ὥστε
2688 4284 3060 4337 ἀνυπόστατον
3100 4283 3163 4336 τὸ
3195 4283 3365 4335 κακὸν
3400 4284 3495 4335 καὶ
3534 4281 3611 4353 μὴ
3656 4283 3746 4335 ὃν·

2148 4376 2334 4446 ἐπειδὴ
2368 4376 2441 4446 μὴ
2479 4375 2695 4446 μετέχει
2729 4375 2824 4428 τοῦ
2867 4376 3025 4441 Θεοῦ,
3068 4374 3211 4428 κατὰ
3262 4374 3520 4445 στέρησιν
3572 4374 3752 4440 ἕξεως

2150 4467 2488 4535 φαινόμενον,
2523 4464 2637 4517 ἀλλ’
2677 4466 2738 4517 οὐ
2796 4464 2899 4518 κᾶν
2928 4465 2990 4517 τὸ
3032 4465 3427 4536 πρωτοτύπως,
3475 4464 3552 4534 μὴ
3586 4465 3650 4517 ὃν
3686 4466 3751 4517 ὲν

2148 4558 2323 4629 οὐσίᾳ.
2356 4556 2479 4620 Πῶς
2513 4557 2621 4629 γὰρ
2651 4558 2718 4611 ἂν
2748 4553 2815 4629 ἦν
2857 4574 2909 4610 τι
2942 4558 3020 4624 ὃν,
3054 4560 3102 4609 εί
3134 4557 3207 4627 μὴ
3243 4560 3459 4627 μετεῖχε
3499 4557 3601 4625 τῆς
3630 4556 3752 4609 τῶν

471 4658 698 4726 plariter
723 4660 774 4711 in
815 4661 1054 4713 essentia
1085 4662 1373 4715 exsistens.
1407 4660 1686 4727 Quomodo
1710 4667 1853 4719 enim
1883 4667 2040 4735 quid-

2159 4649 2318 4702 5ντων
2364 4652 2585 4715 οὺσίας;
2624 4651 2788 4703 Ὄντα
2839 4650 2896 4702 δὲ
2942 4649 3174 4703 ἐνταῦθα
3221 4650 3369 4717 λέγει
3420 4650 3522 4720 τὴν
3573 4650 3751 4717 ἁγίαν

471 4766 635 4817 quam
668 4759 809 4818 erat,
860 4753 905 4805 si
956 4768 1139 4806 rerum
1183 4756 1472 4808 essentiam
1503 4771 1844 4827 nequaquam
1879 4760 2048 4828 parti-

470 4840 723 4908 cipabat?
750 4843 1107 4899 Exsistentem
1128 4855 1309 4898 autem
1340 4855 1499 4900 vocat
1530 4847 1615 4902 hic
1637 4850 2039 4906 sanctissimam

475 4930 833 4999 Trinitatem;
868 4949 991 5002 qua:
1043 4952 1165 4990 cum
1217 4950 1757 4999 rerum,creatarum
1788 4942 1858 4996 sit
1884 4958 2044 4998 crea-

472 5021 607 5086 trix,
646 5033 700 5076 et
729 5023 1082 5092 principium,
1114 5034 1169 5079 et
1202 5040 1390 5093 causa,
1437 5026 1505 5080 ab
1534 5028 1599 5080 iis
1637 5028 1772 5097 ipsis
1801 5045 1919 5097 quae
1955 5045 2050 5100 per

472 5113 646 5182 ipsam
675 5112 730 5167 in
756 5113 930 5167 lucem
962 5115 1305 5183 prodierunt,
1338 5117 1659 5187 participari
1691 5119 1911 5173 dicitur.

543 5206 675 5273 Qua:
723 5206 906 5272 itaque
936 5206 1236 5259 inanimata
1270 5218 1397 5260 sunt
1431 5209 1613 5261 omnia
1637 5250 1652 5275 ,
1700 5224 1825 5262 cum
1861 5210 2038 5264 solum

470 5302 603 5367 sint,
639 5300 978 5367 participant
1024 5298 1268 5352 divinum
1301 5299 1510 5355 Numen
1557 5305 1863 5358 secundum
1896 5320 2040 5369 esse,

472 5406 791 5463 quanquam
832 5407 999 5462 supra
1044 5394 1177 5447 illud
1222 5410 1347 5449 esse
1391 5397 1461 5450 sit
1507 5397 1720 5452 Numen
1760 5398 1888 5463 Dei;
1924 5414 2045 5467 quae

474 5502 608 5541 vero
642 5484 858 5551 vivunt,
910 5497 1278 5556 praeterquam
1312 5492 1457 5556 quod
1488 5490 1821 5559 participent
1847 5493 2046 5545 entita-

478 5587 583 5632 tetn
613 5618 628 5645 ,
669 5578 779 5631 vim
824 5593 1044 5647 quoque
1087 5579 1361 5636 viviﬁcam
1414 5596 1480 5636 ac
1525 5582 1763 5637 divinam
1815 5584 2047 5653 partici-

579 5705 621 5731 "'
651 5696 794 5751 Psal.
838 5712 1104 5760 cxxxvm,
1153 5698 1207 5751 6.

550 5795 625 5863 (9)
665 5792 796 5849 Vide
822 5796 950 5850 Sch.
986 5794 1042 5851 S.
1080 5793 1219 5848 Max.
1270 5802 1313 5848 ι.
1341 5794 1405 5863 ΙΙ,
1429 5811 1479 5849 (τ.
1511 5794 1561 5847 4.

2156 4741 2382 4811 Τριάδα,
2412 4743 2534 4812 ἥτις
2560 4742 2669 4795 τῶν
2691 4740 2924 4795 κτιστῶν
2953 4737 3087 4794 οὖσα
3117 4741 3471 4811 δημιουργὸς,
3503 4743 3598 4793 καὶ
3651 4743 3752 4813 ἀρ-

2149 4835 2241 4905 χὴ,
2274 4836 2367 4886 καὶ
2409 4834 2573 4897 αἰτία,
2610 4833 2667 4899 ἐξ
2700 4833 2879 4886 αὐτῶν
2907 4833 3017 4886 τῶν
3060 4833 3188 4904 παρ’
3223 4832 3395 4903 αὐτῆς
3421 4834 3503 4895 εἰς
3548 4833 3750 4886 ουσίαν

2151 4926 2413 4979 ἐλθόντων
2446 4926 2766 4996 μετέχεσθαι
2788 4926 3024 4994 λέγεται.

2229 5228 2310 5280 Τὰ
2347 5227 2443 5297 μὲν
2478 5221 2567 5280 οὖν
2600 5227 2781 5296 ἄψυχα
2832 5226 3040 5290 πάντα,
3084 5224 3206 5277 ἐπεὶ
3242 5224 3401 5294 μόνον
3429 5221 3561 5272 ὄντα
3599 5219 3747 5278 εἰσὶ,

2157 5317 2371 5387 μετέχει
2393 5315 2486 5369 τοῦ
2510 5314 2668 5368 Θείου
2708 5314 2850 5368 κατὰ
2889 5316 2951 5368 τὸ
2998 5312 3137 5367 εἶναι
3176 5316 3270 5367 καὶ
3292 5311 3430 5365 καθὸ
3456 5311 3599 5371 εἱσι,
3640 5307 3749 5361 κᾶν

2151 5407 2246 5459 καὶ
2270 5406 2409 5476 ὑπὲρ
2431 5407 2490 5458 τὸ
2531 5402 2668 5459 εἷναί
2695 5407 2808 5457 ἐστι
2840 5404 2901 5458 τὸ
2941 5404 3095 5457 Θεῖον
3116 5422 3129 5434 ο
3159 5404 3227 5456 τὰ
3251 5403 3309 5454 δὲ
3343 5402 3524 5466 ζῶντα
3545 5440 3559 5461 ,
3607 5398 3753 5469 πρὸς

2151 5496 2229 5567 τῷ
2273 5497 2516 5567 μετέχειν
2540 5497 2631 5549 τοῦ
2668 5493 2837 5561 εἷναι,
2883 5498 3171 5569 μετέχουσι
3216 5496 3312 5549 καὶ
3344 5494 3447 5563 τῆς
3473 5489 3750 5556 ζωοποιοῦ

2162 5585 2256 5637 καὶ
2303 5585 2454 5650 θείας
2487 5587 2801 5658 δυνάμεως,
2833 5590 2881 5641 εί
2915 5591 3008 5642 καὶ
3038 5589 3181 5658 ὑπὲρ
3208 5588 3390 5641 πᾶσαν
3418 5584 3567 5654 ζωήν
3604 5584 3749 5635 ἐστι*
