3908 6232
208 377 313 432 189

706 375 794 431 DE
827 376 1149 433 αιΕιΕδτι
1184 375 1624 443 HIERARCBIA,
1659 377 1809 433 CAP.
1852 377 1938 435 IV.
1996 412 2063 421 —
2086 380 2441 437 PARAPHR.
2481 378 2950 435 PACHYMERE.
3352 381 3456 430 ibt.

204 495 275 548 τὰ
299 494 360 548 δὲ
385 492 599 561 λογικὰ,
640 494 784 566 άπερ
810 495 977 565 ἐσμὲν
1009 495 1196 565 ἡμεῖς,
1225 495 1319 549 καὶ
1345 494 1526 567 νοερὰ,
1557 496 1705 568 ἅπερ
1737 498 1781 548 oi

1893 505 2058 566 pant,
2111 496 2333 550 tametsi
2391 495 2507 549 haec
2556 510 2772 564 quoque
2819 510 2981 563 supra
3032 510 3246 550 omnem
3293 496 3460 549 vitam

205 587 455 657 ἄγγελοι,
482 587 767 659 μετέχουσι
791 589 890 659 τῆς
911 587 1231 652 αὐτοτελοῦς
1260 589 1449 657 σοφίας
1465 606 1478 619 ο
1504 588 1663 643 τοῦτο
1683 589 1790 662 γάρ

206 683 326 733 ἐστι
359 681 517 750 λόγος
554 681 650 733 καὶ⁵
684 680 867 749 νόησις
897 680 990 734 τοῦ
1031 681 1164 734 Θεοῦ
1185 722 1200 745 ,
1252 683 1357 736 κᾶν
1390 681 1484 736 καὶ
1527 682 1668 754 ὑπὲρ
1698 681 1790 736 τὸν

205 772 366 841 λάτον
393 774 489 827 καὶ
512 770 635 825 νοῦν
658 773 775 825 ἐστι
804 772 995 827 ταῦτα.
1018 774 1361 845 Ποριζὸμεθα
1390 776 1567 829 τοίνυν
1591 778 1654 828 ἐκ
1675 775 1792 828 τού-

203 883 338 929 των,
365 866 447 918 ὅτι
470 864 538 918 τὰ
561 863 724 935 νοερὰ
748 864 964 928 πάντως
985 865 1062 936 τῷ
1090 865 1209 937 Θεῷ
1233 865 1592 936 πλησιάζουσι
1611 884 1623 897 ’
1656 885 1787 939 μετ-

208 955 397 1025 έχουσι
449 955 558 1027 γὰρ
596 954 763 1009 αὐτοῦ
798 957 1079 1026 πολλαχῶς
1111 958 1204 1011 καὶ
1238 958 1379 1011 κατὰ
1402 957 1463 1011 τὺ
1490 955 1627 1012 εἶναι
1647 999 1662 1022 ,
1698 960 1791 1012 καὶ

205 1045 354 1099 κατὰ
386 1045 449 1099 τὸ
475 1046 605 1117 ζῇν,
642 1048 739 1100 καὶ
775 1045 916 1100 κατὰ
938 1048 999 1101 τὸ
1022 1047 1216 1118 λογικὰ
1255 1046 1415 1115 εἶναι,
1450 1051 1543 1104 καὶ
1581 1050 1660 1104 ἔτι
1695 1053 1790 1107 κα)⁸

204 1139 391 1211 νοερά.

276 1410 308 1483 §
345 1412 406 1467 ll.
445 1414 511 1467 Αί
542 1414 673 1485 γοῦν
699 1416 853 1483 ἆγιαι
881 1416 972 1470 καὶ
997 1416 1244 1487 οὐράνιαι
1271 1415 1791 1489 διακοσμήσειςςκαὶ

200 1506 351 1576 ὑπὲρ
382 1506 453 1559 τὰ
482 1508 657 1577 μόνως
681 1508 809 1561 ὄντα
839 1510 907 1561 τά
941 1509 1155 1579 ἄψυχα,
1191 1511 1285 1563 καὶ
1318 1511 1458 1583 ὑπὲρ
1483 1510 1551 1563 τά
1582 1512 1791 1580 ἀλόγως

200 1598 386 1662 ζῶντα
410 1640 425 1662 ,
457 1599 550 1652 καὶ
575 1600 716 1672 ὑπὲρ
746 1600 817 1654 τὰ
853 1600 972 1654 καθ’
997 1602 1146 1671 ἡμᾶς
1186 1601 1379 1671 λογικά
1408 1604 1535 1666 τοὺς
1578 1602 1789 1674 ἀνθρώ-

202 1708 345 1754 πους
360 1708 373 1720 ’
395 1690 469 1743 τὰ
495 1694 594 1762 μὲν
616 1692 725 1765 γάρ
750 1693 946 1764 μόνως,
968 1693 1037 1746 τὰ
1058 1693 1115 1746 δὲ
1136 1693 1349 1758 διττῶς,
1374 1695 1443 1748 τά
1463 1695 1520 1749 δέ
1560 1694 1790 1767 τριττῶς

198 1783 303 1852 τῆς
330 1779 488 1847 θείας
517 1785 807 1855 μετέχουσι
846 1787 1168 1853 διαδόσεωςο
1215 1791 1272 1842 αί
1317 1789 1447 1857 γοῦν
1479 1789 1661 1861 νοεραὶ
1699 1789 1791 1841 καὶ

1892 590 2149 655 exsistat;
2187 606 2308 658 qua:
2334 605 2472 644 vero
2507 589 2792 645 rationalia
2821 598 2970 653 sunt,
3001 590 3079 643 uti
3112 606 3231 654 nos,
3264 600 3317 645 et
3348 590 3461 658 spi-

1893 683 2071 735 ritalia
2097 723 2112 746 ,
2157 684 2306 737 sicut
2354 682 2573 752 angeli,
2603 692 2885 751 compotes
2920 691 3046 736 sunt
3079 682 3247 751 ipsius
3276 697 3372 749 per
3403 698 3461 736 se

1892 775 2143 845 perfecta:
2170 776 2486 844 sapientiae,
2524 776 2795 844 siquidem
2853 775 2967 829 haec
3006 776 3147 830 ratio
3175 784 3259 831 est
3289 782 3342 829 et
3376 776 3462 829 in—

1877 868 2129 929 tellectio
2170 869 2304 932 Dei,
2340 868 2465 922 licet
2497 867 2657 921 simul
2690 868 2764 921 sit
2803 882 2966 938 supra
2996 870 3260 923 rationem
3290 878 3343 924 et
3372 871 3458 923 in-

1894 958 2268 1028 telligentiam.
2319 960 2395 1013 Ex
2451 961 2539 1015 his
2586 962 2769 1030 itaque
2820 961 3233 1029 prmstantiores
3276 962 3461 1017 evadi-

1893 1067 2039 1111 mus,
2073 1053 2333 1121 quoniam
2384 1053 2655 1120 spiritalia
2713 1050 2827 1107 Deo
2879 1066 3107 1120 prorsus
3160 1052 3459 1122 appropin-

1891 1152 2095 1213 quant;
2127 1145 2399 1213 siquidem
2456 1146 2636 1213 ipsum
2688 1145 3064 1215 multipliciter
3111 1146 3458 1215 participant,

1890 1243 2002 1290 tum
2035 1238 2177 1305 quod
2206 1238 2316 1291 sint
2350 1245 2465 1291 tum
2495 1239 2638 1307 quod
2668 1239 2875 1303 vivant,
2909 1247 3020 1293 tum
3050 1238 3195 1309 quod
3222 1240 3462 1293 rationa—

1891 1327 1962 1381 lia
1993 1328 2103 1380 sint
2133 1337 2297 1396 atque
2329 1328 2555 1397 insuper
2591 1330 2880 1398 spiritalia.

1963 1415 1990 1488 ς
2022 1415 2084 1469 l‘l.
2123 1418 2335 1472 Sanctae
2363 1418 2529 1486 igitur
2552 1420 2912 1490 caelestesque
2945 1420 3338 1489 dispositiones
3366 1436 3458 1474 su-

1894 1521 2089 1577 perant
2117 1524 2178 1563 ea
2209 1526 2329 1578 qua:
2357 1512 2535 1566 solum
2559 1522 2686 1565 sunt
2716 1513 3030 1580 inanimata,
3061 1525 3223 1580 atque
3251 1526 3313 1565 ea
3341 1528 3460 1582 quae

1890 1600 2010 1654 siue
2042 1601 2247 1655 ratione
2279 1603 2474 1657 vivunt
2505 1618 2605 1657 nec
2656 1619 2765 1659 non
2798 1620 2861 1659 ea
2892 1620 3014 1673 quae
3047 1606 3327 1660 nobiscum
3360 1606 3461 1659 bo-

1892 1693 2129 1748 niinibus
2163 1696 2378 1749 ratione
2421 1705 2724 1765 reguntur:
2764 1697 2857 1751 illa
2894 1697 3165 1767 siquidem
3194 1698 3458 1768 simplici-

1893 1795 1996 1849 ter,
2026 1787 2127 1841 ista
2158 1788 2474 1857 dupliciter,
2516 1800 2682 1859 atque
2730 1791 2845 1844 haec
2882 1790 3171 1859 tripliciter
3215 1790 3460 1844 divinum

197 1874 457 1944 οὐράνιαι
496 1876 777 1947 τετραχῶς
824 1895 884 1931 τε
918 1880 1013 1931 καὶ
1057 1879 1339 1949 πολλαχῶς
1379 1881 1584 1950 ταύτης
1628 1880 1781 1950 μετέ-

1894 1896 2090 1933 munus
2121 1882 2478 1951 participant;
2528 1884 2622 1937 sed
2654 1883 2928 1950 Spiritales
2960 1883 3076 1936 istac
3102 1882 3462 1950 caelestesque

197 1984 379 2036 χουσι.
417 1968 571 2031 Τέως
601 1986 664 2037 γε
692 1970 788 2041 μὴ,
816 1969 1008 2041 ὥσπερ
1034 1972 1119 2039 ἐφ’
1147 1971 1301 2042 ἡμῶν
1324 1972 1471 2026 ἔστιν
1528 1974 1674 2039 ἰδεῖν,
1708 1976 1790 2028 ὅτι

196 2059 263 2110 ἐκ
296 2057 410 2111 τῶν
439 2059 764 2130 κρειττόνων
798 2060 1069 2132 λεγόμεθα
1088 2101 1103 2125 ,
1132 2064 1226 2116 καὶ
1257 2063 1603 2134 κυριωτέρως
1640 2064 1791 2134 λεγό-

200 2152 348 2221 μεθα
386 2151 599 2220 λογικοὶ
622 2153 752 2224 παρ’
779 2153 807 2205 ὃ
837 2151 951 2216 ζῶα
970 2194 985 2213 ,
1020 2153 1053 2225 ἢ
1080 2156 1174 2208 καὶ
1204 2155 1359 2219 ὄντα,
1389 2154 1532 2208 οὕτω
1569 2159 1663 2211 καὶ
1696 2158 1789 2211 ἐπὶ

196 2241 314 2295 τῶν
341 2242 504 2296 θείων
527 2244 812 2315 δυνάμεων
832 2263 846 2277 ·
875 2248 968 2300 καὶ
988 2247 1117 2300 ὄντα
1144 2249 1251 2319 γάρ
1277 2249 1415 2301 εἰσιν
1439 2250 1671 2313 ἐκεῖναι,
1697 2252 1790 2303 καὶ

197 2332 340 2396 ζῶσι
360 2376 374 2397 ,
401 2336 498 2388 καὶ
520 2335 733 2404 λογικαί
779 2338 920 2392 εἰσιν
938 2380 951 2403 ,
979 2339 1093 2392 ἀλλ’
1118 2340 1270 2411 ὅμως
1311 2342 1494 2412 νοεραὶ
1521 2341 1784 2411 λέγονται.

194 2424 313 2477 Καὶ
341 2423 534 2497 ὥσπερ
560 2427 708 2495 ἡμᾶς
754 2428 1006 2497 σεμνύνει
1036 2429 1100 2482 τὸ
1126 2429 1268 2482 κατά
1290 2428 1446 2500 λόγον
1488 2433 1786 2497 κινεῖσθαι,

194 2514 345 2568 οὕτω
391 2517 678 2581 κάκείναις
727 2520 827 2589 τὴν
873 2519 1236 2591 θεομιμησίαν
1277 2524 1539 2596 παρέχει,
1586 2527 1790 2596 νοερῶς

194 2608 574 2678 κινουμέναις,
604 2612 697 2664 καὶ
721 2611 859 2682 πρὸς
889 2614 989 2683 τὴν
1014 2612 1311 2686 θεαρχικὴν
1332 2616 1569 2688 ὁρώσαις
1591 2618 1790 2691 ὁμοίω-

196 2717 319 2761 σιν,
361 2702 615 2755 κάκεῖθεν
666 2705 981 2774 ἐφιεμέναις
1018 2708 1258 2779 μορφοῦν
1298 2711 1360 2765 τὸ
1385 2713 1567 2783 νοερὸν
1609 2715 1789 2769 αὐτῶν

192 2787 339 2855 εἶδος
359 2810 374 2822 ·
411 2795 508 2847 καὶ
529 2793 617 2847 διὰ
647 2795 805 2850 τοῦτο
839 2799 933 2851 καὶ
956 2801 1209 2868 πλείονας
1233 2805 1459 2870 εἰκότως
1482 2807 1663 2879 ἔχουσι
1689 2806 1789 2870 τὰς

193 2884 341 2952 πρὸς
365 2886 538 2957 αὐτὴν
572 2888 879 2954 κοινωνίας,
907 2889 984 2955 ὡς
1006 2888 1187 2958 οὖσαι,
1212 2896 1290 2960 ὡς
1314 2896 1509 2963 ζῶσαι,
1542 2899 1618 2963 ὡς
1643 2899 1789 2969 λογι-

192 2976 314 3039 καὶ,
342 2977 440 3029 καὶ
470 2976 555 3030 ἔτι
587 2978 664 3041 ὡς
689 2982 873 3051 νοεραὶ
914 2983 1009 3036 καὶ
1042 2989 1329 3057 προσεχεῖς
1365 2989 1657 3057 μένουσαι,
1693 2992 1787 3045 καὶ

188 3069 252 3120 οὑ
278 3068 736 3141 διεσκεδασμέναι
782 3074 923 3128 κατὰ
947 3076 1047 3149 τὴν
1075 3077 1331 3150 διάφορον
1354 3080 1579 3155 γνώμην
1600 3122 1613 3147 ,
1648 3084 1787 3156 ὅπερ

189 3164 347 3216 ἐστὶν
368 3164 429 3215 ἐν
456 3164 586 3233 ἡμῖν
614 3164 685 3235 (oi
708 3165 817 3239 γὰρ
845 3170 903 3222 ἐν
925 3168 1045 3239 Θεῷ
1075 3170 1248 3237 ὄντες,
1278 3176 1617 3246 συνημμένοι
1646 3178 1782 3240 είσὶ,

188 3253 383 3318 καθὼς
434 3257 528 3310 καὶ
564 3257 716 3329 παρὰ
762 3259 872 3313 τῶν
926 3260 1085 3317 θείων
1129 3263 1364 3335 Γραφῶν
1401 3266 1742 3339 μανθάνομεν
1765 3284 1780 3299 '

187 3347 281 3398 ὅτε
319 3347 434 3419 γάρ
459 3348 602 3401 κατά
624 3350 828 3421 κόσμον
858 3351 1050 3423 ἔμελλε
1090 3355 1356 3411 κινεῖσθαι
1379 3358 1408 3409 ὁ
1433 3358 1649 3426 πρῶτος
1674 3359 1784 3414 τῶν

193 3439 488 3510 μαθητῶν,
518 3440 693 3510 ἔλεγεο
729 3442 964 3515 Ὑπάγω
992 3448 1277 3514 ἁλιεύειν,
1318 3451 1590 3522 δηλονότι,
1620 3452 1785 3524 χωρί-

189 3531 361 3601 ζομαι
386 3533 449 3599 ἐξ
472 3535 627 3604 ὑμῶν
646 3554 659 3568 ι
687 3539 777 3591 ὅτε
801 3539 860 3592 δὲ
892 3540 1177 3594 ἐπίστευον
1204 3544 1254 3595 οί
1288 3544 1664 3609 πιστεύοντες,
1687 3546 1783 3599 καὶ

189 3623 335 3677 κατὰ
360 3624 498 3679 Θεὸν
521 3622 681 3697 ἦσαν·
719 3624 940 3693 Ἦσαν,
976 3634 1170 3704 φησὶν,
1205 3635 1305 3688 ἐπὶ
1345 3636 1411 3689 τὸ
1440 3636 1587 3691 αὐτὸ
1639 3652 1784 3692 συν-

189 3715 488 3787 ηγμένοι),
530 3719 627 3771 καὶ
678 3720 766 3773 ἀεὶ
790 3721 1204 3793 ἁνατεινόμεναι
1227 3725 1364 3796 πρὸς
1385 3727 1447 3779 τὸ
1468 3726 1697 3791 ἄναντες
1723 3728 1782 3780 ἐν

190 3810 446 3882 συντονίᾳ
482 3811 580 3864 τοῦ
616 3812 761 3867 θείου
788 3814 880 3868 καὶ
910 3816 1164 3881 ἀκλινοῦς
1190 3818 1410 3890 ἔρωτος.
1438 3820 1535 3883 Τίς
1573 3820 1685 3892 γάρ
1721 3819 1780 3886 ἐξ

190 3899 349 3969 ἡμῶν
382 3901 621 3972 ἐζήτησε
651 3902 869 3959 πώποτε
890 3946 903 3970 ,
928 3909 1021 3961 καὶ
1066 3908 1254 3978 ἔφεσιν
1278 3909 1403 3981 έσχε
1423 3951 1439 3973 ,
1475 3911 1659 3981 βοείαν
1696 3911 1781 3966 δέ·

188 3988 390 4061 ξασθαι
431 3992 667 4062 κίνησιν,
696 3995 729 4066 ἢ
757 3996 904 4050 λίθου
930 4001 1053 4053 τινὰ
1082 3999 1353 4071 ἰδιότητας
1385 4003 1521 4057 ἀλλά
1557 4004 1781 4070 πάντως

190 4080 221 4149 ὴ
251 4080 442 4149 ἔφεσις
463 4083 558 4135 ἐπὶ
582 4084 644 4137 τὸ
670 4083 893 4149 ἄναντές
923 4090 1058 4143 ἐστι.
1088 4092 1259 4145 Τοῦτό
1281 4094 1397 4147 ἐστι
1423 4095 1518 4148 καὶ
1541 4095 1633 4150 ἐπὶ
1657 4100 1777 4160 ταῖς

188 4171 513 4239 άγγελικαῖς
545 4176 641 4229 καὶ
682 4176 854 4242 θείαις
882 4180 1212 4252 δυνάμεσιν,
1241 4185 1329 4238 ἀεὶ
1372 4187 1467 4239 καὶ
1504 4187 1767 4255 ἐφίενται,

189 4264 281 4315 καὶ
306 4263 647 4334 εἰσδέχονται
671 4266 770 4331 τὰς
799 4270 1033 4341 ἀρχικὰς
1052 4274 1145 4327 καὶ
1168 4273 1317 4339 θείας
1341 4275 1656 4348 ἐλλάμψεις,
1681 4278 1777 4334 καὶ

1892 1982 2103 2025 naturae
2138 1973 2573 2040 quadrupliciter
2620 1988 2684 2028 ac
2738 1974 3126 2042 multipliciter
3160 1972 3276 2039 ejus
3311 1989 3456 2027 com-

1891 2073 2047 2130 potes
2102 2065 2396 2121 exsistunt.
2454 2065 2676 2119 Interim
2733 2065 3461 2135 minime,quemadmodum

1890 2156 2047 2210 nobis
2102 2171 2201 2210 usu
2248 2158 2393 2210 venit
2447 2167 2613 2228 utet
2662 2159 2911 2227 partibus
2963 2156 3322 2212 nobilioribus
3368 2173 3461 2225 ap-

1889 2246 2155 2316 pellemur
2183 2286 2199 2312 ,
2245 2256 2300 2302 et
2334 2249 2506 2317 magis
2546 2250 2763 2318 proprie.
2793 2250 3025 2304 rationis
3056 2259 3340 2315 compotes
3373 2250 3459 2303 di-

1889 2354 2078 2393 camur
2106 2356 2268 2408 quam
2302 2340 2384 2393 vel
2415 2341 2694 2403 animalia,
2723 2341 2807 2395 vel
2830 2342 2995 2407 entia,
3019 2343 3091 2394 ita
3125 2342 3287 2395 etiam
3316 2343 3462 2397 circa

1890 2430 2145 2486 etelestes
2178 2431 2300 2485 illas
2333 2432 2560 2485 virtutes
2592 2433 2808 2501 agitur;
2855 2441 2982 2486 sunt
3033 2446 3262 2500 namque
3291 2432 3460 2498 entia,

1888 2532 1942 2577 et
1972 2524 2185 2588 vivunt,
2216 2533 2271 2577 et
2302 2523 2514 2577 ratione
2548 2524 2779 2592 pollent,
2828 2530 2882 2577 et
2914 2522 3269 2576 nihilominus
3300 2522 3463 2576 simul

1887 2614 2162 2685 Spiritales
2193 2625 2609 2684 nuncupantur.
2644 2615 2713 2668 Et
2761 2615 2907 2669 sicut
2953 2614 3113 2669 nobis
3157 2613 3301 2668 laudi
3353 2622 3460 2677 est,

1888 2707 2186 2763 secundum
2217 2707 2482 2760 rationem
2517 2706 2755 2771 moveri;
2791 2706 2864 2759 ita
2898 2720 3115 2775 quoque
3147 2704 3253 2759 illis
3300 2704 3462 2774 spiri-

1897 2797 2077 2852 taliter
2109 2797 2291 2861 motis,
2320 2806 2375 2851 et
2406 2800 2474 2851 ad
2508 2796 2749 2851 divinam
2783 2798 3157 2866 spectantibus
3204 2795 3464 2850 similitu-

1888 2888 2097 2954 dinem,
2126 2889 2362 2960 indeque
2384 2890 2689 2960 spiritalem
2722 2904 2876 2944 suam
2907 2890 3146 2959 speciem
3175 2887 3462 2944 eﬂ‘ormare

1888 2979 2272 3050 cupientibus,
2326 2982 2566 3037 divinam
2619 2981 2811 3036 tribuit
2865 2981 3265 3044 imitationem;
3324 2994 3462 3048 qua-

1887 3082 2109 3141 propter
2136 3075 2301 3128 etiam
2344 3074 2542 3128 merito
2576 3073 2631 3127 in
2662 3072 2909 3142 pluribus
2934 3087 3057 3125 cum
3088 3071 3279 3125 eadem
3308 3085 3458 3125 com-

1890 3167 2199 3233 municant,
2228 3177 2492 3237 tanquam
2515 3170 2871 3235 exsistentes,
2903 3178 3160 3236 tanquam
3194 3168 3458 3233 viventes,

1891 3267 2145 3329 tanquam
2188 3260 2487 3316 rationales
2519 3271 2686 3331 atque
2734 3263 2957 3330 insuper
2989 3270 3246 3330 tanquam
3296 3261 3461 3330 spiri-

1888 3349 2020 3404 tales
2066 3359 2232 3419 atque
2275 3350 2510 3405 assiduae
2540 3359 2851 3417 manentes,
2884 3359 2940 3405 et
2972 3366 3317 3420 nequaquam
3347 3350 3458 3405 dis-

1886 3450 2071 3495 tractae
2122 3456 2219 3510 per
2261 3442 2531 3497 diversam
2559 3443 2886 3497 sententiam
2927 3444 3007 3497 uti
3063 3443 3221 3499 nobis
3256 3443 3458 3498 aeeidit

1884 3534 1997 3603 (qui
2028 3534 2174 3588 enim
2206 3534 2258 3588 in
2293 3534 2405 3589 Deo
2436 3543 2601 3599 sunt,
2631 3536 2847 3590 collecti
2878 3544 3024 3600 sunt,
3056 3536 3200 3590 sicut
3223 3550 3290 3590 ex
3319 3536 3458 3589 divi-

1883 3626 1968 3680 nis
1999 3624 2235 3696 Scriptis
2273 3627 2666 3695 intelligimus;
2696 3629 2915 3697 quando
2946 3628 3092 3683 enim
3125 3630 3336 3699 primus
3367 3628 3459 3683 ille

1881 3716 2395 3789 “discipulorum
2418 3722 2712 3775 secundum
2741 3720 3000 3775 mundum
3031 3721 3455 3775 commovendus

1881 3820 1999 3863 erat
2028 3811 2246 3865 dicebat
2278 3830 2292 3867 :
2341 3811 2489 3866 Vada
2517 3814 2781 3883 piscari”,
2816 3814 2866 3867 id
2914 3822 3020 3877 est,
3052 3814 3272 3868 discedo
3299 3829 3328 3866 a
3359 3828 3455 3866 vo-

1881 3902 1965 3957 bis
1992 3920 2006 3957 :
2031 3904 2248 3971 quando
2278 3914 2461 3960 autem
2485 3905 2783 3959 credebant
2810 3905 3015 3969 lideles,
3042 3914 3099 3958 et
3123 3906 3262 3970 apud
3286 3904 3453 3960 Deum

1881 4002 2059 4059 erant,
2088 3993 2283 4061 Erant,
2308 3996 2511 4065 inquit,
2541 3996 2597 4049 in
2628 4012 2792 4050 unum
2825 3996 3075 4065 collecti),
3123 4006 3179 4050 et
3206 3995 3273 4048 ad
3303 4003 3457 4049 ante-

1882 4086 2027 4141 riora
2066 4101 2286 4156 semper
2318 4102 2533 4141 summo
2561 4086 2731 4141 divini
2765 4096 2820 4141 et
2860 4086 3222 4141 indelicientis
3253 4085 3455 4138 amoris

1877 4180 2061 4236 studio
2081 4180 2324 4236 intentae.
2355 4179 2488 4245 Quis
2518 4181 2664 4235 enim
2694 4196 2724 4234 e
2756 4179 2911 4234 nobis
2936 4179 3187 4248 quaesivit
3212 4191 3451 4245 unquam

1878 4275 1963 4329 vel
1997 4273 2336 4329 desideravit
2370 4273 2624 4327 bovinum
2692 4285 2898 4327 motum
2927 4273 3195 4341 accipere,
3229 4270 3313 4323 vel
3351 4268 3452 4321 ali-

190 4354 322 4421 πρὸς
345 4354 454 4419 τὰς
477 4356 775 4428 ἐλλάμψεις
798 4361 1114 4429 τάττονται,
1144 4367 1239 4420 καὶ
1259 4369 1360 4439 τὴν
1382 4368 1527 4441 ζωὴν
1555 4370 1777 4427 ἅπασαν

1886 4379 2036 4434 quam
2073 4365 2268 4436 lapidis
2286 4365 2712 4437 proprietatem?
2734 4365 2828 4419 sed
2854 4380 3021 4419 omne
3044 4364 3267 4419 onnino
3298 4361 3446 4415 desi-

187 4443 399 4497 ἐαυτῶν
440 4447 637 4518 νοερὰν
668 4448 914 4520 ἔχουσιν·
955 4456 1012 4507 αἱ
1055 4454 1165 4527 γάρ
1216 4457 1393 4511 αὐτῶν
1424 4460 1602 4514 οὐσίαι
1651 4462 1777 4527 νοῦς

1886 4459 2083 4514 derium
2115 4460 2180 4514 ad
2210 4464 2495 4531 superiora
2549 4457 2745 4515 tetulit.
2780 4456 2895 4511 lloc
2931 4457 2985 4509 in
3010 4456 3274 4527 angelicis
3312 4468 3451 4523 quo-

187 4533 293 4597 ζῶν
324 4539 475 4591 ἐστι·
505 4539 595 4593 διά
616 4541 775 4597 τοῦτο
814 4546 928 4609 καὶ,
958 4547 1035 4611 ὼς
1069 4548 1171 4618 μὲν
1203 4555 1511 4621 προσεχεῖς,
1540 4553 1772 4625 πρώτως

1886 4567 1981 4620 que
2001 4552 2295 4608 virtutibus
2323 4554 2502 4611 locum
2538 4555 2724 4620 habet,
2759 4565 2885 4624 quze
2934 4564 3147 4617 semper
3174 4548 3339 4601 etiam
3367 4563 3455 4601 su-

186 4626 243 4677 ἐν
270 4630 542 4702 μετουσίᾳ
570 4632 809 4701 γίνονται
828 4654 841 4667 ·
869 4637 945 4701 ὡς
981 4638 1040 4692 δὲ
1068 4640 1271 4705 πολλὰς
1299 4641 1520 4713 ἔχουσαι
1540 4644 1640 4710 τὰς
1669 4646 1771 4716 τῆς

188 4719 483 4801 μετουσίας
540 4724 776 4791 φυσικάς
833 4729 1311 4801 ἐπιτηδειότητας,
1368 4734 1651 4806 πολλαχῶς
1711 4738 1770 4791 ἐν

186 4810 451 4882 μετουσίᾳ
471 4810 568 4865 τοῦ
595 4813 750 4869 Θείου
766 4816 1022 4885 γίνονται,
1048 4821 1138 4874 καὶ
1154 4832 1383 4894 πρώτως
1398 4826 1557 4880 πάλιν
1573 4828 1770 4882 πολλα-

182 4910 293 4979 χῶς
318 4911 710 4979 ἐξαγγέλλωσι
734 4917 834 4989 τὴν
856 4917 1153 4994 θεαρχικὴν
1175 4925 1536 4997 κρυφιότητα,
1564 4927 1645 4982 διὸ
1676 4931 1771 4986 καὶ

180 4999 407 5069 ἄγγελοι
441 5002 711 5072 λέγονται,
735 5008 852 5079 ἦτοι
876 5010 967 5065 διὰ
984 5013 1045 5066 τὸ
1066 5015 1167 5086 τὴν
1194 5015 1344 5071 θείαν
1362 5019 1457 5072 τοῦ
1481 5019 1617 5073 Θεοῦ
1642 5039 1772 5094 κρυ-

181 5095 419 5165 φιότητα
450 5096 804 5164 ἐκφαίνεσθαι
839 5101 907 5154 δι’
934 5103 1134 5169 αὐτῶν,
1179 5107 1261 5160 ὅτι
1287 5107 1383 5174 ὢν,
1417 5111 1499 5163 ὄτι
1526 5111 1654 5178 ζῶν,
1687 5114 1770 5167 ὅτι

180 5186 325 5250 νοῦς,
361 5188 415 5239 εὶ
448 5189 545 5241 καὶ
574 5190 715 5262 ὑπὲρ
736 5192 910 5247 ταῦτα
939 5196 1284 5268 άσυγκρίτως
1304 5202 1469 5268 ἐστὶν,
1498 5203 1531 5275 ἢ
1559 5205 1652 5259 καὶ
1675 5204 1765 5258 διά

178 5275 239 5329 τὸ
271 5277 341 5330 δι’
368 5278 555 5332 αὐτῶν
586 5282 717 5351 ἡμῖν
743 5282 1233 5358 διαπορθμεύεσθαι
1263 5291 1360 5362 τὴν
1396 5292 1545 5347 θείαν
1577 5294 1769 5367 βούλη-

183 5383 265 5421 σιν
280 5385 297 5400 ·
322 5369 475 5424 οὕτω
506 5370 616 5443 γὰρ
643 5375 735 5427 καὶ⁸
759 5377 788 5428 ὁ
812 5376 970 5449 νόμος
998 5379 1064 5433 δι’
1085 5381 1333 5450 ἀγγέλων
1357 5385 1591 5457 ἐλαλήθη
1624 5387 1768 5441 κατὰ

178 5459 269 5514 τὸν
309 5461 495 5531 μέγαν
528 5462 848 5541 ’Δτ-ιόστολον
865 5511 880 5535 ,
904 5470 999 5523 καὶ
1021 5472 1148 5536 τοὺς
1180 5473 1424 5540 ἐνδόξους
1445 5477 1554 5549 πρὸ
1578 5478 1765 5549 νόμου,

179 5550 252 5621 ὡς
297 5553 393 5608 τὸν
435 5553 689 5628 ’Δόραάμ
717 5560 811 5612 καὶ
835 5559 926 5614 τὸν
958 5562 1159 5617 Μανωὲ
1178 5603 1194 5630 ,
1238 5567 1482 5632 καὶτοὺς
1512 5569 1763 5634 λοιπούςο

179 5644 272 5696 καὶ
299 5644 446 5717 μετὰ
469 5646 655 5720 νόμον,
680 5650 757 5715 ὡς
780 5651 872 5707 τὸν
886 5652 1101 5729 Ἰωσὴφ,
1118 5657 1209 5713 τὸν
1238 5658 1461 5733 Πέτρον,
1478 5661 1604 5726 τοὺς
1630 5662 1764 5719 καθ-

243 5827 458 5883 =Joan.
507 5844 622 5898 ut,
662 5846 715 5904 δ,

1878 4645 2096 4714 periora
2122 4656 2405 4717 appetunt,
2426 4658 2480 4702 et
2507 4648 2883 4717 primordiales
2902 4657 3068 4718 atque
3096 4642 3309 4701 divinas
3330 4656 3448 4702 sui-

1877 4737 2087 4806 cipiunt
2114 4737 2521 4806 illustrationes,
2540 4749 2595 4794 et
2637 4741 2933 4795 secundum
2962 4740 3086 4793 illas
3102 4740 3444 4808 ordinantur,

1876 4843 2204 4898 omnemque
2236 4830 2400 4883 vitam
2450 4845 2603 4886 suam
2660 4832 2863 4886 habent
2893 4832 3236 4898 Spiritalem:
3272 4833 3445 4901 siqui-

1879 4921 2001 4975 dem
2030 4935 2220 4975 eorum
2252 4932 2462 4991 natura:
2520 4929 2648 4977 sunt
2679 4923 2801 4977 viva
2857 4923 3104 4993 quaedam
3144 4938 3325 4989 meus;
3360 4923 3443 4978 id-

1879 5013 2029 5067 circo
2051 5014 2236 5079 etiam,
2277 5023 2530 5082 tanquam
2560 5014 2793 5070 assiduae
2818 5017 3057 5086 quidem,
3092 5016 3320 5085 primam
3344 5017 3445 5070 ha-

1875 5101 2006 5157 bent
2057 5106 2531 5174 participationem
2578 5124 2592 5161 :
2637 5108 2692 5162 in
2742 5119 3009 5177 quantum
3057 5124 3187 5164 vero
3244 5110 3444 5166 multas

1876 5194 2080 5250 habent
2123 5197 2402 5266 naturales
2435 5202 2874 5256 communicandi
2903 5199 3225 5266 facultates,
3258 5204 3441 5257 multi-

1874 5289 2092 5359 pliciter
2137 5292 2305 5349 divini
2351 5296 2588 5351 numinis
2643 5303 2929 5352 consortes
2978 5296 3151 5360 ﬁunt;
3209 5294 3441 5365 ideoque

1873 5382 2099 5450 iterum,
2130 5388 2362 5455 primum
2389 5403 2457 5444 ac
2483 5389 2857 5460 multipliciter
2891 5390 3130 5445 divinum
3166 5388 3298 5442 illud
3344 5404 3439 5442 ar-

1875 5490 2070 5531 canum
2106 5481 2409 5543 enuntiant,
2442 5492 2665 5553 pr0pter
2693 5481 2836 5552 quod
2862 5490 2919 5537 et
2947 5481 3127 5551 angeli
3153 5481 3434 5535 dicuntur:

1873 5573 2131 5637 quoniam
2161 5588 2257 5643 per
2280 5573 2402 5629 illos
2428 5574 2668 5630 divinum
2699 5574 2829 5629 illud
2877 5573 2972 5628 Dei
3018 5579 3286 5626 secretum
3320 5584 3439 5623 ma-

1875 5661 2193 5733 nifestatur,
2224 5676 2305 5738 ut,
2330 5668 2474 5737 quod
2502 5668 2595 5736 sit,
2621 5667 2766 5738 quod
2795 5665 2962 5734 vivat,
2987 5664 3128 5735 quod
3160 5677 3312 5719 luens
3339 5664 3433 5731 sit,
