3908 6232
441 322 538 380 191

1600 321 1658 379 S.
1700 323 1996 383 DIONYSII
2027 323 2495 385 AREOPAGITE

3566 321 3677 381 I99.

442 436 654 494 tametsi
684 449 845 507 supra
875 435 965 492 illa
996 437 1113 494 sine
1135 438 1556 508 comparatioue'
1575 437 1677 493 sit:
1708 440 1792 492 vel
1820 440 2004 503 etiam,

2132 438 2240 509 ;ξῆς
2282 438 2523 509 πατέρας
2558 437 2730 509 ἡμῶν,
2757 436 2978 509 ἄγγελοι
3023 435 3159 509 πρὸς
3195 435 3257 491 τὸ
3286 435 3443 492 Θεῐον
3475 437 3681 508 ἀνῆγον

438 528 581 599 quod
616 543 713 599 per
742 528 866 585 illos
896 530 964 583 ad
1014 545 1115 586 nos
1160 531 1341 585 divina
1386 528 1639 585 voluntas
1689 528 2009 599 deferatur;

440 621 523 675 sic
572 617 718 673 enim
758 627 814 673 et
859 618 948 673 lex
1002 635 1099 690 per
1137 620 1360 689 angelos
1401 618 1741 689 promulgata
1795 627 1913 686 est,
1946 628 2009 673 ut

440 724 667 780 magnus
695 709 990 779 Apostolus
1014 718 1248 765 testatur
1277 728 1290 764 :
1321 722 1376 766 et
1401 710 1633 783 inclytos
1656 720 1781 766 ante
1810 711 2005 782 legem,

441 809 499 854 ut
525 798 799 855 Abraham
832 810 887 855 et
917 801 1108 855 Manue
1139 811 1504 870 caeterosque;
1567 811 1623 857 et
1666 809 1787 870 post
1814 802 2008 871 legem,

439 889 758 961 Josephum,
793 900 849 946 et
882 880 1129 956 Petrum,
1165 892 1515 962 reliquosque
1540 890 1733 947 Patres
1763 902 2004 956 nostros,

441 983 619 1055 angeli
668 985 734 1039 ad
766 985 1009 1041 divinam
1038 986 1370 1040 voluntatem
1399 987 1778 1047 deduxerunt,
1813 985 2010 1054 partim

440 1077 569 1147 quid
603 1078 867 1147 agendum
903 1087 1050 1132 esset
1096 1080 1409 1145 edocentes,
1437 1086 1493 1133 et
1524 1078 1593 1133 ab
1621 1092 1810 1133 errore
1836 1091 2013 1131 remo-

440 1177 652 1235 ventes,
688 1168 763 1223 uti
796 1168 1146 1236 Cornelinm;
1192 1170 1389 1239 partim
1441 1171 1507 1224 ad
1553 1183 1740 1223 sacros
1794 1167 2013 1221 ordines

441 1260 803 1325 adducentes,
839 1262 913 1314 uti
946 1260 1244 1325 Danielem,
1296 1260 1669 1324 Ezechielem,
1700 1270 1754 1313 et
1785 1259 2009 1323 Isaiam;

2109 529 2372 600 βούλημα,
2398 528 2431 600 ἢ
2459 532 2520 581 τδ
2562 528 2810 599 ποιητέον
2844 528 3245 600 εἰσηγούμενοι.
3266 530 3360 583 καὶ
3383 530 3448 582 ὲκ
3472 528 3680 597 πλάνης

2111 621 2435 691 μετάγοντες
2456 660 2471 685 ,
2500 620 2575 683 ὡς
2605 622 2696 673 ἐπὶ
2718 619 2811 672 τοῦ
2853 619 3153 690 Κορνηλίου
3172 634 3185 649 ·
3218 620 3251 690 ἦ
3292 619 3473 684 τάξεις
3505 615 3679 688 ἱεράς,

2105 710 2181 773 ὡς
2234 713 2326 764 ἐπὶ
2375 710 2469 765 τοῦ
2525 709 2754 782 Δανιὴλ,
2801 712 2895 764 καὶ
2947 710 3043 765 τοῦ
3097 709 3390 781 Ὶεζεκιὴλ,
3442 710 3539 762 καὶ
3581 706 3680 760 τοῦ

2122 801 2371 855 Ἡσαΐου·
2413 795 2488 855 ὧν
2526 803 2554 855 ὁ
2595 802 2691 873 μὲν
2714 802 2956 871 ἀγγέλων
2993 802 3190 873 μυρίας
3217 800 3479 872 μυριάδας
3507 815 3681 866 παρε-

2114 894 2374 963 στηκυίας
2400 894 2686 962 ἐθεάσατο,
2720 897 2749 948 6
2798 896 2855 949 δὲ
2888 896 3073 968 θρόνον
3106 892 3213 949 εἶδε
3240 897 3333 948 καὶ
3355 894 3587 964 ἐχόμενα
3612 891 3685 944 τὰ

2113 982 2412 1057 Χερουϐὶμ,
2450 988 2477 1038 6
2498 986 2555 1040 δὲ
2574 987 2666 1039 τὸν
2696 986 3002 1058 καθήμενον
3026 988 3117 1040 ἐπὶ
3143 986 3352 1057 θρόνου,
3378 986 3473 1038 καὶ
3497 981 3685 1052 κύκλῳ

2110 1076 2179 1128 τά
2213 1077 2460 1149 Σεραφὶμ
2485 1078 2744 1132 ἐθεάσατο
2762 1096 2775 1109 ο
2799 1080 2831 1149 ἢ
2864 1078 3180 1150 μυστηρίων
3204 1077 3422 1148 ὁράσεις
3446 1116 3460 1139 ,
3486 1074 3560 1137 ὡς
3587 1074 3685 1126 ἐπὶ

2113 1166 2207 1219 τοῦ
2236 1168 2514 1233 Μωῦσέως
2538 1171 2629 1223 ἐπὶ
2656 1170 2755 1239 τῆς
2780 1169 2969 1241 βάτου’
2996 1170 3029 1241 ἢ
3053 1172 3146 1223 καὶ
3173 1170 3320 1232 θείας
3350 1169 3686 1240 προρρήσεις

2116 1258 2500 1327 άναφαίνοντες
2518 1301 2532 1325 ,
2559 1262 2633 1325 ὡς
2661 1263 2752 1315 ἐπὶ
2777 1261 2870 1315 τοῦ
2893 1262 3090 1315 Μανωὲ
3114 1262 3207 1315 mi.
3227 1261 3321 1314 τοῦ
3339 1260 3554 1331 Δανιὴλ.

439 1366 669 1423 quorum
725 1351 861 1406 alter
909 1353 1131 1421 quidem
1181 1354 1328 1407 mille
1374 1353 1643 1424 myriades
1696 1349 2010 1420 angelorum
2075 1360 2319 1407 astantes
2366 1354 2688 1424 conspexit,
2744 1356 2880 1410 alter
2936 1370 3068 1410 vero
3112 1354 3363 1410 thronqu
3419 1352 3579 1415 vidit,
3630 1359 3687 1404 et

440 1460 558 1513 qua:
588 1445 883 1501 Cberubim
936 1447 1245 1509 habebant,
1296 1446 1434 1500 alter
1468 1461 1597 1500 vero
1627 1445 1906 1499 sedentem
1945 1443 1997 1495 in
2047 1443 2284 1509 throno,
2332 1457 2391 1502 et
2436 1449 2488 1503 in
2521 1450 2756 1505 circuitu
2809 1450 3096 1518 Seraphim
3150 1449 3363 1517 aspexit

3412 1461 3428 1498 :
3482 1445 3684 1515 partim

438 1537 679 1593 visiones
716 1540 1126 1610 mysteriorum,
1172 1549 1231 1593 ut
1283 1539 1452 1609 Moysi
1499 1540 1553 1593 in
1598 1539 1765 1605 rubo;
1813 1536 2008 1607 partim
2045 1538 2209 1592 etiam
2236 1540 2450 1598 divinas
2479 1544 2859 1614 praedictiones
2887 1545 3217 1607 revelantes,
3262 1551 3319 1597 ιιι
3368 1540 3561 1596 Manoe
3621 1553 3685 1592 ac

439 1625 673 1682 Danieli.

511 1714 541 1791 ί
574 1716 662 1773 Ill.
702 1718 878 1774 Solvit
922 1721 1012 1777 hic
1042 1720 1431 1786 objectionem,
1458 1722 1645 1777 dicens
1679 1740 1693 1776 :
1735 1720 1791 1774 Si
1834 1729 2010 1773 autem

2250 1716 2336 1772 111.
2377 1718 2507 1774 Λύει
2551 1720 2785 1776 ἐνταῦθα
2818 1723 3158 1788 άντιπίπτον,
3190 1722 3363 1793 λέγων
3424 1723 3487 1776 Εί
3512 1723 3568 1776 δέ
3601 1744 3687 1788 τις

439 1808 563 1876 quis
594 1810 792 1864 dixerit
818 1811 964 1879 ‘quod
1004 1813 1169 1865 etiam
1212 1812 1328 1866 sine
1361 1811 1565 1882 angelis
1632 1809 1902 1877 aliquibus
1931 1806 2013 1859 di-

437 1901 580 1955 vium
637 1902 795 1959 facta:
845 1905 959 1958 sint
1010 1905 1402 1973 upparitiones,
1432 1902 1582 1971 juxta
1620 1901 1748 1954 illud
1784 1917 1797 1953 :
1838 1899 2016 1969 Appa-

441 1996 547 2047 ruit
586 1993 840 2050 Dominus
873 1997 1160 2060 Abrath,
1185 2005 1276 2049 et:
1308 1994 1449 2047 Dixit
1495 1993 1633 2047 Deus
1682 1993 1749 2045 ad
1772 1990 2013 2053 JacobP;

440 2083 615 2138 discat
640 2093 693 2140 et
724 2088 825 2141 hoc
851 2086 1155 2152 evidenter,
1193 2101 1298 2139 non
1334 2100 1399 2139 ex
1430 2084 1611 2149 nobis,
1643 2082 1737 2137 sed
1771 2096 1840 2136 ex
1879 2080 2014 2151 ipsis

444 2173 763 2244 Scripturis,
791 2178 1073 2247 quomodo
1103 2179 1205 2231 hoc
1234 2177 1480 2245 quidem,
1509 2176 1657 2244 quod
1685 2183 1767 2228 est
1799 2171 1891 2226 Dei
1922 2186 2015 2224 oc-

442 2268 683 2329 cultum.
740 2284 899 2323 nemo
958 2269 1139 2335 vidit,
1194 2283 1369 2338 neque
1420 2266 1656 2331 videbit,
1715 2263 2015 2319 secundum

444 2360 843 2429 Evangelistam
871 2359 1133 2414 Joannem
1153 2369 1274 2423 tt,et
1296 2359 1439 2428 quod
1472 2359 1538 2411 ad
1572 2357 1788 2426 Moysen
1814 2356 2015 2409 dictum

444 2461 590 2507 est'.
626 2452 831 2506 Divina)
861 2468 990 2506 vero
1018 2453 1389 2521 apparitiones
1416 2451 1623 2505 sanctis
1681 2448 1837 2503 facite
1865 2455 2015 2511 sunt,

446 2559 553 2599 non
585 2545 729 2613 quod
759 2544 990 2613 ipsemet
1038 2542 1199 2610 Deus,
1232 2552 1292 2596 ut
1348 2544 1402 2596 in
1455 2557 1517 2595 se
1559 2550 1685 2609 est,
1731 2546 2019 2608 appareret

447 2636 574 2707 (hoc
592 2637 734 2691 enim
767 2635 1100 2706 impossibile
1123 2636 1247 2703 est),
1268 2634 1375 2707 45
1395 2634 1490 2689 sed
1519 2635 1659 2702 quod
1685 2633 1868 2687 divina
1898 2631 2017 2684 illu-

452 2728 727 2783 stratione
752 2728 899 2798 digni
924 2727 1097 2782 habiti
1127 2726 1201 2781 illi
1230 2728 1321 2796 qui
1350 2725 1679 2793 cernebantf,
1707 2738 1802 2795 per
1832 2735 2019 2777 sacras

451 2824 711 2891 quasdam
762 2821 1021 2886 visiones,
1067 2821 1201 2891 ipsis
1251 2823 1715 2891 proportionatas,
1778 2814 2019 2872 viderint

449 2930 515 2971 ea
544 2930 666 2987 qua:
689 2915 966 2969 viderunt.

520 3048 668 3102 illam
704 3048 885 3117 itaque
930 3047 1216 3107 visionem,
1253 3060 1374 3116 quae
1421 3045 1661 3099 divinam
1693 3038 2021 3097 similitudi—

2115 1808 2300 1879 λέγει,
2344 1813 2426 1865 ὅτι
2471 1814 2565 1868 καὶ
2603 1814 2725 1885 δίχα
2748 1814 2856 1868 τῶν
2882 1816 3127 1885 ἀγγέλων
3164 1815 3407 1883 ἐγένοντό
3429 1834 3542 1870 τισι
3572 1815 3692 1870 θεο-

2116 1901 2355 1969 φάνειαι,
2370 1903 2445 1968 ὡς
2461 1904 2521 1958 τὸ
2568 1907 2756 1975 Ὠερθη
2771 1907 2984 1974 Κύριος
3005 1904 3083 1972 τῷ
3097 1905 3367 1978 Ἀϐραὰμ,
3386 1906 3693 1969 καὶ,Εἷπεν

2116 1991 2306 2057 ὀΘεὸς
2328 1993 2476 2061 πρὸς
2487 1993 2593 2048 τὸν
2608 1995 2815 2049 Ἰακώϐ
2826 2013 2839 2026 ·
2872 1995 3183 2067 μανθανέτω
3206 1999 3298 2050 καὶ
3322 1997 3477 2050 τοῦτο
3506 1999 3695 2067 σαφῶς

2116 2083 2216 2136 οὑκ
2258 2084 2316 2151 ἐξ
2355 2085 2530 2157 ἡμῶν,
2566 2086 2679 2141 ἀλλ’
2718 2086 2778 2152 ἐξ
2810 2087 2987 2141 αὐτῶν
3018 2088 3125 2141 τῶν
3163 2088 3417 2162 Γραςρῶν,
3453 2088 3529 2152 ὡς
3560 2091 3695 2143 αὑτὸ

2121 2175 2220 2247 μὲν
2265 2176 2326 2230 τὸ
2361 2176 2455 2231 τοῦ
2493 2177 2629 2231 Θεοῦ
2675 2178 2903 2250 κρύφιον
2942 2180 3118 2243 οὐδεὶς
3154 2178 3449 2251 ἑώρακενῆ
3479 2180 3693 2249 ὁψεται,

2118 2268 2258 2321 κατὰ
2290 2267 2381 2321 τὸν
2419 2269 2809 2342 εύαγγελιστὴν
2846 2271 3131 2342 Ἰωάννην,
3184 2272 3281 2325 xa‘t
3312 2271 3373 2323 τὸ
3420 2272 3555 2341 πρὸς
3601 2272 3696 2325 τὸν

2116 2361 2252 2414 Μωῦ
2262 2360 2358 2432 σῆν
2380 2362 2499 2434 είρη
2509 2361 2686 2432 μένον.
2704 2362 3024 2434 Θεοφάνειαι
3040 2363 3096 2416 δὲ
3109 2366 3220 2427 τοῖς
3238 2364 3404 2427 ὁσίοις
3426 2364 3696 2433 ἐγένοντο,

2117 2452 2179 2506 ού
2226 2452 2315 2506 διά
2362 2451 2423 2506 τὸ
2464 2454 2672 2523 φαίνειν
2707 2454 2799 2509 τὸν
2846 2454 2978 2509 Θεὸν
3021 2456 3230 2521 ἑαυτὸν,
3264 2457 3363 2509 ὅτι
3406 2456 3536 2509 ποτέ
3577 2460 3697 2510 ἐστι

2121 2543 2302 2616 (τοῦτο
2348 2544 2457 2618 γὰρ
2506 2546 2842 2621 ἀμήχανον),
2893 2548 3009 2604 ἀλλ’
3048 2549 3130 2603 ὅτι
3182 2548 3331 2613 θείας
3374 2548 3698 2620 ὲλλάμψεως

2119 2637 2423 2708 ἀξιούμενοι
2458 2638 2508 2690 οἱ
2546 2637 2871 2708 βλέποντες,
2907 2638 2995 2695 διά
3038 2657 3199 2692 τινων
3237 2638 3477 2709 ὁράσεων
3513 2639 3698 2711 ἱερῶν,

2122 2730 2216 2784 καὶ
2243 2730 2428 2792 αὑτοῖς
2454 2731 2752 2800 ἀναλόγων,
2775 2731 3000 2785 ἔϐλεπον
3024 2731 3167 2804 ἆπερ
3190 2731 3427 2786 ἔϐλεπον.

2189 3036 2299 3109 Τὴν
2330 3035 2459 3105 γοῦν
2488 3037 2679 3109 ὅρασιν
2700 3036 2937 3108 ἐκείνην,
2966 3035 3088 3106 ἣτις
3128 3033 3379 3102 ἐνέφαινε
3410 3032 3508 3103 τὴν
3545 3032 3701 3085 θείαν

451 3155 576 3195 nem
608 3139 906 3202 referebat,
945 3154 1011 3193 ex
1051 3138 1380 3192 intuentium
1423 3135 1491 3190 ad
1522 3134 1769 3189 divinum
1810 3132 2019 3187 Numen

2132 3128 2377 3199 5μοίωσιν
2398 3131 2461 3183 ὲκ
2486 3129 2587 3200 τῆς
2610 3128 2721 3181 τῶν
2752 3126 3001 3196 ὁρώντων
3023 3126 3119 3179 ἐπὶ
3138 3124 3199 3177 τὸ
3228 3124 3383 3176 Θεῖον
3405 3123 3703 3192 ἀναγωγῆς

451 3229 782 3285 adductione
812 3237 976 3296 atque
1008 3227 1391 3292 illustratione,
1442 3223 1842 3295 sapientissima
1867 3223 2025 3278 theo-

455 3318 598 3389 logia
634 3317 727 3373 Dei
759 3319 1154 3388 apparitionem
1183 3328 1362 3383 vocat,
1411 3325 1595 3386 utpote
1629 3329 1727 3385 per
1750 3329 1916 3385 quam
1944 3314 2027 3368 di-

456 3411 598 3464 vina:
622 3410 1011 3465 illustrationis
1035 3411 1215 3466 insitae
1238 3410 1523 3473 visionem,
1551 3409 1823 3464 intuentes
1844 3407 2027 3463 divina

455 3514 673 3571 quoque
726 3501 834 3557 alia
865 3502 1259 3558 edocebantur.
1294 3500 1403 3556 Has
1436 3510 1621 3556 autem
1653 3501 1895 3556 visiones
1929 3516 2027 3570 pa-

460 3605 571 3649 tres
619 3596 794 3649 nostri
827 3596 1192 3650 mediantibus
1223 3592 1536 3649 caelestibus
1566 3593 1858 3648 virtutibus
1885 3592 2028 3646 didi-

458 3696 672 3743 cerunt.
699 3686 956 3756 Nunquid
990 3688 1135 3742 enim
1165 3688 1331 3742 etiam
1375 3700 1587 3741 sacram
1626 3684 2029 3753 legislatiouem

460 3782 531 3835 ab
562 3782 789 3850 ipsomet
822 3780 934 3835 Deo
960 3779 1125 3850 Moysi
1162 3780 1366 3845 datam,
1396 3794 1463 3833 ex
1491 3777 1664 3832 sacris
1690 3775 1912 3829 Litteris
1937 3775 2034 3827 ad-

461 3871 748 3935 discimus,
787 3879 845 3922 ut
871 3884 969 3923 nos
994 3870 1187 3925 doceat
1226 3870 1441 3940 Moyses
1485 3868 1788 3923 secundum
1823 3864 2031 3920 verita-

466 3974 602 4029 tem,
637 3964 785 4018 hanc
832 3962 1092 4015 nimirum
1125 3962 1525 4030 legislationem
1559 3961 1785 4017 alterius
1832 3958 2032 4015 divine

466 4053 1129 4122 sacrmquelegislationis
1176 4054 1603 4127 elligurationem
1652 4066 1809 4119 esse,
1839 4066 2035 4121 nempe

464 4148 581 4216 ejus
627 4162 745 4216 quae
777 4160 873 4214 per
906 4144 1189 4200 Christum
1213 4155 1315 4208 est,
1348 4154 1404 4201 et
1432 4145 1600 4199 divini
1635 4144 1800 4199 Verbi
1844 4144 2034 4199 incar-

467 4237 779 4295 nationem?

535 4358 675 4426 Quin
723 4368 777 4412 et
820 4370 1046 4427 magnus
1093 4353 1179 4408 ille
1228 4353 1431 4408 Paulus
1480 4352 1621 4406 hanc
1664 4366 1761 4421 per
1811 4351 2037 4418 angelos

2121 3222 2215 3276 καὶ
2247 3220 2564 3292 ὲλλάμψεως
2583 3262 2598 3285 ,
2632 3224 2665 3292 ἡ
2693 3220 2967 3288 πάνσοφος
3013 3217 3257 3286 θεολογία
3302 3216 3459 3269 καλεῖ
3492 3215 3700 3284 θεοφά-

2121 3332 2293 3380 νειαν,
2322 3315 2399 3378 ὡς
2433 3314 2503 3367 δι’
2544 3313 2716 3383 αὐτῆς
2745 3313 2811 3383 δὴ
2833 3312 2934 3382 τῆς
2955 3311 3199 3383 ὁράσεως
3239 3309 3340 3379 τῆς
3366 3308 3513 3371 θείας
3544 3308 3701 3375 ὲγγι-

2122 3409 2353 3481 νομένης
2372 3406 2711 3478 ὲλλάμψεως,
2730 3406 2822 3459 καί
2847 3422 2900 3459 τι
2923 3404 3030 3458 ἀπὸ
3042 3403 3150 3457 τῶν
3164 3401 3320 3456 θείων
3344 3399 3503 3472 ίερῶς
3532 3418 3702 3471 μυου-

2125 3503 2304 3574 μένων
2330 3502 2439 3555 τῶν
2460 3499 2948 3574 ὁρώντων.Ταύτας
2964 3498 3021 3550 δὲ
3040 3496 3140 3560 τὰς
3155 3497 3371 3567 ὁράσεις
3395 3496 3445 3548 οἱ
3468 3495 3705 3564 πατέρες

2123 3593 2282 3663 ἡμῶν
2321 3592 2409 3646 διὰ
2456 3590 2637 3661 μέσων
2668 3590 2777 3643 τῶν
2812 3588 3075 3660 οὐρανίων
3102 3585 3368 3657 ἓμυοῦντο
3396 3584 3700 3654 δυνάμεων.

2127 3687 2198 3740 Ἦ
2241 3685 2349 3754 γὰρ
2387 3684 2507 3753 οὐχὶ
2552 3684 2650 3736 καὶ
2689 3681 2786 3753 τὴν
2832 3680 2982 3753 ἱερὰν
3019 3677 3338 3749 νομοθεσίαν
3372 3675 3597 3729 αὐτόθεν
3640 3676 3705 3727 ὲκ

2120 3777 2260 3831 Θεοῦ
2292 3776 2369 3847 τῷ
2396 3777 2606 3846 Μωῦσῇ
2640 3772 3041 3844 δεδωρημένην,
3068 3770 3134 3822 ὲκ
3164 3768 3266 3837 τῆς
3295 3768 3447 3837 ἱερᾶς
3478 3766 3706 3836 Γραφῆς

2130 3867 2489 3939 μανθάνομεν,
2530 3867 2677 3928 ὅπως
2715 3864 2781 3918 ἂν
2820 3864 2966 3934 ἡμᾶς
3001 3862 3189 3933 μυήσῃ
3234 3861 3263 3912 ὁ
3294 3859 3540 3927 Μωῦσῆς
3582 3858 3706 3911 κατ’

2132 3960 2385 4032 ἀλήθειαν
2409 3959 2469 4013 τὸ
2494 3953 2634 4011 εἶναι
2660 3956 2760 4026 τὴν
2789 3954 3146 4025 θεσμοθεσίαν
3168 3951 3371 4021 ταύτην
3411 3950 3561 4012 θείας
3594 3950 3709 4002 ἑτέ-

2133 4069 2229 4125 ρας
2256 4052 2351 4105 καὶ
2385 4052 2536 4122 ἱερᾶς
2562 4047 2884 4120 νομοθεσίας
2924 4045 3296 4107 ὑποτύπωσιν,
3326 4044 3571 4096 τουτέστι
3606 4041 3709 4109 τῆς

2129 4143 2272 4199 κατὰ
2296 4142 2529 4215 Χριστὸν
2561 4142 2657 4195 καὶ
2687 4141 2791 4211 τὴν
2823 4138 2920 4193 τοῦ
2951 4139 3127 4207 Λόγου
3168 4137 3317 4190 θείαν
3359 4133 3713 4212 ὲνανθρώπητ

2139 4275 2384 4403 σιν’Ᾱλλὸι
2413 4350 2506 4403 καὶ
2532 4351 2561 4402 6
2594 4346 2765 4418 μέγας
2808 4342 3016 4405 Παῦλος
3042 4340 3110 4393 δι’
3144 4338 3388 4408 ἀγγέλων
3419 4334 3721 4407 λαληθῆναι

470 4452 871 4521 promulgatam
922 4426 1111 4515 tradit,
1144 4457 1198 4502 et
1232 4456 1457 4501 sanctus
1500 4444 1813 4513 Stephanus
1860 4443 2025 4497 decla-

2140 4439 2287 4507 λέγει
2317 4437 2523 4507 ταύτην
2541 4475 2556 4500 ,
2604 4436 2697 4488 καὶ
2740 4436 2769 4487 6
2812 4433 2969 4501 ἆγιος
2999 4430 3269 4499 Στέφανος
3299 4427 3481 4498 δηλοῖ,
3510 4426 3717 4493 λέγων’

472 4552 598 4609 rat,
652 4544 845 4597 dicens
882 4560 898 4597 :
934 4540 1038 4605 Qui
1084 4540 1355 4607 accepistis
1394 4536 1557 4606 legem
1600 4537 1655 4589 in
1694 4535 2039 4603 dispositione

471 4637 798 4705 angelorum,
830 4645 879 4689 et
915 4652 1019 4689 non
1047 4631 1350 4687 custodistis
1378 4642 1425 4697 ·;
1458 4629 1729 4699 siquidem
1779 4629 1883 4683 hoc
1924 4629 2040 4697 ipsa

471 4732 557 4785 lex
589 4740 647 4785 et
670 4732 805 4785 ordo
834 4730 970 4799 legis
1003 4730 1174 4800 exigit
1210 4743 1223 4781 :
1262 4742 1387 4781 nam
1416 4725 1501 4778 lex
1532 4734 1757 4793 pr0pter
1790 4721 2040 4777 ordinem

471 4820 619 4877 facta
658 4830 759 4877 est.
795 4821 977 4890 Exigit
1007 4821 1193 4889 itaque
1220 4828 1329 4873 tam
1376 4818 1460 4872 lcx
1509 4831 1672 4886 quam
1720 4814 1855 4870 ordo
1903 4813 2041 4882 ejus,

474 4926 531 4968 nt
560 4915 860 4984 posteriora
890 4928 986 4983 per
1013 4913 1196 4982 priora
1226 4911 1294 4965 ad
1336 4911 1579 4964 divinum
1614 4908 1822 4962 Numen
1867 4909 2043 4963 addu~

475 5014 700 5070 cantur,
727 5005 1184 5074 quemadmodum
1217 5003 1396 5071 legum
1423 5001 1807 5070 dispositiones
1836 5000 2042 5065 lerunt,

475 5098 676 5166 quibus
721 5097 1038 5151 sacerdotes
1078 5097 1259 5165 populi
1290 5104 1635 5150 coercentur.
1690 5091 1845 5158 Quod
1881 5092 2046 5146 etiam

479 5190 660 5243 locum
695 5188 867 5242 habet
896 5188 950 5240 iu
979 5187 1274 5240 virtutibus
1308 5186 1641 5240 coelestibus.

554 5279 768 5337 Etenim
797 5293 903 5333 non
927 5279 1104 5335 solum
1134 5278 1186 5332 in
1220 5278 1629 5332 sublimioribus
1661 5273 2049 5329 inferioribus-

480 5388 589 5445 que
631 5373 964 5440 virtutibus,
1005 5373 1168 5427 trium
1216 5370 1426 5424 scilicet
1468 5383 1852 5439 supremorum
1899 5366 2049 5420 ordi-

486 5485 640 5534 num,
667 5468 968 5537 seraphim,
1013 5468 1322 5533 cherubim,
1348 5476 1404 5521 et
1432 5467 1777 5529 thronorum,
1807 5471 1863 5516 et
1888 5462 2052 5514 trium

2150 4533 2218 4584 Οἵ
2250 4548 2408 4596 τινες
2437 4529 2681 4583 ἐλάϐετε
2726 4526 2834 4579 τὸν
2877 4525 3066 4593 νόμον
3106 4525 3193 4587 εὶς
3231 4518 3513 4588 διαταγὰς
3549 4516 3725 4585 ἀπτέ-

2148 4628 2293 4689 λων,
2326 4624 2422 4676 καὶ
2453 4625 2563 4676 οὐκ
2590 4618 2927 4689 ἐφυλάξατε
2946 4634 2957 4647 ·
2993 4615 3150 4668 τοῦτο
3179 4613 3287 4683 γὰρ
3316 4611 3537 4664 ἀπαιτεῖ
3563 4608 3657 4661 καὶ
3690 4608 3726 4676 ἡ

2149 4717 2215 4768 ἐκ
2264 4716 2429 4785 νόμου
2473 4714 2659 4779 τάξις·
2707 4713 2736 4763 ὁ
2780 4709 2888 4781 γὰρ
2930 4708 3093 4778 νόμος
3137 4705 3227 4759 διὰ
3275 4703 3427 4770 τάξιν
3478 4702 3723 4769 γέγονεν.

2164 4808 2412 4860 ’Δπαιτεῖ
2445 4804 2576 4873 γοῦν
2618 4802 2779 4865 αὐτὸς
2815 4803 2843 4853 ὁ
2875 4800 3036 4869 νόμος
3067 4797 3162 4850 καὶ
3192 4797 3225 4866 ἡ
3259 4794 3411 4859 τάξις
3454 4789 3618 4844 αὑτοῦ
3663 4788 3729 4841 τὺ

2148 4902 2238 4956 διά
2270 4916 2431 4953 τινων
2465 4895 2694 4968 πρώτων
2717 4891 3014 4962 ἀνάγεσθαι
3052 4889 3191 4959 πρὸς
3219 4887 3281 4938 τὸ
3328 4884 3482 4937 Θεῖον
3506 4882 3578 4934 τὰ
3600 4881 3722 4933 δεύ-

2148 5009 2304 5063 τερα,
2338 4990 2415 5052 ὡς
2445 4987 2660 5058 ἔχουσιν
2694 4986 2748 5036 αἱ
2775 4984 2884 5035 τῶν
2915 4980 3096 5050 νόμων
3116 4976 3404 5042 διατάξεις,
3430 4972 3552 5026 καθ’
3579 4970 3645 5033 ἃς
3676 4969 3728 5022 οἱ

2154 5086 2319 5152 ἱερεῖς
2345 5081 2438 5135 τοῦ
2480 5078 2610 5133 λαοῦ
2656 5074 3072 5129 διαστέλλονται.
3109 5069 3295 5131 Οῦτως
3340 5068 3460 5119 ἐστὶ
3502 5065 3595 5117 καὶ
3633 5062 3730 5115 ἐπὶ

2151 5174 2259 5227 τῶν
2292 5174 2352 5226 οὑ
2361 5172 2555 5243 ρανίων
2585 5170 2887 5237 δυνάμεων.

2229 5277 2339 5330 Καὶ
2387 5274 2495 5343 γὰρ
2538 5273 2599 5323 οὑ
2652 5269 2811 5340 μόνον
2863 5268 2956 5319 ἐπὶ
2998 5266 3107 5319 τῶν
3148 5262 3492 5335 ὑψηλοτέρων
3533 5276 3595 5311 τε
3641 5256 3733 5309 καὶ

2160 5366 2465 5439 ὑφειμένων
2493 5361 2794 5430 δυνάμεων,
2816 5356 3057 5427 δηλονότι
3075 5354 3182 5407 τῶν
3209 5370 3268 5406 τε
3294 5350 3549 5421 ὑπεράνω
3566 5345 3734 5439 τριιῖιν

2159 5437 2389 5525 τάξεων,
2421 5454 2531 5508 τῶν
2565 5452 2840 5523 σεραφὶμ,
2865 5448 2974 5502 τῶν
3006 5444 3304 5519 χερουᾶμ,
3342 5444 3436 5496 καὶ
3466 5441 3576 5494 τῶν
3607 5437 3725 5508 θρό-

487 5564 652 5617 hosce
699 5560 1175 5629 subsequentium,
1225 5574 1290 5613 ac
1335 5561 1505 5613 trium
1561 5558 1783 5626 insuper
1834 5553 2025 5609 inferio

2163 5569 2290 5613 νων,
2328 5550 2420 5602 καὶ
2459 5548 2567 5599 τῶν
2599 5544 2855 5597 ὑποκάτω
2901 5540 3105 5595 τούτων
3146 5536 3349 5609 τριῶν,
3389 5532 3486 5587 καὶ
3516 5530 3597 5583 ἐτι
3627 5527 3737 5581 τῶν

492 5672 634 5717 rum,
660 5654 990 5723 ejuscemodi
1018 5654 1228 5709 ordinis
1268 5652 1610 5706 sanctionem
1642 5650 1827 5704 videre
1857 5647 2053 5712 liceat;

584 5817 607 5843 ⁸
651 5811 785 5868 Ceu.
838 5828 934 5879 xu,
982 5812 1033 5865 '7.
1133 5821 1159 5860 P
1190 5810 1325 5866 Gen.
1370 5822 1531 5873 xxxv,
1581 5805 1633 5860 l.

1728 5814 1755 5853 τι
1791 5801 1945 5857 Joan.
1997 5818 2036 5868 t,
2070 5799 2153 5855 l8.

2167 5644 2423 5697 ὑποκάτω
2455 5638 2642 5709 τριῶν,
2676 5635 2821 5688 ἔστιν
2860 5633 2988 5686 ἰδεῖν
3017 5632 3109 5685 τὸν
3142 5626 3381 5682 τοιοῦτον
3418 5622 3617 5692 θεσμὸν
3642 5617 3738 5687 τῆς

2274 5807 2291 5835 τ
2326 5794 2497 5852 Exod.
2547 5806 2739 5848 χχχιιι.
2817 5797 2838 5826 ⁸
2873 5788 2996 5843 Act.
3039 5800 3134 5851 vn,
3184 5781 3273 5840 53.
