3908 6232
185 346 287 401 195

678 345 766 400 DE
795 343 1122 403 C(ELESTI
1159 344 1609 409 HIERARCHIA,
1650 341 1803 398 CAP.
1844 341 1931 396 IV.
1970 373 2039 383 —
2072 342 2414 429 PARAPHR.
2452 340 2924 397 PACHYMERE.

3333 344 3485 439 104ν

178 465 387 529 τάξεως
408 481 421 493 ’
459 462 594 516 ἀλλὰ
632 464 727 517 καὶ
758 465 846 517 ἐπ’
876 465 1055 519 αὐτῶν
1089 464 1262 536 μόνων
1306 462 1413 516 τῶν
1444 460 1758 533 ὁμοταγῶν,

1868 473 2053 511 verum
2094 461 2259 514 etiam
2296 464 2349 515 in
2400 460 2646 529 ipsismet
2691 458 2825 511 solis
2863 455 3189 524 aequalibus,
3224 444 3484 513 scilicet;

175 555 423 627 δηλονότι
475 554 584 607 τῶν
631 555 799 626 τριῶν
847 556 1024 627 μόνων
1047 597 1062 620 ,
1110 554 1247 607 ὥστε
1288 548 1424 605 εἶναι
1456 551 1555 614 τὰς
1585 549 1767 614 τάξεις

182 646 444 718 πρώτας,
490 646 585 701 καὶ
626 647 828 717 μέσας,
863 648 957 700 καὶ
1006 645 1352 707 τελευταίας’
1385 645 1477 697 ἐπὶ
1513 642 1611 712 μὲν
1658 640 1767 711 γάρ

177 742 382 802 πάσαις
398 741 571 811 τρεῖς,
587 739 684 792 καὶ
696 741 862 811 τρεῖς,
877 739 971 792 καὶ
986 741 1134 811 τρεῖς
1150 737 1285 790 εἰσιν
1302 737 1357 790 αἱ
1378 736 1653 806 δυνάμειςο
1676 734 1767 786 ἐπὶ

173 833 230 886 δὲ
260 834 365 904 μιᾷ
394 832 602 905 ἑκάυτῃ
632 831 893 902 ὁμοταγεῖ
922 831 1102 896 τάξει,
1138 830 1194 884 αἱ
1223 831 1393 883 πᾶσαι
1426 830 1572 898 τρεῖς
1606 827 1763 889 εἰσιν,

176 924 321 976 ὥστε
358 924 584 977 κάκεῖσε
622 924 715 976 καὶ
747 922 977 976 ἐνταῦθα
1008 922 1069 975 τὸ
1099 921 1336 993 πρῶτον,
1366 921 1463 974 καὶ
1491 919 1552 972 τὸ
1579 918 1762 989 μέσον,

176 1014 270 1067 καὶ
314 1014 377 1067 τὸ
408 1013 717 1067 τελευταῖον
749 1011 1093 1083 γνωρίζεται.
1130 1012 1410 1082 Προσῆκον
1451 1009 1629 1062 τοίνυν
1674 1008 1767 1060 καὶ

174 1105 268 1158 ἐπὶ
301 1104 414 1157 τῶν
447 1103 597 1157 κάτω
643 1103 994 1174 ἐλλάμψεων,
1048 1101 1110 1154 τὸ
1158 1101 1229 1153 δι’
1263 1099 1439 1153 ἄλλων
1460 1138 1473 1161 ,
1503 1099 1620 1169 ἦτοι
1654 1097 1765 1150 τῶν

172 1195 488 1264 ἀγγελικιῖνδ
526 1195 732 1261 τάξεων
765 1194 872 1247 ἀπὸ
903 1193 1037 1246 Θεοῦ
1070 1193 1206 1263 πρὸς
1269 1191 1394 1254 τοὺς
1442 1187 1765 1260 ἀνθρώπους

169 1286 586 1351 διαϐιϐάζεσθαι
616 1284 687 1338 τὰ
734 1285 1034 1356 μυστήρια·
1061 1285 1144 1337 ὅτι
1176 1283 1270 1336 καὶ
1313 1284 1492 1334 ἐκεῖσε
1525 1282 1573 1333 οἱ
1622 1280 1763 1333 θειό-

169 1396 320 1451 τεροι
356 1378 579 1450 μύσται,
611 1376 720 1431 τῶν
748 1375 982 1448 ἡττόνων
1007 1374 1334 1449 χειραγωγοί
1366 1375 1504 1426 εἰσιν
1551 1372 1644 1425 ἐπὶ
1668 1370 1764 1441 τὴν

172 1470 328 1524 θείαν
361 1469 647 1524 κοινωνίαν
680 1470 775 1521 καὶ
805 1467 1086 1539 ἔλλαμψιν.

246 1575 275 1646 §
305 1574 394 1628 IV.
424 1573 616 1626 Βλέπω
638 1572 893 1627 δὲότικαὶ
905 1570 965 1624 τὸ
990 1571 1120 1642 περὶ
1134 1570 1233 1639 τῆς
1253 1568 1520 1641 ὲνσάρκου
1564 1568 1658 1620 καὶ
1677 1584 1765 1637 φι-

168 1664 498 1736 λανθρώπου
513 1663 607 1716 τοῦ
646 1661 820 1733 Ἰησοῦ
841 1661 1152 1731 οἰκονομίας
1193 1660 1507 1731 μυστήριον,
1544 1657 1762 1726 ἄγγελοι

174 1750 393 1822 πρῶτον
427 1749 766 1822 ὲμυήθησαν,
806 1748 924 1802 εἶτα
952 1748 1041 1802 διὰ
1068 1748 1272 1802 τούτων
1305 1750 1385 1812 είς
1446 1747 1764 1819 ἀνθρώπους

1871 548 2047 603 tribus
2089 550 2240 615 solis,
2290 551 2362 604 ita
2416 558 2476 603 ut
2531 550 2643 602 sint
2685 548 2909 601 ordines
2955 546 3134 615 primi,
3170 547 3335 602 medii
3366 564 3433 604 ac

1867 642 2169 710 postremi;
2220 642 2488 710 siquidem
2542 640 2595 693 in
2642 639 2898 693 omnibus
2945 648 3092 702 tres,
3122 647 3179 692 et
3213 647 3348 706 tres,
3382 649 3442 695 et

1869 742 1984 789 tres
2031 745 2163 790 sunt
2212 737 2471 801 virtutes,
2525 735 2579 790 in
2634 749 2965 805 unoquoque
3012 744 3194 790 autem
3243 736 3441 792 ordine

1865 826 2083 895 aequali,
2115 841 2305 881 omnes
2338 837 2446 881 tres
2474 834 2641 893 sunt;
2674 835 2731 880 ut
2766 835 2873 879 tam
2905 824 2978 880 ibi
3012 841 3175 894 quam
3204 827 3295 881 hic
3320 826 3439 895 pri-

1867 936 2039 985 mum,
2069 929 2124 975 et
2150 920 2413 986 medium,
2437 929 2491 974 et
2520 929 2854 988 postremum
2883 918 3261 984 dignoscatur.
3296 918 3439 972 Con-

1868 1014 2133 1069 veniebat
2166 1013 2349 1082 itaque
2391 1013 2443 1066 in
2488 1011 2838 1066 inferioribus
2865 1026 3082 1080 quoque
3117 1010 3437 1065 illustratio-

1866 1105 2057 1167 nibus,
2088 1113 2148 1157 ut
2176 1119 2274 1171 per
2298 1104 2463 1167 alios,
2496 1103 2705 1158 scilicet
2738 1117 2833 1170 per
2859 1102 3081 1157 ordines
3128 1102 3430 1173 angelicos,

1866 1206 1894 1244 a
1928 1193 2036 1247 Deo
2064 1193 2131 1246 ad
2158 1192 2408 1246 homines
2432 1191 2693 1261 mysteria
2721 1191 3106 1245 derivareutur
3132 1206 3143 1239 :
3176 1192 3436 1260 quoniam

1863 1285 2029 1337 etiam
2083 1284 2174 1338 hic
2223 1284 2523 1338 diviniores
2566 1294 2754 1353 mystae
2802 1282 3121 1336 inferiorum
3169 1283 3441 1337 manudu—

1864 1382 2045 1428 ctores
2077 1375 2375 1441 exsistunt,
2398 1373 2464 1427 ad
2500 1374 2739 1429 divinam
2770 1374 3210 1429 communionem
3238 1386 3291 1429 et
3316 1374 3439 1429 illu-

1863 1476 1976 1521 stra
1988 1466 2210 1520 tionem.

1938 1558 1965 1630 §
1998 1558 2087 1612 ιν.
2130 1559 2302 1614 Video
2340 1569 2521 1612 autem
2551 1558 2718 1613 etiam
2756 1559 2979 1629 angelos
3008 1558 3076 1613 de
3107 1558 3438 1614 incarnatio-

1864 1651 1952 1705 nis
1991 1660 2046 1705 et
2082 1651 2437 1705 humanitatis
2469 1647 2596 1705 Jesu
2629 1651 2891 1719 mysterio
2924 1651 3158 1720 primum
3212 1651 3436 1706 edoctos

1864 1759 2008 1809 esse,
2046 1743 2240 1798 deinde
2265 1759 2363 1813 per
2396 1744 2494 1799 hos
2527 1743 2593 1796 ad
2630 1742 2878 1805 homines
2907 1743 3234 1813 cognitionis
3258 1745 3432 1814 gratia

168 1804 326 1913 διέϐη
368 1843 401 1913 ἠ
436 1804 539 1912 τῖἦς
558 1804 819 1911 inibo-em;
858 1841 1048 1912 χάρις·
1082 1841 1224 1894 οὕτω
1255 1804 1492 1913 γὰρ’και
1522 1804 1758 1912 έαϐριὴλ

1864 1804 2186 1902 descendit;
2238 1804 2316 1890 sic
2368 1836 2513 1889 enim
2570 1833 2791 1889 Gabriel
2839 1804 3163 1888 Zachariam
3226 1804 3434 1903 docuit,

170 1930 262 1984 τὸν
296 1931 583 2002 Ζαχαρίαν
620 1929 1002 2002 ὲμυσταγώγει
1027 1969 1042 1991 ,
1078 1930 1160 1983 ὅτι
1208 1931 1492 2002 προφήτης
1540 1928 1691 1981 ἔσται
1733 1929 1762 1981 6

167 2021 228 2087 ὲξ
258 2021 433 2075 αὐτοῦ
470 2021 598 2094 παρ’
633 2022 825 2075 ὲλπίδα
856 2022 1249 2094 γεννησόμενος
1280 2024 1430 2085 παῖς.
1467 2020 1762 2092 Προφήτης

165 2113 224 2167 δὲ
273 2114 444 2177 ποίας
499 2113 847 2180 ὑποθέσεωςς
885 2100 984 2184 τῆς
1028 2113 1173 2167 κατά
1218 2113 1394 2185 σάρκα
1440 2111 1762 2181 ἐπιφανείας

164 2203 261 2258 τοῦ
311 2203 449 2258 Υίοῦ
498 2204 593 2258 τοῦ
643 2204 798 2258 Θεοῦ.
848 2205 1131 2277 Ἀνδρικὴν
1161 2203 1270 2276 γὰρ
1305 2202 1622 2275 θεουργίαν,
1657 2203 1760 2275 τὴν

164 2298 262 2351 τοῦ
297 2297 580 2351 Δεσπότου
612 2297 851 2369 Χριστοῦ
888 2296 1296 2367 ὲνανθρὼπησιν
1318 2295 1487 2364 λέγει,
1520 2297 1639 2348 καθ’
1668 2293 1757 2366 ἣν,

166 2390 303 2454 Θεὸς
337 2389 450 2455 ὣν,
482 2391 541 2443 ὲν
576 2390 745 2461 σαρκὶ
777 2389 847 2443 τὰ
878 2389 997 2444 θεῖα
1029 2388 1331 2461 εἰργάζετο.
1377 2387 1488 2459 Τὴν
1519 2385 1576 2439 δὲ
1607 2386 1760 2458 Παρ-

168 2480 325 2535 θένον
358 2482 632 2546 θεοτόκον,
664 2483 813 2544 ὅπως
842 2482 899 2535 ὲν
934 2481 1069 2551 αὐτῇ
1121 2480 1410 2551 γενήσεται
1434 2477 1493 2531 τὸ
1523 2477 1761 2550 ἄρρητον

167 2576 270 2645 τῆς
321 2575 687 2639 θεοπλαστίας
723 2574 1038 2645 μυστήριον.
1082 2571 1449 2626 Θεοπλαστίαν
1487 2570 1544 2623 δὲ
1586 2569 1757 2637 λέγει,

167 2666 273 2729 ὅτι,
312 2666 451 2730 Θεὸς
484 2666 582 2731 ὣν,
630 2663 877 2733 ἐπλάσθη
925 2666 983 2717 ὲν
1026 2665 1093 2735 τῇ
1140 2662 1294 2736 νηδύι
1340 2662 1441 2733 τῆς
1483 2660 1758 2729 πανάγνου

166 2757 541 2829 Θεομὴτορος,
577 2758 713 2811 καθὸ
744 2756 965 2825 γέγονεν
988 2756 1295 2828 ἄνθρωπος.
1329 2754 1555 2827 Ἕτερος
1578 2753 1634 2807 δὲ
1664 2752 1761 2805 πά-

166 2851 250 2903 λιν
282 2851 395 2903 τῶν
426 2850 676 2920 ἀγγέλων
698 2849 790 2904 τὸν
825 2849 1020 2921 Ἰωσὴφ
1050 2848 1275 2916 ἐδίδαξε,
1303 2848 1420 2911 πῶς
1441 2850 1469 2901 ὁ
1494 2847 1572 2919 τῷ
1597 2849 1759 2903 Δαὸὶδ

169 2940 586 3013 ἑπηγγελμένος
624 2941 690 2994 ὲκ
736 2940 950 3013 καρποῦ
982 2941 1081 3010 τῆς
1108 2939 1313 3003 κοιλίας
1345 2937 1507 2991 αὐτοῦ
1533 2938 1759 3009 τεθήσε-

171 3032 296 3086 σθαι
330 3033 428 3085 ὲπὶ
458 3031 550 3085 τὸν
584 3031 771 3100 θρόνον
801 3030 987 3095 αὐτοῦ,
1023 3030 1125 3101 ἤδη
1167 3030 1266 3099 τὴν
1296 3028 1554 3099 χρονικὴν
1582 3028 1758 3100 ἀρχὴν

1865 1927 2189 1998 prophetam
2225 1926 2339 1980 fore
2367 1941 2591 1995 puerum
2632 1925 2806 1989 illum,
2836 1926 2927 1995 qui
2964 1941 3030 1981 ex
3077 1926 3191 1996 ipso
3238 1936 3436 1995 praeter

1863 2034 2013 2088 spem
2042 2016 2153 2090 46
2181 2027 2524 2072 nasceretur.
2569 2017 2677 2072 Sed
2720 2018 2899 2087 qualis
2943 2019 3252 2087 argumenti
3304 2034 3434 2087 pro-

1862 2111 2075 2182 pheta?
2116 2110 2479 2180 apparitionis
2510 2110 2634 2165 Filii
2694 2110 2787 2165 Dei
2830 2112 3130 2166 secundum
3185 2125 3431 2167 carnem.

1866 2202 2089 2260 Virilem
2133 2205 2281 2261 enim
2315 2205 2410 2259 Dei
2441 2205 2818 2275 operationem
2870 2214 3029 2259 vocat
3071 2204 3276 2260 Christi
3326 2206 3433 2261 Do-

1862 2297 1994 2351 mini
2036 2296 2493 2361 lncarnationem,
2539 2297 2839 2351 secundum
2887 2311 3079 2367 quam,
3124 2312 3244 2352 cum
3290 2296 3437 2353 Deus

1860 2399 2008 2445 esset
2059 2390 2112 2443 in
2159 2405 2349 2457 carne,
2382 2390 2566 2443 divina
2614 2389 2807 2458 gessit.
2851 2389 3136 2459 Deiparam
3162 2405 3293 2445 vero
3325 2390 3438 2445 vir-

1863 2482 2039 2551 ginem
2073 2481 2356 2545 instruxit,
2392 2482 2672 2551 quomodo
2703 2483 2754 2534 in
2786 2481 2902 2550 ipsa
2957 2482 3117 2536 ﬂeret
3162 2481 3436 2537 ineil'ablle

1862 2572 1957 2627 Dei
2011 2573 2359 2628 formationis
2410 2574 2754 2645 mysterium.
2803 2573 2974 2628 Porro
3007 2574 3100 2628 Dei
3144 2574 3437 2630 formatio.-

1860 2681 1984 2722 nem
2014 2676 2197 2731 vocat,
2230 2666 2375 2736 quod
2408 2682 2530 2721 cum
2563 2668 2704 2721 Deus
2729 2676 2899 2730 esset,
2936 2666 3205 2722 formatus
3246 2668 3320 2721 sit
3368 2667 3427 2721 in

1858 2771 2017 2815 utero
2058 2760 2380 2815 castissima:
2427 2759 2520 2813 Dei
2572 2750 2789 2821 Matris,
2840 2759 2892 2812 iu
2941 2770 3213 2829 quantum
3270 2762 3433 2815 homo

1860 2852 2040 2910 factus
2069 2864 2172 2909 est.
2206 2854 2362 2908 Alius
2409 2855 2536 2908 item
2591 2852 2818 2921 angelus
2869 2850 3171 2921 Josephum
3221 2853 3431 2917 docuit,

1859 2946 2133 3015 quomodo
2174 2947 2243 3007 is.
2281 2947 2372 3016 qui
2423 2945 2613 2998 Davidi
2649 2943 2949 3014 promissus
2977 2953 3096 2998 erat
3126 2944 3193 2998 de
3244 2944 3431 3000 fructu

1858 3038 2069 3090 ventris
2120 3039 2240 3105 ejus
2284 3035 2635 3091 collocandus
2688 3036 2739 3088 in
2798 3035 2998 3089 throno
3050 3036 3263 3105 ipsius,
3311 3039 3428 3105 jam

168 3124 313 3178 κατά
360 3123 526 3194 σῶμα
556 3123 805 3192 δέχεται·
855 3123 949 3176 καὶ
983 3122 1142 3185 ἄλλος
1175 3120 1303 3183 τοὺς
1335 3120 1633 3190 ποιμένας,
1683 3118 1758 3183 ὡς

1862 3128 2184 3199 principium
2215 3127 2511 3198 temporale
2538 3128 2835 3181 secundum
2860 3142 3059 3197 corpus
3085 3141 3428 3196 assumeret;

163 3214 275 3266 τῶν
305 3213 520 3267 πολλῶν
550 3213 993 3283 ἀναχωρητικοὺς
1010 3211 1320 3284 καὶήσυχίᾳ
1344 3209 1571 3274 ζῶντας,
1594 3210 1757 3279 εὐηγ-

166 3299 415 3366 γελίζετο
443 3324 450 3329 ·
489 3300 586 3353 σὺν
617 3293 663 3368 ᾧ
689 3301 783 3352 καὶ
819 3298 1023 3370 πλῆθος
1058 3300 1317 3371 οὐρανίας
1355 3300 1615 3371 στρατιᾶς
1663 3298 1756 3352 τὸν

169 3392 504 3463 γεννηθέντα
538 3392 856 3461 ἐδοξολόγει.
900 3392 1089 3446 Ταῦτα
1121 3392 1178 3445 δὲ
1209 3391 1387 3446 πάντα
1416 3408 1757 3445 κατασκευα-

169 3484 333 3537 στικά
365 3485 475 3537 εἱσι
507 3482 603 3536 τοῦ
635 3483 727 3537 διά
758 3501 918 3537 τινων
958 3484 1243 3553 δυνάμεων
1290 3483 1391 3547 τὰς
1439 3483 1758 3551 θεοφανείας

170 3574 443 3641 γίνεσθαι,
477 3574 575 3628 καὶ
604 3574 707 3627 οὐκ
739 3574 979 3645 ἀμέσως,
1003 3573 1185 3636 καθὼς
1216 3573 1430 3644 οἰηθείη
1457 3590 1561 3637 τις.

246 3777 391 3846 Ἤδη
426 3774 734 3845 προϐαίνων
755 3776 782 3827 6
808 3773 963 3843 λόγος
995 3774 1155 3845 μέχρι
1182 3771 1343 3827 αὐτοῦ
1375 3772 1469 3826 τοῦ
1502 3775 1756 3845 Σωτῆρος

172 3866 387 3937 πρόεισι
408 3882 422 3894 ·
461 3866 557 3917 καὶ
583 3863 745 3928 αὐτὸς
776 3862 903 3932 γάρ,
936 3865 968 3933 ὴ
999 3860 1326 3933 ύπερούσιος
1357 3861 1506 3914 αίτία
1531 3860 1638 3913 τῶν
1665 3862 1757 3913 οὐ·

174 3955 375 4026 ρανίων
408 3954 693 4023 δυνάμεων
713 3994 727 4015 ,
763 3953 898 4025 πρὸς
940 3951 1001 4005 τὸ
1040 3949 1164 4004 καθ’
1193 3952 1338 4021 ἡμᾶς
1371 3950 1756 4022 ἀμεταϐλήτως

172 4042 486 4114 ἐληλυθὼς,
529 4043 629 4095 οὐκ
662 4041 919 4112 ἀποπηδᾷ
956 4041 1054 4111 τῆς
1090 4038 1557 4111 ἀνθρωποπαθοῦς
1597 4043 1756 4095 εύτα-

174 4134 312 4201 ξίας,
344 4135 410 4188 τὸ
433 4134 501 4187 δι’
526 4133 775 4203 ἀγγέλων
806 4134 1046 4203 δηλονότι
1070 4132 1139 4187 τὰ
1168 4131 1289 4186 καθ’
1317 4132 1481 4187 αὑτὸν
1506 4135 1753 4206 παραδη-

170 4224 423 4289 λοῦσθαι,
470 4224 568 4277 καὶ
610 4223 1004 4294 οἰκονομεῖσθαι
1048 4222 1202 4294 παρὰ
1224 4222 1318 4277 τοῦ
1349 4223 1483 4277 Θεοῦ
1515 4227 1609 4278 καὶ
1641 4227 1755 4279 Πα-

170 4318 299 4388 τρός
321 4334 336 4347 ’
373 4314 469 4369 διὰ
508 4315 675 4387 μέσον
712 4314 822 4386 γὰρ
862 4314 1043 4369 αὐτῶν
1088 4315 1407 4384 ἀγγέλλεται
1434 4315 1513 4386 τῷ
1555 4317 1754 4389 Ἰωσὴφ

173 4412 204 4480 ἡ
236 4408 377 4479 πρὸς
411 4406 689 4475 Αἴγυπτον
738 4406 1101 4479 ἀναχώρησις,
1151 4408 1244 4461 καὶ
1275 4410 1309 4480 ή
1350 4409 1445 4462 ἀπ’
1479 4408 1752 4477 Αἰγύπτου

1863 3220 2006 3274 alius
2052 3220 2216 3274 etiam
2248 3220 2591 3290 pastoribus,
2632 3228 2889 3287 tanquam
2940 3218 2992 3271 in
3043 3218 3336 3274 solitudine
3366 3234 3433 3274 ac

1858 3312 2039 3380 quiete
2070 3310 2400 3375 viventibus,
2450 3310 2881 3381 evangelizavit;
2930 3324 3053 3363 cum
3102 3325 3212 3379 quo
3255 3310 3425 3365 etiam

1857 3403 2147 3458 multitudo
2211 3403 2453 3459 caelestis
2506 3405 2785 3458 exercitus
2838 3414 3024 3457 natum
3082 3403 3426 3473 glorificavit.

1859 3494 1985 3548 llaec
2034 3502 2213 3547 autem
2261 3494 2446 3547 omnia
2490 3495 2747 3564 probant,
2790 3510 2889 3562 per
2934 3494 3169 3550 virtutes
3213 3494 3428 3564 aliquas

1857 3582 2077 3635 divinas
2106 3582 2477 3651 apparitiones
2520 3582 2659 3647 ﬁeri,
2694 3592 2748 3637 et
2776 3600 2882 3638 non
2916 3584 3250 3651 immediate,
3283 3584 3429 3639 sicut

1858 3676 2079 3745 quidam
2108 3684 2291 3745 posset
2322 3675 2558 3744 cpiuari.

1928 3767 2205 3823 Hactenus
2237 3783 2420 3822 sermo
2448 3776 2635 3823 noster
2669 3768 2736 3821 ad
2766 3768 2937 3838 ipsum
2964 3785 3140 3840 usque
3174 3769 3426 3826 Salvato-

1856 3873 1971 3913 rem
2003 3873 2348 3929 progressus,
2398 3860 2657 3930 quoniam
2703 3870 2758 3914 et
2794 3860 3024 3928 ipsemet
3068 3877 3425 3932 superessen-

1860 3948 2007 4004 tialis
2052 3950 2355 4005 caelestium
2394 3951 2658 4004 virtutum
2705 3959 2895 4005 auctor
2941 3953 3237 4018 exsistens,
3279 3962 3428 4022 post-

1856 4056 2017 4110 quam
2050 4052 2304 4097 uaturam
2350 4052 2595 4097 nostram
2632 4043 3054 4099 immutabiliter
3100 4047 3423 4116 assumpsit,

1856 4147 2204 4201 nequaquam
2259 4133 2462 4204 refugit
2528 4135 2820 4189 humanam
2878 4136 3318 4201 ordinationem,
3366 4148 3426 4192 ut

1856 4223 2071 4278 scilicet
2121 4238 2219 4292 per
2264 4224 2513 4293 angelos,
2565 4238 2629 4277 ea
2661 4239 2785 4294 qua:
2816 4227 2883 4279 ad
2932 4226 3106 4295 ipsum
3154 4237 3424 4298 spectant,

1857 4313 2175 4369 revelentur
2202 4327 2267 4369 ac
2312 4316 2670 4384 disponantur
2705 4330 2734 4367 a
2770 4318 2876 4370 Deo
2915 4332 2979 4373 ac
3010 4317 3171 4373 Patre
3202 4335 3217 4371 :
3247 4319 3421 4388 siqui-

1857 4404 1977 4459 dem
2028 4406 2272 4475 ipsorum
2304 4420 2469 4474 opera
2499 4405 2740 4476 Josepho
2784 4409 3144 4463 auuuntiatur
3174 4424 3424 4466 recessus

176 4501 311 4571 πρὸς
342 4500 449 4570 τὴν
494 4499 753 4552 Ἰουδαίαν
794 4495 947 4563 αὖθις
988 4501 1300 4571 μεταγωγή.
1334 4500 1444 4552 Καὶ
1483 4499 1550 4552 δι’
1592 4500 1752 4568 ἀγγέ-

1862 4497 1911 4551 ln
1947 4496 2264 4569 Egyptum,
2296 4510 2353 4554 et
2390 4501 2457 4554 ab
2489 4499 2727 4571 IEgypto
2760 4500 2955 4553 iterum
2981 4498 3425 4558 inJudaamred-

173 4590 279 4646 λων
306 4591 477 4645 αὐτὸν
510 4591 729 4661 ὁρῶμεν
754 4590 857 4644 ὑπὸ
877 4591 969 4644 τὸν
1002 4592 1165 4662 νόμον
1193 4590 1516 4662 ταττόμενον
1536 4609 1549 4621 ·
1580 4593 1609 4645 ὁ
1645 4591 1754 4662 γὰρ

173 4684 420 4746 τοιοῦτος
448 4685 615 4753 νόμος
644 4683 710 4736 δι’
738 4683 983 4751 ἀγγέλων
1025 4683 1177 4755 ἐδόθη
1199 4722 1214 4747 ,
1248 4683 1339 4751 ὑφ’
1375 4682 1434 4735 ὃν
1462 4682 1558 4736 καὶ
1594 4682 1755 4745 αὐτὸς

185 4775 509 4844 γενόμενος,
558 4774 626 4827 δι’
671 4774 917 4842 ἀγγέλων
961 4774 1201 4846 δηλονότι
1254 4776 1356 4847 τὴν
1403 4773 1755 4843 θεσμοθεσίαν

175 4871 409 4939 δέχεται.
446 4868 783 4938 Παραλείπω
825 4868 1005 4937 λέγειν
1038 4886 1121 4922 σοι
1160 4868 1236 4931 ὡς
1272 4868 1467 4933 είδότι,
1500 4861 1548 4921 ὦ
1591 4868 1755 4939 Τιμό-

178 4963 285 5025 θεε,
307 4963 377 5016 τὰ
394 4961 508 5015 τῶν
532 4962 765 5033 Γραφῶν
788 4963 1058 5034 μυστήρια
1076 5003 1090 5028 ,
1116 4962 1213 5015 καὶ
1244 4963 1373 5032 περὶ
1396 4960 1490 5015 τοῦ
1523 4961 1754 5031 ἀγγέλου

174 5062 267 5114 τοῦ
299 5061 396 5114 τὸν
426 5060 708 5130 Δεσπότην
735 5061 968 5132 Χριστὸν
1013 5063 1070 5114 ὲν
1102 5060 1181 5131 τῷ
1214 5060 1392 5132 καιρῷ
1425 5059 1521 5115 τοῦ
1550 5060 1755 5123 πάθους

177 5153 592 5225 ἐνισχῦσαντος·
627 5150 657 5204 6
677 5150 787 5222 γὰρ
817 5152 875 5204 ὲν
904 5151 984 5223 τῷ
1015 5150 1331 5222 Εὐαγγελίῳ
1360 5150 1506 5218 λέγει
1528 5152 1557 5203 6
1584 5150 1755 5221 μέγας

183 5246 412 5308 Λουκᾶς,
446 5242 523 5306 ὼς
560 5246 854 5313 μυστήριον
876 5242 1147 5314 παρεδόθη
1190 5242 1295 5295 ὑπὸ
1327 5241 1422 5294 τοῦ
1455 5240 1752 5295 ἀποστόλου

176 5341 393 5396 Παύλου
416 5342 650 5405 τούτοις.
686 5342 781 5395 Ἔν
803 5342 895 5395 καὶ
925 5341 986 5394 τὸ
1010 5341 1267 5395 ἐπέκεινα
1294 5340 1521 5403 τούτων,
1545 5340 1626 5392 ὅτι
1659 5340 1754 5393 καὶ

180 5434 603 5503 αύτδς’Δγγελος
625 5434 729 5505 τῆς
760 5435 997 5505 μεγάλης
1023 5433 1219 5504 βουλῆς
1246 5433 1459 5502 λέγεται
1497 5430 1649 5502 παρά
1674 5431 1753 5501 τῷ

190 5525 407 5598 Ἡσαΐᾳ,
438 5524 609 5579 ὲλθὼν
641 5526 737 5578 καὶ
762 5526 922 5589 αὐτὸς
955 5527 1035 5588 είς
1066 5525 1464 5595 ὲκφαντορικὴν
1486 5523 1637 5588 τάξιν
1664 5523 1754 5576 διὰ

183 5617 275 5687 τὴν
304 5617 588 5687 ἡμετέραν
620 5615 916 5686 σωτηρίαν,
955 5614 1049 5668 καὶ
1092 5613 1522 5683 ἀγγελοπρεπῶς
1552 5613 1745 5681 λέγων’

189 5706 336 5760 Ὅσα
378 5707 623 5775 ἤκουσα
668 5709 830 5775 παρὰ
866 5707 974 5760 τοῦ
1018 5705 1248 5773 Πατρός
1270 5745 1284 5769 ,
1339 5704 1526 5759 ταῦτα
1575 5702 1751 5757 λελά-

198 5800 357 5868 ληκα,
405 5802 499 5854 καὶ
548 5800 629 5855 τόσ
680 5799 1059 5871 Ἐφανέρωσά
1103 5813 1219 5852 σου
1266 5796 1331 5850 τὸ
1388 5796 1573 5867 ὄνομα
1624 5793 1748 5861 τοῖς

1863 4590 1992 4646 itus.
2057 4592 2124 4649 Et
2148 4606 2248 4662 per
2277 4594 2500 4662 angelos
2523 4596 2695 4664 ipsum
2733 4595 2983 4648 videmus
3011 4593 3114 4647 sub
3149 4596 3268 4664 lege
3291 4609 3424 4649 con—

1856 4682 2103 4735 stitutqu
2134 4704 2144 4737 :
2175 4698 2301 4736 nam
2360 4700 2456 4753 per
2507 4687 2727 4754 angelos
2768 4682 3099 4750 ejuscemodi
3157 4684 3246 4739 lex
3295 4686 3421 4739 data

1855 4783 1960 4838 est,
2000 4775 2100 4829 sub
2134 4790 2243 4845 qua
2274 4776 2441 4831 etiam
2475 4775 2592 4845 ipse
2645 4776 2822 4831 factus
2847 4816 2862 4842 ,
2912 4791 3011 4845 per
3039 4777 3262 4844 angelos
3289 4791 3422 4848 pro.

1856 4864 2001 4919 tecto
2051 4866 2184 4937 legis
2238 4868 2572 4922 sanctionem
2626 4870 2850 4938 accipit.
2905 4860 3110 4923 Omitto
3162 4870 3260 4925 tibi
3302 4877 3425 4923 tan-

1857 4971 2017 5025 quam
2070 4959 2303 5024 scienti,
2360 4975 2393 5014 ο
2444 4959 2762 5025 Timothee,
2816 4974 3110 5015 recensere
3161 4961 3420 5034 mysteria

1858 5048 2312 5118 Scripturarum,
2369 5060 2426 5105 et
2478 5053 2545 5105 de
2594 5050 2789 5121 angelo
2848 5051 3121 5119 passionis
3181 5060 3423 5121 tempore

1855 5139 2129 5195 Christum
2188 5142 2478 5198 Dominum
2531 5143 2876 5197 coufortaute
2925 5160 2940 5195 :
2991 5143 3134 5211 quod
3178 5142 3323 5197 enim
3364 5143 3420 5198 in

1854 5232 2151 5297 Evangelio
2178 5247 2407 5303 magnus
2434 5232 2612 5288 Lucas
2656 5232 2861 5300 refert,
2917 5238 3172 5302 tanquam
3217 5240 3422 5302 myste-

1857 5326 1996 5380 rium
2028 5326 2114 5380 his
2160 5326 2227 5380 ab
2275 5326 2521 5396 apostolo
2569 5325 2741 5381 Paulo
2775 5323 3037 5380 traditum
3083 5334 3189 5379 est.
3240 5323 3419 5379 Unum

1855 5433 2017 5489 porro
2049 5419 2176 5474 illud
2200 5420 2366 5473 etiam
2399 5418 2514 5472 haec
2543 5427 2785 5486 superat,
2813 5418 2957 5487 quod
2989 5416 3156 5471 etiam
3190 5416 3422 5486 ipsemet

1856 5516 2036 5584 magni
2069 5514 2284 5569 consilii
2317 5513 2559 5583 Angelus
2604 5513 2673 5568 ab
2705 5511 2840 5567 Isaia
2869 5512 3208 5576 nominatur;
3246 5524 3420 5578 quan-

1855 5606 2148 5675 doquidem
2194 5605 2360 5659 etiam
2396 5606 2514 5673 ipse
2544 5613 2769 5673 propter
2801 5611 3044 5656 nostram
3088 5602 3315 5655 salutem
3361 5597 3419 5653 in

1854 5699 2103 5754 ordinem
2143 5696 2355 5753 venerit
2402 5711 2595 5751 eorum
2641 5694 2734 5763 qui
2786 5689 3171 5747 manifestandi
3216 5703 3419 5745 munus

1857 5794 2093 5859 obeunt,
2137 5799 2190 5848 et
2238 5791 2557 5862 angelorum
2604 5800 2759 5844 more
2798 5784 3039 5843 dixerit:
3079 5786 3415 5856 Quwcunquc
