3908 6232
480 261 581 317 I95

1678 264 1733 319 s.
1773 263 2071 321 DlONYSll
2103 242 2569 323 AREOPAGITE

3630 276 3738 331 I96

475 378 651 430 audivi
679 395 710 432 a
746 376 928 442 Patre,
967 378 1078 432 luet:
1108 378 1311 432 locutus
1342 395 1455 432 sunt
1482 382 1528 443 ι,
1562 390 1619 433 et
1648 380 1779 434 illud
1812 399 1827 435 :
1872 382 2028 436 Mani

2152 383 2512 451 ἀνθρώποις,
2578 386 2712 456 πρὸς
2756 386 2847 439 τὸν
2906 386 3125 458 Πατέρα
3167 386 3385 459 λεχθέν·
3430 390 3585 444 τοῦτο
3627 394 3740 463 γάρ

476 468 662 537 festavi
693 486 879 523 nomen
910 480 1057 523 tuum
1080 471 1374 523 hominibus
1398 478 1449 535 ιι,
1477 471 1543 524 ad
1571 471 1782 526 Patrem
1812 473 2048 529 dictum:

477 559 581 613 hoc
610 560 879 627 siquidem
909 570 996 614 est
1020 560 1419 615 manifestatio.

836 886 943 959 47
1013 877 1392 966 CAPUT
1464 883 1578 969 V.

515 1006 691 1073 Quare
737 1027 914 1064 omnes
949 1012 1186 1064 essentiw
1232 1013 1459 1065 caelestes
1504 1015 1767 1066 communi
1808 1014 2015 1067 nomine

1007 1081 1199 1151 _angeli
1234 1092 1503 1136 vocentur.

2158 476 2305 529 ἐστιν
2332 478 2364 547 ή
2401 479 2753 550 ὲκςραντορία.

2530 876 3173 961 ΚΕΦΑΛΑΙΟΝ
3229 879 3292 960 Ε
3311 872 3355 960 ’.

2213 1012 2315 1065 Διὰ
2350 1012 2405 1064 τί
2437 1011 2625 1067 πᾶσαι
2657 1017 2717 1067 al
2752 1014 3017 1080 obprier
3051 1016 3251 1068 οὐσίαι
3283 1016 3431 1069 κατὰ
3466 1014 3672 1069 κοινοῦ

2647 1084 2887 1154 ἄγγελοι
2931 1084 3230 1155 λέγονται.

1753 1236 2089 1293 SYNOPSIS
2122 1237 2421 1297 CAPITIS.

470 1394 631 1461 Docet,
680 1387 1069 1462 nomen‘ongeti,
1106 1390 1325 1462 quamvis
1358 1389 1751 1462 proprie-ultimo
1773 1389 1937 1462 ordini
1963 1390 2225 1462 ciete-stium

2249 1392 2507 1460 spirituum
2528 1392 2793 1460 conveniat,
2812 1392 3143 1460 superioribus
3174 1400 3332 1446 tamen
3353 1393 3727 1460 ordinibuspm

529 1452 785 1522 incongrue
810 1451 1003 1522 attribui
1026 1465 1043 1511 ;
1083 1451 1196 1522 cum
1213 1512 1223 1522 _
1240 1460 1284 1522 et
1307 1451 1401 1522 ipsi
1423 1451 1713 1522 inferiorum
1739 1453 1962 1522 _vi.rtutes
1985 1452 2240 1522 obtineant,
2267 1451 2312 1507 et
2333 1456 2612 1522 earumdem
2630 1456 2763 1507 obire
2782 1451 2964 1522 possint
2994 1456 3278 1520 functiones,
3297 1464 3439 1520 atque
3459 1460 3580 1508 adeo
3607 1457 3728 1510 inde

526 1513 685 1565 etiom'
694 1513 937 1563 nominari
960 1513 1144 1577 possint
1166 1527 1184 1565 :
1207 1513 1519 1579 inferioribus
1547 1528 1659 1565 vero
1678 1514 1748 1565 uti
1772 1513 1989 1575 virtutes,
2015 1516 2087 1566 sic
2106 1530 2192 1567 nec
2211 1513 2408 1569 nomina
2429 1516 2735 1580 superiorum
2754 1513 3021 1571 convenire.

535 1666 661 1724 Haec
705 1664 924 1736 quidem
949 1671 1066 1725 est,
1098 1671 1366 1730 quantum
1400 1663 1663 1732 capimus,
1706 1666 1964 1731 angelica:
1994 1667 2028 1720 ἰι

2220 1666 2367 1737 Αὕτη
2402 1667 2499 1737 μὲν
2531 1662 2624 1720 οὖν
2660 1669 2827 1732 ἐστιν,
2858 1668 2991 1740 ὼςή
3028 1667 3150 1721 καθ’
3183 1669 3329 1738 ἡμᾶς
3348 1669 3414 1731 ⁸⁷,
3445 1670 3590 1721 αἰτία
3617 1670 3730 1740 τῆς

466 1760 703 1831 eloquiis
758 1758 1139 1827 appellationis
1205 1772 1407 1820 causa;
1460 1757 1818 1812 scrutandum
1881 1761 2040 1814 modo

468 1865 690 1913 censeo,
726 1866 825 1904 cur
858 1848 1128 1915 theologi,
1163 1862 1355 1902 omnes
1392 1849 1598 1917 pariter
1626 1851 1894 1904 essentias
1930 1866 2041 1906 cm-

466 1946 633 2000 lestes
661 1943 887 2014 angelos
913 1942 1231 2013 appellent;
1266 1942 1357 1995 uhi
1390 1953 1573 1996 autem
1603 1942 1672 1995 ad
1704 1943 2041 2011 explanatio—

463 2054 588 2093 nem
643 2048 862 2093 veutum
913 2037 1077 2092 fuerit
1108 2033 1634 2105 supermundialium
1679 2035 1918 2104 ipsarum
1951 2051 2041 2090 or-

463 2131 847 2194 dinationum,
906 2129 1154 2183 ordinem
1216 2126 1521 2194 angelicum
1581 2128 1799 2197 proprie
1844 2138 2039 2184 vocent

458 2241 622 2287 eum,
671 2225 763 2296 qui
822 2224 1037 2279 divinos
1090 2223 1456 2291 caelestesque
1505 2222 1725 2276 ordines
1773 2222 2038 2293 explenda

458 2320 677 2374 claudat
707 2336 721 2372 :
758 2319 847 2373 isti
882 2331 1011 2370 vero
1042 2316 1457 2386 archangelicas
1486 2324 1828 2383 anteponant
1863 2315 2039 2386 dispo-

459 2412 709 2474 sitiones,
739 2420 794 2465 et
825 2409 1183 2480 principatus,
1219 2423 1280 2463 ac
1321 2416 1643 2477 potestates,
1678 2408 2034 2480 virtutesque,

457 2512 515 2559 et
558 2516 914 2572 quascunque
962 2502 1114 2556 hisce
1164 2500 1425 2555 celsiores
1458 2501 1684 2571 spiritus
1728 2513 2037 2571 agnoscunt

454 2596 794 2664 eloquiorum
840 2593 1229 2663 explanatorize
1281 2594 1603 2649 traditiones
1627 2603 1675 2652 '.
1726 2598 2037 2650 Asserlmus

466 2689 657 2757 igitur,
714 2685 1011 2741 secundum
1059 2700 1273 2739 omnem
1326 2701 1538 2740 sacram
1586 2688 2033 2755 dispositionem,

461 2780 777 2848 superiores
846 2792 1063 2847 quoque
1118 2779 1386 2844 ordines,
1442 2778 1761 2833 inferiorum
1818 2794 2035 2848 quoque

454 2873 731 2943 agminum
804 2868 1299 2925 illuminalionibus
1343 2871 1747 2940 virtutibusque
1794 2871 2031 2941 pollere,

458 2973 773 3033 postremos
801 2977 929 3016 vero
961 2978 1065 3017 non
1094 2963 1220 3017 item
1254 2963 1601 3033 superiorum
1631 2978 1851 3017 suorum
1900 2979 2036 3018 con-

2148 1758 2445 1829 ἀγγελικῆς
2489 1758 2671 1824 αὐτοῖς
2698 1761 2744 1795 ⁸⁸
2790 1759 2991 1829 λογίοις
3034 1762 3380 1831 ἐπωνυμίας·
3427 1762 3731 1832 ἐρευνῆσαι

2142 1849 2199 1901 δὲ
2224 1847 2299 1911 ὼς
2322 1843 2472 1919 οἶμαι
2505 1848 2629 1920 χρὴ,
2663 1850 2729 1902 δι’
2754 1850 2820 1921 ἣν
2848 1850 3024 1904 αἰτίαν
3058 1852 3106 1903 οί
3136 1852 3371 1921 θεολόγοι
3410 1854 3589 1916 πάσας
3622 1854 3730 1923 μὲν

2142 1941 2259 2011 ἅμα
2300 1940 2401 2003 τὰς
2432 1942 2713 2013 οὐρανίους
2759 1942 2945 2005 οὐσίας
2974 1942 3236 2011 ἀγγέλους
3269 1943 3492 1997 καλοῦσι
3521 1962 3534 1975 ·
3578 1945 3731 2015 πρὸς

2138 2035 2196 2089 δὲ
2249 2034 2348 2106 τὴν
2408 2035 2768 2105 ὲκφαντορίαν
2822 2034 3105 2106 ἐρχόμενοι
3160 2036 3269 2089 τῶν
3331 2036 3730 2106 ὐπερκοσμίων

2144 2124 2190 2157 θ’
2213 2125 2390 2178 αὐτῶν
2415 2128 2848 2200 διακοσμήσεων,
2888 2126 3040 2193 τάξιν
3083 2128 3377 2199 ἀγγελικὴν
3414 2128 3557 2189 ίδίως
3596 2127 3728 2177 ὀνο-

2143 2218 2408 2291 μάζουσι,
2463 2222 2562 2291 τὴν
2617 2219 3086 2292 συμπληρωτικῶς
3144 2220 3596 2291 ἀποπερατοῦσαν
3647 2221 3729 2276 τὰ

2138 2313 2255 2368 θεῖα
2283 2316 2377 2369 καὶ
2412 2313 2639 2387 οὐράνια
2669 2315 2957 2385 τάγματα·
2996 2312 3103 2383 πρὸ
3129 2312 3333 2382 ταύτης
3368 2313 3423 2365 δὲ
3451 2314 3726 2384 ὑπερκει-

2141 2408 2316 2478 μένως
2343 2408 2596 2461 τάττουσι
2640 2408 2766 2471 τοὺς
2799 2405 3229 2478 ἀρχαγγελικοὺς
3250 2405 3322 2437 ’⁸⁸
3352 2405 3682 2475 διακόσμους
3704 2448 3722 2473 ,

2135 2499 2234 2563 τάς
2271 2515 2331 2552 τε
2383 2498 2576 2569 ἀρχὰς,
2614 2496 2833 2560 καὶτὰς
2862 2496 3127 2562 ἐξουσίας,
3168 2495 3386 2559 καὶτὰς
3428 2496 3722 2567 δυνάμεις,

2134 2591 2265 2654 ὅσας
2291 2608 2348 2643 τε
2377 2590 2582 2643 τούτων
2613 2588 3051 2661 ὐπερϐεϐηκυίας
3079 2588 3266 2652 οὐσίας
3298 2589 3353 2641 αἱ
3385 2589 3495 2640 τῶν
3516 2588 3726 2658 λογίων

2138 2682 2312 2735 ίσασιν
2354 2683 2746 2755 ἐκφαντορικαὶ
2794 2682 3144 2754 παραδόσεις.
3192 2682 3376 2753 Φαμὲν
3428 2681 3526 2745 δὲ,
3585 2684 3670 2735 ὅτι
3702 2725 3719 2749 ,

2134 2777 2277 2831 κατὰ
2323 2780 2505 2831 πᾶσαν
2551 2776 2701 2847 ἱερὰν
2735 2777 3128 2847 διακόσμησιν,
3162 2775 3220 2827 αἱ
3267 2777 3362 2845 μὲν
3401 2776 3723 2847 ὐπερὸεόη-

2136 2875 2284 2926 κυῖαι
2310 2871 2491 2938 τάξεις
2534 2871 2714 2940 ἔχουσι
2742 2869 2835 2922 καὶ
2866 2868 2964 2931 τὰς
3010 2868 3118 2922 τῶν
3162 2867 3465 2937 ὐφειμένων
3524 2868 3719 2921 διακο-

2134 2967 2385 3037 σμήσεων
2408 2963 2699 3033 ὲλλάμψεις
2725 2962 2817 3015 καὶ
2848 2960 3106 3030 δυνάμεις
3128 2960 3167 3023 ¹,
3198 2959 3486 3029 ὰμέθεκτοι
3515 2960 3573 3013 δὲ
3598 2962 3721 3012 τῶν

451 3066 634 3111 sortes
682 3070 827 3112 esse.
878 3054 1069 3125 Itaque
1114 3056 1465 3110 sanctissima
1512 3055 1601 3108 illa
1653 3070 2028 3124 supremorum

2135 3057 2299 3121 αὐτὰς
2339 3055 2787 3127 ’ὑπερκειμένων
2840 3054 2975 3105 εἰσιν
3020 3053 3077 3105 al.
3122 3052 3446 3105 τελευταῖαι.
3493 3051 3575 3104 Τὰ
3612 3054 3722 3122 μὲν

452 3149 675 3221 sgmina
710 3148 1033 3217 spirituum,
1066 3146 1287 3216 angelos
1316 3161 1530 3215 quoque
1566 3147 1802 3213 theologi
1838 3146 2024 3215 appel-

449 3241 588 3307 lant,
618 3241 762 3311 quod
797 3248 853 3295 et.
890 3240 1003 3310 ipsa
1043 3240 1283 3292 divinam
1314 3238 1671 3295 manifeSIent
1703 3238 2024 3294 illustratio-

454 3349 605 3389 nem.
666 3332 839 3387 Porro
893 3331 1196 3386 caelestium
1251 3331 1731 3399 iutelligeutiarum
1776 3330 2022 3386 ordinem

458 3425 858 3486 novissimum,
907 3422 994 3477 vel
1048 3424 1494 3494 principatuum,
1546 3424 1629 3476 vel
1680 3426 2021 3486 thronorum,

449 3516 535 3571 vel
566 3516 982 3585 seraphinorum
1032 3516 1253 3569 nomine
1302 3514 1665 3584 compellandi
1705 3515 1845 3569 ratio
1876 3514 2022 3569 nulla

448 3609 814 3677 suppetebat:
848 3621 1023 3675 neque
1048 3606 1193 3659 enim
1239 3606 1813 3675 praestantissimarum
1850 3606 2021 3660 virtu-

449 3711 560 3755 tum
582 3701 792 3755 illarum
812 3699 1085 3769 particeps
1107 3699 1359 3761 exsistit,
1379 3697 1471 3751 sed
1498 3698 1641 3752 sicut
1672 3698 1783 3766 ipse
1807 3696 2021 3751 divinos

453 3800 676 3847 nostros
708 3790 1055 3844 sacerdotum
1088 3787 1362 3858 principes
1390 3788 1610 3843 adducit
1639 3789 1708 3843 ad
1750 3788 2021 3857 praestitu-

452 3890 534 3934 tas
583 3879 686 3933 sibi
736 3878 1043 3932 divinitatis
1088 3878 1565 3941 collustrationes;
1602 3878 1675 3931 ita
1705 3878 1870 3931 etiam
1895 3877 2019 3942 illas,

447 3984 569 4039 quae
604 3971 701 4024 hos
735 3970 964 4038 spiritus
990 3970 1307 4039 przecedunt
1344 3970 1731 4023 sacratissima:
1763 3970 2017 4033 virtutes,

447 4063 515 4117 ad
551 4063 792 4117 divinum
828 4060 1036 4116 Numen
1072 4060 1351 4131 subriguut
1395 4061 1804 4116 distinctionem
1840 4060 2017 4124 illam,

446 4171 570 4227 quae
599 4156 883 4227 angelicas
912 4154 1175 4224 adimplet
1200 4154 1558 4208 hierarchias.
1591 4153 1703 4207 Nisi
1731 4153 1870 4208 forte
1896 4156 2017 4222 quis

447 4261 766 4303 communes
792 4260 912 4300 esse
950 4244 1082 4297 velit
1104 4241 1378 4311 angelicas
1400 4257 1591 4296 omnes
1608 4240 2014 4310 appellationes,

440 4338 594 4408 juxta
620 4336 927 4394 caalestium
954 4335 1222 4390 virtutum
1250 4335 1495 4389 omnium
1530 4334 1584 4387 in
1628 4333 2011 4399 deiformitate,

2128 3145 2221 3202 οὖν
2256 3146 2536 3216 ἁγιώτατα
2578 3147 2685 3199 τῶν
2716 3145 3032 3217 ὐπερτάτων
3073 3144 3270 3197 οὐσιῶν
3310 3145 3563 3214 τάγματα
3614 3145 3721 3197 καὶ

2127 3243 2391 3313 ἀγγέλους
2417 3241 2671 3295 καλοῦσιν
2705 3242 2753 3293 οί
2790 3240 3051 3310 θεολόγοι,
3078 3241 3173 3293 καὶ
3195 3240 3305 3311 γάρ
3339 3242 3473 3294 εἰσιν
3500 3242 3719 3309 ἐκφαν-

2125 3335 2319 3407 τορικὰ
2378 3336 2469 3387 καὶ¹
2511 3333 2650 3387 αὐτὰ
2707 3334 2807 3403 τῆς
2853 3334 3151 3405 θεαρχικῆς
3202 3332 3539 3403 ὲλλάμψεως.
3595 3333 3721 3401 Τὴν

2124 3425 2276 3489 τάξιν
2304 3424 2363 3477 δὲ
2388 3424 2486 3495 τὴν
2518 3423 2626 3476 τῶν
2657 3424 2925 3493 οὐρανίων
2953 3424 3087 3477 νοῶν
3116 3422 3427 3476 τελευταίαν
3459 3423 3560 3475 οὐκ
3593 3422 3720 3492 ἔχει

2124 3516 2279 3585 λόγον
2308 3515 2501 3587 ἀρχὰς,
2539 3514 2557 3544 ³
2580 3518 2612 3585 ἢ
2635 3515 2880 3585 θρόνους,
2909 3515 2942 3585 ἢ
2970 3516 3209 3586 σεραφὶμ
3230 3514 3513 3585 ὀνομάζειν
3536 3530 3550 3543 ·
3585 3513 3719 3566 οὐδὲ

2124 3611 2236 3682 γάρ
2284 3612 2428 3663 ἐστιν
2471 3610 2527 3662 ὲν
2578 3606 2835 3679 μετουσίᾳ
2881 3605 2988 3659 τῶν
3034 3606 3352 3677 ὐπερτάτων
3394 3603 3715 3672 δυνάμεων,

2124 3703 2238 3757 ἀλλ’
2270 3701 2459 3771 ὥσπερ
2502 3699 2639 3767 αὐτη
2666 3698 2793 3760 τοὺς
2836 3697 2956 3750 καθ’
2988 3697 3135 3767 ἡμᾶς
3178 3694 3395 3757 ἐνθέους
3438 3692 3717 3765 ίεράρχας

2125 3795 2314 3863 ἀνάγει
2366 3794 2501 3864 πρὸς
2544 3790 2643 3853 τὰς
2692 3788 3043 3859 ὲγνωσμένας
3088 3790 3225 3858 αὐτῇ
3266 3788 3366 3857 τῆς
3397 3787 3661 3857 θεαρχίας
3690 3790 3717 3820 ι

2125 3889 2316 3958 αὐγὰς,
2351 3888 2491 3940 οὕτω
2522 3886 2615 3939 καὶ
2644 3885 2752 3937 τῶν
2792 3883 2897 3955 πρὸ
2928 3882 3099 3951 αὐτῆς
3133 3881 3331 3935 οὐσιῶν
3363 3882 3418 3934 αί
3448 3883 3714 3952 πανίεροι

2120 3979 2375 4049 δυνάμεις
2408 3975 2747 4044 ἀναγωγικαὶ
2779 3973 2915 4044 πρὸς
2938 3972 2998 4025 τὸ
3028 3971 3180 4024 Θεῖόν
3208 3972 3314 4023 είσι
3338 3970 3438 4040 τῆς
3459 3971 3718 4043 ἀποπλη-

2124 4071 2324 4143 ρούσης
2355 4068 2453 4132 τὰς
2500 4066 2795 4136 ἁγγελικὰς
2839 4064 3120 4137 ίεραρχίας
3151 4064 3583 4134 διακοσμήσεως.
3636 4065 3712 4117 Ei

2125 4162 2198 4234 μὴ
2234 4162 2341 4232 ἄρα
2362 4177 2445 4223 τις
2477 4160 2572 4212 καὶ
2603 4156 2761 4211 τοῦτο
2807 4156 2976 4225 φαίη,
3014 4154 3076 4207 τὸ
3119 4154 3302 4217 κοινὰς
3339 4150 3477 4207 εἶναι
3515 4156 3711 4222 πάσας

2118 4253 2216 4317 τὰς
2268 4249 2565 4320 ἀγγελικὰς
2616 4248 2937 4319 ὀνομασίας,
2997 4246 3137 4300 κατὰ
3196 4247 3295 4317 τὴν
3355 4246 3543 4299 πασῶν
3589 4250 3709 4303 τῶν

2117 4342 2380 4413 οὐρανίων
2431 4340 2712 4409 δυνάμεων
2760 4340 2839 4400 είς
2892 4337 2953 4390 τὸ
3006 4336 3275 4400 θεοειδὲς,
3325 4338 3416 4389 καὶ
3474 4338 3577 4408 τὴν
3635 4341 3709 4393 ἐκ

445 4432 649 4501 Deique
682 4430 769 4484 vel
796 4426 1103 4484 remissiori
1138 4426 1225 4481 vel
1259 4425 1602 4480 eminentiori
1637 4425 1841 4479 tumine
1866 4441 2015 4480 com-

2135 4430 2247 4483 9506
2297 4426 2625 4497 φωτοδοσίαν
2684 4425 2980 4496 ὐφειμένην
3038 4426 3133 4479 καὶ
3186 4424 3527 4496 προύχουσαν
3582 4447 3708 4483 κοι-

446 4522 894 4577 municationem.
946 4517 1151 4572 Verum
1186 4533 1294 4588 quo
1331 4517 1643 4572 distinctior
1678 4516 1834 4572 nobis
1880 4534 2010 4588 pro-

2135 4520 2329 4574 νωνίαν.
2394 4518 2530 4571 Ἀλλ’
2565 4519 2651 4571 ἵνα
2701 4517 2897 4587 μᾶλλον
2941 4518 3070 4587 ἡμῖν
3114 4520 3144 4571 ὁ
3188 4518 3344 4587 λόγος
3382 4518 3704 4593 διευκρινη-

442 4612 600 4667 cedat
622 4611 819 4674 oratio,
858 4618 1239 4665 sacrosanctas
1287 4605 1552 4676 cujusque
1588 4607 1827 4663 C(elestis
1858 4609 2009 4663 ordi-

2135 4614 2266 4684 ἰείη,
2315 4613 2620 4682 κατίδωμεν
2667 4610 2828 4681 ίερῶς
2876 4610 2974 4674 τὰς
3018 4612 3077 4663 ὲν
3120 4616 3235 4676 τοῖς
3287 4613 3484 4682 λογίοις
3526 4615 3706 4667 ἐκπε-

445 4705 529 4757 nis
568 4703 962 4772 proprietates,
1013 4716 1133 4771 quae
1169 4700 1328 4754 nobis
1360 4700 1412 4753 in
1450 4699 1683 4769 eloquiis
1722 4700 2010 4756 elucidatas

2135 4704 2396 4775 ρασμένας
2443 4704 2796 4774 ἀγιοπρεπεῖς
2843 4703 3107 4775 ἰδιότητας
3151 4706 3389 4776 ἑκάστης
3429 4706 3705 4777 οὐρανίας

445 4802 591 4860 sunt,
623 4809 760 4863 pura
792 4801 974 4849 mente
1004 4790 1461 4862 contemplemur.

2135 4795 2541 4865 ῑιακοσμήσεως.

1551 5049 1664 5122 48
1695 5051 2225 5111 ADNOTATIONES
2262 5051 2608 5109 CORDERII.

515 5164 752 5239 Angelici
801 5163 1035 5220 nominis
1081 5174 1137 5219 et
1181 5163 1338 5239 uilicii
1391 5166 1959 5239 rationeassignata,
2022 5168 2219 5237 quasrit
2271 5167 2391 5230 hic,
2441 5182 2539 5221 cur
2567 5182 2771 5239 omnes
2807 5166 3062 5222 cmlestes
3091 5168 3319 5237 spiritus
3366 5166 3693 5239 angelorum

442 5238 667 5293 nomine
707 5244 987 5300 vocentur,
1018 5249 1142 5289 cum
1188 5235 1239 5288 id
1285 5236 1559 5306 proprium
1590 5236 1663 5289 sit
1691 5236 1904 5291 ordinis
1936 5235 2220 5306 postremi,
2256 5248 2444 5307 utpote
2469 5239 2558 5308 qui
2586 5253 2650 5293 ex
2688 5236 2865 5294 cilicio
2904 5239 2971 5291 ad
3017 5235 3267 5294 homines
3312 5235 3696 5303 destinantur,

1576 5358 1604 5385 τ
1634 5349 1780 5406 Psal.
1810 5366 1909 5415 cn,
1952 5361 2006 5405 et
2043 5350 2233 5405 Matth.
2274 5366 2401 5408 xxv.

1747 5462 1979 5517 νιιιιΑι
2018 5462 2415 5520 LECTIONES.

2304 5580 2347 5610 ’9
2383 5578 2445 5632 D.
2504 5578 2928 5649 ὑπερκειμένων.
3068 5580 3137 5611 ¹⁸⁰
3170 5596 3262 5649 γρ.
3305 5578 3687 5648 ’Δγγελικούςο

2841 5652 2862 5681 ³
2895 5651 3081 5705 Clinrt.
3140 5652 3263 5704 add.
3304 5664 3423 5717 post
3475 5651 3689 5722 ἀρχὰς,

518 5354 536 5389 ί
563 5351 718 5407 Joan.
752 5347 933 5416 “,15.
1007 5357 1033 5386 υ
1056 5344 1211 5402 Joan.
1254 5363 1385 5415 xvii,
1418 5350 1467 5403 6.

507 5586 549 5616 9"
585 5582 646 5638 ι).
683 5581 741 5636 S.
798 5595 903 5635 non
950 5579 1149 5633 habent
1197 5577 1482 5633 articulum
1508 5576 1577 5646 ἷή.
1705 5576 1751 5608 9'
1792 5577 1905 5641 lege
1954 5578 2012 5631 ὲν
2056 5581 2185 5641 τοῖς.

442 5654 457 5683 ¹
490 5654 588 5708 Ch.
620 5650 907 5721 ὲλλάμψεις
938 5667 998 5701 τε
1047 5649 1169 5721 καί.-
1217 5650 1396 5717 itaque
1442 5648 1661 5701 Sarrae.
1706 5649 1891 5702 vertit.
1956 5650 1975 5678 ²
2016 5648 2243 5703 Budzeus
2285 5649 2508 5717 corrigit
2551 5648 2757 5711 αὐταῖς.

440 5722 701 5785 ἔξουσίας.
752 5718 920 5791 Ὗγρ.
960 5718 1253 5791 ἱεραρχίας.
