3908 6232
489 299 594 356 I99

1690 297 1747 354 S.
1784 296 2083 353 DIONYSII
2122 295 2585 355 AREOPAGITIE

488 414 628 485 apud
660 427 759 470 nos
782 411 953 467 divini
983 420 1134 478 sunt,
1160 411 1381 468 adducit
1406 410 1473 465 ad
1503 411 1897 467 illustrationes
1921 426 2060 482 quas

2175 411 2286 473 τοὺς
2314 411 2434 463 καθ’
2471 411 2616 481 ἡμᾶς
2646 409 2858 472 ἐνθέους
2889 408 3082 477 ἀνάγει
3124 407 3261 480 πρὸς
3297 408 3397 472 τάς
3441 403 3731 481 mappa;

490 524 518 559 a
552 507 658 560 Deo
698 504 797 577 ipsi
845 514 1195 575 acceperunt,
1232 506 1311 560 sic
1338 505 1501 559 etiam
1538 508 1749 559 natura:
1776 507 1897 560 istae
1924 505 2063 559 hanc

490 599 963 663 distributionem,
994 613 1114 668 qua:
1156 598 1413 653 videlicet
1457 597 1761 666 angelicam
1792 595 2061 665 complet,

493 690 791 745 adducunt.
824 688 940 744 Nisi
975 686 1116 744 forte
1144 690 1268 758 quis
1305 689 1473 743 etiam
1524 688 1627 742 hoc
1661 686 1838 752 dicat,
1871 700 2066 740 secun-

493 784 622 837 dum
654 784 813 838 aliam
846 784 1199 848 solutionem,
1244 782 1389 852 quod
1420 795 1618 837 novem
1648 781 1811 836 etiam
1847 778 2065 836 ordines

493 896 839 938 communem
880 877 1118 934 habeant
1164 876 1604 947 appellationem,
1655 876 1782 944 quia
1825 885 2067 929 commu-

494 986 617 1027 nem
641 986 860 1040 quoque
885 971 1088 1026 habent
1115 968 1557 1031 illustrationem,
1580 975 1634 1021 et
1665 965 1903 1021 divinam
1926 977 2068 1018 com-

494 1062 944 1128 municationem,
987 1063 1205 1117 tametsi
1262 1075 1368 1116 non
1400 1059 1696 1131 aequalem,
1730 1056 1823 1112 sed
1875 1054 2069 1109 remis-

495 1157 696 1213 sioretn
742 1156 1283 1223 praestantioremve;
1329 1150 1783 1223 quemadmodum
1817 1148 1978 1203 etiam
2012 1147 2065 1200 in

495 1248 833 1303 nostratibus
877 1261 1049 1318 cygno
1098 1255 1155 1302 et
1203 1246 1315 1301 nivi
1367 1244 1733 1300 communiter
1774 1240 1913 1295 albis
1944 1253 2066 1294 esse

495 1340 782 1411 contingit,
802 1339 946 1409 quod
978 1338 1282 1393 albedinem
1313 1334 1680 1391 communiter
1712 1331 2062 1403 participem,

495 1434 627 1488 licet
661 1432 960 1487 secundum
998 1432 1171 1501 magis
1201 1446 1265 1485 ac
1295 1431 1495 1485 minus.
1526 1426 1788 1483 leestes
1810 1426 1955 1481 enim
1986 1438 2071 1480 or-

496 1526 652 1580 dines
698 1524 939 1579 divinam
981 1525 1309 1578 annuntiant
1352 1521 1777 1577 illustrationem
1810 1534 1877 1575 eo
1908 1516 2069 1573 modo

2162 500 2263 559 τὰς
2294 499 2641 569 ὲγνωσμένας
2673 499 2809 568 αὐτῇ
2846 497 2998 567 παρά
3022 496 3117 550 τοῦ
3158 496 3316 561 Θεοῦ,
3361 498 3503 551 οὓτω
3539 501 3635 553 καὶ
3677 500 3731 553 al

2163 590 2269 663 πρὸ
2318 590 2522 661 ταύτης
2570 590 2744 643 οὐσίαι
2788 590 2991 659 ταύτην
3018 590 3311 657 ἀνάγουσι·
3342 590 3441 661 τὴν
3483 591 3731 663 ἀποπλη-

2165 682 2365 754 ροῦσαν
2407 682 2645 753 δηλονότι
2667 683 2764 753 τὴν
2796 682 3090 753 ἀγγελικὴν
3134 681 3509 752 διακόσμησιν.
3549 682 3615 736 Et
3659 681 3733 754 μὴ

2164 772 2273 846 ἀρα
2302 792 2386 837 τις
2416 776 2510 828 καὶ
2532 774 2689 827 τοῦτο
2715 774 2862 842 λέγει
2896 773 3016 826 καθ’
3045 774 3236 845 ἑτέραν
3258 773 3431 837 λύσιν,
3452 774 3531 826 ὃτι
3550 774 3732 845 κοινὴν

2166 865 2349 935 ἔχουσι
2386 867 2485 937 τὴν
2510 864 2803 936 ὀνομασίαν
2838 864 2932 918 καὶ
2963 863 3031 917 τὰ
3074 864 3228 917 ὲννέα
3265 864 3520 933 τάγματα
3543 904 3557 926 ,
3602 862 3732 915 διότι

2167 961 2351 1031 κοινὴν
2393 958 2487 1012 καὶ
2523 958 2622 1029 τὴν
2669 957 2998 1027 φωτοδοσίαν
3046 955 3259 1025 ἔχουσι,
3305 957 3399 1008 καὶ
3445 955 3541 1026 τὴν
3587 954 3733 1008 θείαν

2167 1052 2336 1121 αὐτὴν
2365 1050 2645 1103 κοινωνίαν
2665 1089 2679 1113 ,
2710 1050 2759 1102 εί
2791 1050 2884 1101 καὶ
2928 1047 3001 1119 μὴ
3044 1047 3265 1117 ὁμοίως,
3297 1047 3412 1099 ἀλλ’
3440 1046 3735 1116 ὐφειμένην

2169 1148 2260 1201 καὶ
2291 1144 2631 1218 προύχουσαν
2653 1161 2666 1173 ·
2716 1142 2903 1212 ῶσπερ
2935 1143 3027 1195 καὶ
3063 1142 3255 1204 κοινῶς
3294 1142 3342 1193 εί
3382 1140 3533 1210 τύχοι
3570 1139 3737 1192 λευκά

2168 1241 2260 1296 ἐπὶ
2288 1242 2401 1303 τοῖς
2438 1238 2727 1310 ἡμετέροις
2754 1239 2782 1289 ὁ
2817 1236 3014 1299 κύκνος
3050 1234 3144 1287 καὶ
3176 1235 3209 1305 ἡ
3240 1231 3373 1303 χιὼν
3394 1273 3409 1297 ,
3457 1233 3589 1286 διότι
3623 1250 3737 1285 κοι-

2168 1334 2275 1397 νῶς
2310 1331 2594 1401 μετέχουσι
2622 1330 2721 1399 τῆς
2759 1328 3111 1399 λευκότητος,
3142 1328 3189 1379 εί
3223 1326 3317 1379 καὶ
3349 1323 3489 1378 κατά
3513 1324 3573 1376 τὸ
3606 1324 3740 1394 μᾶλ-

2168 1428 2259 1481 λον
2293 1428 2386 1484 καὶ
2430 1426 2492 1479 τδ
2536 1420 2696 1496 ἦττον
2717 1441 2729 1453 ·
2762 1422 3079 1492 ἀγγέλλουσι
3128 1420 3237 1494 γὰρ
3278 1422 3373 1474 καὶ
3407 1420 3477 1473 τὰ
3516 1420 3741 1491 οὐράνια

2170 1522 2423 1591 τάγματα
2500 1518 2599 1589 τὴν
2669 1516 2816 1570 Θείαν
2875 1514 3200 1586 φωτοδοσίαν
3234 1554 3249 1579 ,
3297 1511 3477 1576 καθὼς
3538 1512 3741 1583 ταύτην

494 1629 605 1685 quo
649 1632 768 1669 eam
817 1615 1124 1684 accipiunt;
1178 1614 1482 1683 suscipiunt
1530 1624 1712 1668 autem
1747 1612 1930 1678 illam,
1976 1611 2067 1665 alii

2175 1612 2537 1684 λαμϐάνουσι²
2575 1609 2905 1680 λαμϐάνουσι
2960 1608 3052 1671 δὲ,
3106 1607 3176 1661 τὰ
3234 1606 3333 1677 μὲν
3381 1603 3615 1675 μᾶλλον,
3675 1604 3743 1657 τά

495 1707 712 1777 quidem
746 1706 943 1777 magis,
972 1704 1080 1771 aliii
1106 1719 1238 1760 vero
1274 1704 1475 1758 minus.
1503 1702 1664 1758 Juxta
1698 1700 1830 1757 illud
1863 1702 2067 1771 itaque,

2175 1704 2226 1759 δὲ
2282 1699 2462 1776 ἦττον.
2526 1702 2684 1755 Κατά
2740 1700 2896 1753 τοῦτο
2943 1699 3075 1769 γοῦν
3124 1698 3319 1761 κοινῶς
3374 1698 3613 1760 ἅπαντες
3653 1696 3743 1750 λι-

495 1813 688 1854 omnes
717 1798 1084 1854 communiter
1124 1796 1302 1867 angeli
1335 1795 1519 1851 vocari
1568 1803 1817 1866 possunt.
1844 1791 2066 1856 Verum,

2175 1797 2338 1866 γοιντ’
2374 1797 2440 1850 ἂν
2465 1794 2701 1864 ἄγγελοι.
2742 1792 2878 1846 Ἀλλ’
2914 1794 3000 1846 ἵνα
3034 1790 3234 1862 μᾶλλον
3259 1793 3287 1843 ὁ
3312 1790 3468 1859 λόγος
3489 1788 3745 1861 εὐκρινὴς

496 1898 557 1944 ιιι
584 1903 764 1945 sermo
808 1889 984 1959 magis
1023 1888 1317 1943 distinctus
1357 1891 1459 1953 sit,
1491 1884 1963 1942 considerabimus
2003 1898 2067 1937 ea

2175 1890 2397 1960 γένηται
2418 1927 2433 1953 ,
2470 1887 2670 1958 ἴδωμεν
2709 1884 2867 1958 ίερῶς
2897 1884 2968 1939 τά
2998 1886 3055 1937 ὲν
3091 1884 3203 1945 τοῖς
3232 1881 3431 1951 λογίοις
3463 1880 3619 1953 ἱερὰ,
3647 1882 3745 1943 τὰς

496 1997 619 2053 qua:
656 1983 708 2036 in
738 1981 1039 2054 Scripturis
1067 1990 1421 2037 sacrosancta
1450 1989 1599 2044 sunt,
1631 1991 1814 2034 sacras
1844 1979 2065 2047 inquam

2175 1983 2529 2051 ἀγιοπρεπεῖς
2572 1978 2717 2047 λέγω
2768 1978 3035 2048 ίδιότητας
3077 1976 3311 2046 ἑκάστης
3348 1973 3605 2043 οὐρανίας
3643 1971 3741 2026 τά-

496 2076 862 2145 proprietates
888 2076 1180 2145 cujuslibet
1205 2073 1413 2132 ordinis
1442 2072 1708 2129 caelestis.
2176 2071 2329 2138 ξεως.

505 2208 3723 2254 ________._________________._____.__.___._———————-—-—-

982 2394 1363 2485 CAPUT
1430 2390 1603 2479 VI.

2525 2368 3168 2459 ΚΕΦΑΛΑΙΟΝ
3234 2379 3331 2452 ς’.

502 2536 752 2595 Quanam
772 2533 841 2585 sit
863 2532 1033 2595 prima
1063 2530 1349 2583 cmlutium
1388 2528 1740 2582 essentiarum
1770 2524 2063 2588 distinctio,

2183 2520 2278 2585 Τίς
2302 2518 2340 2586 ἠ
2365 2514 2564 2595 πρώτη
2599 2511 2717 2595 τῷν
2744 2511 3041 2595 ρύρανζωη
3064 2507 3288 2595 οὐσιῶν
3321 2506 3744 2576 διακόσμησις,

1231 2581 1353 2670 qua
1397 2581 1681 2668 postrema.
2047 2581 2061 2588 ⁷

2253 2581 2268 2585 ’
2327 2581 2339 2586 “
2405 2581 2420 2585 ’
2506 2586 2600 2651 τίς
2623 2584 2662 2651 ἠ
2684 2581 2867 2651 μέση,
2892 2582 2983 2647 τίς
3009 2581 3049 2648 ὴ
3078 2582 3408 2634 τελευταία.

1785 2745 2118 2807 SYNOPSIS
2152 2744 2443 2804 CAPITIS.

500 2884 538 2933 ι.
574 2882 733 2942 Docet,
753 2878 909 2930 solum
934 2879 1083 2929 Deum
1100 2881 1267 2928 exacte
1289 2887 1427 2927 nocte
1445 2884 1555 2937 qua
1573 2870 1640 2920 ad
1663 2883 1825 2942 omam
1842 2866 2590 2942 ordincs'mtgelorumfpechtont.
2618 2861 2681 2913 ll.
2710 2856 2902 2918 Tradit,
2924 2868 3094 2907 novem
3136 2828 3336 2905 ordines
3358 2856 3644 2921 angelorum
3688 2852 3739 2904 in

1725 2938 1822 2981 tres
1842 2923 2144 2980 Itierarchiai
2163 2938 2266 2977 esse
2289 2923 2584 3001 distributos.

2077 3036 2188 3110 5|.

568 3217 799 3287 Quanta:
836 3212 1056 3283 quidem
1090 3211 1223 3277 sint,
1259 3218 1315 3264 et
1344 3205 1535 3276 quales
1586 3198 2065 3273 superctelestium
2094 3222 2137 3278 ε

500 3310 863 3368 essentiarutn
893 3302 1300 3375 dispositiones,
1342 3307 1395 3353 et
1423 3310 1531 3366 quo
1562 3303 1725 3364 pacto
1746 3293 2066 3347 earumdem

501 3405 654 3461 sacri
687 3400 907 3455 ordines
937 3394 1243 3455 initientur,
1272 3391 1447 3444 solum
1472 3398 1665 3442 exacte
1695 3400 1853 3440 nosse
1876 3399 2075 3439 censeo

2243 3200 2397 3252 Ὄσοι
2430 3198 2529 3270 μέν
2557 3198 2684 3261 είσι,
2707 3197 2803 3251 καὶ
2818 3189 2918 3249 οἷοι
2950 3192 3057 3248 τῶν
3082 3190 3488 3264 ὐπερουρανίων
3512 3189 3746 3243 ὀὐσιῶν

2174 3292 2225 3344 οἰ
2251 3289 2558 3361 διάκοσμοι,
2590 3286 2684 3341 καὶ
2703 3288 2850 3350 ὅπως
2893 3287 2949 3340 αί
2983 3282 3107 3338 κατ’
3130 3283 3326 3345 αὐτοὺς
3364 3281 3753 3352 ίεραρχίαιντε-

2175 3382 2414 3446 λοῦνται,
2449 3380 2617 3452 μόνην
2650 3379 2893 3451 ἀκριϐῶς
2920 3376 3117 3430 εἰδέναι
3146 3373 3289 3445 φημὶ
3335 3373 3433 3442 τὴν
3448 3372 3757 3440 θεωτικὴν⁶

501 3493 743 3547 divinum
788 3488 960 3550 illum,
996 3500 1025 3537 a
1057 3498 1166 3551 quo
1199 3481 1309 3551 5ο
1343 3486 1761 3544 consecrantur,
1792 3476 2070 3546 principa-

504 3595 614 3638 tum
639 3600 654 3647 ;
675 3591 1035 3652 praeterquam
1069 3573 1215 3644 quod
1253 3584 1307 3627 et
1332 3571 1462 3641 ipsis
1496 3572 1724 3624 virtutes
1756 3578 1921 3635 atque
1953 3567 2078 3622 illu-

502 3676 798 3732 strationes
843 3670 1075 3741 propriae
1123 3667 1234 3721 sint
1281 3672 1580 3734 perspectas
1610 3677 1715 3715 una
1766 3675 1886 3715 cum
1920 3673 2076 3715 sacra

503 3784 600 3824 sua
628 3760 1165 3835 supermuudialique
1192 3755 1540 3811 ordinatione
1567 3773 1580 3808 :
1610 3768 1787 3822 neque
1816 3752 1960 3806 enim
1991 3750 2079 3804 in-

506 3861 750 3929 telligere
778 3855 1020 3909 valemus
1048 3846 1521 3919 supercmlestium
1552 3846 1777 3899 istarum
1813 3843 2076 3898 mentium

505 3952 797 4025 mysteria,
843 3960 899 4001 et
952 3941 1331 3999 sanctissimas
1385 3937 1601 3992 illarum
1679 3935 2076 4006 perfectiones,

508 4049 615 4103 nisi
650 4045 743 4100 illa
778 4042 920 4097 forte
946 4054 1046 4095 nos
1073 4038 1215 4093 scire
1239 4036 1364 4104 quis
1407 4041 1640 4097 asserat,
1669 4047 1789 4099 qua:
1840 4030 2075 4095 illorum,

507 4154 606 4195 sua
653 4136 863 4192 scilicet
908 4132 1015 4187 rite
1064 4129 1407 4193 callentium,
1442 4124 1756 4180 ministerio
1809 4122 2078 4176 Divinitas

509 4234 626 4303 ipsa
652 4245 753 4285 nos
780 4226 985 4284 docuit.
1010 4224 1200 4291 Itaque
1235 4235 1332 4275 nos
1360 4219 1579 4288 quidem
1619 4215 1754 4271 nihil
1780 4225 1925 4269 motu
1961 4230 2081 4284 pro-

506 4327 626 4398 prio
655 4325 901 4379 dicemus
928 4335 945 4382 ;
978 4316 1073 4372 sed
1103 4329 1224 4383 qua:
1260 4313 1503 4385 angelica
1530 4309 1839 4375 spectacula
1868 4307 2077 4362 sanctis

513 4397 784 4482 theologis
806 4410 925 4464 visa
963 4403 1192 4468 fuerint,
1227 4401 1429 4468 edocti,
1477 4414 1575 4469 pro
1604 4397 1811 4453 viribus
1837 4413 2076 4469 expone-

509 4519 651 4558 mus.

2177 3475 2359 3529 αὐτῶν
2387 3472 2740 3545 τελεταρχίαν
2797 3488 2811 3500 ·
2845 3469 3070 3541 προσέτι
3096 3468 3191 3521 καὶ
3218 3466 3412 3528 αὐτοὺς
3454 3464 3758 3532 ἐγνωκέναι

2175 3568 2275 3631 τὰς
2299 3566 2504 3629 οἰκείας
2531 3564 2788 3635 δυνάμεως
2810 3579 2869 3616 τε
2898 3563 2991 3616 καὶ
3015 3559 3328 3630 ὲλλάμψεις,
3346 3557 3437 3611 καὶ
3467 3556 3568 3627 τὴν
3601 3555 3757 3626 ἱερὰν

2177 3657 2392 3711 αὐτῶν⁷
2437 3654 2531 3707 καὶ
2586 3653 2955 3725 ὐπερκόσμιον
3005 3648 3289 3714 εὐταξίαν·
3333 3645 3597 3699 ἀδύνατον
3647 3644 3761 3715 γὰρ

2179 3752 2325 3823 ἡμᾶς
2350 3748 2545 3803 ειδέναι
2598 3745 2668 3799 τὰ
2716 3744 2822 3796 τῶν
2855 3740 3261 3813 ὐπερουρανίων
3287 3738 3422 3791 νοῶν
3454 3738 3757 3808 μυστήρια,

2180 3844 2273 3897 καὶ
2301 3842 2400 3906 τὰς
2424 3840 2729 3911 ἁγιωτάτας
2751 3836 2927 3891 αὐτῶν
2955 3833 3281 3894 τελειώσεις,
3298 3831 3345 3883 εί
3379 3830 3451 3900 μή
3478 3845 3584 3880 που
3619 3827 3760 3895 φαίη

2177 3955 2282 4001 τις,
2301 3938 2400 3990 ὅσα
2422 3935 2486 3987 δι’
2511 3934 2688 3987 αὐτῶν
2716 3932 2881 4003 ἡμᾶς,
2906 3930 2981 3991 ὡς
3009 3926 3076 3978 τὰ
3095 3927 3270 3977 οίκεῖα
3299 3922 3477 3985 καλῶς
3505 3920 3758 3983 εἰδότων,

2179 4031 2213 4101 ἡ
2244 4027 2471 4099 θεαρχία
2501 4022 3025 4097 μεμυσταγώγηκεν.
3051 4016 3259 4071 Οὐκοῦν
3287 4016 3449 4085 ἡμεῖς
3480 4011 3576 4101 μὲν
3599 4011 3761 4064 οὐδὲν

2179 4099 2546 4186 αὐτοκινὴτως
2576 4113 2806 4186 ἐροῦμεν
2826 4128 2838 4140 ·
2867 4111 2966 4163 ὅσα
2990 4108 3047 4161 δὲ
3081 4106 3188 4160 τῶν
3213 4101 3517 4173 ἁγγελικῶν
3544 4099 3760 4172 θεαμά-

2177 4226 2284 4264 των
2319 4209 2424 4262 ὐπὸ
2448 4208 2556 4261 τῶν
2587 4206 2746 4275 ἱερῶν
2775 4202 3040 4271 θεολόγων
3070 4196 3369 4267 ὲοεωρὴθη,
3398 4191 3571 4246 ταῦτα
3618 4207 3763 4267 μυη-

2179 4302 2557 4373 θέντεςὴμεῖς,
2585 4277 2660 4361 ὼξ
2675 4291 2853 4350 οἶοίτέ
2886 4296 3070 4364 ἐσμεν,
3104 4284 3463 4359 ἐκθησόμεθα.

2050 4602 2077 4675 5
2116 4598 2197 4658 li.

580 4737 929 4796 Substantias
992 4734 1250 4789 cmlestes
1318 4740 1513 4783 omnes
1571 4724 1840 4793 theologia
1891 4738 2074 4778 novem

2258 4717 2445 4780 Πάσας
2472 4716 2505 4786 ἡ
2530 4710 2775 4779 θεολογὶα
2801 4705 2901 4768 τὰς
2926 4699 3212 4774 οὐρανίους
3252 4694 3442 4796 οὐσίας
3664 4688 3762 4796 κέ-

509 4830 902 4901 cxplauatoriis
972 4824 1285 4880 nominibus
1356 4816 1687 4888 appellavit:
1720 4817 1818 4870 has
1865 4814 2074 4869 divinus

2182 4813 2383 4880 κληκεν
2434 4781 2853 4875 ἐκφαντορικαίς
2892 4791 3262 4863 ἐπωνυμίαις·
3290 4785 3492 4847 ταύτας
3534 4783 3587 4901 ὁὶ
3614 4781 3767 4901 θξῖος

512 4936 697 4981 noster
725 4922 967 4976 initiator
1026 4920 1079 4972 in
1125 4926 1237 4970 tres
1276 4910 1545 4966 ternarias
1600 4907 1851 4963 distinxit
1899 4907 2082 4962 distri-

510 5016 788 5073 butiones.
836 5012 914 5067 Ac
961 5011 1192 5079 primam
1225 5004 1451 5075 quidem
1490 5003 1570 5056 ait
1599 5016 1721 5057 esse
1754 5001 1925 5066 illam,
1959 5014 2082 5069 qua:

512 5114 659 5168 circa
699 5112 866 5166 Deum
899 5104 1119 5160 assiduo
1151 5109 1427 5163 versatur,
1452 5097 1644 5166 illlque
1679 5095 1885 5166 jugiter
1912 5095 2083 5149 inhab-

512 5221 658 5273 rere,
691 5219 756 5258 ac
799 5215 911 5271 prae
952 5196 1169 5253 caeteris
1214 5191 1581 5247 immediatius
1613 5190 1756 5243 uniri
1789 5189 2031 5242 traditur
2062 5205 2077 5241 :

512 5294 890 5355 sanctissimos
917 5289 1062 5345 enim
1102 5289 1431 5348 thronos',et
1477 5281 1724 5348 pluribus
1749 5280 1925 5338 oculis
1954 5279 2083 5335 alis-

587 5448 611 5476 ι
694 5431 892 5492 Ezech.
934 5443 970 5483 ι.

2182 4874 2340 4976 ἡμῶν
2370 4897 2741 4975 ίεροτελεστὴς
2768 4895 2847 4956 είς
2870 4892 3017 4962 τρεῖς
3043 4883 3292 4976 ἀφορίζει
3336 4875 3619 4976 τριαδικὰς
3645 4874 3766 4976 διας
3858 4930 3859 4935 η

2181 4966 2498 5067 κοσμήσεις.
2542 4991 2654 5045 Καὶ
2708 4985 2930 5058 πρώτην
2982 4982 3081 5053 μὲν
3141 4973 3283 5030 εἷναί
3326 4989 3459 5067 φησι
3503 4969 3603 5067 τὴν
3630 4966 3767 5067 περὶ

2179 5058 2359 5144 ’Θεὸν
2382 5083 2546 5141 οὖσαν
2593 5084 2698 5145 ἀεὶ,
2728 5085 2823 5133 καὶ
2863 5073 3148 5149 προσεχῶς
3172 5068 3323 5140 αὐτῷ
3364 5065 3459 5121 καὶ
3498 5062 3608 5134 πρὸ
3646 5058 3767 5112 τῶν

2181 5183 2354 5238 ἀλλων
2376 5178 2595 5251 ἀμέσως
2616 5170 2855 5246 ἡνῶσθαι
2881 5163 3323 5239 παραδεδομένην
3343 5160 3385 5191 ⁸·
3414 5154 3627 5251 τούς-τε

2184 5241 2520 5344 ἁγιωτάτους
2547 5241 2791 5339 θράνους,
2823 5261 2920 5315 καὶ
2958 5258 3028 5313 τὰ
3070 5254 3430 5323 πολυόμματα
3466 5245 3562 5300 καὶ
3586 5241 3766 5296 πολύ-

1845 5502 2082 5560 ἻΑΒΙᾸΞ
2118 5495 2517 5556 LECTIONES.

583 5691 604 5721 ’⁸
646 5689 713 5743 Μ.
745 5686 804 5742 S.
827 5685 888 5739 Ρ.
918 5678 1299 5753 ἐπουρανίων.-
1343 5675 1365 5705 ⁸
1405 5675 1465 5729 D.
1489 5744 1509 5753 _
1533 5661 2098 5753 θειορησιὶωςξιν,θῳιοιιΔ
2134 5656 2610 5753 ierlmtlnmub'cotus
2675 5654 3083 5720 interpretatur.

3219 5638 3239 5672 ε
3271 5636 3372 5697 Ch.
3408 5631 3473 5689 ι).
3536 5632 3635 5687 καὶ
3665 5631 3771 5702 τὴν

513 5727 725 5814 tanta;
1254 5727 1428 5802 ’δεοιζ
1454 5727 1461 5729 ἡ
1489 5744 1509 5776 ⁸
1547 5727 1660 5794 τόνξ
1700 5727 1757 5777 ’-⁹
1790 5727 1860 5791 Μ.
1882 5727 1975 5791 ’s.‘
1993 5727 2453 5804 παραδεχομένηιι,
