  <div class='ocr_page' id='page_1' title='image "/cluster/home/n/w/nwhite01/storage/ocr_20150623/3/nnc1.0046978666/123.png"; bbox 0 0 3908 6232; ppageno 0'>
   <div class='ocr_carea' id='block_1_1' title="bbox 420 327 528 387">
    <p class='ocr_par' dir='ltr' id='par_1_1' title="bbox 420 327 528 387">
     <span class='ocr_line' id='line_1_1' title="bbox 420 327 528 387; baseline 0.056 -5"><span class='ocrx_word' id='word_1_1' title='bbox 420 327 528 387; x_wconf 77' lang='grc'><strong>205</strong></span> 
     </span>
    </p>
   </div>
   <div class='ocr_carea' id='block_1_2' title="bbox 1591 300 2481 369">
    <p class='ocr_par' dir='ltr' id='par_1_2' title="bbox 1591 300 2481 369">
     <span class='ocr_line' id='line_1_2' title="bbox 1591 300 2481 369; baseline -0.013 -1"><span class='ocrx_word' id='word_1_2' title='bbox 1591 314 1647 369; x_wconf 91' lang='lat' dir='ltr'><strong>S.</strong></span> <span class='ocrx_word' id='word_1_3' title='bbox 1686 305 1980 364; x_wconf 72' lang='lat' dir='ltr'><strong>DiONYSll</strong></span> <span class='ocrx_word' id='word_1_4' title='bbox 2019 300 2481 358; x_wconf 67' lang='lat' dir='ltr'><strong>AREOPAGlTxE</strong></span> 
     </span>
    </p>
   </div>
   <div class='ocr_carea' id='block_1_3' title="bbox 3557 296 3670 354">
    <p class='ocr_par' dir='ltr' id='par_1_3' title="bbox 3557 296 3670 354">
     <span class='ocr_line' id='line_1_3' title="bbox 3557 296 3670 354; baseline 0 -4"><span class='ocrx_word' id='word_1_5' title='bbox 3557 296 3670 354; x_wconf 62' lang='grc' dir='ltr'><strong>ἳθό</strong></span> 
     </span>
    </p>
   </div>
   <div class='ocr_carea' id='block_1_4' title="bbox 424 412 1997 507">
    <p class='ocr_par' dir='ltr' id='par_1_4' title="bbox 424 429 1987 507">
     <span class='ocr_line' id='line_1_4' title="bbox 424 429 1987 507; baseline -0.019 -1"><span class='ocrx_word' id='word_1_6' title='bbox 424 448 846 507; x_wconf 87' lang='lat' dir='ltr'><strong>subministrant</strong></span> <span class='ocrx_word' id='word_1_7' title='bbox 896 440 1200 498; x_wconf 92' lang='lat' dir='ltr'><strong>istiusmodi</strong></span> <span class='ocrx_word' id='word_1_8' title='bbox 1248 433 1635 493; x_wconf 68' lang='lat' dir='ltr'><strong>eruditionem.</strong></span> <span class='ocrx_word' id='word_1_9' title='bbox 1668 429 1774 482; x_wconf 84' lang='lat' dir='ltr'><strong>Nos</strong></span> <span class='ocrx_word' id='word_1_10' title='bbox 1805 429 1987 495; x_wconf 88' lang='lat' dir='ltr'><strong>itaque</strong></span> 
     </span>
    </p>
   </div>
   <div class='ocr_carea' id='block_1_5' title="bbox 2102 412 3675 507">
    <p class='ocr_par' dir='ltr' id='par_1_5' title="bbox 2102 412 3675 488">
     <span class='ocr_line' id='line_1_5' title="bbox 2102 412 3675 488; baseline -0.001 -19"><span class='ocrx_word' id='word_1_11' title='bbox 2102 417 2180 470; x_wconf 82' lang='grc' dir='ltr'>&gt;ῦν</span> <span class='ocrx_word' id='word_1_12' title='bbox 2207 420 2364 488; x_wconf 81' lang='grc' dir='ltr'>ἡμεῖς</span> <span class='ocrx_word' id='word_1_13' title='bbox 2410 416 2506 487; x_wconf 85' lang='grc' dir='ltr'>μὲν</span> <span class='ocrx_word' id='word_1_14' title='bbox 2531 416 2681 469; x_wconf 74' lang='grc' dir='ltr'>οὐδὲν</span> <span class='ocrx_word' id='word_1_15' title='bbox 2715 416 2807 484; x_wconf 81' lang='grc' dir='ltr'>ἀφ’</span> <span class='ocrx_word' id='word_1_16' title='bbox 2840 412 3047 468; x_wconf 78' lang='grc' dir='ltr'>ἑαυτῶν</span> <span class='ocrx_word' id='word_1_17' title='bbox 3075 413 3325 483; x_wconf 81' lang='grc' dir='ltr'>λέγομεν,</span> <span class='ocrx_word' id='word_1_18' title='bbox 3355 414 3454 466; x_wconf 77' lang='grc' dir='ltr'><strong>ὅσα</strong></span> <span class='ocrx_word' id='word_1_19' title='bbox 3477 412 3533 467; x_wconf 84' lang='grc' dir='ltr'><strong>δὲ</strong></span> <span class='ocrx_word' id='word_1_20' title='bbox 3559 432 3675 467; x_wconf 82' lang='grc' dir='ltr'><strong>των</strong></span> 
     </span>
    </p>
   </div>
   <div class='ocr_carea' id='block_1_6' title="bbox 423 519 1989 608">
    <p class='ocr_par' dir='ltr' id='par_1_6' title="bbox 423 519 1989 608">
     <span class='ocr_line' id='line_1_6' title="bbox 423 519 1989 608; baseline -0.019 -9"><span class='ocrx_word' id='word_1_21' title='bbox 423 543 560 599; x_wconf 83' lang='lat' dir='ltr'><strong>nihil</strong></span> <span class='ocrx_word' id='word_1_22' title='bbox 588 542 810 596; x_wconf 89' lang='lat' dir='ltr'><strong>omnino</strong></span> <span class='ocrx_word' id='word_1_23' title='bbox 838 536 1060 608; x_wconf 84' lang='lat' dir='ltr'><strong>quidem</strong></span> <span class='ocrx_word' id='word_1_24' title='bbox 1087 550 1116 588; x_wconf 92' lang='lat' dir='ltr'><strong>a</strong></span> <span class='ocrx_word' id='word_1_25' title='bbox 1153 533 1419 587; x_wconf 86' lang='lat' dir='ltr'><strong>nobismet</strong></span> <span class='ocrx_word' id='word_1_26' title='bbox 1447 526 1549 596; x_wconf 87' lang='lat' dir='ltr'><strong>ipsi</strong></span> <span class='ocrx_word' id='word_1_27' title='bbox 1598 524 1830 578; x_wconf 83' lang='lat' dir='ltr'><strong>dicimus</strong></span> <span class='ocrx_word' id='word_1_28' title='bbox 1857 538 1870 572; x_wconf 90' lang='lat'>:</span> <span class='ocrx_word' id='word_1_29' title='bbox 1897 519 1989 572; x_wconf 83' lang='lat' dir='ltr'><strong>sed</strong></span> 
     </span>
    </p>
   </div>
   <div class='ocr_carea' id='block_1_7' title="bbox 424 611 1993 705">
    <p class='ocr_par' dir='ltr' id='par_1_7' title="bbox 424 611 1993 705">
     <span class='ocr_line' id='line_1_7' title="bbox 424 611 1993 705; baseline -0.017 -18"><span class='ocrx_word' id='word_1_30' title='bbox 424 650 546 705; x_wconf 75' lang='lat' dir='ltr'><strong>quae</strong></span> <span class='ocrx_word' id='word_1_31' title='bbox 572 635 624 688; x_wconf 93' lang='lat' dir='ltr'><strong>in</strong></span> <span class='ocrx_word' id='word_1_32' title='bbox 650 630 912 699; x_wconf 77' lang='lat' dir='ltr'><strong>angelicis</strong></span> <span class='ocrx_word' id='word_1_33' title='bbox 936 628 1069 682; x_wconf 80' lang='lat' dir='ltr'><strong>visis</strong></span> <span class='ocrx_word' id='word_1_34' title='bbox 1099 640 1162 679; x_wconf 89' lang='lat' dir='ltr'><strong>ac</strong></span> <span class='ocrx_word' id='word_1_35' title='bbox 1187 622 1500 678; x_wconf 84' lang='lat' dir='ltr'><strong>notionibns</strong></span> <span class='ocrx_word' id='word_1_36' title='bbox 1552 615 1734 672; x_wconf 84' lang='lat' dir='ltr'><strong>sacris</strong></span> <span class='ocrx_word' id='word_1_37' title='bbox 1785 611 1993 666; x_wconf 86' lang='lat' dir='ltr'><strong>theolo-</strong></span> 
     </span>
    </p>
   </div>
   <div class='ocr_carea' id='block_1_8' title="bbox 425 703 1991 795">
    <p class='ocr_par' dir='ltr' id='par_1_8' title="bbox 425 703 1991 795">
     <span class='ocr_line' id='line_1_8' title="bbox 425 703 1991 795; baseline -0.015 -14"><span class='ocrx_word' id='word_1_38' title='bbox 425 703 507 795; x_wconf 72' lang='lat' dir='ltr'><strong>gis</strong></span> <span class='ocrx_word' id='word_1_39' title='bbox 539 733 829 793; x_wconf 89' lang='lat' dir='ltr'><strong>conspecta</strong></span> <span class='ocrx_word' id='word_1_40' title='bbox 887 729 1017 775; x_wconf 92' lang='lat' dir='ltr'><strong>sunt</strong></span> <span class='ocrx_word' id='word_1_41' title='bbox 1066 726 1121 773; x_wconf 89' lang='lat' dir='ltr'><strong>et</strong></span> <span class='ocrx_word' id='word_1_42' title='bbox 1176 729 1327 780; x_wconf 88' lang='lat' dir='ltr'><strong>ueta,</strong></span> <span class='ocrx_word' id='word_1_43' title='bbox 1361 712 1550 766; x_wconf 87' lang='lat' dir='ltr'><strong>eadem</strong></span> <span class='ocrx_word' id='word_1_44' title='bbox 1592 721 1714 773; x_wconf 82' lang='lat' dir='ltr'><strong>nos,</strong></span> <span class='ocrx_word' id='word_1_45' title='bbox 1764 704 1832 759; x_wconf 90' lang='lat' dir='ltr'><strong>ab</strong></span> <span class='ocrx_word' id='word_1_46' title='bbox 1884 703 1991 757; x_wconf 90' lang='lat' dir='ltr'><strong>illis</strong></span> 
     </span>
    </p>
   </div>
   <div class='ocr_carea' id='block_1_9' title="bbox 426 808 1556 882">
    <p class='ocr_par' dir='ltr' id='par_1_9' title="bbox 426 808 1556 882">
     <span class='ocr_line' id='line_1_9' title="bbox 426 808 1556 882; baseline -0.015 -8"><span class='ocrx_word' id='word_1_47' title='bbox 426 818 627 880; x_wconf 85' lang='lat' dir='ltr'><strong>cdocti,</strong></span> <span class='ocrx_word' id='word_1_48' title='bbox 655 830 866 870; x_wconf 80' lang='lat' dir='ltr'><strong>rursum</strong></span> <span class='ocrx_word' id='word_1_49' title='bbox 900 826 1000 882; x_wconf 89' lang='lat' dir='ltr'><strong>pro</strong></span> <span class='ocrx_word' id='word_1_50' title='bbox 1037 808 1175 863; x_wconf 79' lang='lat' dir='ltr'><strong>virili</strong></span> <span class='ocrx_word' id='word_1_51' title='bbox 1200 819 1556 877; x_wconf 80' lang='lat' dir='ltr'><strong>exponemus.</strong></span> 
     </span>
    </p>
   </div>
   <div class='ocr_carea' id='block_1_10' title="bbox 500 890 1993 982">
    <p class='ocr_par' dir='ltr' id='par_1_10' title="bbox 500 890 1993 982">
     <span class='ocr_line' id='line_1_10' title="bbox 500 890 1993 982; baseline -0.015 -16"><span class='ocrx_word' id='word_1_52' title='bbox 500 911 528 982; x_wconf 59' lang='grc' dir='ltr'>ᾗ</span> <span class='ocrx_word' id='word_1_53' title='bbox 572 910 637 964; x_wconf 93' lang='grc'><strong>11.</strong></span> <span class='ocrx_word' id='word_1_54' title='bbox 680 908 883 963; x_wconf 85' lang='lat' dir='ltr'><strong>Omnes</strong></span> <span class='ocrx_word' id='word_1_55' title='bbox 908 904 1174 959; x_wconf 89' lang='lat' dir='ltr'><strong>essentias</strong></span> <span class='ocrx_word' id='word_1_56' title='bbox 1206 898 1479 960; x_wconf 63' lang='lat' dir='ltr'><strong>caelestes.</strong></span> <span class='ocrx_word' id='word_1_57' title='bbox 1507 907 1807 963; x_wconf 85' lang='lat' dir='ltr'><strong>eorumque</strong></span> <span class='ocrx_word' id='word_1_58' title='bbox 1845 890 1993 944; x_wconf 87' lang='lat' dir='ltr'><strong>ordi-</strong></span> 
     </span>
    </p>
   </div>
   <div class='ocr_carea' id='block_1_11' title="bbox 426 986 1993 1073">
    <p class='ocr_par' dir='ltr' id='par_1_11' title="bbox 426 986 1993 1073">
     <span class='ocr_line' id='line_1_11' title="bbox 426 986 1993 1073; baseline -0.017 -9"><span class='ocrx_word' id='word_1_59' title='bbox 426 1024 546 1073; x_wconf 76' lang='lat' dir='ltr'><strong>nes,</strong></span> <span class='ocrx_word' id='word_1_60' title='bbox 576 1020 769 1061; x_wconf 88' lang='lat' dir='ltr'><strong>novem</strong></span> <span class='ocrx_word' id='word_1_61' title='bbox 802 1001 1015 1056; x_wconf 83' lang='lat' dir='ltr'><strong>vocavit</strong></span> <span class='ocrx_word' id='word_1_62' title='bbox 1047 997 1317 1065; x_wconf 89' lang='lat' dir='ltr'><strong>theologia</strong></span> <span class='ocrx_word' id='word_1_63' title='bbox 1365 990 1783 1060; x_wconf 73' lang='lat' dir='ltr'><strong>cognominibus</strong></span> <span class='ocrx_word' id='word_1_64' title='bbox 1820 986 1993 1039; x_wconf 84' lang='lat' dir='ltr'><strong>mani-</strong></span> 
     </span>
    </p>
   </div>
   <div class='ocr_carea' id='block_1_12' title="bbox 428 1082 1991 1160">
    <p class='ocr_par' dir='ltr' id='par_1_12' title="bbox 428 1082 1991 1160">
     <span class='ocr_line' id='line_1_12' title="bbox 428 1082 1991 1160; baseline -0.013 -9"><span class='ocrx_word' id='word_1_65' title='bbox 428 1097 717 1160; x_wconf 73' lang='lat' dir='ltr'><strong>festativis,</strong></span> <span class='ocrx_word' id='word_1_66' title='bbox 754 1102 807 1149; x_wconf 89' lang='lat' dir='ltr'><strong>et</strong></span> <span class='ocrx_word' id='word_1_67' title='bbox 855 1093 1038 1146; x_wconf 86' lang='lat' dir='ltr'><strong>divina</strong></span> <span class='ocrx_word' id='word_1_68' title='bbox 1089 1088 1346 1159; x_wconf 76' lang='lat' dir='ltr'><strong>mysteria</strong></span> <span class='ocrx_word' id='word_1_69' title='bbox 1392 1082 1862 1144; x_wconf 80' lang='lat' dir='ltr'><strong>denuntiantibus,</strong></span> <span class='ocrx_word' id='word_1_70' title='bbox 1895 1094 1991 1133; x_wconf 83' lang='lat' dir='ltr'><strong>seu</strong></span> 
     </span>
    </p>
   </div>
   <div class='ocr_carea' id='block_1_13' title="bbox 428 1172 1994 1255">
    <p class='ocr_par' dir='ltr' id='par_1_13' title="bbox 428 1172 1994 1255">
     <span class='ocr_line' id='line_1_13' title="bbox 428 1172 1994 1255; baseline -0.013 -12"><span class='ocrx_word' id='word_1_71' title='bbox 428 1188 707 1255; x_wconf 82' lang='lat' dir='ltr'><strong>angelicis.</strong></span> <span class='ocrx_word' id='word_1_72' title='bbox 770 1181 876 1237; x_wconf 79' lang='lat' dir='ltr'><strong>llas</strong></span> <span class='ocrx_word' id='word_1_73' title='bbox 930 1188 1108 1235; x_wconf 82' lang='lat' dir='ltr'><strong>autem</strong></span> <span class='ocrx_word' id='word_1_74' title='bbox 1179 1178 1232 1231; x_wconf 91' lang='lat' dir='ltr'><strong>in</strong></span> <span class='ocrx_word' id='word_1_75' title='bbox 1298 1184 1409 1229; x_wconf 89' lang='lat' dir='ltr'><strong>tres</strong></span> <span class='ocrx_word' id='word_1_76' title='bbox 1463 1172 1730 1228; x_wconf 88' lang='lat' dir='ltr'><strong>ternarios</strong></span> <span class='ocrx_word' id='word_1_77' title='bbox 1775 1172 1994 1224; x_wconf 82' lang='lat' dir='ltr'><strong>ordines</strong></span> 
     </span>
    </p>
   </div>
   <div class='ocr_carea' id='block_1_14' title="bbox 426 1263 1995 1350">
    <p class='ocr_par' dir='ltr' id='par_1_14' title="bbox 426 1263 1995 1350">
     <span class='ocr_line' id='line_1_14' title="bbox 426 1263 1995 1350; baseline -0.013 -15"><span class='ocrx_word' id='word_1_78' title='bbox 426 1281 624 1350; x_wconf 81' lang='lat' dir='ltr'><strong>digerit</strong></span> <span class='ocrx_word' id='word_1_79' title='bbox 672 1276 902 1346; x_wconf 86' lang='lat' dir='ltr'><strong>inclytus</strong></span> <span class='ocrx_word' id='word_1_80' title='bbox 956 1272 1200 1326; x_wconf 87' lang='lat' dir='ltr'><strong>initiator</strong></span> <span class='ocrx_word' id='word_1_81' title='bbox 1265 1278 1475 1331; x_wconf 88' lang='lat' dir='ltr'><strong>uoster,</strong></span> <span class='ocrx_word' id='word_1_82' title='bbox 1533 1265 1648 1319; x_wconf 90' lang='lat' dir='ltr'><strong>sive</strong></span> <span class='ocrx_word' id='word_1_83' title='bbox 1693 1265 1740 1319; x_wconf 90' lang='lat' dir='ltr'><strong>is</strong></span> <span class='ocrx_word' id='word_1_84' title='bbox 1785 1266 1855 1318; x_wconf 81' lang='lat' dir='ltr'><strong>sit.</strong></span> <span class='ocrx_word' id='word_1_85' title='bbox 1908 1263 1995 1316; x_wconf 89' lang='lat' dir='ltr'><strong>di-</strong></span> 
     </span>
    </p>
   </div>
   <div class='ocr_carea' id='block_1_15' title="bbox 428 1356 1991 1431">
    <p class='ocr_par' dir='ltr' id='par_1_15' title="bbox 428 1356 1991 1431">
     <span class='ocr_line' id='line_1_15' title="bbox 428 1356 1991 1431; baseline -0.012 -5"><span class='ocrx_word' id='word_1_86' title='bbox 428 1374 584 1426; x_wconf 88' lang='lat' dir='ltr'><strong>vinus</strong></span> <span class='ocrx_word' id='word_1_87' title='bbox 642 1368 988 1428; x_wconf 82' lang='lat' dir='ltr'><strong>llierotlieus,</strong></span> <span class='ocrx_word' id='word_1_88' title='bbox 1055 1363 1171 1417; x_wconf 87' lang='lat' dir='ltr'><strong>sive</strong></span> <span class='ocrx_word' id='word_1_89' title='bbox 1220 1361 1401 1431; x_wconf 89' lang='lat' dir='ltr'><strong>potius</strong></span> <span class='ocrx_word' id='word_1_90' title='bbox 1436 1359 1481 1413; x_wconf 89' lang='lat' dir='ltr'><strong>is</strong></span> <span class='ocrx_word' id='word_1_91' title='bbox 1520 1358 1609 1427; x_wconf 84' lang='lat' dir='ltr'><strong>qui</strong></span> <span class='ocrx_word' id='word_1_92' title='bbox 1657 1358 1724 1411; x_wconf 82' lang='lat' dir='ltr'><strong>ad</strong></span> <span class='ocrx_word' id='word_1_93' title='bbox 1774 1356 1991 1410; x_wconf 89' lang='lat' dir='ltr'><strong>tertium</strong></span> 
     </span>
    </p>
   </div>
   <div class='ocr_carea' id='block_1_16' title="bbox 426 1446 1995 1523">
    <p class='ocr_par' dir='ltr' id='par_1_16' title="bbox 426 1446 1995 1523">
     <span class='ocr_line' id='line_1_16' title="bbox 426 1446 1995 1523; baseline -0.013 -5"><span class='ocrx_word' id='word_1_94' title='bbox 426 1463 624 1519; x_wconf 73' lang='lat' dir='ltr'><strong>cmlnm</strong></span> <span class='ocrx_word' id='word_1_95' title='bbox 653 1469 900 1523; x_wconf 85' lang='lat' dir='ltr'><strong>evectus,</strong></span> <span class='ocrx_word' id='word_1_96' title='bbox 929 1454 1129 1509; x_wconf 85' lang='lat' dir='ltr'><strong>ibidem</strong></span> <span class='ocrx_word' id='word_1_97' title='bbox 1183 1461 1371 1522; x_wconf 87' lang='lat' dir='ltr'><strong>raptus</strong></span> <span class='ocrx_word' id='word_1_98' title='bbox 1416 1450 1467 1505; x_wconf 84' lang='lat' dir='ltr'><strong>in</strong></span> <span class='ocrx_word' id='word_1_99' title='bbox 1518 1449 1855 1519; x_wconf 88' lang='lat' dir='ltr'><strong>paradisum,</strong></span> <span class='ocrx_word' id='word_1_100' title='bbox 1884 1446 1995 1499; x_wconf 81' lang='lat' dir='ltr'><strong>Ma-</strong></span> 
     </span>
    </p>
   </div>
   <div class='ocr_carea' id='block_1_17' title="bbox 428 1540 1993 1623">
    <p class='ocr_par' dir='ltr' id='par_1_17' title="bbox 428 1540 1993 1623">
     <span class='ocr_line' id='line_1_17' title="bbox 428 1540 1993 1623; baseline -0.01 -16"><span class='ocrx_word' id='word_1_101' title='bbox 428 1568 565 1623; x_wconf 83' lang='lat' dir='ltr'><strong>gnus</strong></span> <span class='ocrx_word' id='word_1_102' title='bbox 638 1551 860 1619; x_wconf 90' lang='lat' dir='ltr'><strong>inquam</strong></span> <span class='ocrx_word' id='word_1_103' title='bbox 920 1546 1141 1602; x_wconf 85' lang='lat' dir='ltr'><strong>Paulus.</strong></span> <span class='ocrx_word' id='word_1_104' title='bbox 1200 1544 1279 1598; x_wconf 84' lang='lat' dir='ltr'><strong>Ac</strong></span> <span class='ocrx_word' id='word_1_105' title='bbox 1348 1541 1581 1610; x_wconf 89' lang='lat' dir='ltr'><strong>primum</strong></span> <span class='ocrx_word' id='word_1_106' title='bbox 1646 1540 1865 1606; x_wconf 89' lang='lat' dir='ltr'><strong>quidem</strong></span> <span class='ocrx_word' id='word_1_107' title='bbox 1929 1551 1993 1591; x_wconf 91' lang='lat' dir='ltr'><strong>ac</strong></span> 
     </span>
    </p>
   </div>
   <div class='ocr_carea' id='block_1_18' title="bbox 426 1632 1995 1706">
    <p class='ocr_par' dir='ltr' id='par_1_18' title="bbox 426 1632 1995 1706">
     <span class='ocr_line' id='line_1_18' title="bbox 426 1632 1995 1706; baseline -0.009 -5"><span class='ocrx_word' id='word_1_108' title='bbox 426 1646 573 1701; x_wconf 86' lang='lat' dir='ltr'><strong>circa</strong></span> <span class='ocrx_word' id='word_1_109' title='bbox 604 1644 773 1699; x_wconf 90' lang='lat' dir='ltr'><strong>Deum</strong></span> <span class='ocrx_word' id='word_1_110' title='bbox 795 1643 1145 1703; x_wconf 84' lang='lat' dir='ltr'><strong>existentcm,</strong></span> <span class='ocrx_word' id='word_1_111' title='bbox 1162 1639 1319 1706; x_wconf 85' lang='lat' dir='ltr'><strong>eique</strong></span> <span class='ocrx_word' id='word_1_112' title='bbox 1338 1634 1582 1706; x_wconf 76' lang='lat' dir='ltr'><strong>proxime</strong></span> <span class='ocrx_word' id='word_1_113' title='bbox 1601 1642 1655 1687; x_wconf 91' lang='lat' dir='ltr'><strong>et</strong></span> <span class='ocrx_word' id='word_1_114' title='bbox 1683 1632 1995 1687; x_wconf 83' lang='lat' dir='ltr'><strong>immediate</strong></span> 
     </span>
    </p>
   </div>
   <div class='ocr_carea' id='block_1_19' title="bbox 434 1724 1994 1803">
    <p class='ocr_par' dir='ltr' id='par_1_19' title="bbox 434 1724 1994 1803">
     <span class='ocr_line' id='line_1_19' title="bbox 434 1724 1994 1803; baseline -0.01 -12"><span class='ocrx_word' id='word_1_115' title='bbox 434 1738 672 1803; x_wconf 83' lang='lat' dir='ltr'><strong>unitum,</strong></span> <span class='ocrx_word' id='word_1_116' title='bbox 706 1736 839 1789; x_wconf 80' lang='lat' dir='ltr'><strong>dicit</strong></span> <span class='ocrx_word' id='word_1_117' title='bbox 870 1748 991 1787; x_wconf 88' lang='lat' dir='ltr'><strong>esse</strong></span> <span class='ocrx_word' id='word_1_118' title='bbox 1019 1733 1245 1786; x_wconf 89' lang='lat' dir='ltr'><strong>thronos</strong></span> <span class='ocrx_word' id='word_1_119' title='bbox 1281 1728 1681 1790; x_wconf 88' lang='lat' dir='ltr'><strong>sanctissimos,</strong></span> <span class='ocrx_word' id='word_1_120' title='bbox 1712 1736 1766 1779; x_wconf 87' lang='lat' dir='ltr'><strong>et</strong></span> <span class='ocrx_word' id='word_1_121' title='bbox 1799 1724 1994 1779; x_wconf 90' lang='lat' dir='ltr'><strong>multo-</strong></span> 
     </span>
    </p>
   </div>
   <div class='ocr_carea' id='block_1_20' title="bbox 432 1817 1989 1895">
    <p class='ocr_par' dir='ltr' id='par_1_20' title="bbox 432 1817 1989 1895">
     <span class='ocr_line' id='line_1_20' title="bbox 432 1817 1989 1895; baseline -0.009 -13"><span class='ocrx_word' id='word_1_122' title='bbox 432 1845 548 1882; x_wconf 91' lang='lat' dir='ltr'><strong>rum</strong></span> <span class='ocrx_word' id='word_1_123' title='bbox 574 1827 876 1893; x_wconf 88' lang='lat' dir='ltr'><strong>ocnlorum,</strong></span> <span class='ocrx_word' id='word_1_124' title='bbox 899 1827 1097 1895; x_wconf 87' lang='lat' dir='ltr'><strong>quippe</strong></span> <span class='ocrx_word' id='word_1_125' title='bbox 1111 1820 1438 1892; x_wconf 82' lang='lat' dir='ltr'><strong>cognitionis</strong></span> <span class='ocrx_word' id='word_1_126' title='bbox 1460 1819 1614 1888; x_wconf 85' lang='lat' dir='ltr'><strong>copia</strong></span> <span class='ocrx_word' id='word_1_127' title='bbox 1640 1817 1989 1886; x_wconf 89' lang='lat' dir='ltr'><strong>pollentinm;</strong></span> 
     </span>
    </p>
   </div>
   <div class='ocr_carea' id='block_1_21' title="bbox 430 1911 1995 1981">
    <p class='ocr_par' dir='ltr' id='par_1_21' title="bbox 430 1911 1995 1981">
     <span class='ocr_line' id='line_1_21' title="bbox 430 1911 1995 1981; baseline -0.006 -8"><span class='ocrx_word' id='word_1_128' title='bbox 430 1932 486 1975; x_wconf 81' lang='lat' dir='ltr'><strong>et</strong></span> <span class='ocrx_word' id='word_1_129' title='bbox 539 1919 833 1975; x_wconf 89' lang='lat' dir='ltr'><strong>multarum</strong></span> <span class='ocrx_word' id='word_1_130' title='bbox 868 1918 1099 1979; x_wconf 90' lang='lat' dir='ltr'><strong>alarum,</strong></span> <span class='ocrx_word' id='word_1_131' title='bbox 1155 1920 1341 1981; x_wconf 88' lang='lat' dir='ltr'><strong>utpote</strong></span> <span class='ocrx_word' id='word_1_132' title='bbox 1399 1911 1897 1965; x_wconf 83' lang='lat' dir='ltr'><strong>ellicacissimorum</strong></span> <span class='ocrx_word' id='word_1_133' title='bbox 1940 1918 1995 1964; x_wconf 90' lang='lat' dir='ltr'><strong>et</strong></span> 
     </span>
    </p>
   </div>
   <div class='ocr_carea' id='block_1_22' title="bbox 431 2001 1994 2084">
    <p class='ocr_par' dir='ltr' id='par_1_22' title="bbox 431 2001 1994 2084">
     <span class='ocr_line' id='line_1_22' title="bbox 431 2001 1994 2084; baseline -0.009 -16"><span class='ocrx_word' id='word_1_134' title='bbox 431 2014 536 2084; x_wconf 72' lang='lat'><strong>52</strong></span> <span class='ocrx_word' id='word_1_135' title='bbox 588 2014 955 2072; x_wconf 89' lang='lat' dir='ltr'><strong>incensorum,</strong></span> <span class='ocrx_word' id='word_1_136' title='bbox 986 2023 1121 2077; x_wconf 80' lang='lat' dir='ltr'><strong>quos</strong></span> <span class='ocrx_word' id='word_1_137' title='bbox 1150 2005 1432 2060; x_wconf 78' lang='lat' dir='ltr'><strong>cherubim</strong></span> <span class='ocrx_word' id='word_1_138' title='bbox 1485 2016 1539 2058; x_wconf 87' lang='lat' dir='ltr'><strong>et</strong></span> <span class='ocrx_word' id='word_1_139' title='bbox 1590 2006 1861 2070; x_wconf 88' lang='lat' dir='ltr'><strong>scraplnm</strong></span> <span class='ocrx_word' id='word_1_140' title='bbox 1891 2001 1994 2055; x_wconf 85' lang='lat' dir='ltr'><strong>lle-</strong></span> 
     </span>
    </p>
   </div>
   <div class='ocr_carea' id='block_1_23' title="bbox 431 2096 1991 2171">
    <p class='ocr_par' dir='ltr' id='par_1_23' title="bbox 431 2096 1991 2171">
     <span class='ocr_line' id='line_1_23' title="bbox 431 2096 1991 2171; baseline -0.006 -13"><span class='ocrx_word' id='word_1_141' title='bbox 431 2106 576 2158; x_wconf 67' lang='lat' dir='ltr'><strong>braaa</strong></span> <span class='ocrx_word' id='word_1_142' title='bbox 608 2103 788 2171; x_wconf 90' lang='lat' dir='ltr'><strong>lingua</strong></span> <span class='ocrx_word' id='word_1_143' title='bbox 840 2114 1038 2155; x_wconf 86' lang='lat' dir='ltr'><strong>vocare</strong></span> <span class='ocrx_word' id='word_1_144' title='bbox 1075 2099 1236 2164; x_wconf 82' lang='lat' dir='ltr'><strong>solet,</strong></span> <span class='ocrx_word' id='word_1_145' title='bbox 1286 2098 1441 2167; x_wconf 83' lang='lat' dir='ltr'><strong>cujus</strong></span> <span class='ocrx_word' id='word_1_146' title='bbox 1469 2111 1629 2151; x_wconf 89' lang='lat' dir='ltr'><strong>causa</strong></span> <span class='ocrx_word' id='word_1_147' title='bbox 1668 2096 1719 2149; x_wconf 92' lang='lat' dir='ltr'><strong>in</strong></span> <span class='ocrx_word' id='word_1_148' title='bbox 1757 2110 1991 2163; x_wconf 88' lang='lat' dir='ltr'><strong>sequen-</strong></span> 
     </span>
    </p>
   </div>
   <div class='ocr_carea' id='block_1_24' title="bbox 432 2186 1992 2263">
    <p class='ocr_par' dir='ltr' id='par_1_24' title="bbox 432 2186 1992 2263">
     <span class='ocr_line' id='line_1_24' title="bbox 432 2186 1992 2263; baseline -0.007 -13"><span class='ocrx_word' id='word_1_149' title='bbox 432 2199 574 2251; x_wconf 86' lang='lat' dir='ltr'><strong>tibus</strong></span> <span class='ocrx_word' id='word_1_150' title='bbox 649 2194 978 2263; x_wconf 78' lang='lat' dir='ltr'><strong>proferetur.</strong></span> <span class='ocrx_word' id='word_1_151' title='bbox 1034 2191 1271 2245; x_wconf 87' lang='lat' dir='ltr'><strong>Primam</strong></span> <span class='ocrx_word' id='word_1_152' title='bbox 1356 2191 1494 2244; x_wconf 90' lang='lat' dir='ltr'><strong>hanc</strong></span> <span class='ocrx_word' id='word_1_153' title='bbox 1554 2186 1992 2241; x_wconf 82' lang='lat' dir='ltr'><strong>distributionem</strong></span> 
     </span>
    </p>
   </div>
   <div class='ocr_carea' id='block_1_25' title="bbox 430 2276 1997 2345">
    <p class='ocr_par' dir='ltr' id='par_1_25' title="bbox 430 2276 1997 2345">
     <span class='ocr_line' id='line_1_25' title="bbox 430 2276 1997 2345; baseline -0.004 -6"><span class='ocrx_word' id='word_1_154' title='bbox 430 2288 577 2343; x_wconf 77' lang='lat' dir='ltr'><strong>circa</strong></span> <span class='ocrx_word' id='word_1_155' title='bbox 630 2288 795 2341; x_wconf 90' lang='lat' dir='ltr'><strong>Deum</strong></span> <span class='ocrx_word' id='word_1_156' title='bbox 838 2284 1151 2340; x_wconf 87' lang='lat' dir='ltr'><strong>immediate</strong></span> <span class='ocrx_word' id='word_1_157' title='bbox 1199 2281 1477 2345; x_wconf 87' lang='lat' dir='ltr'><strong>collocari,</strong></span> <span class='ocrx_word' id='word_1_158' title='bbox 1516 2278 1713 2333; x_wconf 82' lang='lat' dir='ltr'><strong>asserit</strong></span> <span class='ocrx_word' id='word_1_159' title='bbox 1744 2276 1997 2332; x_wconf 82' lang='lat' dir='ltr'><strong>oraculo-</strong></span> 
     </span>
    </p>
   </div>
   <div class='ocr_carea' id='block_1_26' title="bbox 434 2371 1996 2443">
    <p class='ocr_par' dir='ltr' id='par_1_26' title="bbox 434 2371 1996 2443">
     <span class='ocr_line' id='line_1_26' title="bbox 434 2371 1996 2443; baseline -0.006 -10"><span class='ocrx_word' id='word_1_160' title='bbox 434 2396 551 2434; x_wconf 88' lang='lat' dir='ltr'><strong>rum</strong></span> <span class='ocrx_word' id='word_1_161' title='bbox 588 2379 808 2433; x_wconf 86' lang='lat' dir='ltr'><strong>traditio</strong></span> <span class='ocrx_word' id='word_1_162' title='bbox 836 2397 849 2433; x_wconf 89' lang='lat'><strong>:</strong></span> <span class='ocrx_word' id='word_1_163' title='bbox 883 2378 1021 2432; x_wconf 89' lang='lat' dir='ltr'><strong>hanc</strong></span> <span class='ocrx_word' id='word_1_164' title='bbox 1056 2376 1221 2430; x_wconf 90' lang='lat' dir='ltr'><strong>etiam</strong></span> <span class='ocrx_word' id='word_1_165' title='bbox 1256 2373 1491 2443; x_wconf 85' lang='lat' dir='ltr'><strong>inclytus</strong></span> <span class='ocrx_word' id='word_1_166' title='bbox 1518 2371 1776 2442; x_wconf 69' lang='lat' dir='ltr'><strong>Magister</strong></span> <span class='ocrx_word' id='word_1_167' title='bbox 1808 2379 1996 2425; x_wconf 88' lang='lat' dir='ltr'><strong>noster</strong></span> 
     </span>
    </p>
   </div>
   <div class='ocr_carea' id='block_1_27' title="bbox 432 2467 1993 2542">
    <p class='ocr_par' dir='ltr' id='par_1_27' title="bbox 432 2467 1993 2542">
     <span class='ocr_line' id='line_1_27' title="bbox 432 2467 1993 2542; baseline -0.007 -12"><span class='ocrx_word' id='word_1_168' title='bbox 432 2489 594 2530; x_wconf 86' lang='lat' dir='ltr'><strong>uuam</strong></span> <span class='ocrx_word' id='word_1_169' title='bbox 624 2483 679 2528; x_wconf 90' lang='lat' dir='ltr'><strong>et</strong></span> <span class='ocrx_word' id='word_1_170' title='bbox 721 2472 967 2542; x_wconf 88' lang='lat' dir='ltr'><strong>ejusdem</strong></span> <span class='ocrx_word' id='word_1_171' title='bbox 1016 2469 1297 2540; x_wconf 79' lang='lat' dir='ltr'><strong>dignitatis</strong></span> <span class='ocrx_word' id='word_1_172' title='bbox 1322 2481 1445 2522; x_wconf 87' lang='lat' dir='ltr'><strong>esse</strong></span> <span class='ocrx_word' id='word_1_173' title='bbox 1474 2467 1715 2529; x_wconf 87' lang='lat' dir='ltr'><strong>dicebat,</strong></span> <span class='ocrx_word' id='word_1_174' title='bbox 1746 2479 1855 2535; x_wconf 88' lang='lat' dir='ltr'><strong>qua</strong></span> <span class='ocrx_word' id='word_1_175' title='bbox 1889 2480 1993 2519; x_wconf 92' lang='lat' dir='ltr'><strong>non</strong></span> 
     </span>
    </p>
   </div>
   <div class='ocr_carea' id='block_1_28' title="bbox 432 2559 1993 2631">
    <p class='ocr_par' dir='ltr' id='par_1_28' title="bbox 432 2559 1993 2631">
     <span class='ocr_line' id='line_1_28' title="bbox 432 2559 1993 2631; baseline -0.008 -9"><span class='ocrx_word' id='word_1_176' title='bbox 432 2578 517 2622; x_wconf 87' lang='lat' dir='ltr'><strong>est</strong></span> <span class='ocrx_word' id='word_1_177' title='bbox 560 2567 663 2622; x_wconf 88' lang='lat' dir='ltr'><strong>alia</strong></span> <span class='ocrx_word' id='word_1_178' title='bbox 695 2563 1009 2619; x_wconf 86' lang='lat' dir='ltr'><strong>distributio</strong></span> <span class='ocrx_word' id='word_1_179' title='bbox 1041 2561 1382 2631; x_wconf 72' lang='lat' dir='ltr'><strong>primigeniis</strong></span> <span class='ocrx_word' id='word_1_180' title='bbox 1414 2576 1479 2615; x_wconf 91' lang='lat' dir='ltr'><strong>ac</strong></span> <span class='ocrx_word' id='word_1_181' title='bbox 1511 2559 1709 2614; x_wconf 83' lang='lat' dir='ltr'><strong>divinis</strong></span> <span class='ocrx_word' id='word_1_182' title='bbox 1754 2559 1993 2614; x_wconf 89' lang='lat' dir='ltr'><strong>illustra-</strong></span> 
     </span>
    </p>
   </div>
   <div class='ocr_carea' id='block_1_29' title="bbox 435 2652 1994 2723">
    <p class='ocr_par' dir='ltr' id='par_1_29' title="bbox 435 2652 1994 2723">
     <span class='ocr_line' id='line_1_29' title="bbox 435 2652 1994 2723; baseline -0.007 -6"><span class='ocrx_word' id='word_1_183' title='bbox 435 2661 676 2718; x_wconf 88' lang='lat' dir='ltr'><strong>tionibus</strong></span> <span class='ocrx_word' id='word_1_184' title='bbox 720 2658 997 2714; x_wconf 84' lang='lat' dir='ltr'><strong>attentior.</strong></span> <span class='ocrx_word' id='word_1_185' title='bbox 1032 2656 1285 2711; x_wconf 89' lang='lat' dir='ltr'><strong>Secunda</strong></span> <span class='ocrx_word' id='word_1_186' title='bbox 1334 2669 1465 2709; x_wconf 87' lang='lat' dir='ltr'><strong>vero</strong></span> <span class='ocrx_word' id='word_1_187' title='bbox 1496 2663 1576 2708; x_wconf 90' lang='lat' dir='ltr'><strong>est</strong></span> <span class='ocrx_word' id='word_1_188' title='bbox 1612 2668 1679 2708; x_wconf 78' lang='lat' dir='ltr'><strong>ex</strong></span> <span class='ocrx_word' id='word_1_189' title='bbox 1711 2652 1994 2723; x_wconf 87' lang='lat' dir='ltr'><strong>potestati-</strong></span> 
     </span>
    </p>
   </div>
   <div class='ocr_carea' id='block_1_30' title="bbox 434 2746 1998 2817">
    <p class='ocr_par' dir='ltr' id='par_1_30' title="bbox 434 2746 1998 2817">
     <span class='ocr_line' id='line_1_30' title="bbox 434 2746 1998 2817; baseline -0.008 -6"><span class='ocrx_word' id='word_1_190' title='bbox 434 2761 532 2811; x_wconf 91' lang='lat' dir='ltr'><strong>bus</strong></span> <span class='ocrx_word' id='word_1_191' title='bbox 562 2767 615 2811; x_wconf 89' lang='lat' dir='ltr'><strong>et</strong></span> <span class='ocrx_word' id='word_1_192' title='bbox 648 2750 1115 2809; x_wconf 83' lang='lat' dir='ltr'><strong>douiinationibus</strong></span> <span class='ocrx_word' id='word_1_193' title='bbox 1165 2759 1330 2817; x_wconf 90' lang='lat' dir='ltr'><strong>atque</strong></span> <span class='ocrx_word' id='word_1_194' title='bbox 1383 2746 1711 2812; x_wconf 86' lang='lat' dir='ltr'><strong>virtutibus;</strong></span> <span class='ocrx_word' id='word_1_195' title='bbox 1771 2754 1825 2801; x_wconf 88' lang='lat' dir='ltr'><strong>et</strong></span> <span class='ocrx_word' id='word_1_196' title='bbox 1877 2754 1998 2814; x_wconf 92' lang='lat' dir='ltr'><strong>post</strong></span> 
     </span>
    </p>
   </div>
   <div class='ocr_carea' id='block_1_31' title="bbox 434 2838 1995 2911">
    <p class='ocr_par' dir='ltr' id='par_1_31' title="bbox 434 2838 1995 2911">
     <span class='ocr_line' id='line_1_31' title="bbox 434 2838 1995 2911; baseline -0.008 -8"><span class='ocrx_word' id='word_1_197' title='bbox 434 2851 573 2903; x_wconf 85' lang='lat' dir='ltr'><strong>hanc</strong></span> <span class='ocrx_word' id='word_1_198' title='bbox 609 2847 787 2909; x_wconf 86' lang='lat' dir='ltr'><strong>tertia,</strong></span> <span class='ocrx_word' id='word_1_199' title='bbox 824 2859 943 2911; x_wconf 64' lang='lat' dir='ltr'><strong>quae</strong></span> <span class='ocrx_word' id='word_1_200' title='bbox 976 2840 1213 2909; x_wconf 88' lang='lat' dir='ltr'><strong>complet</strong></span> <span class='ocrx_word' id='word_1_201' title='bbox 1236 2838 1556 2906; x_wconf 82' lang='lat' dir='ltr'><strong>angelorum</strong></span> <span class='ocrx_word' id='word_1_202' title='bbox 1607 2846 1657 2893; x_wconf 90' lang='lat' dir='ltr'><strong>et</strong></span> <span class='ocrx_word' id='word_1_203' title='bbox 1690 2838 1995 2903; x_wconf 74' lang='lat' dir='ltr'><strong>archange-</strong></span> 
     </span>
    </p>
   </div>
   <div class='ocr_carea' id='block_1_32' title="bbox 433 2928 1995 3003">
    <p class='ocr_par' dir='ltr' id='par_1_32' title="bbox 433 2928 1995 3003">
     <span class='ocr_line' id='line_1_32' title="bbox 433 2928 1995 3003; baseline -0.007 -9"><span class='ocrx_word' id='word_1_204' title='bbox 433 2942 608 2995; x_wconf 82' lang='lat' dir='ltr'><strong>lorum</strong></span> <span class='ocrx_word' id='word_1_205' title='bbox 660 2953 725 2992; x_wconf 89' lang='lat' dir='ltr'><strong>ac</strong></span> <span class='ocrx_word' id='word_1_206' title='bbox 780 2935 1180 3003; x_wconf 89' lang='lat' dir='ltr'><strong>principatuum</strong></span> <span class='ocrx_word' id='word_1_207' title='bbox 1226 2931 1659 3000; x_wconf 85' lang='lat' dir='ltr'><strong>dispositionem.</strong></span> <span class='ocrx_word' id='word_1_208' title='bbox 1689 2928 1995 2984; x_wconf 84' lang='lat' dir='ltr'><strong>Notandum</strong></span> 
     </span>
    </p>
   </div>
   <div class='ocr_carea' id='block_1_33' title="bbox 432 3021 1997 3098">
    <p class='ocr_par' dir='ltr' id='par_1_33' title="bbox 432 3021 1997 3098">
     <span class='ocr_line' id='line_1_33' title="bbox 432 3021 1997 3098; baseline -0.007 -12"><span class='ocrx_word' id='word_1_209' title='bbox 432 3040 610 3086; x_wconf 87' lang='lat' dir='ltr'><strong>autem</strong></span> <span class='ocrx_word' id='word_1_210' title='bbox 658 3029 869 3098; x_wconf 90' lang='lat' dir='ltr'><strong>aliquos</strong></span> <span class='ocrx_word' id='word_1_211' title='bbox 920 3028 1023 3080; x_wconf 88' lang='lat' dir='ltr'><strong>hac</strong></span> <span class='ocrx_word' id='word_1_212' title='bbox 1068 3023 1479 3078; x_wconf 90' lang='lat' dir='ltr'><strong>enumeratione</strong></span> <span class='ocrx_word' id='word_1_213' title='bbox 1525 3032 1874 3093; x_wconf 78' lang='lat' dir='ltr'><strong>provocatos,</strong></span> <span class='ocrx_word' id='word_1_214' title='bbox 1923 3021 1997 3075; x_wconf 92' lang='lat' dir='ltr'><strong>ita</strong></span> 
     </span>
    </p>
   </div>
   <div class='ocr_carea' id='block_1_34' title="bbox 434 3115 2069 3195">
    <p class='ocr_par' dir='ltr' id='par_1_34' title="bbox 434 3115 2069 3195">
     <span class='ocr_line' id='line_1_34' title="bbox 434 3115 2069 3195; baseline -0.006 -18"><span class='ocrx_word' id='word_1_215' title='bbox 434 3126 664 3195; x_wconf 88' lang='lat' dir='ltr'><strong>primam</strong></span> <span class='ocrx_word' id='word_1_216' title='bbox 695 3115 1138 3177; x_wconf 84' lang='lat' dir='ltr'><strong>distributionem</strong></span> <span class='ocrx_word' id='word_1_217' title='bbox 1161 3116 1454 3172; x_wconf 89' lang='lat' dir='ltr'><strong>ordinare:</strong></span> <span class='ocrx_word' id='word_1_218' title='bbox 1485 3115 1717 3183; x_wconf 88' lang='lat' dir='ltr'><strong>primum</strong></span> <span class='ocrx_word' id='word_1_219' title='bbox 1749 3115 1993 3175; x_wconf 87' lang='lat' dir='ltr'><strong>thronos.</strong></span> <span class='ocrx_word' id='word_1_220' title='bbox 2023 3129 2069 3191; x_wconf 76' lang='grc' dir='ltr'>ο</span> 
     </span>
    </p>
   </div>
   <div class='ocr_carea' id='block_1_35' title="bbox 432 3206 1993 3278">
    <p class='ocr_par' dir='ltr' id='par_1_35' title="bbox 432 3206 1993 3278">
     <span class='ocr_line' id='line_1_35' title="bbox 432 3206 1993 3278; baseline -0.005 -10"><span class='ocrx_word' id='word_1_221' title='bbox 432 3215 628 3269; x_wconf 87' lang='lat' dir='ltr'><strong>deinde</strong></span> <span class='ocrx_word' id='word_1_222' title='bbox 686 3211 999 3274; x_wconf 88' lang='lat' dir='ltr'><strong>cherubim,</strong></span> <span class='ocrx_word' id='word_1_223' title='bbox 1032 3224 1098 3263; x_wconf 88' lang='lat' dir='ltr'><strong>ac</strong></span> <span class='ocrx_word' id='word_1_224' title='bbox 1147 3216 1330 3278; x_wconf 85' lang='lat' dir='ltr'><strong>postea</strong></span> <span class='ocrx_word' id='word_1_225' title='bbox 1387 3208 1696 3277; x_wconf 86' lang='lat' dir='ltr'><strong>seraphim;</strong></span> <span class='ocrx_word' id='word_1_226' title='bbox 1739 3206 1993 3275; x_wconf 88' lang='lat' dir='ltr'><strong>quocirca</strong></span> 
     </span>
    </p>
   </div>
   <div class='ocr_carea' id='block_1_36' title="bbox 430 3299 1995 3373">
    <p class='ocr_par' dir='ltr' id='par_1_36' title="bbox 430 3299 1995 3373">
     <span class='ocr_line' id='line_1_36' title="bbox 430 3299 1995 3373; baseline -0.003 -15"><span class='ocrx_word' id='word_1_227' title='bbox 430 3306 596 3359; x_wconf 90' lang='lat' dir='ltr'><strong>etiam</strong></span> <span class='ocrx_word' id='word_1_228' title='bbox 632 3303 1040 3373; x_wconf 87' lang='lat' dir='ltr'><strong>inscriptionem</strong></span> <span class='ocrx_word' id='word_1_229' title='bbox 1073 3300 1290 3370; x_wconf 87' lang='lat' dir='ltr'><strong>septimi</strong></span> <span class='ocrx_word' id='word_1_230' title='bbox 1327 3299 1545 3368; x_wconf 86' lang='lat' dir='ltr'><strong>capitis,</strong></span> <span class='ocrx_word' id='word_1_231' title='bbox 1578 3308 1743 3367; x_wconf 89' lang='lat' dir='ltr'><strong>atque</strong></span> <span class='ocrx_word' id='word_1_232' title='bbox 1776 3299 1995 3368; x_wconf 88' lang='lat' dir='ltr'><strong>insuper</strong></span> 
     </span>
    </p>
   </div>
   <div class='ocr_carea' id='block_1_37' title="bbox 434 3390 1993 3457">
    <p class='ocr_par' dir='ltr' id='par_1_37' title="bbox 434 3390 1993 3457">
     <span class='ocr_line' id='line_1_37' title="bbox 434 3390 1993 3457; baseline -0.005 -7"><span class='ocrx_word' id='word_1_233' title='bbox 434 3398 596 3450; x_wconf 90' lang='lat' dir='ltr'><strong>trium</strong></span> <span class='ocrx_word' id='word_1_234' title='bbox 656 3395 850 3449; x_wconf 88' lang='lat' dir='ltr'><strong>horum</strong></span> <span class='ocrx_word' id='word_1_235' title='bbox 900 3393 1152 3448; x_wconf 89' lang='lat' dir='ltr'><strong>ordinum</strong></span> <span class='ocrx_word' id='word_1_236' title='bbox 1206 3392 1539 3457; x_wconf 85' lang='lat' dir='ltr'><strong>doctrinam,</strong></span> <span class='ocrx_word' id='word_1_237' title='bbox 1578 3390 1993 3453; x_wconf 79' lang='lat' dir='ltr'><strong>conferendam,</strong></span> 
     </span>
    </p>
   </div>
   <div class='ocr_carea' id='block_1_38' title="bbox 431 3483 1995 3551">
    <p class='ocr_par' dir='ltr' id='par_1_38' title="bbox 431 3483 1995 3551">
     <span class='ocr_line' id='line_1_38' title="bbox 431 3483 1995 3551; baseline -0.004 -10"><span class='ocrx_word' id='word_1_238' title='bbox 431 3489 606 3550; x_wconf 90' lang='lat' dir='ltr'><strong>aiunt,</strong></span> <span class='ocrx_word' id='word_1_239' title='bbox 637 3502 758 3541; x_wconf 88' lang='lat' dir='ltr'><strong>cum</strong></span> <span class='ocrx_word' id='word_1_240' title='bbox 793 3486 1003 3542; x_wconf 91' lang='lat' dir='ltr'><strong>duobus</strong></span> <span class='ocrx_word' id='word_1_241' title='bbox 1050 3485 1171 3541; x_wconf 79' lang='lat' dir='ltr'><strong>istis</strong></span> <span class='ocrx_word' id='word_1_242' title='bbox 1203 3483 1460 3540; x_wconf 90' lang='lat' dir='ltr'><strong>ternariis</strong></span> <span class='ocrx_word' id='word_1_243' title='bbox 1488 3484 1736 3538; x_wconf 92' lang='lat' dir='ltr'><strong>ordinum</strong></span> <span class='ocrx_word' id='word_1_244' title='bbox 1762 3496 1995 3551; x_wconf 89' lang='lat' dir='ltr'><strong>sequen-</strong></span> 
     </span>
    </p>
   </div>
   <div class='ocr_carea' id='block_1_39' title="bbox 432 3574 1998 3639">
    <p class='ocr_par' dir='ltr' id='par_1_39' title="bbox 432 3574 1998 3639">
     <span class='ocr_line' id='line_1_39' title="bbox 432 3574 1998 3639; baseline -0.003 -6"><span class='ocrx_word' id='word_1_245' title='bbox 432 3585 564 3636; x_wconf 91' lang='lat' dir='ltr'><strong>tium</strong></span> <span class='ocrx_word' id='word_1_246' title='bbox 589 3596 604 3635; x_wconf 88' lang='lat'><strong>:</strong></span> <span class='ocrx_word' id='word_1_247' title='bbox 631 3582 704 3636; x_wconf 90' lang='lat' dir='ltr'><strong>ibi</strong></span> <span class='ocrx_word' id='word_1_248' title='bbox 737 3581 882 3635; x_wconf 90' lang='lat' dir='ltr'><strong>enim</strong></span> <span class='ocrx_word' id='word_1_249' title='bbox 913 3580 1033 3634; x_wconf 86' lang='lat' dir='ltr'><strong>illos</strong></span> <span class='ocrx_word' id='word_1_250' title='bbox 1064 3592 1282 3634; x_wconf 90' lang='lat' dir='ltr'><strong>sursum</strong></span> <span class='ocrx_word' id='word_1_251' title='bbox 1316 3577 1571 3632; x_wconf 89' lang='lat' dir='ltr'><strong>deorsum</strong></span> <span class='ocrx_word' id='word_1_252' title='bbox 1601 3585 1883 3639; x_wconf 85' lang='lat' dir='ltr'><strong>recenset;</strong></span> <span class='ocrx_word' id='word_1_253' title='bbox 1910 3574 1998 3628; x_wconf 91' lang='lat' dir='ltr'><strong>hic</strong></span> 
     </span>
    </p>
   </div>
   <div class='ocr_carea' id='block_1_40' title="bbox 431 3664 1995 3737">
    <p class='ocr_par' dir='ltr' id='par_1_40' title="bbox 431 3664 1995 3737">
     <span class='ocr_line' id='line_1_40' title="bbox 431 3664 1995 3737; baseline -0.006 -10"><span class='ocrx_word' id='word_1_254' title='bbox 431 3684 611 3728; x_wconf 88' lang='lat' dir='ltr'><strong>autem</strong></span> <span class='ocrx_word' id='word_1_255' title='bbox 649 3684 753 3728; x_wconf 81' lang='lat' dir='ltr'><strong>nun</strong></span> <span class='ocrx_word' id='word_1_256' title='bbox 787 3673 890 3737; x_wconf 90' lang='lat' dir='ltr'><strong>sic,</strong></span> <span class='ocrx_word' id='word_1_257' title='bbox 943 3672 1040 3727; x_wconf 85' lang='lat' dir='ltr'><strong>sed</strong></span> <span class='ocrx_word' id='word_1_258' title='bbox 1090 3670 1345 3725; x_wconf 89' lang='lat' dir='ltr'><strong>deorsum</strong></span> <span class='ocrx_word' id='word_1_259' title='bbox 1402 3683 1641 3723; x_wconf 83' lang='lat' dir='ltr'><strong>sursum.</strong></span> <span class='ocrx_word' id='word_1_260' title='bbox 1689 3666 1865 3736; x_wconf 82' lang='lat' dir='ltr'><strong>Atque</strong></span> <span class='ocrx_word' id='word_1_261' title='bbox 1906 3664 1995 3720; x_wconf 86' lang='lat' dir='ltr'><strong>alii</strong></span> 
     </span>
    </p>
   </div>
   <div class='ocr_carea' id='block_1_41' title="bbox 431 3756 1999 3837">
    <p class='ocr_par' dir='ltr' id='par_1_41' title="bbox 431 3756 1999 3837">
     <span class='ocr_line' id='line_1_41' title="bbox 431 3756 1999 3837; baseline -0.005 -18"><span class='ocrx_word' id='word_1_262' title='bbox 431 3762 649 3837; x_wconf 70' lang='lat' dir='ltr'><strong>quidem</strong></span> <span class='ocrx_word' id='word_1_263' title='bbox 686 3766 788 3820; x_wconf 79' lang='lat' dir='ltr'><strong>hec</strong></span> <span class='ocrx_word' id='word_1_264' title='bbox 834 3765 1015 3829; x_wconf 90' lang='lat' dir='ltr'><strong>modo,</strong></span> <span class='ocrx_word' id='word_1_265' title='bbox 1054 3772 1112 3817; x_wconf 93' lang='lat' dir='ltr'><strong>ut</strong></span> <span class='ocrx_word' id='word_1_266' title='bbox 1162 3758 1340 3831; x_wconf 83' lang='lat' dir='ltr'><strong>primo</strong></span> <span class='ocrx_word' id='word_1_267' title='bbox 1389 3761 1506 3815; x_wconf 90' lang='lat' dir='ltr'><strong>loco</strong></span> <span class='ocrx_word' id='word_1_268' title='bbox 1536 3758 1808 3828; x_wconf 83' lang='lat' dir='ltr'><strong>serapliim</strong></span> <span class='ocrx_word' id='word_1_269' title='bbox 1833 3756 1999 3812; x_wconf 89' lang='lat' dir='ltr'><strong>collo-</strong></span> 
     </span>
    </p>
   </div>
   <div class='ocr_carea' id='block_1_42' title="bbox 430 3848 1998 3922">
    <p class='ocr_par' dir='ltr' id='par_1_42' title="bbox 430 3848 1998 3922">
     <span class='ocr_line' id='line_1_42' title="bbox 430 3848 1998 3922; baseline -0.008 -9"><span class='ocrx_word' id='word_1_270' title='bbox 430 3867 577 3922; x_wconf 90' lang='lat' dir='ltr'><strong>ceut,</strong></span> <span class='ocrx_word' id='word_1_271' title='bbox 613 3856 806 3911; x_wconf 88' lang='lat' dir='ltr'><strong>deinde</strong></span> <span class='ocrx_word' id='word_1_272' title='bbox 839 3855 1146 3917; x_wconf 89' lang='lat' dir='ltr'><strong>cherubim,</strong></span> <span class='ocrx_word' id='word_1_273' title='bbox 1181 3862 1345 3921; x_wconf 89' lang='lat' dir='ltr'><strong>atque</strong></span> <span class='ocrx_word' id='word_1_274' title='bbox 1394 3851 1593 3905; x_wconf 74' lang='lat' dir='ltr'><strong>exinde</strong></span> <span class='ocrx_word' id='word_1_275' title='bbox 1632 3850 1899 3904; x_wconf 87' lang='lat' dir='ltr'><strong>thronos:</strong></span> <span class='ocrx_word' id='word_1_276' title='bbox 1931 3848 1998 3901; x_wconf 88' lang='lat' dir='ltr'><strong>ad</strong></span> 
     </span>
    </p>
   </div>
   <div class='ocr_carea' id='block_1_43' title="bbox 435 3942 1997 4021">
    <p class='ocr_par' dir='ltr' id='par_1_43' title="bbox 435 3942 1997 4021">
     <span class='ocr_line' id='line_1_43' title="bbox 435 3942 1997 4021; baseline -0.009 -13"><span class='ocrx_word' id='word_1_277' title='bbox 435 3952 539 4008; x_wconf 90' lang='lat' dir='ltr'><strong>hoc</strong></span> <span class='ocrx_word' id='word_1_278' title='bbox 568 3949 802 4021; x_wconf 90' lang='lat' dir='ltr'><strong>permoti</strong></span> <span class='ocrx_word' id='word_1_279' title='bbox 827 3949 894 4001; x_wconf 89' lang='lat' dir='ltr'><strong>ab</strong></span> <span class='ocrx_word' id='word_1_280' title='bbox 921 3946 1056 4000; x_wconf 86' lang='lat' dir='ltr'><strong>Isaia</strong></span> <span class='ocrx_word' id='word_1_281' title='bbox 1082 3945 1323 4007; x_wconf 85' lang='lat' dir='ltr'><strong>dicente,</strong></span> <span class='ocrx_word' id='word_1_282' title='bbox 1362 3946 1416 3997; x_wconf 91' lang='lat' dir='ltr'><strong>in</strong></span> <span class='ocrx_word' id='word_1_283' title='bbox 1449 3942 1685 3997; x_wconf 90' lang='lat' dir='ltr'><strong>circuitu</strong></span> <span class='ocrx_word' id='word_1_284' title='bbox 1719 3942 1811 3996; x_wconf 90' lang='lat' dir='ltr'><strong>Dei</strong></span> <span class='ocrx_word' id='word_1_285' title='bbox 1847 3957 1997 3997; x_wconf 86' lang='lat' dir='ltr'><strong>sera-</strong></span> 
     </span>
    </p>
   </div>
   <div class='ocr_carea' id='block_1_44' title="bbox 435 4034 1999 4115">
    <p class='ocr_par' dir='ltr' id='par_1_44' title="bbox 435 4034 1999 4115">
     <span class='ocr_line' id='line_1_44' title="bbox 435 4034 1999 4115; baseline -0.006 -16"><span class='ocrx_word' id='word_1_286' title='bbox 435 4045 585 4115; x_wconf 86' lang='lat' dir='ltr'><strong>pbim</strong></span> <span class='ocrx_word' id='word_1_287' title='bbox 613 4039 891 4103; x_wconf 85' lang='lat' dir='ltr'><strong>collocari,</strong></span> <span class='ocrx_word' id='word_1_288' title='bbox 925 4038 1008 4092; x_wconf 88' lang='lat' dir='ltr'><strong>vel</strong></span> <span class='ocrx_word' id='word_1_289' title='bbox 1036 4037 1214 4108; x_wconf 89' lang='lat' dir='ltr'><strong>potius</strong></span> <span class='ocrx_word' id='word_1_290' title='bbox 1242 4038 1312 4093; x_wconf 90' lang='lat' dir='ltr'><strong>ab</strong></span> <span class='ocrx_word' id='word_1_291' title='bbox 1346 4037 1795 4105; x_wconf 82' lang='lat' dir='ltr'><strong>inscriptionibus</strong></span> <span class='ocrx_word' id='word_1_292' title='bbox 1818 4034 1999 4089; x_wconf 85' lang='lat' dir='ltr'><strong>octavi</strong></span> 
     </span>
    </p>
   </div>
   <div class='ocr_carea' id='block_1_45' title="bbox 435 4130 2001 4202">
    <p class='ocr_par' dir='ltr' id='par_1_45' title="bbox 435 4130 2001 4202">
     <span class='ocr_line' id='line_1_45' title="bbox 435 4130 2001 4202; baseline -0.006 -11"><span class='ocrx_word' id='word_1_293' title='bbox 435 4152 499 4190; x_wconf 92' lang='lat' dir='ltr'><strong>ac</strong></span> <span class='ocrx_word' id='word_1_294' title='bbox 534 4134 659 4190; x_wconf 93' lang='lat' dir='ltr'><strong>noni</strong></span> <span class='ocrx_word' id='word_1_295' title='bbox 700 4132 918 4202; x_wconf 85' lang='lat' dir='ltr'><strong>capitis.</strong></span> <span class='ocrx_word' id='word_1_296' title='bbox 960 4132 1228 4193; x_wconf 88' lang='lat' dir='ltr'><strong>dicentes,</strong></span> <span class='ocrx_word' id='word_1_297' title='bbox 1271 4130 1415 4200; x_wconf 90' lang='lat' dir='ltr'><strong>quod</strong></span> <span class='ocrx_word' id='word_1_298' title='bbox 1452 4140 1513 4183; x_wconf 89' lang='lat' dir='ltr'><strong>ttt</strong></span> <span class='ocrx_word' id='word_1_299' title='bbox 1556 4138 1780 4184; x_wconf 90' lang='lat' dir='ltr'><strong>sanctus</strong></span> <span class='ocrx_word' id='word_1_300' title='bbox 1807 4143 2001 4183; x_wconf 91' lang='lat' dir='ltr'><strong>secun-</strong></span> 
     </span>
    </p>
   </div>
   <div class='ocr_carea' id='block_1_46' title="bbox 434 4219 2003 4289">
    <p class='ocr_par' dir='ltr' id='par_1_46' title="bbox 434 4219 2003 4289">
     <span class='ocr_line' id='line_1_46' title="bbox 434 4219 2003 4289; baseline -0.004 -8"><span class='ocrx_word' id='word_1_301' title='bbox 434 4226 567 4281; x_wconf 92' lang='lat' dir='ltr'><strong>dum</strong></span> <span class='ocrx_word' id='word_1_302' title='bbox 592 4224 838 4280; x_wconf 91' lang='lat' dir='ltr'><strong>ordinem</strong></span> <span class='ocrx_word' id='word_1_303' title='bbox 868 4222 1107 4286; x_wconf 91' lang='lat' dir='ltr'><strong>illorum,</strong></span> <span class='ocrx_word' id='word_1_304' title='bbox 1135 4222 1215 4276; x_wconf 90' lang='lat' dir='ltr'><strong>sic</strong></span> <span class='ocrx_word' id='word_1_305' title='bbox 1244 4229 1297 4276; x_wconf 89' lang='lat' dir='ltr'><strong>et</strong></span> <span class='ocrx_word' id='word_1_306' title='bbox 1320 4219 1534 4275; x_wconf 87' lang='lat' dir='ltr'><strong>titulum</strong></span> <span class='ocrx_word' id='word_1_307' title='bbox 1558 4220 1774 4289; x_wconf 87' lang='lat' dir='ltr'><strong>septimi</strong></span> <span class='ocrx_word' id='word_1_308' title='bbox 1806 4221 2003 4289; x_wconf 84' lang='lat' dir='ltr'><strong>capitis</strong></span> 
     </span>
    </p>
   </div>
   <div class='ocr_carea' id='block_1_47' title="bbox 436 4313 2003 4387">
    <p class='ocr_par' dir='ltr' id='par_1_47' title="bbox 436 4313 2003 4387">
     <span class='ocr_line' id='line_1_47' title="bbox 436 4313 2003 4387; baseline -0.004 -13"><span class='ocrx_word' id='word_1_309' title='bbox 436 4317 772 4387; x_wconf 80' lang='lat' dir='ltr'><strong>inscripserit</strong></span> <span class='ocrx_word' id='word_1_310' title='bbox 804 4316 850 4384; x_wconf 86' lang='lat' dir='ltr'><strong>(l</strong></span> <span class='ocrx_word' id='word_1_311' title='bbox 867 4314 940 4384; x_wconf 84' lang='lat' dir='ltr'><strong>l).</strong></span> <span class='ocrx_word' id='word_1_312' title='bbox 957 4315 1011 4369; x_wconf 74' lang='lat' dir='ltr'><strong>Si</strong></span> <span class='ocrx_word' id='word_1_313' title='bbox 1036 4314 1160 4382; x_wconf 89' lang='lat' dir='ltr'><strong>quis</strong></span> <span class='ocrx_word' id='word_1_314' title='bbox 1184 4322 1367 4367; x_wconf 85' lang='lat' dir='ltr'><strong>autem</strong></span> <span class='ocrx_word' id='word_1_315' title='bbox 1385 4313 1617 4367; x_wconf 88' lang='lat' dir='ltr'><strong>voluerit</strong></span> <span class='ocrx_word' id='word_1_316' title='bbox 1643 4313 1867 4368; x_wconf 90' lang='lat' dir='ltr'><strong>thronos</strong></span> <span class='ocrx_word' id='word_1_317' title='bbox 1883 4328 2003 4368; x_wconf 88' lang='lat' dir='ltr'><strong>esse</strong></span> 
     </span>
    </p>
   </div>
   <div class='ocr_carea' id='block_1_48' title="bbox 435 4404 2005 4479">
    <p class='ocr_par' dir='ltr' id='par_1_48' title="bbox 435 4404 2005 4479">
     <span class='ocr_line' id='line_1_48' title="bbox 435 4404 2005 4479; baseline -0.004 -14"><span class='ocrx_word' id='word_1_318' title='bbox 435 4410 763 4479; x_wconf 86' lang='lat' dir='ltr'><strong>superlatos.</strong></span> <span class='ocrx_word' id='word_1_319' title='bbox 812 4412 950 4462; x_wconf 83' lang='lat' dir='ltr'><strong>sciat</strong></span> <span class='ocrx_word' id='word_1_320' title='bbox 1000 4406 1166 4461; x_wconf 90' lang='lat' dir='ltr'><strong>etiam</strong></span> <span class='ocrx_word' id='word_1_321' title='bbox 1213 4405 1486 4475; x_wconf 87' lang='lat' dir='ltr'><strong>soraphim</strong></span> <span class='ocrx_word' id='word_1_322' title='bbox 1520 4404 1719 4476; x_wconf 82' lang='lat' dir='ltr'><strong>ignitos</strong></span> <span class='ocrx_word' id='word_1_323' title='bbox 1768 4419 1910 4469; x_wconf 90' lang='lat' dir='ltr'><strong>esse,</strong></span> <span class='ocrx_word' id='word_1_324' title='bbox 1951 4415 2005 4459; x_wconf 88' lang='lat' dir='ltr'><strong>et</strong></span> 
     </span>
    </p>
   </div>
   <div class='ocr_carea' id='block_1_49' title="bbox 2094 505 3675 577">
    <p class='ocr_par' dir='ltr' id='par_1_49' title="bbox 2094 505 3675 577">
     <span class='ocr_line' id='line_1_49' title="bbox 2094 505 3675 577; baseline -0.004 -15"><span class='ocrx_word' id='word_1_325' title='bbox 2094 508 2397 577; x_wconf 88' lang='grc' dir='ltr'>ἀγγελικῶν</span> <span class='ocrx_word' id='word_1_326' title='bbox 2449 506 2738 577; x_wconf 81' lang='grc' dir='ltr'><strong>θεαμάτων</strong></span> <span class='ocrx_word' id='word_1_327' title='bbox 2793 509 2888 561; x_wconf 75' lang='grc' dir='ltr'>καὶ</span> <span class='ocrx_word' id='word_1_328' title='bbox 2925 506 3177 575; x_wconf 82' lang='grc' dir='ltr'>γνὼσεων</span> <span class='ocrx_word' id='word_1_329' title='bbox 3234 506 3340 560; x_wconf 80' lang='grc' dir='ltr'><strong>ὑπὸ</strong></span> <span class='ocrx_word' id='word_1_330' title='bbox 3366 507 3473 559; x_wconf 81' lang='grc' dir='ltr'><strong>τῶν</strong></span> <span class='ocrx_word' id='word_1_331' title='bbox 3507 505 3675 577; x_wconf 77' lang='grc' dir='ltr'>ἱερῶν</span> 
     </span>
    </p>
   </div>
   <div class='ocr_carea' id='block_1_50' title="bbox 2094 596 3675 669">
    <p class='ocr_par' dir='ltr' id='par_1_50' title="bbox 2094 596 3675 669">
     <span class='ocr_line' id='line_1_50' title="bbox 2094 596 3675 669; baseline -0.013 -16"><span class='ocrx_word' id='word_1_332' title='bbox 2094 599 2355 667; x_wconf 89' lang='grc' dir='ltr'>θεολόγων</span> <span class='ocrx_word' id='word_1_333' title='bbox 2407 596 2683 669; x_wconf 80' lang='grc' dir='ltr'>ἐθεωρήθη</span> <span class='ocrx_word' id='word_1_334' title='bbox 2713 599 2807 651; x_wconf 72' lang='grc' dir='ltr'>καὶ</span> <span class='ocrx_word' id='word_1_335' title='bbox 2854 597 3119 669; x_wconf 65' lang='grc' dir='ltr'>ἐγνώσθη,</span> <span class='ocrx_word' id='word_1_336' title='bbox 3147 596 3341 660; x_wconf 53' lang='grc' dir='ltr'><strong>ταῦτα,</strong></span> <span class='ocrx_word' id='word_1_337' title='bbox 3375 596 3675 668; x_wconf 72' lang='grc' dir='ltr'><strong>μυηθέντες</strong></span> 
     </span>
    </p>
   </div>
   <div class='ocr_carea' id='block_1_51' title="bbox 2093 686 3672 760">
    <p class='ocr_par' dir='ltr' id='par_1_51' title="bbox 2093 686 3672 760">
     <span class='ocr_line' id='line_1_51' title="bbox 2093 686 3672 760; baseline -0.002 -18"><span class='ocrx_word' id='word_1_338' title='bbox 2093 689 2221 760; x_wconf 84' lang='grc' dir='ltr'>παρ’</span> <span class='ocrx_word' id='word_1_339' title='bbox 2246 689 2491 752; x_wconf 87' lang='grc' dir='ltr'>ἐκείνων,</span> <span class='ocrx_word' id='word_1_340' title='bbox 2531 688 2689 742; x_wconf 90' lang='grc' dir='ltr'>πάλιν</span> <span class='ocrx_word' id='word_1_341' title='bbox 2715 690 2875 759; x_wconf 81' lang='grc' dir='ltr'><strong>ἡμεῖς</strong></span> <span class='ocrx_word' id='word_1_342' title='bbox 2906 686 3050 741; x_wconf 80' lang='grc' dir='ltr'>κατὰ</span> <span class='ocrx_word' id='word_1_343' title='bbox 3087 686 3148 740; x_wconf 82' lang='grc' dir='ltr'><strong>τὸ</strong></span> <span class='ocrx_word' id='word_1_344' title='bbox 3192 687 3414 741; x_wconf 79' lang='grc' dir='ltr'>δυνατὸν</span> <span class='ocrx_word' id='word_1_345' title='bbox 3439 686 3672 758; x_wconf 77' lang='grc' dir='ltr'>ἐκθησόο</span> 
     </span>
    </p>
   </div>
   <div class='ocr_carea' id='block_1_52' title="bbox 2097 782 2254 854">
    <p class='ocr_par' dir='ltr' id='par_1_52' title="bbox 2097 782 2254 854">
     <span class='ocr_line' id='line_1_52' title="bbox 2097 782 2254 854; baseline -0.006 -19"><span class='ocrx_word' id='word_1_346' title='bbox 2097 782 2254 854; x_wconf 90' lang='grc' dir='ltr'>μεθα.</span> 
     </span>
    </p>
   </div>
   <div class='ocr_carea' id='block_1_53' title="bbox 2170 868 3677 943">
    <p class='ocr_par' dir='ltr' id='par_1_53' title="bbox 2170 868 3677 943">
     <span class='ocr_line' id='line_1_53' title="bbox 2170 868 3677 943; baseline -0.002 -19"><span class='ocrx_word' id='word_1_347' title='bbox 2170 871 2197 943; x_wconf 80' lang='lat'>§</span> <span class='ocrx_word' id='word_1_348' title='bbox 2238 874 2304 925; x_wconf 89' lang='lat' dir='ltr'><strong>ll.</strong></span> <span class='ocrx_word' id='word_1_349' title='bbox 2346 872 2532 934; x_wconf 86' lang='grc' dir='ltr'>Πάσας</span> <span class='ocrx_word' id='word_1_350' title='bbox 2555 870 2654 935; x_wconf 76' lang='grc' dir='ltr'>τὰς</span> <span class='ocrx_word' id='word_1_351' title='bbox 2680 870 2963 943; x_wconf 79' lang='grc' dir='ltr'>οὐρανίους</span> <span class='ocrx_word' id='word_1_352' title='bbox 3006 868 3215 932; x_wconf 74' lang='grc' dir='ltr'>οὐσίας,</span> <span class='ocrx_word' id='word_1_353' title='bbox 3244 870 3338 924; x_wconf 71' lang='lat' dir='ltr'><strong>xal</strong></span> <span class='ocrx_word' id='word_1_354' title='bbox 3362 869 3432 923; x_wconf 71' lang='grc' dir='ltr'><strong>τά</strong></span> <span class='ocrx_word' id='word_1_355' title='bbox 3465 869 3677 922; x_wconf 88' lang='grc' dir='ltr'>τούτων</span> 
     </span>
    </p>
   </div>
   <div class='ocr_carea' id='block_1_54' title="bbox 2093 962 3676 1034">
    <p class='ocr_par' dir='ltr' id='par_1_54' title="bbox 2093 962 3676 1034">
     <span class='ocr_line' id='line_1_54' title="bbox 2093 962 3676 1034; baseline -0.002 -18"><span class='ocrx_word' id='word_1_356' title='bbox 2093 964 2366 1034; x_wconf 80' lang='grc' dir='ltr'><strong>τάγματα,</strong></span> <span class='ocrx_word' id='word_1_357' title='bbox 2400 963 2556 1015; x_wconf 78' lang='grc' dir='ltr'>ἐννέα</span> <span class='ocrx_word' id='word_1_358' title='bbox 2597 962 2863 1033; x_wconf 75' lang='grc' dir='ltr'><strong>κέκληκεν</strong></span> <span class='ocrx_word' id='word_1_359' title='bbox 2890 965 2925 1031; x_wconf 78' lang='grc' dir='ltr'><strong>ἡ</strong></span> <span class='ocrx_word' id='word_1_360' title='bbox 2951 962 3197 1030; x_wconf 86' lang='grc' dir='ltr'>θεολογία</span> <span class='ocrx_word' id='word_1_361' title='bbox 3226 963 3283 1014; x_wconf 80' lang='grc' dir='ltr'><strong>ἐν</strong></span> <span class='ocrx_word' id='word_1_362' title='bbox 3332 963 3676 1031; x_wconf 74' lang='grc' dir='ltr'>ἐπωνυμίαις</span> 
     </span>
    </p>
   </div>
   <div class='ocr_carea' id='block_1_55' title="bbox 2094 1052 3675 1126">
    <p class='ocr_par' dir='ltr' id='par_1_55' title="bbox 2094 1052 3675 1126">
     <span class='ocr_line' id='line_1_55' title="bbox 2094 1052 3675 1126; baseline -0.002 -19"><span class='ocrx_word' id='word_1_363' title='bbox 2094 1057 2511 1126; x_wconf 83' lang='grc' dir='ltr'>ἐκφαντορικαῖς</span> <span class='ocrx_word' id='word_1_364' title='bbox 2537 1054 2630 1107; x_wconf 70' lang='grc' dir='ltr'><strong>καὶ</strong></span> <span class='ocrx_word' id='word_1_365' title='bbox 2658 1053 3046 1121; x_wconf 88' lang='grc' dir='ltr'>ἀγγελλούσαις</span> <span class='ocrx_word' id='word_1_366' title='bbox 3071 1052 3140 1105; x_wconf 84' lang='grc' dir='ltr'>τὰ</span> <span class='ocrx_word' id='word_1_367' title='bbox 3167 1053 3259 1105; x_wconf 90' lang='grc' dir='ltr'><strong>τοῦ</strong></span> <span class='ocrx_word' id='word_1_368' title='bbox 3290 1052 3422 1105; x_wconf 89' lang='grc' dir='ltr'><strong>Θεοῦ</strong></span> <span class='ocrx_word' id='word_1_369' title='bbox 3466 1055 3675 1123; x_wconf 72' lang='grc' dir='ltr'>μυστή-</span> 
     </span>
    </p>
   </div>
   <div class='ocr_carea' id='block_1_56' title="bbox 2098 1142 3675 1217">
    <p class='ocr_par' dir='ltr' id='par_1_56' title="bbox 2098 1142 3675 1217">
     <span class='ocr_line' id='line_1_56' title="bbox 2098 1142 3675 1217; baseline -0.003 -19"><span class='ocrx_word' id='word_1_370' title='bbox 2098 1164 2203 1217; x_wconf 84' lang='grc' dir='ltr'>ρια,</span> <span class='ocrx_word' id='word_1_371' title='bbox 2236 1147 2334 1199; x_wconf 79' lang='grc' dir='ltr'>εἴτ’</span> <span class='ocrx_word' id='word_1_372' title='bbox 2352 1142 2443 1199; x_wconf 76' lang='grc' dir='ltr'>οὖν</span> <span class='ocrx_word' id='word_1_373' title='bbox 2471 1146 2810 1214; x_wconf 84' lang='grc' dir='ltr'>ἀγγελικαῖς.</span> <span class='ocrx_word' id='word_1_374' title='bbox 2838 1143 3053 1206; x_wconf 79' lang='grc' dir='ltr'>Ταύτας</span> <span class='ocrx_word' id='word_1_375' title='bbox 3077 1144 3131 1196; x_wconf 78' lang='grc' dir='ltr'>δὲ</span> <span class='ocrx_word' id='word_1_376' title='bbox 3158 1146 3237 1206; x_wconf 82' lang='grc' dir='ltr'><strong>είς</strong></span> <span class='ocrx_word' id='word_1_377' title='bbox 3273 1146 3419 1215; x_wconf 81' lang='grc' dir='ltr'>τρεῖς</span> <span class='ocrx_word' id='word_1_378' title='bbox 3464 1143 3675 1213; x_wconf 86' lang='grc' dir='ltr'>τριαδι-</span> 
     </span>
    </p>
   </div>
   <div class='ocr_carea' id='block_1_57' title="bbox 2095 1232 3675 1310">
    <p class='ocr_par' dir='ltr' id='par_1_57' title="bbox 2095 1232 3675 1310">
     <span class='ocr_line' id='line_1_57' title="bbox 2095 1232 3675 1310; baseline -0.006 -18"><span class='ocrx_word' id='word_1_379' title='bbox 2095 1240 2198 1303; x_wconf 83' lang='grc' dir='ltr'><strong>κάς</strong></span> <span class='ocrx_word' id='word_1_380' title='bbox 2243 1237 2487 1310; x_wconf 78' lang='grc' dir='ltr'>ἀφορίζει</span> <span class='ocrx_word' id='word_1_381' title='bbox 2521 1237 2701 1303; x_wconf 77' lang='grc' dir='ltr'>τάξεις</span> <span class='ocrx_word' id='word_1_382' title='bbox 2723 1239 2749 1289; x_wconf 87' lang='grc' dir='ltr'>ὁ</span> <span class='ocrx_word' id='word_1_383' title='bbox 2777 1236 2983 1297; x_wconf 82' lang='grc' dir='ltr'>κλεινὸς</span> <span class='ocrx_word' id='word_1_384' title='bbox 3038 1233 3403 1305; x_wconf 76' lang='grc' dir='ltr'>ίεροτελεστὴς</span> <span class='ocrx_word' id='word_1_385' title='bbox 3430 1232 3608 1303; x_wconf 76' lang='grc' dir='ltr'>ἡμῶν,</span> <span class='ocrx_word' id='word_1_386' title='bbox 3638 1232 3675 1302; x_wconf 77' lang='grc' dir='ltr'><strong>ἢ</strong></span> 
     </span>
    </p>
   </div>
   <div class='ocr_carea' id='block_1_58' title="bbox 2094 1323 3675 1399">
    <p class='ocr_par' dir='ltr' id='par_1_58' title="bbox 2094 1323 3675 1399">
     <span class='ocr_line' id='line_1_58' title="bbox 2094 1323 3675 1399; baseline -0.004 -18"><span class='ocrx_word' id='word_1_387' title='bbox 2094 1330 2122 1381; x_wconf 79' lang='grc' dir='ltr'><strong>ὁ</strong></span> <span class='ocrx_word' id='word_1_388' title='bbox 2150 1328 2289 1391; x_wconf 87' lang='grc' dir='ltr'>θεῖος</span> <span class='ocrx_word' id='word_1_389' title='bbox 2328 1328 2588 1399; x_wconf 86' lang='grc' dir='ltr'>Ίερόθεος</span> <span class='ocrx_word' id='word_1_390' title='bbox 2615 1326 2668 1397; x_wconf 82' lang='grc' dir='ltr'>ἢ,</span> <span class='ocrx_word' id='word_1_391' title='bbox 2701 1326 2729 1378; x_wconf 84' lang='grc' dir='ltr'><strong>ὃ</strong></span> <span class='ocrx_word' id='word_1_392' title='bbox 2762 1326 2855 1379; x_wconf 79' lang='grc' dir='ltr'><strong>καὶ</strong></span> <span class='ocrx_word' id='word_1_393' title='bbox 2886 1324 3105 1395; x_wconf 80' lang='grc' dir='ltr'>μᾶλλον,</span> <span class='ocrx_word' id='word_1_394' title='bbox 3138 1327 3166 1376; x_wconf 82' lang='grc' dir='ltr'><em>ὀ</em></span> <span class='ocrx_word' id='word_1_395' title='bbox 3193 1325 3275 1386; x_wconf 85' lang='grc' dir='ltr'>εἰς</span> <span class='ocrx_word' id='word_1_396' title='bbox 3301 1323 3479 1394; x_wconf 83' lang='grc' dir='ltr'>τρίτον</span> <span class='ocrx_word' id='word_1_397' title='bbox 3504 1323 3675 1391; x_wconf 77' lang='grc' dir='ltr'>ούρα-</span> 
     </span>
    </p>
   </div>
   <div class='ocr_carea' id='block_1_59' title="bbox 2097 1416 3678 1489">
    <p class='ocr_par' dir='ltr' id='par_1_59' title="bbox 2097 1416 3678 1489">
     <span class='ocr_line' id='line_1_59' title="bbox 2097 1416 3678 1489; baseline -0.006 -14"><span class='ocrx_word' id='word_1_398' title='bbox 2097 1423 2185 1478; x_wconf 80' lang='grc' dir='ltr'><strong>νὸν</strong></span> <span class='ocrx_word' id='word_1_399' title='bbox 2224 1421 2479 1484; x_wconf 88' lang='grc' dir='ltr'>ἀνελθὼν,</span> <span class='ocrx_word' id='word_1_400' title='bbox 2522 1420 2771 1473; x_wconf 83' lang='grc' dir='ltr'>κάκεῖθεν</span> <span class='ocrx_word' id='word_1_401' title='bbox 2825 1418 3093 1489; x_wconf 75' lang='grc' dir='ltr'>άρπαγεὶς</span> <span class='ocrx_word' id='word_1_402' title='bbox 3142 1419 3221 1481; x_wconf 87' lang='grc' dir='ltr'><strong>είς</strong></span> <span class='ocrx_word' id='word_1_403' title='bbox 3268 1416 3616 1485; x_wconf 83' lang='grc' dir='ltr'>παράδεισον,</span> <span class='ocrx_word' id='word_1_404' title='bbox 3648 1418 3678 1467; x_wconf 89' lang='grc' dir='ltr'>ὁ</span> 
     </span>
    </p>
   </div>
   <div class='ocr_carea' id='block_1_60' title="bbox 2104 1502 3679 1584">
    <p class='ocr_par' dir='ltr' id='par_1_60' title="bbox 2104 1502 3679 1584">
     <span class='ocr_line' id='line_1_60' title="bbox 2104 1502 3679 1584; baseline -0.007 -17"><span class='ocrx_word' id='word_1_405' title='bbox 2104 1502 2277 1584; x_wconf 82' lang='grc' dir='ltr'>μέγας</span> <span class='ocrx_word' id='word_1_406' title='bbox 2325 1512 2522 1583; x_wconf 76' lang='grc' dir='ltr'>δηλαδὴ</span> <span class='ocrx_word' id='word_1_407' title='bbox 2562 1511 2790 1573; x_wconf 80' lang='grc' dir='ltr'>Παῦλος.</span> <span class='ocrx_word' id='word_1_408' title='bbox 2832 1510 2944 1563; x_wconf 84' lang='lat' dir='ltr'><strong>Kal</strong></span> <span class='ocrx_word' id='word_1_409' title='bbox 2993 1508 3215 1579; x_wconf 82' lang='grc' dir='ltr'>πρώτην</span> <span class='ocrx_word' id='word_1_410' title='bbox 3263 1508 3361 1577; x_wconf 79' lang='grc' dir='ltr'><strong>μὲν</strong></span> <span class='ocrx_word' id='word_1_411' title='bbox 3411 1507 3506 1560; x_wconf 64' lang='grc' dir='ltr'>καὶ</span> <span class='ocrx_word' id='word_1_412' title='bbox 3546 1506 3679 1575; x_wconf 75' lang='grc' dir='ltr'>περὶ</span> 
     </span>
    </p>
   </div>
   <div class='ocr_carea' id='block_1_61' title="bbox 2099 1591 3680 1675">
    <p class='ocr_par' dir='ltr' id='par_1_61' title="bbox 2099 1591 3680 1675">
     <span class='ocr_line' id='line_1_61' title="bbox 2099 1591 3680 1675; baseline -0.004 -17"><span class='ocrx_word' id='word_1_413' title='bbox 2099 1607 2233 1659; x_wconf 70' lang='grc' dir='ltr'>Θεὸν</span> <span class='ocrx_word' id='word_1_414' title='bbox 2264 1602 2429 1659; x_wconf 81' lang='grc' dir='ltr'>οὖσαν</span> <span class='ocrx_word' id='word_1_415' title='bbox 2455 1608 2546 1658; x_wconf 71' lang='grc' dir='ltr'><strong>καὶ</strong></span> <span class='ocrx_word' id='word_1_416' title='bbox 2582 1603 2863 1675; x_wconf 79' lang='grc' dir='ltr'>προσεχῶς</span> <span class='ocrx_word' id='word_1_417' title='bbox 2909 1600 3057 1672; x_wconf 82' lang='grc' dir='ltr'><strong>αὺτῷ</strong></span> <span class='ocrx_word' id='word_1_418' title='bbox 3092 1601 3185 1655; x_wconf 69' lang='grc' dir='ltr'><strong>καὶ</strong></span> <span class='ocrx_word' id='word_1_419' title='bbox 3214 1591 3433 1670; x_wconf 87' lang='grc' dir='ltr'>ἀμέσως</span> <span class='ocrx_word' id='word_1_420' title='bbox 3466 1602 3680 1671; x_wconf 77' lang='grc' dir='ltr'>ἡνωμέ-</span> 
     </span>
    </p>
   </div>
   <div class='ocr_carea' id='block_1_62' title="bbox 2100 1689 3680 1766">
    <p class='ocr_par' dir='ltr' id='par_1_62' title="bbox 2100 1689 3680 1766">
     <span class='ocr_line' id='line_1_62' title="bbox 2100 1689 3680 1766; baseline -0.004 -18"><span class='ocrx_word' id='word_1_421' title='bbox 2100 1714 2195 1766; x_wconf 80' lang='grc' dir='ltr'>νην</span> <span class='ocrx_word' id='word_1_422' title='bbox 2220 1695 2365 1763; x_wconf 81' lang='grc' dir='ltr'>λέγει</span> <span class='ocrx_word' id='word_1_423' title='bbox 2391 1694 2517 1757; x_wconf 87' lang='grc' dir='ltr'>τούς</span> <span class='ocrx_word' id='word_1_424' title='bbox 2560 1712 2619 1746; x_wconf 91' lang='grc' dir='ltr'><strong>τε</strong></span> <span class='ocrx_word' id='word_1_425' title='bbox 2669 1692 3005 1762; x_wconf 84' lang='grc' dir='ltr'>ἁγιωτάτους</span> <span class='ocrx_word' id='word_1_426' title='bbox 3034 1690 3277 1762; x_wconf 85' lang='grc' dir='ltr'>θρόνους,</span> <span class='ocrx_word' id='word_1_427' title='bbox 3319 1690 3413 1742; x_wconf 76' lang='grc' dir='ltr'>καὶ</span> <span class='ocrx_word' id='word_1_428' title='bbox 3456 1689 3525 1742; x_wconf 82' lang='grc' dir='ltr'>τὰ</span> <span class='ocrx_word' id='word_1_429' title='bbox 3575 1706 3680 1741; x_wconf 83' lang='grc' dir='ltr'>πο-</span> 
     </span>
    </p>
   </div>
   <div class='ocr_carea' id='block_1_63' title="bbox 2025 1778 3681 1856">
    <p class='ocr_par' dir='ltr' id='par_1_63' title="bbox 2025 1778 3681 1856">
     <span class='ocr_line' id='line_1_63' title="bbox 2025 1778 3681 1856; baseline -0.007 -16"><span class='ocrx_word' id='word_1_430' title='bbox 2025 1788 2067 1842; x_wconf 86' lang='grc' dir='ltr'><strong>Β</strong></span> <span class='ocrx_word' id='word_1_431' title='bbox 2096 1786 2387 1856; x_wconf 83' lang='grc' dir='ltr'>λυόμματα</span> <span class='ocrx_word' id='word_1_432' title='bbox 2423 1784 2495 1847; x_wconf 82' lang='grc' dir='ltr'>ὡς</span> <span class='ocrx_word' id='word_1_433' title='bbox 2543 1783 2746 1853; x_wconf 78' lang='grc' dir='ltr'>πλῆθος</span> <span class='ocrx_word' id='word_1_434' title='bbox 2791 1780 3043 1848; x_wconf 82' lang='grc' dir='ltr'>γνώσεως</span> <span class='ocrx_word' id='word_1_435' title='bbox 3093 1781 3283 1850; x_wconf 79' lang='grc' dir='ltr'>ἔχοντα</span> <span class='ocrx_word' id='word_1_436' title='bbox 3307 1820 3320 1843; x_wconf 97' lang='grc'><strong>,</strong></span> <span class='ocrx_word' id='word_1_437' title='bbox 3360 1781 3451 1832; x_wconf 75' lang='grc' dir='ltr'><strong>καὶ</strong></span> <span class='ocrx_word' id='word_1_438' title='bbox 3507 1778 3681 1830; x_wconf 82' lang='grc' dir='ltr'>πολύ-</span> 
     </span>
    </p>
   </div>
   <div class='ocr_carea' id='block_1_64' title="bbox 2095 1871 3683 1948">
    <p class='ocr_par' dir='ltr' id='par_1_64' title="bbox 2095 1871 3683 1948">
     <span class='ocr_line' id='line_1_64' title="bbox 2095 1871 3683 1948; baseline -0.006 -16"><span class='ocrx_word' id='word_1_439' title='bbox 2095 1895 2267 1948; x_wconf 88' lang='grc' dir='ltr'>πτερα</span> <span class='ocrx_word' id='word_1_440' title='bbox 2295 1878 2369 1940; x_wconf 87' lang='grc' dir='ltr'>ὼς</span> <span class='ocrx_word' id='word_1_441' title='bbox 2392 1874 2795 1947; x_wconf 81' lang='grc' dir='ltr'>δραστικώτατα</span> <span class='ocrx_word' id='word_1_442' title='bbox 2843 1874 3104 1944; x_wconf 85' lang='grc' dir='ltr'>ἐμπύρια,</span> <span class='ocrx_word' id='word_1_443' title='bbox 3140 1872 3251 1943; x_wconf 79' lang='grc' dir='ltr'><strong>ἆδὴ</strong></span> <span class='ocrx_word' id='word_1_444' title='bbox 3286 1871 3549 1942; x_wconf 74' lang='grc' dir='ltr'>χερουϐὶμ</span> <span class='ocrx_word' id='word_1_445' title='bbox 3584 1874 3683 1923; x_wconf 79' lang='grc' dir='ltr'><strong>καὶ</strong></span> 
     </span>
    </p>
   </div>
   <div class='ocr_carea' id='block_1_65' title="bbox 2097 1961 3683 2042">
    <p class='ocr_par' dir='ltr' id='par_1_65' title="bbox 2097 1961 3683 2042">
     <span class='ocr_line' id='line_1_65' title="bbox 2097 1961 3683 2042; baseline -0.005 -19"><span class='ocrx_word' id='word_1_446' title='bbox 2097 1972 2337 2042; x_wconf 72' lang='grc' dir='ltr'>σεραφὶμ</span> <span class='ocrx_word' id='word_1_447' title='bbox 2383 1971 2415 2039; x_wconf 80' lang='grc' dir='ltr'>ὴ</span> <span class='ocrx_word' id='word_1_448' title='bbox 2449 1968 2559 2021; x_wconf 89' lang='grc' dir='ltr'><strong>τῶν</strong></span> <span class='ocrx_word' id='word_1_449' title='bbox 2597 1966 2859 2037; x_wconf 74' lang='grc' dir='ltr'>Ἑϐραίων</span> <span class='ocrx_word' id='word_1_450' title='bbox 2883 1961 2989 2017; x_wconf 83' lang='grc' dir='ltr'>οἶδε</span> <span class='ocrx_word' id='word_1_451' title='bbox 3035 1964 3252 2032; x_wconf 87' lang='grc' dir='ltr'>γλῶσσα</span> <span class='ocrx_word' id='word_1_452' title='bbox 3282 1964 3467 2016; x_wconf 86' lang='grc' dir='ltr'>καλεῖν</span> <span class='ocrx_word' id='word_1_453' title='bbox 3486 1980 3499 1992; x_wconf 89' lang='grc'><strong>·</strong></span> <span class='ocrx_word' id='word_1_454' title='bbox 3523 1963 3593 2015; x_wconf 81' lang='grc' dir='ltr'>δι’</span> <span class='ocrx_word' id='word_1_455' title='bbox 3612 1965 3683 2033; x_wconf 73' lang='grc' dir='ltr'>ἣν</span> 
     </span>
    </p>
   </div>
   <div class='ocr_carea' id='block_1_66' title="bbox 2094 2058 3683 2132">
    <p class='ocr_par' dir='ltr' id='par_1_66' title="bbox 2094 2058 3683 2132">
     <span class='ocr_line' id='line_1_66' title="bbox 2094 2058 3683 2132; baseline -0.007 -12"><span class='ocrx_word' id='word_1_456' title='bbox 2094 2067 2150 2120; x_wconf 81' lang='grc' dir='ltr'>δὲ</span> <span class='ocrx_word' id='word_1_457' title='bbox 2188 2066 2367 2121; x_wconf 80' lang='grc' dir='ltr'>αἰτίαν</span> <span class='ocrx_word' id='word_1_458' title='bbox 2418 2066 2473 2117; x_wconf 90' lang='grc' dir='ltr'><strong>ἐν</strong></span> <span class='ocrx_word' id='word_1_459' title='bbox 2505 2066 2617 2126; x_wconf 89' lang='grc' dir='ltr'>τοῖς</span> <span class='ocrx_word' id='word_1_460' title='bbox 2650 2060 2933 2132; x_wconf 78' lang='grc' dir='ltr'>ἑπομένοις</span> <span class='ocrx_word' id='word_1_461' title='bbox 2979 2059 3296 2132; x_wconf 76' lang='grc' dir='ltr'>ῥηθήσεται.</span> <span class='ocrx_word' id='word_1_462' title='bbox 3351 2058 3552 2112; x_wconf 83' lang='grc' dir='ltr'>Τοῦτον</span> <span class='ocrx_word' id='word_1_463' title='bbox 3585 2058 3683 2110; x_wconf 86' lang='grc' dir='ltr'>τὸν</span> 
     </span>
    </p>
   </div>
   <div class='ocr_carea' id='block_1_67' title="bbox 2096 2150 3684 2231">
    <p class='ocr_par' dir='ltr' id='par_1_67' title="bbox 2096 2150 3684 2231">
     <span class='ocr_line' id='line_1_67' title="bbox 2096 2150 3684 2231; baseline -0.009 -17"><span class='ocrx_word' id='word_1_464' title='bbox 2096 2160 2311 2231; x_wconf 86' lang='grc' dir='ltr'>πρῶτον</span> <span class='ocrx_word' id='word_1_465' title='bbox 2344 2157 2635 2225; x_wconf 81' lang='grc' dir='ltr'>διάκοσμον</span> <span class='ocrx_word' id='word_1_466' title='bbox 2682 2155 2809 2225; x_wconf 80' lang='grc' dir='ltr'>περὶ</span> <span class='ocrx_word' id='word_1_467' title='bbox 2858 2152 2989 2205; x_wconf 80' lang='grc' dir='ltr'>Θεὸν</span> <span class='ocrx_word' id='word_1_468' title='bbox 3014 2153 3233 2223; x_wconf 86' lang='grc' dir='ltr'>ἀμέσως</span> <span class='ocrx_word' id='word_1_469' title='bbox 3268 2150 3522 2222; x_wconf 72' lang='grc' dir='ltr'>ίδρῦσθαί</span> <span class='ocrx_word' id='word_1_470' title='bbox 3574 2167 3684 2221; x_wconf 75' lang='grc' dir='ltr'><strong>φη-</strong></span> 
     </span>
    </p>
   </div>
   <div class='ocr_carea' id='block_1_68' title="bbox 2098 2240 3684 2316">
    <p class='ocr_par' dir='ltr' id='par_1_68' title="bbox 2098 2240 3684 2316">
     <span class='ocr_line' id='line_1_68' title="bbox 2098 2240 3684 2316; baseline -0.004 -18"><span class='ocrx_word' id='word_1_471' title='bbox 2098 2263 2182 2299; x_wconf 86' lang='grc' dir='ltr'><strong>σιν</strong></span> <span class='ocrx_word' id='word_1_472' title='bbox 2233 2247 2266 2316; x_wconf 84' lang='grc' dir='ltr'><strong>ή</strong></span> <span class='ocrx_word' id='word_1_473' title='bbox 2308 2243 2418 2297; x_wconf 90' lang='grc' dir='ltr'><strong>τῶν</strong></span> <span class='ocrx_word' id='word_1_474' title='bbox 2460 2242 2653 2310; x_wconf 82' lang='grc' dir='ltr'>λογίων</span> <span class='ocrx_word' id='word_1_475' title='bbox 2693 2240 3025 2312; x_wconf 86' lang='grc' dir='ltr'>παράδοσις·</span> <span class='ocrx_word' id='word_1_476' title='bbox 3062 2240 3249 2293; x_wconf 85' lang='grc' dir='ltr'>τοῦτον</span> <span class='ocrx_word' id='word_1_477' title='bbox 3281 2240 3375 2292; x_wconf 76' lang='grc' dir='ltr'>ἕνα</span> <span class='ocrx_word' id='word_1_478' title='bbox 3423 2242 3522 2292; x_wconf 69' lang='grc' dir='ltr'><strong>καὶΔ</strong></span> <span class='ocrx_word' id='word_1_479' title='bbox 3548 2242 3684 2310; x_wconf 79' lang='grc' dir='ltr'>ὁμο-</span> 
     </span>
    </p>
   </div>
   <div class='ocr_carea' id='block_1_69' title="bbox 2096 2330 3685 2406">
    <p class='ocr_par' dir='ltr' id='par_1_69' title="bbox 2096 2330 3685 2406">
     <span class='ocr_line' id='line_1_69' title="bbox 2096 2330 3685 2406; baseline -0.003 -16"><span class='ocrx_word' id='word_1_480' title='bbox 2096 2337 2237 2406; x_wconf 87' lang='grc' dir='ltr'>ταγῆ</span> <span class='ocrx_word' id='word_1_481' title='bbox 2268 2338 2297 2388; x_wconf 84' lang='grc' dir='ltr'><strong>ὁ</strong></span> <span class='ocrx_word' id='word_1_482' title='bbox 2330 2334 2538 2398; x_wconf 82' lang='grc' dir='ltr'>κλεινὸς</span> <span class='ocrx_word' id='word_1_483' title='bbox 2588 2332 2745 2403; x_wconf 75' lang='grc' dir='ltr'>ἡμῶν</span> <span class='ocrx_word' id='word_1_484' title='bbox 2788 2332 2893 2401; x_wconf 84' lang='grc' dir='ltr'>ἐφη</span> <span class='ocrx_word' id='word_1_485' title='bbox 2939 2330 3303 2403; x_wconf 58' lang='grc' dir='ltr'>καθηγεμὼν</span> <span class='ocrx_word' id='word_1_486' title='bbox 3341 2331 3531 2384; x_wconf 84' lang='grc' dir='ltr'>τούτου</span> <span class='ocrx_word' id='word_1_487' title='bbox 3578 2332 3685 2385; x_wconf 75' lang='grc' dir='ltr'><strong>οὐκ</strong></span> 
     </span>
    </p>
   </div>
   <div class='ocr_carea' id='block_1_70' title="bbox 2097 2423 3689 2495">
    <p class='ocr_par' dir='ltr' id='par_1_70' title="bbox 2097 2423 3689 2495">
     <span class='ocr_line' id='line_1_70' title="bbox 2097 2423 3689 2495; baseline -0.003 -14"><span class='ocrx_word' id='word_1_488' title='bbox 2097 2428 2243 2481; x_wconf 78' lang='grc' dir='ltr'>ἐστιν</span> <span class='ocrx_word' id='word_1_489' title='bbox 2268 2426 2425 2489; x_wconf 75' lang='grc' dir='ltr'>ἄλλος</span> <span class='ocrx_word' id='word_1_490' title='bbox 2456 2426 2747 2495; x_wconf 84' lang='grc' dir='ltr'>διάκοσμος</span> <span class='ocrx_word' id='word_1_491' title='bbox 2779 2423 3203 2494; x_wconf 86' lang='grc' dir='ltr'>προσεχέστερος</span> <span class='ocrx_word' id='word_1_492' title='bbox 3247 2425 3366 2486; x_wconf 87' lang='grc' dir='ltr'>ταῖς</span> <span class='ocrx_word' id='word_1_493' title='bbox 3397 2440 3689 2495; x_wconf 79' lang='grc' dir='ltr'>πρωτουρ-</span> 
     </span>
    </p>
   </div>
   <div class='ocr_carea' id='block_1_71' title="bbox 2096 2502 3688 2585">
    <p class='ocr_par' dir='ltr' id='par_1_71' title="bbox 2096 2502 3688 2585">
     <span class='ocr_line' id='line_1_71' title="bbox 2096 2502 3688 2585; baseline -0.002 -15"><span class='ocrx_word' id='word_1_494' title='bbox 2096 2521 2213 2585; x_wconf 87' lang='grc' dir='ltr'>γοῖς</span> <span class='ocrx_word' id='word_1_495' title='bbox 2245 2516 2340 2570; x_wconf 79' lang='grc' dir='ltr'><strong>καὶ</strong></span> <span class='ocrx_word' id='word_1_496' title='bbox 2372 2516 2543 2579; x_wconf 85' lang='grc' dir='ltr'>θείαις</span> <span class='ocrx_word' id='word_1_497' title='bbox 2576 2513 2892 2584; x_wconf 74' lang='grc' dir='ltr'>ὲλλάμψεσι.</span> <span class='ocrx_word' id='word_1_498' title='bbox 2928 2513 3189 2584; x_wconf 87' lang='grc' dir='ltr'>Δεύτερος</span> <span class='ocrx_word' id='word_1_499' title='bbox 3220 2513 3277 2566; x_wconf 86' lang='grc' dir='ltr'><strong>δέ</strong></span> <span class='ocrx_word' id='word_1_500' title='bbox 3309 2515 3455 2565; x_wconf 83' lang='grc' dir='ltr'>ἐστιν</span> <span class='ocrx_word' id='word_1_501' title='bbox 3498 2516 3525 2566; x_wconf 73' lang='grc' dir='ltr'>ὁ</span> <span class='ocrx_word' id='word_1_502' title='bbox 3570 2502 3688 2567; x_wconf 84' lang='grc' dir='ltr'><strong>τῶν</strong></span> 
     </span>
    </p>
   </div>
   <div class='ocr_carea' id='block_1_72' title="bbox 2099 2602 3688 2675">
    <p class='ocr_par' dir='ltr' id='par_1_72' title="bbox 2099 2602 3688 2675">
     <span class='ocr_line' id='line_1_72' title="bbox 2099 2602 3688 2675; baseline -0.002 -15"><span class='ocrx_word' id='word_1_503' title='bbox 2099 2606 2375 2674; x_wconf 81' lang='grc' dir='ltr'>ἐξουσιῶν,</span> <span class='ocrx_word' id='word_1_504' title='bbox 2411 2606 2519 2658; x_wconf 90' lang='grc' dir='ltr'><strong>τῶν</strong></span> <span class='ocrx_word' id='word_1_505' title='bbox 2556 2606 2911 2675; x_wconf 84' lang='grc' dir='ltr'>κυριοτήτων,</span> <span class='ocrx_word' id='word_1_506' title='bbox 2957 2604 3052 2655; x_wconf 70' lang='grc' dir='ltr'><strong>καὶ</strong></span> <span class='ocrx_word' id='word_1_507' title='bbox 3094 2603 3202 2654; x_wconf 91' lang='grc' dir='ltr'><strong>τῶν</strong></span> <span class='ocrx_word' id='word_1_508' title='bbox 3240 2602 3555 2673; x_wconf 79' lang='grc' dir='ltr'>δυνάμεων·</span> <span class='ocrx_word' id='word_1_509' title='bbox 3587 2605 3688 2657; x_wconf 75' lang='grc' dir='ltr'>καὶ</span> 
     </span>
    </p>
   </div>
   <div class='ocr_carea' id='block_1_73' title="bbox 2102 2692 3682 2768">
    <p class='ocr_par' dir='ltr' id='par_1_73' title="bbox 2102 2692 3682 2768">
     <span class='ocr_line' id='line_1_73' title="bbox 2102 2692 3682 2768; baseline -0.003 -18"><span class='ocrx_word' id='word_1_510' title='bbox 2102 2698 2217 2768; x_wconf 86' lang='grc' dir='ltr'>μετ’</span> <span class='ocrx_word' id='word_1_511' title='bbox 2241 2697 2403 2750; x_wconf 75' lang='grc' dir='ltr'>αὐτὸν</span> <span class='ocrx_word' id='word_1_512' title='bbox 2445 2696 2627 2766; x_wconf 83' lang='grc' dir='ltr'>τρίτος</span> <span class='ocrx_word' id='word_1_513' title='bbox 2659 2698 2686 2748; x_wconf 86' lang='grc' dir='ltr'>ὀ</span> <span class='ocrx_word' id='word_1_514' title='bbox 2721 2693 3178 2764; x_wconf 80' lang='grc' dir='ltr'>συμπληρωτικὺς</span> <span class='ocrx_word' id='word_1_515' title='bbox 3215 2692 3316 2762; x_wconf 74' lang='grc' dir='ltr'><strong>τῆς</strong></span> <span class='ocrx_word' id='word_1_516' title='bbox 3363 2692 3473 2745; x_wconf 90' lang='grc' dir='ltr'><strong>τῶν</strong></span> <span class='ocrx_word' id='word_1_517' title='bbox 3511 2694 3682 2761; x_wconf 80' lang='grc' dir='ltr'>ἀγγέ-</span> 
     </span>
    </p>
   </div>
   <div class='ocr_carea' id='block_1_74' title="bbox 2099 2785 3684 2858">
    <p class='ocr_par' dir='ltr' id='par_1_74' title="bbox 2099 2785 3684 2858">
     <span class='ocr_line' id='line_1_74' title="bbox 2099 2785 3684 2858; baseline -0.003 -15"><span class='ocrx_word' id='word_1_518' title='bbox 2099 2790 2205 2843; x_wconf 86' lang='grc' dir='ltr'><strong>λων</strong></span> <span class='ocrx_word' id='word_1_519' title='bbox 2238 2806 2318 2853; x_wconf 89' lang='grc' dir='ltr'><strong>τε,</strong></span> <span class='ocrx_word' id='word_1_520' title='bbox 2344 2789 2437 2841; x_wconf 75' lang='grc' dir='ltr'><strong>καὶ</strong></span> <span class='ocrx_word' id='word_1_521' title='bbox 2474 2786 2855 2858; x_wconf 84' lang='grc' dir='ltr'>ἀρχαγγέλων,</span> <span class='ocrx_word' id='word_1_522' title='bbox 2881 2787 2975 2839; x_wconf 76' lang='grc' dir='ltr'><strong>καὶ</strong></span> <span class='ocrx_word' id='word_1_523' title='bbox 3020 2786 3206 2855; x_wconf 85' lang='grc' dir='ltr'>ἀρχῶν</span> <span class='ocrx_word' id='word_1_524' title='bbox 3238 2785 3684 2856; x_wconf 76' lang='grc' dir='ltr'>διακοσμήσεως.</span> 
     </span>
    </p>
   </div>
   <div class='ocr_carea' id='block_1_75' title="bbox 2100 2874 3691 2949">
    <p class='ocr_par' dir='ltr' id='par_1_75' title="bbox 2100 2874 3691 2949">
     <span class='ocr_line' id='line_1_75' title="bbox 2100 2874 3691 2949; baseline -0.003 -18"><span class='ocrx_word' id='word_1_525' title='bbox 2100 2878 2269 2932; x_wconf 82' lang='grc' dir='ltr'>Τοῦτο</span> <span class='ocrx_word' id='word_1_526' title='bbox 2316 2878 2372 2931; x_wconf 87' lang='grc' dir='ltr'>δὲ</span> <span class='ocrx_word' id='word_1_527' title='bbox 2417 2878 2739 2949; x_wconf 83' lang='grc' dir='ltr'>σημείωσαι,</span> <span class='ocrx_word' id='word_1_528' title='bbox 2769 2876 2850 2928; x_wconf 82' lang='grc' dir='ltr'>ὅτι</span> <span class='ocrx_word' id='word_1_529' title='bbox 2876 2875 3039 2938; x_wconf 84' lang='grc' dir='ltr'>τινὲς,</span> <span class='ocrx_word' id='word_1_530' title='bbox 3075 2874 3387 2946; x_wconf 82' lang='grc' dir='ltr'>ὁρμώμενοι</span> <span class='ocrx_word' id='word_1_531' title='bbox 3412 2876 3518 2928; x_wconf 80' lang='grc' dir='ltr'><strong>ἀπὸ</strong></span> <span class='ocrx_word' id='word_1_532' title='bbox 3549 2877 3691 2928; x_wconf 55' lang='grc' dir='ltr'>ταῦθ</span> 
     </span>
    </p>
   </div>
   <div class='ocr_carea' id='block_1_76' title="bbox 2100 2963 3687 3039">
    <p class='ocr_par' dir='ltr' id='par_1_76' title="bbox 2100 2963 3687 3039">
     <span class='ocr_line' id='line_1_76' title="bbox 2100 2963 3687 3039; baseline -0.005 -17"><span class='ocrx_word' id='word_1_533' title='bbox 2100 2986 2200 3039; x_wconf 76' lang='grc' dir='ltr'>της</span> <span class='ocrx_word' id='word_1_534' title='bbox 2230 2969 2328 3039; x_wconf 85' lang='grc' dir='ltr'>τῆς</span> <span class='ocrx_word' id='word_1_535' title='bbox 2369 2966 2817 3039; x_wconf 84' lang='grc' dir='ltr'>ἀπαριθμήσεως,</span> <span class='ocrx_word' id='word_1_536' title='bbox 2853 2964 2995 3017; x_wconf 72' lang='grc' dir='ltr'>οὕτω</span> <span class='ocrx_word' id='word_1_537' title='bbox 3026 2964 3279 3017; x_wconf 86' lang='grc' dir='ltr'>τάττουσι</span> <span class='ocrx_word' id='word_1_538' title='bbox 3323 2963 3415 3016; x_wconf 79' lang='grc' dir='ltr'><strong>τὸν</strong></span> <span class='ocrx_word' id='word_1_539' title='bbox 3463 2964 3687 3033; x_wconf 83' lang='grc' dir='ltr'>πρῶτον</span> 
     </span>
    </p>
   </div>
   <div class='ocr_carea' id='block_1_77' title="bbox 2100 3052 3691 3131">
    <p class='ocr_par' dir='ltr' id='par_1_77' title="bbox 2100 3052 3691 3131">
     <span class='ocr_line' id='line_1_77' title="bbox 2100 3052 3691 3131; baseline -0.006 -16"><span class='ocrx_word' id='word_1_540' title='bbox 2100 3062 2424 3131; x_wconf 82' lang='grc' dir='ltr'>διάκοσμον·</span> <span class='ocrx_word' id='word_1_541' title='bbox 2484 3059 2702 3129; x_wconf 83' lang='grc' dir='ltr'>θρόνους</span> <span class='ocrx_word' id='word_1_542' title='bbox 2764 3057 3013 3128; x_wconf 81' lang='grc' dir='ltr'>πρῶτον,</span> <span class='ocrx_word' id='word_1_543' title='bbox 3074 3052 3191 3108; x_wconf 86' lang='grc' dir='ltr'>εἶτα</span> <span class='ocrx_word' id='word_1_544' title='bbox 3236 3054 3520 3127; x_wconf 69' lang='grc' dir='ltr'>χερουειμ,</span> <span class='ocrx_word' id='word_1_545' title='bbox 3588 3056 3691 3107; x_wconf 74' lang='grc' dir='ltr'><strong>καὶ</strong></span> 
     </span>
    </p>
   </div>
   <div class='ocr_carea' id='block_1_78' title="bbox 2103 3147 3691 3225">
    <p class='ocr_par' dir='ltr' id='par_1_78' title="bbox 2103 3147 3691 3225">
     <span class='ocr_line' id='line_1_78' title="bbox 2103 3147 3691 3225; baseline -0.004 -18"><span class='ocrx_word' id='word_1_546' title='bbox 2103 3154 2397 3225; x_wconf 88' lang='grc' dir='ltr'>μετέπειτα</span> <span class='ocrx_word' id='word_1_547' title='bbox 2448 3152 2718 3222; x_wconf 86' lang='grc' dir='ltr'>σεραφίμ·</span> <span class='ocrx_word' id='word_1_548' title='bbox 2759 3150 2846 3203; x_wconf 84' lang='grc' dir='ltr'>διὰ</span> <span class='ocrx_word' id='word_1_549' title='bbox 2888 3148 3047 3201; x_wconf 87' lang='grc' dir='ltr'>τοῦτο</span> <span class='ocrx_word' id='word_1_550' title='bbox 3090 3148 3185 3202; x_wconf 77' lang='grc' dir='ltr'>καὶ</span> <span class='ocrx_word' id='word_1_551' title='bbox 3237 3148 3337 3219; x_wconf 84' lang='grc' dir='ltr'>τὴν</span> <span class='ocrx_word' id='word_1_552' title='bbox 3369 3147 3691 3216; x_wconf 73' lang='grc' dir='ltr'>ἐπιγραφὴν</span> 
     </span>
    </p>
   </div>
   <div class='ocr_carea' id='block_1_79' title="bbox 2095 3239 3693 3314">
    <p class='ocr_par' dir='ltr' id='par_1_79' title="bbox 2095 3239 3693 3314">
     <span class='ocr_line' id='line_1_79' title="bbox 2095 3239 3693 3314; baseline -0.007 -15"><span class='ocrx_word' id='word_1_553' title='bbox 2095 3245 2190 3299; x_wconf 89' lang='grc' dir='ltr'><strong>τοῦ</strong></span> <span class='ocrx_word' id='word_1_554' title='bbox 2236 3246 2280 3309; x_wconf 77' lang='grc' dir='ltr'><strong>ζ’</strong></span> <span class='ocrx_word' id='word_1_555' title='bbox 2328 3244 2643 3314; x_wconf 84' lang='grc' dir='ltr'>κεφαλαίου,</span> <span class='ocrx_word' id='word_1_556' title='bbox 2691 3242 2771 3295; x_wconf 71' lang='grc' dir='ltr'>ἔτι</span> <span class='ocrx_word' id='word_1_557' title='bbox 2803 3242 2859 3295; x_wconf 87' lang='grc' dir='ltr'>δὲ</span> <span class='ocrx_word' id='word_1_558' title='bbox 2907 3241 2999 3295; x_wconf 78' lang='grc' dir='ltr'>καὶ</span> <span class='ocrx_word' id='word_1_559' title='bbox 3052 3241 3150 3311; x_wconf 81' lang='grc' dir='ltr'>τὴν</span> <span class='ocrx_word' id='word_1_560' title='bbox 3196 3239 3541 3293; x_wconf 80' lang='grc' dir='ltr'>διδασκαλίαν</span> <span class='ocrx_word' id='word_1_561' title='bbox 3574 3239 3693 3291; x_wconf 86' lang='grc' dir='ltr'><strong>τῶν</strong></span> 
     </span>
    </p>
   </div>
   <div class='ocr_carea' id='block_1_80' title="bbox 2098 3330 3692 3409">
    <p class='ocr_par' dir='ltr' id='par_1_80' title="bbox 2098 3330 3692 3409">
     <span class='ocr_line' id='line_1_80' title="bbox 2098 3330 3692 3409; baseline -0.004 -19"><span class='ocrx_word' id='word_1_562' title='bbox 2098 3337 2264 3409; x_wconf 84' lang='grc' dir='ltr'>τριῶν</span> <span class='ocrx_word' id='word_1_563' title='bbox 2316 3336 2521 3389; x_wconf 89' lang='grc' dir='ltr'>τούτων</span> <span class='ocrx_word' id='word_1_564' title='bbox 2571 3334 2886 3404; x_wconf 86' lang='grc' dir='ltr'>ταγμάτων,</span> <span class='ocrx_word' id='word_1_565' title='bbox 2959 3330 3421 3402; x_wconf 81' lang='grc' dir='ltr'>παρηλλαγμένην</span> <span class='ocrx_word' id='word_1_566' title='bbox 3466 3330 3692 3399; x_wconf 81' lang='grc' dir='ltr'>λέγουσι</span> 
     </span>
    </p>
   </div>
   <div class='ocr_carea' id='block_1_81' title="bbox 2097 3422 3691 3499">
    <p class='ocr_par' dir='ltr' id='par_1_81' title="bbox 2097 3422 3691 3499">
     <span class='ocr_line' id='line_1_81' title="bbox 2097 3422 3691 3499; baseline 0.014 -28"><span class='ocrx_word' id='word_1_567' title='bbox 2097 3428 2235 3499; x_wconf 81' lang='grc' dir='ltr'>πρὸς</span> <span class='ocrx_word' id='word_1_568' title='bbox 2282 3426 2381 3490; x_wconf 84' lang='grc' dir='ltr'>τὰς</span> <span class='ocrx_word' id='word_1_569' title='bbox 2429 3426 2622 3497; x_wconf 78' lang='grc' dir='ltr'>ἐτέρας</span> <span class='ocrx_word' id='word_1_570' title='bbox 2658 3424 2751 3477; x_wconf 90' lang='grc' dir='ltr'><strong>δύο</strong></span> <span class='ocrx_word' id='word_1_571' title='bbox 2783 3424 2979 3495; x_wconf 79' lang='grc' dir='ltr'>ἐφεξῆς</span> <span class='ocrx_word' id='word_1_572' title='bbox 3010 3422 3295 3495; x_wconf 74' lang='grc' dir='ltr'>τριαδικάς</span> <span class='ocrx_word' id='word_1_573' title='bbox 3324 3422 3650 3492; x_wconf 74' lang='grc' dir='ltr'>ταξιαρχίας</span> <span class='ocrx_word' id='word_1_574' title='bbox 3671 3437 3691 3451; x_wconf 88' lang='grc'><strong>’</strong></span> 
     </span>
    </p>
   </div>
   <div class='ocr_carea' id='block_1_82' title="bbox 2100 3513 3696 3590">
    <p class='ocr_par' dir='ltr' id='par_1_82' title="bbox 2100 3513 3696 3590">
     <span class='ocr_line' id='line_1_82' title="bbox 2100 3513 3696 3590; baseline -0.005 -17"><span class='ocrx_word' id='word_1_575' title='bbox 2100 3522 2281 3573; x_wconf 79' lang='grc' dir='ltr'>ἐκεῖσε</span> <span class='ocrx_word' id='word_1_576' title='bbox 2305 3518 2413 3590; x_wconf 87' lang='grc' dir='ltr'>γὰρ</span> <span class='ocrx_word' id='word_1_577' title='bbox 2456 3516 2660 3572; x_wconf 81' lang='grc' dir='ltr'>ἄνωθεν</span> <span class='ocrx_word' id='word_1_578' title='bbox 2693 3518 2773 3580; x_wconf 89' lang='grc' dir='ltr'><strong>είς</strong></span> <span class='ocrx_word' id='word_1_579' title='bbox 2806 3517 2957 3569; x_wconf 87' lang='grc' dir='ltr'>κάτω</span> <span class='ocrx_word' id='word_1_580' title='bbox 3002 3514 3326 3582; x_wconf 87' lang='grc' dir='ltr'>καταλέγει·</span> <span class='ocrx_word' id='word_1_581' title='bbox 3362 3513 3595 3565; x_wconf 87' lang='grc' dir='ltr'>ἐνταῦθα</span> <span class='ocrx_word' id='word_1_582' title='bbox 3628 3513 3696 3566; x_wconf 72' lang='grc' dir='ltr'>δὲ</span> 
     </span>
    </p>
   </div>
   <div class='ocr_carea' id='block_1_83' title="bbox 2101 3606 3690 3682">
    <p class='ocr_par' dir='ltr' id='par_1_83' title="bbox 2101 3606 3690 3682">
     <span class='ocr_line' id='line_1_83' title="bbox 2101 3606 3690 3682; baseline -0.006 -16"><span class='ocrx_word' id='word_1_583' title='bbox 2101 3613 2200 3682; x_wconf 83' lang='grc' dir='ltr'><strong>οὐχ</strong></span> <span class='ocrx_word' id='word_1_584' title='bbox 2234 3610 2427 3674; x_wconf 81' lang='grc' dir='ltr'>οὕτως,</span> <span class='ocrx_word' id='word_1_585' title='bbox 2455 3608 2592 3662; x_wconf 83' lang='grc' dir='ltr'>ἀλλὰ</span> <span class='ocrx_word' id='word_1_586' title='bbox 2624 3608 2865 3662; x_wconf 86' lang='grc' dir='ltr'>κάτωθεν</span> <span class='ocrx_word' id='word_1_587' title='bbox 2892 3608 2971 3670; x_wconf 82' lang='grc' dir='ltr'><strong>εἰς</strong></span> <span class='ocrx_word' id='word_1_588' title='bbox 2989 3607 3120 3660; x_wconf 78' lang='grc' dir='ltr'>ἀνω.</span> <span class='ocrx_word' id='word_1_589' title='bbox 3141 3607 3251 3659; x_wconf 82' lang='lat' dir='ltr'><strong>Kal</strong></span> <span class='ocrx_word' id='word_1_590' title='bbox 3271 3607 3320 3658; x_wconf 91' lang='grc' dir='ltr'><strong>οί</strong></span> <span class='ocrx_word' id='word_1_591' title='bbox 3351 3606 3449 3676; x_wconf 86' lang='grc' dir='ltr'><strong>μὲν</strong></span> <span class='ocrx_word' id='word_1_592' title='bbox 3474 3606 3651 3669; x_wconf 78' lang='grc' dir='ltr'>οὕτως</span> <span class='ocrx_word' id='word_1_593' title='bbox 3671 3624 3690 3639; x_wconf 79' lang='grc' dir='ltr'><strong>ο</strong></span> 
     </span>
    </p>
   </div>
   <div class='ocr_carea' id='block_1_84' title="bbox 2099 3693 3698 3771">
    <p class='ocr_par' dir='ltr' id='par_1_84' title="bbox 2099 3693 3698 3771">
     <span class='ocr_line' id='line_1_84' title="bbox 2099 3693 3698 3771; baseline -0.003 -16"><span class='ocrx_word' id='word_1_594' title='bbox 2099 3705 2147 3755; x_wconf 87' lang='grc' dir='ltr'>οἱ</span> <span class='ocrx_word' id='word_1_595' title='bbox 2177 3702 2236 3755; x_wconf 79' lang='grc' dir='ltr'>δὲ</span> <span class='ocrx_word' id='word_1_596' title='bbox 2277 3702 2346 3754; x_wconf 80' lang='grc' dir='ltr'>τὰ</span> <span class='ocrx_word' id='word_1_597' title='bbox 2392 3701 2634 3771; x_wconf 74' lang='grc' dir='ltr'>σεραφὶμ</span> <span class='ocrx_word' id='word_1_598' title='bbox 2678 3698 2888 3751; x_wconf 87' lang='grc' dir='ltr'>τιθέασι</span> <span class='ocrx_word' id='word_1_599' title='bbox 2937 3697 3202 3768; x_wconf 85' lang='grc' dir='ltr'>πρότερα,</span> <span class='ocrx_word' id='word_1_600' title='bbox 3244 3693 3362 3749; x_wconf 85' lang='grc' dir='ltr'>εἶτα</span> <span class='ocrx_word' id='word_1_601' title='bbox 3395 3696 3462 3749; x_wconf 78' lang='grc' dir='ltr'>τὰ</span> <span class='ocrx_word' id='word_1_602' title='bbox 3500 3714 3698 3767; x_wconf 74' lang='grc' dir='ltr'>χερον-</span> 
     </span>
    </p>
   </div>
   <div class='ocr_carea' id='block_1_85' title="bbox 2101 3789 3698 3865">
    <p class='ocr_par' dir='ltr' id='par_1_85' title="bbox 2101 3789 3698 3865">
     <span class='ocr_line' id='line_1_85' title="bbox 2101 3789 3698 3865; baseline -0.003 -18"><span class='ocrx_word' id='word_1_603' title='bbox 2101 3794 2220 3865; x_wconf 77' lang='grc' dir='ltr'>6ὶμ,</span> <span class='ocrx_word' id='word_1_604' title='bbox 2254 3793 2451 3865; x_wconf 82' lang='grc' dir='ltr'>ἐφεξῆς</span> <span class='ocrx_word' id='word_1_605' title='bbox 2473 3793 2531 3846; x_wconf 80' lang='grc' dir='ltr'>δὲ</span> <span class='ocrx_word' id='word_1_606' title='bbox 2561 3792 2688 3854; x_wconf 79' lang='grc' dir='ltr'>τοὺς</span> <span class='ocrx_word' id='word_1_607' title='bbox 2710 3790 2934 3863; x_wconf 86' lang='grc' dir='ltr'>θρόνους</span> <span class='ocrx_word' id='word_1_608' title='bbox 2953 3809 2965 3819; x_wconf 92' lang='grc'><strong>·</strong></span> <span class='ocrx_word' id='word_1_609' title='bbox 2992 3789 3154 3842; x_wconf 85' lang='grc' dir='ltr'>τοῦτο</span> <span class='ocrx_word' id='word_1_610' title='bbox 3187 3790 3288 3860; x_wconf 71' lang='grc' dir='ltr'><strong>μὲν</strong></span> <span class='ocrx_word' id='word_1_611' title='bbox 3322 3791 3413 3843; x_wconf 75' lang='grc' dir='ltr'>καὶ</span> <span class='ocrx_word' id='word_1_612' title='bbox 3447 3790 3555 3843; x_wconf 84' lang='grc' dir='ltr'><strong>ἀπὸ</strong></span> <span class='ocrx_word' id='word_1_613' title='bbox 3587 3790 3698 3842; x_wconf 74' lang='grc' dir='ltr'>τοῦ»</span> 
     </span>
    </p>
   </div>
   <div class='ocr_carea' id='block_1_86' title="bbox 2113 3880 3698 3956">
    <p class='ocr_par' dir='ltr' id='par_1_86' title="bbox 2113 3880 3698 3956">
     <span class='ocr_line' id='line_1_86' title="bbox 2113 3880 3698 3956; baseline -0.003 -17"><span class='ocrx_word' id='word_1_614' title='bbox 2113 3886 2333 3939; x_wconf 77' lang='grc' dir='ltr'>Ἡσαΐου</span> <span class='ocrx_word' id='word_1_615' title='bbox 2393 3884 2724 3956; x_wconf 80' lang='grc' dir='ltr'>ὁρμώμενοι,</span> <span class='ocrx_word' id='word_1_616' title='bbox 2774 3882 3023 3951; x_wconf 89' lang='grc' dir='ltr'>λέγοντος</span> <span class='ocrx_word' id='word_1_617' title='bbox 3069 3880 3252 3951; x_wconf 82' lang='grc' dir='ltr'>κύκλῳ</span> <span class='ocrx_word' id='word_1_618' title='bbox 3290 3881 3384 3934; x_wconf 92' lang='grc' dir='ltr'><strong>τοῦ</strong></span> <span class='ocrx_word' id='word_1_619' title='bbox 3433 3881 3570 3933; x_wconf 84' lang='grc' dir='ltr'>Θεοῦ</span> <span class='ocrx_word' id='word_1_620' title='bbox 3616 3881 3698 3935; x_wconf 70' lang='grc' dir='ltr'><strong>τὰ</strong></span> 
     </span>
    </p>
   </div>
   <div class='ocr_carea' id='block_1_87' title="bbox 2103 3971 3696 4046">
    <p class='ocr_par' dir='ltr' id='par_1_87' title="bbox 2103 3971 3696 4046">
     <span class='ocr_line' id='line_1_87' title="bbox 2103 3971 3696 4046; baseline -0.001 -19"><span class='ocrx_word' id='word_1_621' title='bbox 2103 3975 2346 4046; x_wconf 75' lang='grc' dir='ltr'>σεραφὶμ</span> <span class='ocrx_word' id='word_1_622' title='bbox 2389 3972 2674 4027; x_wconf 75' lang='grc' dir='ltr'>ἵστασθαι’</span> <span class='ocrx_word' id='word_1_623' title='bbox 2712 3973 2807 4025; x_wconf 73' lang='grc' dir='ltr'>καὶ</span> <span class='ocrx_word' id='word_1_624' title='bbox 2838 3972 2946 4025; x_wconf 74' lang='grc' dir='ltr'>ἀπὸ</span> <span class='ocrx_word' id='word_1_625' title='bbox 2976 3971 3083 4025; x_wconf 91' lang='grc' dir='ltr'><strong>τῶν</strong></span> <span class='ocrx_word' id='word_1_626' title='bbox 3106 3971 3428 4042; x_wconf 83' lang='grc' dir='ltr'>ἐπιγραφῶν</span> <span class='ocrx_word' id='word_1_627' title='bbox 3460 3972 3515 4024; x_wconf 81' lang='grc' dir='ltr'>δὲ</span> <span class='ocrx_word' id='word_1_628' title='bbox 3544 3971 3696 4042; x_wconf 79' lang='grc' dir='ltr'>μᾶλ-</span> 
     </span>
    </p>
   </div>
   <div class='ocr_carea' id='block_1_88' title="bbox 2102 4061 3697 4133">
    <p class='ocr_par' dir='ltr' id='par_1_88' title="bbox 2102 4061 3697 4133">
     <span class='ocr_line' id='line_1_88' title="bbox 2102 4061 3697 4133; baseline 0 -17"><span class='ocrx_word' id='word_1_629' title='bbox 2102 4064 2192 4116; x_wconf 91' lang='grc' dir='ltr'><strong>λον</strong></span> <span class='ocrx_word' id='word_1_630' title='bbox 2218 4064 2311 4116; x_wconf 84' lang='grc' dir='ltr'><strong>τοῦ</strong></span> <span class='ocrx_word' id='word_1_631' title='bbox 2356 4080 2413 4115; x_wconf 89' lang='grc' dir='ltr'><strong>τε</strong></span> <span class='ocrx_word' id='word_1_632' title='bbox 2448 4070 2496 4133; x_wconf 79' lang='grc' dir='ltr'><strong>η’</strong></span> <span class='ocrx_word' id='word_1_633' title='bbox 2531 4062 2826 4131; x_wconf 84' lang='grc' dir='ltr'>κεφαλαίου</span> <span class='ocrx_word' id='word_1_634' title='bbox 2874 4064 2968 4115; x_wconf 74' lang='grc' dir='ltr'><strong>καὶ</strong></span> <span class='ocrx_word' id='word_1_635' title='bbox 3011 4061 3103 4114; x_wconf 91' lang='grc' dir='ltr'><strong>τοῦ</strong></span> <span class='ocrx_word' id='word_1_636' title='bbox 3150 4061 3215 4125; x_wconf 90' lang='grc' dir='ltr'>θ’,</span> <span class='ocrx_word' id='word_1_637' title='bbox 3250 4062 3517 4130; x_wconf 82' lang='grc' dir='ltr'>λέγοντες,</span> <span class='ocrx_word' id='word_1_638' title='bbox 3553 4063 3636 4115; x_wconf 83' lang='grc' dir='ltr'>ὅτι</span> <span class='ocrx_word' id='word_1_639' title='bbox 3660 4065 3697 4116; x_wconf 85' lang='grc' dir='ltr'><strong>ὁ</strong></span> 
     </span>
    </p>
   </div>
   <div class='ocr_carea' id='block_1_89' title="bbox 2103 4151 3700 4224">
    <p class='ocr_par' dir='ltr' id='par_1_89' title="bbox 2103 4151 3700 4224">
     <span class='ocr_line' id='line_1_89' title="bbox 2103 4151 3700 4224; baseline 0 -19"><span class='ocrx_word' id='word_1_640' title='bbox 2103 4153 2257 4221; x_wconf 78' lang='grc' dir='ltr'>ἅγιος</span> <span class='ocrx_word' id='word_1_641' title='bbox 2289 4152 2431 4205; x_wconf 87' lang='grc' dir='ltr'>κατὰ</span> <span class='ocrx_word' id='word_1_642' title='bbox 2470 4152 2570 4223; x_wconf 82' lang='grc' dir='ltr'><strong>τὴν</strong></span> <span class='ocrx_word' id='word_1_643' title='bbox 2609 4151 2761 4218; x_wconf 82' lang='grc' dir='ltr'>τάξιν</span> <span class='ocrx_word' id='word_1_644' title='bbox 2811 4151 3053 4216; x_wconf 80' lang='grc' dir='ltr'>ἐκείνων,</span> <span class='ocrx_word' id='word_1_645' title='bbox 3089 4152 3232 4206; x_wconf 74' lang='grc' dir='ltr'>οὕτω</span> <span class='ocrx_word' id='word_1_646' title='bbox 3281 4153 3374 4206; x_wconf 77' lang='grc' dir='ltr'><strong>καὶ</strong></span> <span class='ocrx_word' id='word_1_647' title='bbox 3424 4154 3521 4224; x_wconf 82' lang='grc' dir='ltr'><strong>τὴν</strong></span> <span class='ocrx_word' id='word_1_648' title='bbox 3564 4153 3700 4206; x_wconf 85' lang='grc' dir='ltr'>ἐπι-</span> 
     </span>
    </p>
   </div>
   <div class='ocr_carea' id='block_1_90' title="bbox 2102 4242 3698 4315">
    <p class='ocr_par' dir='ltr' id='par_1_90' title="bbox 2102 4242 3698 4315">
     <span class='ocr_line' id='line_1_90' title="bbox 2102 4242 3698 4315; baseline 0.002 -20"><span class='ocrx_word' id='word_1_649' title='bbox 2102 4242 2317 4314; x_wconf 78' lang='grc' dir='ltr'>γραφὴν</span> <span class='ocrx_word' id='word_1_650' title='bbox 2370 4242 2465 4296; x_wconf 91' lang='grc' dir='ltr'><strong>τοῦ</strong></span> <span class='ocrx_word' id='word_1_651' title='bbox 2506 4243 2549 4306; x_wconf 75' lang='grc' dir='ltr'><strong>ζ’</strong></span> <span class='ocrx_word' id='word_1_652' title='bbox 2609 4242 2904 4312; x_wconf 74' lang='grc' dir='ltr'>κεφαλαίου</span> <span class='ocrx_word' id='word_1_653' title='bbox 2951 4243 3283 4315; x_wconf 73' lang='grc' dir='ltr'>ἐπέγραψεν.</span> <span class='ocrx_word' id='word_1_654' title='bbox 3322 4244 3386 4296; x_wconf 77' lang='lat' dir='ltr'><strong>El</strong></span> <span class='ocrx_word' id='word_1_655' title='bbox 3434 4244 3493 4297; x_wconf 83' lang='grc' dir='ltr'>δὲ</span> <span class='ocrx_word' id='word_1_656' title='bbox 3533 4243 3698 4312; x_wconf 70' lang='grc' dir='ltr'>λέγει</span> 
     </span>
    </p>
   </div>
   <div class='ocr_carea' id='block_1_91' title="bbox 2101 4334 3698 4405">
    <p class='ocr_par' dir='ltr' id='par_1_91' title="bbox 2101 4334 3698 4405">
     <span class='ocr_line' id='line_1_91' title="bbox 2101 4334 3698 4405; baseline -0.001 -17"><span class='ocrx_word' id='word_1_657' title='bbox 2101 4353 2205 4398; x_wconf 80' lang='grc' dir='ltr'>τις,</span> <span class='ocrx_word' id='word_1_658' title='bbox 2242 4336 2323 4388; x_wconf 84' lang='grc' dir='ltr'>ὅτι</span> <span class='ocrx_word' id='word_1_659' title='bbox 2360 4336 2413 4387; x_wconf 80' lang='grc' dir='ltr'>οἱ</span> <span class='ocrx_word' id='word_1_660' title='bbox 2437 4334 2613 4405; x_wconf 87' lang='grc' dir='ltr'>θρόνοι</span> <span class='ocrx_word' id='word_1_661' title='bbox 2648 4334 3037 4405; x_wconf 82' lang='grc' dir='ltr'>ὑπερηρμένοι,</span> <span class='ocrx_word' id='word_1_662' title='bbox 3073 4335 3205 4388; x_wconf 72' lang='grc' dir='ltr'>ἴστω</span> <span class='ocrx_word' id='word_1_663' title='bbox 3249 4336 3333 4388; x_wconf 79' lang='grc' dir='ltr'>ὅτι</span> <span class='ocrx_word' id='word_1_664' title='bbox 3371 4335 3467 4387; x_wconf 68' lang='grc' dir='ltr'><strong>καὶ</strong></span> <span class='ocrx_word' id='word_1_665' title='bbox 3496 4334 3566 4388; x_wconf 77' lang='grc' dir='ltr'>τὰ</span> <span class='ocrx_word' id='word_1_666' title='bbox 3595 4352 3698 4387; x_wconf 77' lang='grc' dir='ltr'>σε-</span> 
     </span>
    </p>
   </div>
   <div class='ocr_carea' id='block_1_92' title="bbox 2109 4425 3701 4497">
    <p class='ocr_par' dir='ltr' id='par_1_92' title="bbox 2109 4425 3701 4497">
     <span class='ocr_line' id='line_1_92' title="bbox 2109 4425 3701 4497; baseline 0.003 -19"><span class='ocrx_word' id='word_1_667' title='bbox 2109 4427 2283 4497; x_wconf 77' lang='grc' dir='ltr'>ραφὶμ</span> <span class='ocrx_word' id='word_1_668' title='bbox 2327 4425 2547 4495; x_wconf 86' lang='grc' dir='ltr'>πύρινα,</span> <span class='ocrx_word' id='word_1_669' title='bbox 2600 4425 2696 4478; x_wconf 60' lang='grc' dir='ltr'><strong>καὶ¹</strong></span> <span class='ocrx_word' id='word_1_670' title='bbox 2740 4427 3016 4497; x_wconf 82' lang='grc' dir='ltr'>ἀνωφερῆ.</span> <span class='ocrx_word' id='word_1_671' title='bbox 3064 4425 3275 4490; x_wconf 72' lang='grc' dir='ltr'>’Ἄλλως</span> <span class='ocrx_word' id='word_1_672' title='bbox 3304 4443 3365 4479; x_wconf 88' lang='grc' dir='ltr'><strong>τε</strong></span> <span class='ocrx_word' id='word_1_673' title='bbox 3399 4426 3457 4479; x_wconf 81' lang='grc' dir='ltr'>δὲ</span> <span class='ocrx_word' id='word_1_674' title='bbox 3490 4429 3586 4481; x_wconf 73' lang='grc' dir='ltr'>καὶ</span> <span class='ocrx_word' id='word_1_675' title='bbox 3618 4428 3701 4483; x_wconf 70' lang='grc' dir='ltr'>τὰ</span> 
     </span>
    </p>
   </div>
   <div class='ocr_carea' id='block_1_93' title="bbox 435 4490 1997 4589">
    <p class='ocr_par' dir='ltr' id='par_1_93' title="bbox 435 4498 1994 4559">
     <span class='ocr_line' id='line_1_93' title="bbox 435 4498 1994 4559; baseline -0.004 -1"><span class='ocrx_word' id='word_1_676' title='bbox 435 4520 651 4559; x_wconf 88' lang='lat' dir='ltr'><strong>sursum</strong></span> <span class='ocrx_word' id='word_1_677' title='bbox 702 4503 851 4558; x_wconf 82' lang='lat' dir='ltr'><strong>ferri.</strong></span> <span class='ocrx_word' id='word_1_678' title='bbox 883 4498 1054 4553; x_wconf 87' lang='lat' dir='ltr'><strong>Aliter</strong></span> <span class='ocrx_word' id='word_1_679' title='bbox 1084 4500 1248 4555; x_wconf 87' lang='lat' dir='ltr'><strong>etiam</strong></span> <span class='ocrx_word' id='word_1_680' title='bbox 1285 4499 1336 4551; x_wconf 87' lang='lat' dir='ltr'><strong>hi</strong></span> <span class='ocrx_word' id='word_1_681' title='bbox 1392 4510 1503 4552; x_wconf 87' lang='lat' dir='ltr'><strong>tres</strong></span> <span class='ocrx_word' id='word_1_682' title='bbox 1557 4500 1780 4554; x_wconf 88' lang='lat' dir='ltr'><strong>ordines</strong></span> <span class='ocrx_word' id='word_1_683' title='bbox 1834 4512 1994 4553; x_wconf 91' lang='lat' dir='ltr'><strong>unam</strong></span> 
     </span>
    </p>
   </div>
   <div class='ocr_carea' id='block_1_94' title="bbox 2102 4490 3703 4589">
    <p class='ocr_par' dir='ltr' id='par_1_94' title="bbox 2102 4490 3703 4589">
     <span class='ocr_line' id='line_1_94' title="bbox 2102 4490 3703 4589; baseline -0.001 -18"><span class='ocrx_word' id='word_1_684' title='bbox 2102 4490 2441 4589; x_wconf 41' lang='lat' dir='ltr'><strong>iussam};</strong></span> <span class='ocrx_word' id='word_1_685' title='bbox 2482 4518 2737 4589; x_wconf 89' lang='grc' dir='ltr'>τάγματα</span> <span class='ocrx_word' id='word_1_686' title='bbox 2793 4490 2943 4589; x_wconf 41' lang='grc' dir='ltr'>μίαν.</span> <span class='ocrx_word' id='word_1_687' title='bbox 2972 4490 3155 4588; x_wconf 72' lang='grc' dir='ltr'>έχουσι</span> <span class='ocrx_word' id='word_1_688' title='bbox 3205 4517 3305 4588; x_wconf 82' lang='grc' dir='ltr'>τὴν</span> <span class='ocrx_word' id='word_1_689' title='bbox 3356 4517 3703 4588; x_wconf 81' lang='grc' dir='ltr'>ὑπερκειμὲ-</span> 
     </span>
    </p>
   </div>
   <div class='ocr_carea' id='block_1_95' title="bbox 439 4591 2000 4666">
    <p class='ocr_par' dir='ltr' id='par_1_95' title="bbox 439 4591 2000 4666">
     <span class='ocr_line' id='line_1_95' title="bbox 439 4591 2000 4666; baseline -0.006 -15"><span class='ocrx_word' id='word_1_690' title='bbox 439 4599 641 4652; x_wconf 86' lang='lat' dir='ltr'><strong>habent</strong></span> <span class='ocrx_word' id='word_1_691' title='bbox 688 4600 1017 4653; x_wconf 86' lang='lat' dir='ltr'><strong>eminentem</strong></span> <span class='ocrx_word' id='word_1_692' title='bbox 1070 4594 1555 4666; x_wconf 86' lang='lat' dir='ltr'><strong>propinquitatem.</strong></span> <span class='ocrx_word' id='word_1_693' title='bbox 1592 4592 1690 4648; x_wconf 84' lang='lat' dir='ltr'><strong>Hic</strong></span> <span class='ocrx_word' id='word_1_694' title='bbox 1718 4600 1896 4647; x_wconf 90' lang='lat' dir='ltr'><strong>autem</strong></span> <span class='ocrx_word' id='word_1_695' title='bbox 1927 4591 2000 4643; x_wconf 88' lang='lat' dir='ltr'><strong>ita</strong></span> 
     </span>
    </p>
   </div>
   <div class='ocr_carea' id='block_1_96' title="bbox 438 4682 2001 4753">
    <p class='ocr_par' dir='ltr' id='par_1_96' title="bbox 438 4682 2001 4753">
     <span class='ocr_line' id='line_1_96' title="bbox 438 4682 2001 4753; baseline 0 -14"><span class='ocrx_word' id='word_1_696' title='bbox 438 4694 689 4740; x_wconf 88' lang='lat' dir='ltr'><strong>recenset</strong></span> <span class='ocrx_word' id='word_1_697' title='bbox 709 4700 822 4746; x_wconf 88' lang='lat' dir='ltr'><strong>eos.</strong></span> <span class='ocrx_word' id='word_1_698' title='bbox 852 4696 907 4740; x_wconf 93' lang='lat' dir='ltr'><strong>et</strong></span> <span class='ocrx_word' id='word_1_699' title='bbox 936 4702 966 4739; x_wconf 91' lang='lat' dir='ltr'><strong>a</strong></span> <span class='ocrx_word' id='word_1_700' title='bbox 1004 4685 1218 4740; x_wconf 90' lang='lat' dir='ltr'><strong>thronis</strong></span> <span class='ocrx_word' id='word_1_701' title='bbox 1244 4684 1458 4753; x_wconf 92' lang='lat' dir='ltr'><strong>incipit,</strong></span> <span class='ocrx_word' id='word_1_702' title='bbox 1485 4692 1541 4737; x_wconf 90' lang='lat' dir='ltr'><strong>ut</strong></span> <span class='ocrx_word' id='word_1_703' title='bbox 1569 4692 1625 4737; x_wconf 90' lang='lat' dir='ltr'><strong>et</strong></span> <span class='ocrx_word' id='word_1_704' title='bbox 1668 4682 1751 4738; x_wconf 90' lang='lat' dir='ltr'><strong>sic</strong></span> <span class='ocrx_word' id='word_1_705' title='bbox 1800 4685 2001 4739; x_wconf 89' lang='lat' dir='ltr'><strong>unitati</strong></span> 
     </span>
    </p>
   </div>
   <div class='ocr_carea' id='block_1_97' title="bbox 435 4775 2005 4845">
    <p class='ocr_par' dir='ltr' id='par_1_97' title="bbox 435 4775 2005 4845">
     <span class='ocr_line' id='line_1_97' title="bbox 435 4775 2005 4845; baseline 0.003 -16"><span class='ocrx_word' id='word_1_706' title='bbox 435 4776 835 4845; x_wconf 86' lang='lat' dir='ltr'><strong>quodammodo</strong></span> <span class='ocrx_word' id='word_1_707' title='bbox 865 4777 1148 4833; x_wconf 86' lang='lat' dir='ltr'><strong>consulat:</strong></span> <span class='ocrx_word' id='word_1_708' title='bbox 1181 4776 1266 4831; x_wconf 90' lang='lat' dir='ltr'><strong>vel</strong></span> <span class='ocrx_word' id='word_1_709' title='bbox 1289 4777 1452 4830; x_wconf 86' lang='lat' dir='ltr'><strong>etiam</strong></span> <span class='ocrx_word' id='word_1_710' title='bbox 1481 4775 1779 4830; x_wconf 88' lang='lat' dir='ltr'><strong>secundum</strong></span> <span class='ocrx_word' id='word_1_711' title='bbox 1806 4784 2005 4833; x_wconf 63' lang='lat' dir='ltr'><strong>nostra:</strong></span> 
     </span>
    </p>
   </div>
   <div class='ocr_carea' id='block_1_98' title="bbox 435 4868 2002 4939">
    <p class='ocr_par' dir='ltr' id='par_1_98' title="bbox 435 4868 2002 4939">
     <span class='ocr_line' id='line_1_98' title="bbox 435 4868 2002 4939; baseline -0.001 -13"><span class='ocrx_word' id='word_1_712' title='bbox 435 4869 765 4939; x_wconf 83' lang='lat' dir='ltr'><strong>cognitionis</strong></span> <span class='ocrx_word' id='word_1_713' title='bbox 793 4880 848 4923; x_wconf 91' lang='lat' dir='ltr'><strong>et</strong></span> <span class='ocrx_word' id='word_1_714' title='bbox 876 4869 1266 4924; x_wconf 85' lang='lat' dir='ltr'><strong>illustrationis</strong></span> <span class='ocrx_word' id='word_1_715' title='bbox 1299 4868 1567 4923; x_wconf 86' lang='lat' dir='ltr'><strong>rationem</strong></span> <span class='ocrx_word' id='word_1_716' title='bbox 1587 4868 1826 4938; x_wconf 91' lang='lat' dir='ltr'><strong>(quoties</strong></span> <span class='ocrx_word' id='word_1_717' title='bbox 1855 4871 2002 4924; x_wconf 91' lang='lat' dir='ltr'><strong>enim</strong></span> 
     </span>
    </p>
   </div>
   <div class='ocr_carea' id='block_1_99' title="bbox 438 4960 2008 5032">
    <p class='ocr_par' dir='ltr' id='par_1_99' title="bbox 438 4960 2008 5032">
     <span class='ocr_line' id='line_1_99' title="bbox 438 4960 2008 5032; baseline 0.001 -15"><span class='ocrx_word' id='word_1_718' title='bbox 438 4966 507 5018; x_wconf 85' lang='lat' dir='ltr'><strong>ab</strong></span> <span class='ocrx_word' id='word_1_719' title='bbox 530 4960 885 5018; x_wconf 82' lang='lat' dir='ltr'><strong>inferioribus</strong></span> <span class='ocrx_word' id='word_1_720' title='bbox 907 4964 973 5017; x_wconf 90' lang='lat' dir='ltr'><strong>ad</strong></span> <span class='ocrx_word' id='word_1_721' title='bbox 997 4962 1280 5032; x_wconf 89' lang='lat' dir='ltr'><strong>superiora</strong></span> <span class='ocrx_word' id='word_1_722' title='bbox 1308 4965 1604 5018; x_wconf 88' lang='lat' dir='ltr'><strong>transimus</strong></span> <span class='ocrx_word' id='word_1_723' title='bbox 1620 4964 1688 5031; x_wconf 71' lang='grc'><strong>⁸1),</strong></span> <span class='ocrx_word' id='word_1_724' title='bbox 1707 4964 1789 5019; x_wconf 86' lang='lat' dir='ltr'><strong>vel</strong></span> <span class='ocrx_word' id='word_1_725' title='bbox 1820 4979 2008 5019; x_wconf 87' lang='lat' dir='ltr'><strong>secun-</strong></span> 
     </span>
    </p>
   </div>
   <div class='ocr_carea' id='block_1_100' title="bbox 440 5054 2006 5120">
    <p class='ocr_par' dir='ltr' id='par_1_100' title="bbox 440 5054 2006 5120">
     <span class='ocr_line' id='line_1_100' title="bbox 440 5054 2006 5120; baseline 0.001 -11"><span class='ocrx_word' id='word_1_726' title='bbox 440 5056 567 5109; x_wconf 91' lang='lat' dir='ltr'><strong>dum</strong></span> <span class='ocrx_word' id='word_1_727' title='bbox 595 5054 937 5108; x_wconf 90' lang='lat' dir='ltr'><strong>describeudi</strong></span> <span class='ocrx_word' id='word_1_728' title='bbox 969 5070 1032 5109; x_wconf 88' lang='lat' dir='ltr'><strong>ac</strong></span> <span class='ocrx_word' id='word_1_729' title='bbox 1060 5055 1355 5110; x_wconf 82' lang='lat' dir='ltr'><strong>deﬁniendi</strong></span> <span class='ocrx_word' id='word_1_730' title='bbox 1382 5057 1599 5111; x_wconf 91' lang='lat' dir='ltr'><strong>modum</strong></span> <span class='ocrx_word' id='word_1_731' title='bbox 1625 5073 1639 5120; x_wconf 92' lang='lat'><strong>;</strong></span> <span class='ocrx_word' id='word_1_732' title='bbox 1662 5058 2006 5112; x_wconf 86' lang='lat' dir='ltr'><strong>ascendendo</strong></span> 
     </span>
    </p>
   </div>
   <div class='ocr_carea' id='block_1_101' title="bbox 437 5145 2008 5214">
    <p class='ocr_par' dir='ltr' id='par_1_101' title="bbox 437 5145 2008 5214">
     <span class='ocr_line' id='line_1_101' title="bbox 437 5145 2008 5214; baseline 0.001 -12"><span class='ocrx_word' id='word_1_733' title='bbox 437 5149 584 5202; x_wconf 87' lang='lat' dir='ltr'><strong>enim</strong></span> <span class='ocrx_word' id='word_1_734' title='bbox 633 5145 1037 5201; x_wconf 90' lang='lat' dir='ltr'><strong>multitudinem</strong></span> <span class='ocrx_word' id='word_1_735' title='bbox 1104 5148 1158 5201; x_wconf 89' lang='lat' dir='ltr'><strong>in</strong></span> <span class='ocrx_word' id='word_1_736' title='bbox 1206 5163 1371 5201; x_wconf 91' lang='lat' dir='ltr'><strong>unum</strong></span> <span class='ocrx_word' id='word_1_737' title='bbox 1428 5151 1824 5214; x_wconf 88' lang='lat' dir='ltr'><strong>contrahimus,</strong></span> <span class='ocrx_word' id='word_1_738' title='bbox 1869 5150 2008 5204; x_wconf 90' lang='lat' dir='ltr'><strong>sicut</strong></span> 
     </span>
    </p>
   </div>
   <div class='ocr_carea' id='block_1_102' title="bbox 438 5239 2008 5311">
    <p class='ocr_par' dir='ltr' id='par_1_102' title="bbox 438 5239 2008 5311">
     <span class='ocr_line' id='line_1_102' title="bbox 438 5239 2008 5311; baseline 0.001 -15"><span class='ocrx_word' id='word_1_739' title='bbox 438 5239 815 5296; x_wconf 81' lang='lat' dir='ltr'><strong>descendendo</strong></span> <span class='ocrx_word' id='word_1_740' title='bbox 845 5255 1009 5292; x_wconf 91' lang='lat' dir='ltr'><strong>unum</strong></span> <span class='ocrx_word' id='word_1_741' title='bbox 1040 5240 1091 5293; x_wconf 91' lang='lat' dir='ltr'><strong>in</strong></span> <span class='ocrx_word' id='word_1_742' title='bbox 1127 5241 1293 5294; x_wconf 88' lang='lat' dir='ltr'><strong>multa</strong></span> <span class='ocrx_word' id='word_1_743' title='bbox 1320 5244 1628 5297; x_wconf 85' lang='lat' dir='ltr'><strong>dividimus.</strong></span> <span class='ocrx_word' id='word_1_744' title='bbox 1663 5242 1797 5296; x_wconf 83' lang='lat' dir='ltr'><strong>Cum</strong></span> <span class='ocrx_word' id='word_1_745' title='bbox 1827 5244 2008 5311; x_wconf 88' lang='lat' dir='ltr'><strong>itaque</strong></span> 
     </span>
    </p>
   </div>
   <div class='ocr_carea' id='block_1_103' title="bbox 438 5331 2009 5407">
    <p class='ocr_par' dir='ltr' id='par_1_103' title="bbox 438 5331 2009 5407">
     <span class='ocr_line' id='line_1_103' title="bbox 438 5331 2009 5407; baseline -0.001 -20"><span class='ocrx_word' id='word_1_746' title='bbox 438 5333 660 5407; x_wconf 72' lang='lat' dir='ltr'><strong>adjuvet</strong></span> <span class='ocrx_word' id='word_1_747' title='bbox 693 5341 805 5387; x_wconf 88' lang='lat' dir='ltr'><strong>tres</strong></span> <span class='ocrx_word' id='word_1_748' title='bbox 837 5331 890 5385; x_wconf 93' lang='lat' dir='ltr'><strong>in</strong></span> <span class='ocrx_word' id='word_1_749' title='bbox 918 5347 1086 5386; x_wconf 90' lang='lat' dir='ltr'><strong>unum</strong></span> <span class='ocrx_word' id='word_1_750' title='bbox 1122 5333 1326 5389; x_wconf 88' lang='lat' dir='ltr'><strong>idcirco</strong></span> <span class='ocrx_word' id='word_1_751' title='bbox 1359 5335 1665 5388; x_wconf 87' lang='lat' dir='ltr'><strong>istiusmodi</strong></span> <span class='ocrx_word' id='word_1_752' title='bbox 1696 5334 1825 5388; x_wconf 73' lang='lat' dir='ltr'><strong>facit</strong></span> <span class='ocrx_word' id='word_1_753' title='bbox 1870 5350 2009 5388; x_wconf 90' lang='lat' dir='ltr'><strong>enn-</strong></span> 
     </span>
    </p>
   </div>
   <div class='ocr_carea' id='block_1_104' title="bbox 511 5462 2009 5535">
    <p class='ocr_par' dir='ltr' id='par_1_104' title="bbox 511 5462 2009 5535">
     <span class='ocr_line' id='line_1_104' title="bbox 511 5462 2009 5535; baseline 0.002 -16"><span class='ocrx_word' id='word_1_754' title='bbox 511 5462 948 5535; x_wconf 81' lang='lat' dir='ltr'><strong>(li)Tcnebrosa</strong></span> <span class='ocrx_word' id='word_1_755' title='bbox 970 5464 1364 5534; x_wconf 87' lang='lat' dir='ltr'><strong>interpretatio.</strong></span> <span class='ocrx_word' id='word_1_756' title='bbox 1384 5463 1588 5530; x_wconf 84' lang='lat' dir='ltr'><strong>Melius,</strong></span> <span class='ocrx_word' id='word_1_757' title='bbox 1613 5463 1865 5534; x_wconf 41' lang='lat' dir='ltr'><strong>ni&#39;l‘allor,</strong></span> <span class='ocrx_word' id='word_1_758' title='bbox 1890 5484 2009 5521; x_wconf 79' lang='lat' dir='ltr'><strong>ver-</strong></span> 
     </span>
    </p>
   </div>
   <div class='ocr_carea' id='block_1_105' title="bbox 438 5535 2009 5607">
    <p class='ocr_par' dir='ltr' id='par_1_105' title="bbox 438 5535 2009 5607">
     <span class='ocr_line' id='line_1_105' title="bbox 438 5535 2009 5607; baseline 0.003 -20"><span class='ocrx_word' id='word_1_759' title='bbox 438 5541 689 5607; x_wconf 68' lang='lat' dir='ltr'><strong>teretur:</strong></span> <span class='ocrx_word' id='word_1_760' title='bbox 720 5535 947 5588; x_wconf 77' lang='lat' dir='ltr'><strong>dicentes</strong></span> <span class='ocrx_word' id='word_1_761' title='bbox 984 5546 1221 5607; x_wconf 75' lang='lat' dir='ltr'><strong>sanctum</strong></span> <span class='ocrx_word' id='word_1_762' title='bbox 1250 5536 1610 5607; x_wconf 87' lang='lat' dir='ltr'><strong>(Dionysium)</strong></span> <span class='ocrx_word' id='word_1_763' title='bbox 1650 5540 1887 5590; x_wconf 75' lang='lat' dir='ltr'><strong>eumdem</strong></span> <span class='ocrx_word' id='word_1_764' title='bbox 1921 5557 2009 5591; x_wconf 84' lang='lat' dir='ltr'><strong>or-</strong></span> 
     </span>
    </p>
   </div>
   <div class='ocr_carea' id='block_1_106' title="bbox 439 5605 2007 5675">
    <p class='ocr_par' dir='ltr' id='par_1_106' title="bbox 439 5605 2007 5675">
     <span class='ocr_line' id='line_1_106' title="bbox 439 5605 2007 5675; baseline 0.003 -19"><span class='ocrx_word' id='word_1_765' title='bbox 439 5606 611 5658; x_wconf 80' lang='lat' dir='ltr'><strong>dinem</strong></span> <span class='ocrx_word' id='word_1_766' title='bbox 642 5605 876 5673; x_wconf 83' lang='lat' dir='ltr'><strong>(sursum</strong></span> <span class='ocrx_word' id='word_1_767' title='bbox 926 5606 1204 5675; x_wconf 82' lang='lat' dir='ltr'><strong>deorsum)</strong></span> <span class='ocrx_word' id='word_1_768' title='bbox 1244 5610 1297 5660; x_wconf 78' lang='lat' dir='ltr'><strong>m</strong></span> <span class='ocrx_word' id='word_1_769' title='bbox 1337 5605 1779 5673; x_wconf 75' lang='lat' dir='ltr'><strong>superscriptione</strong></span> <span class='ocrx_word' id='word_1_770' title='bbox 1822 5610 2007 5673; x_wconf 76' lang='lat' dir='ltr'><strong>capitis</strong></span> 
     </span>
    </p>
   </div>
   <div class='ocr_carea' id='block_1_107' title="bbox 439 5677 2006 5744">
    <p class='ocr_par' dir='ltr' id='par_1_107' title="bbox 439 5677 2006 5744">
     <span class='ocr_line' id='line_1_107' title="bbox 439 5677 2006 5744; baseline 0.004 -19"><span class='ocrx_word' id='word_1_771' title='bbox 439 5677 643 5741; x_wconf 78' lang='lat' dir='ltr'><strong>septimi</strong></span> <span class='ocrx_word' id='word_1_772' title='bbox 688 5692 936 5739; x_wconf 66' lang='lat' dir='ltr'><strong>servasse,</strong></span> <span class='ocrx_word' id='word_1_773' title='bbox 983 5693 1136 5744; x_wconf 82' lang='lat' dir='ltr'><strong>quem</strong></span> <span class='ocrx_word' id='word_1_774' title='bbox 1196 5680 1250 5730; x_wconf 74' lang='lat' dir='ltr'><strong>in</strong></span> <span class='ocrx_word' id='word_1_775' title='bbox 1309 5677 1747 5744; x_wconf 69' lang='lat' dir='ltr'><strong>superscriplione</strong></span> <span class='ocrx_word' id='word_1_776' title='bbox 1790 5677 2006 5731; x_wconf 82' lang='lat' dir='ltr'><strong>illarum</strong></span> 
     </span>
    </p>
   </div>
   <div class='ocr_carea' id='block_1_108' title="bbox 441 5745 1722 5813">
    <p class='ocr_par' dir='ltr' id='par_1_108' title="bbox 441 5745 1722 5813">
     <span class='ocr_line' id='line_1_108' title="bbox 441 5745 1722 5813; baseline 0.004 -19"><span class='ocrx_word' id='word_1_777' title='bbox 441 5745 697 5811; x_wconf 82' lang='lat' dir='ltr'><strong>(capitum</strong></span> <span class='ocrx_word' id='word_1_778' title='bbox 732 5745 765 5798; x_wconf 91' lang='lat'>8</span> <span class='ocrx_word' id='word_1_779' title='bbox 789 5755 841 5797; x_wconf 86' lang='lat' dir='ltr'><strong>et</strong></span> <span class='ocrx_word' id='word_1_780' title='bbox 866 5746 918 5813; x_wconf 88' lang='lat'><strong>9)</strong></span> <span class='ocrx_word' id='word_1_781' title='bbox 947 5758 1152 5800; x_wconf 75' lang='lat' dir='ltr'><strong>secutus</strong></span> <span class='ocrx_word' id='word_1_782' title='bbox 1175 5758 1271 5799; x_wconf 82' lang='lat' dir='ltr'><strong>est.</strong></span> <span class='ocrx_word' id='word_1_783' title='bbox 1300 5747 1456 5799; x_wconf 79' lang='lat' dir='ltr'><strong>Eutr.</strong></span> <span class='ocrx_word' id='word_1_784' title='bbox 1484 5747 1722 5800; x_wconf 73' lang='lat' dir='ltr'><strong>PunoL.</strong></span> 
     </span>
    </p>
   </div>
   <div class='ocr_carea' id='block_1_109' title="bbox 512 5813 2009 5882">
    <p class='ocr_par' dir='ltr' id='par_1_109' title="bbox 512 5813 2009 5882">
     <span class='ocr_line' id='line_1_109' title="bbox 512 5813 2009 5882; baseline 0.006 -16"><span class='ocrx_word' id='word_1_785' title='bbox 512 5813 647 5882; x_wconf 83' lang='lat' dir='ltr'><strong>(ll&#39;)</strong></span> <span class='ocrx_word' id='word_1_786' title='bbox 676 5813 770 5870; x_wconf 92' lang='lat' dir='ltr'><strong>llic</strong></span> <span class='ocrx_word' id='word_1_787' title='bbox 817 5815 966 5874; x_wconf 84' lang='lat' dir='ltr'><strong>locus</strong></span> <span class='ocrx_word' id='word_1_788' title='bbox 995 5818 1143 5874; x_wconf 77' lang='lat' dir='ltr'><strong>varie</strong></span> <span class='ocrx_word' id='word_1_789' title='bbox 1172 5820 1361 5875; x_wconf 81' lang='lat' dir='ltr'><strong>doctos</strong></span> <span class='ocrx_word' id='word_1_790' title='bbox 1409 5818 1551 5874; x_wconf 85' lang='lat' dir='ltr'><strong>viros</strong></span> <span class='ocrx_word' id='word_1_791' title='bbox 1582 5818 1844 5875; x_wconf 83' lang='lat' dir='ltr'><strong>exercuit.</strong></span> <span class='ocrx_word' id='word_1_792' title='bbox 1872 5818 2009 5875; x_wconf 83' lang='lat' dir='ltr'><strong>Aliis</strong></span> 
     </span>
    </p>
   </div>
   <div class='ocr_carea' id='block_1_110' title="bbox 2104 4609 3703 4683">
    <p class='ocr_par' dir='ltr' id='par_1_110' title="bbox 2104 4609 3703 4683">
     <span class='ocr_line' id='line_1_110' title="bbox 2104 4609 3703 4683; baseline 0.002 -22"><span class='ocrx_word' id='word_1_793' title='bbox 2104 4628 2202 4682; x_wconf 85' lang='grc' dir='ltr'>νην</span> <span class='ocrx_word' id='word_1_794' title='bbox 2259 4612 2553 4683; x_wconf 86' lang='grc' dir='ltr'>ἐγγύτητα.</span> <span class='ocrx_word' id='word_1_795' title='bbox 2606 4612 2769 4679; x_wconf 81' lang='grc' dir='ltr'>Λέγει</span> <span class='ocrx_word' id='word_1_796' title='bbox 2804 4612 2860 4665; x_wconf 85' lang='grc' dir='ltr'>δὲ</span> <span class='ocrx_word' id='word_1_797' title='bbox 2900 4611 3073 4674; x_wconf 78' lang='grc' dir='ltr'>οὕτως</span> <span class='ocrx_word' id='word_1_798' title='bbox 3119 4609 3387 4672; x_wconf 81' lang='grc' dir='ltr'>ἐνταῦθα,</span> <span class='ocrx_word' id='word_1_799' title='bbox 3438 4611 3533 4663; x_wconf 78' lang='grc' dir='ltr'>καὶ</span> <span class='ocrx_word' id='word_1_800' title='bbox 3580 4612 3703 4664; x_wconf 65' lang='grc' dir='ltr'><strong>ἀπὸ</strong></span> 
     </span>
    </p>
   </div>
   <div class='ocr_carea' id='block_1_111' title="bbox 2104 4698 3707 4772">
    <p class='ocr_par' dir='ltr' id='par_1_111' title="bbox 2104 4698 3707 4772">
     <span class='ocr_line' id='line_1_111' title="bbox 2104 4698 3707 4772; baseline 0.002 -21"><span class='ocrx_word' id='word_1_801' title='bbox 2104 4699 2214 4751; x_wconf 90' lang='grc' dir='ltr'><strong>τῶν</strong></span> <span class='ocrx_word' id='word_1_802' title='bbox 2259 4698 2463 4769; x_wconf 85' lang='grc' dir='ltr'>θρόνων</span> <span class='ocrx_word' id='word_1_803' title='bbox 2498 4701 2723 4771; x_wconf 66' lang='grc' dir='ltr'>ἄρχεται</span> <span class='ocrx_word' id='word_1_804' title='bbox 2747 4741 2761 4765; x_wconf 97' lang='grc'><strong>,</strong></span> <span class='ocrx_word' id='word_1_805' title='bbox 2788 4702 2874 4754; x_wconf 84' lang='grc' dir='ltr'><strong>ἶνα</strong></span> <span class='ocrx_word' id='word_1_806' title='bbox 2897 4700 2991 4754; x_wconf 73' lang='grc' dir='ltr'><strong>καὶ</strong></span> <span class='ocrx_word' id='word_1_807' title='bbox 3014 4699 3170 4753; x_wconf 85' lang='grc' dir='ltr'>τοῦτό</span> <span class='ocrx_word' id='word_1_808' title='bbox 3187 4716 3273 4761; x_wconf 87' lang='grc' dir='ltr'><strong>τις</strong></span> <span class='ocrx_word' id='word_1_809' title='bbox 3296 4699 3371 4762; x_wconf 86' lang='grc' dir='ltr'>ὼς</span> <span class='ocrx_word' id='word_1_810' title='bbox 3397 4700 3516 4752; x_wconf 80' lang='grc' dir='ltr'>ἐνὸν</span> <span class='ocrx_word' id='word_1_811' title='bbox 3547 4701 3707 4772; x_wconf 76' lang='grc'><strong>(11⁸)</strong></span> 
     </span>
    </p>
   </div>
   <div class='ocr_carea' id='block_1_112' title="bbox 2108 4790 3703 4863">
    <p class='ocr_par' dir='ltr' id='par_1_112' title="bbox 2108 4790 3703 4863">
     <span class='ocr_line' id='line_1_112' title="bbox 2108 4790 3703 4863; baseline -0.001 -20"><span class='ocrx_word' id='word_1_812' title='bbox 2108 4790 2452 4863; x_wconf 83' lang='grc' dir='ltr'>θεραπεύσῃ·</span> <span class='ocrx_word' id='word_1_813' title='bbox 2500 4792 2533 4861; x_wconf 81' lang='grc' dir='ltr'>ἢ</span> <span class='ocrx_word' id='word_1_814' title='bbox 2585 4792 2666 4844; x_wconf 86' lang='grc' dir='ltr'><strong>ὅτι</strong></span> <span class='ocrx_word' id='word_1_815' title='bbox 2721 4792 2861 4845; x_wconf 85' lang='grc' dir='ltr'><strong>κατά</strong></span> <span class='ocrx_word' id='word_1_816' title='bbox 2908 4792 3007 4863; x_wconf 81' lang='grc' dir='ltr'><strong>τὴν</strong></span> <span class='ocrx_word' id='word_1_817' title='bbox 3060 4791 3351 4859; x_wconf 80' lang='grc' dir='ltr'>ἀναλογίαν</span> <span class='ocrx_word' id='word_1_818' title='bbox 3404 4792 3505 4861; x_wconf 83' lang='grc' dir='ltr'>τῆς</span> <span class='ocrx_word' id='word_1_819' title='bbox 3560 4794 3703 4862; x_wconf 77' lang='grc' dir='ltr'>ἡμε-</span> 
     </span>
    </p>
   </div>
   <div class='ocr_carea' id='block_1_113' title="bbox 2105 4880 3703 4954">
    <p class='ocr_par' dir='ltr' id='par_1_113' title="bbox 2105 4880 3703 4954">
     <span class='ocr_line' id='line_1_113' title="bbox 2105 4880 3703 4954; baseline 0.002 -20"><span class='ocrx_word' id='word_1_820' title='bbox 2105 4881 2269 4951; x_wconf 88' lang='grc' dir='ltr'>τέρας</span> <span class='ocrx_word' id='word_1_821' title='bbox 2300 4880 2553 4950; x_wconf 79' lang='grc' dir='ltr'>γνώσεως</span> <span class='ocrx_word' id='word_1_822' title='bbox 2596 4882 2688 4934; x_wconf 74' lang='grc' dir='ltr'>καὶ</span> <span class='ocrx_word' id='word_1_823' title='bbox 2719 4882 3036 4953; x_wconf 77' lang='grc' dir='ltr'>ὲλλάμψεως</span> <span class='ocrx_word' id='word_1_824' title='bbox 3069 4881 3199 4950; x_wconf 83' lang='grc' dir='ltr'>(ἀπὸ</span> <span class='ocrx_word' id='word_1_825' title='bbox 3250 4881 3361 4954; x_wconf 85' lang='grc' dir='ltr'>γὰρ</span> <span class='ocrx_word' id='word_1_826' title='bbox 3390 4882 3499 4935; x_wconf 91' lang='grc' dir='ltr'><strong>τῶν</strong></span> <span class='ocrx_word' id='word_1_827' title='bbox 3537 4883 3703 4937; x_wconf 81' lang='grc' dir='ltr'>κάτω</span> 
     </span>
    </p>
   </div>
   <div class='ocr_carea' id='block_1_114' title="bbox 2109 4972 3705 5045">
    <p class='ocr_par' dir='ltr' id='par_1_114' title="bbox 2109 4972 3705 5045">
     <span class='ocr_line' id='line_1_114' title="bbox 2109 4972 3705 5045; baseline 0.003 -22"><span class='ocrx_word' id='word_1_828' title='bbox 2109 4972 2292 5034; x_wconf 87' lang='grc' dir='ltr'>ποσῶς</span> <span class='ocrx_word' id='word_1_829' title='bbox 2336 4973 2429 5024; x_wconf 71' lang='grc' dir='ltr'><strong>ἐπὶ</strong></span> <span class='ocrx_word' id='word_1_830' title='bbox 2484 4972 2553 5025; x_wconf 83' lang='grc' dir='ltr'>τὰ</span> <span class='ocrx_word' id='word_1_831' title='bbox 2600 4973 2847 5045; x_wconf 80' lang='grc' dir='ltr'>ἀνώτερα</span> <span class='ocrx_word' id='word_1_832' title='bbox 2892 4972 3410 5044; x_wconf 77' lang='grc' dir='ltr'>μεταϐιϐαζόμεθα),</span> <span class='ocrx_word' id='word_1_833' title='bbox 3469 4974 3502 5044; x_wconf 84' lang='grc' dir='ltr'>ἢ</span> <span class='ocrx_word' id='word_1_834' title='bbox 3549 4976 3705 5029; x_wconf 75' lang='grc' dir='ltr'>κατὰ</span> 
     </span>
    </p>
   </div>
   <div class='ocr_carea' id='block_1_115' title="bbox 2107 5064 3699 5136">
    <p class='ocr_par' dir='ltr' id='par_1_115' title="bbox 2107 5064 3699 5136">
     <span class='ocr_line' id='line_1_115' title="bbox 2107 5064 3699 5136; baseline 0.002 -21"><span class='ocrx_word' id='word_1_835' title='bbox 2107 5064 2198 5116; x_wconf 82' lang='grc' dir='ltr'><strong>τὸν</strong></span> <span class='ocrx_word' id='word_1_836' title='bbox 2232 5064 2386 5133; x_wconf 86' lang='grc' dir='ltr'>λόγον</span> <span class='ocrx_word' id='word_1_837' title='bbox 2418 5064 2517 5133; x_wconf 79' lang='grc' dir='ltr'>τῆς</span> <span class='ocrx_word' id='word_1_838' title='bbox 2541 5065 2889 5135; x_wconf 83' lang='grc' dir='ltr'>περιγραφῆς</span> <span class='ocrx_word' id='word_1_839' title='bbox 2921 5064 3130 5119; x_wconf 76' lang='grc' dir='ltr'>καὶτοῦ</span> <span class='ocrx_word' id='word_1_840' title='bbox 3164 5064 3447 5136; x_wconf 83' lang='grc' dir='ltr'>διορισμοῦ</span> <span class='ocrx_word' id='word_1_841' title='bbox 3468 5082 3482 5094; x_wconf 90' lang='grc'><strong>·</strong></span> <span class='ocrx_word' id='word_1_842' title='bbox 3524 5066 3699 5131; x_wconf 81' lang='grc' dir='ltr'>ἀνερ-</span> 
     </span>
    </p>
   </div>
   <div class='ocr_carea' id='block_1_116' title="bbox 2109 5156 3705 5227">
    <p class='ocr_par' dir='ltr' id='par_1_116' title="bbox 2109 5156 3705 5227">
     <span class='ocr_line' id='line_1_116' title="bbox 2109 5156 3705 5227; baseline 0.001 -19"><span class='ocrx_word' id='word_1_843' title='bbox 2109 5156 2323 5227; x_wconf 85' lang='grc' dir='ltr'>χόμενοι</span> <span class='ocrx_word' id='word_1_844' title='bbox 2344 5156 2471 5226; x_wconf 88' lang='grc' dir='ltr'>γὰρ,</span> <span class='ocrx_word' id='word_1_845' title='bbox 2502 5156 2559 5208; x_wconf 81' lang='grc' dir='ltr'><strong>τὸ</strong></span> <span class='ocrx_word' id='word_1_846' title='bbox 2582 5157 2785 5226; x_wconf 79' lang='grc' dir='ltr'>πλῆθος</span> <span class='ocrx_word' id='word_1_847' title='bbox 2806 5159 2883 5219; x_wconf 85' lang='grc' dir='ltr'><strong>είς</strong></span> <span class='ocrx_word' id='word_1_848' title='bbox 2905 5158 2962 5210; x_wconf 80' lang='grc' dir='ltr'><strong>ἒν</strong></span> <span class='ocrx_word' id='word_1_849' title='bbox 2990 5158 3313 5227; x_wconf 88' lang='grc' dir='ltr'>συνάγομεν,</span> <span class='ocrx_word' id='word_1_850' title='bbox 3334 5157 3523 5227; x_wconf 85' lang='grc' dir='ltr'>ὥσπερ</span> <span class='ocrx_word' id='word_1_851' title='bbox 3556 5176 3662 5212; x_wconf 88' lang='grc' dir='ltr'><strong>κατ</strong></span> <span class='ocrx_word' id='word_1_852' title='bbox 3680 5193 3705 5204; x_wconf 70' lang='grc' dir='ltr'><strong><em>ο</em></strong></span> 
     </span>
    </p>
   </div>
   <div class='ocr_carea' id='block_1_117' title="bbox 2111 5247 3705 5321">
    <p class='ocr_par' dir='ltr' id='par_1_117' title="bbox 2111 5247 3705 5321">
     <span class='ocr_line' id='line_1_117' title="bbox 2111 5247 3705 5321; baseline 0.003 -22"><span class='ocrx_word' id='word_1_853' title='bbox 2111 5249 2413 5319; x_wconf 80' lang='grc' dir='ltr'>ερχόμενοι,</span> <span class='ocrx_word' id='word_1_854' title='bbox 2448 5249 2508 5300; x_wconf 79' lang='grc' dir='ltr'><strong>τὸ</strong></span> <span class='ocrx_word' id='word_1_855' title='bbox 2557 5247 2614 5300; x_wconf 85' lang='grc' dir='ltr'>ἓν</span> <span class='ocrx_word' id='word_1_856' title='bbox 2660 5251 2739 5311; x_wconf 87' lang='grc' dir='ltr'>εἰς</span> <span class='ocrx_word' id='word_1_857' title='bbox 2780 5248 2950 5302; x_wconf 86' lang='grc' dir='ltr'>πολλὰ</span> <span class='ocrx_word' id='word_1_858' title='bbox 2981 5250 3317 5321; x_wconf 80' lang='grc' dir='ltr'>διαιροῦμεν.</span> <span class='ocrx_word' id='word_1_859' title='bbox 3369 5250 3522 5302; x_wconf 76' lang='grc' dir='ltr'>Ἐπεὶ</span> <span class='ocrx_word' id='word_1_860' title='bbox 3558 5252 3705 5318; x_wconf 66' lang='grc' dir='ltr'>γοῦν</span> 
     </span>
    </p>
   </div>
   <div class='ocr_carea' id='block_1_118' title="bbox 2113 5339 3705 5413">
    <p class='ocr_par' dir='ltr' id='par_1_118' title="bbox 2113 5339 3705 5413">
     <span class='ocr_line' id='line_1_118' title="bbox 2113 5339 3705 5413; baseline 0.003 -22"><span class='ocrx_word' id='word_1_861' title='bbox 2113 5342 2320 5392; x_wconf 76' lang='grc' dir='ltr'><strong>συνενοί⁹</strong></span> <span class='ocrx_word' id='word_1_862' title='bbox 2359 5339 2457 5402; x_wconf 73' lang='grc' dir='ltr'>τὰς</span> <span class='ocrx_word' id='word_1_863' title='bbox 2494 5344 2645 5411; x_wconf 86' lang='grc' dir='ltr'>τρεῖς</span> <span class='ocrx_word' id='word_1_864' title='bbox 2678 5343 2756 5403; x_wconf 85' lang='grc' dir='ltr'><strong>είς</strong></span> <span class='ocrx_word' id='word_1_865' title='bbox 2796 5342 2855 5393; x_wconf 86' lang='grc' dir='ltr'><strong>τὸ</strong></span> <span class='ocrx_word' id='word_1_866' title='bbox 2888 5341 2966 5406; x_wconf 85' lang='grc' dir='ltr'>ἓν,</span> <span class='ocrx_word' id='word_1_867' title='bbox 3001 5341 3088 5394; x_wconf 76' lang='grc' dir='ltr'>διὰ</span> <span class='ocrx_word' id='word_1_868' title='bbox 3135 5342 3293 5394; x_wconf 87' lang='grc' dir='ltr'>τοῦτο</span> <span class='ocrx_word' id='word_1_869' title='bbox 3320 5342 3412 5394; x_wconf 76' lang='grc' dir='ltr'>καὶ</span> <span class='ocrx_word' id='word_1_870' title='bbox 3434 5343 3705 5413; x_wconf 70' lang='grc' dir='ltr'>τοιαύτην</span> 
     </span>
    </p>
   </div>
   <div class='ocr_carea' id='block_1_119' title="bbox 2113 5473 3707 5544">
    <p class='ocr_par' dir='ltr' id='par_1_119' title="bbox 2113 5473 3707 5544">
     <span class='ocr_line' id='line_1_119' title="bbox 2113 5473 3707 5544; baseline 0.006 -20"><span class='ocrx_word' id='word_1_871' title='bbox 2113 5473 2287 5543; x_wconf 83' lang='lat' dir='ltr'><strong>legere</strong></span> <span class='ocrx_word' id='word_1_872' title='bbox 2334 5474 2507 5544; x_wconf 78' lang='lat' dir='ltr'><strong>placet</strong></span> <span class='ocrx_word' id='word_1_873' title='bbox 2534 5476 2609 5538; x_wconf 87' lang='grc' dir='ltr'>ὡς</span> <span class='ocrx_word' id='word_1_874' title='bbox 2654 5475 2708 5528; x_wconf 78' lang='grc' dir='ltr'>ἓν</span> <span class='ocrx_word' id='word_1_875' title='bbox 2741 5476 2814 5538; x_wconf 82' lang='grc' dir='ltr'><strong>δν,</strong></span> <span class='ocrx_word' id='word_1_876' title='bbox 2868 5487 2928 5531; x_wconf 88' lang='lat' dir='ltr'><strong>ut</strong></span> <span class='ocrx_word' id='word_1_877' title='bbox 2976 5478 3054 5532; x_wconf 91' lang='lat' dir='ltr'><strong>sic</strong></span> <span class='ocrx_word' id='word_1_878' title='bbox 3088 5480 3154 5532; x_wconf 87' lang='lat' dir='ltr'><strong>ad</strong></span> <span class='ocrx_word' id='word_1_879' title='bbox 3188 5478 3461 5532; x_wconf 74' lang='lat' dir='ltr'><strong>versionis</strong></span> <span class='ocrx_word' id='word_1_880' title='bbox 3488 5477 3707 5533; x_wconf 61' lang='lat' dir='ltr'><strong>Latiae</strong></span> 
     </span>
    </p>
   </div>
   <div class='ocr_carea' id='block_1_120' title="bbox 2112 5547 3705 5613">
    <p class='ocr_par' dir='ltr' id='par_1_120' title="bbox 2112 5547 3705 5613">
     <span class='ocr_line' id='line_1_120' title="bbox 2112 5547 3705 5613; baseline 0.002 -16"><span class='ocrx_word' id='word_1_881' title='bbox 2112 5558 2325 5597; x_wconf 89' lang='lat' dir='ltr'><strong>sensum</strong></span> <span class='ocrx_word' id='word_1_882' title='bbox 2361 5547 2602 5613; x_wconf 76' lang='lat' dir='ltr'><strong>proxime</strong></span> <span class='ocrx_word' id='word_1_883' title='bbox 2648 5550 2979 5613; x_wconf 87' lang='lat' dir='ltr'><strong>accedatur;</strong></span> <span class='ocrx_word' id='word_1_884' title='bbox 3013 5549 3104 5601; x_wconf 91' lang='lat' dir='ltr'><strong>alii</strong></span> <span class='ocrx_word' id='word_1_885' title='bbox 3141 5549 3273 5601; x_wconf 88' lang='lat' dir='ltr'><strong>nihil</strong></span> <span class='ocrx_word' id='word_1_886' title='bbox 3313 5561 3545 5609; x_wconf 86' lang='lat' dir='ltr'><strong>mutant,</strong></span> <span class='ocrx_word' id='word_1_887' title='bbox 3580 5551 3705 5602; x_wconf 56' lang='lat' dir='ltr'><strong>fera</strong></span> 
     </span>
    </p>
   </div>
   <div class='ocr_carea' id='block_1_121' title="bbox 2113 5616 3708 5687">
    <p class='ocr_par' dir='ltr' id='par_1_121' title="bbox 2113 5616 3708 5687">
     <span class='ocr_line' id='line_1_121' title="bbox 2113 5616 3708 5687; baseline 0.006 -23"><span class='ocrx_word' id='word_1_888' title='bbox 2113 5628 2317 5687; x_wconf 84' lang='lat' dir='ltr'><strong>sanque</strong></span> <span class='ocrx_word' id='word_1_889' title='bbox 2354 5619 2494 5687; x_wconf 73' lang='lat' dir='ltr'><strong>verti</strong></span> <span class='ocrx_word' id='word_1_890' title='bbox 2541 5630 2698 5683; x_wconf 86' lang='lat' dir='ltr'><strong>posse</strong></span> <span class='ocrx_word' id='word_1_891' title='bbox 2747 5616 3054 5671; x_wconf 87' lang='lat' dir='ltr'><strong>allirmant:</strong></span> <span class='ocrx_word' id='word_1_892' title='bbox 3089 5627 3144 5670; x_wconf 88' lang='lat' dir='ltr'><strong>ut</strong></span> <span class='ocrx_word' id='word_1_893' title='bbox 3185 5621 3370 5687; x_wconf 79' lang='lat' dir='ltr'><strong>cuique</strong></span> <span class='ocrx_word' id='word_1_894' title='bbox 3399 5619 3556 5672; x_wconf 60' lang='lat' dir='ltr'><strong>liceat</strong></span> <span class='ocrx_word' id='word_1_895' title='bbox 3597 5618 3708 5674; x_wconf 81' lang='lat' dir='ltr'><strong>hoc</strong></span> 
     </span>
    </p>
   </div>
   <div class='ocr_carea' id='block_1_122' title="bbox 2112 5684 3704 5807">
    <p class='ocr_par' dir='ltr' id='par_1_122' title="bbox 2112 5684 3704 5807">
     <span class='ocr_line' id='line_1_122' title="bbox 2112 5684 3704 5807; baseline 0.007 -74"><span class='ocrx_word' id='word_1_896' title='bbox 2112 5684 2325 5763; x_wconf 80' lang='lat' dir='ltr'><strong>(nempe</strong></span> <span class='ocrx_word' id='word_1_897' title='bbox 2354 5685 2490 5807; x_wconf 61' lang='lat' dir='ltr'><strong>lialnc</strong></span> <span class='ocrx_word' id='word_1_898' title='bbox 2519 5687 2724 5740; x_wconf 89' lang='lat' dir='ltr'><strong>ordinis</strong></span> <span class='ocrx_word' id='word_1_899' title='bbox 2752 5689 3242 5759; x_wconf 76' lang='lat' dir='ltr'><strong>contrarietatem),</strong></span> <span class='ocrx_word' id='word_1_900' title='bbox 3276 5684 3373 5759; x_wconf 73' lang='lat' dir='ltr'><strong>pro</strong></span> <span class='ocrx_word' id='word_1_901' title='bbox 3399 5704 3550 5758; x_wconf 77' lang='lat' dir='ltr'><strong>posse</strong></span> <span class='ocrx_word' id='word_1_902' title='bbox 3572 5704 3704 5759; x_wconf 73' lang='lat' dir='ltr'><strong>suo,</strong></span> 
     </span>
     <span class='ocr_line' id='line_1_123' title="bbox 2112 5768 2495 5807; baseline 0.01 -3"><span class='ocrx_word' id='word_1_903' title='bbox 2112 5768 2384 5807; x_wconf 70' lang='lat' dir='ltr'><strong>corr-&quot;aere.</strong></span> <span class='ocrx_word' id='word_1_904' title='bbox 2443 5769 2495 5807; x_wconf 78' lang='grc' dir='ltr'>ι).</span> 
     </span>
    </p>
   </div>
   <div class='ocr_carea' id='block_1_123' title="bbox 2112 5768 2495 5824">
    <p class='ocr_par' dir='ltr' id='par_1_123' title="bbox 2112 5768 2495 5824">
     <span class='ocr_line' id='line_1_124' title="bbox 2112 5768 2495 5824; baseline 0.018 -20"><span class='ocrx_word' id='word_1_905' title='bbox 2112 5768 2384 5824; x_wconf 63' lang='lat' dir='ltr'><strong>corrgere.</strong></span> <span class='ocrx_word' id='word_1_906' title='bbox 2419 5768 2495 5811; x_wconf 88' lang='lat' dir='ltr'><strong>ID.</strong></span> 
     </span>
    </p>
   </div>
  </div>
