  <div class='ocr_page' id='page_1' title='image "/cluster/home/n/w/nwhite01/storage/ocr_20150623/3/nnc1.0046978666/125.png"; bbox 0 0 3908 6232; ppageno 0'>
   <div class='ocr_carea' id='block_1_1' title="bbox 423 352 527 407">
    <p class='ocr_par' dir='ltr' id='par_1_1' title="bbox 423 352 527 407">
     <span class='ocr_line' id='line_1_1' title="bbox 423 352 527 407; baseline 0.019 -2"><span class='ocrx_word' id='word_1_1' title='bbox 423 352 527 407; x_wconf 67' lang='lat'>207</span> 
     </span>
    </p>
   </div>
   <div class='ocr_carea' id='block_1_2' title="bbox 1626 348 2523 407">
    <p class='ocr_par' dir='ltr' id='par_1_2' title="bbox 1626 348 2523 407">
     <span class='ocr_line' id='line_1_2' title="bbox 1626 348 2523 407; baseline -0.003 0"><span class='ocrx_word' id='word_1_2' title='bbox 1626 350 1684 407; x_wconf 81' lang='lat' dir='ltr'>S.</span> <span class='ocrx_word' id='word_1_3' title='bbox 1718 348 2019 407; x_wconf 81' lang='lat' dir='ltr'>DIONYSII</span> <span class='ocrx_word' id='word_1_4' title='bbox 2056 348 2523 405; x_wconf 62' lang='lat' dir='ltr'>AREOPAGITJE</span> 
     </span>
    </p>
   </div>
   <div class='ocr_carea' id='block_1_3' title="bbox 3582 348 3694 409">
    <p class='ocr_par' dir='ltr' id='par_1_3' title="bbox 3582 348 3694 409">
     <span class='ocr_line' id='line_1_3' title="bbox 3582 348 3694 409; baseline 0 0"><span class='ocrx_word' id='word_1_5' title='bbox 3582 348 3694 409; x_wconf 70' lang='grc' dir='ltr'>2οϋ</span> 
     </span>
    </p>
   </div>
   <div class='ocr_carea' id='block_1_4' title="bbox 1979 491 2120 566">
    <p class='ocr_par' dir='ltr' id='par_1_4' title="bbox 1979 491 2120 566">
     <span class='ocr_line' id='line_1_4' title="bbox 1979 491 2120 566; baseline 0.014 -16"><span class='ocrx_word' id='word_1_6' title='bbox 1979 494 2007 566; x_wconf 86' lang='lat'><strong>§</strong></span> <span class='ocrx_word' id='word_1_7' title='bbox 2044 491 2120 552; x_wconf 85' lang='grc'>11.</span> 
     </span>
    </p>
   </div>
   <div class='ocr_carea' id='block_1_5' title="bbox 507 653 2011 733">
    <p class='ocr_par' dir='ltr' id='par_1_5' title="bbox 507 659 2001 733">
     <span class='ocr_line' id='line_1_5' title="bbox 507 659 2001 733; baseline -0.007 -14"><span class='ocrx_word' id='word_1_8' title='bbox 507 665 682 733; x_wconf 82' lang='lat' dir='ltr'><strong>Atque</strong></span> <span class='ocrx_word' id='word_1_9' title='bbox 708 661 821 716; x_wconf 68' lang='lat' dir='ltr'><strong>hsce</strong></span> <span class='ocrx_word' id='word_1_10' title='bbox 853 660 1071 730; x_wconf 82' lang='lat' dir='ltr'>quidem</span> <span class='ocrx_word' id='word_1_11' title='bbox 1111 668 1197 715; x_wconf 83' lang='lat' dir='ltr'>est</span> <span class='ocrx_word' id='word_1_12' title='bbox 1222 659 1500 712; x_wconf 86' lang='lat' dir='ltr'>nominum</span> <span class='ocrx_word' id='word_1_13' title='bbox 1543 659 1803 729; x_wconf 87' lang='lat' dir='ltr'><strong>ipsorum,</strong></span> <span class='ocrx_word' id='word_1_14' title='bbox 1830 672 2001 726; x_wconf 83' lang='lat' dir='ltr'><strong>quarr-</strong></span> 
     </span>
    </p>
   </div>
   <div class='ocr_carea' id='block_1_6' title="bbox 2114 653 3697 733">
    <p class='ocr_par' dir='ltr' id='par_1_6' title="bbox 2175 653 3697 727">
     <span class='ocr_line' id='line_1_6' title="bbox 2175 653 3697 727; baseline -0.001 -18"><span class='ocrx_word' id='word_1_15' title='bbox 2175 656 2323 726; x_wconf 77' lang='grc' dir='ltr'>Αὑτη</span> <span class='ocrx_word' id='word_1_16' title='bbox 2371 655 2529 726; x_wconf 80' lang='grc' dir='ltr'>μὲνὴ</span> <span class='ocrx_word' id='word_1_17' title='bbox 2573 653 2681 707; x_wconf 89' lang='grc' dir='ltr'>τῶν</span> <span class='ocrx_word' id='word_1_18' title='bbox 2706 653 2985 723; x_wconf 80' lang='grc' dir='ltr'>ὀνομάτων</span> <span class='ocrx_word' id='word_1_19' title='bbox 3039 654 3218 708; x_wconf 81' lang='grc' dir='ltr'>αὑτῶν</span> <span class='ocrx_word' id='word_1_20' title='bbox 3265 654 3341 716; x_wconf 81' lang='grc' dir='ltr'>ὡς</span> <span class='ocrx_word' id='word_1_21' title='bbox 3379 653 3501 707; x_wconf 85' lang='grc' dir='ltr'>καθ’</span> <span class='ocrx_word' id='word_1_22' title='bbox 3546 656 3697 727; x_wconf 74' lang='grc' dir='ltr'>ἡμᾶς</span> 
     </span>
    </p>
   </div>
   <div class='ocr_carea' id='block_1_7' title="bbox 434 752 2002 826">
    <p class='ocr_par' dir='ltr' id='par_1_7' title="bbox 434 752 2002 826">
     <span class='ocr_line' id='line_1_7' title="bbox 434 752 2002 826; baseline -0.006 -15"><span class='ocrx_word' id='word_1_23' title='bbox 434 767 547 812; x_wconf 92' lang='lat' dir='ltr'>tum</span> <span class='ocrx_word' id='word_1_24' title='bbox 594 770 790 826; x_wconf 79' lang='lat' dir='ltr'>capere</span> <span class='ocrx_word' id='word_1_25' title='bbox 827 766 1145 823; x_wconf 86' lang='lat' dir='ltr'>possumus,</span> <span class='ocrx_word' id='word_1_26' title='bbox 1180 752 1585 818; x_wconf 82' lang='lat' dir='ltr'><strong>interpretatio;</strong></span> <span class='ocrx_word' id='word_1_27' title='bbox 1623 765 1787 820; x_wconf 85' lang='lat' dir='ltr'><strong>quam</strong></span> <span class='ocrx_word' id='word_1_28' title='bbox 1819 758 2002 802; x_wconf 86' lang='lat' dir='ltr'><strong>autem</strong></span> 
     </span>
    </p>
   </div>
   <div class='ocr_carea' id='block_1_8' title="bbox 433 843 2001 912">
    <p class='ocr_par' dir='ltr' id='par_1_8' title="bbox 433 843 2001 912">
     <span class='ocr_line' id='line_1_8' title="bbox 433 843 2001 912; baseline -0.004 -13"><span class='ocrx_word' id='word_1_29' title='bbox 433 865 621 903; x_wconf 63' lang='lat' dir='ltr'><strong>eorum</strong></span> <span class='ocrx_word' id='word_1_30' title='bbox 669 845 1038 902; x_wconf 90' lang='lat' dir='ltr'><strong>hicrarchiarn</strong></span> <span class='ocrx_word' id='word_1_31' title='bbox 1087 857 1207 897; x_wconf 88' lang='lat' dir='ltr'><strong>esse</strong></span> <span class='ocrx_word' id='word_1_32' title='bbox 1254 853 1540 912; x_wconf 90' lang='lat' dir='ltr'><strong>putemus,</strong></span> <span class='ocrx_word' id='word_1_33' title='bbox 1578 843 1869 896; x_wconf 90' lang='lat' dir='ltr'><strong>dicendum</strong></span> <span class='ocrx_word' id='word_1_34' title='bbox 1897 853 2001 895; x_wconf 79' lang='lat' dir='ltr'><strong>cst.</strong></span> 
     </span>
    </p>
   </div>
   <div class='ocr_carea' id='block_1_9' title="bbox 433 935 2007 1003">
    <p class='ocr_par' dir='ltr' id='par_1_9' title="bbox 433 935 2007 1003">
     <span class='ocr_line' id='line_1_9' title="bbox 433 935 2007 1003; baseline -0.008 -6"><span class='ocrx_word' id='word_1_35' title='bbox 433 942 623 997; x_wconf 84' lang='lat' dir='ltr'><strong>Omnis</strong></span> <span class='ocrx_word' id='word_1_36' title='bbox 672 942 815 993; x_wconf 88' lang='lat' dir='ltr'><strong>enim</strong></span> <span class='ocrx_word' id='word_1_37' title='bbox 861 936 1183 991; x_wconf 75' lang='lat' dir='ltr'><strong>hierarchia:</strong></span> <span class='ocrx_word' id='word_1_38' title='bbox 1221 950 1443 1003; x_wconf 87' lang='lat' dir='ltr'><strong>scopum</strong></span> <span class='ocrx_word' id='word_1_39' title='bbox 1485 950 1549 988; x_wconf 80' lang='lat' dir='ltr'><strong>ex</strong></span> <span class='ocrx_word' id='word_1_40' title='bbox 1580 935 1760 988; x_wconf 88' lang='lat' dir='ltr'><strong>divina</strong></span> <span class='ocrx_word' id='word_1_41' title='bbox 1804 935 2007 988; x_wconf 75' lang='lat' dir='ltr'><strong>deifur-</strong></span> 
     </span>
    </p>
   </div>
   <div class='ocr_carea' id='block_1_10' title="bbox 437 1018 2007 1103">
    <p class='ocr_par' dir='ltr' id='par_1_10' title="bbox 437 1018 2007 1103">
     <span class='ocr_line' id='line_1_10' title="bbox 437 1018 2007 1103; baseline -0.008 -12"><span class='ocrx_word' id='word_1_42' title='bbox 437 1039 641 1092; x_wconf 82' lang='lat' dir='ltr'><strong>mitatis</strong></span> <span class='ocrx_word' id='word_1_43' title='bbox 682 1036 988 1091; x_wconf 82' lang='lat' dir='ltr'><strong>imitatione</strong></span> <span class='ocrx_word' id='word_1_44' title='bbox 1027 1018 1347 1089; x_wconf 82' lang='lat' dir='ltr'>constanter</span> <span class='ocrx_word' id='word_1_45' title='bbox 1392 1030 1729 1103; x_wconf 79' lang='lat' dir='ltr'>dependere,</span> <span class='ocrx_word' id='word_1_46' title='bbox 1762 1042 2007 1081; x_wconf 83' lang='lat' dir='ltr'><strong>omnem-</strong></span> 
     </span>
    </p>
   </div>
   <div class='ocr_carea' id='block_1_11' title="bbox 433 1124 2007 1201">
    <p class='ocr_par' dir='ltr' id='par_1_11' title="bbox 433 1124 2007 1201">
     <span class='ocr_line' id='line_1_11' title="bbox 433 1124 2007 1201; baseline -0.008 -18"><span class='ocrx_word' id='word_1_47' title='bbox 433 1146 539 1201; x_wconf 73' lang='lat' dir='ltr'>qua</span> <span class='ocrx_word' id='word_1_48' title='bbox 605 1129 937 1185; x_wconf 82' lang='lat' dir='ltr'><strong>functionem</strong></span> <span class='ocrx_word' id='word_1_49' title='bbox 988 1126 1428 1187; x_wconf 78' lang='lat' dir='ltr'><strong>hierarchicam,</strong></span> <span class='ocrx_word' id='word_1_50' title='bbox 1488 1124 1539 1178; x_wconf 90' lang='lat' dir='ltr'>in</span> <span class='ocrx_word' id='word_1_51' title='bbox 1601 1131 2007 1177; x_wconf 65' lang='lat' dir='ltr'><strong>sacrosanctam</strong></span> 
     </span>
    </p>
   </div>
   <div class='ocr_carea' id='block_1_12' title="bbox 435 1209 2006 1290">
    <p class='ocr_par' dir='ltr' id='par_1_12' title="bbox 435 1209 2006 1290">
     <span class='ocr_line' id='line_1_12' title="bbox 435 1209 2006 1290; baseline -0.006 -19"><span class='ocrx_word' id='word_1_52' title='bbox 435 1221 744 1290; x_wconf 71' lang='lat' dir='ltr'><strong>purissima:</strong></span> <span class='ocrx_word' id='word_1_53' title='bbox 774 1217 1144 1273; x_wconf 91' lang='lat' dir='ltr'><strong>mundatiouis</strong></span> <span class='ocrx_word' id='word_1_54' title='bbox 1174 1225 1229 1270; x_wconf 82' lang='lat' dir='ltr'>et</span> <span class='ocrx_word' id='word_1_55' title='bbox 1254 1215 1421 1268; x_wconf 80' lang='lat' dir='ltr'><strong>divini</strong></span> <span class='ocrx_word' id='word_1_56' title='bbox 1472 1213 1715 1275; x_wconf 90' lang='lat' dir='ltr'><strong>luminis,</strong></span> <span class='ocrx_word' id='word_1_57' title='bbox 1756 1209 2006 1279; x_wconf 81' lang='lat' dir='ltr'><strong>perfecti-</strong></span> 
     </span>
    </p>
   </div>
   <div class='ocr_carea' id='block_1_13' title="bbox 434 1304 2008 1381">
    <p class='ocr_par' dir='ltr' id='par_1_13' title="bbox 434 1304 2008 1381">
     <span class='ocr_line' id='line_1_13' title="bbox 434 1304 2008 1381; baseline -0.008 -15"><span class='ocrx_word' id='word_1_58' title='bbox 434 1326 622 1381; x_wconf 70' lang='lat' dir='ltr'><strong>vrcque</strong></span> <span class='ocrx_word' id='word_1_59' title='bbox 645 1313 889 1366; x_wconf 62' lang='lat' dir='ltr'><strong>scientiae</strong></span> <span class='ocrx_word' id='word_1_60' title='bbox 933 1308 1407 1380; x_wconf 73' lang='lat' dir='ltr'>participationem</span> <span class='ocrx_word' id='word_1_61' title='bbox 1453 1315 1613 1374; x_wconf 89' lang='lat' dir='ltr'><strong>atque</strong></span> <span class='ocrx_word' id='word_1_62' title='bbox 1662 1304 2008 1358; x_wconf 76' lang='lat' dir='ltr'><strong>collationem</strong></span> 
     </span>
    </p>
   </div>
   <div class='ocr_carea' id='block_1_14' title="bbox 434 1393 2007 1471">
    <p class='ocr_par' dir='ltr' id='par_1_14' title="bbox 434 1393 2007 1471">
     <span class='ocr_line' id='line_1_14' title="bbox 434 1393 2007 1471; baseline -0.004 -18"><span class='ocrx_word' id='word_1_63' title='bbox 434 1403 623 1468; x_wconf 89' lang='lat' dir='ltr'><strong>dividi,</strong></span> <span class='ocrx_word' id='word_1_64' title='bbox 650 1404 785 1457; x_wconf 84' lang='lat' dir='ltr'><strong>satis</strong></span> <span class='ocrx_word' id='word_1_65' title='bbox 809 1415 1079 1471; x_wconf 85' lang='lat' dir='ltr'>superque</span> <span class='ocrx_word' id='word_1_66' title='bbox 1099 1400 1208 1469; x_wconf 87' lang='lat' dir='ltr'>jam</span> <span class='ocrx_word' id='word_1_67' title='bbox 1240 1414 1266 1451; x_wconf 89' lang='lat' dir='ltr'>a</span> <span class='ocrx_word' id='word_1_68' title='bbox 1297 1397 1450 1451; x_wconf 86' lang='lat' dir='ltr'><strong>nobis</strong></span> <span class='ocrx_word' id='word_1_69' title='bbox 1482 1397 1682 1449; x_wconf 86' lang='lat' dir='ltr'><strong>dictum</strong></span> <span class='ocrx_word' id='word_1_70' title='bbox 1712 1393 1966 1449; x_wconf 76' lang='lat' dir='ltr'><strong>existimo</strong></span> <span class='ocrx_word' id='word_1_71' title='bbox 1995 1412 2007 1446; x_wconf 93' lang='lat'>:</span> 
     </span>
    </p>
   </div>
   <div class='ocr_carea' id='block_1_15' title="bbox 436 1485 2013 1564">
    <p class='ocr_par' dir='ltr' id='par_1_15' title="bbox 436 1485 2013 1564">
     <span class='ocr_line' id='line_1_15' title="bbox 436 1485 2013 1564; baseline -0.008 -16"><span class='ocrx_word' id='word_1_72' title='bbox 436 1510 578 1548; x_wconf 88' lang='lat' dir='ltr'><strong>nunc</strong></span> <span class='ocrx_word' id='word_1_73' title='bbox 593 1506 770 1548; x_wconf 87' lang='lat' dir='ltr'><strong>autem</strong></span> <span class='ocrx_word' id='word_1_74' title='bbox 799 1510 895 1564; x_wconf 93' lang='lat' dir='ltr'>pro</span> <span class='ocrx_word' id='word_1_75' title='bbox 916 1508 1288 1562; x_wconf 88' lang='lat' dir='ltr'><strong>supremarum</strong></span> <span class='ocrx_word' id='word_1_76' title='bbox 1313 1492 1537 1546; x_wconf 85' lang='lat' dir='ltr'><strong>istarum</strong></span> <span class='ocrx_word' id='word_1_77' title='bbox 1560 1489 1758 1543; x_wconf 89' lang='lat' dir='ltr'><strong>utentiu</strong></span> <span class='ocrx_word' id='word_1_78' title='bbox 1771 1505 1817 1539; x_wconf 93' lang='lat' dir='ltr'>m</span> <span class='ocrx_word' id='word_1_79' title='bbox 1836 1485 2013 1557; x_wconf 82' lang='lat' dir='ltr'><strong>digni--</strong></span> 
     </span>
    </p>
   </div>
   <div class='ocr_carea' id='block_1_16' title="bbox 437 1580 2015 1654">
    <p class='ocr_par' dir='ltr' id='par_1_16' title="bbox 437 1580 2015 1654">
     <span class='ocr_line' id='line_1_16' title="bbox 437 1580 2015 1654; baseline -0.003 -17"><span class='ocrx_word' id='word_1_80' title='bbox 437 1595 545 1639; x_wconf 87' lang='lat' dir='ltr'><strong>tate</strong></span> <span class='ocrx_word' id='word_1_81' title='bbox 565 1587 744 1640; x_wconf 82' lang='lat' dir='ltr'><strong>dicere</strong></span> <span class='ocrx_word' id='word_1_82' title='bbox 761 1586 1269 1654; x_wconf 80' lang='lat' dir='ltr'><strong>desidero,quanam</strong></span> <span class='ocrx_word' id='word_1_83' title='bbox 1292 1583 1500 1636; x_wconf 87' lang='lat' dir='ltr'><strong>ratione</strong></span> <span class='ocrx_word' id='word_1_84' title='bbox 1517 1596 1671 1635; x_wconf 89' lang='lat' dir='ltr'><strong>sacer</strong></span> <span class='ocrx_word' id='word_1_85' title='bbox 1685 1595 1868 1634; x_wconf 90' lang='lat' dir='ltr'><strong>earum</strong></span> <span class='ocrx_word' id='word_1_86' title='bbox 1883 1580 2015 1633; x_wconf 86' lang='lat' dir='ltr'><strong>ordo</strong></span> 
     </span>
    </p>
   </div>
   <div class='ocr_carea' id='block_1_17' title="bbox 435 1670 2015 1745">
    <p class='ocr_par' dir='ltr' id='par_1_17' title="bbox 435 1670 2015 1745">
     <span class='ocr_line' id='line_1_17' title="bbox 435 1670 2015 1745; baseline -0.005 -16"><span class='ocrx_word' id='word_1_87' title='bbox 435 1693 464 1729; x_wconf 87' lang='lat' dir='ltr'>a</span> <span class='ocrx_word' id='word_1_88' title='bbox 497 1675 795 1745; x_wconf 91' lang='lat' dir='ltr'><strong>Scripturis</strong></span> <span class='ocrx_word' id='word_1_89' title='bbox 828 1675 1150 1743; x_wconf 71' lang='lat' dir='ltr'><strong>ext-litetur.</strong></span> <span class='ocrx_word' id='word_1_90' title='bbox 1201 1673 1398 1727; x_wconf 87' lang='lat' dir='ltr'><strong>Primis</strong></span> <span class='ocrx_word' id='word_1_91' title='bbox 1438 1672 1560 1725; x_wconf 91' lang='lat' dir='ltr'><strong>istis</strong></span> <span class='ocrx_word' id='word_1_92' title='bbox 1593 1670 1866 1736; x_wconf 88' lang='lat' dir='ltr'><strong>essentiis,</strong></span> <span class='ocrx_word' id='word_1_93' title='bbox 1895 1685 2015 1738; x_wconf 78' lang='lat' dir='ltr'><strong>qua:</strong></span> 
     </span>
    </p>
   </div>
   <div class='ocr_carea' id='block_1_18' title="bbox 437 1760 2016 1840">
    <p class='ocr_par' dir='ltr' id='par_1_18' title="bbox 437 1760 2016 1840">
     <span class='ocr_line' id='line_1_18' title="bbox 437 1760 2016 1840; baseline -0.006 -17"><span class='ocrx_word' id='word_1_94' title='bbox 437 1778 559 1840; x_wconf 90' lang='lat' dir='ltr'><strong>post</strong></span> <span class='ocrx_word' id='word_1_95' title='bbox 586 1768 1019 1823; x_wconf 54' lang='lat' dir='ltr'><strong>sabstantilia-um</strong></span> <span class='ocrx_word' id='word_1_96' title='bbox 1046 1767 1281 1834; x_wconf 82' lang='lat' dir='ltr'><strong>ipsarum</strong></span> <span class='ocrx_word' id='word_1_97' title='bbox 1312 1763 1758 1832; x_wconf 83' lang='lat' dir='ltr'><strong>dciprincipatum</strong></span> <span class='ocrx_word' id='word_1_98' title='bbox 1783 1760 2016 1815; x_wconf 89' lang='lat' dir='ltr'><strong>colloca-</strong></span> 
     </span>
    </p>
   </div>
   <div class='ocr_carea' id='block_1_19' title="bbox 439 1851 2015 1928">
    <p class='ocr_par' dir='ltr' id='par_1_19' title="bbox 439 1851 2015 1928">
     <span class='ocr_line' id='line_1_19' title="bbox 439 1851 2015 1928; baseline -0.008 -13"><span class='ocrx_word' id='word_1_99' title='bbox 439 1874 526 1925; x_wconf 67' lang='lat' dir='ltr'><strong>ta),</strong></span> <span class='ocrx_word' id='word_1_100' title='bbox 558 1868 611 1915; x_wconf 89' lang='lat' dir='ltr'>et</span> <span class='ocrx_word' id='word_1_101' title='bbox 641 1859 792 1928; x_wconf 69' lang='lat' dir='ltr'><strong>quasi</strong></span> <span class='ocrx_word' id='word_1_102' title='bbox 826 1860 876 1911; x_wconf 93' lang='lat' dir='ltr'>in</span> <span class='ocrx_word' id='word_1_103' title='bbox 910 1854 1172 1910; x_wconf 87' lang='lat' dir='ltr'><strong>vestibulo</strong></span> <span class='ocrx_word' id='word_1_104' title='bbox 1199 1854 1314 1921; x_wconf 78' lang='lat' dir='ltr'><strong>ejus</strong></span> <span class='ocrx_word' id='word_1_105' title='bbox 1341 1854 1478 1917; x_wconf 62' lang='lat' dir='ltr'><strong>sitae,</strong></span> <span class='ocrx_word' id='word_1_106' title='bbox 1505 1862 1740 1906; x_wconf 87' lang='lat' dir='ltr'><strong>creatam</strong></span> <span class='ocrx_word' id='word_1_107' title='bbox 1764 1851 2015 1905; x_wconf 82' lang='lat' dir='ltr'>virtutem</span> 
     </span>
    </p>
   </div>
   <div class='ocr_carea' id='block_1_20' title="bbox 435 1944 2019 2015">
    <p class='ocr_par' dir='ltr' id='par_1_20' title="bbox 435 1944 2019 2015">
     <span class='ocr_line' id='line_1_20' title="bbox 435 1944 2019 2015; baseline -0.008 -7"><span class='ocrx_word' id='word_1_108' title='bbox 435 1968 671 2015; x_wconf 87' lang='lat' dir='ltr'><strong>omnem,</strong></span> <span class='ocrx_word' id='word_1_109' title='bbox 719 1961 827 2003; x_wconf 91' lang='lat' dir='ltr'>tam</span> <span class='ocrx_word' id='word_1_110' title='bbox 879 1949 1201 2003; x_wconf 89' lang='lat' dir='ltr'><strong>invisibllern</strong></span> <span class='ocrx_word' id='word_1_111' title='bbox 1241 1962 1400 2015; x_wconf 90' lang='lat' dir='ltr'><strong>quam</strong></span> <span class='ocrx_word' id='word_1_112' title='bbox 1434 1944 1702 1999; x_wconf 77' lang='lat' dir='ltr'><strong>visibilem</strong></span> <span class='ocrx_word' id='word_1_113' title='bbox 1743 1953 2019 1997; x_wconf 88' lang='lat' dir='ltr'><strong>transcen-</strong></span> 
     </span>
    </p>
   </div>
   <div class='ocr_carea' id='block_1_21' title="bbox 2108 744 3695 817">
    <p class='ocr_par' dir='ltr' id='par_1_21' title="bbox 2108 744 3695 817">
     <span class='ocr_line' id='line_1_21' title="bbox 2108 744 3695 817; baseline 0.001 -17"><span class='ocrx_word' id='word_1_114' title='bbox 2108 748 2432 817; x_wconf 77' lang='grc' dir='ltr'>ἐκφαντιρία</span> <span class='ocrx_word' id='word_1_115' title='bbox 2458 747 2503 777; x_wconf 82' lang='grc'>¹⁰</span> <span class='ocrx_word' id='word_1_116' title='bbox 2527 763 2540 775; x_wconf 90' lang='grc'><strong>·</strong></span> <span class='ocrx_word' id='word_1_117' title='bbox 2569 744 2785 797; x_wconf 75' lang='grc' dir='ltr'>λεκτέον</span> <span class='ocrx_word' id='word_1_118' title='bbox 2816 744 2894 807; x_wconf 79' lang='grc' dir='ltr'>δὲ,</span> <span class='ocrx_word' id='word_1_119' title='bbox 2922 744 3041 797; x_wconf 89' lang='grc' dir='ltr'>τίνα</span> <span class='ocrx_word' id='word_1_120' title='bbox 3074 746 3171 816; x_wconf 80' lang='grc' dir='ltr'>τὴν</span> <span class='ocrx_word' id='word_1_121' title='bbox 3206 744 3486 814; x_wconf 84' lang='grc' dir='ltr'>ἱεραρχίαν</span> <span class='ocrx_word' id='word_1_122' title='bbox 3511 746 3695 801; x_wconf 84' lang='grc' dir='ltr'>αὐτῶν</span> 
     </span>
    </p>
   </div>
   <div class='ocr_carea' id='block_1_22' title="bbox 2108 833 3697 907">
    <p class='ocr_par' dir='ltr' id='par_1_22' title="bbox 2108 833 3697 907">
     <span class='ocr_line' id='line_1_22' title="bbox 2108 833 3697 907; baseline 0.001 -19"><span class='ocrx_word' id='word_1_123' title='bbox 2108 835 2353 907; x_wconf 76' lang='grc' dir='ltr'>οἰόμεθα.</span> <span class='ocrx_word' id='word_1_124' title='bbox 2406 835 2509 886; x_wconf 88' lang='grc' dir='ltr'>Τὸν</span> <span class='ocrx_word' id='word_1_125' title='bbox 2556 833 2654 904; x_wconf 86' lang='grc' dir='ltr'>μὲν</span> <span class='ocrx_word' id='word_1_126' title='bbox 2698 833 2805 904; x_wconf 85' lang='grc' dir='ltr'>γὰρ</span> <span class='ocrx_word' id='word_1_127' title='bbox 2838 834 3055 905; x_wconf 86' lang='grc' dir='ltr'>ἁπάσης</span> <span class='ocrx_word' id='word_1_128' title='bbox 3085 835 3128 863; x_wconf 73' lang='grc'>’⁸</span> <span class='ocrx_word' id='word_1_129' title='bbox 3169 834 3449 905; x_wconf 88' lang='grc' dir='ltr'>ἰεραρχίας</span> <span class='ocrx_word' id='word_1_130' title='bbox 3495 837 3697 890; x_wconf 78' lang='grc' dir='ltr'>σκοπὸν</span> 
     </span>
    </p>
   </div>
   <div class='ocr_carea' id='block_1_23' title="bbox 2107 923 3698 997">
    <p class='ocr_par' dir='ltr' id='par_1_23' title="bbox 2107 923 3698 997">
     <span class='ocr_line' id='line_1_23' title="bbox 2107 923 3698 997; baseline -0.001 -18"><span class='ocrx_word' id='word_1_131' title='bbox 2107 927 2209 997; x_wconf 77' lang='grc' dir='ltr'>τῆς</span> <span class='ocrx_word' id='word_1_132' title='bbox 2268 926 2602 996; x_wconf 85' lang='grc' dir='ltr'>θεομιμήτου</span> <span class='ocrx_word' id='word_1_133' title='bbox 2670 924 2959 987; x_wconf 80' lang='grc' dir='ltr'>θεοειδείας</span> <span class='ocrx_word' id='word_1_134' title='bbox 3020 923 3388 995; x_wconf 76' lang='grc' dir='ltr'>ἐξηρτημένον</span> <span class='ocrx_word' id='word_1_135' title='bbox 3438 926 3698 997; x_wconf 78' lang='grc' dir='ltr'>ἀρῤεπῶς</span> 
     </span>
    </p>
   </div>
   <div class='ocr_carea' id='block_1_24' title="bbox 2109 1014 3695 1088">
    <p class='ocr_par' dir='ltr' id='par_1_24' title="bbox 2109 1014 3695 1088">
     <span class='ocr_line' id='line_1_24' title="bbox 2109 1014 3695 1088; baseline -0.002 -17"><span class='ocrx_word' id='word_1_136' title='bbox 2109 1014 2267 1081; x_wconf 84' lang='grc' dir='ltr'>εἶναι,</span> <span class='ocrx_word' id='word_1_137' title='bbox 2297 1017 2391 1070; x_wconf 82' lang='grc' dir='ltr'>καὶ</span> <span class='ocrx_word' id='word_1_138' title='bbox 2418 1017 2478 1069; x_wconf 85' lang='grc' dir='ltr'>τὸ</span> <span class='ocrx_word' id='word_1_139' title='bbox 2497 1015 2822 1087; x_wconf 85' lang='grc' dir='ltr'>διαιρεῖσθαι</span> <span class='ocrx_word' id='word_1_140' title='bbox 2870 1017 3049 1068; x_wconf 76' lang='grc' dir='ltr'>πᾶσαν</span> <span class='ocrx_word' id='word_1_141' title='bbox 3088 1017 3407 1087; x_wconf 77' lang='grc' dir='ltr'>ἱεραρχικὴν</span> <span class='ocrx_word' id='word_1_142' title='bbox 3433 1035 3695 1088; x_wconf 84' lang='grc' dir='ltr'>πραγμα-</span> 
     </span>
    </p>
   </div>
   <div class='ocr_carea' id='block_1_25' title="bbox 2108 1106 3698 1179">
    <p class='ocr_par' dir='ltr' id='par_1_25' title="bbox 2108 1106 3698 1179">
     <span class='ocr_line' id='line_1_25' title="bbox 2108 1106 3698 1179; baseline -0.001 -18"><span class='ocrx_word' id='word_1_143' title='bbox 2108 1109 2281 1173; x_wconf 83' lang='grc' dir='ltr'>τείαν,</span> <span class='ocrx_word' id='word_1_144' title='bbox 2321 1110 2400 1170; x_wconf 89' lang='grc' dir='ltr'>εἱς</span> <span class='ocrx_word' id='word_1_145' title='bbox 2442 1108 2675 1179; x_wconf 79' lang='grc' dir='ltr'>μετοχὴν</span> <span class='ocrx_word' id='word_1_146' title='bbox 2720 1106 2867 1178; x_wconf 80' lang='grc' dir='ltr'>ἱερὰν</span> <span class='ocrx_word' id='word_1_147' title='bbox 2910 1108 3005 1159; x_wconf 77' lang='grc' dir='ltr'>καὶ</span> <span class='ocrx_word' id='word_1_148' title='bbox 3055 1107 3339 1177; x_wconf 73' lang='grc' dir='ltr'>μετάδοσιν</span> <span class='ocrx_word' id='word_1_149' title='bbox 3376 1108 3698 1179; x_wconf 76' lang='grc' dir='ltr'>καθάρσεως</span> 
     </span>
    </p>
   </div>
   <div class='ocr_carea' id='block_1_26' title="bbox 2112 1198 3695 1273">
    <p class='ocr_par' dir='ltr' id='par_1_26' title="bbox 2112 1198 3695 1273">
     <span class='ocr_line' id='line_1_26' title="bbox 2112 1198 3695 1273; baseline -0.003 -18"><span class='ocrx_word' id='word_1_150' title='bbox 2112 1201 2365 1273; x_wconf 78' lang='grc' dir='ltr'>ἀμιγοῦς,</span> <span class='ocrx_word' id='word_1_151' title='bbox 2398 1202 2493 1254; x_wconf 78' lang='grc' dir='ltr'>καὶ</span> <span class='ocrx_word' id='word_1_152' title='bbox 2517 1200 2662 1253; x_wconf 82' lang='grc' dir='ltr'>θείου</span> <span class='ocrx_word' id='word_1_153' title='bbox 2690 1199 2882 1268; x_wconf 82' lang='grc' dir='ltr'>φωτὸς,</span> <span class='ocrx_word' id='word_1_154' title='bbox 2914 1199 3009 1251; x_wconf 70' lang='grc' dir='ltr'>καὶ</span> <span class='ocrx_word' id='word_1_155' title='bbox 3030 1198 3347 1269; x_wconf 83' lang='grc' dir='ltr'>τελεστικῆς</span> <span class='ocrx_word' id='word_1_156' title='bbox 3365 1200 3557 1269; x_wconf 81' lang='grc' dir='ltr'>ὲπιστή</span> <span class='ocrx_word' id='word_1_157' title='bbox 3568 1216 3695 1268; x_wconf 89' lang='grc' dir='ltr'>μης,</span> 
     </span>
    </p>
   </div>
   <div class='ocr_carea' id='block_1_27' title="bbox 2112 1290 3697 1365">
    <p class='ocr_par' dir='ltr' id='par_1_27' title="bbox 2112 1290 3697 1365">
     <span class='ocr_line' id='line_1_27' title="bbox 2112 1290 3697 1365; baseline -0.003 -17"><span class='ocrx_word' id='word_1_158' title='bbox 2112 1295 2424 1365; x_wconf 87' lang='grc' dir='ltr'>ἀρκούντως</span> <span class='ocrx_word' id='word_1_159' title='bbox 2461 1294 2561 1365; x_wconf 70' lang='grc' dir='ltr'>ἤδη</span> <span class='ocrx_word' id='word_1_160' title='bbox 2603 1292 2738 1364; x_wconf 85' lang='grc' dir='ltr'>πρὸς</span> <span class='ocrx_word' id='word_1_161' title='bbox 2772 1291 2926 1362; x_wconf 77' lang='grc' dir='ltr'>ἡμῶν</span> <span class='ocrx_word' id='word_1_162' title='bbox 2966 1290 3217 1362; x_wconf 80' lang='grc' dir='ltr'>εἰρῆσθαι</span> <span class='ocrx_word' id='word_1_163' title='bbox 3239 1291 3475 1362; x_wconf 78' lang='grc' dir='ltr'>νομίζω·</span> <span class='ocrx_word' id='word_1_164' title='bbox 3501 1291 3595 1345; x_wconf 90' lang='grc' dir='ltr'>νῦν</span> <span class='ocrx_word' id='word_1_165' title='bbox 3638 1292 3697 1344; x_wconf 80' lang='grc' dir='ltr'>δὲ</span> 
     </span>
    </p>
   </div>
   <div class='ocr_carea' id='block_1_28' title="bbox 2114 1383 3697 1455">
    <p class='ocr_par' dir='ltr' id='par_1_28' title="bbox 2114 1383 3697 1455">
     <span class='ocr_line' id='line_1_28' title="bbox 2114 1383 3697 1455; baseline -0.003 -15"><span class='ocrx_word' id='word_1_166' title='bbox 2114 1390 2288 1441; x_wconf 83' lang='grc' dir='ltr'>εἰπεῖν</span> <span class='ocrx_word' id='word_1_167' title='bbox 2328 1386 2493 1450; x_wconf 79' lang='grc' dir='ltr'>ἀξίως</span> <span class='ocrx_word' id='word_1_168' title='bbox 2535 1385 2761 1455; x_wconf 70' lang='grc' dir='ltr'>εὔχομαι</span> <span class='ocrx_word' id='word_1_169' title='bbox 2804 1383 2909 1436; x_wconf 89' lang='grc' dir='ltr'>τῶν</span> <span class='ocrx_word' id='word_1_170' title='bbox 2954 1385 3272 1454; x_wconf 88' lang='grc' dir='ltr'>ὑπερτάτων</span> <span class='ocrx_word' id='word_1_171' title='bbox 3312 1386 3468 1447; x_wconf 80' lang='grc' dir='ltr'>νοῶν,</span> <span class='ocrx_word' id='word_1_172' title='bbox 3504 1385 3623 1448; x_wconf 84' lang='grc' dir='ltr'>πῶς</span> <span class='ocrx_word' id='word_1_173' title='bbox 3662 1388 3697 1455; x_wconf 82' lang='grc' dir='ltr'>ἡ</span> 
     </span>
    </p>
   </div>
   <div class='ocr_carea' id='block_1_29' title="bbox 2115 1473 3698 1547">
    <p class='ocr_par' dir='ltr' id='par_1_29' title="bbox 2115 1473 3698 1547">
     <span class='ocr_line' id='line_1_29' title="bbox 2115 1473 3698 1547; baseline -0.002 -17"><span class='ocrx_word' id='word_1_174' title='bbox 2115 1477 2235 1530; x_wconf 83' lang='grc' dir='ltr'>κατ’</span> <span class='ocrx_word' id='word_1_175' title='bbox 2284 1477 2482 1539; x_wconf 82' lang='grc' dir='ltr'>αὑτοὺς</span> <span class='ocrx_word' id='word_1_176' title='bbox 2540 1476 2787 1547; x_wconf 86' lang='grc' dir='ltr'>ἱεραρχία</span> <span class='ocrx_word' id='word_1_177' title='bbox 2827 1473 2917 1527; x_wconf 73' lang='grc' dir='ltr'>διὰ</span> <span class='ocrx_word' id='word_1_178' title='bbox 2964 1473 3073 1526; x_wconf 88' lang='grc' dir='ltr'>τῶν</span> <span class='ocrx_word' id='word_1_179' title='bbox 3120 1474 3312 1541; x_wconf 84' lang='grc' dir='ltr'>λογίων</span> <span class='ocrx_word' id='word_1_180' title='bbox 3360 1475 3698 1544; x_wconf 78' lang='grc' dir='ltr'>ὲκφαίνεται.</span> 
     </span>
    </p>
   </div>
   <div class='ocr_carea' id='block_1_30' title="bbox 2116 1564 3702 1640">
    <p class='ocr_par' dir='ltr' id='par_1_30' title="bbox 2116 1564 3702 1640">
     <span class='ocr_line' id='line_1_30' title="bbox 2116 1564 3702 1640; baseline -0.002 -20"><span class='ocrx_word' id='word_1_181' title='bbox 2116 1570 2247 1633; x_wconf 85' lang='grc' dir='ltr'>Ταῖς</span> <span class='ocrx_word' id='word_1_182' title='bbox 2272 1568 2516 1640; x_wconf 77' lang='grc' dir='ltr'>πρώταις</span> <span class='ocrx_word' id='word_1_183' title='bbox 2548 1567 2776 1630; x_wconf 81' lang='grc' dir='ltr'>οὐσίαις,</span> <span class='ocrx_word' id='word_1_184' title='bbox 2808 1567 2861 1618; x_wconf 83' lang='grc' dir='ltr'>αἳ</span> <span class='ocrx_word' id='word_1_185' title='bbox 2894 1564 3029 1636; x_wconf 86' lang='grc' dir='ltr'>μετά</span> <span class='ocrx_word' id='word_1_186' title='bbox 3058 1565 3153 1635; x_wconf 80' lang='grc' dir='ltr'>τὴν</span> <span class='ocrx_word' id='word_1_187' title='bbox 3184 1566 3489 1619; x_wconf 79' lang='grc' dir='ltr'>οὑσιοποιὸν</span> <span class='ocrx_word' id='word_1_188' title='bbox 3518 1567 3702 1618; x_wconf 80' lang='grc' dir='ltr'>αὐτῶν</span> 
     </span>
    </p>
   </div>
   <div class='ocr_carea' id='block_1_31' title="bbox 2118 1656 3700 1734">
    <p class='ocr_par' dir='ltr' id='par_1_31' title="bbox 2118 1656 3700 1734">
     <span class='ocr_line' id='line_1_31' title="bbox 2118 1656 3700 1734; baseline -0.003 -18"><span class='ocrx_word' id='word_1_189' title='bbox 2118 1664 2372 1734; x_wconf 86' lang='grc' dir='ltr'>θεαρχίαν</span> <span class='ocrx_word' id='word_1_190' title='bbox 2402 1663 2704 1734; x_wconf 80' lang='grc' dir='ltr'>ἱδρυμέναι,</span> <span class='ocrx_word' id='word_1_191' title='bbox 2738 1662 2829 1713; x_wconf 67' lang='grc' dir='ltr'>καὶ</span> <span class='ocrx_word' id='word_1_192' title='bbox 2868 1656 2975 1712; x_wconf 75' lang='grc' dir='ltr'>οἷον</span> <span class='ocrx_word' id='word_1_193' title='bbox 3008 1662 3065 1713; x_wconf 82' lang='grc' dir='ltr'>ὲν</span> <span class='ocrx_word' id='word_1_194' title='bbox 3093 1660 3381 1732; x_wconf 76' lang='grc' dir='ltr'>προθύροις</span> <span class='ocrx_word' id='word_1_195' title='bbox 3415 1662 3588 1728; x_wconf 74' lang='grc' dir='ltr'>αὐτῆς</span> <span class='ocrx_word' id='word_1_196' title='bbox 3608 1656 3700 1713; x_wconf 58' lang='grc' dir='ltr'>τε-</span> 
     </span>
    </p>
   </div>
   <div class='ocr_carea' id='block_1_32' title="bbox 2116 1752 3707 1825">
    <p class='ocr_par' dir='ltr' id='par_1_32' title="bbox 2116 1752 3707 1825">
     <span class='ocr_line' id='line_1_32' title="bbox 2116 1752 3707 1825; baseline -0.003 -19"><span class='ocrx_word' id='word_1_197' title='bbox 2116 1756 2403 1825; x_wconf 83' lang='grc' dir='ltr'>ταγμέναι,</span> <span class='ocrx_word' id='word_1_198' title='bbox 2436 1755 2615 1823; x_wconf 80' lang='grc' dir='ltr'>πάσης</span> <span class='ocrx_word' id='word_1_199' title='bbox 2643 1754 2779 1805; x_wconf 70' lang='grc' dir='ltr'>εἰσὶν</span> <span class='ocrx_word' id='word_1_200' title='bbox 2814 1753 3046 1823; x_wconf 80' lang='grc' dir='ltr'>ἀοράτου</span> <span class='ocrx_word' id='word_1_201' title='bbox 3091 1752 3182 1805; x_wconf 75' lang='grc' dir='ltr'>καὶ</span> <span class='ocrx_word' id='word_1_202' title='bbox 3225 1752 3425 1822; x_wconf 79' lang='grc' dir='ltr'>ὁρατῆς</span> <span class='ocrx_word' id='word_1_203' title='bbox 3468 1752 3707 1822; x_wconf 77' lang='grc' dir='ltr'>ὑπερϐε-</span> 
     </span>
    </p>
   </div>
   <div class='ocr_carea' id='block_1_33' title="bbox 2120 1839 3708 1914">
    <p class='ocr_par' dir='ltr' id='par_1_33' title="bbox 2120 1839 3708 1914">
     <span class='ocr_line' id='line_1_33' title="bbox 2120 1839 3708 1914; baseline -0.003 -19"><span class='ocrx_word' id='word_1_204' title='bbox 2120 1843 2337 1914; x_wconf 74' lang='grc' dir='ltr'>ϐηκυῖαι</span> <span class='ocrx_word' id='word_1_205' title='bbox 2375 1844 2662 1911; x_wconf 77' lang='grc' dir='ltr'>γεγονυίας</span> <span class='ocrx_word' id='word_1_206' title='bbox 2696 1842 3009 1913; x_wconf 85' lang='grc' dir='ltr'>δυνάμεως,</span> <span class='ocrx_word' id='word_1_207' title='bbox 3050 1843 3125 1905; x_wconf 84' lang='grc' dir='ltr'>ὡς</span> <span class='ocrx_word' id='word_1_208' title='bbox 3171 1843 3377 1895; x_wconf 81' lang='grc' dir='ltr'>οἰκείαν</span> <span class='ocrx_word' id='word_1_209' title='bbox 3431 1839 3708 1909; x_wconf 79' lang='grc' dir='ltr'>²²οξητὲον</span> 
     </span>
    </p>
   </div>
   <div class='ocr_carea' id='block_1_34' title="bbox 2120 1931 3709 2004">
    <p class='ocr_par' dir='ltr' id='par_1_34' title="bbox 2120 1931 3709 2004">
     <span class='ocr_line' id='line_1_34' title="bbox 2120 1931 3709 2004; baseline -0.003 -16"><span class='ocrx_word' id='word_1_210' title='bbox 2120 1931 2373 1988; x_wconf 78' lang='grc' dir='ltr'>εἶναικαὶ</span> <span class='ocrx_word' id='word_1_211' title='bbox 2402 1934 2542 1987; x_wconf 88' lang='grc' dir='ltr'>κατά</span> <span class='ocrx_word' id='word_1_212' title='bbox 2569 1936 2675 1986; x_wconf 78' lang='grc' dir='ltr'>πᾶν</span> <span class='ocrx_word' id='word_1_213' title='bbox 2700 1933 2921 2004; x_wconf 80' lang='grc' dir='ltr'>ὁμοειδῆ</span> <span class='ocrx_word' id='word_1_214' title='bbox 2964 1935 3061 2003; x_wconf 84' lang='grc' dir='ltr'>τὴν</span> <span class='ocrx_word' id='word_1_215' title='bbox 3096 1933 3397 2003; x_wconf 88' lang='grc' dir='ltr'>ἰεραρχίαν.</span> <span class='ocrx_word' id='word_1_216' title='bbox 3438 1931 3709 2002; x_wconf 71' lang='grc' dir='ltr'>Καθαράς</span> 
     </span>
    </p>
   </div>
   <div class='ocr_carea' id='block_1_35' title="bbox 436 2023 2011 2112">
    <p class='ocr_par' dir='ltr' id='par_1_35' title="bbox 436 2035 2011 2112">
     <span class='ocr_line' id='line_1_35' title="bbox 436 2035 2011 2112; baseline -0.009 -13"><span class='ocrx_word' id='word_1_217' title='bbox 436 2047 586 2105; x_wconf 87' lang='lat' dir='ltr'><strong>dunt,</strong></span> <span class='ocrx_word' id='word_1_218' title='bbox 619 2043 893 2112; x_wconf 83' lang='lat' dir='ltr'><strong>propriam</strong></span> <span class='ocrx_word' id='word_1_219' title='bbox 918 2039 1206 2110; x_wconf 75' lang='lat' dir='ltr'><strong>quamdam</strong></span> <span class='ocrx_word' id='word_1_220' title='bbox 1231 2049 1284 2090; x_wconf 90' lang='lat' dir='ltr'>et</span> <span class='ocrx_word' id='word_1_221' title='bbox 1302 2036 1626 2091; x_wconf 79' lang='lat' dir='ltr'><strong>uuiformem</strong></span> <span class='ocrx_word' id='word_1_222' title='bbox 1651 2035 2011 2087; x_wconf 87' lang='lat' dir='ltr'><strong>hierarcltiam</strong></span> 
     </span>
    </p>
   </div>
   <div class='ocr_carea' id='block_1_36' title="bbox 2114 2023 3711 2112">
    <p class='ocr_par' dir='ltr' id='par_1_36' title="bbox 2124 2023 3711 2099">
     <span class='ocr_line' id='line_1_36' title="bbox 2124 2023 3711 2099; baseline -0.003 -18"><span class='ocrx_word' id='word_1_223' title='bbox 2124 2028 2224 2099; x_wconf 76' lang='grc' dir='ltr'>μὲν</span> <span class='ocrx_word' id='word_1_224' title='bbox 2257 2024 2350 2080; x_wconf 87' lang='grc' dir='ltr'>οῦν</span> <span class='ocrx_word' id='word_1_225' title='bbox 2384 2027 2551 2089; x_wconf 82' lang='grc' dir='ltr'>αὑτάς</span> <span class='ocrx_word' id='word_1_226' title='bbox 2584 2025 2837 2095; x_wconf 78' lang='grc' dir='ltr'>ἡγητέον,</span> <span class='ocrx_word' id='word_1_227' title='bbox 2858 2026 2955 2095; x_wconf 88' lang='grc' dir='ltr'>οὑχ</span> <span class='ocrx_word' id='word_1_228' title='bbox 2986 2026 3060 2087; x_wconf 83' lang='grc' dir='ltr'>ὡς</span> <span class='ocrx_word' id='word_1_229' title='bbox 3087 2025 3314 2095; x_wconf 76' lang='grc' dir='ltr'>ἀνιέρων</span> <span class='ocrx_word' id='word_1_230' title='bbox 3351 2023 3582 2094; x_wconf 81' lang='grc' dir='ltr'>κηλίδων</span> <span class='ocrx_word' id='word_1_231' title='bbox 3611 2025 3711 2077; x_wconf 66' lang='lat' dir='ltr'><strong>xui.</strong></span> 
     </span>
    </p>
   </div>
   <div class='ocr_carea' id='block_1_37' title="bbox 438 2124 2011 2193">
    <p class='ocr_par' dir='ltr' id='par_1_37' title="bbox 438 2124 2011 2193">
     <span class='ocr_line' id='line_1_37' title="bbox 438 2124 2011 2193; baseline -0.008 -6"><span class='ocrx_word' id='word_1_232' title='bbox 438 2149 559 2187; x_wconf 87' lang='lat' dir='ltr'><strong>esse</strong></span> <span class='ocrx_word' id='word_1_233' title='bbox 582 2131 1006 2185; x_wconf 79' lang='lat' dir='ltr'><strong>existimandum</strong></span> <span class='ocrx_word' id='word_1_234' title='bbox 1045 2137 1150 2182; x_wconf 88' lang='lat' dir='ltr'><strong>est.</strong></span> <span class='ocrx_word' id='word_1_235' title='bbox 1207 2126 1362 2180; x_wconf 74' lang='lat' dir='ltr'><strong>Pura:</strong></span> <span class='ocrx_word' id='word_1_236' title='bbox 1411 2124 1677 2193; x_wconf 83' lang='lat' dir='ltr'><strong>siquidem</strong></span> <span class='ocrx_word' id='word_1_237' title='bbox 1707 2126 2011 2187; x_wconf 59' lang='lat' dir='ltr'><strong>censenda},</strong></span> 
     </span>
    </p>
   </div>
   <div class='ocr_carea' id='block_1_38' title="bbox 438 2214 2013 2293">
    <p class='ocr_par' dir='ltr' id='par_1_38' title="bbox 438 2214 2013 2293">
     <span class='ocr_line' id='line_1_38' title="bbox 438 2214 2013 2293; baseline -0.008 -14"><span class='ocrx_word' id='word_1_238' title='bbox 438 2243 543 2279; x_wconf 87' lang='lat' dir='ltr'><strong>tton</strong></span> <span class='ocrx_word' id='word_1_239' title='bbox 570 2225 724 2293; x_wconf 91' lang='lat' dir='ltr'><strong>quasi</strong></span> <span class='ocrx_word' id='word_1_240' title='bbox 756 2239 784 2276; x_wconf 87' lang='lat' dir='ltr'>a</span> <span class='ocrx_word' id='word_1_241' title='bbox 819 2222 1042 2275; x_wconf 88' lang='lat' dir='ltr'><strong>maculis</strong></span> <span class='ocrx_word' id='word_1_242' title='bbox 1074 2218 1384 2289; x_wconf 79' lang='lat' dir='ltr'><strong>(duntaxat)</strong></span> <span class='ocrx_word' id='word_1_243' title='bbox 1423 2218 1650 2287; x_wconf 88' lang='lat' dir='ltr'><strong>impuris</strong></span> <span class='ocrx_word' id='word_1_244' title='bbox 1691 2214 2013 2270; x_wconf 88' lang='lat' dir='ltr'><strong>colluvioni-</strong></span> 
     </span>
    </p>
   </div>
   <div class='ocr_carea' id='block_1_39' title="bbox 437 2308 2011 2384">
    <p class='ocr_par' dir='ltr' id='par_1_39' title="bbox 437 2308 2011 2384">
     <span class='ocr_line' id='line_1_39' title="bbox 437 2308 2011 2384; baseline -0.007 -13"><span class='ocrx_word' id='word_1_245' title='bbox 437 2317 648 2384; x_wconf 85' lang='lat' dir='ltr'><strong>busque</strong></span> <span class='ocrx_word' id='word_1_246' title='bbox 676 2317 784 2369; x_wconf 83' lang='lat' dir='ltr'><strong>sint</strong></span> <span class='ocrx_word' id='word_1_247' title='bbox 814 2315 1019 2377; x_wconf 73' lang='lat' dir='ltr'><strong>libet-:13,</strong></span> <span class='ocrx_word' id='word_1_248' title='bbox 1059 2314 1141 2367; x_wconf 84' lang='lat' dir='ltr'>vcl</span> <span class='ocrx_word' id='word_1_249' title='bbox 1177 2313 1320 2382; x_wconf 84' lang='lat' dir='ltr'><strong>quod</strong></span> <span class='ocrx_word' id='word_1_250' title='bbox 1352 2313 1403 2367; x_wconf 85' lang='lat' dir='ltr'>in</span> <span class='ocrx_word' id='word_1_251' title='bbox 1436 2326 1530 2366; x_wconf 85' lang='lat' dir='ltr'>eas</span> <span class='ocrx_word' id='word_1_252' title='bbox 1573 2309 1873 2363; x_wconf 91' lang='lat' dir='ltr'><strong>rnaterialia</strong></span> <span class='ocrx_word' id='word_1_253' title='bbox 1899 2308 2011 2361; x_wconf 88' lang='lat' dir='ltr'><strong>visa</strong></span> 
     </span>
    </p>
   </div>
   <div class='ocr_carea' id='block_1_40' title="bbox 438 2400 2011 2474">
    <p class='ocr_par' dir='ltr' id='par_1_40' title="bbox 438 2400 2011 2474">
     <span class='ocr_line' id='line_1_40' title="bbox 438 2400 2011 2474; baseline -0.006 -13"><span class='ocrx_word' id='word_1_254' title='bbox 438 2424 542 2461; x_wconf 90' lang='lat' dir='ltr'>non</span> <span class='ocrx_word' id='word_1_255' title='bbox 574 2408 807 2463; x_wconf 84' lang='lat' dir='ltr'><strong>cadant:</strong></span> <span class='ocrx_word' id='word_1_256' title='bbox 840 2406 932 2460; x_wconf 89' lang='lat' dir='ltr'>sed</span> <span class='ocrx_word' id='word_1_257' title='bbox 980 2406 1121 2474; x_wconf 91' lang='lat' dir='ltr'><strong>quod</strong></span> <span class='ocrx_word' id='word_1_258' title='bbox 1164 2406 1386 2460; x_wconf 87' lang='lat' dir='ltr'><strong>omnino</strong></span> <span class='ocrx_word' id='word_1_259' title='bbox 1434 2403 1811 2457; x_wconf 86' lang='lat' dir='ltr'><strong>imminutione</strong></span> <span class='ocrx_word' id='word_1_260' title='bbox 1839 2400 2011 2466; x_wconf 85' lang='lat' dir='ltr'><strong>omni,</strong></span> 
     </span>
    </p>
   </div>
   <div class='ocr_carea' id='block_1_41' title="bbox 436 2496 2013 2569">
    <p class='ocr_par' dir='ltr' id='par_1_41' title="bbox 436 2496 2013 2569">
     <span class='ocr_line' id='line_1_41' title="bbox 436 2496 2013 2569; baseline -0.004 -16"><span class='ocrx_word' id='word_1_261' title='bbox 436 2500 699 2569; x_wconf 83' lang='lat' dir='ltr'><strong>omnique</strong></span> <span class='ocrx_word' id='word_1_262' title='bbox 730 2515 789 2553; x_wconf 88' lang='lat' dir='ltr'><strong>re</strong></span> <span class='ocrx_word' id='word_1_263' title='bbox 816 2512 973 2552; x_wconf 85' lang='lat' dir='ltr'><strong>sacra</strong></span> <span class='ocrx_word' id='word_1_264' title='bbox 1022 2499 1124 2552; x_wconf 86' lang='lat' dir='ltr'><strong>sibi</strong></span> <span class='ocrx_word' id='word_1_265' title='bbox 1168 2498 1382 2552; x_wconf 88' lang='lat' dir='ltr'><strong>subdita</strong></span> <span class='ocrx_word' id='word_1_266' title='bbox 1415 2496 1695 2559; x_wconf 81' lang='lat' dir='ltr'><strong>celsiores,</strong></span> <span class='ocrx_word' id='word_1_267' title='bbox 1733 2510 1840 2565; x_wconf 59' lang='lat' dir='ltr'><strong>pre</strong></span> <span class='ocrx_word' id='word_1_268' title='bbox 1864 2510 2013 2549; x_wconf 87' lang='lat' dir='ltr'><strong>surn-</strong></span> 
     </span>
    </p>
   </div>
   <div class='ocr_carea' id='block_1_42' title="bbox 439 2585 2012 2660">
    <p class='ocr_par' dir='ltr' id='par_1_42' title="bbox 439 2585 2012 2660">
     <span class='ocr_line' id='line_1_42' title="bbox 439 2585 2012 2660; baseline -0.004 -16"><span class='ocrx_word' id='word_1_269' title='bbox 439 2607 524 2645; x_wconf 90' lang='lat' dir='ltr'>ma</span> <span class='ocrx_word' id='word_1_270' title='bbox 552 2593 804 2660; x_wconf 88' lang='lat' dir='ltr'><strong>puritate,</strong></span> <span class='ocrx_word' id='word_1_271' title='bbox 839 2590 1093 2645; x_wconf 90' lang='lat' dir='ltr'><strong>omnibus</strong></span> <span class='ocrx_word' id='word_1_272' title='bbox 1117 2590 1281 2643; x_wconf 90' lang='lat' dir='ltr'><strong>etiam</strong></span> <span class='ocrx_word' id='word_1_273' title='bbox 1305 2627 1320 2653; x_wconf 89' lang='lat'>,</span> <span class='ocrx_word' id='word_1_274' title='bbox 1351 2588 1431 2642; x_wconf 85' lang='lat' dir='ltr'><strong>vel</strong></span> <span class='ocrx_word' id='word_1_275' title='bbox 1470 2588 1701 2641; x_wconf 78' lang='lat' dir='ltr'><strong>maxime</strong></span> <span class='ocrx_word' id='word_1_276' title='bbox 1732 2585 2012 2642; x_wconf 79' lang='lat' dir='ltr'><strong>deiformi-</strong></span> 
     </span>
    </p>
   </div>
   <div class='ocr_carea' id='block_1_43' title="bbox 439 2677 2013 2747">
    <p class='ocr_par' dir='ltr' id='par_1_43' title="bbox 439 2677 2013 2747">
     <span class='ocr_line' id='line_1_43' title="bbox 439 2677 2013 2747; baseline -0.001 -14"><span class='ocrx_word' id='word_1_277' title='bbox 439 2680 540 2733; x_wconf 89' lang='lat' dir='ltr'>bus</span> <span class='ocrx_word' id='word_1_278' title='bbox 579 2678 901 2743; x_wconf 80' lang='lat' dir='ltr'>virtutibus,</span> <span class='ocrx_word' id='word_1_279' title='bbox 941 2678 1052 2730; x_wconf 89' lang='lat' dir='ltr'><strong>sint</strong></span> <span class='ocrx_word' id='word_1_280' title='bbox 1082 2677 1397 2745; x_wconf 79' lang='lat' dir='ltr'><strong>anteposita:</strong></span> <span class='ocrx_word' id='word_1_281' title='bbox 1426 2677 1744 2747; x_wconf 79' lang='lat' dir='ltr'><strong>ordittisque</strong></span> <span class='ocrx_word' id='word_1_282' title='bbox 1783 2678 1864 2732; x_wconf 91' lang='lat' dir='ltr'>sui</span> <span class='ocrx_word' id='word_1_283' title='bbox 1899 2693 2013 2732; x_wconf 90' lang='lat' dir='ltr'><strong>nto-</strong></span> 
     </span>
    </p>
   </div>
   <div class='ocr_carea' id='block_1_44' title="bbox 441 2767 2012 2838">
    <p class='ocr_par' dir='ltr' id='par_1_44' title="bbox 441 2767 2012 2838">
     <span class='ocr_line' id='line_1_44' title="bbox 441 2767 2012 2838; baseline 0 -15"><span class='ocrx_word' id='word_1_284' title='bbox 441 2781 550 2823; x_wconf 92' lang='lat' dir='ltr'><strong>tum</strong></span> <span class='ocrx_word' id='word_1_285' title='bbox 618 2769 896 2837; x_wconf 80' lang='lat' dir='ltr'><strong>preprium</strong></span> <span class='ocrx_word' id='word_1_286' title='bbox 960 2767 1391 2836; x_wconf 74' lang='lat' dir='ltr'><strong>;equabilemque</strong></span> <span class='ocrx_word' id='word_1_287' title='bbox 1450 2784 1545 2838; x_wconf 89' lang='lat' dir='ltr'>per</span> <span class='ocrx_word' id='word_1_288' title='bbox 1610 2784 1848 2823; x_wconf 90' lang='lat' dir='ltr'><strong>amorem</strong></span> <span class='ocrx_word' id='word_1_289' title='bbox 1918 2770 2012 2824; x_wconf 89' lang='lat' dir='ltr'><strong>Dei</strong></span> 
     </span>
    </p>
   </div>
   <div class='ocr_carea' id='block_1_45' title="bbox 435 2859 2012 2928">
    <p class='ocr_par' dir='ltr' id='par_1_45' title="bbox 435 2859 2012 2928">
     <span class='ocr_line' id='line_1_45' title="bbox 435 2859 2012 2928; baseline -0.001 -11"><span class='ocrx_word' id='word_1_290' title='bbox 435 2870 755 2916; x_wconf 87' lang='lat' dir='ltr'><strong>constanter</strong></span> <span class='ocrx_word' id='word_1_291' title='bbox 800 2869 1054 2924; x_wconf 89' lang='lat' dir='ltr'><strong>teneant,</strong></span> <span class='ocrx_word' id='word_1_292' title='bbox 1106 2859 1470 2923; x_wconf 87' lang='lat' dir='ltr'><strong>invariatum,</strong></span> <span class='ocrx_word' id='word_1_293' title='bbox 1525 2876 1698 2928; x_wconf 86' lang='lat' dir='ltr'><strong>neque</strong></span> <span class='ocrx_word' id='word_1_294' title='bbox 1744 2862 1904 2914; x_wconf 86' lang='lat' dir='ltr'><strong>ullam</strong></span> <span class='ocrx_word' id='word_1_295' title='bbox 1959 2862 2012 2915; x_wconf 94' lang='lat' dir='ltr'>in</span> 
     </span>
    </p>
   </div>
   <div class='ocr_carea' id='block_1_46' title="bbox 438 2950 2011 3020">
    <p class='ocr_par' dir='ltr' id='par_1_46' title="bbox 438 2950 2011 3020">
     <span class='ocr_line' id='line_1_46' title="bbox 438 2950 2011 3020; baseline 0.001 -16"><span class='ocrx_word' id='word_1_296' title='bbox 438 2950 679 3006; x_wconf 90' lang='lat' dir='ltr'><strong>deterius</strong></span> <span class='ocrx_word' id='word_1_297' title='bbox 703 2958 1004 3020; x_wconf 81' lang='lat' dir='ltr'><strong>agnoscant</strong></span> <span class='ocrx_word' id='word_1_298' title='bbox 1040 2950 1604 3014; x_wconf 86' lang='lat' dir='ltr'><strong>imminutionem,sed</strong></span> <span class='ocrx_word' id='word_1_299' title='bbox 1637 2953 2011 3007; x_wconf 89' lang='lat' dir='ltr'><strong>inconcussam</strong></span> 
     </span>
    </p>
   </div>
   <div class='ocr_carea' id='block_1_47' title="bbox 438 3037 2012 3109">
    <p class='ocr_par' dir='ltr' id='par_1_47' title="bbox 438 3037 2012 3109">
     <span class='ocr_line' id='line_1_47' title="bbox 438 3037 2012 3109; baseline -0.001 -16"><span class='ocrx_word' id='word_1_300' title='bbox 438 3055 649 3108; x_wconf 88' lang='lat' dir='ltr'><strong>semper</strong></span> <span class='ocrx_word' id='word_1_301' title='bbox 696 3049 749 3093; x_wconf 91' lang='lat' dir='ltr'>ct</span> <span class='ocrx_word' id='word_1_302' title='bbox 800 3037 1132 3092; x_wconf 89' lang='lat' dir='ltr'><strong>immobilem</strong></span> <span class='ocrx_word' id='word_1_303' title='bbox 1179 3038 1461 3092; x_wconf 77' lang='lat' dir='ltr'><strong>deil&#39;ormis</strong></span> <span class='ocrx_word' id='word_1_304' title='bbox 1505 3053 1617 3092; x_wconf 77' lang='lat' dir='ltr'><strong>sua:</strong></span> <span class='ocrx_word' id='word_1_305' title='bbox 1664 3039 2012 3109; x_wconf 86' lang='lat' dir='ltr'><strong>proprietatis</strong></span> 
     </span>
    </p>
   </div>
   <div class='ocr_carea' id='block_1_48' title="bbox 438 3126 2013 3198">
    <p class='ocr_par' dir='ltr' id='par_1_48' title="bbox 438 3126 2013 3198">
     <span class='ocr_line' id='line_1_48' title="bbox 438 3126 2013 3198; baseline 0.003 -18"><span class='ocrx_word' id='word_1_306' title='bbox 438 3130 623 3182; x_wconf 83' lang='lat' dir='ltr'><strong>sedem</strong></span> <span class='ocrx_word' id='word_1_307' title='bbox 672 3127 929 3181; x_wconf 86' lang='lat' dir='ltr'><strong>habeant.</strong></span> <span class='ocrx_word' id='word_1_308' title='bbox 982 3126 1471 3194; x_wconf 87' lang='lat' dir='ltr'><strong>Contemplatriccs</strong></span> <span class='ocrx_word' id='word_1_309' title='bbox 1507 3127 1660 3193; x_wconf 86' lang='lat' dir='ltr'><strong>item,</strong></span> <span class='ocrx_word' id='word_1_310' title='bbox 1707 3144 1811 3181; x_wconf 90' lang='lat' dir='ltr'>non</span> <span class='ocrx_word' id='word_1_311' title='bbox 1856 3130 2013 3198; x_wconf 81' lang='lat' dir='ltr'><strong>quasi</strong></span> 
     </span>
    </p>
   </div>
   <div class='ocr_carea' id='block_1_49' title="bbox 439 3220 2015 3292">
    <p class='ocr_par' dir='ltr' id='par_1_49' title="bbox 439 3220 2015 3292">
     <span class='ocr_line' id='line_1_49' title="bbox 439 3220 2015 3292; baseline -0.001 -18"><span class='ocrx_word' id='word_1_312' title='bbox 439 3220 827 3292; x_wconf 79' lang='lat' dir='ltr'><strong>symbolarum,</strong></span> <span class='ocrx_word' id='word_1_313' title='bbox 856 3236 975 3291; x_wconf 68' lang='lat' dir='ltr'><strong>quae</strong></span> <span class='ocrx_word' id='word_1_314' title='bbox 1007 3221 1087 3273; x_wconf 85' lang='lat' dir='ltr'>vel</span> <span class='ocrx_word' id='word_1_315' title='bbox 1118 3235 1277 3273; x_wconf 89' lang='lat' dir='ltr'><strong>sensu</strong></span> <span class='ocrx_word' id='word_1_316' title='bbox 1309 3220 1389 3274; x_wconf 90' lang='lat' dir='ltr'>vel</span> <span class='ocrx_word' id='word_1_317' title='bbox 1428 3230 1607 3273; x_wconf 87' lang='lat' dir='ltr'><strong>mente</strong></span> <span class='ocrx_word' id='word_1_318' title='bbox 1648 3221 2015 3289; x_wconf 77' lang='lat' dir='ltr'><strong>pert-ipiantur</strong></span> 
     </span>
    </p>
   </div>
   <div class='ocr_carea' id='block_1_50' title="bbox 438 3312 2003 3384">
    <p class='ocr_par' dir='ltr' id='par_1_50' title="bbox 438 3312 2003 3384">
     <span class='ocr_line' id='line_1_50' title="bbox 438 3312 2003 3384; baseline -0.003 -15"><span class='ocrx_word' id='word_1_319' title='bbox 438 3314 826 3384; x_wconf 86' lang='lat' dir='ltr'><strong>spectatrices,</strong></span> <span class='ocrx_word' id='word_1_320' title='bbox 884 3328 1058 3380; x_wconf 84' lang='lat' dir='ltr'><strong>neque</strong></span> <span class='ocrx_word' id='word_1_321' title='bbox 1103 3313 1369 3366; x_wconf 85' lang='lat' dir='ltr'><strong>varietate</strong></span> <span class='ocrx_word' id='word_1_322' title='bbox 1416 3312 1889 3381; x_wconf 80' lang='lat' dir='ltr'><strong>contemplationis</strong></span> <span class='ocrx_word' id='word_1_323' title='bbox 1922 3328 2003 3365; x_wconf 89' lang='lat' dir='ltr'><strong>sa-</strong></span> 
     </span>
    </p>
   </div>
   <div class='ocr_carea' id='block_1_51' title="bbox 439 3402 2013 3474">
    <p class='ocr_par' dir='ltr' id='par_1_51' title="bbox 439 3402 2013 3474">
     <span class='ocr_line' id='line_1_51' title="bbox 439 3402 2013 3474; baseline -0.003 -12"><span class='ocrx_word' id='word_1_324' title='bbox 439 3423 658 3462; x_wconf 92' lang='lat' dir='ltr'><strong>crarum</strong></span> <span class='ocrx_word' id='word_1_325' title='bbox 698 3404 1108 3474; x_wconf 89' lang='lat' dir='ltr'><strong>Scripturaruut</strong></span> <span class='ocrx_word' id='word_1_326' title='bbox 1150 3404 1217 3457; x_wconf 90' lang='lat' dir='ltr'>ad</span> <span class='ocrx_word' id='word_1_327' title='bbox 1271 3404 1434 3456; x_wconf 89' lang='lat' dir='ltr'><strong>Deum</strong></span> <span class='ocrx_word' id='word_1_328' title='bbox 1482 3402 1726 3469; x_wconf 82' lang='lat' dir='ltr'><strong>clevat:e,</strong></span> <span class='ocrx_word' id='word_1_329' title='bbox 1768 3405 1859 3459; x_wconf 89' lang='lat' dir='ltr'>sed</span> <span class='ocrx_word' id='word_1_330' title='bbox 1895 3414 2013 3458; x_wconf 90' lang='lat' dir='ltr'><strong>tan-</strong></span> 
     </span>
    </p>
   </div>
   <div class='ocr_carea' id='block_1_52' title="bbox 442 3492 2016 3567">
    <p class='ocr_par' dir='ltr' id='par_1_52' title="bbox 442 3492 2016 3567">
     <span class='ocr_line' id='line_1_52' title="bbox 442 3492 2016 3567; baseline -0.001 -18"><span class='ocrx_word' id='word_1_331' title='bbox 442 3512 602 3567; x_wconf 88' lang='lat' dir='ltr'><strong>quam</strong></span> <span class='ocrx_word' id='word_1_332' title='bbox 663 3496 809 3550; x_wconf 90' lang='lat' dir='ltr'><strong>omui</strong></span> <span class='ocrx_word' id='word_1_333' title='bbox 870 3496 1183 3563; x_wconf 73' lang='lat' dir='ltr'><strong>cognitione</strong></span> <span class='ocrx_word' id='word_1_334' title='bbox 1234 3494 1469 3563; x_wconf 86' lang='lat' dir='ltr'><strong>simplici</strong></span> <span class='ocrx_word' id='word_1_335' title='bbox 1532 3494 1741 3550; x_wconf 87' lang='lat' dir='ltr'><strong>altioris</strong></span> <span class='ocrx_word' id='word_1_336' title='bbox 1795 3492 2016 3551; x_wconf 81' lang='lat' dir='ltr'><strong>luminis</strong></span> 
     </span>
    </p>
   </div>
   <div class='ocr_carea' id='block_1_53' title="bbox 440 3585 2013 3657">
    <p class='ocr_par' dir='ltr' id='par_1_53' title="bbox 440 3585 2013 3657">
     <span class='ocr_line' id='line_1_53' title="bbox 440 3585 2013 3657; baseline 0 -16"><span class='ocrx_word' id='word_1_337' title='bbox 440 3587 707 3657; x_wconf 66' lang='lat' dir='ltr'><strong>expletas,</strong></span> <span class='ocrx_word' id='word_1_338' title='bbox 755 3596 810 3639; x_wconf 75' lang='lat' dir='ltr'><strong>et</strong></span> <span class='ocrx_word' id='word_1_339' title='bbox 861 3585 1314 3655; x_wconf 88' lang='lat' dir='ltr'><strong>contemplatione</strong></span> <span class='ocrx_word' id='word_1_340' title='bbox 1373 3586 1519 3640; x_wconf 82' lang='lat' dir='ltr'><strong>illius</strong></span> <span class='ocrx_word' id='word_1_341' title='bbox 1569 3586 2013 3655; x_wconf 83' lang='lat' dir='ltr'><strong>pulchritudinis,</strong></span> 
     </span>
    </p>
   </div>
   <div class='ocr_carea' id='block_1_54' title="bbox 437 3677 2018 3750">
    <p class='ocr_par' dir='ltr' id='par_1_54' title="bbox 437 3677 2018 3750">
     <span class='ocr_line' id='line_1_54' title="bbox 437 3677 2018 3750; baseline 0.001 -16"><span class='ocrx_word' id='word_1_342' title='bbox 437 3697 560 3750; x_wconf 64' lang='lat' dir='ltr'><strong>quae</strong></span> <span class='ocrx_word' id='word_1_343' title='bbox 592 3689 677 3735; x_wconf 88' lang='lat' dir='ltr'>est</span> <span class='ocrx_word' id='word_1_344' title='bbox 718 3677 958 3735; x_wconf 72' lang='lat' dir='ltr'><strong>eﬂectrix</strong></span> <span class='ocrx_word' id='word_1_345' title='bbox 988 3689 1042 3731; x_wconf 85' lang='lat' dir='ltr'>et</span> <span class='ocrx_word' id='word_1_346' title='bbox 1091 3678 1249 3749; x_wconf 84' lang='lat' dir='ltr'><strong>origo</strong></span> <span class='ocrx_word' id='word_1_347' title='bbox 1300 3681 1752 3748; x_wconf 84' lang='lat' dir='ltr'><strong>pulchritudinis,</strong></span> <span class='ocrx_word' id='word_1_348' title='bbox 1794 3689 1847 3734; x_wconf 87' lang='lat' dir='ltr'>et</span> <span class='ocrx_word' id='word_1_349' title='bbox 1896 3696 2018 3749; x_wconf 61' lang='lat' dir='ltr'>qua1</span> 
     </span>
    </p>
   </div>
   <div class='ocr_carea' id='block_1_55' title="bbox 440 3768 2014 3841">
    <p class='ocr_par' dir='ltr' id='par_1_55' title="bbox 440 3768 2014 3841">
     <span class='ocr_line' id='line_1_55' title="bbox 440 3768 2014 3841; baseline 0 -17"><span class='ocrx_word' id='word_1_350' title='bbox 440 3784 609 3841; x_wconf 87' lang='lat' dir='ltr'><strong>supra</strong></span> <span class='ocrx_word' id='word_1_351' title='bbox 644 3768 1008 3823; x_wconf 86' lang='lat' dir='ltr'><strong>substantiam</strong></span> <span class='ocrx_word' id='word_1_352' title='bbox 1041 3781 1151 3834; x_wconf 90' lang='lat' dir='ltr'><strong>est,</strong></span> <span class='ocrx_word' id='word_1_353' title='bbox 1188 3781 1245 3823; x_wconf 86' lang='lat' dir='ltr'>ct</span> <span class='ocrx_word' id='word_1_354' title='bbox 1278 3769 1329 3822; x_wconf 84' lang='lat' dir='ltr'>in</span> <span class='ocrx_word' id='word_1_355' title='bbox 1362 3770 1535 3824; x_wconf 84' lang='lat' dir='ltr'><strong>tribus</strong></span> <span class='ocrx_word' id='word_1_356' title='bbox 1565 3770 1846 3839; x_wconf 87' lang='lat' dir='ltr'><strong>splendet,</strong></span> <span class='ocrx_word' id='word_1_357' title='bbox 1875 3786 2014 3840; x_wconf 86' lang='lat' dir='ltr'><strong>qua-</strong></span> 
     </span>
    </p>
   </div>
   <div class='ocr_carea' id='block_1_56' title="bbox 441 3862 2013 3926">
    <p class='ocr_par' dir='ltr' id='par_1_56' title="bbox 441 3862 2013 3926">
     <span class='ocr_line' id='line_1_56' title="bbox 441 3862 2013 3926; baseline -0.002 -7"><span class='ocrx_word' id='word_1_358' title='bbox 441 3879 601 3919; x_wconf 87' lang='lat' dir='ltr'><strong>tenus</strong></span> <span class='ocrx_word' id='word_1_359' title='bbox 659 3863 741 3917; x_wconf 81' lang='lat' dir='ltr'><strong>fas</strong></span> <span class='ocrx_word' id='word_1_360' title='bbox 788 3871 897 3926; x_wconf 91' lang='lat' dir='ltr'><strong>est,</strong></span> <span class='ocrx_word' id='word_1_361' title='bbox 951 3862 1164 3915; x_wconf 64' lang='lat' dir='ltr'><strong>refertae</strong></span> <span class='ocrx_word' id='word_1_362' title='bbox 1212 3864 1661 3918; x_wconf 87' lang='lat' dir='ltr'><strong>:communionis</strong></span> <span class='ocrx_word' id='word_1_363' title='bbox 1708 3878 1836 3918; x_wconf 83' lang='lat' dir='ltr'><strong>vero</strong></span> <span class='ocrx_word' id='word_1_364' title='bbox 1886 3862 2013 3918; x_wconf 67' lang='lat' dir='ltr'><strong>Iesu</strong></span> 
     </span>
    </p>
   </div>
   <div class='ocr_carea' id='block_1_57' title="bbox 439 3954 2015 4027">
    <p class='ocr_par' dir='ltr' id='par_1_57' title="bbox 439 3954 2015 4027">
     <span class='ocr_line' id='line_1_57' title="bbox 439 3954 2015 4027; baseline 0 -16"><span class='ocrx_word' id='word_1_365' title='bbox 439 3957 696 4011; x_wconf 81' lang='lat' dir='ltr'><strong>similiter</strong></span> <span class='ocrx_word' id='word_1_366' title='bbox 730 3957 1027 4025; x_wconf 86' lang='lat' dir='ltr'><strong>participes</strong></span> <span class='ocrx_word' id='word_1_367' title='bbox 1054 3954 1240 4020; x_wconf 62' lang='lat' dir='ltr'><strong>factae,</strong></span> <span class='ocrx_word' id='word_1_368' title='bbox 1276 3974 1380 4011; x_wconf 91' lang='lat' dir='ltr'>non</span> <span class='ocrx_word' id='word_1_369' title='bbox 1414 3958 1571 4025; x_wconf 89' lang='lat' dir='ltr'><strong>quasi</strong></span> <span class='ocrx_word' id='word_1_370' title='bbox 1611 3958 1664 4012; x_wconf 93' lang='lat' dir='ltr'>in</span> <span class='ocrx_word' id='word_1_371' title='bbox 1687 3957 2015 4027; x_wconf 90' lang='lat' dir='ltr'><strong>imaginibus</strong></span> 
     </span>
    </p>
   </div>
   <div class='ocr_carea' id='block_1_58' title="bbox 439 4040 2015 4118">
    <p class='ocr_par' dir='ltr' id='par_1_58' title="bbox 439 4040 2015 4118">
     <span class='ocr_line' id='line_1_58' title="bbox 439 4040 2015 4118; baseline -0.001 -13"><span class='ocrx_word' id='word_1_372' title='bbox 439 4058 632 4105; x_wconf 76' lang='lat' dir='ltr'><strong>sancte</strong></span> <span class='ocrx_word' id='word_1_373' title='bbox 680 4047 1008 4114; x_wconf 81' lang='lat' dir='ltr'><strong>informatis,</strong></span> <span class='ocrx_word' id='word_1_374' title='bbox 1065 4063 1184 4118; x_wconf 69' lang='lat' dir='ltr'><strong>qua:</strong></span> <span class='ocrx_word' id='word_1_375' title='bbox 1234 4049 1403 4103; x_wconf 87' lang='lat' dir='ltr'><strong>veluti</strong></span> <span class='ocrx_word' id='word_1_376' title='bbox 1446 4049 1634 4103; x_wconf 69' lang='lat' dir='ltr'><strong>formIe</strong></span> <span class='ocrx_word' id='word_1_377' title='bbox 1676 4050 1726 4103; x_wconf 89' lang='lat' dir='ltr'>in</span> <span class='ocrx_word' id='word_1_378' title='bbox 1752 4040 1831 4103; x_wconf 81' lang='lat' dir='ltr'>eis</span> <span class='ocrx_word' id='word_1_379' title='bbox 1862 4049 2015 4103; x_wconf 82' lang='lat' dir='ltr'><strong>deiti-</strong></span> 
     </span>
    </p>
   </div>
   <div class='ocr_carea' id='block_1_59' title="bbox 439 4140 2012 4211">
    <p class='ocr_par' dir='ltr' id='par_1_59' title="bbox 439 4140 2012 4211">
     <span class='ocr_line' id='line_1_59' title="bbox 439 4140 2012 4211; baseline 0.001 -17"><span class='ocrx_word' id='word_1_380' title='bbox 439 4155 558 4194; x_wconf 90' lang='lat' dir='ltr'><strong>cant</strong></span> <span class='ocrx_word' id='word_1_381' title='bbox 605 4140 1025 4194; x_wconf 79' lang='lat' dir='ltr'><strong>similitudinem</strong></span> <span class='ocrx_word' id='word_1_382' title='bbox 1065 4140 1393 4210; x_wconf 72' lang='lat' dir='ltr'><strong>exprimant,</strong></span> <span class='ocrx_word' id='word_1_383' title='bbox 1435 4142 1528 4194; x_wconf 91' lang='lat' dir='ltr'>scd</span> <span class='ocrx_word' id='word_1_384' title='bbox 1580 4151 1831 4211; x_wconf 77' lang='lat' dir='ltr'><strong>tanquam</strong></span> <span class='ocrx_word' id='word_1_385' title='bbox 1883 4157 2012 4196; x_wconf 86' lang='lat' dir='ltr'><strong>vero</strong></span> 
     </span>
    </p>
   </div>
   <div class='ocr_carea' id='block_1_60' title="bbox 439 4232 2013 4303">
    <p class='ocr_par' dir='ltr' id='par_1_60' title="bbox 439 4232 2013 4303">
     <span class='ocr_line' id='line_1_60' title="bbox 439 4232 2013 4303; baseline 0.003 -20"><span class='ocrx_word' id='word_1_386' title='bbox 439 4236 507 4285; x_wconf 89' lang='lat' dir='ltr'>ad</span> <span class='ocrx_word' id='word_1_387' title='bbox 532 4244 656 4286; x_wconf 90' lang='lat' dir='ltr'>eum</span> <span class='ocrx_word' id='word_1_388' title='bbox 690 4232 1195 4301; x_wconf 89' lang='lat' dir='ltr'><strong>appropinquantes</strong></span> <span class='ocrx_word' id='word_1_389' title='bbox 1224 4232 1277 4284; x_wconf 85' lang='lat' dir='ltr'>in</span> <span class='ocrx_word' id='word_1_390' title='bbox 1326 4232 1442 4301; x_wconf 85' lang='lat' dir='ltr'><strong>ipsa</strong></span> <span class='ocrx_word' id='word_1_391' title='bbox 1495 4234 1666 4301; x_wconf 89' lang='lat' dir='ltr'><strong>prima</strong></span> <span class='ocrx_word' id='word_1_392' title='bbox 1720 4233 2013 4303; x_wconf 85' lang='lat' dir='ltr'><strong>participa-</strong></span> 
     </span>
    </p>
   </div>
   <div class='ocr_carea' id='block_1_61' title="bbox 444 4320 2009 4394">
    <p class='ocr_par' dir='ltr' id='par_1_61' title="bbox 444 4320 2009 4394">
     <span class='ocr_line' id='line_1_61' title="bbox 444 4320 2009 4394; baseline 0.001 -18"><span class='ocrx_word' id='word_1_393' title='bbox 444 4325 587 4378; x_wconf 85' lang='lat' dir='ltr'><strong>tione</strong></span> <span class='ocrx_word' id='word_1_394' title='bbox 609 4324 958 4394; x_wconf 79' lang='lat' dir='ltr'><strong>cogitationis</strong></span> <span class='ocrx_word' id='word_1_395' title='bbox 986 4322 1248 4376; x_wconf 88' lang='lat' dir='ltr'><strong>lumittum</strong></span> <span class='ocrx_word' id='word_1_396' title='bbox 1273 4320 1386 4389; x_wconf 84' lang='lat' dir='ltr'><strong>cjus</strong></span> <span class='ocrx_word' id='word_1_397' title='bbox 1411 4323 1724 4378; x_wconf 79' lang='lat' dir='ltr'><strong>deiﬁcorum</strong></span> <span class='ocrx_word' id='word_1_398' title='bbox 1747 4339 1879 4388; x_wconf 91' lang='lat' dir='ltr'><strong>;nec</strong></span> <span class='ocrx_word' id='word_1_399' title='bbox 1901 4341 2009 4377; x_wconf 90' lang='lat' dir='ltr'>non</span> 
     </span>
    </p>
   </div>
   <div class='ocr_carea' id='block_1_62' title="bbox 440 4413 2012 4484">
    <p class='ocr_par' dir='ltr' id='par_1_62' title="bbox 440 4413 2012 4484">
     <span class='ocr_line' id='line_1_62' title="bbox 440 4413 2012 4484; baseline 0.001 -17"><span class='ocrx_word' id='word_1_400' title='bbox 440 4416 582 4484; x_wconf 89' lang='lat' dir='ltr'><strong>quod</strong></span> <span class='ocrx_word' id='word_1_401' title='bbox 618 4416 784 4470; x_wconf 79' lang='lat' dir='ltr'><strong>Deum</strong></span> <span class='ocrx_word' id='word_1_402' title='bbox 816 4414 1065 4469; x_wconf 89' lang='lat' dir='ltr'><strong>irnitaudi</strong></span> <span class='ocrx_word' id='word_1_403' title='bbox 1104 4414 1261 4473; x_wconf 85' lang='lat' dir='ltr'><strong>ratio.</strong></span> <span class='ocrx_word' id='word_1_404' title='bbox 1297 4413 1405 4484; x_wconf 81' lang='lat'><strong>55</strong></span> <span class='ocrx_word' id='word_1_405' title='bbox 1437 4414 1830 4468; x_wconf 88' lang='lat' dir='ltr'><strong>sublimissimo</strong></span> <span class='ocrx_word' id='word_1_406' title='bbox 1877 4414 2012 4483; x_wconf 89' lang='lat' dir='ltr'><strong>ipsis</strong></span> 
     </span>
    </p>
   </div>
   <div class='ocr_carea' id='block_1_63' title="bbox 441 4505 2010 4575">
    <p class='ocr_par' dir='ltr' id='par_1_63' title="bbox 441 4505 2010 4575">
     <span class='ocr_line' id='line_1_63' title="bbox 441 4505 2010 4575; baseline 0.001 -16"><span class='ocrx_word' id='word_1_407' title='bbox 441 4508 599 4562; x_wconf 88' lang='lat' dir='ltr'><strong>modo</strong></span> <span class='ocrx_word' id='word_1_408' title='bbox 623 4509 692 4561; x_wconf 93' lang='lat' dir='ltr'>sit</span> <span class='ocrx_word' id='word_1_409' title='bbox 735 4507 963 4571; x_wconf 89' lang='lat' dir='ltr'><strong>indulta,</strong></span> <span class='ocrx_word' id='word_1_410' title='bbox 1005 4515 1058 4559; x_wconf 91' lang='lat' dir='ltr'>et</span> <span class='ocrx_word' id='word_1_411' title='bbox 1104 4505 1156 4558; x_wconf 88' lang='lat' dir='ltr'>itt</span> <span class='ocrx_word' id='word_1_412' title='bbox 1200 4506 1477 4575; x_wconf 71' lang='lat' dir='ltr'><strong>priimam,</strong></span> <span class='ocrx_word' id='word_1_413' title='bbox 1520 4514 1783 4574; x_wconf 84' lang='lat' dir='ltr'><strong>quantum</strong></span> <span class='ocrx_word' id='word_1_414' title='bbox 1826 4506 1894 4559; x_wconf 93' lang='lat' dir='ltr'>iis</span> <span class='ocrx_word' id='word_1_415' title='bbox 1927 4506 2010 4561; x_wconf 81' lang='lat' dir='ltr'><strong>fas</strong></span> 
     </span>
    </p>
   </div>
   <div class='ocr_carea' id='block_1_64' title="bbox 437 4597 2011 4668">
    <p class='ocr_par' dir='ltr' id='par_1_64' title="bbox 437 4597 2011 4668">
     <span class='ocr_line' id='line_1_64' title="bbox 437 4597 2011 4668; baseline 0.001 -17"><span class='ocrx_word' id='word_1_416' title='bbox 437 4609 540 4662; x_wconf 89' lang='lat' dir='ltr'><strong>est,</strong></span> <span class='ocrx_word' id='word_1_417' title='bbox 592 4599 835 4668; x_wconf 75' lang='lat' dir='ltr'><strong>potentia</strong></span> <span class='ocrx_word' id='word_1_418' title='bbox 885 4599 1088 4654; x_wconf 87' lang='lat' dir='ltr'><strong>divinis</strong></span> <span class='ocrx_word' id='word_1_419' title='bbox 1139 4597 1257 4667; x_wconf 89' lang='lat' dir='ltr'><strong>ejus</strong></span> <span class='ocrx_word' id='word_1_420' title='bbox 1307 4597 1669 4666; x_wconf 82' lang='lat' dir='ltr'><strong>humanisque</strong></span> <span class='ocrx_word' id='word_1_421' title='bbox 1717 4598 2011 4653; x_wconf 84' lang='lat' dir='ltr'><strong>virtutibus</strong></span> 
     </span>
    </p>
   </div>
   <div class='ocr_carea' id='block_1_65' title="bbox 2118 2116 3710 2191">
    <p class='ocr_par' dir='ltr' id='par_1_65' title="bbox 2118 2116 3710 2191">
     <span class='ocr_line' id='line_1_65' title="bbox 2118 2116 3710 2191; baseline -0.003 -19"><span class='ocrx_word' id='word_1_422' title='bbox 2118 2118 2408 2191; x_wconf 84' lang='grc' dir='ltr'>μολυσμῶν</span> <span class='ocrx_word' id='word_1_423' title='bbox 2443 2118 2911 2189; x_wconf 69' lang='grc' dir='ltr'>ἡλευθερωμένας,</span> <span class='ocrx_word' id='word_1_424' title='bbox 2942 2118 3049 2171; x_wconf 74' lang='grc' dir='ltr'>οὐδ’</span> <span class='ocrx_word' id='word_1_425' title='bbox 3079 2118 3155 2181; x_wconf 86' lang='grc' dir='ltr'>ὼς</span> <span class='ocrx_word' id='word_1_426' title='bbox 3199 2116 3483 2188; x_wconf 86' lang='grc' dir='ltr'>προσύλων</span> <span class='ocrx_word' id='word_1_427' title='bbox 3510 2117 3710 2169; x_wconf 84' lang='grc' dir='ltr'>ἀνεπι-</span> 
     </span>
    </p>
   </div>
   <div class='ocr_carea' id='block_1_66' title="bbox 2113 2208 3711 2280">
    <p class='ocr_par' dir='ltr' id='par_1_66' title="bbox 2113 2208 3711 2280">
     <span class='ocr_line' id='line_1_66' title="bbox 2113 2208 3711 2280; baseline -0.003 -15"><span class='ocrx_word' id='word_1_428' title='bbox 2113 2212 2334 2274; x_wconf 90' lang='grc' dir='ltr'>δέκτους</span> <span class='ocrx_word' id='word_1_429' title='bbox 2366 2210 2697 2280; x_wconf 79' lang='grc' dir='ltr'>φαντασιῶν,</span> <span class='ocrx_word' id='word_1_430' title='bbox 2733 2210 2845 2263; x_wconf 82' lang='grc' dir='ltr'>ἀλλ’</span> <span class='ocrx_word' id='word_1_431' title='bbox 2875 2211 2949 2273; x_wconf 83' lang='grc' dir='ltr'>ὼς</span> <span class='ocrx_word' id='word_1_432' title='bbox 2990 2210 3169 2280; x_wconf 87' lang='grc' dir='ltr'>πάσης</span> <span class='ocrx_word' id='word_1_433' title='bbox 3209 2210 3453 2277; x_wconf 79' lang='grc' dir='ltr'>ὑφέσεως</span> <span class='ocrx_word' id='word_1_434' title='bbox 3485 2208 3711 2278; x_wconf 86' lang='grc' dir='ltr'>ἀμιγῶς</span> 
     </span>
    </p>
   </div>
   <div class='ocr_carea' id='block_1_67' title="bbox 2115 2299 3713 2375">
    <p class='ocr_par' dir='ltr' id='par_1_67' title="bbox 2115 2299 3713 2375">
     <span class='ocr_line' id='line_1_67' title="bbox 2115 2299 3713 2375; baseline -0.001 -19"><span class='ocrx_word' id='word_1_435' title='bbox 2115 2303 2471 2375; x_wconf 66' lang='grc' dir='ltr'>ὑψηλοτέρας,</span> <span class='ocrx_word' id='word_1_436' title='bbox 2514 2302 2607 2356; x_wconf 75' lang='grc' dir='ltr'>καὶ</span> <span class='ocrx_word' id='word_1_437' title='bbox 2649 2299 2850 2364; x_wconf 75' lang='grc' dir='ltr'>παντὸς</span> <span class='ocrx_word' id='word_1_438' title='bbox 2887 2300 3286 2371; x_wconf 73' lang='grc' dir='ltr'>ὑποϐεϐηκότος</span> <span class='ocrx_word' id='word_1_439' title='bbox 3327 2301 3507 2370; x_wconf 80' lang='grc' dir='ltr'>ἱεροῦ“</span> <span class='ocrx_word' id='word_1_440' title='bbox 3561 2299 3713 2355; x_wconf 83' lang='grc' dir='ltr'>κατὰ</span> 
     </span>
    </p>
   </div>
   <div class='ocr_carea' id='block_1_68' title="bbox 2112 2392 3712 2466">
    <p class='ocr_par' dir='ltr' id='par_1_68' title="bbox 2112 2392 3712 2466">
     <span class='ocr_line' id='line_1_68' title="bbox 2112 2392 3712 2466; baseline -0.001 -19"><span class='ocrx_word' id='word_1_441' title='bbox 2112 2396 2213 2465; x_wconf 85' lang='grc' dir='ltr'>τὴν</span> <span class='ocrx_word' id='word_1_442' title='bbox 2243 2395 2555 2466; x_wconf 80' lang='grc' dir='ltr'>ὑπερτάτην</span> <span class='ocrx_word' id='word_1_443' title='bbox 2578 2394 2869 2464; x_wconf 84' lang='grc' dir='ltr'>ἀγνότητα,</span> <span class='ocrx_word' id='word_1_444' title='bbox 2912 2394 3112 2457; x_wconf 81' lang='grc' dir='ltr'>πάσαις</span> <span class='ocrx_word' id='word_1_445' title='bbox 3132 2394 3249 2455; x_wconf 86' lang='grc' dir='ltr'>ταῖς</span> <span class='ocrx_word' id='word_1_446' title='bbox 3278 2392 3712 2455; x_wconf 84' lang='grc' dir='ltr'>θεοειδεστάταις</span> 
     </span>
    </p>
   </div>
   <div class='ocr_carea' id='block_1_69' title="bbox 2113 2484 3711 2556">
    <p class='ocr_par' dir='ltr' id='par_1_69' title="bbox 2113 2484 3711 2556">
     <span class='ocr_line' id='line_1_69' title="bbox 2113 2484 3711 2556; baseline -0.002 -17"><span class='ocrx_word' id='word_1_447' title='bbox 2113 2484 2403 2555; x_wconf 85' lang='grc' dir='ltr'>δυνάμεσιν</span> <span class='ocrx_word' id='word_1_448' title='bbox 2431 2485 2891 2556; x_wconf 85' lang='grc' dir='ltr'>ὑπεριδρυμένας,</span> <span class='ocrx_word' id='word_1_449' title='bbox 2919 2484 3132 2555; x_wconf 74' lang='grc' dir='ltr'>καὶτῆς</span> <span class='ocrx_word' id='word_1_450' title='bbox 3168 2485 3372 2548; x_wconf 78' lang='grc' dir='ltr'>οἰκείας</span> <span class='ocrx_word' id='word_1_451' title='bbox 3410 2485 3711 2556; x_wconf 82' lang='grc' dir='ltr'>αὐτοκινή-</span> 
     </span>
    </p>
   </div>
   <div class='ocr_carea' id='block_1_70' title="bbox 2113 2576 3711 2649">
    <p class='ocr_par' dir='ltr' id='par_1_70' title="bbox 2113 2576 3711 2649">
     <span class='ocr_line' id='line_1_70' title="bbox 2113 2576 3711 2649; baseline 0 -20"><span class='ocrx_word' id='word_1_452' title='bbox 2113 2594 2206 2629; x_wconf 92' lang='grc' dir='ltr'>του</span> <span class='ocrx_word' id='word_1_453' title='bbox 2239 2579 2288 2609; x_wconf 80' lang='grc'><strong><em>⁸³</em></strong></span> <span class='ocrx_word' id='word_1_454' title='bbox 2322 2578 2414 2631; x_wconf 74' lang='grc' dir='ltr'>καὶ</span> <span class='ocrx_word' id='word_1_455' title='bbox 2439 2577 2825 2649; x_wconf 81' lang='grc' dir='ltr'>ταὺτοκινήτου</span> <span class='ocrx_word' id='word_1_456' title='bbox 2862 2576 3005 2630; x_wconf 85' lang='grc' dir='ltr'>κατὰ</span> <span class='ocrx_word' id='word_1_457' title='bbox 3034 2576 3095 2629; x_wconf 84' lang='grc' dir='ltr'>τὸ</span> <span class='ocrx_word' id='word_1_458' title='bbox 3134 2576 3396 2645; x_wconf 85' lang='grc' dir='ltr'>φιλοθέως</span> <span class='ocrx_word' id='word_1_459' title='bbox 3432 2578 3711 2647; x_wconf 84' lang='grc' dir='ltr'>ἄτρεπτον</span> 
     </span>
    </p>
   </div>
   <div class='ocr_carea' id='block_1_71' title="bbox 2112 2668 3713 2741">
    <p class='ocr_par' dir='ltr' id='par_1_71' title="bbox 2112 2668 3713 2741">
     <span class='ocr_line' id='line_1_71' title="bbox 2112 2668 3713 2741; baseline -0.001 -19"><span class='ocrx_word' id='word_1_460' title='bbox 2112 2668 2319 2733; x_wconf 79' lang='grc' dir='ltr'>τάξεως</span> <span class='ocrx_word' id='word_1_461' title='bbox 2343 2668 2602 2741; x_wconf 78' lang='grc' dir='ltr'>ἁρῤεπῶς</span> <span class='ocrx_word' id='word_1_462' title='bbox 2631 2668 3025 2740; x_wconf 81' lang='grc' dir='ltr'>ἀντεχομένας,</span> <span class='ocrx_word' id='word_1_463' title='bbox 3066 2669 3161 2721; x_wconf 69' lang='grc' dir='ltr'>καὶ</span> <span class='ocrx_word' id='word_1_464' title='bbox 3186 2669 3287 2739; x_wconf 79' lang='grc' dir='ltr'>τὴν</span> <span class='ocrx_word' id='word_1_465' title='bbox 3309 2669 3402 2721; x_wconf 72' lang='grc' dir='ltr'>ἐπὶ</span> <span class='ocrx_word' id='word_1_466' title='bbox 3427 2669 3495 2722; x_wconf 72' lang='grc' dir='ltr'>τὰ</span> <span class='ocrx_word' id='word_1_467' title='bbox 3533 2669 3713 2739; x_wconf 87' lang='grc' dir='ltr'>χείρω</span> 
     </span>
    </p>
   </div>
   <div class='ocr_carea' id='block_1_72' title="bbox 2114 2759 3713 2831">
    <p class='ocr_par' dir='ltr' id='par_1_72' title="bbox 2114 2759 3713 2831">
     <span class='ocr_line' id='line_1_72' title="bbox 2114 2759 3713 2831; baseline 0.001 -18"><span class='ocrx_word' id='word_1_468' title='bbox 2114 2761 2254 2814; x_wconf 86' lang='grc' dir='ltr'>κατά</span> <span class='ocrx_word' id='word_1_469' title='bbox 2280 2777 2332 2812; x_wconf 92' lang='grc' dir='ltr'>τι</span> <span class='ocrx_word' id='word_1_470' title='bbox 2363 2759 2586 2831; x_wconf 81' lang='grc' dir='ltr'>μείωσιν</span> <span class='ocrx_word' id='word_1_471' title='bbox 2614 2760 2722 2813; x_wconf 72' lang='grc' dir='ltr'>οὐδ’</span> <span class='ocrx_word' id='word_1_472' title='bbox 2751 2761 2887 2824; x_wconf 85' lang='grc' dir='ltr'>ὅλως</span> <span class='ocrx_word' id='word_1_473' title='bbox 2923 2760 3145 2823; x_wconf 87' lang='grc' dir='ltr'>εἰδυίας,</span> <span class='ocrx_word' id='word_1_474' title='bbox 3183 2760 3295 2813; x_wconf 79' lang='grc' dir='ltr'>ἀλλ’</span> <span class='ocrx_word' id='word_1_475' title='bbox 3328 2761 3579 2814; x_wconf 78' lang='grc' dir='ltr'>ἄπτωτον</span> <span class='ocrx_word' id='word_1_476' title='bbox 3619 2762 3713 2814; x_wconf 78' lang='grc' dir='ltr'>ἀεὶ</span> 
     </span>
    </p>
   </div>
   <div class='ocr_carea' id='block_1_73' title="bbox 2115 2850 3712 2923">
    <p class='ocr_par' dir='ltr' id='par_1_73' title="bbox 2115 2850 3712 2923">
     <span class='ocr_line' id='line_1_73' title="bbox 2115 2850 3712 2923; baseline 0.001 -20"><span class='ocrx_word' id='word_1_477' title='bbox 2115 2851 2209 2903; x_wconf 76' lang='grc' dir='ltr'>καὶ</span> <span class='ocrx_word' id='word_1_478' title='bbox 2239 2850 2634 2921; x_wconf 81' lang='grc' dir='ltr'>ἀμετακίνητον</span> <span class='ocrx_word' id='word_1_479' title='bbox 2662 2851 2892 2921; x_wconf 77' lang='grc' dir='ltr'>ἐχούσας</span> <span class='ocrx_word' id='word_1_480' title='bbox 2933 2852 3031 2923; x_wconf 82' lang='grc' dir='ltr'>τὴν</span> <span class='ocrx_word' id='word_1_481' title='bbox 3063 2852 3163 2921; x_wconf 77' lang='grc' dir='ltr'>τῆς</span> <span class='ocrx_word' id='word_1_482' title='bbox 3204 2852 3411 2914; x_wconf 78' lang='grc' dir='ltr'>οἰκείας</span> <span class='ocrx_word' id='word_1_483' title='bbox 3438 2851 3712 2915; x_wconf 86' lang='grc' dir='ltr'>θεοειδοῦς</span> 
     </span>
    </p>
   </div>
   <div class='ocr_carea' id='block_1_74' title="bbox 2117 2942 3713 3015">
    <p class='ocr_par' dir='ltr' id='par_1_74' title="bbox 2117 2942 3713 3015">
     <span class='ocr_line' id='line_1_74' title="bbox 2117 2942 3713 3015; baseline 0 -18"><span class='ocrx_word' id='word_1_484' title='bbox 2117 2945 2375 3014; x_wconf 82' lang='grc' dir='ltr'>ἰδιότητος</span> <span class='ocrx_word' id='word_1_485' title='bbox 2405 2943 2775 3015; x_wconf 85' lang='grc' dir='ltr'>ἀμιγεστάτην</span> <span class='ocrx_word' id='word_1_486' title='bbox 2807 2944 3031 3015; x_wconf 81' lang='grc' dir='ltr'>ἵδρυσιν.</span> <span class='ocrx_word' id='word_1_487' title='bbox 3065 2944 3414 3015; x_wconf 81' lang='grc' dir='ltr'>Θεωρητικὰς</span> <span class='ocrx_word' id='word_1_488' title='bbox 3437 2944 3493 2996; x_wconf 80' lang='grc' dir='ltr'>δὲ</span> <span class='ocrx_word' id='word_1_489' title='bbox 3525 2942 3713 3012; x_wconf 78' lang='grc' dir='ltr'>αὖθις,</span> 
     </span>
    </p>
   </div>
   <div class='ocr_carea' id='block_1_75' title="bbox 2113 3034 3712 3107">
    <p class='ocr_par' dir='ltr' id='par_1_75' title="bbox 2113 3034 3712 3107">
     <span class='ocr_line' id='line_1_75' title="bbox 2113 3034 3712 3107; baseline 0 -18"><span class='ocrx_word' id='word_1_490' title='bbox 2113 3037 2211 3107; x_wconf 86' lang='grc' dir='ltr'>οὐχ</span> <span class='ocrx_word' id='word_1_491' title='bbox 2237 3036 2313 3099; x_wconf 88' lang='grc' dir='ltr'>ὼς</span> <span class='ocrx_word' id='word_1_492' title='bbox 2346 3034 2617 3105; x_wconf 83' lang='grc' dir='ltr'>αἰσθητῶν</span> <span class='ocrx_word' id='word_1_493' title='bbox 2645 3035 2927 3106; x_wconf 83' lang='grc' dir='ltr'>συμϐόλων</span> <span class='ocrx_word' id='word_1_494' title='bbox 2957 3035 3159 3105; x_wconf 87' lang='grc' dir='ltr'>νοερῶν</span> <span class='ocrx_word' id='word_1_495' title='bbox 3200 3034 3247 3066; x_wconf 66' lang='grc'><strong><em>’⁵</em></strong></span> <span class='ocrx_word' id='word_1_496' title='bbox 3282 3035 3541 3107; x_wconf 77' lang='grc' dir='ltr'>θεωροὺς,</span> <span class='ocrx_word' id='word_1_497' title='bbox 3582 3038 3712 3089; x_wconf 80' lang='grc' dir='ltr'>οὑδὲ</span> 
     </span>
    </p>
   </div>
   <div class='ocr_carea' id='block_1_76' title="bbox 2115 3124 3715 3199">
    <p class='ocr_par' dir='ltr' id='par_1_76' title="bbox 2115 3124 3715 3199">
     <span class='ocr_line' id='line_1_76' title="bbox 2115 3124 3715 3199; baseline 0.001 -19"><span class='ocrx_word' id='word_1_498' title='bbox 2115 3128 2192 3193; x_wconf 83' lang='grc' dir='ltr'>ὡς</span> <span class='ocrx_word' id='word_1_499' title='bbox 2231 3130 2298 3199; x_wconf 78' lang='grc' dir='ltr'>τῇ</span> <span class='ocrx_word' id='word_1_500' title='bbox 2347 3126 2592 3199; x_wconf 75' lang='grc' dir='ltr'>ποικιλίᾳ</span> <span class='ocrx_word' id='word_1_501' title='bbox 2636 3128 2735 3198; x_wconf 82' lang='grc' dir='ltr'>τῆς</span> <span class='ocrx_word' id='word_1_502' title='bbox 2788 3126 3182 3198; x_wconf 80' lang='grc' dir='ltr'>ἱερογραφικῆς</span> <span class='ocrx_word' id='word_1_503' title='bbox 3231 3126 3462 3197; x_wconf 81' lang='grc' dir='ltr'>θεωρίας</span> <span class='ocrx_word' id='word_1_504' title='bbox 3510 3129 3605 3180; x_wconf 78' lang='grc' dir='ltr'>ἐπὶ</span> <span class='ocrx_word' id='word_1_505' title='bbox 3646 3124 3715 3181; x_wconf 79' lang='grc' dir='ltr'>τὸ</span> 
     </span>
    </p>
   </div>
   <div class='ocr_carea' id='block_1_77' title="bbox 2115 3218 3716 3289">
    <p class='ocr_par' dir='ltr' id='par_1_77' title="bbox 2115 3218 3716 3289">
     <span class='ocr_line' id='line_1_77' title="bbox 2115 3218 3716 3289; baseline -0.001 -16"><span class='ocrx_word' id='word_1_506' title='bbox 2115 3221 2265 3273; x_wconf 88' lang='grc' dir='ltr'>Θείον</span> <span class='ocrx_word' id='word_1_507' title='bbox 2314 3219 2672 3289; x_wconf 87' lang='grc' dir='ltr'>ἀναγομένας,</span> <span class='ocrx_word' id='word_1_508' title='bbox 2727 3218 2841 3272; x_wconf 89' lang='grc' dir='ltr'>ἀλλ’</span> <span class='ocrx_word' id='word_1_509' title='bbox 2880 3218 2956 3281; x_wconf 85' lang='grc' dir='ltr'>ὡς</span> <span class='ocrx_word' id='word_1_510' title='bbox 3006 3219 3188 3287; x_wconf 81' lang='grc' dir='ltr'>πάσης</span> <span class='ocrx_word' id='word_1_511' title='bbox 3230 3218 3395 3272; x_wconf 80' lang='grc' dir='ltr'>ἀΰλου</span> <span class='ocrx_word' id='word_1_512' title='bbox 3448 3218 3716 3287; x_wconf 80' lang='grc' dir='ltr'>γνώσεως</span> 
     </span>
    </p>
   </div>
   <div class='ocr_carea' id='block_1_78' title="bbox 2117 3310 3715 3383">
    <p class='ocr_par' dir='ltr' id='par_1_78' title="bbox 2117 3310 3715 3383">
     <span class='ocr_line' id='line_1_78' title="bbox 2117 3310 3715 3383; baseline -0.001 -18"><span class='ocrx_word' id='word_1_513' title='bbox 2117 3312 2449 3383; x_wconf 79' lang='grc' dir='ltr'>ὑψηλοτέρου</span> <span class='ocrx_word' id='word_1_514' title='bbox 2510 3311 2688 3380; x_wconf 77' lang='grc' dir='ltr'>φωτὸς</span> <span class='ocrx_word' id='word_1_515' title='bbox 2741 3310 3271 3381; x_wconf 84' lang='grc' dir='ltr'>ἀποπληρουμένας,</span> <span class='ocrx_word' id='word_1_516' title='bbox 3329 3312 3423 3363; x_wconf 74' lang='grc' dir='ltr'>καὶ</span> <span class='ocrx_word' id='word_1_517' title='bbox 3470 3310 3572 3379; x_wconf 83' lang='grc' dir='ltr'>τῆς</span> <span class='ocrx_word' id='word_1_518' title='bbox 3607 3311 3715 3363; x_wconf 82' lang='grc' dir='ltr'>τοῦ</span> 
     </span>
    </p>
   </div>
   <div class='ocr_carea' id='block_1_79' title="bbox 2117 3402 3716 3475">
    <p class='ocr_par' dir='ltr' id='par_1_79' title="bbox 2117 3402 3716 3475">
     <span class='ocr_line' id='line_1_79' title="bbox 2117 3402 3716 3475; baseline -0.001 -18"><span class='ocrx_word' id='word_1_519' title='bbox 2117 3404 2435 3457; x_wconf 87' lang='grc' dir='ltr'>καλλοποιοῦ</span> <span class='ocrx_word' id='word_1_520' title='bbox 2466 3405 2559 3456; x_wconf 70' lang='lat' dir='ltr'><strong>xui.</strong></span> <span class='ocrx_word' id='word_1_521' title='bbox 2601 3402 2831 3475; x_wconf 81' lang='grc' dir='ltr'>ἀρχικοῦ</span> <span class='ocrx_word' id='word_1_522' title='bbox 2865 3402 3090 3465; x_wconf 88' lang='grc' dir='ltr'>κάλλους</span> <span class='ocrx_word' id='word_1_523' title='bbox 3126 3402 3447 3473; x_wconf 82' lang='grc' dir='ltr'>ὑπερουσίου</span> <span class='ocrx_word' id='word_1_524' title='bbox 3472 3404 3567 3456; x_wconf 65' lang='grc' dir='ltr'>καὶ¹</span> <span class='ocrx_word' id='word_1_525' title='bbox 3588 3421 3716 3473; x_wconf 79' lang='grc' dir='ltr'>τρι-</span> 
     </span>
    </p>
   </div>
   <div class='ocr_carea' id='block_1_80' title="bbox 2117 3494 3714 3567">
    <p class='ocr_par' dir='ltr' id='par_1_80' title="bbox 2117 3494 3714 3567">
     <span class='ocr_line' id='line_1_80' title="bbox 2117 3494 3714 3567; baseline -0.002 -18"><span class='ocrx_word' id='word_1_526' title='bbox 2117 3496 2319 3566; x_wconf 86' lang='grc' dir='ltr'>φανοῦς</span> <span class='ocrx_word' id='word_1_527' title='bbox 2349 3496 2615 3567; x_wconf 86' lang='grc' dir='ltr'>θεωρίας,</span> <span class='ocrx_word' id='word_1_528' title='bbox 2654 3496 2730 3558; x_wconf 82' lang='grc' dir='ltr'>ὡς</span> <span class='ocrx_word' id='word_1_529' title='bbox 2772 3495 3011 3567; x_wconf 80' lang='grc' dir='ltr'>θεμιτὸν,</span> <span class='ocrx_word' id='word_1_530' title='bbox 3045 3494 3569 3564; x_wconf 82' lang='grc' dir='ltr'>ἀναπιμπλαμένας’</span> <span class='ocrx_word' id='word_1_531' title='bbox 3602 3495 3714 3565; x_wconf 75' lang='grc' dir='ltr'>τῆς</span> 
     </span>
    </p>
   </div>
   <div class='ocr_carea' id='block_1_81' title="bbox 2115 3593 3716 3667">
    <p class='ocr_par' dir='ltr' id='par_1_81' title="bbox 2115 3593 3716 3667">
     <span class='ocr_line' id='line_1_81' title="bbox 2115 3593 3716 3667; baseline -0.001 -19"><span class='ocrx_word' id='word_1_532' title='bbox 2115 3596 2171 3649; x_wconf 85' lang='grc' dir='ltr'>δὲ</span> <span class='ocrx_word' id='word_1_533' title='bbox 2208 3594 2380 3667; x_wconf 84' lang='grc' dir='ltr'>Ἰησοῦ</span> <span class='ocrx_word' id='word_1_534' title='bbox 2410 3596 2694 3658; x_wconf 86' lang='grc' dir='ltr'>κοινωνίας</span> <span class='ocrx_word' id='word_1_535' title='bbox 2715 3595 2977 3658; x_wconf 81' lang='grc' dir='ltr'>ὡσαύτως</span> <span class='ocrx_word' id='word_1_536' title='bbox 2998 3593 3322 3665; x_wconf 74' lang='grc' dir='ltr'>ἠξιωμένας,</span> <span class='ocrx_word' id='word_1_537' title='bbox 3349 3596 3445 3647; x_wconf 85' lang='grc' dir='ltr'>οὑκ</span> <span class='ocrx_word' id='word_1_538' title='bbox 3479 3596 3536 3647; x_wconf 84' lang='grc' dir='ltr'>ὲν</span> <span class='ocrx_word' id='word_1_539' title='bbox 3562 3596 3716 3647; x_wconf 71' lang='grc' dir='ltr'>εἰκόσ-</span> 
     </span>
    </p>
   </div>
   <div class='ocr_carea' id='block_1_82' title="bbox 2118 3683 3716 3757">
    <p class='ocr_par' dir='ltr' id='par_1_82' title="bbox 2118 3683 3716 3757">
     <span class='ocr_line' id='line_1_82' title="bbox 2118 3683 3716 3757; baseline -0.001 -19"><span class='ocrx_word' id='word_1_540' title='bbox 2118 3702 2201 3738; x_wconf 90' lang='grc' dir='ltr'>σιν</span> <span class='ocrx_word' id='word_1_541' title='bbox 2228 3684 2601 3757; x_wconf 84' lang='grc' dir='ltr'>ἱεροπλάστοις</span> <span class='ocrx_word' id='word_1_542' title='bbox 2635 3685 2995 3755; x_wconf 77' lang='grc' dir='ltr'>μορφωτικῶς</span> <span class='ocrx_word' id='word_1_543' title='bbox 3027 3684 3363 3737; x_wconf 84' lang='grc' dir='ltr'>ἀποτυποῦσι</span> <span class='ocrx_word' id='word_1_544' title='bbox 3385 3691 3484 3755; x_wconf 78' lang='grc' dir='ltr'>τὴν</span> <span class='ocrx_word' id='word_1_545' title='bbox 3514 3683 3716 3756; x_wconf 86' lang='grc' dir='ltr'>θεουρ-</span> 
     </span>
    </p>
   </div>
   <div class='ocr_carea' id='block_1_83' title="bbox 2115 3777 3717 3850">
    <p class='ocr_par' dir='ltr' id='par_1_83' title="bbox 2115 3777 3717 3850">
     <span class='ocr_line' id='line_1_83' title="bbox 2115 3777 3717 3850; baseline -0.001 -19"><span class='ocrx_word' id='word_1_546' title='bbox 2115 3778 2275 3850; x_wconf 87' lang='grc' dir='ltr'>γικὴν</span> <span class='ocrx_word' id='word_1_547' title='bbox 2303 3777 2580 3849; x_wconf 84' lang='grc' dir='ltr'>ὁμοίωσιν,</span> <span class='ocrx_word' id='word_1_548' title='bbox 2614 3778 2728 3831; x_wconf 86' lang='grc' dir='ltr'>ἀλλ’</span> <span class='ocrx_word' id='word_1_549' title='bbox 2758 3778 2833 3841; x_wconf 85' lang='grc' dir='ltr'>ὡς</span> <span class='ocrx_word' id='word_1_550' title='bbox 2864 3778 3078 3849; x_wconf 87' lang='grc' dir='ltr'>ἀληθῶς</span> <span class='ocrx_word' id='word_1_551' title='bbox 3111 3777 3261 3847; x_wconf 83' lang='grc' dir='ltr'>αὑτῷ</span> <span class='ocrx_word' id='word_1_552' title='bbox 3298 3777 3717 3847; x_wconf 75' lang='grc' dir='ltr'>πλησιαζούσας</span> 
     </span>
    </p>
   </div>
   <div class='ocr_carea' id='block_1_84' title="bbox 2116 3866 3712 3941">
    <p class='ocr_par' dir='ltr' id='par_1_84' title="bbox 2116 3866 3712 3941">
     <span class='ocr_line' id='line_1_84' title="bbox 2116 3866 3712 3941; baseline -0.003 -20"><span class='ocrx_word' id='word_1_553' title='bbox 2116 3871 2175 3923; x_wconf 82' lang='grc' dir='ltr'>ὲν</span> <span class='ocrx_word' id='word_1_554' title='bbox 2222 3868 2415 3941; x_wconf 83' lang='grc' dir='ltr'>πρώτῃ</span> <span class='ocrx_word' id='word_1_555' title='bbox 2464 3868 2724 3940; x_wconf 77' lang='grc' dir='ltr'>μετουσίᾳ</span> <span class='ocrx_word' id='word_1_556' title='bbox 2768 3869 2869 3939; x_wconf 83' lang='grc' dir='ltr'>τῆς</span> <span class='ocrx_word' id='word_1_557' title='bbox 2910 3867 3167 3936; x_wconf 85' lang='grc' dir='ltr'>γνώσεως</span> <span class='ocrx_word' id='word_1_558' title='bbox 3210 3867 3319 3919; x_wconf 88' lang='grc' dir='ltr'>τῶν</span> <span class='ocrx_word' id='word_1_559' title='bbox 3364 3866 3712 3935; x_wconf 85' lang='grc' dir='ltr'>θεουργικῶν</span> 
     </span>
    </p>
   </div>
   <div class='ocr_carea' id='block_1_85' title="bbox 2115 3957 3714 4029">
    <p class='ocr_par' dir='ltr' id='par_1_85' title="bbox 2115 3957 3714 4029">
     <span class='ocr_line' id='line_1_85' title="bbox 2115 3957 3714 4029; baseline -0.002 -17"><span class='ocrx_word' id='word_1_560' title='bbox 2115 3960 2280 4013; x_wconf 88' lang='grc' dir='ltr'>αὑτοῦ</span> <span class='ocrx_word' id='word_1_561' title='bbox 2324 3960 2541 4029; x_wconf 79' lang='grc' dir='ltr'>φώτων⁹</span> <span class='ocrx_word' id='word_1_562' title='bbox 2593 3960 2688 4012; x_wconf 77' lang='grc' dir='ltr'>καὶ</span> <span class='ocrx_word' id='word_1_563' title='bbox 2741 3959 2851 4029; x_wconf 82' lang='grc' dir='ltr'>μὴν</span> <span class='ocrx_word' id='word_1_564' title='bbox 2902 3960 2984 4012; x_wconf 86' lang='grc' dir='ltr'>ὅτι</span> <span class='ocrx_word' id='word_1_565' title='bbox 3035 3958 3094 4011; x_wconf 88' lang='grc' dir='ltr'>τὸ</span> <span class='ocrx_word' id='word_1_566' title='bbox 3146 3957 3475 4028; x_wconf 85' lang='grc' dir='ltr'>θεομίμητον</span> <span class='ocrx_word' id='word_1_567' title='bbox 3508 3958 3714 4021; x_wconf 84' lang='grc' dir='ltr'>αὑταῖς</span> 
     </span>
    </p>
   </div>
   <div class='ocr_carea' id='block_1_86' title="bbox 2116 4050 3717 4123">
    <p class='ocr_par' dir='ltr' id='par_1_86' title="bbox 2116 4050 3717 4123">
     <span class='ocr_line' id='line_1_86' title="bbox 2116 4050 3717 4123; baseline -0.002 -18"><span class='ocrx_word' id='word_1_568' title='bbox 2116 4052 2434 4122; x_wconf 84' lang='grc' dir='ltr'>ὑπερτάτως</span> <span class='ocrx_word' id='word_1_569' title='bbox 2446 4051 2765 4123; x_wconf 83' lang='grc' dir='ltr'>δεδώρηται,</span> <span class='ocrx_word' id='word_1_570' title='bbox 2790 4052 2882 4104; x_wconf 75' lang='grc' dir='ltr'>καὶ</span> <span class='ocrx_word' id='word_1_571' title='bbox 2912 4050 3248 4113; x_wconf 78' lang='grc' dir='ltr'>κοινωνοῦσι,</span> <span class='ocrx_word' id='word_1_572' title='bbox 3274 4051 3415 4103; x_wconf 87' lang='grc' dir='ltr'>κατά</span> <span class='ocrx_word' id='word_1_573' title='bbox 3435 4050 3495 4102; x_wconf 85' lang='grc' dir='ltr'>τὸ</span> <span class='ocrx_word' id='word_1_574' title='bbox 3511 4051 3717 4115; x_wconf 78' lang='grc' dir='ltr'>αὑταῖς</span> 
     </span>
    </p>
   </div>
   <div class='ocr_carea' id='block_1_87' title="bbox 2114 4142 3715 4215">
    <p class='ocr_par' dir='ltr' id='par_1_87' title="bbox 2114 4142 3715 4215">
     <span class='ocr_line' id='line_1_87' title="bbox 2114 4142 3715 4215; baseline 0.001 -20"><span class='ocrx_word' id='word_1_575' title='bbox 2114 4142 2360 4212; x_wconf 78' lang='grc' dir='ltr'>ἐφικτὸν,</span> <span class='ocrx_word' id='word_1_576' title='bbox 2420 4146 2477 4196; x_wconf 84' lang='grc' dir='ltr'>ἐν</span> <span class='ocrx_word' id='word_1_577' title='bbox 2536 4144 2873 4214; x_wconf 86' lang='grc' dir='ltr'>πρωτουργῷ</span> <span class='ocrx_word' id='word_1_578' title='bbox 2917 4143 3141 4214; x_wconf 89' lang='grc' dir='ltr'>δυνάμει</span> <span class='ocrx_word' id='word_1_579' title='bbox 3185 4147 3305 4207; x_wconf 83' lang='grc' dir='ltr'>ταῖς</span> <span class='ocrx_word' id='word_1_580' title='bbox 3358 4144 3715 4215; x_wconf 70' lang='grc' dir='ltr'>θεουργικαῖς</span> 
     </span>
    </p>
   </div>
   <div class='ocr_carea' id='block_1_88' title="bbox 2113 4232 3714 4306">
    <p class='ocr_par' dir='ltr' id='par_1_88' title="bbox 2113 4232 3714 4306">
     <span class='ocr_line' id='line_1_88' title="bbox 2113 4232 3714 4306; baseline 0.002 -20"><span class='ocrx_word' id='word_1_581' title='bbox 2113 4232 2278 4287; x_wconf 84' lang='grc' dir='ltr'>αὑτοῦ</span> <span class='ocrx_word' id='word_1_582' title='bbox 2326 4235 2421 4287; x_wconf 84' lang='grc' dir='ltr'>καί</span> <span class='ocrx_word' id='word_1_583' title='bbox 2466 4232 2866 4305; x_wconf 80' lang='grc' dir='ltr'>φιλανθρώποις</span> <span class='ocrx_word' id='word_1_584' title='bbox 2918 4236 3157 4306; x_wconf 81' lang='grc' dir='ltr'>ἀρεταῖς.</span> <span class='ocrx_word' id='word_1_585' title='bbox 3199 4235 3602 4305; x_wconf 78' lang='grc' dir='ltr'>Τετελεσμένας</span> <span class='ocrx_word' id='word_1_586' title='bbox 3645 4236 3714 4290; x_wconf 83' lang='grc' dir='ltr'>δὲ</span> 
     </span>
    </p>
   </div>
   <div class='ocr_carea' id='block_1_89' title="bbox 2114 4324 3715 4400">
    <p class='ocr_par' dir='ltr' id='par_1_89' title="bbox 2114 4324 3715 4400">
     <span class='ocr_line' id='line_1_89' title="bbox 2114 4324 3715 4400; baseline 0.002 -24"><span class='ocrx_word' id='word_1_587' title='bbox 2114 4324 2394 4388; x_wconf 80' lang='grc' dir='ltr'>ὡσαύτως,</span> <span class='ocrx_word' id='word_1_588' title='bbox 2424 4326 2523 4396; x_wconf 90' lang='grc' dir='ltr'>οὑχ</span> <span class='ocrx_word' id='word_1_589' title='bbox 2553 4325 2628 4388; x_wconf 85' lang='grc' dir='ltr'>ὡς</span> <span class='ocrx_word' id='word_1_590' title='bbox 2655 4324 2925 4388; x_wconf 86' lang='grc' dir='ltr'>ποικιλίας</span> <span class='ocrx_word' id='word_1_591' title='bbox 2957 4328 3106 4397; x_wconf 86' lang='grc' dir='ltr'>ἱερᾶς</span> <span class='ocrx_word' id='word_1_592' title='bbox 3124 4327 3452 4399; x_wconf 81' lang='grc' dir='ltr'>ἀναλυτικὴν</span> <span class='ocrx_word' id='word_1_593' title='bbox 3472 4329 3715 4400; x_wconf 79' lang='grc' dir='ltr'>ἐπιστή-</span> 
     </span>
    </p>
   </div>
   <div class='ocr_carea' id='block_1_90' title="bbox 2115 4416 3715 4493">
    <p class='ocr_par' dir='ltr' id='par_1_90' title="bbox 2115 4416 3715 4493">
     <span class='ocr_line' id='line_1_90' title="bbox 2115 4416 3715 4493; baseline 0.002 -24"><span class='ocrx_word' id='word_1_594' title='bbox 2115 4433 2222 4487; x_wconf 85' lang='grc' dir='ltr'>μην</span> <span class='ocrx_word' id='word_1_595' title='bbox 2255 4416 2687 4487; x_wconf 84' lang='grc' dir='ltr'>ὲλλαμπομένας,</span> <span class='ocrx_word' id='word_1_596' title='bbox 2709 4416 2821 4470; x_wconf 84' lang='grc' dir='ltr'>ἀλλ’</span> <span class='ocrx_word' id='word_1_597' title='bbox 2842 4418 2918 4480; x_wconf 87' lang='grc' dir='ltr'>ὡς</span> <span class='ocrx_word' id='word_1_598' title='bbox 2947 4417 3170 4489; x_wconf 81' lang='grc' dir='ltr'>πρώτης</span> <span class='ocrx_word' id='word_1_599' title='bbox 3200 4420 3294 4472; x_wconf 75' lang='grc' dir='ltr'>καὶ</span> <span class='ocrx_word' id='word_1_600' title='bbox 3325 4419 3715 4493; x_wconf 78' lang='grc' dir='ltr'>ὑπερεχούσης</span> 
     </span>
    </p>
   </div>
   <div class='ocr_carea' id='block_1_91' title="bbox 2113 4505 3714 4579">
    <p class='ocr_par' dir='ltr' id='par_1_91' title="bbox 2113 4505 3714 4579">
     <span class='ocr_line' id='line_1_91' title="bbox 2113 4505 3714 4579; baseline 0.002 -21"><span class='ocrx_word' id='word_1_601' title='bbox 2113 4505 2360 4569; x_wconf 90' lang='grc' dir='ltr'>θεώσεως</span> <span class='ocrx_word' id='word_1_602' title='bbox 2396 4505 2909 4577; x_wconf 88' lang='grc' dir='ltr'>ἀποπληρουμένας,</span> <span class='ocrx_word' id='word_1_603' title='bbox 2958 4506 3101 4559; x_wconf 88' lang='grc' dir='ltr'>κατά</span> <span class='ocrx_word' id='word_1_604' title='bbox 3137 4507 3234 4579; x_wconf 84' lang='grc' dir='ltr'>τὴν</span> <span class='ocrx_word' id='word_1_605' title='bbox 3280 4507 3591 4579; x_wconf 84' lang='grc' dir='ltr'>ὑπερτάτην</span> <span class='ocrx_word' id='word_1_606' title='bbox 3623 4509 3714 4573; x_wconf 81' lang='grc' dir='ltr'>ὡς</span> 
     </span>
    </p>
   </div>
   <div class='ocr_carea' id='block_1_92' title="bbox 2112 4592 3715 4672">
    <p class='ocr_par' dir='ltr' id='par_1_92' title="bbox 2112 4592 3715 4672">
     <span class='ocr_line' id='line_1_92' title="bbox 2112 4592 3715 4672; baseline 0.003 -24"><span class='ocrx_word' id='word_1_607' title='bbox 2112 4598 2170 4651; x_wconf 82' lang='grc' dir='ltr'>έν</span> <span class='ocrx_word' id='word_1_608' title='bbox 2219 4598 2470 4667; x_wconf 82' lang='grc' dir='ltr'>ἀγγέλοις</span> <span class='ocrx_word' id='word_1_609' title='bbox 2513 4597 2620 4652; x_wconf 91' lang='grc' dir='ltr'>τῶν</span> <span class='ocrx_word' id='word_1_610' title='bbox 2662 4598 2955 4669; x_wconf 88' lang='grc' dir='ltr'>θεουργιῶν</span> <span class='ocrx_word' id='word_1_611' title='bbox 3001 4599 3339 4671; x_wconf 81' lang='grc' dir='ltr'>ἐπιστήμην·</span> <span class='ocrx_word' id='word_1_612' title='bbox 3387 4601 3448 4652; x_wconf 82' lang='grc' dir='ltr'>οὑ</span> <span class='ocrx_word' id='word_1_613' title='bbox 3495 4600 3605 4672; x_wconf 70' lang='grc' dir='ltr'>γάρ</span> <span class='ocrx_word' id='word_1_614' title='bbox 3631 4592 3715 4653; x_wconf 64' lang='grc' dir='ltr'>δι⁶</span> 
     </span>
    </p>
   </div>
   <div class='ocr_carea' id='block_1_93' title="bbox 438 4687 2011 4769">
    <p class='ocr_par' dir='ltr' id='par_1_93' title="bbox 438 4691 2007 4761">
     <span class='ocr_line' id='line_1_93' title="bbox 438 4691 2007 4761; baseline -0.001 -14"><span class='ocrx_word' id='word_1_615' title='bbox 438 4693 863 4747; x_wconf 80' lang='lat' dir='ltr'><strong>communicent.</strong></span> <span class='ocrx_word' id='word_1_616' title='bbox 910 4692 1177 4747; x_wconf 87' lang='lat' dir='ltr'><strong>Similiter</strong></span> <span class='ocrx_word' id='word_1_617' title='bbox 1220 4691 1477 4761; x_wconf 74' lang='lat' dir='ltr'><strong>pcrlccue</strong></span> <span class='ocrx_word' id='word_1_618' title='bbox 1526 4701 1673 4758; x_wconf 91' lang='lat' dir='ltr'><strong>sunt,</strong></span> <span class='ocrx_word' id='word_1_619' title='bbox 1715 4706 1819 4744; x_wconf 91' lang='lat' dir='ltr'>non</span> <span class='ocrx_word' id='word_1_620' title='bbox 1852 4692 2007 4760; x_wconf 87' lang='lat' dir='ltr'><strong>quasi</strong></span> 
     </span>
    </p>
   </div>
   <div class='ocr_carea' id='block_1_94' title="bbox 2114 4687 3712 4769">
    <p class='ocr_par' dir='ltr' id='par_1_94' title="bbox 2114 4687 3712 4762">
     <span class='ocr_line' id='line_1_94' title="bbox 2114 4687 3712 4762; baseline 0 -20"><span class='ocrx_word' id='word_1_621' title='bbox 2114 4688 2285 4743; x_wconf 85' lang='grc' dir='ltr'>ἄλλων</span> <span class='ocrx_word' id='word_1_622' title='bbox 2315 4688 2485 4756; x_wconf 82' lang='grc' dir='ltr'>ἁγίων</span> <span class='ocrx_word' id='word_1_623' title='bbox 2512 4687 2730 4751; x_wconf 85' lang='grc' dir='ltr'>οὐσιῶν,</span> <span class='ocrx_word' id='word_1_624' title='bbox 2763 4688 2898 4741; x_wconf 86' lang='grc' dir='ltr'>ἀλλὰ</span> <span class='ocrx_word' id='word_1_625' title='bbox 2928 4690 3065 4762; x_wconf 85' lang='grc' dir='ltr'>πρὸς</span> <span class='ocrx_word' id='word_1_626' title='bbox 3107 4690 3279 4758; x_wconf 81' lang='grc' dir='ltr'>αὑτῆς</span> <span class='ocrx_word' id='word_1_627' title='bbox 3301 4690 3405 4759; x_wconf 78' lang='grc' dir='ltr'>τῆς</span> <span class='ocrx_word' id='word_1_628' title='bbox 3436 4689 3712 4760; x_wconf 83' lang='grc' dir='ltr'>θεαρχὶας</span> 
     </span>
    </p>
   </div>
   <div class='ocr_carea' id='block_1_95' title="bbox 443 4781 2010 4838">
    <p class='ocr_par' dir='ltr' id='par_1_95' title="bbox 443 4781 2010 4838">
     <span class='ocr_line' id='line_1_95' title="bbox 443 4781 2010 4838; baseline 0.001 -5"><span class='ocrx_word' id='word_1_629' title='bbox 443 4781 729 4835; x_wconf 85' lang='lat' dir='ltr'><strong>varietates</strong></span> <span class='ocrx_word' id='word_1_630' title='bbox 756 4783 890 4837; x_wconf 90' lang='lat' dir='ltr'><strong>istas</strong></span> <span class='ocrx_word' id='word_1_631' title='bbox 936 4798 1124 4838; x_wconf 88' lang='lat' dir='ltr'><strong>sacras</strong></span> <span class='ocrx_word' id='word_1_632' title='bbox 1170 4781 1478 4838; x_wconf 85' lang='lat' dir='ltr'><strong>resolvendi</strong></span> <span class='ocrx_word' id='word_1_633' title='bbox 1530 4782 1755 4835; x_wconf 86' lang='lat' dir='ltr'><strong>scientia</strong></span> <span class='ocrx_word' id='word_1_634' title='bbox 1795 4782 1906 4836; x_wconf 90' lang='lat' dir='ltr'><strong>sint</strong></span> <span class='ocrx_word' id='word_1_635' title='bbox 1942 4781 2010 4835; x_wconf 92' lang='lat' dir='ltr'><strong>il-</strong></span> 
     </span>
    </p>
   </div>
   <div class='ocr_carea' id='block_1_96' title="bbox 441 4873 2009 4944">
    <p class='ocr_par' dir='ltr' id='par_1_96' title="bbox 441 4873 2009 4944">
     <span class='ocr_line' id='line_1_96' title="bbox 441 4873 2009 4944; baseline 0.002 -18"><span class='ocrx_word' id='word_1_636' title='bbox 441 4873 722 4940; x_wconf 72' lang='lat' dir='ltr'><strong>lustratzc;</strong></span> <span class='ocrx_word' id='word_1_637' title='bbox 748 4875 838 4929; x_wconf 89' lang='lat' dir='ltr'>sed</span> <span class='ocrx_word' id='word_1_638' title='bbox 863 4875 1003 4943; x_wconf 86' lang='lat' dir='ltr'><strong>quod</strong></span> <span class='ocrx_word' id='word_1_639' title='bbox 1030 4875 1203 4944; x_wconf 90' lang='lat' dir='ltr'><strong>prima</strong></span> <span class='ocrx_word' id='word_1_640' title='bbox 1235 4884 1289 4927; x_wconf 93' lang='lat' dir='ltr'>et</span> <span class='ocrx_word' id='word_1_641' title='bbox 1314 4874 1656 4942; x_wconf 60' lang='lat' dir='ltr'><strong>praecellente</strong></span> <span class='ocrx_word' id='word_1_642' title='bbox 1678 4874 1771 4929; x_wconf 89' lang='lat' dir='ltr'>Dei</span> <span class='ocrx_word' id='word_1_643' title='bbox 1808 4875 2009 4929; x_wconf 89' lang='lat' dir='ltr'><strong>unione</strong></span> 
     </span>
    </p>
   </div>
   <div class='ocr_carea' id='block_1_97' title="bbox 439 4962 2010 5035">
    <p class='ocr_par' dir='ltr' id='par_1_97' title="bbox 439 4962 2010 5035">
     <span class='ocr_line' id='line_1_97' title="bbox 439 4962 2010 5035; baseline 0.002 -17"><span class='ocrx_word' id='word_1_644' title='bbox 439 4964 734 5028; x_wconf 89' lang='lat' dir='ltr'><strong>satientur,</strong></span> <span class='ocrx_word' id='word_1_645' title='bbox 774 4962 927 5029; x_wconf 64' lang='lat' dir='ltr'><strong>juxta</strong></span> <span class='ocrx_word' id='word_1_646' title='bbox 973 4979 1280 5035; x_wconf 88' lang='lat' dir='ltr'><strong>supremam</strong></span> <span class='ocrx_word' id='word_1_647' title='bbox 1345 4966 1489 5019; x_wconf 86' lang='lat' dir='ltr'><strong>illam</strong></span> <span class='ocrx_word' id='word_1_648' title='bbox 1546 4965 1724 5035; x_wconf 81' lang='lat' dir='ltr'><strong>(cujus</strong></span> <span class='ocrx_word' id='word_1_649' title='bbox 1781 4981 2010 5034; x_wconf 82' lang='lat' dir='ltr'><strong>capaces</strong></span> 
     </span>
    </p>
   </div>
   <div class='ocr_carea' id='block_1_98' title="bbox 441 5055 2007 5128">
    <p class='ocr_par' dir='ltr' id='par_1_98' title="bbox 441 5055 2007 5128">
     <span class='ocr_line' id='line_1_98' title="bbox 441 5055 2007 5128; baseline 0.001 -18"><span class='ocrx_word' id='word_1_650' title='bbox 441 5064 568 5110; x_wconf 86' lang='lat' dir='ltr'><strong>sunt</strong></span> <span class='ocrx_word' id='word_1_651' title='bbox 594 5055 794 5125; x_wconf 78' lang='lat' dir='ltr'><strong>angeli)</strong></span> <span class='ocrx_word' id='word_1_652' title='bbox 819 5056 1128 5111; x_wconf 91' lang='lat' dir='ltr'><strong>divinorum</strong></span> <span class='ocrx_word' id='word_1_653' title='bbox 1152 5072 1377 5127; x_wconf 88' lang='lat' dir='ltr'><strong>operum</strong></span> <span class='ocrx_word' id='word_1_654' title='bbox 1405 5057 1750 5125; x_wconf 83' lang='lat' dir='ltr'><strong>disciplinam</strong></span> <span class='ocrx_word' id='word_1_655' title='bbox 1784 5074 1799 5111; x_wconf 87' lang='lat'><strong>:</strong></span> <span class='ocrx_word' id='word_1_656' title='bbox 1835 5059 2007 5128; x_wconf 89' lang='lat' dir='ltr'><strong>siqui-</strong></span> 
     </span>
    </p>
   </div>
   <div class='ocr_carea' id='block_1_99' title="bbox 440 5146 2011 5217">
    <p class='ocr_par' dir='ltr' id='par_1_99' title="bbox 440 5146 2011 5217">
     <span class='ocr_line' id='line_1_99' title="bbox 440 5146 2011 5217; baseline 0.002 -17"><span class='ocrx_word' id='word_1_657' title='bbox 440 5148 559 5200; x_wconf 88' lang='lat' dir='ltr'>dem</span> <span class='ocrx_word' id='word_1_658' title='bbox 586 5161 693 5200; x_wconf 91' lang='lat' dir='ltr'>non</span> <span class='ocrx_word' id='word_1_659' title='bbox 720 5147 789 5200; x_wconf 85' lang='lat' dir='ltr'>ab</span> <span class='ocrx_word' id='word_1_660' title='bbox 821 5146 943 5201; x_wconf 91' lang='lat' dir='ltr'><strong>aliis</strong></span> <span class='ocrx_word' id='word_1_661' title='bbox 975 5149 1301 5217; x_wconf 84' lang='lat' dir='ltr'><strong>quibusdam</strong></span> <span class='ocrx_word' id='word_1_662' title='bbox 1324 5148 1532 5204; x_wconf 88' lang='lat' dir='ltr'><strong>sanctis</strong></span> <span class='ocrx_word' id='word_1_663' title='bbox 1563 5149 1844 5214; x_wconf 91' lang='lat' dir='ltr'><strong>spiritibus</strong></span> <span class='ocrx_word' id='word_1_664' title='bbox 1868 5187 1887 5215; x_wconf 80' lang='lat'>,</span> <span class='ocrx_word' id='word_1_665' title='bbox 1914 5151 2011 5204; x_wconf 89' lang='lat' dir='ltr'>sed</span> 
     </span>
    </p>
   </div>
   <div class='ocr_carea' id='block_1_100' title="bbox 440 5238 2009 5306">
    <p class='ocr_par' dir='ltr' id='par_1_100' title="bbox 440 5238 2009 5306">
     <span class='ocr_line' id='line_1_100' title="bbox 440 5238 2009 5306; baseline 0.003 -16"><span class='ocrx_word' id='word_1_666' title='bbox 440 5239 508 5291; x_wconf 88' lang='lat' dir='ltr'>ab</span> <span class='ocrx_word' id='word_1_667' title='bbox 558 5238 785 5306; x_wconf 89' lang='lat' dir='ltr'><strong>ipsamet</strong></span> <span class='ocrx_word' id='word_1_668' title='bbox 825 5238 1116 5294; x_wconf 87' lang='lat' dir='ltr'><strong>Diviuitate</strong></span> <span class='ocrx_word' id='word_1_669' title='bbox 1161 5240 1335 5295; x_wconf 89' lang='lat' dir='ltr'><strong>sacris</strong></span> <span class='ocrx_word' id='word_1_670' title='bbox 1397 5238 1714 5305; x_wconf 87' lang='lat' dir='ltr'><strong>initiantur,</strong></span> <span class='ocrx_word' id='word_1_671' title='bbox 1767 5240 1896 5293; x_wconf 92' lang='lat' dir='ltr'>dum</span> <span class='ocrx_word' id='word_1_672' title='bbox 1941 5240 2009 5294; x_wconf 88' lang='lat' dir='ltr'>ad</span> 
     </span>
    </p>
   </div>
   <div class='ocr_carea' id='block_1_101' title="bbox 2118 4780 3715 4853">
    <p class='ocr_par' dir='ltr' id='par_1_101' title="bbox 2118 4780 3715 4853">
     <span class='ocr_line' id='line_1_101' title="bbox 2118 4780 3715 4853; baseline 0.001 -20"><span class='ocrx_word' id='word_1_673' title='bbox 2118 4780 2555 4853; x_wconf 79' lang='grc' dir='ltr'>ἱεραρχούμεναι,</span> <span class='ocrx_word' id='word_1_674' title='bbox 2585 4780 2664 4851; x_wconf 81' lang='grc' dir='ltr'>τῷ</span> <span class='ocrx_word' id='word_1_675' title='bbox 2691 4780 2778 4832; x_wconf 81' lang='grc' dir='ltr'>ἐπ’</span> <span class='ocrx_word' id='word_1_676' title='bbox 2819 4782 2988 4852; x_wconf 83' lang='grc' dir='ltr'>αὑτὴν</span> <span class='ocrx_word' id='word_1_677' title='bbox 3016 4782 3204 4853; x_wconf 85' lang='grc' dir='ltr'>ἁμέσῳ</span> <span class='ocrx_word' id='word_1_678' title='bbox 3224 4782 3268 4812; x_wconf 81' lang='grc'>⁸⁸</span> <span class='ocrx_word' id='word_1_679' title='bbox 3300 4780 3715 4847; x_wconf 80' lang='grc' dir='ltr'>ἀνατείνεσθαι,</span> 
     </span>
    </p>
   </div>
   <div class='ocr_carea' id='block_1_102' title="bbox 2111 4878 3711 4951">
    <p class='ocr_par' dir='ltr' id='par_1_102' title="bbox 2111 4878 3711 4951">
     <span class='ocr_line' id='line_1_102' title="bbox 2111 4878 3711 4951; baseline 0.001 -21"><span class='ocrx_word' id='word_1_680' title='bbox 2111 4881 2178 4949; x_wconf 79' lang='grc' dir='ltr'>τῇ</span> <span class='ocrx_word' id='word_1_681' title='bbox 2208 4880 2424 4933; x_wconf 84' lang='grc' dir='ltr'>πάντων</span> <span class='ocrx_word' id='word_1_682' title='bbox 2465 4878 2807 4951; x_wconf 76' lang='grc' dir='ltr'>ὑπερεχούση</span> <span class='ocrx_word' id='word_1_683' title='bbox 2852 4879 3077 4950; x_wconf 88' lang='grc' dir='ltr'>δυνάμει</span> <span class='ocrx_word' id='word_1_684' title='bbox 3106 4881 3200 4933; x_wconf 75' lang='grc' dir='ltr'>καὶ</span> <span class='ocrx_word' id='word_1_685' title='bbox 3230 4881 3404 4945; x_wconf 80' lang='grc' dir='ltr'>τάξει,</span> <span class='ocrx_word' id='word_1_686' title='bbox 3436 4881 3529 4933; x_wconf 78' lang='grc' dir='ltr'>καὶ</span> <span class='ocrx_word' id='word_1_687' title='bbox 3562 4880 3711 4951; x_wconf 83' lang='grc' dir='ltr'>πρὸς</span> 
     </span>
    </p>
   </div>
   <div class='ocr_carea' id='block_1_103' title="bbox 2111 4970 3711 5042">
    <p class='ocr_par' dir='ltr' id='par_1_103' title="bbox 2111 4970 3711 5042">
     <span class='ocr_line' id='line_1_103' title="bbox 2111 4970 3711 5042; baseline 0.002 -21"><span class='ocrx_word' id='word_1_688' title='bbox 2111 4971 2172 5022; x_wconf 85' lang='grc' dir='ltr'>τὸ</span> <span class='ocrx_word' id='word_1_689' title='bbox 2201 4970 2474 5039; x_wconf 84' lang='grc' dir='ltr'>πάναγνον</span> <span class='ocrx_word' id='word_1_690' title='bbox 2520 4972 2614 5024; x_wconf 80' lang='grc' dir='ltr'>καὶ</span> <span class='ocrx_word' id='word_1_691' title='bbox 2651 4971 2793 5024; x_wconf 87' lang='grc' dir='ltr'>κατά</span> <span class='ocrx_word' id='word_1_692' title='bbox 2823 4972 3172 5042; x_wconf 79' lang='grc' dir='ltr'>παναῤῥεπὲς</span> <span class='ocrx_word' id='word_1_693' title='bbox 3200 4972 3245 5001; x_wconf 73' lang='grc'>’⁸</span> <span class='ocrx_word' id='word_1_694' title='bbox 3278 4971 3572 5042; x_wconf 84' lang='grc' dir='ltr'>ἱδρύονται,</span> <span class='ocrx_word' id='word_1_695' title='bbox 3604 4974 3711 5024; x_wconf 68' lang='grc' dir='ltr'>καὶ</span> 
     </span>
    </p>
   </div>
   <div class='ocr_carea' id='block_1_104' title="bbox 2114 5059 3709 5132">
    <p class='ocr_par' dir='ltr' id='par_1_104' title="bbox 2114 5059 3709 5132">
     <span class='ocr_line' id='line_1_104' title="bbox 2114 5059 3709 5132; baseline 0.002 -21"><span class='ocrx_word' id='word_1_696' title='bbox 2114 5060 2250 5131; x_wconf 82' lang='grc' dir='ltr'>πρὸς</span> <span class='ocrx_word' id='word_1_697' title='bbox 2281 5060 2378 5131; x_wconf 84' lang='grc' dir='ltr'>τὴν</span> <span class='ocrx_word' id='word_1_698' title='bbox 2407 5060 2566 5114; x_wconf 79' lang='grc' dir='ltr'>ἆῦλον</span> <span class='ocrx_word' id='word_1_699' title='bbox 2595 5061 2689 5113; x_wconf 76' lang='grc' dir='ltr'>καὶ</span> <span class='ocrx_word' id='word_1_700' title='bbox 2719 5060 2915 5131; x_wconf 85' lang='grc' dir='ltr'>νοητὴν</span> <span class='ocrx_word' id='word_1_701' title='bbox 2941 5060 3295 5132; x_wconf 83' lang='grc' dir='ltr'>εὐπρέπειαν,</span> <span class='ocrx_word' id='word_1_702' title='bbox 3342 5061 3419 5123; x_wconf 87' lang='grc' dir='ltr'>ὠς</span> <span class='ocrx_word' id='word_1_703' title='bbox 3456 5059 3709 5130; x_wconf 81' lang='grc' dir='ltr'>θεμιτὸν,</span> 
     </span>
    </p>
   </div>
   <div class='ocr_carea' id='block_1_105' title="bbox 2114 5151 3710 5222">
    <p class='ocr_par' dir='ltr' id='par_1_105' title="bbox 2114 5151 3710 5222">
     <span class='ocr_line' id='line_1_105' title="bbox 2114 5151 3710 5222; baseline 0 -17"><span class='ocrx_word' id='word_1_704' title='bbox 2114 5155 2194 5215; x_wconf 90' lang='grc' dir='ltr'>εἱς</span> <span class='ocrx_word' id='word_1_705' title='bbox 2241 5152 2471 5222; x_wconf 88' lang='grc' dir='ltr'>θεωρίαν</span> <span class='ocrx_word' id='word_1_706' title='bbox 2511 5152 2900 5222; x_wconf 82' lang='grc' dir='ltr'>προσάγονται,</span> <span class='ocrx_word' id='word_1_707' title='bbox 2941 5154 3036 5205; x_wconf 79' lang='grc' dir='ltr'>καὶ</span> <span class='ocrx_word' id='word_1_708' title='bbox 3081 5154 3209 5215; x_wconf 78' lang='grc' dir='ltr'>τοὺς</span> <span class='ocrx_word' id='word_1_709' title='bbox 3255 5152 3361 5204; x_wconf 87' lang='grc' dir='ltr'>τῶν</span> <span class='ocrx_word' id='word_1_710' title='bbox 3402 5151 3710 5222; x_wconf 85' lang='grc' dir='ltr'>θεουργιῶν</span> 
     </span>
    </p>
   </div>
   <div class='ocr_carea' id='block_1_106' title="bbox 2117 5242 3711 5316">
    <p class='ocr_par' dir='ltr' id='par_1_106' title="bbox 2117 5242 3711 5316">
     <span class='ocr_line' id='line_1_106' title="bbox 2117 5242 3711 5316; baseline 0.003 -22"><span class='ocrx_word' id='word_1_711' title='bbox 2117 5244 2570 5315; x_wconf 78' lang='grc' dir='ltr'>ὲπιστημονικοὺς</span> <span class='ocrx_word' id='word_1_712' title='bbox 2618 5242 2841 5311; x_wconf 86' lang='grc' dir='ltr'>λόγους,</span> <span class='ocrx_word' id='word_1_713' title='bbox 2890 5244 2967 5307; x_wconf 83' lang='grc' dir='ltr'>ὡς</span> <span class='ocrx_word' id='word_1_714' title='bbox 3007 5244 3221 5315; x_wconf 86' lang='grc' dir='ltr'>πρῶται</span> <span class='ocrx_word' id='word_1_715' title='bbox 3267 5245 3361 5299; x_wconf 78' lang='grc' dir='ltr'>καὶ</span> <span class='ocrx_word' id='word_1_716' title='bbox 3400 5246 3527 5316; x_wconf 87' lang='grc' dir='ltr'>περὶ</span> <span class='ocrx_word' id='word_1_717' title='bbox 3566 5244 3711 5298; x_wconf 74' lang='grc' dir='ltr'>Θεὸν</span> 
     </span>
    </p>
   </div>
   <div class='ocr_carea' id='block_1_107' title="bbox 1708 5421 2397 5479">
    <p class='ocr_par' dir='ltr' id='par_1_107' title="bbox 1708 5421 2397 5479">
     <span class='ocr_line' id='line_1_107' title="bbox 1708 5421 2397 5479; baseline 0.003 -2"><span class='ocrx_word' id='word_1_718' title='bbox 1708 5422 1948 5479; x_wconf 76' lang='lat' dir='ltr'>VARUE</span> <span class='ocrx_word' id='word_1_719' title='bbox 1988 5421 2397 5479; x_wconf 80' lang='lat' dir='ltr'>LECTIONES.</span> 
     </span>
    </p>
   </div>
   <div class='ocr_carea' id='block_1_108' title="bbox 511 5602 1647 5675">
    <p class='ocr_par' dir='ltr' id='par_1_108' title="bbox 511 5602 1647 5675">
     <span class='ocr_line' id='line_1_108' title="bbox 511 5602 1647 5675; baseline -0.011 -3"><span class='ocrx_word' id='word_1_720' title='bbox 511 5602 558 5675; x_wconf 62' lang='grc' dir='ltr'>’ξ</span> <span class='ocrx_word' id='word_1_721' title='bbox 576 5618 669 5675; x_wconf 79' lang='grc' dir='ltr'>γρο</span> <span class='ocrx_word' id='word_1_722' title='bbox 698 5603 1049 5675; x_wconf 63' lang='grc' dir='ltr'>ἐκφαντορία.</span> <span class='ocrx_word' id='word_1_723' title='bbox 1126 5605 1167 5635; x_wconf 73' lang='grc' dir='ltr'>’ί</span> <span class='ocrx_word' id='word_1_724' title='bbox 1202 5606 1263 5659; x_wconf 84' lang='grc'><strong>1).</strong></span> <span class='ocrx_word' id='word_1_725' title='bbox 1293 5605 1349 5661; x_wconf 91' lang='lat' dir='ltr'>S.</span> <span class='ocrx_word' id='word_1_726' title='bbox 1382 5606 1559 5662; x_wconf 85' lang='lat' dir='ltr'>P.Ch.</span> <span class='ocrx_word' id='word_1_727' title='bbox 1586 5607 1647 5660; x_wconf 84' lang='grc' dir='ltr'>τὸ</span> 
     </span>
    </p>
   </div>
   <div class='ocr_carea' id='block_1_109' title="bbox 442 5671 1990 5798">
    <p class='ocr_par' dir='ltr' id='par_1_109' title="bbox 442 5671 1990 5798">
     <span class='ocr_line' id='line_1_109' title="bbox 442 5671 1990 5798; baseline -0.034 -70"><span class='ocrx_word' id='word_1_728' title='bbox 442 5671 490 5775; x_wconf 59' lang='lat' dir='ltr'><strong>:i</strong></span> <span class='ocrx_word' id='word_1_729' title='bbox 517 5672 580 5726; x_wconf 83' lang='lat' dir='ltr'>C.</span> <span class='ocrx_word' id='word_1_730' title='bbox 607 5671 668 5725; x_wconf 78' lang='grc' dir='ltr'>υ.</span> <span class='ocrx_word' id='word_1_731' title='bbox 695 5673 750 5726; x_wconf 79' lang='grc' dir='ltr'>Ρ.</span> <span class='ocrx_word' id='word_1_732' title='bbox 782 5671 1109 5798; x_wconf 45' lang='grc' dir='ltr'>ἀευξινίτρυ.</span> <span class='ocrx_word' id='word_1_733' title='bbox 1188 5677 1233 5707; x_wconf 68' lang='grc' dir='ltr'><strong>υ</strong></span> <span class='ocrx_word' id='word_1_734' title='bbox 1259 5678 1291 5749; x_wconf 68' lang='grc' dir='ltr'>ἡ</span> <span class='ocrx_word' id='word_1_735' title='bbox 1322 5678 1541 5750; x_wconf 63' lang='grc' dir='ltr'>νοερῶν1</span> <span class='ocrx_word' id='word_1_736' title='bbox 1578 5671 1682 5735; x_wconf 52' lang='lat' dir='ltr'>Ch.-</span> <span class='ocrx_word' id='word_1_737' title='bbox 1711 5681 1774 5739; x_wconf 60' lang='grc' dir='ltr'>Β.</span> <span class='ocrx_word' id='word_1_738' title='bbox 1798 5671 1877 5739; x_wconf 59' lang='grc' dir='ltr'><strong>.Ρί</strong></span> 
     </span>
     <span class='ocr_line' id='line_1_110' title="bbox 512 5740 1229 5798; baseline -0.015 6"><span class='ocrx_word' id='word_1_739' title='bbox 512 5742 609 5798; x_wconf 74' lang='lat' dir='ltr'><strong>Cll-</strong></span> <span class='ocrx_word' id='word_1_740' title='bbox 646 5740 705 5798; x_wconf 49' lang='grc' dir='ltr'>Ι).</span> <span class='ocrx_word' id='word_1_741' title='bbox 742 5744 806 5798; x_wconf 88' lang='lat' dir='ltr'>D.</span> <span class='ocrx_word' id='word_1_742' title='bbox 835 5761 943 5797; x_wconf 86' lang='grc' dir='ltr'>παν</span> <span class='ocrx_word' id='word_1_743' title='bbox 1013 5746 1229 5798; x_wconf 78' lang='grc' dir='ltr'>οόεπές.</span> 
     </span>
    </p>
   </div>
   <div class='ocr_carea' id='block_1_110' title="bbox 512 5740 1229 5823">
    <p class='ocr_par' dir='ltr' id='par_1_110' title="bbox 512 5740 1229 5823">
     <span class='ocr_line' id='line_1_111' title="bbox 512 5740 1229 5823; baseline 0.003 -25"><span class='ocrx_word' id='word_1_744' title='bbox 512 5742 609 5799; x_wconf 83' lang='lat' dir='ltr'>Ch.</span> <span class='ocrx_word' id='word_1_745' title='bbox 646 5740 705 5799; x_wconf 81' lang='grc' dir='ltr'>Ι),</span> <span class='ocrx_word' id='word_1_746' title='bbox 742 5744 806 5799; x_wconf 83' lang='grc'>1).</span> <span class='ocrx_word' id='word_1_747' title='bbox 835 5745 943 5797; x_wconf 80' lang='grc' dir='ltr'>πᾶν</span> <span class='ocrx_word' id='word_1_748' title='bbox 973 5740 1229 5823; x_wconf 66' lang='grc' dir='ltr'>ἀρρεπὲς.</span> 
     </span>
    </p>
   </div>
   <div class='ocr_carea' id='block_1_111' title="bbox 1670 5610 3700 5751">
    <p class='ocr_par' dir='ltr' id='par_1_111' title="bbox 1670 5610 3700 5751">
     <span class='ocr_line' id='line_1_112' title="bbox 1670 5610 3700 5684; baseline -0.004 -20"><span class='ocrx_word' id='word_1_749' title='bbox 1670 5610 1768 5678; x_wconf 83' lang='grc' dir='ltr'>μὲν</span> <span class='ocrx_word' id='word_1_750' title='bbox 1787 5612 1914 5684; x_wconf 87' lang='grc' dir='ltr'>γὰρ,</span> <span class='ocrx_word' id='word_1_751' title='bbox 1939 5613 2178 5682; x_wconf 86' lang='grc' dir='ltr'>ἀπάσης.</span> <span class='ocrx_word' id='word_1_752' title='bbox 2255 5612 2298 5641; x_wconf 85' lang='grc'>²¹</span> <span class='ocrx_word' id='word_1_753' title='bbox 2319 5610 2394 5673; x_wconf 87' lang='grc' dir='ltr'>ὡς</span> <span class='ocrx_word' id='word_1_754' title='bbox 2413 5623 2517 5663; x_wconf 90' lang='lat' dir='ltr'>non</span> <span class='ocrx_word' id='word_1_755' title='bbox 2544 5610 2707 5664; x_wconf 85' lang='lat' dir='ltr'><strong>habet</strong></span> <span class='ocrx_word' id='word_1_756' title='bbox 2731 5610 2829 5664; x_wconf 87' lang='lat' dir='ltr'>Ch.</span> <span class='ocrx_word' id='word_1_757' title='bbox 2856 5610 2917 5664; x_wconf 86' lang='lat' dir='ltr'>S.</span> <span class='ocrx_word' id='word_1_758' title='bbox 2954 5610 3010 5661; x_wconf 85' lang='lat' dir='ltr'>P.</span> <span class='ocrx_word' id='word_1_759' title='bbox 3043 5610 3134 5661; x_wconf 79' lang='lat' dir='ltr'>Sc.</span> <span class='ocrx_word' id='word_1_760' title='bbox 3170 5610 3291 5658; x_wconf 77' lang='lat' dir='ltr'>Sar.</span> <span class='ocrx_word' id='word_1_761' title='bbox 3322 5610 3587 5661; x_wconf 73' lang='grc' dir='ltr'>ἐοικυῖαν,</span> 
     </span>
     <span class='ocr_line' id='line_1_113' title="bbox 1670 5675 3700 5751; baseline -0.003 -16"><span class='ocrx_word' id='word_1_762' title='bbox 1670 5719 1676 5735; x_wconf 85' lang='grc'>.</span> <span class='ocrx_word' id='word_1_763' title='bbox 1711 5681 1774 5739; x_wconf 88' lang='lat' dir='ltr'>D.</span> <span class='ocrx_word' id='word_1_764' title='bbox 1810 5683 1872 5739; x_wconf 84' lang='grc' dir='ltr'>Ρ.</span> <span class='ocrx_word' id='word_1_765' title='bbox 2067 5684 2112 5716; x_wconf 78' lang='grc'>³³</span> <span class='ocrx_word' id='word_1_766' title='bbox 2137 5680 2201 5735; x_wconf 82' lang='lat' dir='ltr'><strong><em>D.</em></strong></span> <span class='ocrx_word' id='word_1_767' title='bbox 2236 5679 2294 5737; x_wconf 86' lang='lat' dir='ltr'>P.</span> <span class='ocrx_word' id='word_1_768' title='bbox 2330 5680 2389 5739; x_wconf 84' lang='lat' dir='ltr'>S.</span> <span class='ocrx_word' id='word_1_769' title='bbox 2422 5679 2665 5751; x_wconf 81' lang='grc' dir='ltr'>ὰμέσως,</span> <span class='ocrx_word' id='word_1_770' title='bbox 2700 5695 2865 5750; x_wconf 78' lang='lat' dir='ltr'><strong>quam</strong></span> <span class='ocrx_word' id='word_1_771' title='bbox 2906 5679 3191 5736; x_wconf 77' lang='lat' dir='ltr'><strong>lectionem</strong></span> <span class='ocrx_word' id='word_1_772' title='bbox 3220 5675 3370 5730; x_wconf 77' lang='lat' dir='ltr'><strong>Scot.</strong></span> <span class='ocrx_word' id='word_1_773' title='bbox 3399 5684 3700 5743; x_wconf 68' lang='lat' dir='ltr'><strong>express“.</strong></span> 
     </span>
    </p>
   </div>
   <div class='ocr_carea' id='block_1_112' title="bbox 2255 5600 3705 5673">
    <p class='ocr_par' dir='ltr' id='par_1_112' title="bbox 2255 5600 3705 5673">
     <span class='ocr_line' id='line_1_114' title="bbox 2255 5600 3705 5673; baseline -0.004 -12"><span class='ocrx_word' id='word_1_774' title='bbox 2255 5612 2298 5641; x_wconf 86' lang='grc'>²¹</span> <span class='ocrx_word' id='word_1_775' title='bbox 2319 5609 2394 5673; x_wconf 87' lang='grc' dir='ltr'>ὡς</span> <span class='ocrx_word' id='word_1_776' title='bbox 2413 5623 2517 5663; x_wconf 90' lang='lat' dir='ltr'>non</span> <span class='ocrx_word' id='word_1_777' title='bbox 2544 5608 2707 5664; x_wconf 86' lang='lat' dir='ltr'><strong>habet</strong></span> <span class='ocrx_word' id='word_1_778' title='bbox 2731 5608 2829 5664; x_wconf 89' lang='lat' dir='ltr'>Ch.</span> <span class='ocrx_word' id='word_1_779' title='bbox 2856 5607 2917 5664; x_wconf 86' lang='lat' dir='ltr'>S.</span> <span class='ocrx_word' id='word_1_780' title='bbox 2954 5606 3010 5661; x_wconf 85' lang='lat' dir='ltr'>P.</span> <span class='ocrx_word' id='word_1_781' title='bbox 3043 5604 3134 5661; x_wconf 80' lang='lat' dir='ltr'>Sc.</span> <span class='ocrx_word' id='word_1_782' title='bbox 3170 5602 3291 5658; x_wconf 88' lang='lat' dir='ltr'>Sar.</span> <span class='ocrx_word' id='word_1_783' title='bbox 3322 5602 3587 5661; x_wconf 76' lang='grc' dir='ltr'>ἐοικυῖαν,</span> <span class='ocrx_word' id='word_1_784' title='bbox 3628 5600 3705 5655; x_wconf 78' lang='grc' dir='ltr'>Μ.</span> 
     </span>
    </p>
   </div>
  </div>
