3908 6232
267 303 390 361 σοι)

1283 303 1370 359 DE
1404 302 1738 359 COELESTI
1774 303 2222 366 IIIERARCIIIA.
2261 306 2414 363 CAP.
2454 306 2559 363 VII.

3437 315 3544 371 210

267 417 461 482 οὖσαι,
501 416 760 490 μυοῦνται
791 419 928 490 πρὸς
953 419 1126 490 αὐτῆς
1155 419 1508 490 τελέταρχίας
1538 420 1581 450 ³⁷
1631 419 1831 490 ὑπερτά

1939 476 1942 489 _
1981 418 2145 472 Deum
2185 418 2497 474 immediate
2538 434 2634 488 per
2681 417 2935 476 virtutem
2976 420 3332 495 ordinemque
3384 427 3544 482 rebus

268 529 385 576 τως
418 512 860 583 ἱεραρχούμεναι.

1980 513 2232 567 omnibus
2277 511 2612 581 superiorem
2660 513 3032 583 subriguntur,
3085 529 3185 571 nec
3227 534 3331 572 non
3381 519 3434 573 in
3478 538 3542 575 cu

267 621 498 660 summa
532 607 774 675 puritate
799 619 1122 675 summaque
1151 605 1462 660 constantia
1487 605 1868 672 stabiliuntur;
1899 615 1954 660 et
1980 622 2080 676 pro
2132 606 2474 660 iinmateriali
2511 621 2575 660 ac
2619 606 2848 675 spiritali
2881 607 3076 662 decore
3115 624 3236 674 suo,
3277 624 3540 679 quantum

266 699 360 753 l'as
403 708 515 761 est,
565 701 632 752 ad
679 699 1199 769 contemplationem
1245 711 1658 768 promoventur,
1705 713 1870 771 atque
1918 702 2237 756 scientiiicis
2293 701 2602 757 divinorum
2649 717 2876 772 operum
2929 703 3247 768 rationibus,
3284 717 3541 774 tauquam

267 790 471 860 primae
500 793 718 860 Deoque
763 792 1061 862 proximae,
1117 793 1444 850 erudiuntur
1500 799 1570 848 ab
1600 793 1830 863 ipsumet
1880 795 2127 850 initiandi
2169 794 2460 864 principio,
2511 793 2770 850 eminenti
2818 795 2979 850 modo
3025 806 3368 854 consecratae.

1825 958 1854 1031 ς
1894 955 2006 1018 Ill.

337 1103 515 1157 Τοῦτο
534 1104 666 1171 γοῦν
697 1107 746 1159 oi
777 1105 1015 1176 θεολόγοι
1037 1108 1223 1176 σαφῶς
1249 1108 1467 1180 δηλοῦσι
1512 1109 1592 1172 τὸ,
1621 1107 1719 1172 τὰς
1760 1109 1856 1179 μὲν

257 1194 566 1266 ὑφειμένας
610 1199 717 1251 τῶν
757 1201 1024 1271 οὐρανίων
1053 1203 1250 1255 οὐσιῶν
1277 1201 1687 1274 διακοσμήσέις,
1720 1201 1857 1272 πρὸς

253 1287 372 1340 τῶν
435 1289 906 1360 ὐπερϐεϐηκυιῶν,
938 1295 1226 1367 εὐκόσμως
1283 1297 1695 1351 ἐκδιδάσκεσθαι
1756 1295 1856 1360 τὰς

255 1378 594 1450 θεουργικάς
637 1384 982 1455 ἐπιστήμας·
1021 1389 1119 1451 τὰς
1160 1389 1216 1442 δὲ
1259 1390 1447 1443 πασῶν
1497 1389 1850 1460 ὑψηλοτέρας,

255 1471 353 1524 ὑπ’
395 1473 574 1543 αὐτῆς
619 1474 898 1547 θεαρχίας,
946 1480 1022 1542 ὼς
1067 1480 1306 1552 θεμιτὸν,
1353 1482 1452 1546 τὰς
1498 1485 1724 1554 μυήσεις
1765 1481 1851 1532 ὲλ-

251 1559 594 1633 λάμπεσθαι.
615 1567 776 1632 Τινὲς
802 1571 898 1639 μὲν
926 1571 1034 1642 γὰρ
1066 1574 1244 1626 αὐτῶν
1275 1573 1556 1642 εἰσάγουσι
1585 1573 1720 1645 πρὸς
1747 1573 1853 1626 τῶν

251 1657 546 1728 προτέρων
601 1661 761 1731 ίερῶς
808 1665 1136 1734 μυουμένας,
1184 1667 1274 1719 τὸν
1321 1664 1852 1737 Κύριονεῐναιητῶν

246 1749 528 1818 οὐρανίων
598 1753 911 1822 δυνάμεων,
967 1760 1060 1812 καὶ
1134 1757 1364 1810 Βασιλέα
1408 1757 1509 1827 τῆς
1541 1757 1721 1829 δόξης,
1760 1759 1850 1811 τὸν

245 1841 333 1902 εἰς
370 1841 642 1912 οὐρανοὺς
688 1846 1174 1918 ἀνθρωποπρεπῶς
1233 1848 1646 1919 ἀναληφθέντα’
1698 1849 1851 1913 τινὰς

243 1931 302 1982 δὲ
335 1933 477 2004 πρὸς
515 1936 680 1990 αὐτὸν
739 1938 947 2010 Ἰησοῦν
975 1939 1368 2011 διαπορούσας,
1421 1942 1512 1994 καὶ
1564 1942 1664 2012 τῆς
1711 1943 1848 2014 ὑπὲρ

247 2024 407 2093 ήμῶν
436 2027 608 2081 αὐτοῦ
651 2028 937 2100 θεουργίας
981 2033 1080 2104 τὴν
1122 2035 1430 2105 ἐπιστήμην
1471 2033 1844 2104 μαΟητιώσας,

240 2117 339 2168 καὶ
401 2119 611 2185 ταύτας
657 2123 817 2176 αὐτὸν
883 2125 1088 2196 Ἰησοῦν
1146 2126 1367 2196 ἀμέσως
1426 2126 1694 2198 μυοῦντα,
1753 2127 1846 2180 καὶ¹

239 2211 605 2278 πρωτοδότως
632 2215 826 2277 αὐταῖς
855 2216 1184 2284 ἐκφαίνοντα
1212 2217 1310 2289 τὴν
1344 2218 1510 2272 αὐτοῦ
1543 2218 1731 2287 φιλάνο
1743 2236 1845 2292 ρω-

240 2316 346 2353 πον
397 2304 811 2377 ἀγαθουργίαν·
873 2310 1020 2378 Ἐγὼ
1074 2313 1216 2380 γὰρ,
1288 2313 1442 2383 φησὶ,
1497 2312 1843 2381 διαλέγωμαι

239 2392 649 2464 δικαιοσύνην
667 2400 766 2452 καὶ
788 2405 988 2470 κρίστν
1015 2406 1332 2472 σωτηρίου.
1374 2407 1618 2476 Ἀγαμαι
1651 2405 1727 2468 δὲ,
1759 2406 1840 2458 ὅτι

234 2486 332 2536 καὶ
365 2486 480 2538 τῶν
520 2489 863 2561 ἐπουρανίων
893 2495 936 2524 ²⁹
968 2495 1167 2548 οὐσιῶν
1208 2499 1264 2550 αἱ
1296 2498 1531 2568 πρῶται,
1563 2500 1656 2553 καὶ
1684 2500 1838 2553 τόσον

232 2577 463 2642 ἁπάσας
493 2582 912 2655 ὑπερκείμεναι,
942 2588 1050 2640 τῶν
1081 2588 1385 2662 θεαρχικῶν
1415 2591 1733 2662 ὲλλάμψεων
1763 2593 1838 2656 ὡς

233 2675 566 2736 μεσοπετεῖς
593 2674 836 2740 εὐλαϐῶς
863 2679 1106 2747 ἐφίενται
1131 2698 1143 2710 '
1195 2684 1289 2736 καὶ
1328 2683 1437 2756 γὰρ
1481 2687 1582 2738 οὐκ
1613 2686 1836 2741 αὐτόθεν

227 2759 506 2831 clamant,
539 2765 641 2820 Διά
666 2769 724 2820 τί
746 2784 862 2824 σου
897 2771 1115 2840 ἐρυθρὰ
1139 2774 1212 2827 τὰ
1248 2775 1487 2844 Lucina;
1533 2778 1668 2850 πρὸς
1709 2780 1835 2832 ἐαυ-

2041 1103 2155 1159 iioc
2186 1103 2353 1174 igitur
2384 1104 2619 1174 theologi
2660 1105 2948 1174 perspicue
2985 1106 3284 1170 declarant.
3317 1117 3372 1162 ut
3398 1106 3528 1162 iniec

1965 1197 2140 1253 riores
2188 1199 2407 1268 quidem
2453 1200 2764 1254 caelestium
2809 1200 3171 1254 essentiarum
3215 1203 3456 1265 ordines,
3507 1217 3535 1254 a

1962 1295 2334 1361 superioribus
2374 1295 2680 1348 divinorum
2735 1309 2962 1363 operum
3009 1295 3294 1350 scientiam
3333 1309 3530 1350 conve-

1961 1387 2129 1440 nienti
2164 1387 2325 1441 modo
2373 1387 2712 1454 percipiant;
2745 1387 2780 1440 ii
2818 1402 2948 1441 vero
2977 1387 3066 1456 qui
3097 1388 3348 1441 omnibtts
3377 1396 3533 1443 ante-

1958 1478 2181 1540 celluut,
2231 1479 2299 1532 ab
2346 1479 2576 1546 ipsamet
2625 1479 2837 1534 Deitate
2884 1494 3116 1544 summa,
3166 1481 3240 1533 uti
3294 1479 3379 1533 fas
3424 1491 3533 1542 est,

1957 1572 2130 1624 sacris
2155 1570 2450 1642 disciplinis
2475 1571 2834 1626 illustrantur.
2861 1571 3136 1637 Quosdam
3165 1573 3308 1626 enim
3341 1586 3532 1626 eorum

1956 1663 2330 1725 introducunt,
2363 1678 2389 1715 a
2443 1663 2818 1731 superioribus
2870 1673 3225 1718 sacrosancte
3269 1664 3530 1727 eruditos,

1957 1753 2102 1806 illum
2129 1768 2247 1807 esse
2278 1754 2562 1807 Dominum
2587 1755 2892 1809 cmlestium
2926 1755 3184 1809 virtutum
3223 1755 3532 1824 licgemquc

1951 1844 2160 1913 gloriae,
2192 1845 2282 1913 qui
2325 1845 2563 1899 humana
2592 1847 2774 1915 specie
2800 1857 3114 1916 assumptus
3139 1857 3220 1901 est
3251 1848 3303 1900 in
3329 1847 3528 1900 caelum

1952 1935 2246 1990 nonnullos
2271 1935 2402 1998 item
2448 1937 2591 1992 circa
2638 1939 2928 2006 ipsummet
2969 1937 3156 1993 Jesum
3188 1940 3521 2005 btesitantes,

1949 2031 2230 2098 divinique
2261 2030 2384 2100 ejus
2407 2046 2506 2100 pro
2547 2033 2706 2086 nobis
2746 2033 2984 2101 suscepti
3028 2033 3213 2101 operis
3242 2033 3522 2087 scientiam

1947 2124 2239 2191 discentes,
2270 2127 2552 2196 ipsumque
2574 2125 2759 2182 Jesum
2787 2141 2884 2181 eos
2918 2141 3015 2195 per
3037 2141 3097 2180 se
3131 2126 3435 2189 docentem,
3461 2141 3523 2180 ac

1946 2213 2179 2280 primum
2212 2214 2326 2283 ejus
2351 2231 2617 2269 summam
2653 2216 2706 2269 in
2734 2215 2979 2270 hemines
3009 2214 3394 2284 benignitatem
3423 2228 3522 2268 ex-

1945 2301 2265 2368 plicantem.
2313 2301 2429 2374 Ego
2472 2305 2646 2370 enim,
2692 2305 2888 2374 inquit,
2941 2303 3131 2374 loquor
3162 2305 3430 2374 justitiam
3475 2315 3523 2357 et

1935 2393 2204 2460 judicium
2265 2396 2524 2449 salutaris
2551 2409 2599 2449 ιι.
2632 2395 2800 2450 Miror
2843 2405 3052 2458 autem,
3105 2395 3312 2464 primas
3356 2394 3519 2449 etiam

1941 2487 2246 2540 coalesdum
2296 2489 2696 2553 essentiarum,
2761 2497 3082 2556 tantumque
3129 2487 3343 2542 caeteris
3384 2501 3520 2554 pra:-

1941 2591 2172 2646 stautes,
2208 2595 2315 2635 non
2361 2597 2519 2635 serus
2565 2597 2627 2635 ac
2675 2582 2904 2642 medias,
2947 2582 3256 2636 divinarum
3305 2593 3520 2649 quoque

1939 2673 2364 2727 illustrationum
2407 2673 2679 2728 desiderio
2725 2673 2914 2728 timide
2958 2670 3136 2738 allici;
3168 2687 3345 2741 neque
3373 2673 3516 2725 enim

1938 2765 2041 2821 illa:
2065 2782 2160 2836 per
2182 2781 2241 2822 se
2268 2775 2543 2837 quaerunt,
2568 2765 2677 2821 Cur
2697 2767 2855 2820 rubra
2886 2774 3008 2819 sunt
3035 2766 3336 2820 vestimenta
3383 2776 3475 2820 tua
3494 2768 3519 2820 ?

225 2850 330 2914 τὰς
373 2853 433 2906 δὲ
486 2855 808 2929 διαποροῦσι
855 2864 1140 2936 πρότερον,
1167 2867 1568 2939 ἐνδεικνύμεναι
1603 2871 1720 2940 μὲν,
1752 2873 1831 2926 ὅτι

1939 2860 2031 2916 sed
2083 2861 2235 2928 prius
2283 2876 2466 2915 secum
2513 2860 2771 2915 haesitant
2828 2862 3114 2926 attonitas,
3173 2860 3517 2916 declarantes

227 2942 570 3014 μαθητιῶσι,
594 2952 687 3003 καὶ
717 2953 817 3022 τῆς
844 2952 1170 3028 θεουργικῆς
1190 2958 1442 3027 γνώσεως
1462 2944 1723 3030 ἐφίενται,
1757 2965 1830 3036 μὴ

226 3037 599 3128 προπηδῶσαι
626 3042 681 3095 δὲ
710 3045 808 3115 τῆς
837 3047 976 3101 κατὰ
1022 3049 1172 3104 θείαν
1217 3053 1440 3123 πρόοδον
1489 3055 1830 3128 ἐνδιδομένης

225 3126 578 3198 ὲλλάμψεως.
634 3136 844 3191 Οὐκοῦν
904 3141 937 3209 ἡ
985 3141 1176 3213 πρώτη
1231 3145 1339 3197 τῶν
1380 3126 1829 3217 οὐρανίωνίνοῶν

225 3220 509 3314 ίεραρχία,
545 3227 682 3295 πρὸς
710 3230 882 3300 αὐτῆς
909 3233 1260 3306 τελεταρχίας
1301 3239 1718 3312 ίεραρχουμένη,
1750 3243 1828 3314 τῷ

219 3313 313 3364 ἐπ’
343 3315 520 3387 αὐτὴν
559 3320 781 3389 ἀμέσως
827 3326 1222 3393 ἀνατείνεσθαι,
1271 3331 1369 3402 τῆς
1415 3337 1828 3406 παναγεστάτης

221 3404 556 3478 καθάρσεως
584 3412 678 3465 τοῦ
711 3415 943 3470 ἀπλέτου
986 3421 1163 3489 φωτὸς
1201 3423 1303 3492 τῆς
1333 3427 1648 3496 προτελείου
1677 3429 1827 3482 τελε-

223 3501 515 3572 σιουργίας
548 3503 824 3574 ἀναλόγως
872 3511 1010 3582 αὐτῇ
1058 3513 1432 3588 πληρουμένη,
1478 3518 1821 3591 καθαίρεται,

221 3593 317 3645 καὶ
344 3593 670 3662 φωτίζεται,
718 3601 811 3652 καὶ
841 3602 1319 3676 τελεσιουργεῖται,
1353 3610 1535 3680 πάσης
1567 3612 1664 3682 μὲν
1694 3614 1824 3683 ὑφέ“

222 3699 362 3777 σεως
392 3687 625 3758 ἀμιγὴς,
658 3691 874 3762 πρώτου
903 3695 958 3749 δὲ
989 3698 1166 3766 φωτὸς
1195 3699 1437 3772 πλήρης,
1469 3705 1564 3756 καὶ
1609 3723 1822 3777 πρωτο-

216 3773 370 3828 ὤτου
394 3777 656 3846 γνώσεως
683 3787 773 3838 καὶ
801 3787 1110 3860 ἐπιστήμης
1143 3793 1370 3863 μέτοχος
1389 3796 1818 3868 ἀποτελουμένη.

217 3868 468 3923 Συνελὼν
515 3872 572 3926 δὲ
619 3878 713 3929 καὶ
748 3878 905 3932 τοῦτο
936 3882 1104 3951 φαίην
1127 3882 1192 3935 ἂν
1230 3885 1331 3937 οὐκ
1364 3886 1688 3952 ἀπεικότως,
1737 3890 1818 3942 ὅτι

217 3962 307 4013 καὶ
338 3962 616 4035 κάθαρσίς
654 3969 789 4034 ἐστι,
837 3973 927 4025 καὶ
971 3976 1268 4046 φωτισμὸς,
1311 3981 1404 4031 καὶ
1439 3979 1735 4047 τελείωσις,
1783 3985 1816 4055 ἡ

213 4051 312 4156 τῇς
361 4053 669 4156 θεαρχικῆς
717 4061 1030 4136 ἐπιστήμης
1078 4068 1409 4139 μετάληψις,
1445 4073 1671 4141 ἀγνοίας
1715 4051 1814 4147 μὲν

211 4145 322 4196 οἷον
371 4145 858 4220 ἀποκαθαίρουσα,
914 4160 981 4228 τῇ
1045 4163 1164 4212 κατ’
1217 4161 1374 4226 ἀξίαν
1421 4165 1465 4195 ³⁰
1503 4145 1810 4241 ὲνδιδομένη

212 4233 415 4333 γνιίισει
437 4237 550 4291 τῶν
572 4241 917 4316 τελειοτέρων
952 4251 1226 4322 μυήσεων,
1250 4255 1561 4322 φωτίζουσα
1588 4259 1644 4313 δὲ
1674 4262 1811 4333 αὐτῇ

210 4329 272 4397 τῇ
304 4327 434 4400 θείᾳ
456 4329 676 4398 γνώσει,
706 4336 770 4388 δι’
821 4334 888 4410 ἦς
919 4343 1012 4396 καὶ
1039 4344 1292 4416 καθαίρει
1332 4348 1430 4418 τὴν
1461 4352 1522 4403 οὐ
1553 4352 1817 4424 πρότερον

209 4420 638 4477 ἑποπτεύσασαν
669 4427 710 4457 ³³
743 4429 846 4484 ὅσα
873 4430 968 4484 νῦν
1017 4435 1336 4504 ὲκφαίνεται
1363 4439 1450 4492 διὰ
1485 4420 1816 4515 τῆςήύψη-λο-

205 4514 374 4584 τέρας
429 4515 774 4587 ὲλλάμψεως,
835 4525 929 4576 καὶ
985 4527 1269 4582 τελειοῦσα
1327 4532 1486 4586 πάλιν
1543 4514 1812 4608 αὐτῷίτῷ

207 4608 368 4673 φωτὶ,
417 4611 487 4679 τῇ
527 4611 648 4664 καθ’
681 4611 794 4677 ἕξιν
841 4617 1121 4692 ἐπιστήμῃ
1160 4621 1268 4676 τῶν
1325 4625 1638 4692 φανοτάτων
1671 4631 1810 4701 μυή-

203 4711 340 4750 eam
345 4733 362 4745 .

1935 2952 2156 3022 quidem
2182 2967 2238 3007 se
2271 2952 2510 3006 discendi
2537 2953 2728 3007 avidas
2756 2945 2954 3006 divina:
2983 2952 3321 3021 operationis
3350 2967 3512 3022 appe.

1936 3055 2051 3100 lere
2098 3043 2491 3114 cognitionem,
2541 3059 2729 3099 verum
2775 3045 2936 3110 hanc,
2990 3054 3116 3098 ante
3153 3045 3393 3100 divinam
3427 3047 3511 3100 iu-

1933 3138 2098 3193 dultze
2153 3139 2256 3193 sibi
2329 3139 2715 3194 illustrationis
2779 3139 3184 3207 proccssionem
3216 3181 3232 3204 ,
3287 3139 3513 3195 minime

1931 3232 2254 3300 prazvenire.
2284 3230 2468 3286 Prima
2496 3233 2662 3302 igitur
2693 3235 2996 3289 cmlestium
3024 3235 3508 3305 intelligentiarum

1930 3323 2238 3378 bicrarchia
2281 3324 2351 3378 ab
2395 3325 2628 3394 ipsemet
2672 3324 2921 3379 initiandi
2969 3327 3277 3396 principatu
3319 3342 3511 3381 conse-

1928 3428 2102 3478 crata,
2126 3429 2224 3484 per
2251 3430 2371 3470 eam
2404 3432 2509 3487 qua
2537 3418 2587 3470 in
2619 3417 2794 3485 ipsum
2831 3418 3144 3473 immediate
3174 3419 3500 3488 subrigitur,

1927 3509 2335 3564 sanctissimam
2387 3509 2796 3578 purgationem,
2828 3526 2925 3580 pro
2966 3522 3129 3579 captu
3174 3527 3273 3565 suo
3303 3512 3504 3567 referta

1926 3603 2147 3672 copioso
2179 3602 2380 3656 lumine
2407 3601 2822 3670 perfectissima:
2853 3604 3330 3667 sanctiﬁcationis,
3370 3620 3504 3674 pur-

1924 3708 2108 3770 gatur,
2140 3707 2195 3752 et
2227 3697 2572 3752 illuminatur
2603 3709 2770 3771 atque
2805 3698 3126 3767 perﬁcitur;
3171 3699 3350 3752 omnis
3384 3700 3503 3767 qui-

1924 3793 2048 3846 dem
2083 3789 2309 3845 vilitatis
2337 3788 2446 3862 56
2475 3805 2706 3859 expers,
2756 3792 2945 3860 prima:
2973 3805 3105 3846 vero
3147 3791 3283 3844 lucis
3316 3791 3496 3859 plena,

1922 3885 2189 3953 primmva:
2255 3884 2590 3954 cognitionis
2614 3892 2776 3951 atque
2804 3883 3052 3937 scientia:
3083 3884 3500 3952 participatione

1925 3974 2190 4045 perfecta.
2223 3973 2562 4041 Compendio
2610 3974 2842 4043 denique
2880 3989 2985 4027 non
3021 3975 3120 4029 abs
3151 3989 3210 4028 re
3239 3975 3496 4036 dixerim,

1923 4067 2120 4121 divina:
2153 4067 2397 4121 scientiae
2425 4065 2898 4135 participationem
2945 4079 3070 4118 esse
3112 4064 3496 4134 purgationem

1920 4169 1973 4213 et
2011 4158 2485 4221 illuminationem,
2533 4165 2694 4226 atque
2737 4157 3125 4226 perfectionem
3161 4175 3177 4212 :
3211 4160 3338 4212 dum
3371 4157 3496 4226 qui-

1921 4252 2043 4305 dem
2099 4251 2500 4320 ignorationem
2546 4249 2945 4318 quodammodo
2992 4249 3176 4319 expiat
3230 4263 3326 4318 per
3373 4262 3495 4318 per-

1919 4344 2187 4398 fecturum
2243 4343 2627 4414 mysteriorum
2683 4341 3010 4407 scientiam,
3071 4355 3194 4411 qua:
3247 4355 3345 4410 pro
3392 4354 3491 4395 sua

1918 4438 2115 4504 cuique
2141 4437 2406 4506 dignitate
2442 4433 2794 4499 conceditur;
2836 4448 2931 4502 per
2971 4433 3209 4486 divinam
3235 4447 3365 4486 vero
3395 4445 3490 4485 eo-

1919 4532 2217 4601 gnitionem
2266 4529 2580 4594 illuminat,
2633 4542 2737 4595 qua
2795 4525 2960 4580 etiam
3019 4533 3212 4596 purgat
3255 4534 3490 4578 mentem

1920 4624 2089 4688 illam,
2121 4637 2244 4692 qute
2269 4633 2426 4676 antea
2459 4637 2565 4674 non
2596 4619 2809 4674 viderat
2829 4634 2915 4681 ea,
2948 4632 3068 4686 qua:
3096 4618 3254 4672 modo
3283 4616 3358 4670 illi
3395 4631 3492 4684 per

1915 4717 2288 4772 sublimiorem
2321 4713 2739 4768 illustrationem
2761 4711 3135 4775 elucidantur,
3162 4725 3490 4778 rursumque

1913 4811 2130 4881 perlicit
2163 4810 2352 4864 eodem
2388 4809 2506 4877 ipso
2537 4806 2761 4868 lumine,
2796 4819 2894 4874 per
2920 4797 3174 4859 stabilem
3203 4801 3486 4859 scientiam

1905 4905 2338 4961 clarissimarum
2371 4899 2763 4956 eruditiouum.

1755 5055 1783 5127 ς
1814 5052 1919 5113 tv.

267 5170 421 5265 ᾼῦτη
456 5176 558 5245 μὲν
602 5175 698 5234 οὖν
726 5183 895 5247 ἐστιν,
925 5187 1002 5250 ὡς
1051 5199 1177 5241 κατ’
1217 5191 1356 5261 ἐμὴν
1384 5193 1716 5265 ἐπιστήμην,
1762 5195 1796 5265 ἡ

197 5264 392 5337 πρώτη
435 5269 547 5323 τῶν
589 5273 856 5344 οὐρανίων
883 5278 1080 5333 οὐσιῶν
1120 5280 1497 5354 διακόσμησις,
1545 5287 1578 5357 ἡ
1614 5284 1799 5355 κύκλῳ

268 5399 296 5428 ι
329 5388 432 5443 lsa.
466 5403 626 5455 uin,
653 5393 709 5446 l.

1976 5191 2159 5260 Atque
2195 5187 2284 5242 bic
2322 5184 2580 5256 quidem,
2610 5189 2880 5253 quantum
2909 5179 3107 5251 'capio,
3155 5162 3362 5247 primus
3395 5185 3478 5232 est

1903 5283 2208 5339 cmlestium
2257 5278 2622 5337 essentiarum
2675 5275 2831 5344 ordo,
2875 5274 2970 5343 qui
3013 5274 3068 5329 in
3112 5272 3343 5328 circuitu
3378 5269 3472 5326 Dei

1533 5486 1618 5545 VA
1627 5487 1770 5544 RUE
1817 5487 2222 5544 LECTIONES.

261 5636 305 5666 ’⁷
339 5637 443 5722 ςιετ
476 5637 1190 5722 μυοῦνταικκαὶ-ςτελοῦνται
1219 5646 1547 5722 πρδς-αὐτῇς
1569 5649 1669 5721 τῆς
1713 5649 2086 5722 τελεταρχίας.
2108 5650 2290 5722 ACujus
2333 5651 2582 5722 lectionis
2613 5650 2927 5722 vestigium_
2958 5657 3061 5722 est_
3085 5649 3137 5702 in
3167 5648 3334 5722 vett-ri
3369 5649 3458 5702 Sc.

199 5707 608 5786 translatione:
656 5713 726 5786 is
756 5713 850 5786 1:6,
879 5713 1082 5786 Κύριον
1115 5707 1276 5779 εἶναι,
1325 5707 1424 5772 Ch.
1467 5707 1541 5772 Ι)’.’
1581 5707 1640 5774 Si

1717 5723 1760 5753 '9
1799 5717 1993 5776 (lin—li.
2020 5724 2076 5774 ὃ.
2099 5717 2467 5793 θαυμάζωδέ,
2489 5722 2588 5776 Cb.
2624 5720 2706 5793 ὅτι
2739 5720 2846 5793 τῶν
2877 5718 3158 5793 οὐρανίων.
3197 5719 3256 5771 υ.
3291 5717 3462 5791 ὑπερ-

198 5775 488 5846 ινρανίων.
564 5780 610 5812 ³⁸
645 5783 746 5838 Ch.
779 5783 842 5840 Ι).
883 5786 940 5839 S.
973 5775 1042 5840 Ἰ).
1075 5787 1137 5856 τῇ
1178 5775 1319 5842 κατά
1351 5790 1524 5856 τάξιν.
1564 5790 1785 5847 Vctcrcs
1819 5775 2595 5849 translationcs'cOiiscntiuutL
2670 5792 2710 5822 ³³
2748 5791 2808 5845 υ.
2849 5775 3306 5843 ἐπ’)’πτεύσουσανο
