3908 6232
402 292 503 347 255

1493 293 1549 346 S.
1595 292 1749 348 ΜΘΝ
1761 293 1889 348 YSll
1929 293 2392 351 AREOPAGITZE

3535 297 3644 352 ‘llli

405 404 999 464 sibiliterefformantur
1027 415 1494 476 propternostram
1522 407 1970 473 imbecillitatem,

2077 410 2209 464 ἀλλὰ
2223 413 2315 463 καὶ
2330 409 2602 481 αἰσθητῶς
2616 410 2881 481 λέγονται,
2901 411 3018 468 καθ’
3035 413 3157 466 ὅσον
3177 413 3210 485 ή
3226 411 3362 483 ἀκοὴ
3377 416 3562 484 χωρεῖ.
3581 414 3648 466 ΕΞ

405 515 594 554 verum
632 498 794 552 etiam
824 497 1152 552 sensibiliter
1180 500 1548 563 nominantur,
1581 509 1836 567 quantum
1867 514 1968 554 au-

407 605 556 647 uttus
582 592 747 662 capit.
781 592 836 646 Si
872 592 994 662 quis
1037 602 1218 646 autem
1255 593 1419 652 dicat.
1453 593 1729 646 nominum
1759 607 1973 662 quoque

409 685 911 753 interpretationem
938 685 1004 739 ad
1033 693 1251 752 captum
1282 685 1497 740 auditus
1523 686 1690 739 nostri
1719 685 1970 755 proferri,

409 788 569 845 atque
586 776 806 844 insuper
821 778 948 844 quid
965 776 1327 830 intellectuale
1347 793 1466 830 esse
1484 792 1547 830 ae
1568 776 1676 846 59
1691 776 1972 831 sublimius

410 870 698 937 (siquidem
727 879 780 922 et
812 885 1002 924 nomen
1034 868 1398 936 intelligimus,
1435 870 1581 924 verbi
1628 869 1802 939 gratia
1827 868 1990 938 cale-_

411 958 686 1020 facientes.
715 960 1008 1030 quinetiam
1034 958 1149 1028 ejus
1173 959 1617 1027 explicationem,
1646 960 1775 1028 quid
1800 956 1973 1022 signi-

409 1053 536 1108 ﬁcet
557 1056 958 1119 calefacientes,
987 1062 1130 1109 recte
1163 1055 1388 1122 scimus)
1419 1071 1431 1107 :
1464 1064 1516 1106 et
1543 1053 1733 1122 si.quis
1776 1051 1976 1106 dixerit

409 1162 604 1202 nomen
640 1147 812 1214 ipsqu
865 1148 1037 1216 magis
1079 1146 1409 1202 scnsibiliter
1446 1144 1647 1209 eﬂerri,
1681 1159 1842 1214 quam
1876 1157 1975 1196 no-

410 1239 572 1294 minis
601 1239 1131 1308 interpretationem;
1173 1240 1406 1309 primum
1448 1238 1664 1306 quidem
1715 1237 1851 1290 sciat
1894 1235 1975 1287 fa-

409 1331 568 1385 cilius
595 1346 789 1386 nomen
815 1333 932 1400 capi
965 1347 1127 1400 quam
1154 1331 1272 1399 ejus
1319 1331 1580 1393 rationes,
1603 1327 1782 1398 quoad
1815 1325 1972 1380 intel—

409 1423 687 1494 ligentiam
717 1463 732 1487 ,
773 1422 922 1477 verbi
965 1423 1139 1492 gratia
1167 1463 1184 1487 ,
1234 1422 1446 1477 facilius
1485 1430 1572 1476 est
1623 1418 1976 1488 pronuntiare

411 1532 608 1571 nomen
658 1515 1068 1581 calefacientes,
1115 1529 1276 1582 quam
1317 1514 1510 1568 horum
1557 1510 1972 1579 explicationem

410 1609 636 1672 afferre;
685 1619 850 1678 atque
904 1606 1182 1662 hominem
1233 1605 1517 1659 nominare
1567 1603 1786 1658 facilius
1844 1612 1972 1667 est,

410 1716 570 1770 quam
599 1698 718 1767 ejus
745 1697 1118 1751 deﬁnitionem
1170 1697 1382 1750 tradere
1411 1713 1423 1746 ε
1462 1695 1591 1748 illud
1635 1695 1781 1748 enim
1813 1709 1973 1750 sensu

2071 501 2128 554 δέ
2140 519 2222 564 τις
2232 501 2396 570 λέγει,
2411 503 2490 556 ὅτι
2507 503 2598 556 καὶ
2611 506 2641 574 ή
2654 503 2760 556 τῶν
2771 503 3045 574 ὀνομάτων
3056 504 3316 574 ἑρμηνεία
3327 505 3651 576 χωρητικῶς

2071 595 2137 662 τῇ
2159 593 2293 663 ἀκοῇ
2329 593 2483 663 ήμῶν
2503 593 2734 662 λέγεται,
2781 596 2874 647 καὶ
2912 595 3094 648 λοιπὸν
3124 595 3178 646 τί
3203 597 3318 647 ἐστι
3361 595 3421 648 τὸ
3458 595 3652 665 νοητὸν

2073 686 2167 737 καὶ
2217 684 2540 755 ὑψηλότερον
2571 684 2684 754 (καὶ
2717 685 2825 756 γὰρ
2868 685 3209 756 γινώσκομεν
3240 687 3301 739 τὸ
3348 686 3536 757 δνομα,
3565 688 3653 740 ὅτι

2075 773 2453 846 θερμαίνοντες
2478 776 2659 845 τυχὸν,
2686 777 2820 829 ἀλλὰ
2853 778 2945 830 καὶ
2969 777 3066 848 τὴν
3091 777 3352 850 ἐξήγησιν
3378 778 3655 848 γινώσκο-

2077 883 2196 936 μεν,
2232 866 2284 919 τί
2307 866 2456 936 δηλοῖ
2484 867 2545 919 τὸ
2589 867 2987 939 θερμαίνοντες)
3010 885 3024 898 ο
3053 869 3146 922 καὶ
3179 869 3232 922 τί
3279 869 3345 923 ἂν
3377 869 3520 922 εἴποι
3565 887 3658 932 τις

2072 960 2132 1013 τὸ
2163 961 2331 1032 ὄνομα
2382 961 2653 1032 αἰσθητῶς
2695 962 2964 1031 λέγεσθαι,
3001 963 3163 1017 πλέον
3207 963 3307 1034 τῆς
3339 963 3660 1034 ἐξηγήσεως

2073 1054 2166 1108 τοῦ
2198 1055 2489 1125 ὀνόματοςο
2526 1056 2856 1123 γινωσκέτω,
2892 1057 3105 1127 πρῶτον
3143 1057 3263 1128 μὲν,
3294 1059 3373 1112 ὅτι
3398 1059 3664 1131 εὐληπτό-

2073 1145 2228 1217 τερόν
2254 1147 2364 1199 ἐστι
2391 1146 2452 1199 τὸ
2474 1146 2665 1217 ὄνομα,
2692 1149 2818 1220 παρ’
2839 1149 2866 1202 ὃ
2891 1150 2940 1202 οἱ
2966 1149 3110 1219 λόγοι
3134 1151 3256 1204 ὅσον
3277 1153 3357 1215 είς
3377 1153 3660 1223 κατανόη-

2077 1255 2159 1291 σιν
2183 1256 2196 1268 ·
2228 1240 2392 1310 ήγουν
2416 1239 2476 1291 τὸ
2507 1241 2679 1292 εἰπεῖν
2725 1240 3128 1312 θερμαίνοντας,
3164 1242 3198 1314 ἢ
3243 1242 3304 1297 τδ
3339 1245 3511 1298 είπεῖν
3551 1247 3665 1316 τὴν

2073 1329 2275 1383 τούτων
2299 1329 2557 1401 ἐξήγησιν
2579 1332 2673 1384 καὶ
2699 1331 2760 1384 τὸ
2791 1333 2963 1383 εἰπεῖν
2996 1331 3300 1403 ἄνθρωπον,
3337 1334 3369 1405 ἢ
3398 1334 3458 1388 τὸ
3478 1336 3666 1390 εἰπεῖν

2073 1421 2166 1474 τὸν
2197 1420 2420 1492 ὁρισμὸν
2453 1421 2619 1474 αὑτοῦ
2645 1439 2658 1451 ο
2684 1422 2744 1474 τὸ
2770 1422 2866 1491 μὲν
2891 1423 2999 1492 γάρ
3023 1423 3190 1491 ἐγγὺς
3209 1425 3306 1495 τῆς
3329 1424 3659 1496 αἰσθήσεως,

2073 1512 2134 1565 τὸ
2165 1511 2221 1566 δέ
2251 1513 2406 1580 λόγου
2438 1514 2530 1567 καὶ
2571 1515 2863 1585 ἑρμηνείας
2909 1515 3100 1570 δεῖται.
3137 1517 3201 1569 Τί
3228 1517 3358 1586 γοῦν
3403 1517 3573 1584 ξένον,
3606 1520 3664 1575 ει

2076 1602 2168 1655 καὶ
2191 1603 2422 1657 ἐνταῦθα
2456 1605 2550 1657 καί¹
2580 1604 2673 1658 τοῦ
2707 1605 2966 1674 ὀνόματος
2985 1607 3094 1661 τῶν
3115 1609 3378 1680 οὐρανίων
3403 1610 3660 1682 αἰσθήσει

2074 1695 2140 1764 τῇ
2170 1694 2306 1764 ἀκοῇ
2341 1695 2754 1759 ὑποπίπτοντος,
2789 1695 2923 1748 ἀλλά
2966 1698 3060 1751 καὶ
3098 1699 3195 1769 τῆς
3239 1698 3527 1769 δηλώσεως
3556 1700 3662 1754 τοῦ

410 1790 652 1854 obvium,
698 1789 765 1842 ad
813 1789 916 1842 hoc
977 1802 1106 1841 vero
1157 1786 1367 1840 ratione
1415 1800 1480 1840 ac
1525 1783 1974 1853 interpretatione

2077 1783 2334 1853 ὀνόματος
2364 1786 2772 1857 ὑποπιπτούσης
2803 1791 2868 1858 τῇ
2905 1790 3062 1860 ἀκοῇ,
3097 1791 3245 1860 ὅμως
3294 1791 3543 1862 λέγομεν,
3572 1794 3664 1846 ὅτι

410 1898 546 1952 opus
575 1890 678 1936 est.
705 1880 843 1949 Quid
878 1880 1040 1950 igitur
1069 1894 1291 1943 novum,
1318 1879 1364 1931 si
1398 1877 1564 1932 etiam
1599 1878 1706 1940 hic,
1741 1887 1848 1930 tam
1879 1891 1975 1931 no-

412 1973 556 2026 mine
591 1987 770 2025 rerum
797 1970 1099 2025 cmlestium
1132 1984 1294 2038 quam
1334 1968 1570 2023 nominis
1613 1966 1975 2036 explicatione

410 2064 514 2118 sub
543 2076 763 2118 sensum
797 2061 1012 2114 auditus
1045 2061 1293 2126 cadente,
1337 2059 1692 2116 nihilominus
1748 2059 1975 2139 dicimus

411 2171 512 2210 nos
543 2157 714 2224 inagis
745 2153 1076 2208 sensibiliter
1104 2153 1475 2207 demonstrare
1502 2151 1707 2220 aliquid
1747 2165 1845 2217 per
1879 2167 1976 2203 no-

411 2263 534 2302 men
559 2261 721 2316 quam
752 2260 849 2314 per
895 2245 1130 2299 nominis
1174 2243 1638 2313 explicationem?
1666 2244 1844 2312 Atque
1873 2241 1976 2296 hoc

411 2339 628 2408 quidem
654 2339 906 2407 primum.
957 2337 1263 2391 Secundum
1299 2351 1451 2400 vero,
1486 2337 1628 2405 quod
1659 2336 1834 2390 denuo
1868 2347 1972 2387 non

412 2441 626 2485 tantum
658 2428 1096 2500 interpretationi
1130 2429 1506 2495 immoramur,
1538 2429 1691 2498 quasi
1721 2427 1852 2482 nihil
1883 2441 1974 2481 su-

411 2523 649 2586 blimius,
678 2525 820 2591 quod
857 2523 1176 2592 cogitemus,
1211 2522 1542 2585 habeamus;
1579 2536 1766 2575 verum
1809 2521 1972 2575 etiam

411 2613 586 2683 ipsam
617 2625 879 2683 praeterea
930 2616 1433 2683 interpretationem
1487 2625 1669 2668 mente
1725 2613 1976 2669 recondi-

410 2720 554 2772 mus,
587 2715 642 2760 et
667 2706 792 2760 dum
823 2707 1074 2762 audimus
1105 2708 1373 2762 nominari
1417 2706 1826 2769 calefacientes,
1859 2703 1974 2758 eili-

412 2799 589 2854 ciendi
616 2809 672 2854 et
699 2799 1037 2854 illuminandi
1066 2798 1406 2864 facultatem,
1438 2814 1602 2869 quam
1639 2807 1817 2852 mente
1845 2813 1976 2851 cort-

411 2891 677 2962 cipimus,
725 2893 1168 2962 interpretamur,
1226 2893 1506 2960 ipsamque
1558 2891 1664 2944 vim
1711 2889 1971 2945 eﬁiciendi

417 2991 581 3052 atque.
613 2983 944 3038 illuminandi
993 2983 1170 3037 denuo
1214 2984 1278 3035 ad
1321 2982 1686 3036 sublimiorem
1730 2987 1975 3034 contem-

2077 1869 2547 1944 αἰσθητικωτέρως
2592 1873 2857 1946 δηλοῦμεν
2913 1876 2993 1947 τῷ
3037 1878 3296 1949 ὀνόματι,
3333 1884 3463 1953 παρ’
3510 1883 3540 1936 ὃ
3585 1887 3663 1956 τῇ

2075 1961 2168 2014 τοῦ
2201 1963 2458 2034 ὀνόματος
2491 1966 2744 2038 ἐξηγήσει
2769 1985 2782 2032 ;
2815 1969 2922 2022 Καὶ
2951 1969 3162 2041 πρῶτον
3189 1973 3288 2042 μὲν
3314 1973 3471 2028 τοῦτο
3492 1993 3507 2007 ·
3543 1976 3668 2030 δεύ-

2075 2069 2230 2124 τερον
2262 2055 2338 2119 δέ,
2373 2057 2452 2109 ὅτι
2485 2058 2602 2110 οὐδὲ
2638 2059 2798 2112 πάλιν
2833 2061 2987 2115 τόσον
3026 2065 3091 2133 τῇ
3136 2063 3390 2134 ἐξηγήσει
3423 2067 3668 2137 ἐμμένο-

2079 2163 2198 2218 μεν,
2227 2146 2302 2210 ώς
2328 2147 2401 2218 μὴ
2437 2147 2578 2216 ἔχειν
2619 2151 2756 2202 νοεῖν
2806 2167 2859 2202 τι
2893 2150 3241 2222 ὑψηλότερον,
3275 2154 3411 2208 ἀλλά
3443 2159 3536 2210 καὶ
3575 2157 3664 2213 ἔτι

2075 2239 2153 2310 τῷ
2185 2237 2264 2293 νοῒ
2299 2240 2735 2311 παραπέμπομεν
2763 2242 2859 2313 τὴν
2889 2241 3165 2313 ἐξήγησιν,
3210 2246 3302 2298 καὶ
3335 2246 3665 2318 θερμαίνονσ-

2075 2350 2174 2396 τας
2201 2331 2504 2397 ἀκούοντες,
2535 2333 2597 2386 τὸ
2619 2335 2906 2402 δραστικόν
2931 2355 2989 2390 τε
3015 2339 3108 2391 καὶ
3132 2339 3388 2408 φωτεινὸν
3410 2341 3664 2395 ἐννοοῦνο

2075 2441 2169 2488 τες
2199 2424 2557 2497 ἐξηγούμεθα,
2592 2426 2724 2479 αὐτὸ
2754 2426 2808 2480 δὲ
2844 2427 3003 2480 πάλιν
3043 2427 3103 2480 τὸ
3141 2428 3426 2498 δραστικὸν
3471 2449 3533 2484 τε
3564 2436 3665 2488 καὶ

2078 2517 2335 2586 φωτεινδν
2387 2519 2468 2581 είς
2512 2517 2847 2590 ὑψηλοτέραν
2895 2519 3166 2590 ἀνάγομεν
3211 2520 3460 2593 θεωρίαν.
3493 2523 3665 2578 Ὅθεν

2077 2605 2256 2669 καλῶς
2286 2605 2562 2676 ἐλέγομεν,
2592 2607 2672 2660 ὅτι
2701 2609 2773 2679 μὴ
2810 2608 2969 2678 μόνον
2997 2608 3267 2679 αἰσθητῶς
3299 2612 3662 2682 μορφοῦνται,

2077 2695 2212 2750 ἀλλά
2239 2697 2330 2749 καὶ
2357 2696 2626 2768 αἰσθητῶς
2657 2697 2923 2766 λέγονται.
2953 2701 3061 2754 Καὶ
3090 2703 3122 2772 ή
3161 2703 3257 2771 μὲν
3296 2703 3423 2770 ἁγία
3454 2705 3662 2775 crepa-

2079 2789 2166 2842 σία
2193 2788 2299 2840 τῶν
2341 2790 2600 2860 σεραφὶμ,
2644 2791 2719 2853 ὼς
2768 2793 2800 2862 ή
2833 2791 3044 2860 γλῶττα
3090 2793 3198 2848 τῶν
3235 2794 3499 2866 Ἑϐραίων
3534 2797 3666 2868 βούκ

2077 2880 2245 2945 λεται,
2272 2881 2304 2952 ἢ
2354 2880 2416 2934 τὸ
2459 2883 2779 2954 ἐμπρηστάς
2813 2883 2981 2954 δηλοῖ,
3012 2885 3044 2956 ἦ
3090 2885 3150 2938 τὸ
3183 2885 3595 2958 θερμαίνοντας,
3624 2892 3666 2945 ἃ

2075 2979 2139 3051 δὴ
2185 2980 2355 3034 ταῦτα
2396 2981 2463 3035 τά
2513 2982 2768 3052 ὀνόματα,
2805 2984 2898 3036 καὶ
2947 2986 3119 3038 ταὺτά
3158 2987 3287 3050 εἱσι,
3327 2989 3422 3040 καὶ
3467 2990 3663 3061 ἕτερα.

413 3076 708 3148 plationem
739 3075 1074 3130 adducimus.
1114 3077 1456 3144 Quapropter
1490 3084 1634 3130 recte
1663 3075 1974 3128 dicebamus

2078 3073 2260 3127 Ταύτά
2289 3075 2405 3145 μὲν,
2440 3075 2522 3128 ὅτι
2552 3076 2836 3147 ἀμφότερα
2880 3078 2943 3130 ἐκ
2990 3081 3159 3150 πυρός
3196 3081 3322 3142 εἰσι,
3355 3082 3414 3134 τό
3444 3098 3504 3134 τε
3553 3084 3664 3152 ἐμ-

411 3170 554 3240 quod
605 3183 707 3223 non
759 3168 932 3222 solum
979 3168 1314 3222 sensibiliter
1363 3165 1739 3227 eﬂ'ormentur,
1786 3179 1974 3218 verum

407 3261 574 3316 etiam
629 3259 961 3315 sensibiliter
1001 3257 1312 3313 elferautur.
1347 3257 1426 3312 Ac
1464 3267 1714 3312 sanctum
1757 3253 1977 3324 quidem

411 3368 606 3410 nomen
655 3353 951 3422 seraphim,
998 3360 1055 3405 ut
1098 3350 1278 3419 lingua
1325 3351 1429 3404 fert
1472 3349 1843 3409 llebrazorum,
1893 3347 1978 3399 vel

413 3447 724 3501 incensores
751 3441 1040 3512 signiﬁcat,
1067 3441 1151 3494 vel
1179 3439 1589 3503 calefacientes,
1621 3453 1742 3507 qua:
1790 3435 1979 3504 utique

411 3536 630 3589 nomina
677 3543 732 3589 et
774 3537 962 3588 eadem
1001 3539 1202 3588 suntet
1236 3532 1488 3587 diversa:
1522 3531 1708 3584 eadem
1735 3528 1976 3596 quidem,

411 3628 666 3696 quoniam
721 3636 950 3695 utraque
997 3625 1064 3680 ab
1122 3629 1246 3694 igne
1285 3625 1562 3693 desumpta
1588 3664 1603 3689 ,
1647 3621 1857 3677 scilicet
1896 3619 1978 3672 in-

412 3713 666 3779 cendere,
696 3722 751 3769 et
799 3713 955 3782 quasi
998 3721 1165 3767 totmn
1191 3714 1512 3768 comburere
1560 3712 1685 3778 (hoc
1719 3710 1862 3766 enim
1893 3709 1980 3763 de-

412 3805 588 3858 clarat
629 3803 855 3858 verbum
889 3803 1137 3873 ἐμπερῶ,
1179 3803 1230 3856 id
1277 3813 1362 3858 est
1407 3814 1616 3872 penetro
1641 3841 1658 3867 ,
1715 3800 1976 3864 incendo,

413 3895 569 3964 quasi
594 3904 762 3950 totum
787 3895 1110 3966 pervadens)
1155 3905 1208 3950 et
1235 3895 1554 3949 calefacere.
1581 3895 1812 3956 Rursum
1845 3909 1978 3948 vero

413 3989 630 4042 diversa
669 3995 816 4053 sunt,
841 3988 1093 4056 quoniam
1125 3989 1267 4042 aliud
1299 3997 1402 4052 est,
1441 3998 1606 4044 totum
1637 3987 1976 4052 comburere,

412 4087 469 4135 et
499 4079 646 4134 aliud
684 4089 894 4133 tantum
917 4080 1236 4134 calefacere.
1265 4078 1468 4134 Nomen
1491 4089 1670 4132 autem
1694 4079 1974 4133 cherubim

414 4169 688 4240 signiﬁcat
735 4171 1127 4225 multitudinem
1193 4172 1531 4240 cognitionis_
1599 4169 1680 4223 Vel
1721 4171 1976 4240 fusionem

412 4265 717 4332 sapientia;
744 4261 884 4332 quod
919 4263 1174 4317 nimirum
1203 4263 1370 4316 multa
1417 4272 1771 4332 cognoscant,
1815 4261 1976 4330 idque

415 4354 726 4422 sapienter;
750 4364 806 4409 et
835 4363 1171 4416 constanter,
1197 4364 1251 4408 et
1283 4369 1390 4407 non
1419 4353 1591 4406 solum
1622 4350 1976 4421 superﬁciali-

2080 3163 2327 3235 πρήθειν,
2357 3166 2519 3218 οἱονεὶ
2539 3164 2867 3219 όλοκαυτοῦν
2889 3164 3067 3237 (τοῦτο
3099 3168 3208 3239 γὰρ
3233 3169 3401 3242 δηλοῖ,
3418 3171 3529 3224 ἀπὸ
3562 3171 3664 3228 τοῦ

2077 3256 2324 3329 ἐμπερῶ,
2353 3257 2512 3309 οἱονεὶ
2531 3256 2590 3308 τὸ
2607 3257 2778 3310 διόλου
2811 3258 3200 3333 διερχόμενον),
3246 3264 3339 3316 καὶ
3353 3262 3413 3314 τὸ
3428 3263 3484 3315 θε
3495 3280 3525 3333 ρ
3531 3281 3611 3334 μα
3620 3263 3666 3315 ίε

2079 3364 2209 3401 νειν.
2241 3349 2441 3419 Ἕτερα
2467 3349 2523 3402 δὲ
2555 3349 2712 3404 πάλιν
2735 3351 2890 3414 εἰσὶν,
2926 3353 3006 3406 ὅτι
3033 3353 3160 3406 ἄλλο
3177 3353 3329 3424 δηλοῖ
3353 3354 3412 3407 τὸ
3440 3356 3505 3407 δι’
3532 3356 3663 3410 ὅλου

2079 3437 2273 3503 καίειν,
2305 3439 2398 3492 καὶ
2426 3439 2551 3493 ἄλλο
2573 3440 2632 3493 τὸ
2668 3442 2826 3511 μόνον
2856 3441 3186 3514 θερμαίνειν.
3219 3446 3281 3498 'H
3311 3445 3368 3497 δὲ
3390 3447 3663 3516 ὀνομασία

2077 3530 2186 3582 τῶν
2217 3527 2864 3600 χερουϐιμπλῆθοςδηλοῖ
2881 3529 3210 3604 γνώσεως,ᾒ
3227 3531 3410 3601 χύσιν
3420 3533 3670 3599 σοφίας.

2076 3619 2232 3671 τοῦτο
2245 3619 2301 3672 δέ
2318 3621 2482 3683 ἐστιν,
2501 3622 2581 3672 ὅτι
2597 3621 2690 3673 καὶ
2708 3621 2877 3685 πολλά
2893 3621 3238 3689 γινώσκουσι,
3258 3624 3352 3676 καὶ
3370 3625 3550 3693 σοφῶς
3567 3626 3665 3678 καὶ

2079 3711 2358 3783 ἀραρότως
2383 3711 2556 3766 ταῦτα
2575 3712 2948 3781 γινώσκουσιν,
2967 3715 3065 3767 οὐκ
3081 3715 3411 3779 ἐπιπολαίως
3434 3733 3447 3744 ·
3478 3718 3574 3768 καὶ
3588 3717 3666 3780 ὡς

2077 3805 2142 3857 ἄν
2162 3821 2246 3867 τις
2264 3803 2405 3856 εἴποι
2429 3803 2811 3858 διαπιστοῦντα
2839 3804 2976 3857 αὑτά
3008 3806 3239 3868 ἑαυτοῖς.
3257 3805 3497 3868 Εἰκότως
3513 3801 3611 3858 οὖν
3628 3808 3664 3879 ή

2080 3895 2267 3968 πρώτη
2296 3895 2402 3949 τῶν
2431 3895 2836 3966 διακοσμήσεων
2869 3898 2931 3948 ἐκ
2957 3896 3065 3947 τῶν
3110 3897 3426 3968 ὐπερτάτων
3459 3897 3666 3950 οὐσιῶν

2081 3988 2240 4060 ιερῶς
2290 3991 2608 4058 ἐνεργεῖται,
2651 3987 2827 4057 (τοῦτο
2861 3989 2968 4060 γάρ
3000 3990 3113 4041 ἐστι
3144 3989 3205 4041 τὸ
3237 3989 3600 4060 ἱερουργείται
3624 3990 3664 4059 ·)

2076 4088 2230 4154 τάξιν
2271 4088 2380 4158 γὰρ
2412 4087 2594 4156 έχουσι
2635 4086 2744 4139 τῶν
2785 4087 2974 4140 πασῶν
3008 4085 3364 4157 ὑῂλοτέραν,
3398 4086 3495 4139 τοῦ
3529 4089 3666 4158 περὶ

2077 4181 2208 4233 Θεὸν
2239 4179 2458 4250 ἀμέσως
2487 4178 2730 4250 ἱδρῦσθαι
2757 4179 2837 4249 (οὐ
2871 4180 2978 4249 γάρ
3006 4181 3118 4230 ἐστι
3151 4179 3258 4251 πρὸ
3300 4179 3469 4248 αὐτῆς
3496 4180 3666 4251 ἑτέρα

2075 4271 2368 4342 τάξις)καὶ
2384 4273 2793 4342 ἀμετακινήτως
2810 4267 2968 4336 εἶναι,
2990 4271 3239 4326 κάκεῖθεν
3263 4273 3341 4334 εἰς
3368 4272 3538 4344 αὐτὴν
3569 4274 3667 4344 άρ-

2077 4365 2388 4437 χικωτέρως
2418 4365 2494 4430 ὡς
2525 4364 2806 4434 ἐγγυτάτω
2841 4363 3297 4434 μεταϐιϐάζεσθαι
3322 4364 3420 4433 τὴν
3449 4363 3667 4417 τελείω-

416 4454 518 4510 ter,
551 4460 618 4500 ac
641 4446 684 4500 si
717 4446 838 4513 quis
871 4445 1016 4500 dicat
1046 4460 1164 4515 qua:
1191 4445 1511 4498 conﬁrmata
1543 4454 1667 4498 sunt
1691 4446 1742 4498 in
1775 4452 1976 4499 seruet-

2083 4475 2184 4511 σιν.
2220 4457 2614 4527 Πρωτουργοὺς
2655 4456 2711 4508 δέ
2756 4455 2901 4524 λέγει
2939 4454 3276 4523 θεοφανείας,
3322 4455 3403 4507 ὃτι
3444 4457 3527 4519 είς
3559 4457 3662 4509 αὐς

416 4537 568 4604 ipsis.
614 4537 806 4592 Merito
848 4538 1014 4606 igitur
1050 4537 1223 4607 prima
1274 4537 1552 4592 distinctio
1589 4536 1656 4588 ab
1701 4533 1976 4588 excellen~

418 4628 642 4682 tissimis
669 4630 920 4684 essentiis
953 4639 1141 4684 sancte
1170 4627 1398 4683 elﬁcitur
1417 4629 1541 4692 (hoc
1566 4629 1710 4682 enim
1741 4627 1983 4692 insinuat

416 4717 548 4772 illud
579 4720 995 4790 sanctiﬁcatur),
1022 4721 1280 4790 quoniam
1317 4722 1564 4774 ordinem
1616 4720 1818 4774 habent
1864 4732 1983 4771 om-

416 4813 577 4866 nibus
618 4812 972 4880 superiorem,
1006 4824 1064 4867 ut
1101 4814 1192 4883 qui
1236 4812 1392 4880 juxta
1447 4813 1613 4866 Deum
1668 4810 1986 4867 immediate.

415 4904 713 4959 collocatur
741 4903 888 4974 (nam
927 4915 1054 4960 ante
1098 4907 1242 4959 hunc
1285 4905 1466 4959 nullus
1518 4905 1656 4960 alius
1695 4904 1829 4957 ordo
1871 4911 1980 4976 est)

415 5007 474 5050 et
499 4995 852 5050 immobiliter
901 5005 1100 5060 manet,
1135 4997 1277 5049 unde
1323 4997 1484 5050 etiam
1538 4995 1591 5049 in
1642 4996 1814 5063 ipsum
1866 5005 1982 5048 tan-

416 5100 578 5155 quam
607 5083 1025 5149 vieiuissimum,
1056 5086 1304 5152 primitus
1336 5085 1567 5138 initiatio
1602 5100 1695 5139 seu
1722 5084 1981 5155 perfer-tio

419 5177 718 5231 derivatur.
764 5173 1128 5244 Primigenias
1159 5188 1338 5232 autem
1370 5179 1734 5246 apparitiones
1766 5178 1860 5231 Dei
1891 5192 1983 5232 vo-

418 5277 529 5335 cat,
556 5268 701 5337 quod
739 5267 792 5322 in
827 5269 906 5323 eis
948 5268 1181 5335 primum
1215 5269 1325 5339 60
1366 5272 1644 5339 Operando
1683 5271 1788 5326 vim
1827 5285 1980 5326 suam

419 5369 687 5415 exerant:
719 5361 1184 5430 comprehendunt
1231 5363 1379 5418 enim
1426 5363 1668 5416 divinam
1741 5363 1981 5427 illustra-
2030 5397 2033 5402 ι

421 5451 644 5518 tionem,
675 5462 732 5506 et
774 5453 1009 5508 evadunt
1054 5454 1355 5522 sapientes;
1409 5455 1641 5525 indeque
1683 5455 1813 5524 ipsis
1860 5456 1982 5510 illu-

419 5541 614 5595 stratio
645 5549 730 5596 est
751 5553 916 5610 atque
944 5543 1201 5611 cognitio.
1240 5543 1380 5598 Hinc
1414 5546 1578 5599 etiam
1618 5561 1714 5600 sex
1747 5546 1861 5600 alas
1884 5547 1982 5599 ba-

420 5630 548 5684 bere
584 5634 959 5699 perhibentur,
993 5634 1136 5702 quod
1169 5634 1325 5690 valde
1367 5634 1590 5691 elevata:
1631 5639 1740 5691 sint
1771 5654 1785 5689 :
1817 5652 1978 5691 sena-

421 5725 532 5778 rius
563 5726 704 5780 euim
731 5743 990 5784 numerus
1017 5730 1288 5800 perfectus
1317 5742 1422 5800 est,
1454 5734 1594 5803 quod
1626 5742 1838 5790 constet
1863 5732 1978 5789 suis

2079 4549 2204 4611 τοὺς
2246 4546 2492 4618 πρώτους
2547 4546 2866 4616 ἐργάζονται
2908 4544 3296 4616 ἐνεργούμεναι
3350 4548 3405 4598 αἱ
3459 4546 3664 4618 θεοφά-

2080 4657 2248 4694 νειαι·
2285 4641 2694 4711 ἐπιδράττονται
2726 4637 2834 4709 γὰρ
2871 4637 2971 4706 τῆς
3011 4637 3158 4700 θείας
3191 4637 3530 4707 ἐλλάμψεως,
3567 4642 3664 4696 καὶ

2084 4731 2420 4800 σοφίζονται·
2448 4731 2655 4784 ἐκεῖθέν
2684 4733 2829 4782 ἐστιν
2852 4729 3033 4791 αὐτοῖς
3064 4727 3237 4782 καὶτὸ
3264 4729 3662 4800 ἐλλάμπεσθαι,

2082 4826 2176 4876 καὶ
2218 4823 2279 4874 τὸ
2326 4821 2631 4891 γινώσκειν.
2675 4820 2831 4874 Ὅθεν
2875 4821 3102 4874 κάκεῖνα
3166 4819 3263 4889 μὲν
3311 4820 3664 4892 ἐξαπτέρυγα

2082 4914 2347 4983 λέγονται,
2395 4913 2470 4976 ώς
2518 4912 2659 4966 κατά
2702 4913 2835 4965 πολὺ
2878 4910 3267 4982 ὑπερηρμένα·
3318 4915 3379 4978 ἒξ
3423 4914 3533 4987 γὰρ
3570 4917 3666 4970 τέη

2085 5004 2225 5068 λειος
2266 5003 2494 5075 ἀριθμός
2542 5005 2708 5064 ἐστιν,
2761 5003 2844 5056 ὅτι
2895 5003 3174 5072 σύγκειται
3216 5006 3281 5058 ἐκ
3328 5005 3436 5058 τῶν
3479 5007 3666 5077 μερῶν

2083 5095 2266 5166 αὑτοῦ,
2305 5096 2445 5166 άπερ
2489 5095 2594 5146 εἰσὶ
2632 5092 2694 5145 τὸ
2715 5094 2905 5164 ἥμισυ,
2941 5095 3104 5163 ἤγουν
3148 5095 3218 5148 τά
3239 5095 3400 5164 τρία·
3443 5095 3507 5149 τὸ
3539 5098 3662 5168 τρίς

2081 5204 2193 5250 τον,
2225 5187 2390 5256 ήγουν
2427 5185 2496 5238 τὰ
2523 5186 2644 5238 δύο·
2679 5185 2772 5238 καὶ
2804 5185 2866 5238 τὸ
2890 5185 3067 5249 ἐκτον,
3104 5187 3270 5256 ἤγουν
3302 5187 3363 5238 τὸ
3405 5188 3464 5240 ἓν
3486 5203 3498 5216 ·
3533 5189 3664 5258 τρία

2081 5282 2138 5336 δὲ
2171 5284 2265 5334 καὶ
2295 5282 2387 5334 δύο
2411 5283 2504 5334 καὶ⁸
2534 5281 2590 5334 ἓν
2625 5280 2785 5334 πάλιν
2813 5280 2891 5346 ἐξ.
2925 5280 3006 5334 Τὰ
3032 5281 3089 5334 δὲ
3135 5281 3399 5353 χερουόὶμ
3424 5280 3664 5352 πολυόμη

2087 5391 2252 5444 ματα,
2282 5374 2357 5436 ὡς
2386 5372 2586 5444 πλῆθος
2615 5372 2867 5442 γνώσεως
2901 5372 3109 5443 ἔχοντα.
3147 5373 3229 5426 Τά
3262 5373 3394 5442 γοῦν
3435 5373 3662 5436 τοιαῦτα

2082 5465 2319 5536 ὀνόματα
2349 5464 2721 5535 ὀνομάζονται,
2751 5463 2893 5518 κατά
2923 5465 3281 5535 ἐκφαντορίαν
3305 5467 3400 5520 καὶ
3428 5466 3664 5537 δήλωσιν

2083 5555 2190 5608 τῶν
2222 5555 2387 5620 ἕξεων
2423 5555 2622 5618 αὐτῶν,
2656 5555 2684 5606 ὃ
2728 5557 2842 5608 ἐστι
2871 5554 2980 5608 τῶν
3036 5554 3285 5626 ἐμμόνων
3342 5555 3661 5611 διαθέσεων.

2085 5647 2148 5698 Αἱ
2178 5645 2285 5714 γὰρ
2319 5645 2456 5698 θεῖαι
2487 5645 2741 5714 δυνάμεις
2763 5644 2883 5698 καθ’
2921 5645 3034 5709 ἕξιν
3079 5646 3259 5714 έχουσι
3300 5645 3363 5697 τὸ
3407 5646 3661 5712 θεοειδὲς,

2084 5737 2194 5805 ἕξις
2222 5736 2277 5788 δέ
2310 5737 2423 5789 ἐστι
2471 5737 2689 5807 ποιότης
2716 5736 2947 5807 ἐμμονος
2968 5752 2983 5768 ⁰
3024 5737 3058 5808 ἡ
3093 5735 3149 5790 δὲ
3177 5735 3398 5808 τοιαύτη
3434 5737 3546 5804 ἕξις
3571 5739 3662 5792 0'5"
