3908 6232
187 385 298 440 217

691 381 780 436 DE
813 380 1138 438 C(ELESTI
1172 375 1620 442 lllERARCﬂlA,
1656 376 1810 432 CAP.
1848 373 1960 428 Vll.
1999 405 2068 414 ——
2103 369 2449 426 PAﬂAPllR.
2486 364 2959 423 PACHYMERE.

3344 363 3456 419 9.18

191 501 438 571 σιωμένη
469 500 589 553 ἐστὶ
617 499 759 553 κατὰ
791 499 941 552 θείαν
969 499 1150 568 χάριν,
1184 499 1246 550 οὑ
1275 497 1380 566 μὴν
1408 497 1484 559 ὡς
1515 493 1782 566 συμϐεϐη-

1906 491 2163 554 ιςιτιίιηιε,
2214 503 2334 556 qua:
2374 496 2540 551 sunt,
2584 486 2890 550 dimidium,
2939 497 3132 553 nempe
3179 484 3313 545 tria;
3343 493 3453 537 ter-

189 593 285 656 κὸς
307 591 376 644 ὲὺ
402 591 772 661 ὑποκειμένῳ,
805 589 895 644 διὰ
918 589 980 642 τὸ
1019 589 1180 642 eam
1209 587 1388 640 αὐτῶν
1421 587 1514 640 καί¹
1559 584 1781 655 ἀσώμα-

187 701 278 736 τον
301 699 317 713 ·
340 682 556 736 ἐκεῖθεν
595 681 703 752 γὰρ
739 670 1069 751 ἀπελήλαται
1087 681 1180 733 καὶ
1212 681 1360 732 πᾶσα
1389 677 1634 738 σύνθεσις
1670 675 1783 729 ὑλι-

189 775 283 844 κὴ,
314 773 417 826 καὶ
439 773 502 824 τὸ
520 773 618 843 τῆς
637 771 769 841 ὕλης
787 771 952 824 πάλιν
968 769 1212 841 ἄμορφον
1241 767 1448 821 ἐκεῖθεν
1473 765 1778 837 ὲξώρισται.

189 863 328 917 Οὔτε
351 863 488 932 γοῦν
530 861 806 932 δυνάμεθα
849 861 1064 930 λέγειν,
1112 861 1195 912 ὅτι
1252 857 1483 930 πρώτως
1528 853 1681 910 οὖσαι
1726 857 1783 908 ὲν

188 953 356 1023 ἑτέρα
407 953 518 1004 τινὶ
559 951 910 1012 καταστάσει,
973 948 1197 1020 ὕστερον
1242 945 1642 1019 προσελάϐοντο
1686 942 1785 1002 τὰς

189 1044 452 1106 τοιαύτας
496 1041 718 1113 ἀρετὰς,
770 1040 947 1112 (τοῦτο
991 1039 1100 1110 γὰρ
1146 1038 1255 1091 τῶν
1299 1035 1567 1090 συνθέτων
1589 1034 1626 1104 ·)
1661 1031 1784 1086 οὔτε

191 1135 519 1205 ἁμόρφωτοι
550 1125 675 1185 ὗλαι
697 1129 873 1195 οὖσαι,
901 1132 1124 1203 ὕστερον
1150 1129 1560 1200 είδοποιήθησαν
1581 1128 1638 1179 ὲν
1665 1128 1786 1188 ταῖς

191 1225 476 1288 τοιαύταις
509 1226 756 1295 ἀρεταῖς·
799 1223 913 1277 ἀλλ’
934 1223 992 1289 ἐξ
1022 1223 1274 1295 ὑπαρχῆς
1307 1221 1450 1273 οὕτω
1495 1219 1613 1290 θείᾳ
1637 1217 1785 1271 ἐκτί-

196 1319 410 1388 σθησαν
437 1319 640 1388 χάριτι.
676 1315 846 1370 Τοῦτο
862 1318 919 1370 δὲ
956 1316 1113 1386 δῆλον
1137 1315 1199 1368 ἔκ
1219 1331 1278 1367 τε
1303 1313 1466 1367 αὐτοῦ
1489 1312 1584 1365 τοῦ
1629 1312 1784 1380 ἁγίου

195 1411 501 1470 Διονυσίου,
538 1411 788 1479 λέγοντος
816 1411 952 1480 πρὸς
987 1411 1067 1482 τῷ
1091 1410 1232 1463 τέλει
1267 1408 1362 1463 τοῦ
1402 1409 1662 1479 τετάρτου
1692 1424 1786 1459 κε-

197 1502 435 1572 φαλαίου
474 1503 574 1572 τῆς
605 1505 1147 1572 Ἔκκλησιαστικῆς
1175 1499 1494 1572 ἱεραρχίας,
1512 1497 1788 1562 οὺσιώὸεις

197 1589 336 1646 εἶναι
378 1592 482 1656 τὰς
514 1593 767 1656 τοιαύτας
797 1593 971 1658 ἕξεις·
1006 1593 1100 1647 καὶ
1143 1595 1208 1646 ὲκ
1239 1592 1353 1656 τοῦ,
1388 1592 1479 1644 τὸν
1530 1591 1789 1654 πεσόντα,

196 1684 547 1738 ἀποϐαλόντα
571 1684 672 1748 τὰς
708 1685 910 1757 ἀρετὰς
944 1684 1277 1756 μεταχθῆναι
1325 1685 1405 1747 είς
1445 1682 1680 1746 ἀλλοίαν,
1715 1681 1790 1744 ὡς

195 1777 261 1830 ἄν
295 1793 388 1838 τις
422 1775 588 1837 εἴποι,
622 1776 955 1830 κατάστασιν
991 1775 1225 1844 φύσεως,
1278 1775 1556 1845 σκοτεινήν
1603 1790 1662 1826 τε
1696 1772 1790 1824 καὶ

1884 585 2037 648 tium,
2075 598 2265 651 nempe
2305 581 2446 646 duo;
2480 587 2534 632 et
2577 589 2825 641 sextum,
2865 590 3059 646 nempe
3112 593 3320 629 unum:
3353 576 3452 630 tria

1881 685 2082 738 autem,
2115 682 2168 729 et
2199 677 2326 737 duo,
2359 681 2415 726 et
2459 687 2624 724 unum
2668 686 2881 724 rursum
2925 684 3020 723 sex
3069 675 3215 724 sunt.
3245 668 3457 722 Cheru-

1882 767 1992 821 bim
2025 776 2204 819 autem
2249 764 2453 818 multos
2503 761 2710 824 oculos,
2760 771 3015 829 tanquam
3054 759 3454 813 multitudinem

1884 858 2228 927 cognitionis.
2267 857 2487 910 habent.
2522 852 2867 922 Ejnscemodi
2908 852 3092 920 itaque
3146 849 3460 904 numinibus

1885 947 2246 1015 appellantur,
2286 944 2582 999 secundum
2616 943 3108 997 manifestationem
3163 958 3228 997 ac
3271 941 3460 996 decla-

1887 1039 2148 1092 rationem
2190 1039 2469 1092 habitunm
2522 1051 2770 1098 suorum,
2803 1034 2852 1086 id
2884 1043 2968 1087 est
3015 1033 3306 1088 affectuum
3359 1035 3463 1086 im-

1886 1131 2243 1184 manentium.
2277 1127 2411 1182 Nam
2445 1127 2674 1180 virtutes
2706 1125 2903 1178 divina!
2950 1125 3249 1179 secundum
3303 1123 3454 1178 habi-

1887 1231 1998 1274 tum
2029 1221 2230 1275 habent
2259 1221 2704 1280 deiformitatem,
2732 1217 2952 1270 habitus
2995 1226 3173 1270 autem
3220 1225 3303 1270 est
3330 1230 3464 1284 qua-

1886 1314 2011 1367 litas
2028 1315 2329 1366 immanens
2348 1329 2361 1364 :
2382 1311 2708 1380 ejuscemodi
2735 1320 2917 1364 autem
2938 1309 3152 1362 habitus
3169 1309 3460 1362 essentiam

1886 1417 2041 1456 suam
2072 1403 2236 1456 habet
2266 1401 2563 1456 secundum
2596 1401 2827 1469 gratiam
2857 1399 3114 1459 divinam,
3147 1412 3249 1450 non
3277 1404 3460 1450 autem

1887 1504 1969 1548 est
2001 1503 2059 1545 ut
2085 1492 2336 1547 accidens
2378 1492 2432 1546 in
2471 1491 2734 1560 subjecto,
2768 1498 2988 1559 propter
3036 1503 3224 1542 eorum
3274 1487 3466 1541 imma-

1891 1585 2235 1640 terialitatem
2296 1594 2352 1638 et
2399 1584 2901 1652 incorpm'eitalem,
2943 1581 3068 1634 inde
3095 1580 3240 1633 enim
3287 1577 3466 1633 omnis

1890 1689 2002 1733 tam
2045 1677 2366 1745 compositio
2398 1675 2715 1738 lnnlet‘ialis,
2749 1689 2911 1742 quam
2944 1672 3255 1726 iul'ormitas
3286 1680 3466 1723 mateo

1895 1769 2010 1831 riae,
2063 1766 2297 1821 exsulat.
2353 1765 2719 1831 Quamobrem
2768 1764 2951 1816 dicere
3001 1776 3104 1815 non
3154 1774 3468 1830 possumus,

197 1866 492 1938 φθονερὰν,
549 1869 644 1922 καὶ
692 1868 888 1931 κακίας
929 1839 1145 1938 πλῆρη,
1207 1867 1302 1919 καὶ
1351 1839 1599 1919 ἐναντίαν
1647 1864 1793 1920 κατὰ

1906 1855 2034 1924 quod
2063 1857 2296 1924 prinnnn
2329 1855 2380 1908 in
2403 1854 2584 1922 aliquo
2614 1853 2723 1907 alio
2755 1862 2897 1906 statu
2929 1851 3246 1912 existentes,
3281 1862 3467 1919 postea

197 1956 380 2011 πάντα
412 1961 480 2030 τῇ
515 1957 637 2028 θείᾳ
670 1959 763 2010 καὶ
795 1957 1058 2028 ἀγγελικῇ
1112 1957 1394 2028 πολιτείαν
1430 1955 1654 2025 τοιαύτη
1683 1954 1792 2026 γὰρ

196 2049 231 2119 ἡ
262 2047 378 2101 τῶν
417 2049 665 2117 ἀγγέλων
697 2048 809 2114 ἕξις
840 2048 1136 2120 οὐσιώδης,
1171 2048 1259 2102 οἵα
1293 2047 1387 2100 καὶ
1429 2049 1461 2118 ὴ
1494 2046 1588 2102 τοῦ
1622 2047 1795 2118 πυρὸς

197 2141 318 2195 καθ’
354 2139 472 2206 ἕξιν
494 2141 709 2204 καῦσις.
743 2141 816 2193 Τὸ
859 2139 990 2208 γοῦν
1031 2138 1141 2192 τῶν
1200 2139 1437 2209 σεραφὶμ
1468 2137 1638 2208 ὄνομα
1670 2135 1797 2209 ἐξη-

196 2229 468 2302 γούμεθα,
499 2232 582 2284 ὅτι
625 2231 687 2283 τὸ
736 2229 847 2300 πῦρ
881 2229 1186 2299 ἀεικίνητόν
1235 2230 1384 2293 ἐστι,
1420 2227 1619 2300 θερμόν
1653 2229 1793 2290 ἐστι,

195 2323 286 2390 ὀξύ
341 2325 485 2386 ἐστι,
536 2322 698 2393 (κατὰ
739 2322 903 2376 αὑτοῦ
945 2321 1053 2394 γὰρ
1083 2320 1177 2373 τοῦ
1227 2319 1378 2372 λίθου
1425 2321 1552 2381 τοὺς
1597 2319 1797 2383 τόπους

196 2413 497 2485 εἰσδύνεν)
533 2413 872 2481 ἀναγωγικόν
917 2413 1034 2464 ὲστι
1076 2410 1185 2464 τῶν
1232 2408 1668 2480 ὑποϐεϐηκότων,
1703 2408 1798 2460 καὶ

195 2504 358 2573 δῆλον
412 2505 479 2557 ὲκ
530 2503 638 2557 τῶν
704 2503 1138 2574 ἀναθυμιάσεων,
1195 2501 1312 2564 πῶς
1373 2503 1438 2572 τῇ
1494 2499 1670 2573 θέρμῃ
1701 2498 1794 2551 τοῦ

200 2597 350 2666 ἡλίου
395 2595 690 2663 ἀνάγονται
712 2613 726 2625 ·
760 2595 1088 2666 δραστήριόν
1123 2595 1240 2648 ἐστι
1271 2593 1408 2664 πρὸς
1438 2591 1536 2662 τὴν
1567 2590 1676 2644 τῶν
1708 2591 1801 2658 ἐγ-

195 2687 466 2754 γιζόντων
499 2686 780 2756 ὁμοίωσιν,
818 2684 1041 2756 πυρώδη
1075 2684 1184 2755 γὰρ
1215 2685 1361 2735 ποιεῖ
1390 2680 1460 2734 τὰ
1491 2679 1797 2749 ἐγγίζοντα,

198 2788 515 2851 ὁλοκαυτοῖ,
570 2785 862 2856 καθαίρει·
916 2782 1356 2854 ἀπερικάλυπτόν
1411 2782 1578 2844 ἐστιν,
1639 2777 1802 2832 ἄσϐε-

201 2898 326 2934 στον
359 2880 478 2950 ἕχει
512 2880 574 2932 τὸ
607 2877 895 2947 φωτοειδὲς
945 2877 1037 2930 καὶ
1073 2875 1420 2944 φωτιστικὺν,
1472 2875 1566 2928 καὶ
1613 2873 1802 2947 τεόρρω

198 2977 260 3032 τὸ
296 2976 498 3036 σκότος
530 2971 762 3024 ἐλαύνει.
801 2967 1016 3031 Ταύτας
1048 2967 1232 3036 ἔχουσι
1262 2966 1362 3028 τὰς
1393 2965 1534 3032 ἔξεις
1568 2967 1804 3037 ὑπερκο-

202 3069 384 3138 opim;
412 3066 486 3119 τα
513 3062 760 3135 σεραφίμ
784 3079 798 3092 ·
834 3060 1190 3130 ὰκατὰληκτά
1218 3060 1325 3112 εἰσι
1359 3059 1454 3112 καὶ
1500 3057 1799 3126 ὑπερζέον-

199 3179 289 3224 τα,
344 3161 445 3213 καὶ
477 3157 734 3210 ἀνένδοτα
785 3153 922 3225 πρὸς
964 3152 1063 3218 τὴν
1107 3152 1233 3222 περὶ
1266 3151 1397 3204 Θεὸν
1436 3149 1800 3221 ἀεικινησίαν,

203 3254 296 3310 καὶ
329 3251 434 3316 τὰς
468 3248 875 3318 ὑποϐεϐηκυίας
927 3243 1112 3309 τάξεις
1159 3243 1443 3311 ἀνάγουσι,
1484 3242 1579 3294 καὶ⁴
1625 3259 1806 3313 πρακ-

201 3344 375 3406 τικῶς
439 3338 898 3410 ἀναζωπυροῦσι,
959 3337 1052 3389 καὶ
1111 3332 1437 3405 ἀφομοιοῦσι
1495 3333 1635 3404 πρὸς
1705 3333 1807 3403 τὴν

203 3436 402 3508 ὁμοίαν
437 3432 589 3497 ζέσιν
626 3432 719 3484 καὶ
748 3430 843 3483 τὸν
876 3428 1041 3481 πόθον
1073 3427 1163 3480 τὸν
1199 3425 1401 3490 ἔνθεον,
1448 3425 1542 3478 καὶ
1574 3424 1639 3478 δι’
1687 3422 1808 3477 ὅλου

208 3525 573 3600 πρηστηρίως
606 3521 912 3593 καθαρτικὰ
943 3521 1071 3582 είσι,
1108 3518 1201 3571 καὶ
1244 3517 1305 3570 τὸ
1351 3515 1639 3586 φωτοειδὲς
1671 3516 1809 3586 ὅπερ

207 3619 429 3688 ἔχουσιν
461 3618 530 3668 ὲκ
561 3613 718 3677 Θεοῦ,
759 3613 852 3664 καὶ
883 3611 944 3663 τὸ
978 3608 1304 3679 φωτιστικὸν
1339 3606 1459 3660 καθ’
1502 3605 1531 3660 ὃ
1574 3604 1645 3658 τὰ
1676 3603 1809 3658 ἄλλα

209 3711 568 3781 φωτίζουσιν,
615 3702 1054 3775 ἀπερικάλυπτον
1104 3700 1198 3754 καὶ
1247 3697 1509 3753 ἄσϐεστον
1563 3695 1776 3766 ἔχουσιν
1799 3712 1813 3726 ο

209 3802 327 3861 ἔστι
379 3799 494 3870 γὰρ
535 3798 611 3862 ὡς
664 3795 765 3865 ὕλη
811 3797 839 3848 ὁ
872 3792 1013 3855 θεῖος
1045 3791 1208 3854 πόθος
1259 3791 1463 3852 αὐτοῖς,
1496 3789 1591 3841 καὶ
1635 3787 1816 3854 πάσης

215 3891 571 3953 σκοτοποιίας
611 3887 868 3942 ὲπέκεινά
899 3887 1058 3948 εἰσιν,
1087 3883 1164 3947 ώς
1206 3884 1273 3953 τῇ
1311 3881 1434 3952 θείᾳ
1467 3878 1812 3951 λαμπρότητι

215 3983 598 4054 ἀναπτόμενοι.

1897 1947 2128 2000 virtutes
2157 1946 2487 2014 ejuscemudi
2523 1945 2834 2012 acceperint
2858 1947 2987 2011 (hoc
3019 1943 3162 1996 enim
3203 1942 3473 2008 composi-

1898 2051 2074 2093 torum
2116 2038 2254 2106 est);
2289 2051 2462 2104 neque
2495 2038 2638 2104 quod
2680 2035 2940 2088 informes
2989 2041 3170 2087 essent
3207 2032 3467 2092 materias.

1897 2142 2083 2201 postea
2116 2129 2424 2185 istiusmodi
2459 2128 2754 2182 virtutibus
2780 2127 3060 2180 adornata:
3087 2125 3231 2187 sint;
3259 2122 3353 2177 sed
3400 2123 3470 2175 ab

1899 2217 2057 2272 initio
2087 2217 2226 2271 tales
2256 2217 2438 2270 divina
2484 2216 2661 2284 gratia
2697 2226 2896 2269 creata:
2943 2222 3091 2266 sunt.
3124 2211 3280 2278 Quod
3324 2211 3474 2264 clare

1898 2317 2050 2378 patet
2077 2324 2202 2361 cum
2241 2324 2304 2362 ex
2345 2309 2462 2376 ipso
2494 2307 2553 2360 S.
2602 2306 2882 2375 Dionysio,
2922 2305 3134 2358 dicente
3159 2304 3260 2358 sub
3307 2302 3468 2356 finem

1899 2401 2080 2470 quarti
2113 2400 2311 2468 capitis
2359 2398 2689 2452 Hieran/aia:
2735 2397 3132 2459 ecclesiastica),
3165 2392 3472 2447 istiusmodi

1900 2490 2120 2546 habitus
2149 2503 2271 2544 esse
2299 2489 2719 2553 substantiales;
2759 2498 2871 2540 tum
2905 2486 3077 2539 etiam
3105 2500 3169 2538 ex
3220 2499 3285 2539 eo
3332 2483 3476 2552 quod

1903 2584 1948 2637 is
1977 2583 2067 2651 qui
2097 2581 2313 2644 cecidit,
2343 2580 2640 2633 virtutibus
2686 2578 2939 2648 abjectis,
2972 2578 3036 2630 ad
3070 2577 3260 2639 alium,
3311 2584 3370 2628 ut
3400 2575 3477 2628 ita

1899 2672 2022 2740 quis
2051 2671 2276 2734 dixerit,
2322 2678 2530 2722 natura:
2555 2677 2756 2721 statum
2793 2668 2866 2720 sit
2917 2667 3235 2729 translatus,
3281 2665 3482 2720 obsc-

1904 2779 2021 2817 rum
2055 2761 2287 2824 scilicet,
2319 2771 2375 2814 et
2406 2760 2626 2813 invidia:
2660 2758 2998 2826 inalitimque
3048 2761 3289 2825 plenum,
3319 2764 3483 2823 atque

1902 2854 2102 2909 divina:
2126 2854 2445 2924 etangelicae
2460 2852 2842 2908 vitaainstituto
2877 2847 3214 2902 contrarium
3244 2863 3258 2899 :
3294 2846 3479 2900 istius-

1904 2941 2050 2997 modi
2100 2942 2244 2995 enim
2282 2939 2603 3008 angelorum
2667 2938 2889 2992 habitus
2944 2934 3325 2991 substantialis
3375 2943 3481 2995 est.

1904 3045 2013 3086 non
2045 3043 2205 3084 secus
2235 3039 2404 3097 atque
2437 3027 2577 3096 ignis
2623 3026 2921 3080 secundum
2975 3027 3221 3080 habitum
3272 3024 3486 3079 adustio

1906 3135 2012 3180 est.
2047 3122 2251 3178 Nomen
2298 3125 2482 3191 itaque
2513 3122 2786 3188 seraphin)
2832 3119 3198 3188 explicatnns,
3231 3119 3376 3188 quod
3412 3118 3488 3172 sit

1910 3219 2048 3290 ignis
2093 3230 2310 3285 semper
2355 3214 2612 3277 mobilis,
2663 3212 2894 3272 calidus.
2944 3209 3160 3262 subtilis
3209 3206 3485 3277 (quoniam

1909 3312 2075 3366 etiam
2121 3309 2292 3379 ipsius
2336 3306 2530 3375 lapidis
2559 3320 2721 3374 puros
2765 3310 3059 3372 penetrat),
3088 3301 3178 3370 qui
3225 3298 3485 3353 inferiora

1911 3416 2128 3457 sursum
2159 3400 2362 3464 elevat,
2392 3399 2466 3452 uti
2511 3396 2860 3464 perspicuum
2911 3396 2969 3447 fit
3014 3407 3080 3446 ex
3130 3388 3489 3445 ex‘lialationi-

1913 3496 2036 3561 bus,
2068 3492 2344 3562 qummodo
2391 3489 2577 3543 calore
2619 3487 2752 3542 solis
2781 3485 3102 3539 attolluntur
3133 3501 3147 3536 :
3186 3482 3276 3551 qui
3305 3481 3386 3536 sui
3415 3479 3490 3534 si-

1914 3587 2274 3642 militudinem
2318 3579 2883 3652 appropinquantibus
2931 3577 3233 3646 ingenerat.
3267 3573 3491 3643 propin-

1922 3694 2028 3749 qua
2059 3677 2202 3732 enim
2231 3677 2414 3730 omnia
2441 3675 2610 3744 ignita
2651 3670 2854 3734 reddit,
2877 3669 3103 3739 penitus
3139 3666 3340 3730 adurit,
3362 3679 3492 3733 pur-

1923 3779 2053 3841 gat:
2081 3769 2172 3838 qui
2218 3768 2474 3823 abscondi
2527 3763 2740 3833 nequit,
2778 3760 3220 3814 lncilhrmitatem
3275 3765 3332 3810 et
3364 3756 3490 3810 illu-

1921 3864 2162 3919 minandi
2196 3861 2302 3914 vim
2341 3859 2722 3914 inexstiuctam
2759 3855 2992 3916 obtinet,
3025 3861 3082 3905 et
3125 3849 3308 3921 procul
3342 3859 3492 3903 tene-

1917 3958 2046 4012 bras
2109 3952 2378 4022 prOpellit.
2427 3949 2588 4003 llisce
2658 3947 2936 4001 habilibus
2981 3939 3494 4013 supermundialiter

1913 4046 2127 4118 praediti
2179 4052 2306 4097 sunt
2357 4040 2632 4107 serapbim
2674 4051 2689 4089 :
2741 4033 2998 4090 indefessi
3055 4041 3186 4088 sunt
3227 4041 3285 4086 et
3327 4044 3493 4100 supra

216 4184 383 4236 quam
420 4167 722 4230 ferventes,
775 4173 829 4220 et
881 4163 948 4216 ad
974 4161 1169 4233 {Deum
1225 4153 1539 4212 incessabili
1601 4162 1820 4220 semper
1888 4151 2036 4199 motu
2090 4139 2304 4194 cientur
2357 4135 2761 4200 inferioresque
2808 4128 3032 4183 ordines
3079 4128 3378 4190 adducunt,
3427 4138 3494 4179 ac

215 4221 402 4328 r'eipsa
450 4221 750 4320 suscitanti,
795 4267 852 4310 et
901 4221 994 4308 ad'
1035 4252 1378 4307 consimilem
1425 4249 1530 4319 61
1587 4247 1856 4300 fervorem
1913 4237 2265 4300 divinumque
2296 4229 2625 4285 desiderium
2680 4225 2924 4278 excitant
2967 4233 3022 4276 et
3070 4221 3392 4280 informant,
3437 4225 3494 4270 et

217 4357 449 4409 ornuino
481 4355 650 4425 ignite
695 4361 946 4424 purgant,
1007 4360 1169 4419 atque
1219 4346 1449 4402 formam
1498 4343 1637 4397 lucis
1666 4353 1829 4410 quam
1873 4350 1941 4389 ex
1993 4333 2103 4386 Deo
2141 4329 2375 4391 .babent,
2412 4335 2466 4378 et
2496 4321 2834 4377 illmninandi
2873 4320 2979 4373 vim
3013 4333 3117 4385 qua
3151 4324 3342 4369 caetera
3372 4312 3497 4366 illu-

219 4451 470 4512 minant,
529 4449 909 4504 inabsconsatu
945 4455 1001 4500 et
1054 4445 1436 4498 itiexstinctam
1489 4439 1765 4510 possident

1813 4429 2108 4488 :divinum
2161 4423 2305 4478 enim
2358 4421 2683 4474 desiderium
2744 4418 2851 4470 illis
2901 4424 2987 4470 est
3044 4414 3166 4468 vice
3219 4410 3488 4475 materiai;

220 4554 277 4600 et
313 4545 468 4595 omni
518 4544 971 4596 obtenebratione
1014 4541 1324 4608 superiores
1370 4546 1516 4598 sunt,
1557 4543 1615 4587 ut
1656 4531 1747 4600 qui
1781 4529 1963 4582 divino
2009 4521 2296 4592 splendore
2349 4527 2476 4572 sunt
2520 4513 2788 4570 succensi.

291 4635 382 4689 Τὰ
412 4634 472 4687 δὲ
515 4632 778 4705 χερουϐίμ
815 4634 950 4686 εἰσιν
989 4601 1364 4704 ὸνοραζόμενα
1398 4625 1540 4681 κατὰ
1585 4625 1672 4677 τὸν
1723 4621 1800 4675 λό-

1988 4614 2279 4671 Cberubim
2320 4620 2503 4664 autem
2556 4605 2817 4661 neminati
2873 4613 3020 4666 sunt,
3066 4601 3362 4657 secundum
3408 4614 3498 4654 ra-

220 4744 322 4796 γον
353 4728 458 4798 τῆς
489 4730 619 4799 παρ’
647 4730 776 4798 ἡμῖν
809 4725 1088 4795 γνώσεως·
1126 4727 1159 4796 ἡ
1186 4721 1429 4794 ἡμετέρα
1449 4718 1559 4788 γὰρ
1586 4713 1807 4784 γνῶσις,

221 4819 324 4873 καὶ
381 4819 658 4889 γνωστικὴ
711 4819 804 4889 ἀφ’
852 4817 1052 4887 ἑαυτῆς
1099 4818 1236 4879 ἐστι,
1284 4814 1377 4866 καὶ
1437 4807 1656 4878 δεκτικὴ
1712 4805 1812 4875 τῆς

220 4912 431 4978 ἔξωθεν
493 4911 801 4982 μαθήσεως.
861 4911 1072 4979 Ὥσπερ
1130 4906 1243 4978 γὰρ
1293 4906 1327 4977 ἡ
1389 4900 1631 4972 ἀγνωσία
1661 4896 1813 4966 διττή

221 5005 403 5065 ἐστιν,
437 5003 473 5073 ἡ
510 5002 606 5073 μὲν
655 5002 798 5055 κατὰ
842 5001 1137 5070 ἀπόφασιν,
1165 5000 1256 5052 ὅτε
1309 4996 1428 5048 τόδε
1460 5011 1511 5046 τι
1543 4993 1604 5045 οὐ
1650 4987 1816 5059 γινώ-

223 5112 458 5164 σκομεν,
489 5094 828 5166 γινώσκομεν
871 5095 928 5148 δὲ
974 5095 1055 5147 ὅτι
1099 5093 1160 5145 οὐ
1206 5087 1565 5160 γινώσκομεν,
1617 5083 1684 5154 ἣν
1727 5081 1824 5134 καὶ

227 5187 414 5256 ἁπλῆν
446 5187 665 5254 ἄγνοιαν
701 5185 984 5253 λέγουσιν·
1022 5186 1055 5255 ὴ
1089 5183 1144 5236 δὲ
1177 5179 1317 5235 κατὰ
1347 5177 1604 5240 διάθεσιν,
1638 5175 1727 5227 ὅτε
1759 5173 1820 5225 οὺ

231 5278 598 5345 γινώσκοντες
628 5275 988 5347 ἁπατώμεθα,
1022 5275 1115 5328 καὶ
1150 5270 1376 5343 οἰόμεθα
1396 5267 1704 5338 γινώσκειν,
1729 5265 1824 5317 καὶ

228 5371 351 5425 οὐδὲ
388 5369 522 5423 αὐτὸ
569 5368 729 5422 τοῦτο
761 5368 1003 5438 οἴδαμεν,
1038 5366 1118 5419 ὅτι
1147 5366 1210 5417 οὐ
1263 5361 1624 5432 γινώσκομεν,
1656 5359 1724 5428 ἢν
1756 5357 1822 5428 δὴ

227 5467 324 5519 καὶ
358 5461 562 5532 διπλῆν
598 5459 854 5514 καλοῦσιν
901 5459 1144 5526 ἄγνοιαν,
1177 5452 1257 5523 τῷ
1288 5469 1349 5504 τε
1394 5451 1469 5521 μὴ
1510 5447 1822 5517 γινώσκειν,

222 5558 324 5610 καὶ
355 5555 440 5625 τῷ
472 5552 547 5624 μὴ
580 5549 866 5620 γινώσκειν
908 5549 991 5601 ὅτι
1039 5547 1101 5599 οὐ
1145 5543 1439 5614 γινώσκειο
1486 5539 1629 5593 οὕτω
1671 5539 1822 5608 καὶὴ

222 5647 438 5718 γνῶσις
468 5644 646 5712 διττὴ,
676 5644 710 5712 ή
749 5641 847 5712 μὲν
887 5641 970 5693 ὅτι
1005 5637 1284 5707 γινώσκει,
1325 5633 1446 5687 καθ’
1480 5632 1509 5684 ὃ
1541 5631 1634 5684 καὶ
1679 5645 1821 5698 γνω-

227 5739 398 5806 atri;
434 5736 689 5804 λέγεται·
723 5735 757 5804 ἠ
797 5732 854 5784 δὲ
901 5732 983 5784 ὅτι
1017 5728 1274 5800 μανθάνει
1313 5725 1405 5777 καὶ
1436 5723 1647 5792 δέχεται
1684 5721 1822 5790 γνῶ-

231 5845 342 5897 σιν,
376 5830 472 5884 καὶ
507 5825 767 5898 γινώσκει
799 5825 880 5879 ὅτι
913 5822 1210 5894 ὠφέληται,
1255 5817 1376 5873 καθ’
1407 5817 1435 5871 ὃ
1467 5815 1682 5885 λέγεται
1724 5815 1816 5869 καὶ

1921 4709 2120 4762 tionem
2149 4714 2351 4758 nostra;
2380 4701 2714 4770 cognitionis
2744 4716 2758 4753 :
2795 4697 3058 4767 siquidem
3092 4695 3283 4750 notitia
3310 4701 3497 4747 nostra

1918 4799 2081 4852 etiam
2118 4795 2424 4863 intelligens
2480 4801 2563 4845 est
2607 4809 2636 4844 a
2689 4805 2768 4852 se,
2819 4797 2874 4841 et
2924 4796 3216 4840 externam
3264 4781 3498 4850 suscipit

1921 4889 2281 4957 disciplinam.
2313 4885 2468 4938 Sicut
2497 4883 2643 4936 enim
2691 4879 2964 4948 ignoratio
3012 4875 3207 4945 duplex
3253 4881 3357 4939 est,
3389 4888 3496 4926 una

1923 4981 2185 5035 nimirum
2213 4978 2483 5047 negativa,
2507 4985 2564 5028 ut
2592 4975 2810 5044 quando
2840 4971 3043 5040 aliquid
3072 4985 3176 5023 non
3209 4965 3495 5036 cognosci-

1926 5087 2071 5136 mus,
2116 5069 2319 5124 scimus
2351 5077 2528 5120 autem
2575 5081 2673 5119 nos
2722 5066 2773 5118 id
2820 5081 2922 5118 non
2967 5076 3146 5127 nosse,
3176 5074 3336 5128 quam
3368 5057 3502 5111 sim-

1925 5164 2118 5235 plicem
2145 5169 2340 5215 vocant
2363 5158 2758 5228 ignorantiam;
2787 5155 2890 5209 alia
2916 5168 3042 5207 vero
3070 5159 3155 5206 est
3187 5145 3496 5212 liabitualis,

1926 5257 2140 5326 quando
2173 5255 2488 5322 ignorantes
2531 5248 2858 5318 decipimur,
2891 5253 2946 5299 et
2991 5251 3243 5311 putamus
3284 5251 3382 5291 nos
3411 5237 3501 5288 in-

1933 5349 2174 5417 telligere
2208 5359 2384 5415 neque
2409 5345 2642 5412 idipsum
2676 5338 3025 5409 agnoscimus
3051 5333 3194 5403 quod
3226 5345 3330 5385 non
3359 5327 3496 5380 scia-

1933 5455 2085 5505 mus;
2103 5454 2264 5508 quam
2293 5436 2499 5490 idcirco
2522 5432 2790 5501 duplicem
2817 5425 3178 5498 ignorantiam
3198 5419 3496 5489 appellant,

1932 5529 2230 5599 cumquod
2268 5528 2502 5597 ignoret,
2551 5533 2666 5579 tum
2714 5522 2856 5591 quod
2905 5519 3138 5586 idipsum
3187 5511 3400 5567 nesciat
3440 5523 3499 5561 se

1933 5623 2233 5691 ignorare:
2267 5619 2350 5674 sic
2380 5618 2546 5672 etiam
2592 5613 2832 5683 cognitio
2875 5609 3096 5679 duplex,
3135 5618 3240 5658 una
3279 5602 3497 5672 quidem

1928 5715 2054 5785 quia
2089 5711 2392 5783 cognoscit,
2427 5706 2730 5764 secundum
2758 5701 2902 5773 quod
2949 5709 3286 5769 cognoscens
3315 5691 3499 5760 appel-

1925 5809 2098 5877 latur;
2131 5807 2234 5863 alia
2265 5821 2394 5862 vero
2423 5801 2756 5875 quia__discit
2799 5805 2965 5867 atque
2998 5792 3194 5862 accipit
3227 5788 3494 5849 notitiam,
