3908 6232
435 319 544 374 219

1614 317 1676 375 S.
1719 317 2019 374 DIONYSII
2061 318 2524 373 AREOPAGI’l/E

3598 321 3712 373 Ὴυ

437 453 491 494 et
526 441 773 509 agnoscit
802 440 933 510 quid
963 442 1158 509 prosit,
1188 442 1486 499 semiudum
1515 443 1657 511 quod
1690 444 1856 496 etiam
1890 458 2007 509 gua'

2118 442 2465 511 γνωριστική.
2505 441 2691 493 Ἔστιν
2739 441 2773 510 ἡ
2820 440 3062 512 ἡμετέρα
3109 440 3309 508 γνῶσις
3360 440 3454 492 καὶ
3500 439 3701 509 θεωρη-

438 548 496 585 ra
529 533 749 586 dicitur.
782 532 878 585 Est
908 534 1133 602 insuper
1158 534 1400 601 cognitio
1430 546 1615 589 nostra
1654 534 2011 602 speculativa,

436 636 494 677 III.
524 640 645 693 qum
678 638 845 691 super
866 638 966 677 ora
1001 638 1063 678 se
1090 633 1403 678 scrutatur:
1434 634 1519 677 est
1562 624 1729 677 etiam
1771 640 2015 679 (2011111111-

438 716 700 782 uicativa,
750 724 809 769 ut
864 717 1085 783 quando
1140 715 1393 779 illarum,
1450 716 1647 786 quibus
1694 717 1851 785 plena
1899 726 2013 783 est,

435 805 796 859 scientiarum
830 807 1173 875 disciplinam
1226 808 1278 860 in
1321 808 1482 871 alios,
1519 809 1610 877 qui
1643 823 1705 862 ea
1747 810 2013 877 indigent,

436 898 793 952 transfundit.
844 898 968 953 H:ec
1020 901 1186 953 etiam
1235 900 1420 954 omnia
1455 901 1655 957 habent
1681 902 1959 957 cherubim
1996 920 2010 956 :

435 990 741 1059 intelligunt
784 1006 848 1044 ac
893 992 1339 1060 contemplantur
1377 993 1617 1047 divinam
1666 996 2011 1061 claritatem,

432 1080 745 1146 cognitione
775 1090 1062 1133 moventur
1101 1081 1168 1135 ad
1206 1081 1258 1134 id
1291 1083 1434 1150 quod
1466 1098 1593 1137 vere
1634 1095 1718 1139 est
1751 1088 2011 1153 amabile,

433 1184 535 1222 nec
562 1185 665 1221 non
702 1170 1123 1226 illustrationem
1150 1174 1428 1242 accipiunt
1457 1190 1485 1227 a
1526 1175 1635 1229 Deo
1661 1192 1755 1245 per
1780 1180 2013 1235 virtutes

433 1261 566 1329 ipsis
597 1263 924 1328 anteriores,
964 1276 1021 1319 et
1065 1266 1306 1319 divinam
1351 1278 1665 1322 scrutantur
1710 1270 2014 1339 pulchritu-

432 1354 465 1406 d
492 1368 636 1417 nem,
678 1356 732 1408 in
761 1356 964 1411 virtute
1006 1357 1263 1411 nimirum
1311 1360 1669 1428 primigenia,
1714 1365 2011 1417 secundum

430 1463 594 1515 quam
629 1463 738 1517 pra:
771 1451 988 1503 caeteris
1016 1450 1193 1519 primo
1226 1450 1346 1505 loco
1398 1466 1501 1504 una
1537 1467 1660 1506 cum
1698 1454 1914 1510 thronis
1946 1472 2010 1510 ac

429 1540 704 1609 seraphin:
735 1541 997 1596 hauriunt
1021 1545 1438 1612 apparitiouem.
1485 1546 1548 1601 Ili
1588 1548 1733 1601 enim
1769 1558 1877 1602 tres
1917 1564 2008 1602 or-

426 1630 588 1685 dines
620 1647 721 1684 una
747 1635 999 1702 quaedam
1040 1644 1167 1688 sunt
1196 1635 1525 1702 hierarchia,
1554 1649 1608 1694 et
1631 1638 2009 1709 primigeniam

432 1723 486 1775 in
525 1723 783 1777 omnibus
831 1725 1088 1778 virtutem
1135 1729 1478 1783 sortiuntur:
1511 1731 1657 1783 omni
1715 1731 1859 1783 enim
1899 1740 2009 1783 tam

432 1813 692 1866 iuvi~ibili
720 1829 883 1881 quam
919 1814 1118 1870 visibili
1162 1817 1363 1871 virtute
1398 1818 1632 1891 maiores
1679 1828 1809 1874 sunt
1850 1820 2010 1889 primi

433 1914 547 1959 tres
575 1906 664 1959 isti
690 1906 933 1961 ordines.
968 1907 1109 1961 Sunt
1140 1910 1421 1965 cherubim
1450 1914 1615 1967 etiam
1643 1916 2014 1968 communica-

432 1998 553 2065 tiri,
588 2014 730 2065 eum,
768 2014 873 2069 qua
908 2002 1101 2071 repleti
1134 2014 1284 2070 sunt,
1317 2007 1714 2076 sepieutilicam
1748 2009 2013 2064 distribu-

428 2094 641 2147 tionem
681 2094 1041 2151 inferioribus
1086 2097 1406 2153 instillando
1453 2101 1769 2170 profusione
1801 2102 2016 2171 sapien-

429 2185 519 2238 tia:
547 2199 678 2239 sum.

499 2277 767 2345 Agedum,
809 2279 974 2333 etiam
1022 2288 1339 2335 sanctorum
1384 2290 1439 2336 et
1491 2282 2007 2337 sublimissimorum

429 2380 593 2435 atque
621 2370 959 2424 excelsorum
990 2371 1313 2425 thronorum
1347 2388 1544 2427 nomen
1569 2375 2003 2430 consideremus.

430 2458 682 2513 Thronus
702 2460 951 2516 sublimis
979 2476 1007 2514 a
1041 2463 1270 2517 terrenis
1292 2462 1486 2529 elatus,
1522 2464 1751 2519 thronus
1784 2480 2001 2520 sursum

429 2548 634 2615 ferens,
676 2558 731 2604 ει
786 2566 1031 2607 δοεεοτεε
1077 2568 1205 2608 SUOS
1246 2564 1564 2609 constanter
1613 2570 1678 2610 ac
1728 2565 2010 2626 compacte

428 2656 642 2695 sursum
674 2642 802 2696 ferri
834 2642 1039 2698 faciens
1065 2663 1080 2699 :
1112 2653 1342 2700 thronus
1367 2656 1450 2700 est
1479 2663 1653 2717 capax
1681 2647 1825 2702 illius
1843 2663 2007 2718 quem

429 2734 555 2799 fert,
586 2744 643 2789 et
672 2738 1075 2806 receptaculum
1116 2740 1347 2794 sessoris
1376 2741 1481 2796 sui.
1527 2740 1671 2795 Idem
1715 2742 1769 2795 in
1801 2743 2010 2797 sanctis

430 2827 553 2881 istis
598 2828 809 2883 thronis
857 2832 1208 2886 considerare
1251 2833 1359 2903 62
1408 2832 1570 2887 liceat
1620 2851 1633 2886 :
1691 2833 2008 2888 eximuntur

427 2924 571 2974 cnim
610 2923 679 2977 ab
726 2924 873 2976 omni
930 2923 1080 2977 humi
1132 2926 1459 2993 reptatione,
1507 2937 1561 2978 et
1609 2926 1675 2978 ad
1729 2925 2005 2979 anteriora

427 3030 644 3068 sursum
677 3014 1000 3081 efferuntur,
1038 3017 1111 3069 ita
1146 3026 1205 3069 ut
1237 3017 1383 3069 nulla
1431 3016 1556 3073 illos
1588 3027 1770 3071 teneat
1797 3019 2004 3087 ahjccta

426 3108 718 3174 propensio
766 3107 846 3163 vel
892 3109 1219 3175 instinctus,
1267 3121 1324 3165 et
1380 3114 1446 3164 ad
1508 3111 1769 3166 inferiora
1819 3124 2003 3167 nutus.

432 3199 912 3254 Verumcuimvero
946 3211 1074 3254 nota
1126 3204 1270 3272 quod
1315 3212 1503 3256 noster
1529 3205 1759 3258 thronus
1784 3219 2003 3259 sursum
2035 3199 2076 3217 “

427 3288 558 3343 ferri
614 3289 779 3344 faciat
830 3305 1099 3345 sessorem
1151 3307 1347 3357 suum;
1395 3294 1773 3349 sanctissimos
1823 3305 2004 3348 autem

428 3382 653 3436 thronos
681 3382 747 3437 ab
787 3395 853 3435 eo
897 3381 1041 3451 quod
1087 3397 1303 3437 sursum
1346 3383 1598 3438 ferantur
1636 3385 2002 3450 denominari,

426 3482 482 3527 et
515 3474 889 3529 indcticienter
922 3476 973 3529 in
1006 3477 1225 3532 sublimi
1273 3478 1542 3545 habitare,
1571 3488 1624 3535 et
1648 3481 1804 3549 juxta
1836 3481 2004 3534 Altis-

426 3568 627 3623 simum
681 3572 1006 3627 inconcusse
1039 3574 1323 3641 collocari,
1369 3584 1422 3627 et
1474 3575 1715 3629 divinum
1752 3575 2003 3643 illapsum

426 3661 706 3729 excipere.
748 3664 947 3716 Verum
992 3666 1201 3733 absque
1232 3666 1481 3734 passione
1506 3666 1622 3720 lucc
1656 3666 1913 3734 intelligo,
1952 3676 2009 3719 et

428 3753 865 3810 immaterialiter
916 3757 992 3825 (id
1027 3767 1112 3811 est
1159 3760 1305 3812 enim
1354 3756 1905 3826 supermundi'aliter),
1939 3773 2007 3813 uc

427 3848 550 3914 quis
584 3847 729 3900 illam
765 3849 832 3903 ad
868 3851 1145 3905 anteriora
1181 3853 1326 3905 viam
1359 3866 1479 3909 esse
1513 3850 1853 3919 corporalem
1890 3852 2005 3905 exi-

428 3941 638 3998 stimet.
674 3955 742 3993 ne
778 3942 829 3993 in
866 3941 934 3996 iis
989 3942 1131 3997 Deus
1177 3944 1555 3998 circumscribi
1611 3945 1879 3998 videatur.
1940 3945 2006 3999 Et

429 4030 621 4086 deifcri
659 4040 806 4096 sunt,
857 4049 961 4086 non
999 4032 1327 4099 substantia,
1363 4037 1455 4089 sed
1490 4037 1685 4106 gratia,
1735 4044 1793 4089 et
1845 4034 2007 4089 mini-

428 4133 667 4178 stt-orum
726 4140 877 4181 more
934 4127 1171 4196 prompti
1226 4128 1293 4181 ad
1347 4128 1563 4185 divinas
1608 4129 2002 4198 susceptioncs.

429 4215 563 4269 Illud
598 4232 729 4271 vero
784 4215 1050 4271 deiferum
1101 4218 1209 4272 dixi
1260 4234 1365 4272 non
1404 4220 1748 4285 substantia,
1784 4222 1911 4290 quia
1953 4229 2007 4276 et

430 4308 621 4364 beatus
656 4308 888 4364 Basilius
920 4325 1144 4363 carnem
1199 4311 1335 4365 dixit
1387 4326 1507 4367 esse
1560 4312 1857 4376 deiferam;
1909 4312 2005 4367 sed

426 4417 557 4455 caro
593 4402 803 4457 Domini
845 4402 1144 4457 secundum
1182 4404 1570 4467 substantiam,
1605 4414 1658 4458 et
1706 4405 2003 4459 secundum

2117 536 2266 606 τικὴ,
2300 537 2464 588 οἱονεὶ
2508 536 2831 606 ὲρευνητικὴ
2878 535 2985 588 τῶν
3017 534 3156 605 ὑπὲρ
3188 535 3376 604 αὑτήν.
3417 534 3571 586 Ἐστι
3617 535 3703 584 ac.)

2117 626 2428 696 κοινωνικὴ,
2460 626 2519 691 ἐξ
2551 618 2624 677 ὧν
2653 627 2709 677 ὲν
2751 624 2829 695 τῷ
2863 625 3310 694 ἀναπίμπλασθαι
3349 625 3456 677 τῶν
3497 626 3701 695 νοημά-

2115 736 2223 771 των
2250 718 2362 788 χέει
2389 716 2523 788 πρὸς
2552 719 2677 780 τοὺς
2707 716 2948 779 ὑποδεεῖς
2968 716 3065 787 τὴν
3093 717 3345 788 μάθησιν.
3367 716 3549 770 Ταῦτα
3574 718 3686 770 πάν

2114 829 2182 864 τα
2214 810 2396 879 ἔχουσι
2427 810 2520 861 καὶ
2558 807 2628 861 τὰ
2670 807 2942 879 χερουϐίμ
2964 825 2977 837 °
3014 808 3292 876 γνωστικά
3323 811 3429 860 εἰσι
3465 809 3561 861 καὶ
3590 808 3702 861 θεο-

2117 902 2290 955 πτικὰ
2318 902 2419 971 τῆς
2453 902 2601 965 θείας
2632 901 3033 971 λαμπρότητος,
3068 902 3280 971 κίνησιν
3325 901 3515 971 ἔχοντα
3560 902 3695 971 γνώ-

2117 1012 2255 1057 σεως
2288 994 2424 1064 πρὸς
2450 994 2510 1046 τὸ
2550 993 2718 1056 ὅντως
2751 995 3033 1065 ἐράσμιον,
3069 993 3164 1046 καὶ
3205 993 3428 1046 δεκτικά
3465 995 3709 1061 φωτοδο-

2118 1080 2237 1143 σίας
2270 1082 2334 1133 ὲκ
2366 1079 2460 1132 τοῦ
2493 1080 2627 1133 Θεοῦ
2664 1081 2753 1134 διὰ
2783 1082 2891 1135 τῶν
2925 1082 3031 1153 πρὸ
3061 1082 3238 1135 αὑτῶν
3270 1082 3573 1153 δυνάμεων,
3611 1085 3709 1137 καὶ

2113 1172 2436 1238 ἐξεταστικὰ
2462 1173 2559 1243 τῆς
2594 1173 2743 1234 θείας
2776 1176 3127 1245 εὐπρεπείας,
3148 1174 3261 1228 ἀλλ’
3284 1176 3339 1228 ἐν
3361 1177 3706 1248 πρωτουργῷ

2111 1266 2360 1336 δυνάμει,
2416 1265 2537 1319 καθ’
2571 1266 2637 1337 ἢν
2674 1267 2914 1336 δηλονότι
2962 1266 3193 1337 πρώτως
3223 1267 3331 1320 τῶν
3380 1267 3555 1320 ἄλλων
3600 1268 3705 1333 τὰς

2113 1356 2412 1426 ἐμφανείας
2441 1356 2672 1426 ἔχουσιν,
2702 1356 2777 1419 ὼς
2810 1356 2901 1409 καὶ
2933 1357 2981 1408 oi
3023 1355 3221 1427 θρόνοι,
3257 1356 3349 1409 καί
3381 1356 3459 1408 ἔτι
3502 1355 3574 1407 τὰ
3608 1373 3705 1409 σε·-

2118 1444 2310 1515 ραφίμ.
2347 1443 2533 1499 Ταῦτα
2561 1443 2668 1515 γὰρ
2699 1443 2767 1496 τά
2796 1445 2919 1512 τρία
2950 1446 3230 1515 τάγματα,
3271 1445 3368 1515 μία
3398 1462 3481 1509 τις
3525 1447 3708 1517 ίεραρ-

2114 1536 2203 1606 χία
2261 1536 2403 1597 ἐστὶ,
2450 1538 2544 1588 καὶ
2591 1535 2942 1606 πρωτουργὸν
2999 1535 3091 1587 ἐπὶ
3140 1536 3271 1589 πᾶσι
3323 1535 3422 1605 τὴν
3470 1534 3707 1606 δύναμιν

2114 1632 2327 1700 ἔχουσι·
2365 1630 2545 1697 πάσης
2593 1627 2702 1697 γὰρ
2747 1629 2976 1698 ἀοράτου
3038 1630 3129 1681 καὶ
3177 1627 3379 1699 ὁρατῆς
3419 1627 3709 1697 δυνάμεως

2119 1722 2336 1793 μείζους
2361 1724 2499 1775 εἰσὶν
2532 1723 2586 1775 αί
2616 1722 2828 1793 πρῶται
2863 1726 3010 1793 τρεῖς
3044 1722 3201 1775 αὑται
3223 1721 3422 1785 τάξεις.
3454 1724 3611 1777 Ἐστι
3634 1722 3706 1775 τὰ

2117 1813 2380 1884 χερουΰὶμ
2412 1814 2505 1867 καὶ
2544 1812 2833 1867 κοινωνικὰ
2880 1814 2937 1866 ὲν
2978 1813 3056 1883 τῷ
3085 1814 3550 1883 ἀναπιμπλάμενα
3592 1814 3701 1882 τῆς

2117 1903 2406 1973 σοφοποιοῦ
2436 1904 2769 1975 μεταδόσεως
2802 1904 3047 1974 ἀφθόνως
3081 1905 3415 1975 μεταδιδόναι
3437 1909 3551 1969 τοῖς
3579 1906 3708 1959 δευσ-

2114 1999 2291 2069 τέροις
2319 1997 2458 2051 κατά
2478 1998 2576 2067 τὴν
2607 1996 2762 2066 χύσιν
2791 1996 2891 2067 τῆς
2924 1996 3113 2066 σοφίας
3146 1996 3341 2052 αὑτῶν.

2183 2276 2319 2346 Φέρε
2342 2278 2435 2331 καὶ
2458 2278 2556 2351 τὴν
2578 2278 2686 2333 τῶν
2715 2281 2887 2349 ἁγίων
2912 2286 3004 2335 καὶ
3036 2281 3385 2351 ὑψηλοτάτων
3409 2283 3501 2335 καὶ
3526 2283 3707 2353 ἐπηρ-

2116 2370 2291 2439 μένων
2325 2369 2528 2442 θρόνων
2578 2372 2891 2443 ἐπωνυμίαν
2911 2374 3233 2444 κατίδωμεν.
3271 2376 3326 2426 Ὁ
3353 2374 3539 2445 θρόνος
3570 2377 3707 2447 ὑψη-

2111 2463 2201 2525 λὸς
2243 2463 2350 2518 τῶν
2382 2464 2581 2534 γηΐνων
2614 2467 2919 2536 ἐπηρμένος
2938 2505 2952 2529 ,
2984 2469 3012 2519 ὁ
3052 2466 3237 2538 θρόνος
3266 2469 3574 2538 ἀνωφερὴς,
3607 2472 3707 2522 καὶ⁵

2113 2554 2283 2606 ποιῶν
2310 2556 2435 2617 τοὺς
2474 2556 2533 2607 ὲν
2582 2556 2729 2626 αὑτῴ
2765 2557 2878 2610 ἀνω
2921 2558 3183 2628 φέρεσθαι
3234 2560 3555 2629 ίδρυμὲνως,
3593 2578 3701 2613 πα-

2111 2646 2273 2714 γίωςο
2311 2647 2339 2699 ὁ
2362 2646 2548 2717 θρόνος
2566 2648 2812 2711 δεκτικός
2842 2667 2985 2713 τινος
3013 2650 3071 2703 ὃν
3105 2652 3279 2722 φέρει,
3320 2653 3411 2704 καὶ
3445 2653 3540 2706 τοῦ
3569 2654 3706 2708 καθ-

2110 2739 2312 2810 ημένου
2358 2740 2590 2811 ὑποδοχή
2632 2743 2799 2794 ἐστιν.
2853 2741 3039 2805 Οὑτως
3079 2742 3227 2796 ἔστιν
3276 2744 3403 2797 ἰδεῖν
3454 2748 3552 2799 καὶ
3604 2749 3705 2800 ἐπὶ

2109 2830 2217 2884 τῶν
2249 2832 2417 2899 ἁγίων
2448 2834 2676 2886 τουτωνὶ
2726 2833 2960 2905 θρόνων·
3013 2836 3316 2905 ὲξαίρονται
3364 2838 3475 2907 γάρ
3516 2841 3707 2911 πάσης

2110 2922 2392 2993 χθαμαλῆς
2432 2924 2695 2992 ὑφέσεως,
2738 2926 2833 2978 καὶ
2874 2926 3009 2997 πρὸς
3042 2927 3102 2979 τὸ
3132 2929 3355 2992 ἄναντες
3398 2931 3705 3001 ἀναφέρον-

2108 3035 2218 3079 ται,
2250 3018 2325 3080 ὼς
2356 3018 2520 3087 μηδὲν
2550 3020 2748 3082 αὐτοὺς
2776 3019 2917 3089 ἐχειν
2949 3021 3269 3091 περιπεζίας
3301 3024 3547 3093 ὑφέσεως
3583 3028 3704 3097 ἦτοι

2111 3110 2387 3171 ἐνδόσεως,
2415 3110 2509 3161 καὶ
2535 3111 2637 3179 τῆς
2666 3111 2804 3180 πρὸς
2833 3111 2901 3164 τὰ
2938 3112 3088 3165 κάτω
3118 3113 3372 3177 νεύσεως.
3414 3116 3565 3187 Πλὴν
3606 3136 3705 3187 ση-

2112 3199 2361 3269 μείωσαι,
2394 3201 2475 3252 ὅτι
2503 3202 2596 3253 καὶ
2628 3203 2656 3254 ὁ
2689 3200 2921 3255 ἐνταῦθα
2965 3203 3153 3274 θρόνος
3191 3204 3303 3259 ἄνω
3352 3210 3496 3259 ποιεῖ
3533 3209 3704 3278 φέρε-

2108 3288 2231 3342 σθαι
2260 3292 2386 3353 τοὺς
2425 3293 2483 3343 ἐν
2510 3292 2692 3362 αὑτῷ·
2739 3295 2786 3345 οί
2822 3294 2878 3345 δὲ
2919 3294 3212 3362 ἁγιώτατοι
3239 3296 3417 3367 θρόνοι
3453 3339 3468 3361 ,
3519 3302 3581 3352 ἐν
3622 3300 3705 3371 τῷ

2104 3383 2217 3436 ἄνω
2265 3383 2554 3454 φέρεσθαι,
2603 3383 2776 3447 οὑτως
2828 3384 3291 3456 ὲπονομάξονται,
3351 3391 3446 3443 καὶ
3491 3392 3705 3462 ἀνῳκι-

2108 3474 2294 3543 σμένοι
2334 3476 2471 3526 εἰσιν
2502 3475 2754 3538 ἀκλινῶς,
2785 3478 2878 3530 καὶ
2920 3480 3047 3548 περὶ
3077 3479 3166 3531 τὸν
3200 3480 3461 3549 ’Ὕψιστον
3488 3483 3703 3537 ἀκατα-

2107 3563 2334 3626 σείστως
2374 3565 2666 3634 ἱδρυμένοι,
2702 3568 2793 3619 καὶ
2820 3567 3057 3623 δεκτικοὶ
3088 3569 3188 3639 τῆς
3219 3569 3368 3633 θείας
3408 3573 3704 3645 ἐπιφοιτήη

2108 3672 2263 3719 σεως.
2304 3656 2447 3728 Πλὴν
2489 3658 2716 3712 ἀπαθῶς
2748 3658 2857 3711 νόει
2897 3659 3088 3723 ταῦτα,
3125 3662 3217 3714 καὶ
3264 3662 3476 3727 ἀΰλως,
3520 3666 3707 3734 (τοῦτο

2107 3750 2215 3820 γάρ
2258 3750 2373 3801 ἐστι
2405 3750 2465 3802 τὸ
2513 3749 2982 3820 ὑπερκοσμιωςο)
3030 3754 3114 3806 ἵνα
3164 3756 3237 3826 μὴ
3284 3758 3482 3829 νομίσῃ
3518 3776 3609 3822 τις
3638 3763 3705 3815 τὸ

2106 3840 2337 3905 ἄναντες
2363 3841 2481 3895 ὁδὸν
2503 3842 2641 3895 εἶναι
2668 3844 3005 3915 σωματικὴν,
3034 3845 3121 3897 ἵνα
3168 3847 3241 3917 μὴ
3288 3850 3706 3919 περιορίςεσθαι

2104 3933 2229 4005 δόξῃ
2255 3934 2385 3996 Θεὸς
2416 3935 2473 3987 ὲν
2520 3936 2719 3997 αὑτοῖς.
2764 3938 2873 3989 Καὶ
2902 3936 3149 4009 θεοφόροι
3178 3941 3317 3992 είσὶν
3349 3942 3409 3993 οὑ
3454 3942 3576 3994 κατ’
3611 3944 3708 3995 οὑ-

2109 4026 2248 4089 σίαν,
2294 4025 2430 4079 ἀλλά
2477 4026 2618 4079 κατά
2676 4028 2869 4098 χάριν,
2914 4031 3007 4083 καὶ
3059 4030 3472 4102 θεραπευτικῶς
3510 4032 3704 4089 ὕπτιοι

2106 4119 2244 4188 πρὸς
2270 4117 2368 4182 τὰς
2395 4118 2543 4181 θείας
2572 4120 2856 4189 ὑποδοχάς.
2889 4122 2963 4174 oo
2992 4122 3113 4174 κατ’
3142 4123 3326 4175 οὐσίαν
3351 4123 3407 4176 δὲ
3441 4120 3597 4177 εἶπον
3640 4126 3707 4179 τὸ

2106 4210 2383 4282 θεοφόρον,
2409 4212 2489 4263 ὃτι
2511 4214 2537 4264 ό
2560 4212 2824 4282 μακάριος
2845 4214 3122 4278 Βασίλειος
3149 4216 3253 4285 τὴν
3289 4214 3548 4286 θεοφόρον
3576 4212 3704 4270 εἷπε

2107 4304 2317 4374 σάρκα·
2355 4304 2467 4357 ἀλλ’
2497 4304 2649 4375 ἡμὲν
2687 4304 2821 4376 σὰρξ
2844 4305 2939 4359 τοῦ
2972 4307 3176 4377 Κυρίου
3208 4308 3327 4359 κατ’
3370 4309 3560 4360 οὑσίαν
3604 4311 3702 4362 καὶ

2106 4394 2226 4446 καθ’
2245 4395 2537 4449 ὑπόστασιν
2570 4397 2746 4467 ῆνωτο
2790 4397 2937 4469 αὐτῷ
2956 4399 3033 4468 τῷ
3055 4398 3174 4469 θεῷ
3189 4400 3346 4469 Λόγῳ
3363 4401 3439 4461 ὡς
3456 4401 3705 4471 φέρουσα

429 4488 745 4558 hypostasin
776 4492 925 4545 unita
951 4492 1050 4562 ipsi
1082 4501 1202 4547 erat
1224 4492 1404 4547 Verbo
1437 4491 1565 4560 Deo,
1588 4504 1844 4562 tanquam
1880 4510 2001 4564 qua:

2114 4486 2195 4539 τὸν
2228 4486 2359 4539 Θεὸν
2388 4488 2557 4555 Λόγον
2592 4488 2712 4541 καθ’
2745 4490 2938 4543 ἕνωσιν
2958 4491 3342 4555 ἀδιάσπαστον,
3366 4492 3531 4546 αὑτοῦ
3560 4494 3705 4565 σὰρξ

427 4580 637 4636 ferebat
676 4582 840 4636 Deum
878 4582 1113 4638 Verbum
1150 4584 1447 4638 secundum
1492 4585 1749 4639 unionem
1785 4586 2002 4654 insepa-

427 4673 679 4737 rabilem,
721 4676 937 4744 proprie
985 4691 1048 4730 ac
1085 4691 1212 4732 vere
1260 4676 1432 4746 ipsius
1463 4691 1623 4738 caro,
1656 4684 1711 4731 et
1760 4676 1902 4730 dicta
1950 4686 2008 4731 et

427 4766 700 4833 existens;
735 4768 914 4823 throni
952 4784 1081 4824 vero
1131 4785 1236 4824 non
1274 4770 1574 4823 secundum
1618 4770 2003 4835 substantiam,

428 4860 520 4913 sed
573 4858 871 4911 secundum
907 4860 1178 4927 gratiam,
1222 4870 1280 4912 ut
1330 4858 1534 4913 dictum
1587 4869 1690 4923 est,
1742 4861 2005 4915 habentes

430 4950 598 5003 Deum
637 4950 687 5002 in
723 4950 1031 5020 semetipsis
1068 4949 1323 5005 ineffabili
1362 4952 1598 5017 ratione,
1630 4951 1822 5006 deifcri
1862 4968 2002 5005 mm-

428 5051 719 5111 cupantur.

506 5132 627 5205 §II.
658 5129 784 5184 Ilzec
828 5129 1070 5199 quidem,
1106 5139 1370 5199 quantum
1417 5128 1568 5185 eﬂ'ari
1607 5145 1915 5199 possumus,
1956 5137 2015 5185 et

434 5240 533 5292 pro
566 5224 823 5278 facultate
854 5233 1060 5285 nostra,
1104 5223 1386 5276 nominum
1426 5223 1668 5290 ipsorum
1716 5233 1798 5278 est
1825 5223 2013 5291 expla-

430 5318 580 5373 natio
635 5317 1085 5385 declaratioque:
1145 5298 1272 5382 post
1341 5317 1457 5370 hzec
1515 5329 1646 5369 vero
1692 5316 2005 5381 dicendum,

426 5423 592 5480 quam
644 5406 1006 5461 hicrarchiam
1043 5414 1097 5459 et
1130 5406 1527 5475 mystagogiam
1580 5421 1769 5461 eorum
1816 5407 2007 5460 existi-

430 5513 663 5553 memus.
701 5498 832 5552 Illud
872 5512 1126 5565 namque,
1156 5496 1335 5550 omnis
1372 5496 1632 5551 nimirum
1682 5497 2007 5551 hierarchia:

431 5607 678 5660 scopum,
713 5592 827 5646 sive
860 5599 1099 5645 nostram
1125 5590 1249 5659 quis
1300 5590 1499 5644 dixerit
1546 5588 1663 5643 sive
1703 5588 2005 5652 caelestem,

432 5700 496 5736 cx
537 5682 704 5737 Deum
740 5684 987 5737 imitante
1017 5681 1388 5739 deiformitate
1418 5680 1880 5735 iudeclinabiliter
1915 5679 2007 5733 de-

435 5777 693 5848 pendere,
759 5787 920 5849 atque
955 5793 1168 5835 omnem
1223 5775 1620 5835 saccrdmalcm
1670 5772 2004 5833 functienem

2112 4581 2205 4632 καὶ
2238 4580 2504 4652 λεγομένη
2540 4583 2634 4657 καὶ
2666 4584 2985 4654 ὑπάρχουσα
3022 4585 3230 4655 κυρίως
3259 4587 3354 4639 καὶ
3385 4586 3529 4639 κατά
3562 4586 3701 4658 ἀλή-

2107 4670 2289 4725 θειαν’
2319 4674 2369 4724 οἱ
2403 4674 2460 4726 δὲ
2494 4674 2671 4745 θρόνοι
2709 4676 2771 4728 οὑ
2805 4676 2925 4729 κατ’
2946 4677 3153 4741 οὐσίαν,
3179 4676 3317 4740 ἀλλά
3348 4678 3490 4730 κατά
3513 4680 3703 4749 χάριν.

2106 4763 2182 4826 ὡς
2211 4762 2446 4834 εἴρηται,
2483 4764 2698 4834 ἔχοντες
2726 4767 2783 4818 ἐν
2828 4768 3041 4829 ἑαυτοῖς
3062 4766 3153 4820 τὸν
3188 4767 3322 4822 Θεὸν
3352 4768 3582 4840 ἀρρήτῳ
3613 4769 3703 4822 λό-

2106 4870 2208 4923 γῳ,
2243 4854 2490 4926 θεοφόροι
2522 4855 2789 4924 λέγονται.

2181 5134 2207 5206 §
2230 5136 2291 5188 ll.
2315 5134 2461 5206 Αὑτη
2495 5134 2593 5204 μὲν
2618 5135 2649 5203 ή
2672 5135 2779 5187 σῶν
2798 5134 3075 5205 ὀνομάτων
3116 5133 3448 5208 ὲκφαντορία
3482 5134 3577 5185 καὶ
3600 5134 3697 5205 δή·

2107 5226 2291 5290 λωσις,
2310 5227 2384 5285 ὡς
2403 5226 2524 5280 καθ’
2541 5228 2685 5296 ἡμᾶς
2704 5229 2895 5288 εἰπεῖν,
2920 5227 3012 5279 καὶ
3026 5225 3123 5293 τὴν
3140 5225 3413 5294 ἡμετέραν
3432 5222 3693 5293 δύναμιν·

2108 5305 2324 5358 λεκτέον
2343 5303 2400 5356 δὲ
2437 5304 2574 5373 μετὰ
2598 5300 2784 5363 ταῦτα,
2818 5300 2937 5351 τίνα
2968 5299 3064 5368 τὴν
3092 5298 3371 5369 ίεραρχίαν
3399 5296 3581 5349 αὑτῶν
3607 5300 3699 5352 καὶ

2108 5401 2207 5470 τὴν
2250 5395 2629 5468 μυσταγωγίαν
2656 5393 2896 5464 οἰόμεθα.
2931 5393 3003 5445 Τὸ
3037 5392 3135 5462 μὲν
3174 5391 3281 5462 γὰρ
3306 5387 3444 5444 εἶναι
3478 5390 3570 5442 τὸν
3601 5392 3703 5462 τῆς

2112 5494 2330 5561 ἁπάσης
2364 5490 2643 5561 ίεραρχίας
2678 5487 2897 5549 σκοπὸν,
2930 5486 3032 5539 κᾶν
3074 5486 3171 5555 τὴν
3210 5484 3328 5536 καθ’
3363 5484 3509 5553 ἡμᾶς
3554 5482 3701 5534 εἴποι

2112 5600 2216 5646 τις,
2244 5583 2347 5636 κᾶν
2366 5583 2466 5652 τὴν
2490 5579 2768 5650 οὐρανίαν,
2804 5575 3175 5646 ἐξηρτημένον
3201 5575 3294 5625 καί.
3321 5571 3570 5641 ἐκκρεμῆ
3601 5572 3700 5641 τῆς

2114 5675 2443 5746 θεομιμήτου
2493 5670 2779 5731 θεοειδείας
2832 5667 3085 5729 ἀκλινῶς,
3135 5666 3228 5717 καὶ
3269 5665 3329 5716 τὸ
3372 5662 3699 5732 διαιρεῖσθιι

2118 5756 2295 5830 πᾶσαν
2330 5763 2707 5839 πραγματείαν
2743 5761 3023 5833 ἱερατικὴν
3055 5759 3133 5822 εἰς
3170 5756 3262 5811 δύο
3286 5754 3477 5818 ταῦτα,
3514 5754 3595 5818 εἰς
3649 5769 3695 5809 τε
