3908 6232
224 296 345 379 ξι

779 320 868 378 DE
902 318 1228 378 C(ELESTI
1264 316 1713 381 HIERARCHIA,
1748 316 1901 372 CAP.
1941 316 2051 373 Vll.
2088 348 2155 357 —
2187 314 2532 371 PARAPIIR.
2568 311 3041 371 PACHYMERE.

3418 312 3525 348 αοα»

3422 354 3527 369 ’μ’

226 436 479 513 μετοχὴν
513 438 610 492 καὶ
648 436 904 501 διάδοσιν,
937 436 1175 509 (πρῶτον
1221 435 1329 505 γὰρ
1379 435 1697 506 μετέχομεν,
1742 435 1821 486 xu‘

1941 435 1992 485 in
2032 433 2147 488 hrec
2182 435 2310 494 duo,
2353 433 2560 487 scilicet
2593 433 3067 501 participationem
3120 441 3175 486 et
3203 432 3524 489 transfusio-

220 532 360 588 εἶτα
390 533 748 603 μεταδίδομεν
790 532 880 585 xui.
914 534 1076 603 ἡμεῖς
1105 532 1199 584 xui.
1241 531 1290 586 οἱ
1336 529 1573 599 ἄγγελοι.
1605 530 1757 592 Τίνος
1782 528 1838 581 δὲ

228 624 569 695 μετέχομεν,
608 624 703 676 καὶ
740 623 886 686 τίνος
937 621 1326 695 μεταδίδομεν;
1364 622 1580 684 πάντως
1628 619 1837 690 καθάρ-

229 731 382 777 σεως
420 713 659 785 ἀμιγοῦς
688 713 784 767 xui.
824 714 1010 777 ἀΰλου,
1046 715 1140 767 xui.
1188 713 1331 766 θείου
1377 713 1574 782 φωτὸς,
1610 714 1704 765 xui.
1751 728 1839 764 τε-

224 807 500 878 λεστικῆς
556 808 650 859 xui.
724 808 992 877 μυστικῆς
1052 806 1397 876 ἐπιστήμης·
1454 804 1668 874 πρῶτον
1730 803 1839 875 γὰρ

226 902 645 974 καθαιρόμεθα,
702 897 822 955 εἶτα
882 899 1261 971 φωτιζόμεθα,
1319 898 1613 970 μετέπειτα
1653 897 1710 950 δὲ
1750 914 1839 950 τε-

222 994 533 1063 λειοάμεθα
571 996 688 1064 μετ’
719 996 1049 1066 ἐπιστήμης,
1087 994 1181 1046 xui.
1209 993 1622 1063 θεοποιούμεθα,
1651 991 1839 1063 ὥσπερ

222 1084 289 1137 δὲ
332 1084 429 1137 καὶ
478 1084 694 1154 πρῶτον
744 1085 1098 1156 καθαίρομεν,
1148 1078 1268 1136 εἷτα
1310 1083 1636 1154 φωτίζομεν,
1677 1083 1837 1154 μετέ-

222 1192 401 1227 πειτα
474 1174 531 1226 δὲ
603 1174 867 1244 τελοῦμεν
945 1172 1452 1244 ἐπιστημονικῶς),
1526 1172 1838 1244 ἀρκούντως

219 1265 333 1334 ἤδη
392 1265 719 1335 διελάϐομεν
748 1283 760 1297 ·
821 1264 916 1319 νῦν
958 1265 1015 1318 δὲ
1060 1263 1290 1335 εὔχομαι
1340 1266 1508 1331 ἀξίως
1546 1267 1654 1319 τῶν
1704 1282 1838 1337 προ-

221 1357 508 1426 κειμένων
540 1358 735 1419 εἰπεῖν,
766 1356 884 1419 πῶς
928 1358 961 1427 ή
999 1357 1117 1409 κατ’
1160 1356 1355 1420 αὐτοὺς
1390 1357 1638 1429 ἰεραρχία
1685 1356 1838 1429 παρὰ

218 1448 326 1518 τῆς
352 1450 512 1519 ἱερᾶς
530 1449 624 1501 xui.
655 1447 805 1512 θείας
831 1449 1053 1520 Γραφῆς
1080 1448 1334 1518 δηλοῦται
1369 1449 1519 1519 ἡμῖν.
1543 1450 1675 1513 Ταῖς
1695 1448 1839 1521 πρώ-

217 1556 349 1601 ταις
370 1540 590 1601 οὐσίαις
612 1580 626 1602 ,
664 1540 866 1602 αἵτινες
900 1538 1036 1609 μετά
1075 1538 1174 1609 τὴν
1222 1537 1369 1591 θείαν
1407 1538 1709 1591 οὑσιοποιὸν
1742 1538 1837 1590 xui.

218 1630 638 1701 δημιουργικὴν
674 1631 862 1684 οὐσίαν
888 1632 1150 1702 ἵδρυνται,
1182 1632 1277 1683 xui.
1315 1627 1425 1684 οἷον
1456 1633 1513 1685 ἐν
1542 1630 1837 1702 προθύροις

217 1722 438 1794 ταύτης
477 1723 586 1774 εἰσί
637 1723 1007 1793 τεταγμέναι,
1057 1726 1151 1779 καὶ
1204 1724 1615 1795 ὑπερϐεϐήκασι
1648 1723 1835 1792 πάσης

1942 526 2263 590 nem,dividi
2300 525 2591 594 (siquidem
2612 526 2841 594 primum
2877 525 3365 595 participamus,ac
3381 527 3524 581 deiu-

1937 619 2007 672 de
2042 616 2490 685 lransl'undimus,
2522 625 2627 672 tam
2658 633 2756 670 nos
2786 633 2947 684 quam
2983 618 3177 684 angeli.
3214 618 3363 683 Quid
3394 633 3522 672 vero

1941 724 2005 778 pa
2015 709 2344 777 rticipamus.
2364 719 2455 761 aut
2470 710 2597 776 quid
2618 708 3041 761 transl'umliums
3057 708 3080 761 τ
3094 711 3315 761 muniuo
3331 726 3518 778 puram

1939 808 1994 852 et
2019 799 2429 852 immaterialetn
2474 799 2860 867 expiationem,
2886 798 3001 851 sive
3026 799 3269 852 divinum
3309 799 3517 864 lumen,

1940 891 2054 943 sive
2082 890 2429 957 perl'ectivam
2474 891 2866 958 mysticamque
2908 889 3196 942 scientiam
3230 908 3243 942 :
3282 890 3513 957 primum

1938 977 2080 1030 enim
2099 978 2403 1045 expiamur,
2421 978 2613 1032 deinde
2627 979 3015 1047 illmninamur.
3033 994 3095 1032 ac
3111 980 3327 1034 tandem
3344 981 3519 1035 scien‘

1943 1072 2013 1122 tia
2041 1070 2350 1139 perﬁcitnur
2369 1073 2900 1139 atquedeiﬁcumur;
2929 1072 3119 1125 eodem
3156 1075 3516 1143 utiquemodo

1939 1164 2170 1232 primum
2194 1166 2496 1233 expiamus,
2532 1166 2726 1219 deinde
2762 1165 3150 1228 illuminamus,
3186 1169 3514 1238 tandemque

1938 1255 2251 1314 scientiﬁce.
2282 1256 2589 1323 perlicimus
2613 1257 2656 1323 ),
2677 1255 3005 1311 snliicienter
3048 1268 3131 1310 est
3170 1260 3513 1313 demonstra-

1940 1357 2050 1402 tum
2099 1364 2113 1402 :
2176 1364 2317 1403 nunc
2370 1358 2548 1402 autem
2604 1359 2734 1418 opto
2766 1350 2925 1418 digne
2976 1351 3043 1405 de
3092 1352 3252 1405 rebus
3315 1368 3514 1421 propo—

1939 1442 2059 1497 sitis
2110 1439 2421 1502 disserere,
2470 1443 2740 1510 quomodo
2798 1443 3050 1496 nimirum
3102 1444 3313 1498 illorum
3366 1445 3510 1499 hier-

1939 1531 2126 1585 archia
2178 1546 2246 1584 ex
2298 1534 2471 1586 sacris
2522 1532 2830 1602 divinisque
2884 1534 3087 1588 litteris
3140 1535 3292 1591 nobis
3325 1536 3508 1590 decla-

1938 1632 2108 1678 retur.
2166 1623 2365 1679 Primis
2413 1627 2686 1691 essentiis,
2726 1641 2844 1695 qua:
2897 1637 3020 1695 post
3068 1629 3303 1683 divinam
3361 1631 3507 1685 illam

1938 1717 2367 1771 substantilicam
2404 1725 2567 1786 atque
2618 1729 2894 1772 crcautcm
2939 1730 3184 1775 naturam
3238 1724 3508 1777 collocan-

219 1813 462 1884 κτιστῆς
509 1813 714 1884 ὁρατῆς
771 1815 865 1867 καὶ
922 1814 1156 1886 ἀοράτου
1213 1815 1461 1884 φύσεως,
1523 1814 1691 1883 ἤγουν
1752 1816 1821 1884 τῇ

1928 1817 2036 1873 tur,
2062 1818 2115 1862 et
2137 1809 2289 1875 quasi
2315 1810 2365 1862 in
2389 1810 2668 1885 vestibulis
2687 1810 2803 1879 ejus
2819 1812 3072 1879 deposita:
3094 1823 3239 1879 sunt,
3262 1830 3507 1869 omnem-

220 1902 429 1977 πρώτῃ
484 1905 844 1975 διακοσμήσει
893 1905 1003 1959 τῶν
1050 1905 1210 1959 θείων
1260 1905 1569 1976 δυνάμεων,
1614 1904 1822 1957 οἰκείαν

219 1995 578 2067 ὑποληπτέον
627 1993 767 2050 εἶναι
815 1999 909 2051 xui.
941 1997 1084 2052 κατὰ
1112 2001 1222 2051 πᾶν
1254 1998 1469 2068 ὁμοφυῆ
1502 1999 1601 2069 τὴν
1637 1999 1823 2069 ἰεραρ-

217 2089 369 2158 χίαν.
412 2088 672 2160 Καθεξῆς
703 2091 761 2144 δὲ
789 2092 1063 2162 τίθησιτά
1094 2094 1192 2163 τῆς
1216 2094 1497 2165 ἱεραρχίας
1534 2093 1822 2164 ἰδιώματα,

218 2182 344 2244 πῶς
379 2181 629 2252 καθαραὶ
665 2177 825 2237 αὗται
848 2223 864 2248 ,
907 2182 1026 2247 πῶς
1065 2182 1432 2255 θεωρητικαὶ,
1468 2184 1586 2250 πῶς
1616 2184 1827 2238 τετελε-

220 2272 451 2341 σμέναι,
505 2273 862 2345 ὲξῃρημένως
894 2274 1113 2337 πάντως
1145 2274 1239 2327 καὶ
1269 2274 1331 2328 ού
1365 2276 1483 2328 κατ’
1517 2275 1823 2347 ἄνθρωπον,

216 2364 313 2417 ἴνα
340 2364 531 2418 οἰκεία
560 2368 683 2428 ταῖς
711 2365 973 2436 ούσίαιςή
1007 2365 1256 2436 ίεραρχία
1366 2367 1618 2439 Καθαραὶ
1646 2368 1826 2425 τοίνυν

216 2456 363 2515 εἰσὶν
414 2456 481 2508 οὗ
534 2454 681 2509 κατά
735 2455 1055 2527 ἄνθρωπον·
1096 2457 1187 2509 ἐπὶ
1220 2458 1329 2530 γὰρ
1379 2459 1486 2512 τῶν
1520 2458 1825 2531 ἀνθρώπων

218 2544 467 2616 καθαροὶ
496 2545 749 2612 λέγονται
798 2545 831 2616 ἢ
865 2547 915 2598 οἱ
964 2546 1076 2600 ἀπὸ
1118 2547 1351 2616 κηλίδων
1385 2549 1481 2602 xui.
1536 2549 1826 2620 μολυσμῶν

218 2635 604 2708 καθαρθέντες
624 2676 640 2700 ,
675 2637 709 2707 ἢ
743 2638 837 2690 καὶ
869 2638 919 2689 οἰ
957 2638 1238 2708 μείναντες
1271 2640 1335 2691 ὲκ
1361 2639 1626 2707 γενέσεως
1654 2656 1825 2712 προσ-

218 2728 369 2781 ύλων
406 2728 723 2798 φαντασιῶν
770 2728 1133 2783 ἀνεπίδεκτοι.
1164 2730 1240 2783 Οὐ
1272 2729 1455 2785 τοίνυν
1508 2731 1565 2784 αἰ
1614 2731 1827 2801 πρῶται

216 2819 493 2890 δυνάμεις
526 2821 766 2890 καθαραὶ
794 2822 1226 2893 τοιουτοτρόπως
1260 2822 1511 2892 λέγονται
1538 2863 1552 2887 ,
1588 2823 1704 2876 ἀλλ’
1751 2823 1827 2887 ὡς

217 2909 564 2981 ὑψηλότεραι
590 2912 685 2964 xui.
707 2911 966 2965 ἐπέκεινα
988 2912 1169 2982 πάσης
1206 2912 1531 2983 μολυντικῆς
1559 2911 1825 2982 ὑφέσεως,

218 3004 319 3055 xui.
380 3003 591 3067 παντὸς
637 3003 1040 3077 ὑποϐεϐηκότος
1104 3003 1346 3076 καθαροῦ
1404 3021 1464 3057 τε
1521 3003 1616 3058 καὶ
1678 3001 1826 3077 ἰεροῦ

214 3094 534 3166 ἁγιώτεραι
556 3136 570 3160 ,
617 3096 760 3149 κατὰ
789 3097 889 3168 τὴν
921 3097 1233 3167 ὑπερτάτην
1260 3098 1352 3151 καὶ
1384 3097 1484 3150 οὐκ
1511 3099 1574 3151 ὲκ
1603 3097 1829 3169 συγκρί-

1925 1916 2032 1970 quc
2054 1902 2162 1972 63
2207 1912 2467 1970 superant
2496 1914 2739 1958 creatam
2769 1904 3035 1958 visibilem
3090 1916 3145 1959 et
3176 1907 3501 1962 invisibilem

1926 2002 2178 2049 naturam
2200 2034 2217 2061 ,
2249 1995 2464 2064 primm,
2494 1996 2710 2065 inquam
2734 2037 2750 2062 ,
2783 1999 3086 2052 divinarum
3108 2001 3362 2054 virtutmu
3387 2002 3501 2059 dis-

1931 2092 2207 2147 tributiont
2235 2129 2252 2158 ,
2314 2089 2591 2155 propriam
2619 2100 2673 2142 et
2706 2090 2759 2143 in
2803 2091 3062 2144 omnibus
3100 2091 3359 2159 :cqnalem
3392 2094 3506 2148 hie-

1930 2174 2202 2228 rarchiam
2234 2189 2358 2229 esse
2402 2178 2695 2245 putandum
2745 2188 2850 2231 est.
2903 2180 3108 2235 Deinde
3161 2185 3311 2249 ponit
3346 2184 3504 2252 lmjus

1927 2265 2253 2320 hierarrhia:
2285 2268 2673 2337 pwprietatcs,
2699 2272 2976 2339 quomodo
3009 2289 3156 2340 pura:
3187 2276 3297 2329 sint
3318 2316 3334 2340 ,
3364 2292 3501 2346 quo.

1929 2358 2087 2411 modo
2132 2358 2601 2427 contemplativa),
2650 2361 2924 2429 quomodo
2969 2363 3254 2430 perfectae,
3286 2382 3381 2435 per
3408 2382 3505 2421 ex-

1929 2448 2231 2504 cellentiam
2273 2450 2566 2515 videlicet,
2598 2461 2654 2507 et
2705 2469 2811 2506 non
2861 2455 3157 2510 secundum
3206 2456 3500 2523 hominem,

1929 2549 1987 2595 ut
2019 2543 2235 2611 propria
2284 2544 2499 2598 naturis
2533 2544 2598 2599 iis
2654 2545 2961 2601 hierarehia
3012 2549 3101 2601 sit.
3137 2546 3292 2604 Pura:
3322 2550 3504 2618 itaque

1928 2647 2082 2699 sunt,
2119 2653 2225 2690 non
2258 2637 2557 2691 secundmn
2584 2637 2858 2693 hominem
2883 2655 2898 2694 :
2927 2641 3068 2709 apud
3093 2642 3336 2697 homines
3357 2645 3500 2698 enim

1930 2729 2048 2799 puri
2100 2728 2379 2792 dicuntur,
2412 2728 2496 2783 vel
2530 2730 2623 2796 qui
2660 2745 2690 2783 a
2726 2731 2958 2785 maculis
2984 2741 3037 2787 et
3072 2733 3503 2802 inquinamentis

1930 2817 2129 2887 expiati
2178 2828 2347 2881 sunt,
2402 2818 2483 2872 vel
2529 2820 2619 2889 qui
2654 2821 2733 2875 sic
2765 2831 2985 2875 manent
3018 2840 3045 2875 ιι
3082 2825 3390 2891 nativitate,
3443 2838 3503 2881 ut

1931 2908 2248 2963 materiales
2281 2908 2458 2963 nullas
2487 2910 2809 2978 phantasias
2834 2912 3145 2968 admittant.
3177 2913 3374 2972 Prima:
3399 2917 3503 2971 ita-

1930 3009 2037 3064 que
2068 2996 2296 3049 virtutes
2330 3010 2433 3049 non
2489 2998 2592 3052 hoc
2626 3000 2787 3054 tnodo
2823 3015 2969 3067 pura:
3006 3004 3371 3071 nominantur,
3404 3007 3501 3061 sed

1932 3095 1990 3139 ut
2034 3084 2377 3140 sublimiores
2406 3095 2461 3140 et
2492 3088 2824 3143 excelsiores
2885 3092 3029 3144 onmi
3067 3092 3370 3162 dejectione
3414 3098 3499 3151 in-

219 3204 366 3251 σεως
415 3187 788 3260 καθαρότητα.
823 3189 937 3242 Καὶ
968 3189 1158 3260 ὥσπερ
1188 3189 1250 3243 τὺ
1294 3188 1409 3259 φῶς
1456 3191 1515 3243 ὲν
1567 3205 1821 3259 φωτιστι-

1926 3176 2208 3245 quinante,
2239 3186 2403 3246 atque
2447 3180 2593 3231 omni
2627 3180 3084 3235 transcendentali
3115 3197 3382 3253 sacraque
3406 3202 3501 3255 pu—

214 3282 351 3343 καῐς
409 3280 709 3349 δυνάμεσιν
740 3279 983 3351 ἵδρυται,
1019 3280 1115 3334 xui.
1146 3279 1279 3351 ἄλλη
1312 3298 1396 3344 τις
1427 3281 1528 3333 οὐκ
1564 3280 1712 3334 ἔστιν
1743 3281 1823 3333 οἰ-

216 3371 483 3441 κειοτέρα
534 3370 767 3441 δύναμις
820 3369 914 3423 τοῦ
947 3371 1161 3439 φωτὸς,
1212 3371 1373 3444 εἰμὴ
1418 3370 1627 3441 φαίνου
1680 3370 1822 3423 οὕτω

217 3465 315 3519 καὶ
350 3458 520 3519 αὗται
553 3466 612 3517 ὲν
643 3464 906 3536 δυνάμεσι
940 3463 1377 3529 θεοειδεστάταις
1410 3465 1817 3536 ὑπερίδρυνται,

1925 3266 2087 3321 ritate
2124 3267 2449 3332 sanctiores,
2507 3268 2807 3322 secundum
2841 3270 3285 3324 sublimissimam
3323 3283 3375 3327 et
3410 3273 3497 3327 in-

1924 3358 2342 3425 comparabilem
2375 3360 2686 3428 puritatem.
2719 3360 2816 3425 Et,
2847 3361 3002 3415 sicuti
3056 3363 3144 3417 lux
3204 3365 3255 3417 in
3290 3365 3494 3420 illumi-

1924 3449 2180 3503 nantibus
2205 3450 2502 3505 virtutibus
2528 3451 2850 3516 collocatur,
2875 3463 2926 3506 et
2952 3470 3059 3507 non
3084 3464 3166 3509 est
3190 3455 3295 3508 alia
3327 3457 3497 3525 magis

217 3555 319 3607 xui.
367 3553 691 3624 ἀντέχονται
727 3556 825 3624 μὲν
864 3555 1004 3611 κατά
1043 3554 1105 3607 τὸ
1136 3553 1404 3627 ἄτρεπτον
1437 3554 1636 3618 αὐτῶν,
1685 3554 1821 3625 ὅπερ

1925 3541 2141 3610 propria
2172 3543 2349 3598 virtus
2386 3544 2542 3610 lucis,
2576 3546 2620 3599 si
2654 3560 2759 3598 non
2792 3557 3053 3617 apparet;
3089 3548 3168 3602 sic
3198 3548 3364 3603 etiam
3413 3549 3496 3603 lue

218 3647 383 3715 ἔσχον
404 3645 503 3698 τοῦ
531 3644 667 3697 Θεοῦ
690 3645 895 3717 χάριτι.
920 3644 1093 3702 Τοῦτο
1126 3645 1182 3698 δὲ
1203 3644 1417 3716 νόησον,
1444 3645 1542 3715 οὐχ
1575 3645 1656 3698 ὅτι
1678 3644 1820 3698 κατά

218 3734 388 3803 φύσιν
422 3734 686 3804 ἀτρεπτοί
719 3736 846 3799 εἰσι,
872 3734 1054 3805 (μόνον
1087 3734 1196 3806 γάρ
1227 3734 1288 3787 τὸ
1317 3735 1458 3788 κατά
1483 3734 1644 3804 φύσιν
1668 3733 1821 3804 ἀτρε-

222 3841 358 3876 πτον
392 3822 492 3876 τοῦ
528 3822 663 3876 Θεοῦ
694 3824 887 3893 ὲστιν,)
910 3824 1024 3879 ἀλλ’
1046 3825 1128 3877 ὅτι
1160 3824 1249 3878 διὰ
1279 3824 1383 3901 τῆς
1403 3825 1497 3878 ἐπὶ
1528 3825 1589 3877 τὸ
1617 3824 1818 3893 ἀγαθὸν

219 3915 364 3983 ἄγαν
398 3914 646 3983 ἐφέσεως
676 3916 771 3969 ἐπὶ
795 3914 857 3967 τὸ
889 3915 1044 3969 Θεῖον
1082 3916 1335 3988 ρέψασαι,
1370 3916 1591 3988 ἔμειναν
1622 3915 1815 3978 οὕτως,

220 4004 335 4071 ἕξιν
364 4004 564 4076 ὥσπερ
594 4006 814 4075 ἔχουσαι
836 4006 897 4058 τὸ
924 4008 1349 4079 ἀμετακίνητονο
1382 4008 1540 4063 τοῦτο
1566 4007 1674 4080 γάρ
1701 4009 1817 4060 ἐστι

218 4096 280 4148 τὸ
312 4097 586 4166 φιλοθέως
610 4100 879 4170 ἄτρεπτον
900 4100 1129 4154 τούτων.
1167 4102 1260 4155 Ἐκ
1290 4101 1421 4170 γοῦν
1447 4100 1542 4155 τοῦ
1575 4101 1636 4154 τὸ
1664 4101 1817 4156 Θεῖον

220 4188 399 4255 φιλεῖν
432 4190 663 4254 ὑλικῶς,
696 4193 797 4262 τῆς
826 4192 1035 4256 οἰκείας
1079 4195 1388 4264 ἀεικινήτου
1420 4196 1517 4248 xui.
1560 4195 1815 4251 ταύτοκι-

218 4286 389 4353 νήτου
420 4282 632 4348 τάξεως
665 4285 1012 4354 ἀντέχονται,
1048 4285 1150 4356 τῆς
1179 4287 1344 4339 οἱονεὶ
1394 4286 1815 4358 ἀπαραλλάκτου

220 4374 315 4428 καὶ
350 4374 701 4444 ἀμεταϐόλου
728 4376 820 4428 xui.
860 4375 1122 4440 ὡσαύτως
1166 4376 1429 4447 ἐχούσηςο
1467 4378 1712 4449 κινήσεις
1757 4376 1814 4429 δέ

218 4468 359 4520 εἰσιν
392 4467 484 4519 ἐπ’
520 4467 702 4520 αὐτῶν
734 4468 791 4520 αἱ
825 4468 1093 4523 ἄπαυστοι
1127 4471 1254 4541 περὶ
1281 4471 1382 4535 τάς
1412 4471 1626 4542 νοήσεις
1664 4470 1815 4542 ὲνέρ-

218 4574 403 4626 γειαι,
455 4558 578 4622 νόες
606 4558 717 4630 γάρ
772 4561 909 4613 εἰσιν
939 4561 1211 4630 ἀσίγητοι.
1252 4562 1327 4615 Τὸ
1356 4561 1413 4614 δὲ
1446 4562 1815 4633 ἀντεχομένας

218 4652 501 4723 γράφεται
546 4651 641 4703 xui.
685 4651 1051 4722 ἀνεχομένας⁹
1100 4652 1382 4723 ἀνέχονται
1440 4653 1530 4717 δὲ,
1578 4654 1661 4706 ὃτι
1714 4655 1814 4707 οὐκ

1849 4528 1890 4582 D

1923 3633 2067 3687 inter
2092 3634 2330 3690 maxime
2364 3637 2662 3693 deiformes
2693 3640 2927 3695 virtutes
2966 3642 3492 3709 supercollocantur,

1920 3736 1985 3776 ac
2016 3734 2362 3791 perseverant
2412 3731 2711 3783 secundum
2765 3732 3265 3786 immutabilitatem
3312 3749 3492 3798 suam,

1920 3830 2081 3883 quam
2130 3814 2224 3870 Dei
2275 3820 2450 3888 gratia
2486 3821 2869 3878 obtinuerunt.
2913 3824 3066 3891 Quod
3112 3825 3195 3881 sic
3229 3827 3491 3896 intelligo.

1920 3921 2027 3961 non
2056 3908 2209 3976 quasi
2234 3925 2262 3962 a
2295 3920 2486 3967 natura
2514 3915 2623 3969 sint
2657 3910 3023 3974 itnmutahiles
3051 3919 3198 3992 (nam
3237 3920 3495 3974 immuta-

1920 3996 2107 4053 bilitas
2139 3999 2239 4054 soli
2277 3999 2386 4059 Deo
2414 4021 2444 4058 a
2483 4016 2679 4061 natura
2706 4010 3009 4080 competit),
3043 4011 3139 4065 sed
3169 4011 3336 4081 quod,
3384 4026 3496 4083 pne

1920 4087 2119 4152 ingenti
2147 4093 2211 4147 ad
2239 4095 2434 4149 bonum
2466 4100 2856 4165 pmpensioue,
2894 4100 2957 4152 ad
2993 4100 3192 4155 ntﬂncn
3245 4102 3488 4156 divinum

1917 4191 2231 4246 conversae,
2267 4184 2370 4238 hoc
2400 4187 2558 4239 modo
2611 4189 3034 4257 permanserint,
3075 4192 3494 4247 innnutabilita-

1919 4280 2025 4322 tem
2060 4276 2211 4340 quasi
2244 4276 2489 4333 habitum
2544 4278 2890 4333 obtinentes:
2920 4279 3033 4334 haec
3079 4281 3224 4334 enim
3275 4281 3491 4335 illarum

1917 4375 2001 4420 est
2038 4366 2090 4419 in
2132 4366 2241 4422 Deo
2296 4369 2528 4423 amando
2579 4370 3010 4428 immutabilitas.
3069 4372 3146 4428 Ex
3195 4390 3260 4430 eo
3309 4377 3492 4445 itaque

1918 4460 2060 4528 quod
2100 4458 2264 4514 Deum
2304 4462 2541 4517 totaliter
2568 4474 2796 4530 ament,
2849 4480 3007 4519 sumn
3060 4481 3274 4538 semper
3300 4470 3488 4524 eodem

1922 4550 2082 4604 modo
2111 4565 2171 4604 se
2200 4562 2507 4607 moventem
2540 4555 2785 4608 ordinem
2822 4566 3026 4621 tenent,
3065 4571 3223 4626 quem
3256 4561 3488 4629 quodam

1916 4642 2080 4697 modo
2108 4643 2528 4710 immutabilem,
2551 4656 2607 4701 et
2633 4658 2998 4713 constantem,
3025 4661 3080 4705 et
3110 4652 3297 4706 eodem
3328 4653 3489 4706 modo

216 4744 411 4815 ἔχουσι
440 4742 604 4813 κόρον
634 4741 789 4807 τινὰ,
821 4744 941 4797 οὐδὲ
976 4743 1174 4817 βάρος,
1210 4746 1318 4799 οὐδ’
1353 4745 1561 4815 ἴλιγγον
1584 4784 1599 4810 ,
1632 4746 1722 4799 διά
1752 4748 1814 4800 τὸ

1925 4733 2155 4787 habent:
2181 4735 2454 4790 motiones
2486 4747 2669 4791 autem
2704 4738 2814 4793 illis
2837 4750 2978 4801 sunt,
3010 4743 3377 4801 indesinentes
3407 4742 3489 4797 iu-

215 4837 305 4890 ἀεὶ
331 4834 607 4888 κινεῖσθαι
639 4835 769 4905 περὶ
801 4836 1017 4901 ταύτὸν,
1054 4838 1192 4909 ὅπερ
1222 4838 1308 4906 ἐφ’
1342 4840 1472 4909 ἡμῖν
1503 4837 1809 4909 συμϐαίνει,

214 4927 341 4981 καθ’
379 4926 408 4978 ὃ
436 4924 673 4994 εἴρηται,
691 4927 1005 4995 Met-at)”th
1034 4927 1276 4983 πάντων
1304 4929 1438 4997 ἠδύο
1461 4928 1574 4982 ἀλλ’
1607 4932 1811 4984 ἐκεῖναι

213 5016 506 5085 ἀνέχονται
544 5016 643 5086 μὲν
677 5018 935 5087 ἀρρεπῶς
962 5018 1063 5089 τῆς
1088 5018 1296 5083 οἰκείας
1327 5019 1553 5085 τάξεως,
1588 5021 1680 5074 καὶ
1712 5021 1812 5093 τὴν

213 5107 310 5159 ἐπὶ
339 5104 415 5159 τά
447 5106 620 5177 χείρω
652 5108 872 5177 μείωσιν
908 5110 1186 5174 παντελῶς
1219 5113 1550 5183 ἠγνοήκασιν
1571 5128 1584 5142 ’
1621 5113 1808 5167 ἄπτω-

211 5213 305 5251 τον
339 5196 455 5267 «(ap
504 5199 599 5250 xui
646 5199 1044 5270 ἀμετακίνητον
1086 5200 1269 5271 ἔχουσι
1313 5203 1413 5274 τὴν
1458 5202 1560 5272 τῆς
1603 5201 1810 5255 οἰκείας

212 5288 494 5352 θεοειδοῦς
531 5289 790 5359 ἰδιότητος
822 5292 1032 5363 ἵδρυσιν
1054 5331 1068 5355 ,
1120 5295 1216 5346 καὶ
1266 5294 1638 5365 ἀμιγεστάτην
1672 5292 1809 5364 πρὸς

208 5382 281 5434 τά
315 5382 494 5453 χείρω
544 5382 639 5435 καὶ
668 5384 768 5453 τὴν
800 5384 1046 5443 ἐναντίαν
1085 5385 1197 5451 ἕξιν
1242 5402 1301 5438 τε
1354 5387 1447 5440 xui.
1505 5387 1800 5459 ἐνέργειαν.

211 5472 355 5529 Εἴτε
391 5474 513 5538 πῶς
545 5474 819 5548 καθαραὶ,
853 5475 949 5529 νῦν
998 5477 1055 5531 δὲ
1087 5477 1234 5547 λέγει
1284 5479 1403 5542 πῶς
1435 5478 1803 5550 θεωρητικαὶ,

209 5566 295 5623 ὅτι
328 5565 429 5620 καὶ
461 5564 624 5621 τοῦτο
655 5566 717 5621 οὐ
765 5566 908 5620 κατά
938 5566 1253 5639 ἄνθρωπον·
1296 5570 1391 5623 ἐπὶ
1422 5568 1529 5640 γάρ
1561 5572 1674 5634 τοῖς
1707 5571 1803 5627 ἀν·-

212 5654 460 5729 θρώποις
496 5655 695 5728 θεωροὶ
725 5656 972 5725 λέγονται
998 5660 1048 5711 οἱ
1080 5659 1188 5712 τῶν
1226 5660 1536 5730 μυστηρίων
1568 5662 1802 5716 ἐπόπται

211 5750 299 5805 διὰ
329 5749 443 5803 τῶν
486 5750 832 5820 συμϐολικῶς
873 5750 1181 5823 λεγομένων
1201 5794 1214 5815 ,
1251 5752 1283 5824 ἢ
1316 5754 1590 5824 αἰσθητῶς
1620 5754 1802 5808 τελου-

215 5844 401 5913 μένων
416 5842 565 5915 ’περὶ
596 5839 753 5897 Θεοῦ.
794 5843 990 5916 Ἕσχον
1022 5844 1079 5899 δὲ
1123 5844 1215 5900 xui.
1258 5846 1307 5901 ei
1343 5845 1483 5917 ἅγιοι
1517 5846 1667 5912 τινὰς
1698 5848 1798 5918 ἐμ-

1917 4823 2283 4879 tellectionum
2336 4829 2717 4895 Operationcs;
2755 4840 2966 4885 mentes
3008 4834 3151 4889 enim
3203 4848 3333 4894 sunt
3371 4859 3488 4912 qua:

1914 4936 2190 4989 nunquam
2239 4923 2420 4980 silent.
2483 4923 2597 4979 Vox
2645 4936 2826 4981 autem
2870 4929 3266 5003 ἀντεχομένας,
3312 4937 3363 4992 id
3406 4947 3488 4992 est

1910 5026 2292 5079 perseverantes
2319 5057 2335 5083 ,
2408 5018 2674 5072 scribitur
2702 5021 2865 5074 etiam
2912 5023 3245 5095 ἀνεχομένας
3271 5066 3285 5091 ,
3322 5027 3372 5081 id
3403 5040 3486 5084 est

1911 5106 2270 5171 sustinentes;
2338 5110 2612 5164 sustinent
2659 5122 2838 5167 autem
2874 5116 2998 5183 quia
3052 5133 3226 5186 neque
3259 5119 3483 5173 satieta-

1913 5206 2041 5261 tem,
2072 5211 2250 5266 neque
2275 5199 2627 5267 gravedinem
2657 5243 2671 5269 ,
2706 5219 2881 5273 neque
2912 5208 3230 5276 vertiginem
3282 5210 3483 5263 habent

1909 5301 1973 5340 ex
1999 5303 2066 5341 eo
2090 5289 2234 5356 quod
2264 5304 2479 5359 semper
2506 5294 2654 5347 circa
2684 5296 2823 5349 idem
2858 5311 3196 5365 moveantur,
3226 5302 3298 5355 uti
3326 5302 3483 5358 nobis

1907 5380 2143 5446 accidit,
2168 5380 2327 5450 juxta
2374 5385 2557 5439 tritum
2594 5386 2725 5441 illud
2761 5403 2774 5441 :
2812 5388 3061 5444 Omnium
3100 5394 3324 5446 variatio
3352 5395 3480 5448 dul-

1905 5474 1980 5526 cis
2025 5484 2133 5537 est;
2185 5490 2375 5529 verum
2437 5479 2569 5547 ipsa:
2616 5490 2939 5538 constanter
2980 5484 3197 5553 quidem
3230 5486 3476 5542 ordinem

1904 5580 2062 5621 suum
2118 5575 2325 5636 tenent,
2358 5580 2414 5625 et
2446 5572 2498 5626 in
2530 5572 2771 5628 deterius
2800 5576 3230 5631 imminutionem
3256 5580 3477 5636 omnino

1904 5674 2011 5711 non
2039 5671 2378 5728 agnoscunt;
2413 5664 2506 5718 sed
2536 5665 2917 5721 inconcussam
2954 5682 3169 5737 semper
3193 5678 3245 5724 et
3277 5671 3475 5724 immo-

1904 5749 2068 5806 bilem
2115 5752 2403 5809 deiformis
2449 5770 2561 5810 sum
2611 5757 2970 5827 proprietatis
3016 5759 3199 5813 sedem
3245 5761 3472 5826 habent,

1914 5843 2076 5902 rebus
2110 5845 2273 5905 nullis
2311 5846 2593 5906 vilioribus
2629 5850 2917 5907 admistam
2944 5889 2960 5918 ,
2986 5866 3163 5919 neque
3191 5868 3314 5910 cum
3343 5868 3475 5911 cou-
