3908 6232
495 364 604 418 2ἷῖ3

1659 349 1719 409 S.
1761 350 1918 410 NON
1929 350 2059 408 YSll
2102 348 2568 406 AREOPAGITzE

3651 349 3759 403 εει

496 449 666 506 turio
720 444 909 502 habitu
960 455 1014 500 et
1065 445 1406 513 operatione.
1443 445 1586 498 Dixit
1619 446 1892 512 quomodo
1924 462 2025 514 pur

2136 441 2402 511 ,φανείας
2447 440 2622 502 Θεοῦ,
2672 439 2764 492 καὶ
2812 438 2880 492 δι’
2931 437 3202 509 αἰσθητῶν
3248 437 3565 508 συμϐόλων,
3610 440 3690 504 ὼς
3732 444 3761 494 6

492 540 662 606 sint;‘
691 555 836 593 nunc
885 539 1160 607 quomodo
1196 537 1641 602 contemplativa;
1687 538 1801 590 sint
1852 535 2068 605 pandit;

491 635 746 703 quoniam
778 631 941 685 etiam
995 631 1098 684 boe
1133 645 1240 682 non
1291 629 1590 683 secundum
1624 629 1899 682 bon'tinem
1940 646 1954 682 :

489 725 710 793 quidem
763 722 1078 776 hominibus
1133 721 1572 790 contemplantes
1624 721 1911 786 dicuntur,
1974 723 2065 791 qui

490 813 746 882 mysteria
772 821 1098 865 contueutur
1129 810 1347 882 per“
1365 827 1423 864 ea
1447 827 1567 880 qua:
1594 812 1892 880 symbolice
1923 812 2066 867 dicta

487 871 573 959 veil
617 906 953 960 sensibiliter
1003 903 1242 973 perfeCta
1275 914 1403 957 sunt
1449 907 1597 958 circa
1633 904 1826 959 Deum.
1877 905 2064 961 Sancti

483 1006 663 1051 autem
713 998 974 1066 quasdam
1029 997 1397 1065 apparitiones
1439 997 1531 1052 Dei
1569 1000 1905 1066 habuerunt,
1939 1017 2061 1055 cum

485 1104 582 1156 per
603 1089 822 1142 sensilia
853 1088 1127 1158 symbola,
1160 1090 1304 1142 sicut
1332 1090 1611 1145 Abraham
1641 1099 1696 1145 et
1719 1089 1920 1156 Jacob;
1949 1103 2061 1146 tum

481 1183 576 1235 per
630 1169 1004 1241 intellectilia,
1059 1180 1203 1233 sicut
1253 1181 1470 1249 quidam
1529 1195 1560 1234 e
1613 1177 1914 1250 prophetis.
1970 1176 2064 1246 (ιυί

477 1261 618 1317 dixit
649 1282 664 1318 :
701 1264 772 1318 Et
805 1284 918 1322 core
942 1271 1098 1338 plena
1141 1272 1311 1341 gloria
1356 1276 1544 1326 domus
1591 1273 1801 1326 Domini
1833 1283 1880 1336 ο,
1917 1287 2068 1338 qua:-

481 1373 605 1409 nam
637 1359 782 1411 enim
815 1371 957 1413 esset
984 1360 1158 1429 gloria
1195 1362 1322 1425 ista,
1348 1374 1528 1419 mente
1559 1367 1914 1434 percipimus.
1936 1367 2052 1424 Non

476 1447 555 1500 sic
588 1450 774 1517 utique
801 1451 1054 1507 cmlestes
1087 1453 1314 1509 virtutes
1345 1457 1788 1524 contemplantur
1809 1499 1825 1523 ,
1874 1476 2053 1531 neque

474 1541 736 1598 varietate
797 1546 1324 1613 seripturisticarmn
1389 1552 1918 1620 contemplationutn
1980 1557 2050 1612 ad

472 1641 713 1698 divinum
762 1661 961 1700 numen
1027 1649 1406 1716 adducuntur;
1460 1655 1557 1709 sed
1611 1661 2050 1728 contemplativze

473 1732 754 1798 dicuntur,
791 1745 1049 1806 tanquam
1093 1739 1398 1809 adimplette
1440 1742 1646 1798 lumine
1693 1749 2044 1804 sublimiori:

1997 630 2072 683 si-

2190 532 2436 604 ’Λϐραάμ
2485 533 2578 584 καὶ
2632 533 2659 583 6
2706 529 2930 584 Ἰακὼ6’
2987 530 3080 582 καὶ
3125 529 3211 582 διὰ
3245 530 3478 600 νοερῶν,
3527 530 3604 595 ὡς
3634 535 3666 585 6
3696 535 3758 586 ἐκ

2173 627 2279 678 τῶν
2303 625 2595 696 προφητῶν
2618 622 2808 680 εἰπὼν,
2831 621 2940 674 Καὶ
2960 621 3086 674 ὶδοὺ
3106 621 3532 691 πλιὶρηςρόξης
3546 628 3578 679 ό
3595 623 3758 688 vixet;

2172 719 2426 784 Kvp/ou'
2464 715 2548 778 τίς
2581 715 2689 786 γὰρ
2721 710 2789 785 ἦν
2819 716 2851 784 ἡ
2885 712 3012 779 δόξα
3056 713 3239 782 ἐκείνη
3261 753 3275 776 ,
3310 716 3730 783 κατανοήσομεν.

2170 809 2280 877 Οὐχ
2311 808 2454 860 οὕτω
2487 808 2667 860 τοίνυν
2712 806 2808 860 καὶ
2859 806 2914 858 αἱ
2948 804 3197 876 οὐράνιαι
3227 805 3484 874 δυνάμεις
3533 803 3751 874 θεωροὶ,

2166 900 2287 952 οὐδὲ
2319 903 2384 971 τῇ
2421 898 2661 970 ποικιλίᾳ
2713 897 2822 950 τῶν
2859 894 3257 966 ἱερογραφικῶν
3293 895 3533 966 θεωριῶν
3565 895 3659 946 ἐπὶ
3691 893 3754 946 τὸ

2166 987 2310 1039 θεῖον
2335 989 2660 1056 ἀνάγονται·
2695 985 2829 1039 ἀλλά
2854 985 3186 1056 θεωρητικαί⁵
3217 984 3485 1052 λέγονται,
3505 985 3583 1046 ὡς
3611 985 3753 1036 ἀπο-

2165 1078 2539 1150 πληρούμεναι
2567 1078 2746 1147 φωτὸς
2769 1077 3103 1148 ὑψηλοτέρου
3122 1093 3135 1106 °
3154 1077 3245 1129 καὶ
3274 1077 3346 1148 μὴ
3375 1076 3532 1146 μόνον
3559 1074 3752 1146 αἰσθή-

2165 1187 2320 1235 σεως,
2346 1170 2478 1224 ἀλλά
2512 1172 2605 1224 καὶ
2636 1171 2816 1240 πάσης
2849 1169 3015 1222 ἀΰλου
3048 1168 3321 1238 γνώσεως,
3342 1168 3435 1220 καὶ
3469 1166 3750 1238 ἐμπιπλά-

2164 1279 2321 1332 μεναι
2352 1263 2450 1333 τῆς
2499 1261 2590 1315 τοῦ
2626 1262 2792 1324 ὅντως
2827 1263 2920 1314 καὶ
2955 1261 3158 1332 κυρίως
3192 1257 3391 1320 καλοῦ,
3441 1258 3542 1328 τῆς
3593 1258 3746 1320 θείας

2159 1353 2301 1422 λέγω
2331 1356 2424 1408 καὶ
2465 1353 2751 1424 τριαδικῆς
2795 1352 3060 1422 θεωρίαςο
3097 1351 3195 1422 τῆς
3223 1351 3280 1402 δὲ
3323 1349 3498 1420 Ἰησοῦ
3548 1365 3747 1402 κοινω-

2157 1445 2275 1507 νίας
2326 1445 2666 1516 ἠξιωμέναι,
2702 1446 2800 1516 τῆς
2837 1444 3070 1514 μετοχῆς
3122 1443 3264 1512 λέγω
3298 1445 3390 1496 καὶ
3421 1443 3521 1512 τῆς
3551 1441 3743 1512 ὤξης,

2155 1538 2250 1590 καὶ
2297 1539 2395 1610 τῆς
2440 1538 2826 1610 λαμπρότητος
2878 1538 2972 1590 τοῦ
3025 1537 3274 1607 σώματος
3321 1536 3415 1588 τοῦ
3464 1535 3738 1606 Χριστοῦ·

2156 1629 2292 1700 μετὰ
2327 1631 2526 1702 σαρκὸς
2569 1630 2676 1701 γὰρ
2724 1629 2801 1699 τῷ
2842 1631 3014 1700 Πατρὶ
3079 1628 3384 1699 συνεδρεύει
3423 1629 3452 1680 6
3483 1629 3608 1690 Υἱὸς
3641 1629 3743 1683 καὶ

2150 1722 2320 1789 Λόγος
2353 1722 2536 1775 αὑτοῦ.
2576 1723 2726 1774 Ἐπεὶ
2753 1721 2811 1774 δὲ
2847 1720 3130 1790 καθόλουὴ
3156 1720 3407 1791 ἱεραρχία
3438 1719 3589 1785 τάξις
3614 1721 3741 1791 ἱερὰ

2164 1813 2351 1850 ἶιηῖρτηση
2412 1815 2498 1850 νηῖ
2537 1815 2808 1850 ἐμοηφᾷιμη
2870 1815 2962 1850 νηὶ
3006 1813 3252 1850 ἐπιέηνςνι
3325 1812 3664 1850 ἢνήηηηοηιιηέ

473 1842 643 1895 neque
685 1839 893 1882 tantum
941 1830 1215 1894 sensibili,
1250 1847 1440 1886 verum
1491 1837 1636 1890 onmi
1698 1839 2022 1895 immaterial

2148 1813 2375 1885 ὡρίσθη,
2412 1815 2505 1866 καὶ
2536 1815 2833 1884 ἐπιστήμη,
2870 1815 2967 1866 καὶ
3005 1813 3288 1884 ἐνέργεια,
3325 1813 3738 1882 ἀφομοιοῦμεν-τι

466 1921 780 1989 cognitione
805 1923 1001 1991 plcnm,
1033 1921 1148 1988 ejus
1175 1927 1319 1991 quod
1350 1941 1480 1979 vere
1505 1942 1569 1980 ac
1592 1932 1812 1998 pr0prie
1843 1931 2042 1988 bonum

465 2025 586 2079 est,
640 2015 823 2068 divina
849 2056 864 2078 ,
895 2019 1117 2084 inquam
1143 2057 1158 2082 ,
1195 2020 1651 2088 contemplatione
1680 2025 2045 2083 sanctissima:

465 2112 790 2170 Trinitatis:
830 2116 1002 2185 ipsius
1038 2134 1257 2188 quoque
1305 2119 1434 2177 Jesu
1487 2127 1874 2182 communione
1910 2146 2044 2199 gau-

461 2205 592 2259 dent
618 2247 632 2270 ,
659 2208 1103 2278 participatione,
1140 2215 1361 2282 inquam
1387 2257 1400 2281 ,
1429 2215 1614 2285 gloria:
1642 2234 1707 2273 ac
1738 2222 2042 2289 splendoris

458 2295 663 2350 Christi
707 2302 988 2366 corporis;
1039 2304 1302 2372 siquidem
1356 2323 1460 2358 una
1515 2323 1635 2362 eum
1684 2326 1848 2366 carne
1891 2313 2036 2370 Patri

461 2387 664 2441 assidet
692 2431 706 2456 ,
737 2399 795 2442 ut
824 2391 994 2446 Filius
1019 2404 1072 2446 ct
1104 2394 1336 2448 Verbum
1372 2396 1508 2464 ejus.
1538 2399 1670 2453 Cum
1705 2413 1885 2456 autent
1918 2406 2040 2459 uni-

457 2477 657 2530 vcrsim
693 2479 998 2534 bierarcbia
1031 2483 1251 2537 deﬁnita
1295 2486 1367 2540 sit
1393 2502 1551 2542 sacer
1582 2491 1738 2553 ordo,
1773 2503 1827 2545 et
1859 2494 2036 2548 scien-

462 2568 557 2634 tia,
607 2579 662 2624 et
704 2573 970 2638 operatio,
1026 2577 1320 2642 accedens,
1381 2591 1645 2648 quantum
1698 2583 1780 2639 fas
1825 2598 1924 2650 est,
1969 2590 2035 2643 ad

457 2667 907 2738 deil'oruutatem,
945 2690 1046 2730 nec
1080 2693 1210 2741 non,
1264 2680 1444 2736 insitis
1475 2683 1578 2737 sibi
1611 2687 1873 2745 divinitus
1916 2691 2034 2745 illu-

455 2763 849 2822 strationibus.
887 2771 1236 2836 proportione
1280 2777 1513 2841 quadam
1551 2779 1618 2833 ad
1663 2781 1754 2834 Dei
1797 2783 2031 2839 adducta

457 2852 817 2909 imitationem
844 2861 1128 2914 consdera
1158 2863 1243 2918 bic
1277 2865 1420 2919 illaut
1452 2867 1772 2925 bicrarcbize
1795 2885 2029 2943 partem,

451 2960 574 3014 quae
621 2960 704 3002 est
747 2950 976 3004 scientia
1029 2954 1144 3008 sive
1187 2959 1597 3026 contemplatio,
1637 2967 1916 3032 quomodo
1962 2970 2029 3023 ad

453 3037 874 3095 deil'nrmitateat
918 3057 1299 3112 componatur,
1355 3059 1409 3102 et
1453 3067 1689 3118 quonam
1756 3060 1916 3113 modo
1961 3062 2026 3114 ad

452 3129 770 3185 imitandum
802 3133 970 3188 Detnn
1000 3139 1300 3193 adducatur
1329 3156 1342 3191 :
1381 3143 1567 3212 utique
1605 3161 1711 3198 non
1742 3148 1795 3200 in
1829 3149 2023 3221 imagi-

451 3223 611 3276 nibus
639 3239 795 3279 sacro
847 3229 1007 3281 modo
1039 3231 1218 3297 ﬁctis,
1251 3235 1641 3303 pmpbetarum
1671 3256 1852 3308 mare,
1885 3243 2024 3297 divi-

452 3329 573 3366 nam
645 3317 1080 3385 exprimentibns
1166 3326 1622 3394 similitudinem,
1693 3347 1755 3385 ac
1829 3331 2028 3387 tleiiur-

448 3407 692 3461 tnitatem
743 3411 1152 3468 eonl‘ormautur
1199 3416 1433 3486 (Graece
1493 3422 1869 3490 ἀποτυποῦσι,
1928 3443 2025 3495 pro

446 3495 888 3564 ἀποτυπούσαις,
942 3507 1300 3561 masculintun
1344 3526 1443 3577 pro
1498 3511 1760 3567 fetutinino
1809 3521 2020 3584 posuit,

447 3590 749 3645 Atticorum
780 3609 950 3659 more,
984 3597 1124 3652 sicut
1159 3598 1351 3665 κλυτὸς
1396 3601 1794 3677 Ἱπποδάμεια),
1819 3612 1911 3662 sed
1937 3611 2022 3663 di-

447 3694 648 3736 ('lltlllll‘
681 3689 1139 3756 contemplantes,
1199 3703 1455 3764 tanquam
1503 3697 1606 3767 ipsi
1649 3715 1777 3754 vere
1824 3718 2022 3773 appro-

448 3773 792 3842 pinquantes,
840 3779 956 3832 sine
987 3783 1160 3836 sacris
1199 3785 1692 3857 ell‘urmationibus,
1741 3794 1843 3846 boc
1875 3799 2019 3850 enim

444 3870 528 3914 est
576 3861 628 3913 iu
681 3864 941 3931 primaria
991 3872 1410 3942 participatione
1455 3880 1809 3948 cognitionis,
1862 3890 2018 3954 quasi

446 3949 764 4008 immediate
789 3966 843 4009 et
871 3958 1008 4013 citra
1047 3966 1289 4032 symbola
1323 3969 1745 4027 similitudinem
1776 3977 2021 4048 efﬁgian-

445 4052 542 4105 tia.
569 4052 707 4118 Quid
734 4057 878 4110 enim
911 4058 1017 4112 illis
1041 4060 1286 4118 conferat
1311 4068 1624 4135 sapphirus,
1646 4081 1698 4124 et
1729 4072 2015 4143 electrum,

442 4151 500 4194 et
528 4143 794 4212 quidlibet
824 4150 1040 4215 generis
1090 4151 1358 4218 ejusdem,
1406 4157 1470 4207 ad
1518 4159 1712 4213 divina:
1756 4177 2019 4218 corusca-

444 4235 608 4290 tiouis
636 4239 1152 4307 contemplationem
1175 4283 1190 4307 ,
1221 4259 1342 4299 eum
1384 4246 1504 4316 ejus
1554 4249 1867 4309 immediate
1897 4273 2021 4325 par-

447 4327 672 4397 ticipent
699 4331 1105 4402 cognitionem?
1134 4334 1414 4402 Quomodo
1440 4348 1621 4394 autem
1651 4347 1894 4412 cognitio
1939 4359 2018 4403 at-

440 4436 549 4489 que
619 4427 1010 4493 contemplatio
1088 4429 1155 4483 ad
1229 4431 1656 4491 deil‘urmitatem
1749 4440 2019 4495 assimilat

441 4521 900 4585 cognoscentem?
943 4522 1067 4590 quia
1118 4526 1498 4596 contemplans
1541 4532 1870 4599 admiratur,
1915 4535 2011 4587 ad-

444 4607 651 4660 mirans
686 4609 1004 4679 desiderat,
1049 4614 1368 4672 desiderans
1410 4619 1667 4689 expiatur
1699 4663 1715 4687 ,
1765 4627 2014 4693 expiatus

441 4707 569 4750 vero
599 4714 694 4766 pro
720 4703 1029 4759 conditione
1074 4707 1381 4762 cmleslium
1413 4715 1776 4768 essentiarum
1809 4731 2014 4786 cogno-

439 4788 543 4841 scit
575 4791 961 4862 expiationem,
1007 4805 1082 4860 et,
1130 4801 1274 4854 sicut
1306 4817 1468 4871 supra
1498 4804 1701 4859 dietmn
1737 4818 1844 4869 est,
1900 4811 2016 4864 dei-

440 4877 629 4933 l'ormis
657 4882 908 4951 eﬂicitur,
953 4898 1010 4941 et
1061 4891 1128 4943 ad
1175 4893 1601 4952 deiformitatem
1648 4900 2009 4957 assimilatur.

437 4973 723 5037 Quomodo
757 4991 886 5030 vero
909 4980 1075 5034 etiatn
1107 4984 1174 5038 ad
1206 4983 1300 5039 Dei
1336 4988 1698 5046 imitationem
1731 4993 2012 5046 adducan-

439 5071 549 5125 tur,
587 5067 913 5125 tradit.,lloe
943 5073 1116 5140 ipsum
1141 5091 1272 5130 vero
1314 5082 1476 5132 etiam
1506 5081 1570 5136 iis
1597 5083 1857 5138 donatum
1904 5094 2011 5151 est,

438 5158 728 5230 ipsumque
762 5167 1111 5237 participant,
1145 5189 1249 5225 non
1283 5174 1334 5227 in
1371 5185 1568 5242 totmu,
1599 5181 1694 5234 sed
1746 5194 2009 5249 quantum

439 5252 523 5309 fas
552 5265 638 5309 est
667 5258 858 5312 amicis
885 5260 1000 5329 ejus
1034 5263 1323 5320 virtutibus
1348 5308 1364 5329 ,
1394 5269 1501 5340 65
1531 5287 1651 5340 qua}
1695 5273 1852 5344 juxta
1881 5292 2011 5348 pro-

437 5349 659 5418 phetam
722 5351 920 5406 cmlum
992 5355 1283 5425 obtegunt,
1340 5366 1872 5436 contemplantibus,
1945 5370 2012 5425 ad

439 5457 579 5510 quas
605 5458 701 5512 per
727 5447 1218 5516 contemplationes
1249 5453 1598 5510 adducuntur
1618 5498 1633 5519 ,
1663 5459 1716 5513 ἰη
1746 5462 2009 5530 primteva

440 5533 652 5589 scilicet
678 5537 913 5604 virtute;
965 5556 1088 5593 nam
1124 5541 1542 5601 illustratiouem
1593 5550 1713 5605 aliae
1745 5569 1842 5622 per
1871 5555 2011 5613 alias

440 5627 717 5696 accipiunt
757 5644 787 5685 a
831 5629 981 5692 Deo.
1022 5634 1117 5690 scd
1162 5636 1232 5692 ad
1288 5637 1462 5709 ipsum
1501 5641 1898 5708 intentionem.
1953 5660 2008 5706 et

541 5819 566 5849 ε
598 5808 791 5871 Ezccb.
824 5828 974 5882 ant,
1006 5815 1057 5871 5.

2148 1906 2224 1969 ῶς
2254 1905 2492 1974 ἐφικτὸν,
2530 1906 2667 1976 πρὸς
2697 1905 2758 1958 τὸ
2790 1905 3042 1968 θεοειδὲς,
3070 1907 3162 1958 καὶ
3194 1904 3469 1971 ἀναλόγως
3498 1907 3619 1966 ταῖς
3649 1905 3740 1954 ὲν-

2143 1995 2445 2065 διδομέναις
2478 1995 2803 2064 ὲλλάμψεσιν
2835 1997 2926 2048 ἐπὶ
2957 1996 3018 2048 τὸ
3041 1995 3372 2066 θεομίμητον
3397 1997 3734 2066 ἀναγομένη,

2143 2084 2378 2138 ἐνταῦθα
2414 2086 2612 2155 σκέψαι
2660 2085 2724 2138 τὸ
2773 2085 2939 2156 μέρος
2971 2085 3072 2155 τῆς
3110 2087 3426 2156 ἱεραρχίας,
3457 2087 3554 2156 τὴν
3602 2089 3735 2140 ἑπι-

2144 2179 2377 2248 στήμην,
2413 2179 2578 2248 ἤγουν
2611 2177 2862 2248 θεωρίαν,
2899 2178 3016 2241 πῶς
3049 2179 3186 2248 πρὸς
3217 2179 3278 2230 τὸ
3311 2178 3540 2242 θεοειδὲς
3573 2179 3734 2247 ἀφω-

2143 2271 2391 2339 μοίωται,
2429 2271 2521 2323 καὶ
2555 2271 2672 2332 πῶς
2694 2270 2952 2337 ἀνάγεται
2989 2271 3125 2340 πρὸς
3157 2271 3215 2322 τὸ
3241 2271 3569 2341 θεομίμητον
3590 2290 3603 2304 '-
3627 2275 3734 2326 οὐκ

2139 2363 2196 2414 ὲν
2241 2362 2413 2414 εἰκόσι
2467 2361 2596 2431 γοῦν
2653 2362 2814 2434 ἱερῶς
2848 2363 3206 2427 πλασθείσαις
3254 2363 3404 2434 παρά
3444 2364 3553 2415 τῶν
3589 2382 3730 2435 προ-

2138 2453 2322 2522 φητῶν
2369 2453 2706 2507 ἀποτυποῦσι
2755 2455 2854 2526 τὴν
2887 2454 3038 2506 θείαν
3093 2455 3391 2524 ὁμοίωσιν,
3463 2455 3602 2525 πρὸς
3668 2456 3733 2507 τὸ

2141 2539 2372 2606 θεοειδὲς
2400 2544 2787 2614 ἀφωμοίωνται
2808 2584 2822 2598 .
2865 2543 2946 2616 (τὸ
2975 2539 3357 2596 ἀποτυποῦσι
3387 2538 3443 2590 δὲ
3477 2539 3599 2590 ἀντὶ
3631 2538 3730 2591 τοῦ

2138 2637 2258 2698 ταῖς
2285 2636 2759 2703 ἀποτι)πούσαις,
2781 2637 2840 2689 τὸ
2862 2634 3147 2707 ἀρσενικὸν
3173 2634 3294 2686 ἀντὶ
3317 2631 3552 2703 θηλυκοῦ
3583 2634 3733 2687 ἀττι-

2137 2725 2269 2792 κῶς,
2293 2727 2367 2790 ὡς
2396 2728 2474 2781 τό·
2506 2730 2740 2794 Κλιντικς
2778 2726 3194 2796 Ἱπποδάμειαῆ
3215 2725 3348 2778 ἀλλά
3373 2725 3490 2786 πῶς
3513 2723 3731 2795 θεωρη-

2130 2817 2302 2880 τικαὶ,
2337 2817 2412 2880 ὠς
2438 2815 2653 2886 ἀληθῶς
2685 2817 2832 2888 αὐτῷ
2858 2814 3286 2885 πλησιάζουσαι,
3335 2815 3428 2868 καὶ
3454 2815 3578 2886 δίχα
3610 2817 3726 2870 τῶν

2136 2905 2554 2978 ἱεροπλαστιῶν·
2592 2905 2750 2958 τοῦτο
2783 2906 2892 2977 γάρ
2925 2907 3040 2957 ἐστι
3084 2905 3146 2957 τὸ
3197 2907 3254 2956 ὲν
3303 2903 3490 2979 πρώτη
3529 2922 3726 2974 μετου-

2135 3001 2226 3070 σία
2258 2999 2357 3070 τῆς
2388 2999 2668 3069 γνώσεως,
2703 3001 2866 3053 οἱονεὶ
2897 2999 3118 3070 ἀμέσως
3151 2999 3245 3051 καὶ
3278 2999 3399 3070 δίχα
3435 2998 3726 3068 συμϐόλων

2131 3092 2548 3146 ὑποτυπούντων
2580 3094 2679 3163 τὴν
2725 3091 3006 3162 ὁμοίωσιν.
3050 3091 3114 3144 Τί
3152 3091 3260 3158 γὰρ
3293 3091 3528 3152 ἐκείναις
3547 3093 3738 3160 όσαμ-

2135 3198 2318 3255 φειρος
2357 3223 2372 3247 ,
2435 3185 2531 3237 καὶ
2562 3187 2590 3236 6
2627 3184 2916 3256 ἤλεκτρος,
2954 3185 3046 3237 καὶ
3081 3185 3187 3235 πᾶν
3221 3183 3272 3234 εῖ
3299 3201 3350 3235 τι
3379 3182 3724 3251 τοιουτότρο-

2129 3296 2228 3330 πον
2262 3277 2398 3348 πρὸς
2427 3276 2660 3349 θεωρίαν
2694 3277 2794 3346 τῆς
2827 3276 2978 3339 θείας
3016 3276 3402 3346 μαρμαρυγῆς,
3436 3276 3495 3327 ὲν
3525 3276 3724 3345 άμέσῳ

2125 3367 2311 3432 οὔσαις
2344 3369 2603 3440 μετουσία
2640 3369 2742 3437 τῆς
2774 3366 3062 3436 γνώσεως;
3095 3367 3218 3430 Πῶς
3251 3367 3307 3420 δὲ
3333 3368 3364 3437 ή
3390 3367 3594 3434 γνῶσις
3622 3370 3726 3421 καὶ

2125 3465 2158 3533 ἡ
2194 3463 2396 3535 θεωρία
2428 3464 2678 3532 ἀφομοιοῖ
2711 3462 2848 3532 πρὸς
2878 3462 2939 3514 τὸ
2971 3461 3202 3523 θεοειδὲς
3231 3460 3321 3512 τὸν
3353 3458 3723 3528 γινώσκοντας

2124 3555 2206 3607 ὅτι
2239 3556 2266 3606 6
2289 3554 2508 3626 θεωρῶν
2543 3553 2833 3623 θαυμάζει,
2873 3556 2900 3606 6
2933 3551 3227 3622 θαυμάζων
3261 3550 3434 3612 ποθεῖ,
3467 3553 3495 3604 ό
3531 3551 3724 3604 ποθῶν

2126 3645 2467 3716 καθαίρεται,
2502 3647 2529 3698 6
2563 3644 2960 3714 καθαιρόμενος
2994 3643 3294 3712 (ἀναλόγως
3320 3641 3374 3694 δὲ
3407 3645 3528 3704 ταῖς
3556 3643 3724 3712 οὐρα-

2124 3737 2266 3798 νίαις
2318 3736 2529 3798 οὐσίαις
2578 3739 2687 3788 νοεῖ
2731 3737 2830 3805 τὴν
2864 3734 3172 3804 κάθαρσιν,
3225 3733 3408 3796 καθὼς
3455 3734 3721 3804 ἀνωτέρω

2123 3823 2360 3894 ὲλέχθη,)
2389 3824 2623 3894 θεοειδὴς
2648 3824 2877 3892 γίνεται,
2915 3825 3008 3877 καὶ
3043 3824 3178 3894 πρὸς
3208 3823 3269 3875 τὸ
3302 3823 3532 3884 θεοειόὲς
3563 3824 3720 3891 ἀφω-

2126 3917 2375 3987 μοίωται.
2403 3916 2528 3978 Πῶς
2563 3915 2619 3968 δὲ
2659 3917 2753 3968 καὶ
2789 3916 2924 3987 πρὸς
2955 3915 3015 3968 τὸ
3059 3915 3390 3985 θεομίμητον
3425 3915 3717 3981 ἀνάγεται,

2124 4011 2274 4080 φησί.
2318 4009 2626 4082 Δεδὼρηται
2669 4011 2725 4063 δὲ
2759 4013 2851 4064 καὶ
2905 4011 3036 4063 αὐτὸ
3077 4010 3336 4071 ταύταις,
3389 4007 3483 4058 καὶ
3515 4023 3717 4058 κοινω-

2122 4101 2302 4154 νοῦσιν
2334 4102 2395 4154 οὑ
2444 4101 2510 4154 δι’
2545 4102 2688 4163 ὅλου,
2735 4101 2848 4154 ἀλλ’
2885 4103 3006 4154 ὅσον
3052 4100 3270 4168 ἐφικτόν
3317 4099 3430 4150 ἐστι
3473 4100 3594 4159 ταῖς
3622 4113 3719 4164 φι-

2121 4191 2458 4262 λανθρώποις
2490 4191 2654 4245 αὑτοῦ
2691 4193 2931 4262 ἀρεταῖς,
2979 4194 3097 4253 ταῖς
3131 4189 3532 4250 καλυπτούσαις
3566 4188 3717 4240 κατά

2119 4281 2210 4333 τὸν
2244 4283 2524 4352 προφήτην
2556 4283 2682 4345 τοὺς
2714 4282 2976 4352 οὐρανοὺς
3017 4285 3135 4344 ταῖς
3184 4281 3548 4351 θεωρητικαῖς
3574 4321 3588 4342 ,
3625 4283 3716 4344 ε-ῖς

2120 4373 2187 4436 ἃς
2207 4373 2294 4426 διὰ
2316 4373 2416 4443 τῆς
2438 4373 2672 4446 θεωρίας
2706 4375 3020 4442 ἀνάγονται,
3048 4375 3106 4425 ὲν
3137 4372 3480 4444 πρωτουργῷ
3505 4373 3716 4445 δηλαδὴ

2121 4463 2348 4534 δυνάμει
2369 4480 2383 4494 °
2406 4465 2504 4536 τὴν
2537 4464 2644 4535 γὰρ
2679 4464 2943 4534 ἒλλαμψιν
2965 4465 3128 4534 ἕτερα
3156 4463 3223 4514 δι’
3254 4462 3417 4530 ἄλλης
3439 4462 3716 4531 λαμϐάνει

2047 4551 2093 4610 D
2120 4555 2183 4606 ὲκ
2214 4554 2307 4606 τοῦ
2343 4555 2502 4619 Θεοῦ,
2530 4557 2628 4624 τὴν
2661 4555 2718 4608 δὲ
2755 4555 2890 4626 πρὸς
2923 4553 3084 4608 αὑτὸν
3113 4553 3292 4616 τάσιν,
3323 4554 3417 4606 καὶ
3446 4552 3712 4620 θεωρίαν,

2117 4646 2209 4700 καὶ
2241 4645 2459 4713 ἔφεσιν,
2507 4645 2695 4716 ὥσπερ
2728 4647 2776 4697 εἰ
2832 4641 2972 4716 ἦσαν
3006 4645 3216 4698 ἅπασαι
3252 4644 3494 4715 πρῶται,
3529 4643 3715 4708 οὕτως

2115 4737 2468 4810 ἐργάζονται,
2507 4738 2538 4808 ἦ
2574 4741 2630 4790 ὲν
2678 4738 3048 4810 πρωτουργῷ,
3100 4737 3262 4790 οἱονεὶ
3298 4737 3708 4808 πρωτοτάκτιεν

2117 4831 2329 4902 πρῶται
2377 4830 2486 4901 γάρ
2529 4826 2689 4884 αὗται
2729 4829 3056 4901 ἐτάχθησαν.
3110 4829 3346 4900 Ὁμοίως
3393 4828 3558 4881 πάλιν
3608 4831 3713 4882 καὶ

2115 4921 2211 4991 τὴν
2252 4921 2531 4992 μετάδοσιν
2564 4921 2662 4992 τῆς
2694 4921 3014 4990 ἐλλάμψεως
3050 4918 3187 4990 πρὸς
3234 4919 3334 4982 τὰς
3367 4919 3457 4972 ὑπ’
3493 4919 3668 4983 αὑτάς
3693 4961 3710 4983 ,

2116 5013 2209 5065 καὶ
2244 5013 2378 5084 πρὸς
2409 5013 2534 5075 τοὺς
2566 5011 2904 5083 ἀνθρώπους,
2937 5011 2998 5062 οὐ
3031 5009 3167 5081 μετά
3199 5010 3396 5079 φθόνου
3432 5010 3524 5062 καί
3558 5028 3703 5076 τινο,

2115 5104 2393 5156 ποιοῦνται
2414 5104 2818 5174 γλισχρότητος,
2843 5104 2956 5156 ἀλλ’
2989 5102 3235 5172 ἀφθόνως
3269 5105 3361 5157 καὶ
3398 5103 3702 5174 πληρεστά-

2115 5213 2244 5259 τως,
2279 5195 2468 5266 ὥσπερ
2493 5195 2556 5248 ἀν
2588 5192 2726 5266 ἦσαν
2762 5197 2931 5248 πᾶσαι
2968 5194 3038 5248 τὰ
3069 5195 3172 5264 τῆς
3203 5193 3524 5264 ὲλλάμψεως
3556 5195 3712 5265 πρῶ-

2115 5305 2205 5341 ται
2248 5287 2560 5358 δεχόμεναι·
2595 5287 2753 5340 τοῦτο
2781 5287 2889 5359 γάρ
2922 5287 3013 5340 καὶ
3049 5286 3242 5358 πρῴην
3281 5289 3312 5358 ἡ
3363 5286 3712 5357 θεομιμησία

2116 5377 2350 5445 ἐλέγετο,
2380 5376 2440 5429 τὸ
2474 5377 2611 5447 πρὸς
2642 5377 2768 5440 τοὺς
2795 5377 3083 5447 δεομένους
3116 5379 3210 5430 καὶ
3253 5376 3437 5442 ἀξίους
3472 5377 3709 5446 μεταδο-

2115 5469 2264 5522 τικόν
2284 5485 2297 5499 ο
2329 5470 2423 5522 καὶ
2447 5469 2542 5521 νῦν
2568 5469 2726 5521 τοῦτο
2758 5467 2998 5535 λέγεται,
3023 5469 3106 5521 ὃτι
3140 5468 3282 5521 κατά
3306 5467 3465 5520 τοῦτο
3506 5484 3706 5519 κοινωα

2114 5559 2262 5613 νοῦσι
2304 5561 2424 5623 ταῖς
2472 5559 2873 5631 φιλανθρώποις
2906 5561 3130 5631 ἀρεταῖς
3171 5559 3265 5612 τοῦ
3299 5559 3457 5611 Θεοῦ.
3488 5560 3706 5628 Ὥσπερ

2116 5649 2224 5722 γὰρ
2243 5651 2302 5704 το
2327 5649 2626 5723 θεοπρεπὲς
2651 5651 2845 5714 κάλλος
2870 5650 3213 5723 μεταδοτικόν
3246 5652 3363 5703 ἐστι
3397 5649 3517 5703 κατ’
3545 5647 3704 5704 ἀξίαν
