3908 6232
154 333 264 388 225

639 327 729 382 DE
761 321 1085 383 COELESTI
1121 316 1571 382 l'llERARCillA,
1601 313 1756 370 CAP.
1798 311 1908 367 Ἧι.
1937 343 2003 352 —-—
2029 308 2379 364 PAR.\PIIR.
2419 302 2894 361 PACHYMERZE.

3325 297 3432 354 9.26

148 451 245 506 τοῦ
277 449 489 503 οἰκείου
526 445 722 515 φωτὸς,
752 443 896 496 οὕτω
928 441 1024 494 καὶ
1055 434 1213 493 αὗται
1247 437 1384 506 πρὸς
1415 437 1540 496 τοὺς
1572 432 1755 498 ἀξίους

1881 427 2378 496 :nntemplationem
2406 464 2422 488 ,
2458 420 2516 479 et
2555 422 2813 477 aﬂ‘ectum
2865 421 2940 472 ita
2979 417 3252 488 dirigunt,
3287 431 3352 471 ac
3389 417 3436 471 si

158 542 510 616 μεταδιδόασι
529 540 630 608 τῆς
655 535 973 606 ἐλλάμψεως
1013 531 1259 600 ἀφθόνως
1282 526 1456 600 ταύτῃ
1488 526 1582 579 καὶ
1619 523 1754 592 πλη-

161 635 468 708 ρεστάτως.
499 631 640 700 ’ὶῖδη
676 628 810 698 φησὶ
855 625 949 679 καὶ
984 623 1099 685 πῶς
1135 622 1383 689 λέγονται
1434 616 1756 686 τετελεσμέ-

153 745 239 781 ναι
281 728 339 779 αἱ
379 724 526 777 θεῖαι
558 720 835 791 δυνάμεις.
876 717 1028 770 Ἐπεὶ
1057 715 1237 768 τοίνυν
1270 714 1433 784 ἡμεῖς
1454 707 1756 778 τελούμεθα

151 820 241 873 διὰ
274 819 381 887 τῆς
415 813 748 883 ἀναλυτικῆς
773 810 1103 879 ἐπιστήμης,
1127 808 1226 878 τῆς
1259 804 1633 873 ὲξαπλωτικῆς
1658 801 1754 871 δη-

153 912 334 964 λονότι
375 910 472 962 καὶ
512 905 845 976 ὲξηγητικῆς
876 903 969 956 καὶ
1016 899 1402 968 ἁναγωγικῆς,
1457 896 1558 967 τῆς
1606 896 1757 965 ἱερᾶς

158 1002 440 1064 ποικιλίας
483 1000 584 1070 τῆς
632 997 744 1049 τῶν
803 992 1145 1064 συμϐολικῶν
1188 990 1432 1060 δηλονότι
1467 988 1756 1059 θεαμάτων

161 1097 458 1167 μυήσεως,
495 1092 554 1144 αἱ
594 1089 734 1142 θεῖαι
782 1086 1040 1156 δυνάμεις
1089 1083 1186 1153 οὐχ
1233 1082 1405 1145 οὕτως
1454 1081 1756 1142 τελοῦνται,

159 1189 276 1244 ἀλλ’
303 1188 386 1251 ὡς
423 1181 914 1254 ἀποπληρούμεναι
946 1181 1048 1249 τῆς
1080 1178 1304 1251 πρώτης
1331 1176 1426 1230 καὶ
1454 1175 1516 1228 οὐ
1549 1175 1648 1246 τῆς
1671 1174 1761 1228 διὰ

161 1279 349 1349 μέσων
408 1274 695 1345 συμϐόλων
747 1268 1124 1340 ὑπερεχούσης
1175 1267 1424 1331 θεὼσεως
1471 1267 1614 1320 κατὰ
1660 1265 1761 1336 τὴν

159 1369 485 1440 ὑπερτάτην
518 1365 626 1419 τῶν
672 1363 852 1435 ἔργων
900 1361 995 1414 τοῦ
1041 1360 1176 1413 Θεοῦ
1211 1360 1558 1430 ἐπιστήμην,
1607 1358 1666 1411 ὃν
1697 1358 1760 1429 δὴ

159 1463 251 1514 καὶ
302 1461 462 1513 πᾶσα
500 1457 754 1529 ἱεραρχία
802 1454 1155 1526 καθηγεμόνα
1186 1452 1288 1522 τῆς
1321 1452 1634 1523 ἐπιστήμης
1666 1452 1762 1504 καὶ

159 1553 259 1622 τῆς
291 1550 585 1622 ἐνεργείας
619 1549 754 1618 ἔχει.
804 1549 958 1600 Ποῖαι
990 1545 1046 1598 δέ
1086 1547 1223 1597 εἰσιν
1263 1545 1318 1598 αἰ
1358 1543 1494 1596 θεῖαι
1540 1543 1767 1613 ἐπιστῆ-

1569 1631 1656 1670 el”

165 1662 296 1713 μαι,
354 1643 454 1695 καὶ
487 1642 545 1694 αἱ
579 1639 862 1710 θεουργίαι
889 1655 902 1702 ;
933 1636 999 1690 τὸ
1029 1635 1314 1706 καθαίρειν
1339 1675 1352 1698 ,
1388 1634 1448 1688 τὸ
1482 1634 1762 1703 φωτίζειν,
1827 1677 1835 1684 .

161 1734 220 1786 τὸ
250 1732 457 1793 τελεῖν,
491 1731 570 1794 ὡς
603 1732 662 1782 ὲν
694 1728 949 1796 ἀγγέλοις
975 1727 1030 1780 δὲ
1056 1723 1210 1779 εἶπεν
1235 1767 1250 1790 ,
1289 1725 1477 1796 ἐπειδὴ
1502 1725 1557 1777 αἰ
1583 1723 1766 1776 τοιαῦ-

158 1844 246 1879 ται
271 1825 563 1896 θεουργίαι
587 1823 680 1876 καὶ
707 1823 764 1873 ἐν
785 1819 1090 1891 ἀνθρώποις
1110 1817 1370 1886 γίνονται,
1395 1816 1530 1869 ἀλλὰ
1549 1816 1616 1869 δι’
1643 1816 1764 1868 ὲτὲ-

165 1937 261 1989 ρας
290 1918 621 1987 ἐπιστήμης
650 1915 678 1966 ὁ
715 1911 994 1982 φωτισμὸς
1021 1910 1218 1963 δίδοται
1251 1909 1460 1972 τούτοις
1489 1908 1582 1961 καὶ
1607 1909 1638 1978 ἡ
1676 1925 1766 1960 τε-

162 2009 404 2071 λείωσις.
423 2002 596 2060 Αὗται
614 2005 670 2057 δὲ
686 2005 741 2057 αἰ
767 2001 1195 2073 ὑπερϐεϐηκυῖαι
1213 2000 1471 2069 δυνάμεις
1499 1999 1559 2052 οὐ
1576 1998 1644 2051 δι’
1670 1997 1766 2050 ἄλ-

163 2102 266 2155 λων
307 2101 492 2169 ἁγίων
529 2096 750 2158 οὐσιῶν,
794 2094 930 2149 ἀλλὰ
966 2093 1093 2160 παρ’
1141 2093 1314 2162 αὐτῆς
1365 2092 1465 2162 τῆς
1513 2090 1770 2163 θεαρχίας

167 2189 667 2267 μυπαγωγοῦνται
706 2189 765 2240 ἐν
793 2186 874 2255 τῷ
911 2183 999 2238 ἐπ’
1029 2183 1197 2254 αὐτὴν
1239 2182 1460 2253 ἁμέσως
1498 2183 1772 2235 ἀνατείνε-

167 2287 288 2339 σθαι
313 2287 376 2337 ὲν
400 2286 470 2354 τῇ
487 2282 718 2351 δυνάμει
743 2277 948 2332 τούτων
978 2276 1074 2329 καὶ
1097 2275 1268 2341 τάξει·
1302 2273 1423 2328 οὐδὲ
1450 2273 1560 2344 γὰρ
1585 2274 1650 2326 ἐκ
1671 2272 1771 2326 τά-

167 2379 303 2445 ξεως
342 2375 512 2446 μόνον
543 2372 728 2442 ἔχουσι
766 2369 826 2421 τὸ
853 2371 990 2439 πρὸς
1031 2366 1164 2420 Θεὸν
1203 2364 1596 2429 ἀνατείνεσθαι,
1637 2363 1776 2418 ἀλλὰ

167 2471 258 2523 καὶ
287 2471 355 2522 ὲκ
380 2468 688 2536 δυνάμεως.
716 2461 885 2516 Τοῦτο
910 2461 968 2515 δέ
987 2461 1136 2514 ἐστιν
1165 2458 1464 2531 ὃπερλέγει
1485 2457 1578 2510 καὶ
1601 2459 1629 2511 ὁ
1648 2458 1776 2510 Θεο-

166 2561 325 2630 λόγος
349 2558 680 2631 Γρηγόριος·
715 2555 829 2608 Οὐκ
861 2549 976 2607 οἶδα
1017 2551 1131 2606 εἴτε
1159 2553 1224 2605 ὲκ
1259 2550 1359 2622 τῆς
1390 2549 1776 2621 λαμπρότητος

169 2652 390 2720 ἔχουσιν
404 2651 511 2720 τὴν
525 2647 702 2712 τάξιν,
722 2646 831 2699 εἴτε
857 2645 921 2698 ἐκ
932 2643 1030 2714 τῆς
1053 2642 1261 2709 τάξεως
1282 2640 1381 2712 τὴν
1391 2640 1772 2713 λαμπρότητα·

169 2742 264 2793 καὶ
278 2740 396 2811 γὰρ
414 2739 650 2808 δύναμιν
671 2735 888 2806 ἔχουσιν
909 2731 1306 2803 ὑπερέχουσαν,
1329 2731 1425 2784 καὶ
1444 2728 1598 2794 τάξιν
1616 2730 1779 2798 ὑπερ-

169 2832 477 2903 ϐεϐηκυῖαν
519 2829 612 2882 καὶ
641 2827 948 2898 ἀνωτάτην.
983 2825 1094 2877 Καὶ
1122 2823 1210 2876 διὰ
1239 2821 1419 2884 τοῦτο,
1444 2822 1519 2885 ὡς
1552 2821 1649 2892 μὲν
1684 2820 1776 2874 δύ-

167 2941 336 2994 ναμιν
357 2921 608 2991 ἔχουσαι,
628 2917 764 2988 πρὸς
777 2917 838 2968 τὸ
853 2916 1127 2982 πάναγνον
1146 2914 1238 2966 καὶ
1254 2913 1496 2984 ἀρρεπὲς
1511 2911 1780 2983 ὲδραιοῦν-

169 3032 282 3075 ται,
313 3013 416 3065 καὶ
443 3012 506 3064 οὐ
536 3009 882 3062 διασείονται·
923 3003 1084 3058 τοῦτο
1114 3005 1223 3076 γάρ
1247 3005 1368 3056 ἐστι
1408 3001 1474 3054 τὸ
1510 3001 1773 3074 ἁρῤεπές·

1856 535 2045 574 omnes
2085 527 2273 572 essent
2324 517 2535 585 primm,
2579 513 2666 568 vel
2714 512 2768 565 iu
2825 511 3088 580 primmvo
3139 523 3206 562 ac
3263 508 3441 576 primo

1857 611 2012 678 quasi
2055 610 2344 673 ordinato;
2391 607 2606 678 prima:
2639 605 2787 658 enim
2823 602 2955 670 ipsa:
2989 601 3256 654 ordinata:
3289 607 3435 653 sunt.

1860 703 2124 758 Similiter
2158 703 2388 763 iterum,
2419 699 2587 754 etiam
2637 711 2833 751 munus
2868 691 3290 748 transfundcndi
3323 689 3442 745 illit-

1861 796 2180 852 strationem
2223 794 2276 848 in
2334 791 2660 852 inferiores,
2711 799 2765 843 et
2814 789 2868 843 in
2923 785 3170 842 homines
3217 784 3440 838 minime

1862 902 1984 940 cum
2040 884 2244 938 invidia
2273 882 2359 936 vel
2390 882 2572 950 aliqua
2610 880 2908 934 tenacitate
2940 877 3169 940 faciunt,
3199 877 3292 930 sed
3323 875 3443 930 sine

1862 977 2033 1031 livore
2060 989 2113 1031 et
2145 975 2599 1035 luculentissime,
2631 987 2694 1025 ac
2728 971 2774 1025 si
2807 984 3002 1024 onrnes
3029 977 3218 1023 essent
3254 967 3444 1036 primae‘

1863 1085 1984 1138 qua:
2033 1066 2456 1120 illustrationem
2488 1063 2779 1131 exvipiuut
2808 1077 2822 1112 :
2852 1059 3163 1114 istiusmodi
3213 1072 3444 1125 namque

1867 1161 1918 1212 in
1966 1171 2170 1225 egenos
2211 1165 2264 1208 et
2314 1156 2506 1224 dignos
2550 1151 2903 1213 distributio,
2955 1149 3139 1201 divina
3171 1147 3444 1214 quomlam

1867 1251 2151 1305 dicebatur
2182 1247 2456 1309 imitatio;
2487 1246 2563 1298 uti
2600 1244 2900 1297 etiammnn
2930 1239 3154 1301 dicitur,
3184 1237 3328 1307 quod
3357 1252 3446 1291 se-

1871 1342 2108 1397 cundum
2140 1341 2243 1393 hoc
2273 1340 2469 1392 amicis
2523 1336 2613 1390 Dei
2669 1333 2964 1386 virtutibus
3013 1329 3444 1384 communicent.

1870 1431 2339 1500 Quemadmodum
2373 1430 2519 1483 enim
2548 1444 2611 1482 ea
2646 1442 2766 1495 qum
2795 1425 2964 1478 Deum
3011 1423 3168 1475 decet
3208 1420 3450 1489 pulchri-

1876 1526 2008 1578 tudo
2073 1522 2451 1577 communicat
2515 1521 2810 1574 secundum
2872 1515 3192 1584 dignitatem
3266 1512 3448 1566 lumen

1871 1632 2072 1680 suum;
2101 1615 2174 1668 ita
2207 1613 2371 1668 etiam
2411 1613 2493 1665 hac
2541 1611 2659 1665 sine
2691 1610 2890 1664 invidia
2925 1609 3356 1679 planissimeque
3393 1605 3448 1657 in

1872 1724 1965 1763 eos
2006 1707 2096 1777 qui
2145 1716 2427 1760 merentur
2467 1704 2803 1756 distribuunt
2851 1700 3297 1754 illustrationcm.
3349 1696 3452 1748 Dc-

1798 1779 1841 1833 B
1873 1816 2020 1854 mum
2045 1798 2198 1861 dicit,
2230 1796 2506 1865 quomodo
2539 1793 2738 1847 divina:
2778 1792 3011 1845 virtutes
3049 1789 3307 1860 perfecta:
3351 1803 3453 1841 uo-

1874 1891 2320 1948 tniueutur.Cutn
2344 1888 2529 1956 itaque
2563 1900 2660 1938 nos
2681 1883 3038 1952 periiciamur
3068 1898 3163 1952 per
3193 1880 3452 1949 peritiam

1873 1985 2202 2047 resolvendi,
2227 1980 2554 2053 explanandi
2587 1980 2795 2034 scilicet
2822 1986 2877 2030 et
2907 1974 3242 2044 explicandi,
3273 1982 3328 2026 et
3351 1971 3442 2025 ad-

1874 2079 2106 2133 ducendi
2153 2092 2371 2132 sacram
2423 2077 2786 2134 varietatem,
2834 2070 3261 2156 symbolicorum
3295 2069 3454 2120 vide-

1874 2171 2002 2226 licet
2031 2170 2468 2240 spectaculorum
2492 2208 2508 2232 ,
2540 2166 2929 2227 institutionis,
2979 2162 3178 2216 dit-inm
3227 2161 3458 2216 virtutes

1878 2279 2220 2332 nequatptam
2248 2264 2351 2316 hoc
2375 2263 2535 2315 modo
2561 2261 2873 2320 initiantur,
2897 2258 2989 2311 sed
3014 2256 3166 2324 quasi
3196 2273 3223 2308 a
3256 2259 3455 2322 prima,

1876 2365 1931 2411 et
1956 2370 2302 2426 nequaquam
2333 2355 2528 2407 mediis
2551 2352 2746 2420 signis,
2779 2348 3227 2419 supereminente
3260 2346 3461 2400 deitate

1878 2448 2195 2516 replentur,
2269 2447 2573 2500 secundum
2624 2443 2769 2498 illam
2850 2457 3117 2494 summam
3175 2437 3460 2492 scientiam

1878 2555 2100 2610 operum
2139 2539 2229 2592 Dei
2261 2579 2276 2603 ,
2316 2553 2478 2605 quem
2520 2546 2576 2590 et
2605 2535 2784 2589 omnis
2818 2533 3134 2588 hierarchia
3167 2538 3464 2600 praecepto-

1880 2649 1998 2686 rem
2025 2632 2268 2686 scientia:
2297 2639 2459 2700 atque
2488 2629 2826 2697 operationis
2858 2627 3042 2679 habet.
3065 2623 3268 2690 Quales
3296 2636 3463 2689 porro

1881 2733 2010 2777 sunt
2040 2723 2236 2776 divinae
2280 2719 2525 2773 scientia:
2556 2728 2609 2771 et
2635 2714 3020 2786 operationes?
3053 2713 3300 2781 expiare,
3338 2710 3464 2764 illn-

1881 2817 2118 2876 minarc,
2156 2813 2420 2882 perficere
2442 2851 2457 2876 ,
2488 2810 2947 2880 quemadmodum
2979 2807 3033 2860 in
3061 2805 3270 2874 angelis
3301 2803 3465 2865 dixit,

1882 2908 2141 2978 quoniam
2174 2905 2341 2959 etiam
2380 2907 2433 2958 in
2474 2902 2786 2956 hominibus
2817 2902 2919 2955 ista
2977 2901 3145 2963 liunt;
3187 2910 3372 2949 verum
3412 2894 3465 2947 in

1886 3000 1972 3054 his
2007 3014 2103 3068 per
2136 2997 2301 3050 aliam
2334 2996 2679 3064 disciplinam
2727 2993 2966 3047 traditur
3023 2987 3354 3042 illtnniuatio
3385 2999 3466 3038 at—

170 3106 248 3168 ὡς
270 3106 327 3157 δὲ
356 3103 520 3169 τάξιν
548 3099 890 3171 ὑψηλοτάτην
917 3096 1054 3168 πρὸς
1081 3095 1180 3166 τὴν
1213 3094 1408 3166 νοητὴν
1443 3091 1775 3165 εὐπρέπειαν

1891 3108 1997 3163 que
2025 3091 2312 3162 perfectio.
2368 3089 2460 3144 [Le
2515 3105 2644 3143 vero
2673 3089 2905 3142 virtutes
2941 3097 3211 3153 suprema:
3259 3096 3366 3134 non
3402 3080 3470 3132 ab

173 3201 269 3250 καὶ
295 3195 539 3266 Θεωρίαν
569 3193 956 3264 προσάγονται.
995 3187 1192 3252 Καθὼς
1218 3188 1275 3240 δέ
1307 3189 1424 3240 ἐστι
1466 3185 1684 3257 θεμιτόν
1717 3203 1778 3239 τε

175 3293 275 3345 καὶ
317 3291 589 3354 δυνατὸν,
632 3288 726 3341 καλ⁸
763 3286 892 3348 τοὺς
935 3282 1398 3354 ἐπιστημονικοὺς
1443 3281 1636 3350 λόγους
1670 3279 1780 3333 τῶν

210 3381 508 3454 εουργιῶν,
535 3381 610 3443 ὠς
629 3378 844 3450 πρῶται
868 3377 960 3430 καὶ
976 3375 1103 3447 περὶ
1118 3373 1250 3427 Θεὸν
1263 3369 1437 3436 οὖσαι,
1460 3375 1592 3445 παρ’
1610 3373 1784 3442 αὐτῆς

174 3478 278 3547 τῆς
315 3473 702 3544 τελεταρχίας,
719 3469 960 3541 δηλονότι
981 3466 1075 3520 τοῦ
1097 3465 1253 3529 Θεοῦ,
1277 3464 1782 3536 μυσταγωγοῦνται.

1883 3188 2005 3240 aliis
2034 3187 2358 3255 quibusdam
2408 3183 2619 3238 sanctis
2663 3181 2966 3251 Spiritibus,
3014 3177 3108 3231 sed
3135 3175 3204 3229 ab
3239 3175 3469 3242 ipsamet

1885 3278 2169 3334 divinitate
2196 3276 2368 3331 sacris
2392 3275 2700 3337 initiantur,
2725 3273 2850 3325 dtnn
2874 3271 2927 3324 in
2957 3270 3245 3338 ipsammct
3271 3267 3466 3320 imme-

1889 3372 2036 3426 diate
2069 3371 2124 3424 in
2173 3369 2377 3423 virtute
2421 3367 2724 3434 ordineque
2766 3379 2866 3419 suo
2910 3364 3316 3423 extenduntur;
3359 3372 3467 3410 non

1889 3465 2040 3520 enim
2088 3478 2153 3517 ex
2205 3462 2397 3518 ordine
2439 3460 2612 3515 solum
2665 3458 2866 3512 habent
2893 3457 3034 3525 quod
3067 3456 3133 3507 ad
3167 3453 3335 3506 Deum
3370 3463 3474 3501 exe

181 3570 509 3629 tendantur,
551 3579 739 3618 verum
774 3565 939 3617 etiam
989 3576 1056 3614 ex
1089 3560 1308 3614 virtute.
1353 3557 1468 3611 Hoc
1517 3560 1662 3612 enim
1693 3567 1777 3613 est
1802 3559 1945 3628 quod
1985 3557 2149 3610 etiam
2183 3554 2478 3625 Gregorius
2500 3553 2812 3622 Theologus
2863 3553 2978 3604 ait:
3027 3547 3223 3601 Nescio
3288 3552 3471 3597 utrum

181 3675 247 3714 ex
278 3659 579 3728 splendore
607 3656 839 3709 habeant
863 3653 1132 3717 ordinem,
1191 3666 1258 3704 an
1311 3665 1378 3703 ex
1431 3650 1625 3704 ordine
1668 3650 2052 3716 Splendorem;
2101 3647 2305 3703 etenim
2352 3648 2608 3700 virtutem
2661 3645 2865 3698 habent
2926 3635 3469 3711 supereminentetn,

181 3768 232 3810 et
261 3755 528 3809 ordinem
570 3748 1066 3806 eminentissimum
1107 3754 1162 3799 et
1195 3743 1670 3798 sublimissimum.
1711 3744 1780 3798 Et
1831 3745 2067 3810 idcirco,
2129 3751 2399 3812 quatenus
2445 3741 2664 3810 quidem
2725 3742 2979 3793 virtutem
3027 3735 3264 3796 habent,
3310 3733 3363 3785 in
3406 3747 3476 3787 eo

183 3849 329 3920 quod
380 3849 612 3904 omnino
666 3860 862 3915 purum
917 3851 973 3897 et
1003 3844 1384 3896 inconcussum
1439 3849 1521 3894 est
1558 3839 1929 3906 stabiliuntnr,
1990 3850 2045 3894 ct
2105 3853 2212 3892 non
2263 3844 2730 3906 conquassantnr;
2787 3835 2890 3887 hoc
2928 3830 3074 3884 enim
3109 3837 3202 3883 est.
3229 3821 3475 3895 ἀρρεπὲς

185 3958 279 3996 seu
339 3950 633 4003 constans,
699 3948 970 4006 quatenus
1029 3951 1159 3988 vero
1203 3935 1450 3988 ordinem
1510 3934 1712 3987 habent
1751 3932 2241 3997 sublimissimum,
2291 3931 2358 3983 ad
2399 3926 2772 3982 intellectilem
2819 3925 3072 3980 decorem
3113 3935 3179 3974 ac
3226 3927 3476 3972 contem-

187 4036 488 4104 plalimtem
532 4033 898 4085 adducuntur.
947 4029 1220 4097 Quantum
1273 4029 1386 4098 66
1445 4037 1628 4082 autem
1663 4027 1746 4081 fas
1779 4038 1832 4082 et
1874 4027 2134 4097 possibile
2170 4036 2256 4082 est
2286 4022 2629 4080 scicntiﬁeas
2665 4021 2830 4073 etiam
2889 4016 3199 4072 divinorum
3249 4026 3476 4082 operum

190 4131 466 4190 rationes,
496 4137 758 4195 tanquam
810 4125 1000 4194 prima:
1024 4133 1080 4177 et
1109 4137 1230 4192 qua:
1280 4121 1437 4189 juxta
1497 4121 1673 4176 Deum
1703 4131 1853 4186 sunt,
1893 4123 1962 4178 ab
2012 4123 2250 4193 ipsemet
2299 4116 2550 4174 initiandi
2598 4112 2904 4184 principio,
2956 4110 3009 4165 id
3041 4119 3125 4166 est
3157 4108 3476 4182 Deo,‘eru—

190 4223 386 4275 diuutu
399 4236 446 4275 r.

266 4379 296 4451 §
349 4378 448 4448 ΙΙΙ,
498 4375 670 4428 Τοῦτο
724 4373 944 4446 δηλοῦσι
997 4374 1090 4426 καὶ
1145 4374 1195 4426 οἰ
1253 4373 1529 4443 προφῆται
1585 4371 1770 4440 σαφῶς

1975 4363 2120 4438 ςιιι.
2165 4362 2279 4417 lloc
2304 4361 2469 4416 etiam
2516 4357 2797 4429 propheta:
2838 4356 3125 4426 perspicue
3174 4357 3478 4417 declarant.

192 4468 390 4530 Τοῦτο,
419 4469 608 4530 ποῖον;
638 4466 718 4518 ὅτι
742 4466 798 4517 αἱ
842 4465 942 4536 μὲν
969 4463 1183 4533 πρῶται
1221 4463 1403 4528 τάξεις
1433 4465 1497 4516 ἐκ
1534 4462 1628 4516 τοῦ
1655 4462 1789 4515 Θεοῦ

192 4561 420 4632 ἀμέσως
445 4557 835 4627 ὲλλάμπονται,
867 4556 999 4608 αἰδὲ
1020 4555 1306 4626 ὑφειμέναι
1323 4555 1410 4608 διὰ
1434 4554 1543 4608 τῶν
1565 4555 1794 4626 ὑπερϐε-

194 4649 467 4722 σηκυιῶν.
516 4646 844 4711 Ἀποδείξεις
886 4645 1065 4698 τοίνυν
1107 4643 1218 4698 τῶν
1257 4645 1561 4716 εἰρημένων
1609 4643 1790 4714 τίθησι

193 4739 504 4811 γραφικὰς,
536 4739 619 4791 ὅτι
643 4736 788 4799 τινὲς
819 4735 914 4806 μὲν
940 4733 1049 4787 τῶν
1074 4732 1336 4803 θεολόγων
1368 4731 1664 4805 προφητῶν
1692 4732 1790 4795 τὰς

194 4829 613 4900 ὑποϐεϐηκυίας
636 4829 916 4896 εἰσάγουσι
949 4828 1256 4898 μυουμένας
1286 4826 1436 4898 παρὰ
1456 4826 1564 4878 τῶν
1592 4825 1790 4896 προτὲη

194 4937 333 4990 ρων,
366 4917 462 4968 τὸν
485 4913 972 4987 ἀνθρωποπρεπῶς
1011 4913 1092 4977 εἰς
1125 4915 1386 4986 οὐρανοὺς
1427 4913 1795 4986 ἀναλαμϐάνοι

196 5027 389 5082 μενον,
419 5008 692 5076 λεγουσῶν
720 5008 778 5060 ὲν
816 5007 894 5078 τῷ
923 5006 1262 5078 ἐρωτᾶσθαι·
1296 5007 1391 5072 Τίς
1414 5006 1584 5059 ἐστιν
1616 5005 1794 5072 οὗτος

194 5106 231 5156 ὁ
260 5100 571 5166 βασιλεὺς
614 5099 727 5168 τῆς
753 5098 971 5167 δόξης;
1009 5089 1190 5163 καθὼς
1223 5101 1281 5152 ὲν
1312 5097 1392 5169 τῷ
1429 5097 1658 5168 εἰκοστῷ
1685 5099 1796 5168 τρί-

192 5191 276 5261 τῷ
313 5189 525 5261 ψαλμῷ
560 5191 590 5242 ὁ
630 5190 796 5243 Δαυ¹ιδ
823 5182 988 5257 λέγει,
1044 5191 1262 5258 Κύριος
1299 5189 1419 5242 τῶν
1449 5187 1793 5258 δυνάμεων,

195 5277 390 5349 αὑτός
427 5281 602 5335 ἐστιν
628 5285 660 5335 ό
689 5280 990 5347 βασιλεὺς
1020 5279 1130 5349 τῆς
1157 5280 1360 5348 δόξης·
1397 5279 1543 5332 ἄλλοι
1585 5281 1795 5353 δραμα-

195 5372 532 5445 τουργοῦσιν
556 5373 728 5435 αὐτὰς
744 5373 880 5445 πρὸς
903 5372 1066 5426 αὐτὸν
1081 5371 1336 5444 διαπορού
1345 5389 1444 5435 σας
1465 5372 1554 5425 τὸν
1568 5373 1796 5445 Κύριον,

200 5466 294 5517 καὶ
322 5463 660 5534 γλιχομένας
693 5461 882 5531 μαθεῖν
908 5463 970 5515 τὺ
999 5463 1098 5532 τῆς
1128 5463 1266 5531 ὑπὲρ
1295 5459 1452 5532 ἡμῶν
1487 5462 1797 5534 οἰκονομίας

202 5557 533 5627 μυστήριον,
554 5553 620 5607 τὸ
642 5553 802 5624 ἔργον
815 5553 875 5606 τὸ
893 5553 1168 5626 προσῆκον
1184 5550 1324 5625 Θεῷ·
1341 5550 1500 5605 τοῦτο
1520 5551 1629 5628 γάρ
1645 5554 1793 5611 ἐστιν

278 5752 302 5795 ί
333 5751 482 5809 Psal.
535 5765 698 5820 unt,
748 5750 838 5809 10.

1901 4459 2069 4527 Quale
2097 4456 2236 4512 hoc?
2281 4454 2425 4524 quod
2464 4453 2720 4506 nituirtnn
2772 4450 2932 4518 primi
2986 4451 3206 4504 ordines
3250 4467 3317 4504 ex
3367 4451 3479 4506 Deo

1902 4551 2216 4606 immediate
2253 4547 2663 4606 eollustrentur,
2699 4542 2988 4596 inferiores
3021 4556 3152 4595 vero
3184 4557 3282 4611 per
3320 4558 3481 4612 supe-

1901 4647 2099 4698 riores.
2153 4637 2598 4706 Scriptnristieas
2651 4636 2837 4703 itaque
2874 4635 3149 4688 dictorum
3192 4635 3349 4690 alfert
3381 4638 3480 4690 de-

1903 4735 2367 4797 monstrationes;
2416 4731 2562 4799 quod
2616 4728 2782 4796 aliqui
2834 4728 3054 4796 quidem
3105 4728 3479 4799 theologorum

1903 4826 2291 4895 praphetarum
2347 4821 2638 4876 inferiores
2703 4819 3058 4872 introducam
3116 4832 3144 4869 a
3203 4819 3480 4887 prioribus

1902 4918 2144 4980 eductas,
2179 4929 2303 4968 eum
2331 4916 2421 4985 qui
2459 4915 2698 4968 lmmana
2731 4912 2918 4981 specie
2943 4913 3009 4965 ad
3043 4911 3213 4966 eoalos
3241 4927 3483 4967 assume-

1903 5009 2088 5073 batur,
2119 5005 2434 5061 dicentibus
2477 5020 2602 5059 cum
2632 5004 3041 5073 interrogarent
3069 5018 3082 5054 :
3121 5001 3254 5067 Qui:
3279 5015 3352 5056 est
3382 5005 3482 5057 iste

1904 5115 1996 5154 rea:
2075 5099 2258 5168 gloria:
2288 5095 2308 5134 τ
2334 5096 2361 5149 ‘I
2389 5097 2531 5150 sicut
2565 5096 2616 5148 in
2653 5095 2912 5148 vicesimo
2947 5094 3107 5148 tertio
3139 5093 3344 5162 psalmo
3378 5093 3480 5146 Dav

1904 5191 1991 5243 vid
2022 5191 2135 5244 ait:
2169 5189 2423 5242 Dominus
2447 5189 2696 5242 virtutum
2731 5189 2838 5255 ipse
2881 5195 2956 5240 est
3005 5203 3100 5240 rex
3134 5187 3348 5256 gloria';
3387 5188 3478 5241 alii

1904 5298 2167 5352 personas
2195 5297 2382 5336 earum
2428 5282 2694 5337 inducunt
2755 5282 2901 5335 circa
2967 5281 3140 5349 ipsum
3187 5280 3474 5333 Dominum

1901 5376 2234 5438 dubitantes,
2262 5390 2325 5428 ac
2345 5374 2558 5429 discere
2588 5373 2875 5442 cupientes
2904 5373 3221 5443 mysterium
3258 5371 3479 5437 dispen-

1899 5466 2129 5520 sationis
2161 5476 2384 5532 nostrar,
2417 5467 2558 5535 quod
2589 5481 2724 5534 opus
2753 5463 2862 5520 Deo
2889 5465 3183 5532 competit;
3215 5461 3475 5531 quoniant

1901 5567 2090 5614 nostra
2143 5559 2506 5631 dispensatio,
2560 5557 2657 5612 Dei
2709 5557 2960 5627 operatio
3010 5566 3286 5610 estzvcre
3330 5553 3475 5608 enim
