3908 6232
449 303 553 361 227

446 515 929 584 dispensationem.
966 518 1104 574 liinc
1146 517 1314 574 isaias
1376 522 1492 574 ait:
1531 521 1666 587 Quis
1695 534 1770 578 est
1803 525 1899 579 iste
1935 527 2027 596 qui

444 607 585 658 venit
625 623 689 660 ea:
715 605 883 663 Edam
911 612 936 650 ⁸
965 611 988 664 ?
1023 621 1110 666 et:
1145 610 1324 678 Quare
1363 613 1524 667 rubra
1562 625 1683 668 sunt
1723 618 2028 672 uestimenta

443 708 534 750 tua
563 698 591 738 ιι
617 698 640 751 ?
673 700 802 755 illud
833 702 900 755 ad
930 704 1274 773 semetipsas,
1305 705 1407 760 hoc
1435 706 1501 759 ad
1525 707 1802 761 Christum
1837 708 2028 764 Salva-

444 799 619 845 torem
650 792 886 861 dixisse;
917 795 1115 862 quibus
1153 795 1408 853 Salvator
1455 799 1572 867 ipse
1608 814 1705 868 per
1749 816 1808 856 se
1851 803 2022 870 prima

445 881 757 953 largitione,
786 895 843 940 et
881 901 986 941 non
1022 903 1120 956 per
1150 888 1342 955 alium,
1374 889 1687 945 manifestat
1728 907 1880 946 suam
1926 896 2026 947 Ιιιι-

445 990 664 1032 manam
719 979 1158 1037 beneﬁcentiam.
1189 981 1302 1052 Ego
1349 983 1523 1046 enim.
1556 984 1765 1054 inquit.
1813 987 1906 1056 qui
1947 987 2026 1040 Io-

443 1083 576 1137 quor
615 1067 885 1138 justitiam
911 1112 926 1138 ,
967 1083 1016 1126 et
1043 1073 1313 1140 judicium
1354 1076 1610 1129 salutaris
1642 1077 1686 1131 ί.
1726 1075 2019 1146 Hactenus,

449 1169 673 1215 sanctus
703 1177 825 1217 cum
855 1164 944 1220 hic
977 1165 1286 1220 introducat
1308 1164 1554 1221 Virtutes
1585 1167 2017 1240 interrogantes,

445 1263 550 1302 non
603 1251 817 1322 aliquos
851 1254 988 1309 alios
1017 1255 1240 1311 ordines
1273 1256 1586 1322 inferiores,
1633 1261 1725 1314 sed
1759 1260 2022 1331 ipsosmet

442 1356 728 1412 supremos
755 1359 820 1399 ac
850 1347 1058 1416 primos
1107 1348 1200 1418 qui
1250 1349 1416 1402 etiam
1458 1349 1774 1407 immediate
1807 1352 2019 1410 divinas

443 1433 763 1502 disciplinas
786 1437 1088 1508 excipiunt.
1114 1439 1306 1504 Miror,
1339 1441 1538 1512 inquit,
1557 1446 1828 1512 quomodo
1852 1446 2016 1500 etiam

443 1527 572 1593 ipsae
643 1529 833 1598 primas
879 1530 1184 1586 caelestium
1237 1534 1643 1601 essentiarum,
1693 1547 2018 1606 tantumque

438 1619 652 1674 caeteris
686 1632 1028 1690 prmsIantcs,
1063 1625 1370 1680 divinarum
1405 1627 1834 1681 iilustrationnm
1866 1629 2014 1683 desi-

405 1781 409 1787 Ι
438 1707 592 1763 derio
623 1709 692 1764 ita
723 1723 1039 1768 reverenter
1069 1715 1392 1781 aliiciantur,
1427 1727 1483 1771 ut
1507 1719 1724 1773 discant
1753 1718 1917 1772 etiam
1944 1720 2012 1774 ab

1633 311 1691 369 S.
1731 309 1935 369 DiONY
1945 313 2031 370 Sil
2068 315 2537 376 ΔΒΕΟΡΑΟΙΤᾹΞ

451 423 542 475 1ιοί
577 435 742 490 opera
765 432 923 479 erant
953 437 1294 494 quaecunque
1322 425 1389 480 ad
1414 437 1661 482 nostram
1693 435 2004 499 spcclahan‘

2126 434 2160 505 ἡ
2199 433 2481 506 θεουργία,
2529 437 2572 525 ἡν
2605 436 2744 509 ὑπὲρ
2787 439 2947 510 ἡμῶν
2988 443 3466 520 οἰκονομία-’Θεοῦ
3507 451 3618 525 γάρ
3653 454 3731 520 ὡς
3820 495 3822 498 -

3607 336 3720 394 228

2129 526 2349 597 ἀληθῶς
2380 528 2518 598 ἔργα
2559 524 2627 601 ἦν
2653 530 2723 583 τά
2759 533 2900 586 κατά
2930 533 3031 605 τὴν
3071 537 3383 610 οἰκονομίαν
3426 524 3627 598 πάντα.
3672 546 3730 598 ὐ

2141 615 2372 680 Ἡσαΐας
2402 617 2585 671 τοίνυν
2617 621 2771 690 φησί·
2807 623 2901 687 Τίς
2934 623 3110 691 οὗτος
3160 629 3193 680 ὀ
3243 636 3732 704 παραγενόμενος

2125 707 2197 773 ἐξ
2231 709 2454 780 Ἐδώμ;
2503 714 2616 777 καὶ,
2654 716 2786 769 Ἵνα
2830 718 2888 770 τί
2936 734 3052 772 σου
3095 719 3312 789 ἐρυθρὰ
3361 725 3433 779 τὰ
3483 727 3727 795 uidua;

2126 798 2305 854 ἐκεῖνο
2335 803 2472 874 πρὸς
2494 804 2715 870 ἐαυτάς,
2738 806 2896 861 τοῦτο
2927 809 3063 881 πρὸς
3076 811 3167 865 τὸν
3197 813 3428 886 Σωτῆρα
3457 818 3724 889 Χριστόν.

2126 891 2274 964 Πρὸς
2300 893 2368 959 ἀς
2401 897 2430 948 δ
2460 897 2649 970 Σωτὴρ
2680 901 3032 971 πρωτοδότως
3057 906 3151 957 καὶ
3179 908 3342 972 αὑτὸς
3365 911 3459 980 ἀφ’
3497 912 3722 979 ἑαυτοῦ,

2125 986 2219 1039 καὶ
2248 987 2310 1040 οὑ
2353 989 2422 1041 δι’
2468 988 2662 1054 ἄλλου,
2707 993 2956 1062 ἐκφαίνει
2986 994 3085 1066 τὴν
3126 999 3290 1052 αὑτοῦ
3337 1003 3727 1076 φιλάνθρωπον

2127 1078 2516 1152 ἀγαθουργίαν.
2564 1083 2708 1152 Ἐγὼ
2724 1085 2855 1154 γὰρ,
2875 1104 2946 1158 φη
2956 1087 3028 1149 σὶ,
3049 1087 3395 1160 διαλέγομαι
3411 1093 3724 1152 δικαιοσύ-

2123 1182 2261 1236 νην,
2297 1171 2391 1222 καὶ
2425 1172 2626 1238 κρίσιν
2659 1175 2980 1242 σωτηρίου.
3011 1177 3161 1240 Τέως
3182 1178 3258 1243 δὲ,
3284 1181 3406 1233 ἐπεὶ
3435 1182 3721 1254 ἐκλαμϐά-

2121 1278 2201 1314 νει
2229 1261 2328 1326 τάς
2352 1263 2640 1335 ἐρωτώσας
2675 1265 2936 1337 δυνάμεις
2963 1269 2991 1321 ό
3028 1269 3203 1338 ἅγιος,
3236 1272 3335 1325 οὑκ
3365 1273 3530 1339 ἄλλας
3561 1277 3723 1343 τινὰς

2121 1354 2525 1426 ὑποϐεϐηκυίας
2561 1357 2763 1423 τάξεις,
2795 1359 2910 1412 ἀλλ’
2949 1361 3118 1425 αὑτὰς
3153 1363 3252 1427 τὰς
3282 1365 3590 1438 ὑπερτάτας
3618 1371 3722 1426 καὶ

2121 1445 2362 1519 πρώτας,
2396 1449 2451 1500 αἳ
2487 1447 2550 1519 δὴ
2587 1450 2682 1502 καὶ
2715 1449 2938 1520 ἀμέσως
2979 1450 3049 1505 τά
3088 1453 3191 1524 τῆς
3223 1453 3372 1519 Θείας
3413 1458 3722 1530 μαθητείας

2117 1537 2381 1607 δέχονται·
2425 1538 2720 1610 Θαυμάζω,
2756 1540 2923 1610 λέγει,
2953 1541 3072 1606 πῶς
3109 1545 3204 1597 καὶ
3231 1546 3288 1598 αί
3327 1546 3435 1600 τῶν
3483 1549 3723 1621 ἐπουρα-

2117 1637 2244 1690 νίων
2288 1639 2486 1693 οὐσιῶν
2528 1641 2764 1712 πρῶται,
2804 1643 2899 1696 καὶ
2946 1644 3079 1699 πολὺ
3111 1643 3267 1699 τόσον
3309 1648 3720 1721 ὑπερκείμεναι

2115 1728 2214 1793 τάς
2255 1730 2422 1795 ἄλλας
2461 1733 2659 1796 πάσας,
2702 1734 2948 1798 εὐλαϐῶς
2987 1736 3082 1790 καὶ
3120 1733 3280 1791 αὗται
3321 1739 3563 1807 ἐφίενται
3602 1741 3718 1794 τῶν

438 1798 668 1854 invicem
702 1818 765 1857 ac
796 1806 839 1858 si
875 1807 1037 1861 medii
1075 1808 1289 1862 ordinis
1325 1817 1545 1874 essent,
1589 1825 1711 1879 quae
1756 1826 1784 1865 a
1840 1811 2004 1866 subli-

2121 1819 2428 1891 Θεαρχικῶν
2471 1823 2810 1895 ἐλλάμψεων,
2849 1797 2990 1879 ὥστε
3039 1827 3227 1898 μαθεῖν
3266 1797 3394 1902 παρ’
3442 1831 3715 1903 ἀλλήλων,

438 1893 703 1950 tnioribus
732 1895 1154 1952 illustrationem
1201 1899 1455 1970 accipere
1483 1902 1767 1959 deberent.
1803 1901 2013 1956 Etenim

435 1987 648 2053 mediae,
677 1998 737 2042 ut
771 1991 1117 2056 dicebamus,
1164 1995 1682 2064 contemplationem
1711 1997 1929 2066 quidem
1961 2008 2016 2053 et

437 2077 568 2147 ipsa:
596 2080 996 2136 indeiicieutem
1023 2086 1091 2138 ad
1120 2084 1286 2138 Deum
1316 2086 1541 2152 habent,
1563 2088 2013 2157 propensionem-

434 2183 585 2238 que:
619 2173 761 2241 quod
813 2183 994 2228 autem
1044 2177 1482 2246 contemplantes
1515 2180 1800 2245 dubitant,
1852 2181 1954 2235 hoc.
1982 2195 2012 2234 a

434 2261 852 2320 sublimioribus
877 2265 1196 2333 addiscunt,
1225 2270 1394 2324 veluti
1426 2271 1469 2325 si
1497 2273 1621 2341 quis
1651 2281 1765 2327 toto
1795 2275 2010 2343 quidem

435 2356 618 2410 cordis
647 2355 843 2412 ali'ectu
876 2359 1089 2415 feratur
1121 2363 1174 2416 in
1213 2363 1435 2435 Regem,
1465 2367 1534 2422 de
1562 2383 1625 2422 eo
1648 2381 1829 2423 autem
1863 2372 2008 2440 quod

432 2448 627 2503 videns
673 2450 958 2506 dubitabat
990 2453 1318 2509 solutionem
1372 2459 1611 2527 accipiat
1655 2475 1685 2514 a
1733 2461 2008 2530 praefecto.

431 2537 578 2592 Idem
607 2540 832 2595 omnino
861 2543 1028 2597 etiam
1061 2545 1149 2600 hic
1175 2557 1420 2617 apparet,
1465 2564 1530 2604 ac
1572 2551 1616 2605 si
1651 2549 1891 2608 Virtutes
1920 2569 2011 2608 es-

430 2640 552 2686 sent
600 2633 761 2687 medii
792 2637 1006 2692 ordinis
1032 2680 1048 2705 ,
1083 2649 1138 2694 et
1169 2643 1418 2697 viderent
1461 2645 1680 2714 quidem
1711 2649 2010 2702 ascenden-

430 2735 572 2790 tem,
628 2726 946 2784 dubitantes
1002 2741 1188 2786 autem
1247 2735 1574 2790 solutionem
1640 2749 1893 2807 peterent
1942 2739 2010 2794 ab

428 2815 570 2879 aliis,
600 2819 896 2875 secundum
923 2823 1172 2878 ordinem
1212 2841 1372 2896 quem
1405 2829 1608 2884 divinae
1641 2831 1881 2887 Virtutes
1912 2833 2010 2887 ita-

427 2909 589 2976 beut;
630 2925 808 2982 neque
832 2916 980 2970 enim
1011 2917 1186 2985 illico,
1221 2921 1420 2989 inquit,
1452 2921 1739 2978 Dominum
1775 2927 2009 2979 interro-

427 3007 596 3065 gant:
624 3002 804 3066 Quare
849 3007 1008 3060 rubra
1052 3020 1174 3061 sunt
1221 3021 1529 3065 uestimenta
1579 3014 1712 3066 tua?
1742 3014 1835 3068 sed
1859 3015 2008 3083 prius

432 3107 618 3147 secum
649 3095 904 3151 litesitant
940 3101 1213 3165 altonitze,
1234 3102 1476 3158 dicentes
1501 3124 1513 3159 :
1544 3106 1675 3172 Quis
1695 3117 1770 3162 est
1797 3110 1894 3162 iste
1917 3109 2006 3171 qui
2034 3137 2076 3194 ο

421 3183 534 3255 67
547 3189 777 3245 ascendit
787 3189 851 3243 de
866 3187 1066 3245 Edam?
1079 3194 1157 3246 Ad
1167 3193 1369 3248 mirans
1387 3198 1601 3252 tandem
1623 3198 1853 3255 Sanctus
1869 3201 2003 3270 ipse,

427 3276 649 3330 dubium
670 3279 850 3344 solvit,
885 3281 1056 3345 aiens,
1077 3283 1341 3337 declarari
1383 3289 1601 3355 quidem
1627 3289 1742 3344 illas
1761 3293 2002 3348 discendi

425 3372 632 3437 avidas,
669 3382 726 3428 et
777 3375 1092 3431 desiderare
1131 3378 1272 3433 scire
1321 3379 1561 3434 divinam
1597 3383 2000 3450 operationem,

424 3463 671 3528 modum,
694 3465 938 3534 inquam,
958 3468 1281 3524 ineﬂabilem
1302 3472 1740 3540 dispensationis,
1763 3485 2002 3532 attamen

422 3554 665 3609 divinam
725 3558 946 3614 indultae
992 3562 1095 3615 sibi
1154 3562 1544 3620 iilustrationis
1591 3569 2000 3636 processionem

423 3648 648 3703 minime
679 3653 1008 3719 praevenire,
1049 3657 1194 3726 quod
1227 3657 1511 3724 nimirum,
1547 3659 1678 3715 licet
1709 3662 1851 3718 forte
1887 3664 2002 3734 pri-

421 3757 543 3796 mus
575 3742 664 3796 ille
699 3743 971 3801 Virtutum
1004 3749 1181 3804 ternio
1217 3751 1519 3817 haesitaret,
1557 3769 1664 3808 non
1713 3765 1895 3812 tamen
1935 3761 2000 3813 il-

421 3831 527 3889 iico
581 3835 856 3893 dubitaret
893 3840 1040 3896 circa
1091 3843 1408 3910 Dominum,
1459 3848 1715 3913 quoniam
1756 3849 1996 3907 futurum

421 3933 566 3988 erat,
595 3935 653 3978 ut
686 3925 1069 3986 iilustrationis
1092 3949 1379 4004 processus
1409 3939 1708 3993 secundum
1740 3942 1993 3997 ordinem

419 4011 730 4084 obtingeret
784 4022 1058 4086 supremis
1105 4021 1210 4076 illis
1266 4026 1442 4079 tribus
1490 4029 1808 4082 ordinibus.
1853 4031 2001 4095 Quid

420 4107 586 4174 igitur
635 4109 856 4174 mirum,
893 4112 935 4165 si
987 4113 1275 4168 cherubim
1324 4121 1672 4176 accesserint
1717 4123 1789 4176 ad
1834 4138 1996 4178 sera-

419 4198 590 4266 pbim,
625 4200 706 4253 vel
757 4201 809 4256 hi
857 4203 924 4256 ad
960 4205 1225 4270 titroos;
1271 4222 1394 4262 cum
1444 4208 1687 4265 futurum
1719 4225 1888 4283 esset,
1939 4226 1996 4271 ut

419 4290 504 4344 bis
537 4293 715 4361 prima
744 4293 1039 4349 illustratio
1077 4297 1411 4367 obtingerct,
1446 4313 1611 4373 atque
1646 4305 1720 4359 ita
1760 4321 1856 4376 per
1901 4324 1995 4364 eos

418 4383 764 4439 citerubinis.
836 4385 1034 4457 L’tquid
1066 4389 1234 4459 igitur
1262 4395 1650 4460 praevenirent,
1680 4409 1735 4450 et
1771 4409 1876 4452 non
1909 4415 1990 4453 se-

2119 1911 2306 1985 ὥσπερ
2334 1915 2399 1968 ἂν
2428 1911 2568 1987 ἦσαν
2603 1921 2946 1987 μεσοταγεῖς,
2973 1920 3138 1992 αἵπερ
3169 1920 3391 1992 ἔμελλον
3421 1925 3574 1996 παρὰ
3594 1925 3713 1978 τῶν

2119 2006 2465 2079 ὑψηλοτέρων
2489 2008 2784 2080 λαμϐάνειν
2814 2011 2912 2083 τὴν
2932 2012 3212 2084 ἔλλαμψιν.
3244 2016 3354 2068 Καὶ
3384 2017 3493 2089 γὰρ
3516 2020 3574 2070 αἱ
3605 2019 3713 2089 μὲ-

2119 2115 2228 2163 σαι,
2260 2100 2336 2162 ὡς
2362 2101 2607 2171 εἴπομεν,
2635 2103 2734 2174 τὴν
2780 2104 2878 2173 μὲν
2923 2103 3155 2176 Θεωρίαν
3191 2108 3284 2160 καὶ
3309 2109 3470 2161 αὑταὶ
3509 2109 3712 2180 ἀκλινῆ

2117 2193 2254 2265 πρὸς
2277 2193 2367 2246 τὸν
2390 2193 2523 2246 Θεὸν
2544 2195 2746 2264 ἔχουσι,
2778 2198 2871 2249 καὶ
2900 2199 2999 2268 τὴν
3028 2199 3234 2266 ἔφεσιν,
3265 2201 3293 2253 ὖ
3316 2202 3372 2254 δὲ
3402 2201 3713 2274 Θεωροῦσαι

2116 2283 2403 2354 ἀποροῦσι,
2442 2283 2598 2337 τοῦτο
2626 2286 2776 2355 παρὰ
2803 2287 2911 2340 τῶν
2937 2289 3281 2362 ὑῂλοτέρων
3316 2293 3708 2363 μανθάνουσιν,

2115 2373 2303 2445 ὥσπερ
2332 2375 2397 2428 ἄν
2436 2393 2520 2439 τις
2558 2376 2741 2448 όλικὴν
2771 2379 2868 2449 μὲν
2894 2380 3006 2450 ἔχοι
3034 2383 3134 2452 τῆς
3168 2384 3395 2454 καρδίας
3422 2386 3520 2457 τὴν
3547 2387 3712 2442 τάσιν

2114 2464 2251 2536 πρὸς
2289 2465 2379 2518 τὸν
2415 2464 2658 2534 βασιλέα,
2692 2467 2777 2537 ἐφ’
2811 2461 2854 2536 ᾧ
2898 2469 2954 2522 δὲ
2994 2472 3225 2542 ἀποροίη
3265 2472 3556 2544 θεώμενος,
3601 2477 3710 2548 τὴν

2113 2553 2266 2606 λύσιν
2299 2553 2560 2625 λαμϐάνει
2605 2556 2756 2628 παρά
2797 2558 2891 2610 τοῦ
2929 2561 3305 2631 ὑπερέχοντος.
3357 2564 3526 2617 Τοῦτο
3569 2565 3708 2634 γοῦν

2113 2643 2388 2697 κάνταῦθα
2418 2643 2686 2714 φαίνεται,
2717 2647 2906 2720 ῶσπερ
2941 2649 3006 2702 ἂν
3058 2645 3196 2720 ἦσαν
3223 2653 3278 2704 αἱ
3313 2653 3573 2724 δυνάμεις
3606 2673 3710 2725 με-

2115 2735 2383 2801 σοταγεῖς,
2436 2737 2535 2788 καὶ
2571 2735 2797 2789 ἔϐλεπον
2842 2740 2939 2808 μὲν
2973 2739 3112 2810 πρὸς
3153 2740 3248 2794 τὸν
3297 2743 3704 2816 ἀνερχόμενον,

2112 2824 2416 2897 ἀποροῦσαι
2461 2827 2518 2880 δὲ
2554 2826 2852 2900 ἐπεζήτουν
2872 2829 2970 2901 τὴν
3000 2830 3150 2885 λύσιν
3174 2833 3325 2905 παρά
3354 2835 3460 2888 τῶν
3497 2836 3704 2904 ἄλλων,

2110 2916 2294 2980 καθὼς
2336 2918 2392 2970 αί
2443 2917 2583 2971 Θεῖαι
2632 2919 2891 2989 δυνάμεις
2933 2920 3112 2990 ἔχουσι
3155 2924 3378 2990 τάξεως.
3423 2926 3534 2979 Καὶ
3564 2927 3704 2997 γάρ,

2111 3007 2309 3077 φησιν,
2359 3009 2460 3060 οὑκ
2508 3009 2730 3062 αὑτόθεν
2777 3011 3020 3082 ἐρωτῶσι
3070 3014 3158 3066 τὸν
3211 3015 3435 3086 Κύριον·
3491 3017 3597 3071 Διά
3644 3020 3710 3074 τι

2111 3115 2227 3153 σου
2269 3100 2486 3167 ἐρυθρὰ
2549 3101 2621 3154 τὰ
2676 3101 2908 3170 ἱμάτια;
2967 3106 3104 3176 πρὸς
3153 3108 3350 3172 ὲαυτάς
3399 3110 3455 3164 δὲ
3508 3111 3705 3166 διαπο-

2118 3190 2274 3261 ροῦσι
2330 3191 2629 3263 πρότερον·
2673 3193 2766 3259 Τίς
2799 3193 2976 3261 οὗτος
3027 3200 3060 3250 ό
3106 3203 3590 3270 παραγενόμενος
3628 3203 3706 3269 ἐξ

2123 3281 2344 3351 Ἐδώμ;
2371 3283 2637 3353 λέγουσαι.
2667 3283 2966 3356 Θαυμάσας
2986 3288 3185 3353 τοίνυν,
3202 3290 3316 3344 λύει
3340 3293 3438 3364 τὴν
3462 3289 3705 3364 ἀτῗρίαν

2106 3375 2134 3426 ὁ
2168 3375 2538 3443 ἂγιος,λέγων,
2562 3377 2641 3428 ὅτι
2671 3377 3006 3431 ἐνδείκνυται
3036 3380 3134 3450 μὲν
3161 3383 3240 3435 ὅτι
3266 3383 3366 3454 τῆς
3399 3385 3703 3456 μαΘητείας

2105 3466 2378 3538 γλίχονται
2403 3507 2418 3531 ,
2465 3468 2559 3520 καὶ
2598 3467 2840 3537 ἐφίενται
2877 3470 3079 3538 γνῶναι
3115 3473 3213 3543 τὴν
3261 3473 3571 3548 θεουργίαν,
3599 3478 3702 3531 τὸν

2102 3559 2304 3631 τρόπον
2332 3559 2475 3627 λέγω
2500 3558 2600 3629 τῆς
2627 3560 2940 3631 οἰκονομίας
2971 3563 3064 3615 τὸν
3091 3565 3350 3638 ἄρρητον,
3386 3569 3446 3619 οὑ
3481 3585 3704 3639 προπη-

2102 3650 2234 3703 δῶσι
2267 3651 2323 3703 δέ
2355 3650 2455 3720 τῆς
2481 3650 2624 3703 κατά
2662 3650 2813 3705 Θείαν
2847 3655 3075 3724 πρόοδον
3111 3657 3450 3729 ἐνδιδομένης
3490 3659 3700 3732 ἐλλάμ-

2101 3742 2268 3812 ψεως,
2291 3743 2374 3794 ὅτι
2409 3742 2572 3812 τυχὸν
2614 3743 2661 3795 εί
2691 3745 2786 3796 καὶ¹
2823 3746 2855 3815 ἠ
2897 3745 3088 3819 πρώτη
3124 3749 3217 3801 καὶ
3249 3751 3528 3822 ὑπερτάτη
3582 3752 3700 3805 τῶν

2101 3833 2277 3887 ἄλλων
2319 3833 2478 3903 τριὰς
2509 3834 2557 3885 οἱ
2598 3834 2934 3906 ἀποροῦντες
2981 3834 3140 3908 ἦσαν,
3179 3842 3277 3894 οὑκ
3321 3843 3521 3908 εὐθέως
3551 3845 3698 3914 ὴπό-

2103 3940 2276 3995 ρησαν
2307 3923 2445 3993 πρὸς
2473 3925 2564 3976 τὸν
2593 3924 2820 3997 Κύριον,
2845 3927 2927 3979 ὃτι
2953 3927 3146 3999 ἔμελλε
3171 3933 3266 3984 καὶ
3296 3935 3333 4002 ἡ
3358 3934 3458 4004 τῆς
3487 3934 3698 4007 ἐλλάμ-

2098 4015 2247 4085 ψεως
2271 4015 2499 4087 πρόοδος
2559 4016 2702 4070 κατὰ
2732 4017 2886 4084 τάξιν
2922 4021 3178 4088 γενέσθαι
3211 4027 3324 4088 τοῖς
3363 4027 3698 4097 ὑπερτάτοις

2097 4111 2244 4183 τρισὶ
2265 4112 2530 4183 τάγμασι.
2557 4111 2620 4165 Τί
2643 4109 2736 4167 οὖν
2759 4113 2927 4181 ξένον,
2947 4117 2995 4168 εί
3025 4115 3094 4169 τὰ
3113 4119 3378 4191 χερουϐὶμ
3398 4122 3694 4196 διηπόρουν

2097 4201 2238 4273 πρὸς
2274 4201 2344 4254 τὰ
2384 4205 2646 4274 σεραφὶμ,
2680 4204 2915 4275 ἢταῦτα
2947 4207 3084 4278 πρὸς
3115 4209 3243 4272 τοὺς
3285 4209 3542 4282 θρόνους;
3585 4216 3694 4286 τῆς

2097 4303 2416 4374 ἐλλάμψεως
2458 4304 2761 4378 μελλούσης
2786 4307 3034 4375 γίνεσθαι
3075 4307 3298 4380 πρώτης
3329 4313 3410 4373 εἰς
3437 4313 3687 4379 τούτους,

2097 4395 2196 4450 εἷθ’
2247 4397 2390 4450 οὕτω
2439 4402 2530 4451 καὶ
2577 4399 2646 4453 δι’
2681 4400 2860 4452 αὑτῶν
2913 4402 2994 4464 είς
3035 4400 3104 4453 τὰ
3149 4404 3433 4476 χερουϐίμ.
3475 4408 3589 4461 Ἱνα
3631 4411 3691 4463 τί

416 4475 651 4530 cundum
684 4478 920 4532 divinam
965 4485 1380 4550 processionetn-
1430 4486 1850 4547 iilustratioltem
1894 4500 1991 4548 eat-'-

2109 4489 2224 4558 γοῦν
2257 4490 2689 4561 προπηδήσειαν,
2724 4493 2817 4544 καὶ
2851 4493 2925 4562 μὴ
2963 4492 3060 4563 τὴν
3100 4494 3239 4546 κατά
3273 4473 3421 4549 Θείαν
3456 4499 3686 4571 πρόοδον

420 4568 778 4634 spectarent?
827 4571 1079 4628 Abrolvit
1143 4576 1342 4631 deimie
1398 4593 1552 4633 suam
1608 4584 1989 4651 quitestionettt.

423 4651 553 4709 Erat
581 4665 762 4712 autem
791 4660 928 4723 lure,
954 4677 1114 4728 quam
1141 4675 1457 4732 putaremus
1480 4683 1601 4724 esse
1627 4673 1988 4730 itierarciiiam

413 4749 713 4816 primarum
769 4755 1156 4812 essentiurum.
1213 4759 1391 4814 i’rtma
1454 4763 1623 4831 igitur
1675 4767 1985 4825 caelestium

413 4828 906 4910 intellig’cntiarum
936 4847 1246 4903 itierarchia
1273 4864 1379 4906 non
1409 4855 1478 4908 ab
1503 4855 1610 4911 alia
1642 4858 1867 4928 virtute,
1893 4866 1986 4918 sed

413 4934 480 4987 ab
515 4937 751 5003 ipsomet
793 4937 1041 4993 initiaudi
1077 4944 1385 5014 principatu
1421 4953 1650 5020 mystica
1692 4953 1986 5026 divinaque

411 5025 779 5083 illustratione
828 5043 1150 5088 consecrata
1210 5041 1662 5112 gubernataque,
1714 5045 1816 5102 hoc
1871 5025 1985 5119 ipso"

411 5133 518 5188 quo
551 5121 618 5174 ad
648 5121 948 5190 primarum
978 5126 1204 5182 istarum
1240 5135 1504 5187 mentium
1536 5137 1839 5194 caelestium
1867 5141 1983 5196 bie-

411 5212 685 5267 rarchiam
710 5214 1030 5284 subrigitur,
1047 5219 1392 5278 sanctissima
1418 5227 1634 5296 quidem
1660 5235 1982 5302 purgatione

409 5307 610 5361 referta
664 5308 936 5377 expiatur,
985 5323 1039 5366 et
1085 5314 1348 5369 immenso
1401 5317 1729 5390 inﬁnitoque
1780 5323 1988 5381 lumine

410 5397 589 5454 den'uo
616 5401 844 5470 repleta,
882 5401 1211 5471 illustratur,
1243 5409 1758 5482 perfectissimaque
1789 5433 1984 5474 conse-

409 5499 658 5551 cratione
691 5495 885 5551 iterum
919 5497 1096 5566 plena,
1129 5500 1426 5555 secundum
1459 5500 1670 5560 ordinis
1708 5509 1984 5565 conditio-

409 5601 535 5643 nem
564 5589 864 5660 perﬁcitur.
902 5590 1051 5648 Hauc
1093 5593 1238 5648 enim
1272 5595 1636 5652 hierarchiam
1670 5614 1838 5670 supra
1887 5607 1988 5659 vo;

483 5745 513 5786 ⁸
556 5743 678 5800 isai.
723 5762 876 5816 unt,
921 5748 968 5804 i.
1045 5749 1072 5792 ιι
1105 5749 1264 5819 ibid.,
1311 5749 1366 5806 2.
1449 5755 1465 5795 ε
1525 5752 1684 5822 Ibid,
1725 5754 1778 5810 Ι.

2095 4581 2360 4653 ἐλλαμψιν
2397 4583 2784 4654 ἀναμείνειαν;
2819 4585 3187 4656 Συμπεραίνει
3220 4589 3468 4644 ἐντεῦθεν
3496 4593 3556 4644 τὸ
3587 4593 3688 4666 ζή-

2093 4681 2243 4745 τημα
2281 4673 2466 4727 αὑτοῦ.
2513 4669 2621 4726 Ἦν
2651 4674 2707 4728 δέ
2729 4666 2791 4728 τδ
2819 4673 3038 4747 ζήτημα
3077 4679 3263 4741 αὑτοῦ,
3295 4675 3415 4732 τίνα
3455 4683 3685 4755 οἰόμεθα

2092 4766 2193 4837 τὴν
2234 4765 2342 4818 τῶν
2378 4766 2608 4837 πρώτων
2657 4767 2854 4820 οὑσιῶν
2905 4769 3206 4841 ίεραρχίαν.
3253 4766 3461 4824 Οὑκοῦν
3500 4775 3683 4830 τοίνυν

2096 4859 2128 4929 ἡ
2162 4858 2352 4930 πρώτη
2385 4858 2495 4912 τῶν
2519 4859 2784 4931 οὐρανίων
2817 4861 2951 4914 νοῶν
2977 4850 3227 4934 ίεραρχία
3256 4863 3316 4915 οὑ
3351 4868 3480 4938 παρ’
3513 4867 3683 4939 ἄλλης

2093 4947 2394 5022 δυνάμεως,
2425 4952 2553 5023 παρ’
2584 4951 2755 5021 αὑτῆς
2794 4951 2850 5004 δὲ
2882 4952 2983 5022 τῆς
3013 4953 3383 5025 τελεταρχίας,
3432 4957 3535 5027 τῆς
3577 4978 3682 5029 μυ..

2094 5044 2286 5114 σιτικῆς
2308 5043 2404 5097 καὶ
2427 5044 2577 5107 Θείας
2601 5029 2919 5114 ἐλλάμψεως
2943 5045 3338 5120 ίεραρχουμένη
3363 5049 3455 5101 καὶ
3473 5050 3677 5102 οίκονο-

2095 5154 2196 5207 μου
2207 5137 2362 5209 μένη,
2382 5138 2439 5190 ὲν
2454 5137 2532 5207 τῷ
2550 5131 2638 5188 ἐπ’
2660 5135 2828 5207 αὑτὴν
2843 5135 2906 5207 δὴ
2922 5136 3017 5208 τὴν
3032 5139 3140 5193 τῶν
3161 5137 3391 5210 πρώτων
3410 5138 3672 5213 οὐρανίων

2093 5238 2227 5291 νόων
2264 5239 2546 5310 ίεραρχίαν
2585 5238 2980 5305 ἀνατείνεσθαι,
3011 5239 3112 5310 τῆς
3147 5242 3415 5310 παναγίας
3444 5241 3542 5313 μὲν
3571 5259 3670 5297 κα-

2094 5331 2338 5401 Θάρσεως
2361 5330 2710 5404 πληρουμένη
2741 5330 3082 5403 καθαίρεται,
3108 5331 3201 5384 τοῦ
3229 5333 3461 5386 ἀπλέτου
3491 5335 3548 5388 δὲ
3577 5337 3667 5393 καὶ

2091 5422 2317 5494 ἀπείρου
2354 5426 2530 5494 φωτὸς
2574 5427 2738 5480 πάλιν
2779 5427 3168 5498 πληρουμένη,
3215 5426 3527 5497 φωτίζεται,
3568 5428 3676 5498 τῆς

2091 5516 2402 5587 προτελείου
2448 5517 2852 5591 τελεσιουργίας
2901 5518 3060 5573 πάλιν
3114 5519 3496 5592 πληρουμένη,
3546 5522 3673 5573 κατ’

2089 5607 2380 5678 ἀναλογίαν
2422 5611 2521 5683 τῆς
2549 5610 2756 5678 τάξεως
2801 5611 3278 5682 τελεσιουργεῖται.
3312 5611 3525 5682 Ταύτην
3557 5611 3675 5684 γὰρ
