3908 6232
184 292 289 353 29.9

689 292 779 348 DE
812 292 1136 351 C(ELESTI
1176 292 1621 363 IllERAltClllA,
1653 295 1768 350 CA1

1872 294 1954 351 711.
1992 327 2061 336 --
2098 294 2446 363 PARAPHR.
2477 295 2949 357 PACHYMERAE.

3340 305 3447 361 250

180 410 275 480 τὴν
308 409 599 482 ἱεραρχίαν
628 408 994 481 προεθέμεθα,
1021 407 1309 481 κάθαρσιν,
1344 411 1642 482 φωτισμὸν,
1678 412 1768 463 καὶ

1877 411 2135 466 cabamus
2153 413 2544 481 expiationem,
2571 415 3050 485 illuminationem,
3077 429 3132 475 et
3152 424 3448 489 perii-ctio-

180 500 484 553 τελείωσιν.
522 502 678 553 Ἐστι
707 500 822 571 est;
856 501 1081 571 τοιαύτη
1116 504 1365 574 ίεραρχία
1396 504 1505 557 τῶν
1537 502 1768 576 πρώτων

179 592 453 663 οὐρανίων
479 591 637 656 νοῶν,
669 593 765 645 καὶ
793 594 975 665 πάσης
1002 593 1246 662 ὑφέσεως
1274 595 1366 647 καὶ
1394 595 1770 666 ὑποϐιδασμοῦ

181 686 389 757 ἀμιγὴς
423 687 495 756 (οἱ
521 686 629 759 γάρ
660 686 839 757 θρόνοι
862 686 1204 761 ὲξαίρονται)
1230 691 1323 742 καὶ
1352 689 1569 761 πρώτου
1594 690 1771 759 φωτὸς

183 778 422 849 πλήρης.
477 778 825 851 Ἐμπρησταὶ
865 780 974 853 γάρ
996 781 1064 834 τὰ
1106 783 1350 853 σεραφὶμ
1374 782 1643 851 λέγονται,
1678 784 1772 836 καὶ

180 872 527 943 πρωτοδότου
551 874 862 944 ἐπιστήμης
882 875 976 927 καὶ
1003 874 1256 943 γνώσεως
1280 876 1526 947 μέτοχος,
1549 877 1773 930 τοιαῦτα

180 965 288 1035 γάρ
320 964 391 1016 τά
438 964 726 1035 χερουϐίμ.
752 965 900 1036 Πλὴν
925 966 1026 1020 οὑκ
1057 968 1199 1031 ἰδίως
1233 968 1311 1020 ἐνὶ
1334 969 1548 1039 ἑκάστῳ
1575 969 1769 1033 ταῦτα,

181 1054 317 1107 ἀ)λά
366 1057 552 1110 πάντα
597 1059 733 1111 πᾶσι
784 1058 926 1112 κατὰ
968 1061 1061 1130 τὴν
1096 1060 1205 1112 ἀπὸ
1247 1059 1383 1113 Θεοῦ
1427 1061 1564 1133 πρὸς
1602 1062 1772 1126 αὑτάς

180 1150 357 1220 χάριν.
378 1150 482 1203 Διά
500 1150 659 1204 τοῦτο
675 1153 769 1205 καὶ
794 1151 1025 1223 πρώτως
1045 1154 1146 1224 τὴν
1174 1153 1282 1206 τῶν
1299 1153 1502 1226 θρόνων
1533 1154 1771 1225 ἰδιότητα

181 1237 320 1307 εἷπε,
358 1243 622 1315 δευτέραν
668 1244 725 1297 δὲ
772 1247 871 1316 τὴν
909 1246 1019 1298 τῶν
1060 1247 1322 1318 σεραφὶμ,
1363 1248 1457 1301 καὶ
1494 1244 1594 1301 εἷθ’
1630 1248 1771 1302 οὑτω

178 1334 273 1403 τὴν
304 1333 419 1385 τῶν
464 1335 645 1405 μέσων
674 1336 853 1388 αὑτῶν
897 1336 1183 1408 χερουϐὶμ,
1222 1337 1412 1405 ὥσπερ
1441 1339 1769 1410 εἰλημμένου

177 1423 269 1474 τοῦ
296 1424 471 1493 μέσου
492 1424 581 1476 διὰ
594 1424 705 1476 τῶν
722 1425 925 1497 ἄκρων,
952 1427 1047 1480 καὶ
1077 1429 1206 1497 μιᾶς
1228 1430 1525 1500 γενομένης
1541 1430 1766 1495 τάξεως.

177 1514 273 1567 Διά
292 1516 461 1568 τοῦτο
487 1515 707 1585 λέγεται
730 1519 824 1571 καὶ
846 1518 905 1570 τὸ
927 1517 1060 1587 ὕψος
1086 1518 1296 1571 τούτων
1321 1519 1502 1589 πάσης
1528 1520 1770 1589 ὑφέσεως

176 1607 397 1676 ἀμιγὲς,
434 1609 529 1660 καὶ
558 1609 618 1661 τὸ
649 1609 767 1678 φῶς
795 1611 1031 1681 πρῶτον,
1069 1612 1160 1665 καὶ
1188 1614 1221 1681 ἡ
1265 1611 1466 1680 γνῶσις
1496 1610 1769 1682 πρωτόδο-

177 1717 282 1763 τος,
312 1701 398 1753 ὅτι
449 1702 546 1753 καὶ
579 1701 649 1754 τά
690 1702 815 1773 τρία
862 1703 1119 1774 τάγματα
1149 1706 1229 1767 εἰς
1272 1704 1399 1775 μίαν
1447 1706 1767 1772 συνάγονται

1878 521 2002 558 nem
2054 519 2149 558 seu
2205 510 2702 563 consecrationem.
2757 509 2856 565 Est
2902 521 3089 567 autem
3138 514 3447 569 istiusmodi

1876 595 2173 664 primarum
2223 599 2486 651 mentium
2536 599 2838 655 cmlestium
2887 602 3223 668 hierarcbia,
3270 608 3449 659 omnis

1876 701 2002 740 cum
2057 688 2281 742 vilitatis
2335 698 2448 743 tum
2490 691 2850 759 subiectionis
2899 710 3098 764 expers
3148 697 3441 766 (siquidem

1879 775 2058 830 throni
2086 776 2352 849 eminent)
2384 781 2655 849 etprima:
2695 782 2833 838 lucis
2862 784 3043 853 plena,
3081 788 3332 856 quoniam
3366 791 3447 842 in-

1875 885 2134 926 censores
2181 873 2528 942 appellantur
2579 876 2895 945 seraphim;
2949 891 3048 931 nec
3095 892 3202 931 non
3258 882 3449 948 primze

1874 963 2120 1018 scientiae
2165 966 2604 1036 cognitionisque
2649 970 2945 1038 particeps,
3002 979 3059 1024 ut
3110 987 3173 1026 ex
3227 973 3448 1025 nmnine

1875 1063 2024 1121 patet
2077 1056 2387 1111 cherubini.
2444 1058 2645 1113 Verum
2685 1061 2967 1116 enimvero
3025 1063 3170 1117 haud
3228 1064 3448 1132 proprie

1874 1146 1992 1201 lucc
2015 1148 2239 1204 cuilibet
2261 1151 2621 1211 conveniunt.
2653 1155 2747 1207 Sed
2779 1155 2960 1207 omnia
2994 1155 3221 1225 singulis
3253 1171 3448 1209 secun-

1875 1240 1999 1294 dunt
2033 1241 2167 1310 ipsis
2199 1258 2227 1294 a
2261 1244 2367 1298 Deo
2403 1244 2586 1298 datam
2611 1246 2869 1316 gratiam.
2904 1246 2971 1299 Et
3012 1257 3297 1316 propterea
3334 1248 3446 1312 pri-

1876 1348 2022 1387 mum
2076 1334 2398 1389 thronorum
2445 1337 2833 1406 proprietatem
2884 1340 3162 1405 exposuit,
3205 1348 3446 1392 secutum

1874 1422 1992 1479 loco
2023 1427 2465 1495 seraphinorum,
2509 1439 2562 1483 et
2594 1438 2778 1498 postea
2826 1431 3003 1484 medio
3035 1431 3153 1485 loco
3189 1431 3447 1486 cherubi-

1874 1534 2090 1585 nornm,
2131 1519 2204 1572 ita
2252 1529 2310 1573 ut
2360 1521 2574 1576 medius
2616 1522 3017 1590 quodammodo
3065 1526 3133 1577 ab
3180 1526 3446 1579 extremis

1871 1609 2259 1677 concludatur,
2292 1627 2538 1680 unusque
2565 1614 2701 1667 ordo
2735 1614 2848 1669 fiat.
2880 1614 3147 1681 Quocirca
3174 1617 3337 1670 etiam
3363 1618 3447 1671 di-

1873 1703 2015 1755 citur
2037 1703 2343 1758 sublimitas
2369 1719 2560 1758 eorum
2587 1707 2766 1760 omnis
2792 1707 3116 1776 dejectionis
3142 1723 3359 1777 expers,
3389 1720 3447 1762 et

176 1794 347 1861 τάξιν,
382 1798 483 1848 καὶ
522 1794 618 1866 μία
654 1813 739 1859 τις
776 1797 1119 1851 ἀποτελεῖται
1147 1797 1327 1870 τριὰς,
1366 1799 1544 1851 κοινὸν
1574 1799 1666 1851 καὶ
1706 1797 1768 1850 τὺ

1872 1793 2052 1848 lumen
2088 1795 2342 1863 primum,
2368 1804 2424 1848 et
2456 1796 2686 1852 scientia
2720 1799 2975 1868 primitus
3002 1801 3159 1864 data;
3185 1802 3441 1870 quoniam

177 1886 435 1959 ὑπερῃρη
444 1888 625 1957 μένον,
645 1889 742 1940 καὶ
759 1890 937 1959 πάσης
955 1889 1198 1959 ὑφέσεως
1220 1888 1570 1960 ὑψηλότερον,
1590 1887 1767 1940 κοινὸν

175 1980 266 2031 καὶ
315 1980 381 2032 τὸ
430 1980 651 2051 πρῶτον
700 1981 849 2051 φῶς,
899 1982 1085 2055 κοινὴν
1134 1984 1229 2036 καὶ
1277 1982 1378 2055 τὴν
1430 1982 1769 2055 πρωτόδοτον

184 2066 375 2136 γνῶσιν
424 2067 645 2138 ἔχουσα.
691 2069 792 2122 Διά
830 2070 986 2124 τοῦτο
1036 2071 1213 2125 τοίνυν
1260 2072 1432 2135 οὕτως
1476 2072 1587 2143 ἔχει
1629 2075 1767 2125 νοεῖν

176 2161 263 2211 ἐπὶ
294 2161 364 2230 τῇ
399 2158 598 2233 πρώτῃ
629 2162 1006 2235 διακοσμήσει,
1041 2164 1217 2218 ὅτιτά
1250 2163 1375 2236 τρία
1404 2164 1659 2235 τάγματα
1688 2167 1769 2229 εἰς

178 2255 305 2323 μίαν
327 2254 491 2319 τάξιν
534 2257 877 2325 συνάγονται,
902 2257 998 2311 καὶ
1031 2256 1101 2310 τὰ
1133 2257 1278 2320 ἰδίως
1314 2258 1767 2329 ἀπονενεμημένα

176 2345 387 2409 τούτοις
416 2345 573 2418 παρά
594 2347 695 2417 τῆς
721 2348 942 2420 χάριτος
964 2348 1157 2412 κοινῶς
1180 2350 1275 2402 καὶ
1295 2349 1527 2420 πρώτως
1561 2349 1763 2419 έχουσι.

177 2438 284 2490 Καὶ
312 2437 461 2508 αὕτη
482 2441 517 2510 ἡ
540 2437 695 2504 τάξις
724 2439 914 2511 πρώτη
938 2439 1174 2508 λέγεται,
1203 2439 1387 2504 καθὼς
1416 2441 1510 2494 καὶ
1536 2441 1646 2494 ἀπὸ
1670 2442 1769 2512 τῆς

177 2528 498 2600 ἐπιγραφῆς
540 2530 636 2583 τοῦ
682 2531 953 2603 παρόντος
1000 2532 1229 2603 ἑϐδόμου
1280 2530 1576 2601 κεφαλαίου
1622 2532 1768 2586 ἔστιν

180 2624 342 2676 ἰδεῖνσ
388 2622 622 2697 πρώτην
661 2625 770 2698 γὰρ
801 2626 1083 2698 ίεραρχίαν
1121 2625 1220 2697 τὴν
1263 2626 1371 2679 τῶν
1414 2626 1580 2698 τριῶν
1629 2625 1767 2697 ὁμοῦ

176 2715 380 2786 τίθησι.
419 2716 533 2769 Καὶ
556 2716 608 2767 τί
637 2717 802 2786 λέγω,
836 2718 1020 2789 φησιν,
1056 2718 1139 2771 ὅτι
1175 2716 1527 2789 πληρουμένη
1558 2717 1766 2789 καθάρ-

178 2822 337 2870 σεως,
388 2807 751 2879 καθαίρεται·
810 2810 904 2862 καὶ
956 2807 1236 2881 φωτισμοῦ
1290 2808 1614 2878 φωτίζεται·
1676 2810 1769 2862 καὶ

175 2900 610 2971 τελεσιουργίας,
637 2902 1099 2974 τελεσιουργεῖται
1119 2920 1133 2968 ;
1155 2902 1312 2957 τοῦτο
1336 2903 1445 2976 γάρ
1466 2905 1561 2957 καὶ
1590 2922 1770 2976 παρα-

175 2990 485 3061 τεταμένην
527 2989 642 3059 ἔχει
680 2990 777 3061 τὴν
824 2990 1045 3064 πρᾶξιν,
1081 2994 1174 3046 καὶ
1215 2988 1325 3046 οἷον
1374 2993 1596 3059 ἀτελοῦς
1624 3012 1769 3058 τινος

177 3086 453 3153 κινήσεως
478 3083 686 3137 ἔννοιαν
724 3084 959 3138 δίδωσιν.
1015 3085 1176 3139 Ἀλλά
1210 3085 1444 3140 συνελὼν
1474 3085 1638 3155 λέγω,
1672 3089 1770 3142 καὶ

176 3176 317 3245 τάχα
346 3177 454 3229 οὑκ
492 3176 820 3241 ἀπεικότως,
858 3178 990 3231 αὑτὸ
1019 3178 1082 3231 τὸ
1130 3178 1491 3250 προσεγγίσαι
1534 3178 1630 3232 καὶ
1670 3197 1768 3250 με-

176 3267 439 3320 ταλαϐεῖν
476 3267 580 3337 τῆς
613 3266 909 3340 θεαρχικῆς
953 3270 1280 3341 ἐπιστήμης.
1343 3270 1684 3341 Ἐπιστήμην
1712 3269 1770 3322 δὲ

176 3358 335 3412 καλεῖ
374 3357 450 3411 τὰ
477 3357 840 3430 τρίαταῠτα,
886 3358 983 3431 τὴν
1021 3358 1311 3430 κάθαρσιν,
1344 3358 1437 3413 τὸν
1466 3360 1766 3431 φωτισμὸν,

177 3452 275 3522 τὴν
314 3450 639 3503 τελείωσιν⁸
686 3451 769 3504 ὅτι
803 3450 925 3505 καθ’
968 3451 1103 3518 ἕξιν,
1152 3452 1349 3523 μᾶλλον
1392 3452 1449 3505 δὲ
1489 3452 1583 3506 καὶ
1629 3453 1770 3523 ὑπὲρ

178 3542 291 3608 ἕξιν
320 3542 588 3614 ἀρρήτως
614 3541 788 3597 ταῦτα
822 3543 1073 3615 πρόσεισι
1102 3543 1181 3615 τῷ
1212 3542 1351 3615 Θεῷ.
1384 3543 1526 3597 Αὐτὸ
1553 3543 1684 3614 γοῦν
1710 3545 1770 3597 τὸ

182 3633 515 3703 μεταλαϐεῖν
546 3628 648 3703 τῆς
677 3634 831 3698 θείας
860 3636 1168 3707 ἐπιστήμης
1199 3635 1467 3707 κάθαρσίς
1500 3636 1637 3700 ἐστι,
1676 3636 1770 3689 καὶ

180 3726 485 3797 φωτισμὺς,
517 3728 610 3779 καὶ
642 3726 937 3790 τελείωσις,
963 3728 1183 3796 ἀγνοίας
1205 3729 1302 3799 μὲν
1326 3728 1770 3801 ἀποκαθαίρουσα

179 3821 233 3870 ὲν
265 3822 332 3889 τῇ
378 3817 586 3886 γνώσει
633 3818 744 3871 τῶν
788 3819 1135 3890 τελειοτέρων
1187 3824 1439 3894 μυήσεων
1489 3820 1632 3875 κατὰ
1672 3821 1769 3893 τὴν

177 3909 327 3972 τάξιν
342 3909 450 3977 τῆς
484 3909 747 3971 στάσεως
773 3907 960 3979 (ἄλλας
987 3909 1095 3979 γάρ
1124 3908 1234 3980 ἔχει
1264 3908 1600 3980 τελειοτέρας
1634 3910 1771 3980 μυή-

181 4012 295 4064 σεις
340 4000 417 4054 τὰ
448 4003 715 4073 σεραφὶμ,
748 4004 841 4055 καὶ
886 4002 1051 4065 ἄλλας
1087 4004 1135 4055 οἱ
1167 4001 1419 4071 ἄγγελοιο
1461 4001 1622 4071 τυχὸν
1662 4000 1771 4071 γάρ

180 4094 241 4157 ἃς
276 4093 468 4163 ἔχουσι
501 4093 843 4166 τελειοτέρας
878 4096 970 4147 καὶ
1010 4093 1346 4164 ὑψηλοτέρας
1386 4092 1681 4164 ἐλλάμψεις
1719 4094 1769 4145 οἱ

180 4182 425 4251 ἄγγελοι,
454 4182 661 4245 ταύτας
702 4183 773 4237 τά
812 4185 1052 4254 σεραφὶμ
1090 4183 1321 4246 ἑκτικῶς
1361 4182 1579 4253 κατέχει
1619 4182 1773 4254 παρά

180 4274 276 4343 τῆς
304 4274 464 4336 θείας
490 4273 769 4347 χάριτος·)
809 4276 1118 4343 φωτίζουσα
1148 4275 1205 4328 δὲ
1246 4278 1303 4328 ὲν
1338 4276 1473 4346 αὑτῇ
1504 4274 1676 4349 ταύτῃ
1702 4277 1770 4347 τῇ

178 4366 403 4433 γνώσει,
437 4366 505 4419 δι’
534 4361 603 4437 ἧς
642 4368 737 4420 καὶ
780 4366 1031 4439 καθαίρει
1071 4369 1171 4441 τὴν
1205 4369 1265 4421 οὐ
1300 4369 1566 4441 πρότερον
1597 4385 1770 4422 κατα-

1872 1893 1983 1940 tres
2014 1886 2098 1940 isti
2132 1886 2354 1941 ordines
2383 1889 2435 1941 in
2468 1904 2633 1941 unmn
2684 1900 2902 1954 coeunt,
2952 1900 3006 1944 et
3044 1907 3182 1944 unus
3218 1893 3441 1959 quidam

1869 1979 2152 2048 perficitur
2186 1980 2497 2045 tertiarius,
2532 1980 2623 2050 qui
2657 1982 2709 2037 in
2748 1982 3023 2036 communi
3057 1983 3296 2052 possidet
3326 1984 3442 2036 ele-

1868 2071 2167 2134 vationem,
2209 2087 2370 2140 supra
2416 2088 2633 2126 omnem
2684 2072 3105 2126 snbmissionem
3139 2070 3443 2128 sublimita-

1872 2172 2003 2228 tem,
2037 2163 2357 2232 primarium
2411 2163 2619 2229 lumen,
2657 2173 2714 2218 et
2755 2164 3007 2233 primitus
3045 2165 3225 2218 datam
3255 2160 3445 2229 cogni—

1874 2255 2100 2310 tionem.
2138 2256 2247 2310 lloc
2274 2256 2387 2327 68
2414 2256 2580 2326 igitur
2609 2256 2769 2310 modo
2794 2258 2859 2311 de
2882 2256 3054 2326 prima
3088 2258 3445 2326 diSpOsitiune

1870 2348 2214 2402 sentiendum
2263 2359 2370 2415 est,
2413 2349 2540 2417 quia
2594 2357 2707 2404 tres
2764 2350 2851 2403 isti
2895 2349 3120 2402 ordines
3171 2350 3225 2402 in
3276 2365 3441 2402 tttnttn

1871 2441 2270 2504 coadnnantur,
2312 2454 2366 2496 et
2399 2458 2519 2510 qua:
2562 2443 2783 2512 preprie
2824 2458 2919 2512 per
2968 2443 3201 2511 gratiam
3235 2444 3441 2498 indulta

1870 2542 2020 2597 sunt,
2073 2533 2127 2587 in
2179 2534 2458 2587 communi
2511 2534 2887 2604 primarioque
2920 2535 3218 2603 possident.
3263 2535 3445 2602 Atque

1873 2625 1961 2679 hic
1990 2628 2124 2679 ordo
2156 2628 2368 2694 primus
2399 2635 2774 2696 nuncupatur,
2813 2626 2889 2680 ttti
2926 2641 2991 2679 ex
3036 2625 3201 2693 lmjns
3224 2628 3440 2695 septimi

1871 2717 2070 2785 capitis
2129 2717 2489 2788 inscriptione
2545 2717 2733 2771 videre
2780 2717 2910 2771 licet
2955 2733 2971 2769 :
3024 2718 3254 2785 primam
3296 2719 3442 2772 enim

1870 2811 2247 2865 hierarcbiam
2281 2814 2441 2866 trium
2476 2814 2670 2867 horum
2705 2812 2869 2866 simul
2905 2812 3075 2882 ponit.
3106 2811 3333 2881 Ecquid,
3360 2812 3447 2864 inn

1870 2904 2007 2972 quit,
2038 2904 2183 2967 dico,
2214 2907 2358 2972 quod
2384 2904 2693 2973 expiatione
2722 2904 2876 2973 plena
2905 2905 3188 2972 expietur,
3211 2912 3275 2970 et
3318 2904 3443 2956 illu-

1871 2996 2139 3051 stratione
2167 2997 2321 3065 plena
2356 2998 2716 3056 illuminctnr.
2742 2997 3265 3065 eonsecrationeque
3287 2997 3444 3066 plena

1796 3116 1839 3172 ο
1871 3086 2223 3156 perficiatur?
2247 3086 2358 3143 Hoc
2381 3090 2524 3143 enim
2553 3101 2831 3144 extensum
2860 3089 3026 3144 habet
3048 3090 3442 3158 operationem,

1871 3186 1924 3231 et
1955 3179 2109 3247 quasi
2155 3179 2459 3249 imperfecti
2500 3179 2785 3247 cujusdam
2822 3190 3001 3235 motus
3031 3195 3253 3235 sensum
3287 3180 3442 3249 inge-

1872 3268 1966 3322 rit.
2000 3267 2199 3324 Verum
2232 3272 2548 3325 summatim
2578 3272 2723 3337 dico,
2755 3282 2810 3326 et
2842 3270 2984 3325 forte
3014 3287 3121 3326 non
3146 3274 3441 3333 immerito,

1872 3358 1923 3413 id
1954 3360 2128 3430 ipsum
2173 3377 2294 3416 esse
2325 3363 2767 3432 appropinquare
2815 3370 2872 3418 et
2910 3365 3325 3418 communicare
3357 3363 3442 3415 di-

1870 3452 2010 3506 vina:
2054 3452 2315 3507 scientiaa.
2368 3453 2666 3508 Scientiam
2707 3463 2889 3507 autem
2938 3464 3099 3508 vocat
3152 3454 3268 3509 haec
3312 3455 3443 3517 tria,

1869 3544 2080 3599 scilicet
2140 3545 2550 3613 expiationem,
2606 3546 3091 3610 illuminatione"),
3144 3548 3444 3616 perfectio-

1870 3651 2025 3702 nem;
2050 3637 2306 3705 quoniam
2337 3639 2633 3692 secundum
2663 3638 2931 3702 habitum,
2960 3639 3042 3691 vel
3071 3641 3250 3708 potius
3276 3656 3442 3710 supra

1872 3730 2137 3793 habitmn,
2171 3728 2520 3785 iuell‘abiliter
2553 3731 2653 3784 ista
2680 3738 2809 3784 sunt
2846 3732 2898 3784 in
2929 3731 3062 3788 Deo.
3088 3732 3319 3800 Ipsamet
3344 3731 3445 3786 ita-

1869 3838 1976 3892 que
2022 3822 2377 3893 participatio
2411 3823 2607 3877 divinae
2639 3823 2908 3885 scientiae,
2959 3819 3198 3891 expiatio
3226 3833 3353 3888 ,est.
3386 3832 3443 3876 et

1872 3915 2195 3969 illuminatio
2246 3925 2411 3982 atque
2458 3914 2749 3985 perfectio,
2803 3913 3171 3984 ignorantiam
3222 3917 3441 3984 quidem

1869 4008 2102 4076 expians
2139 4007 2332 4060 notitia
2372 4006 2765 4076 perfectiornm
2798 4007 3212 4062 institutionum
3251 4023 3447 4063 secun-

1869 4099 1996 4152 dum
2031 4098 2276 4151 ordinem
2317 4107 2494 4151 status
2547 4098 2696 4168 (nam
2729 4098 2865 4152 alias
2897 4100 3257 4169 perfectiores
3290 4101 3445 4155 insti-

1873 4193 2106 4245 tntioncs
2132 4191 2335 4245 habent
2362 4189 2666 4258 seraphim,
2691 4200 2747 4245 et
2776 4192 2915 4246 alias
2938 4194 3117 4263 angeli
3145 4210 3159 4259 ;
3196 4192 3444 4247 fortassis

1871 4285 2016 4337 enim
2046 4283 2401 4353 perfectiores
2425 4297 2489 4338 ac.
2510 4282 2859 4338 sublimiores
2887 4284 3285 4339 illustrationes
3309 4301 3446 4353 quas

1871 4376 2045 4447 angeli
2073 4376 2295 4441 habent,
2324 4380 2543 4430 easdem
2574 4377 2846 4446 seraphim
2874 4377 3053 4431 divina
3081 4377 3262 4447 gratia
3290 4378 3445 4432 habi-

180 4460 460 4529 νοήσασαν
504 4458 758 4530 δύναμιν,
797 4460 1014 4524 ἐκεῖνα,
1065 4460 1209 4531 άπερ
1242 4458 1339 4513 νῦν
1376 4459 1632 4528 γινώσκει
1682 4459 1768 4513 διὰ

1874 4469 2094 4525 tualiter
2126 4469 2451 4535 continent),
2488 4468 2801 4523 illuminans
2835 4484 2965 4523 vero
2988 4483 3052 4522 ea
3086 4468 3203 4539 ipsa
3231 4469 3443 4532 uetitia,

178 4550 278 4620 τῆς
316 4549 667 4621 ὑψηλοτέρας
694 4550 1014 4622 ἐλλάμψεως
1033 4567 1045 4581 ·
1070 4544 1166 4604 καὶ
1191 4551 1474 4605 τελειοῦσα
1511 4551 1670 4606 πάλιν
1710 4554 1769 4607 ὲν

178 4644 325 4714 αὑτῷ
350 4642 437 4713 τῷ
468 4644 609 4712 φωτὶ
640 4645 699 4695 ὲν
740 4647 809 4715 τῇ
855 4643 975 4697 καθ’
1010 4644 1123 4708 ἕξιν
1158 4644 1357 4713 γνώσει
1388 4643 1499 4699 τῶν
1549 4644 1769 4716 ὑψηλῶν

180 4734 270 4785 καὶ
323 4733 735 4804 λαμπροτάτων
785 4735 1046 4805 νοήσεων,
1085 4735 1157 4787 Σὺ
1199 4734 1257 4787 δὲ
1306 4735 1429 4806 ὅρα,
1471 4735 1551 4787 ὅτι
1592 4737 1650 4788 ὲν
1700 4738 1768 4807 τῇ

183 4825 377 4894 rubas:
413 4828 511 4879 καὶ
534 4826 852 4897 καθαίρεται
890 4828 985 4880 καὶ
1028 4828 1321 4897 φωτίζεται
1351 4829 1383 4899 ἡ
1413 4828 1640 4899 οὐρανία
1676 4827 1769 4881 δύ-

180 4936 375 4987 ναμις·
409 4918 469 4970 ὲν
498 4917 558 4970 δὲ
580 4917 659 4989 τῷ
683 4918 968 4990 φωτισμῷ,
1006 4918 1134 4972 ὅταν
1173 4918 1295 4973 καθ’
1344 4918 1456 4985 ἕξιν
1500 4917 1766 4990 φωτισθῇ,

182 5008 271 5061 καὶ
301 5008 685 5079 άμετάῧλητος
725 5011 819 5062 καὶ
851 5010 1245 5081 άμετακίνητος
1274 5011 1331 5062 ἐν
1360 5009 1553 5081 ἐκείνῳ
1587 5010 1766 5083 μείνῃ,

179 5101 299 5154 τότε
322 5102 389 5172 δὴ
416 5100 742 5154 τελειοῦται.
777 5101 879 5155 Διὰ
903 5102 956 5155 τί
985 5103 1043 5155 δὲ
1072 5103 1167 5155 καὶ
1193 5104 1251 5155 ὲν
1274 5105 1342 5173 τῇ
1370 5102 1491 5155 καθ’
1522 5102 1634 5167 ἕξιν
1669 5121 1769 5155 κα-

182 5191 368 5265 θάρσει
392 5194 457 5246 οὑ
483 5193 805 5257 τελειοῦται,
823 5198 872 5247 εἰ
902 5196 975 5265 μὴ
999 5196 1056 5247 ἐν
1080 5194 1156 5265 τῷ
1179 5193 1302 5248 καθ’
1328 5194 1440 5258 ἕξιν
1468 5194 1765 5265 φωτισμῷ;

180 5293 310 5348 διότι
349 5297 386 5365 ἡ
422 5296 525 5365 μὲν
568 5294 833 5366 κάθαρσις
861 5295 960 5359 τάς
995 5295 1219 5363 ἀγνοίας
1260 5293 1643 5366 ἀποκαθαίρει,
1676 5295 1770 5346 καὶ

182 5389 241 5441 οὗ
270 5391 379 5453 πᾶς
406 5389 707 5459 καθαρθεὶς
733 5390 833 5461 ήδη
866 5390 962 5443 καὶ
989 5391 1069 5453 εἰς
1092 5389 1154 5442 τὸ
1180 5389 1348 5460 ἄκρον
1384 5387 1630 5457 πέφθακε
1654 5408 1663 5417 ·
1689 5388 1769 5460 τῷ

182 5480 235 5534 δὲ
289 5482 628 5554 καθαρθέντι
679 5486 707 5535 ὁ
738 5484 1019 5554 φωτισμὸς
1064 5482 1521 5554 ὲπεισερχόμενος
1549 5481 1764 5546 τελειοῖ,

182 5570 316 5641 ὅπερ
355 5573 474 5625 ἐστὶ
517 5572 850 5645 τελειότερος
900 5574 1181 5645 φωτισμός
1232 5590 1292 5626 τε
1344 5568 1439 5626 καλ¹
1483 5571 1762 5645 ἕλλαμψις.

184 5670 436 5728 Τοιοῦτον
459 5674 570 5747 γάρ
592 5677 709 5727 ἐστι
733 5677 826 5729 καὶ
855 5676 936 5729 τό·
971 5678 1072 5730 Ἐν
1094 5674 1172 5741 τῷ
1194 5676 1343 5746 φωτί
1366 5690 1482 5729 σου
1503 5675 1767 5746 ὀψόμεθα

184 5764 325 5832 φῶς,
358 5766 608 5837 δηλονότι
634 5768 692 5823 έν
717 5767 797 5839 τῷ
824 5766 1088 5840 φωτισμῴ
1118 5768 1217 5840 τὴν
1247 5764 1548 5823 τελείωσιν.

1871 4576 1976 4630 qua
2004 4562 2213 4631 expiat,
2248 4561 2503 4616 virtutem
2536 4561 2708 4627 illam,
2744 4578 2867 4631 quae
2907 4562 3056 4631 prius
3104 4578 3210 4619 non
3246 4578 3446 4635 cogno-

1871 4655 2061 4709 scebat
2100 4670 2162 4709 ea
2191 4672 2313 4728 qua:
2356 4672 2498 4711 nunc
2528 4657 2810 4726 cognoscit
2840 4672 2934 4726 per
2962 4656 3333 4713 sublimiorem
3380 4658 3445 4711 il-

1872 4746 2288 4814 lustrationem;
2341 4759 2503 4816 atque
2548 4748 2837 4817 perficicns
2869 4764 3087 4803 rursum
3128 4752 3320 4805 eodem
3363 4750 3446 4803 lu-

1873 4839 2020 4893 mine
2050 4839 2102 4892 in
2130 4841 2359 4894 scientia
2394 4839 2656 4893 habituali
2691 4838 3065 4893 sublintiorutn
3098 4851 3153 4894 et
3186 4841 3445 4895 illtl'stris-

1871 4933 2131 4988 simarum
2206 4933 2714 5001 intelligentiarum.
2800 4934 2880 4988 Tu
2962 4948 3096 4989 vero
3155 4934 3442 4989 considera

1872 5024 2149 5093 quomodo
2194 5024 2437 5079 ccelcstis
2468 5025 2641 5079 virtus
2676 5026 2987 5095 cognitione
3032 5034 3087 5079 et
3113 5025 3361 5095 expietur
3388 5032 3453 5077 et

1874 5115 2230 5180 illuminetnr,
2260 5116 2313 5169 in
2342 5115 2745 5169 illuminatione
2776 5127 2986 5181 autem,
3012 5118 3231 5186 quando
3254 5129 3446 5171 secun-

1872 5207 1999 5262 dum
2040 5209 2284 5261 habitum
2324 5206 2631 5261 illuminata
2668 5208 2855 5276 fuerit,
2902 5208 3363 5278 immntabilisque
3391 5218 3446 5262 et

1872 5300 2217 5355 invariabilis
2247 5302 2298 5355 in
2326 5316 2391 5356 ea
2422 5301 2812 5370 permanserit,
2846 5301 3183 5368 perﬁciatur.
3245 5300 3443 5366 thnid

1872 5405 2051 5447 autem
2090 5392 2358 5448 habitual't
2390 5394 2704 5463 expiatione
2740 5408 2962 5463 quoque
2993 5408 3097 5447 non
3135 5390 3441 5461 perficitur,

1872 5487 1965 5542 sed
2011 5495 2218 5541 tantum
2268 5488 2320 5540 in
2373 5488 2633 5542 habituali
2692 5485 3137 5541 illuminatione?
3186 5484 3441 5553 quoniam

1871 5580 2113 5649 expiatio
2157 5582 2377 5649 quidem
2419 5592 2612 5651 purgat
2646 5579 2985 5651 ignorantias
3027 5589 3081 5634 et
3109 5593 3218 5631 non
3263 5576 3446 5630 omnis

1870 5671 2122 5741 expiatus
2148 5671 2334 5725 statim
2359 5671 2423 5725 ad
2443 5688 2714 5725 sumntum
2740 5670 3013 5740 pervenit,
3038 5670 3134 5723 sed
3158 5666 3440 5736 expiatum

1872 5764 2198 5821 illuminatio
2228 5765 2624 5838 superveniens
2655 5765 2891 5836 perficit,
2925 5779 2989 5822 ea
3022 5761 3277 5818 nimirum
3320 5774 3442 5831 qua:
