3908 6232
466 298 567 353 ΞΜ

1647 297 1703 354 S.
1745 297 2043 354 DIONYS"
2079 297 2542 355 ΑΒΕΟΡΛΕΙΤᾸΞ

3630 304 3738 358 95"}

473 413 769 480 perfectior
795 421 876 467 est
907 412 1234 467 ittuminatio
1264 423 1316 467 et
1354 413 1668 469 illustratio.
1717 413 2022 469 Istiusmodi
2061 416 2204 470 enim
2230 427 2312 472 est
2341 427 2396 472 et
2442 418 2573 472 illud
2603 436 2616 472 :
2655 416 2721 472 1η
2758 417 2956 471 tantine
2989 424 3079 470 tuo
3131 413 3421 469 videbimus
3475 415 3650 467 lutum
3679 413 3730 478 ι,

475 523 670 578 nempe
701 509 754 562 in
789 508 1199 564 illumiuatioue
1233 510 1645 578 Perfectioucm.

546 604 574 676 δ
605 605 690 660 iV.
729 605 851 660 llaec
885 607 1089 674 itaque.
1129 607 1432 660 secundum
1463 621 1636 658 meam
1669 607 1888 675 quidem
1922 619 2048 674 spe-
2075 610 2122 665 Λ

472 695 798 748 culationem
847 709 910 746 ac
942 695 1191 746 notitiam
1229 693 1528 760 loquendo,
1565 703 1647 746 est
1687 708 1751 744 ea
1793 709 1955 762 quam
1997 701 2052 746 et

473 785 758 840 scientiam
787 787 1026 856 appellat
1057 801 1085 838 τι
1118 786 1417 854 propositis
1445 786 1589 837 circa
1636 785 1892 838 cmlestes
1934 785 2048 837 vir-

475 887 617 930 tutes
666 879 1010 942 rationibus;
1054 879 1314 942 quoniam
1369 877 1636 931 habituali
1690 877 1919 930 scientia
1961 891 2051 930 res

473 969 926 1034 prmclarissimas
957 971 1217 1022 educetur
1259 969 1346 1023 illa
1392 969 1565 1038 prima
1598 969 1903 1022 eo~|estium
1957 984 2048 1022 es-

473 1059 772 1111 sentiarum
803 1060 1140 1125 distributio,
1180 1075 1302 1128 qua:
1333 1061 1384 1112 in
1423 1059 1534 1130 69
1581 1060 1813 1112 circuitu
1847 1060 1938 1112 Dei
1987 1075 2050 1113 ac

472 1150 621 1202 circa
657 1150 823 1202 Deum
860 1150 1172 1203 immediate
1212 1153 1484 1204 consistit.
1523 1151 1706 1220 Atque
1747 1149 2045 1202 notandum

472 1244 616 1308 quod
665 1242 937 1311 theologia
984 1242 1186 1294 divinis
1244 1242 1538 1294 virtutibus
1578 1243 1776 1294 tribuat
1822 1255 1926 1294 non
1968 1256 2050 1293 re-

471 1341 638 1395 ctam,
680 1333 774 1385 sed
803 1334 856 1385 in
894 1333 1127 1386 circuitu
1175 1337 1468 1386 stationem
1495 1374 1509 1393 .
1551 1332 1705 1400 juxta
1753 1333 1883 1385 illud
1925 1351 1939 1388 :
1981 1331 2048 1385 lu

468 1423 694 1474 circuitu
719 1422 834 1490 ejus
873 1423 1267 1476 tabernaculum
1313 1424 1478 1489 ipsius
1519 1421 1560 1480 ι.
1615 1423 1814 1477 Motum
1863 1433 2045 1476 autem

468 1515 634 1567 etiam
660 1514 1024 1568 orhicularem
1057 1515 1270 1575 tribuit,
1305 1524 1360 1568 et
1387 1521 1707 1578 rectum,’et
1741 1515 2043 1584 obliquum,

471 1615 528 1656 ut
560 1605 611 1658 in
647 1607 823 1673 capite
853 1617 1052 1674 quarto
1087 1605 1209 1658 libri
1245 1605 1318 1659 De
1365 1606 1557 1660 divinis
1595 1607 1898 1660 nominibus
1936 1616 2047 1658 tra-

469 1699 549 1752 dit
581 1714 594 1750 :
627 1698 995 1752 orbicularem
1028 1698 1268 1766 quidem,
1294 1699 1514 1767 quando
1545 1699 1811 1768 principio
1844 1714 2042 1752 caren-

472 1792 618 1845 tibus
643 1792 854 1859 pulchri
887 1791 1121 1858 honique
1154 1790 1535 1857 splendoribus
1566 1792 1849 1856 uniuntur,
1884 1801 1942 1846 et
1977 1801 2042 1845 ad

471 1884 638 1936 Deum
667 1891 898 1951 vergunt
929 1899 941 1934 :
983 1892 1189 1936 rectum
1227 1893 1436 1946 autem,
1467 1883 1686 1950 quando
1720 1883 1786 1935 ad
1816 1882 2041 1937 inferio-

471 1990 590 2028 rum
632 1974 1030 2042 providentiam
1084 1975 1407 2041 proceduut,
1451 1983 1574 2028 tunc
1611 1975 1755 2027 cnim
1794 1984 1940 2030 recte
1973 1977 2034 2028 ad

2146 1967 2282 2038 πρὸς
2328 1968 2512 2022 ἐκεῖνα
2574 1969 2951 2039 περαίνονταιο
2987 1967 3254 2039 ἑλικοειδῆ
3306 1969 3362 2022 δὲ

471 2082 533 2120 ea
571 2067 835 2127 tendunt;
867 2065 1147 2133 obliquum
1178 2081 1328 2128 vero,
1364 2070 1488 2118 dum
1525 2065 1879 2120 inferioribus
1911 2082 2044 2121 cou-

466 2159 730 2223 sulentes,
772 2158 1055 2211 iudivulsm
1087 2172 1199 2210 sua:
1233 2158 1534 2212 itmuanent
1565 2159 1854 2220 identitati,
1895 2159 2038 2214 circa

466 2267 690 2306 causam
724 2251 1024 2304 identitatis
1060 2252 1344 2319 pulchrmn
1376 2263 1428 2305 et
1465 2253 1664 2305 bomun
1703 2253 2042 2306 incessanter

467 2345 957 2412 circumgyrautes.
998 2342 1088 2394 Ille
1119 2343 1262 2394 enim
1291 2345 1602 2411 angelorum
1638 2344 1924 2408 circuitus,
1955 2355 2041 2401 est

467 2443 727 2501 perpetua
769 2432 860 2483 Dei
899 2432 1167 2498 cognitio,
1213 2449 1333 2499 quze
1367 2446 1632 2502 perpetuo
1669 2447 1816 2488 tuotu
1855 2437 2040 2491 circu-

467 2522 650 2574 lariter
690 2521 743 2574 in
779 2520 966 2574 eodem
1006 2522 1243 2575 stabilita
1279 2532 1380 2589 est,
1416 2523 1567 2588 juxta
1606 2524 1734 2577 illud
1765 2524 2039 2580 lsai:e:Et

464 2613 726 2682 semp/tim
771 2615 978 2666 stabant
1027 2614 1081 2666 iu
1115 2615 1338 2666 circuitu
1369 2616 1522 2684 ejus;
1550 2625 1602 2668 et
1651 2618 2036 2686 prosequendo

465 2705 579 2759 ait:
630 2703 698 2757 E-t
741 2705 944 2758 duabus
994 2707 1094 2758 alis
1139 2706 1381 2759 volabunt
1415 2715 1472 2761 ⁸³³.
1518 2707 1799 2774 Quomodo
1854 2713 2038 2780 itaque

465 2805 610 2850 stant
641 2797 804 2850 simul
828 2807 883 2850 et
917 2799 1238 2851 moventur?
1272 2798 1622 2854 manifestum
1653 2802 1861 2870 utique,
1889 2804 2035 2873 quod

467 2890 516 2941 iu
553 2889 742 2942 eodem
793 2890 1012 2957 quidem
1064 2891 1388 2954 consistant,
1447 2906 1768 2948 moveantur
1805 2910 1935 2949 vero
1969 2895 2036 2949 ad

465 2980 611 3034 illam
653 2981 1094 3038 illustratiouem.
1136 2983 1604 3046 Quemadmodum
1637 2988 1780 3039 enim
1816 2987 2037 3041 univer-

465 3087 582 3124 sum
611 3071 732 3136 hoc,
759 3083 817 3126 ut
841 3074 919 3128 sic
949 3073 1146 3134 dicam,
1165 3089 1230 3128 eo
1259 3076 1376 3142 ipso
1401 3077 1525 3129 dum
1552 3078 1894 3133 circulariter
1921 3096 2034 3134 mo-

461 3173 639 3225 vetur,
675 3163 880 3231 pariter
915 3175 1182 3232 perpetuo
1216 3168 1414 3220 mobile
1450 3175 1554 3232 est,
1605 3180 1659 3222 et
1708 3171 1986 3224 immobile
2015 3188 2028 3236 ;

464 3252 739 3306 immobile
777 3255 1019 3321 quidem,
1056 3256 1355 3308 Secundum
1406 3266 1599 3324 totum,
1633 3277 1737 3313 non
1773 3262 1917 3314 enim
1968 3263 2034 3316 de

463 3346 578 3401 loco
613 3347 677 3400 ad
717 3347 892 3400 locum
941 3353 1165 3419 migrat;
1219 3362 1483 3420 perpetuo
1516 3369 1643 3407 vero
1681 3353 1899 3417 mobile,
1933 3370 2022 3408 se-

459 3443 695 3493 cundum
745 3453 929 3510 partes
964 3484 978 3498 .
1043 3447 1117 3496 ita
1161 3447 1446 3500 caelestem
1483 3462 1701 3516 quoque
1733 3449 2029 3502 circuitum

460 3533 748 3602 intelligit;
797 3550 920 3586 nam
954 3545 1007 3588 ct
1042 3535 1157 3604 ipse
1186 3552 1400 3604 quoque
1439 3549 1702 3606 Perpetuo
1740 3550 1885 3593 motu
1921 3550 2032 3594 sta-

462 3624 670 3690 bilitur,
701 3640 763 3678 ac
792 3627 834 3679 si
863 3629 1001 3681 lixus
1031 3641 1283 3683 maneret
1310 3631 1456 3683 circa
1487 3632 1629 3684 idem
1661 3647 1878 3702 semper
1900 3649 2031 3688 cou-

460 3732 671 3784 versus,
696 3734 870 3787 eoque
917 3736 1170 3787 vergens.
1209 3725 1348 3789 quod
1384 3738 1662 3790 nuuquaut
1709 3724 1766 3776 lit
1798 3725 1848 3777 in
1880 3736 2027 3778 tuottl

460 3818 629 3861 recto.
667 3811 799 3861 Cum
845 3811 1029 3878 itaque
1081 3812 1146 3865 ad
1184 3815 1425 3866 divinqu
1473 3814 1682 3868 Numen
1718 3816 1820 3868 hoc
1870 3819 2029 3870 tuodo

459 3913 676 3967 semper
718 3912 945 3968 vergat,
1007 3905 1203 3958 multas
1259 3907 1480 3973 quidem
1535 3917 1588 3960 et
1637 3909 1825 3962 beatas
1881 3911 2029 3963 vidct

456 3991 974 4058 contemplationes,
1033 3995 1195 4063 idque
1254 4012 1388 4065 pure
1423 3998 1723 4051 secundum
1781 3999 2025 4054 habitum

457 4097 642 4142 suum.
693 4099 796 4137 non
831 4089 1126 4139 secundum
1166 4089 1472 4142 divinorum
1511 4090 1780 4144 radiorum
1815 4091 2029 4145 evibra-

459 4177 682 4240 tionem,
728 4191 788 4230 ut
825 4178 880 4231 iu
931 4195 989 4232 se
1023 4189 1173 4242 sunt,
1216 4182 1654 4248 quamloqui-lem
1709 4183 1759 4235 hi
1811 4199 2028 4252 quoque

453 4266 796 4334 ohveleutur,
817 4271 1121 4324 secundum
1149 4272 1462 4338 Seripturas
1485 4275 1897 4341 prophetarum.
1918 4277 2023 4329 Sed

453 4361 598 4414 sicut
639 4363 684 4414 is
728 4362 821 4430 qui
873 4377 1035 4416 sanos
1067 4363 1229 4416 habet
1263 4363 1473 4426 oculos,
1505 4365 1672 4418 solent
1723 4380 1854 4434 pure
1880 4368 2026 4421 videt

452 4451 674 4507 omnino
705 4455 1004 4507 secundum
1046 4470 1203 4508 suum
1253 4456 1535 4518 habitum,
1574 4456 1722 4510 nullo
1755 4469 2021 4526 quiantum

452 4551 536 4594 est
565 4557 627 4595 ex
666 4553 820 4608 parte
861 4543 1143 4597 oculorqu
1189 4543 1305 4608 ejus
1359 4545 1748 4612 impedimento
1781 4547 2020 4601 interre-

2222 602 2248 673 §
2282 601 2369 657 IV.
2411 602 2556 674 Λύτη
2605 603 2702 672 μὲν
2733 597 2826 655 οῦν
2849 603 3016 665 ἐστιν,
3061 602 3138 666 ὼς
3165 601 3286 656 κατ’
3321 602 3458 673 ἐμὴν
3501 603 3733 675 θεωρίαν

2152 693 2246 745 καὶ
2275 692 2474 762 γνῶσιν
2504 695 2698 755 εἰπεῖν,
2725 693 2790 763 ἢν
2818 693 2911 744 καὶ
2937 693 3247 762 ἐπιστήμην
3283 691 3450 760 λέγει,
3483 692 3593 746 ἀπὸ
3619 693 3732 746 τῶν

2151 783 2526 853 προκειμένων
2561 782 2753 850 λόγων,
2794 784 2923 853 περὶ
2960 781 3068 835 τῶν
3112 784 3378 853 οὐρανίων
3407 783 3729 854 δυνάμεων*

2151 876 2232 928 ὅτι
2276 878 2344 945 τῇ
2393 875 2514 926 καθ’
2560 875 2671 940 ἕξιν
2704 876 2980 947 ἐπιστήμῃ
3028 875 3256 945 μυοῦται
3285 874 3356 927 τὰ
3393 875 3664 944 ςανὸτατα
3696 877 3728 948 ή

2151 964 2343 1036 πρώτη
2376 965 2484 1017 τῶν
2512 965 2778 1036 οὐρανίων
2818 964 3014 1018 οὐσιῶν
3051 966 3429 1037 διακόσμησις,
3477 968 3509 1037 ἡ
3541 965 3726 1036 κύκλῳ

2149 1056 2283 1108 Θεοῦ
2307 1057 2400 1109 καὶ
2426 1057 2556 1128 περὶ
2573 1057 2703 1109 Θεὸν
2722 1056 2827 1126 ἁμέ
2837 1073 2941 1120 σως
2961 1059 3242 1128 ἑστηκυῖα.
3263 1060 3372 1111 Καὶ
3395 1060 3728 1128 σημειωτέο»

2150 1149 2231 1202 ὃτι
2273 1148 2332 1201 οὐ
2358 1149 2628 1220 δίδωσινὴ
2661 1151 2908 1219 θεολογία
2949 1153 3070 1214 ταῖς
3111 1149 3282 1214 θείαις
3327 1151 3588 1222 δυνάμεσι
3627 1152 3729 1222 τὴν

2149 1240 2234 1292 ἐπ’
2262 1237 2494 1303 εὐθείας,
2521 1239 2655 1292 ἀλλὰ
2679 1242 2776 1312 τὴν
2798 1241 2982 1311 κύκλῳ
3004 1240 3212 1303 στάσιν,
3238 1240 3381 1292 κατὰ
3400 1241 3480 1292 τόο
3510 1241 3730 1303 Κύκλῳ

2147 1332 2332 1385 αὐτοῦ
2367 1333 2404 1398 ἠ
2429 1332 2629 1399 σκηνὴ
2654 1333 2859 1386 αὐτοῦ.
2898 1331 3005 1402 Τὴν
3027 1332 3084 1385 δὲ
3110 1334 3322 1404 κίνησιν
3343 1332 3436 1386 καὶ
3460 1333 3728 1402 κυκλικὴν

2146 1421 2347 1483 δίδωσι,
2385 1421 2478 1472 καὶ
2525 1422 2644 1473 κατ’
2696 1422 2932 1485 εὐθεῖαν,
2971 1422 3066 1475 καὶ
3114 1421 3401 1490 ἑλικοειδῆ,
3442 1421 3518 1484 ὡς
3561 1421 3730 1484 αὐτός

2148 1531 2312 1583 φησιν
2345 1515 2401 1566 ὲν
2427 1513 2504 1584 τῷ
2525 1514 2768 1584 τετάρτῳ
2794 1514 3072 1584 κεραλαίῳ
3091 1513 3186 1566 τοῦ
3215 1513 3352 1581 Περὶ
3383 1514 3557 1566 θείων
3585 1515 3724 1568 ὅνο-

2139 1601 2346 1670 μάτων
2398 1602 2638 1672 βιϐλίου·
2694 1603 2956 1674 κυκλικὴν
3005 1605 3123 1674 μὲν,
3179 1605 3268 1656 ὅτε
3304 1607 3426 1666 ταῖς
3465 1603 3730 1675 ἁνάρχος

2144 1691 2387 1746 ὲνοῦνται
2423 1691 2516 1744 τοῦ
2556 1691 2721 1744 καλοῦ
2767 1693 2861 1745 καὶ
2899 1693 3104 1760 ἀγαθοῦ
3141 1693 3461 1763 ὲλλάμψεσι,
3507 1696 3601 1746 καὶ
3644 1697 3731 1756 εἰς

2141 1784 2272 1837 Θεὸν
2302 1784 2558 1856 ρέπουσιο
2588 1785 2688 1853 τὴν
2729 1785 2815 1835 ἐπ’
2865 1784 3079 1848 εὐθείας
3119 1785 3195 1848 δὲ,
3237 1784 3436 1838 ὁπόταν
3463 1787 3728 1856 προΐωσιν

2143 1877 2223 1938 εἰς
2247 1876 2343 1948 τὴν
2382 1876 2490 1929 τῶν
2537 1876 2844 1946 ὐφειμένων
2883 1875 3160 1947 πρόνοιαν,
3198 1876 3317 1928 τότε
3356 1875 3485 1947 γάρ,
3519 1877 3729 1939 εὐθέως

3447 1971 3576 2022 ὃταν
3623 1970 3728 2023 καὶ.

2150 2059 2497 2126 προνοοῦντες
2511 2060 2616 2113 τῶν
2629 2061 2946 2113 καταδεεστέ
2954 2078 3058 2130 ρων
3074 2063 3473 2131 ἁνεκςοιτήτως
3489 2062 3729 2132 μένωσιν

2146 2153 2204 2205 ἐν
2243 2153 2552 2222 ταύτότητι,
2586 2153 2714 2224 περὶ
2742 2153 2803 2204 τὸ
2838 2151 2940 2223 τῆς
2974 2153 3300 2222 ταύτότητος
3341 2154 3514 2206 αἴτιον
3555 2153 3729 2206 καλὸν

2143 2243 2238 2296 καὶ
2269 2243 2468 2308 ἀγαθὸν
2494 2243 2886 2313 ἁκαταλήκτως
2915 2240 3380 2315 περιχορεύοντες.
3413 2243 3583 2297 Τοῦτο
3610 2246 3728 2316 γάρ

2143 2338 2256 2389 ἐστι
2299 2336 2392 2388 καὶ
2432 2335 2494 2389 τὺ
2534 2337 2642 2388 τῶν
2689 2336 2934 2404 ἀγγέλων
2980 2335 3374 2408 περιχάρευμα,
3418 2339 3451 2407 ἠ
3502 2335 3728 2402 αἰώνιος

2142 2429 2270 2500 περὶ
2298 2427 2433 2482 Θεοῦ
2461 2427 2683 2497 γνῶσις,
2722 2431 2754 2500 ἡ
2799 2427 2941 2482 κατὰ
2982 2428 3178 2481 κύκλον
3215 2431 3535 2500 ἀεικινήτως
3577 2431 3728 2502 ἱδρυ-

2145 2521 2279 2593 μένη
2327 2523 2407 2585 είς
2444 2521 2506 2573 τὸ
2541 2522 2694 2584 αὐτὸ,
2736 2522 2831 2574 καὶ
2867 2520 3022 2573 τοῦτο
3065 2522 3130 2574 ὲκ
3167 2521 3261 2575 τοῦ
3311 2522 3553 2576 Ἡσαΐου·
3607 2524 3724 2576 Καὶ

2139 2613 2400 2682 Σεραρὶμ
2431 2613 2818 2679 εἰστήκεισαν
2845 2615 3048 2677 κύκλῳ
3071 2614 3255 2667 αὐτοῦ
3278 2631 3290 2644 ο
3317 2615 3409 2668 καὶ
3433 2632 3728 2688 παρακατ·

2140 2701 2255 2754 ιὼν·
2336 2701 2466 2766 Ταῖς
2523 2701 2706 2755 δυσὶν
2763 2700 3085 2763 ἐπέταντο,
3145 2702 3296 2772 φησί.
3356 2702 3480 2764 Πῶς
3535 2703 3722 2755 τοίνυν

2139 2793 2380 2846 ἵστανται
2410 2793 2525 2862 ἅμα
2568 2792 2660 2845 καὶ
2695 2791 3003 2856 κινοῦνται;
3029 2792 3187 2862 δῆλον
3248 2788 3340 2844 οὖν
3364 2794 3444 2846 ὅτι
3470 2793 3724 2849 ἵστανται

2142 2883 2240 2953 μὲν
2270 2885 2396 2954 περὶ
2423 2883 2485 2936 τὸ
2525 2883 2678 2944 αὐτὸ,
2710 2881 2982 2934 κινοῦνται
3009 2881 3066 2934 δὲ
3095 2887 3230 2954 προς
3256 2883 3471 2953 ἐκείνην
3497 2882 3596 2954 τὴν
3627 2883 3728 2936 Ελ-

2137 2974 2360 3044 λαμψιν.
2417 2975 2504 3037 Ὠς
2543 2974 2651 3045 γὰρ
2689 2975 2751 3026 τὸ
2783 2975 2889 3026 πᾶν
2920 2973 3096 3036 τοῦτο,
3144 2970 3273 3044 φέρε
3321 2975 3514 3040 εἰπεῖν,
3555 2975 3615 3026 ἐν
3638 2973 3726 3046 τῷ

2137 3066 2320 3136 κύκλῳ
2350 3065 2634 3127 κινεῖσθαι,
2665 3067 2758 3118 καὶ
2783 3063 3086 3136 ἀεικίνητόν
3121 3068 3257 3128 ὲστι,
3294 3067 3388 3118 καὶ
3425 3067 3687 3137 ἀκίνητον

2137 3155 2392 3228 ἀκίνητον
2419 3159 2514 3228 μὲν
2542 3157 2682 3209 κατὰ
2706 3156 2766 3209 τὸ
2787 3158 2927 3219 ὅλον,
2951 3157 3011 3209 οὐ
3035 3157 3144 3228 γὰρ
3170 3159 3233 3210 ἐκ
3255 3158 3420 3210 τόπου
3451 3160 3530 3220 εἰς
3551 3159 3726 3213 τόπον

2141 3242 2473 3314 μεταϐαίνει,
2510 3245 2814 3313 ἀεικίνητον
2849 3245 2904 3297 δὲ
2934 3245 3075 3298 κατὰ
3112 3246 3180 3298 τὰ
3212 3246 3349 3318 μέρη
3371 3263 3385 3276 ⁸
3415 3247 3558 3300 οῦτω
3603 3266 3726 3313 πως

2146 3335 2249 3388 νόει
2299 3335 2392 3388 καὶ
2437 3335 2535 3406 τὴν
2579 3336 2838 3407 οὐρανίαν
2868 3338 3292 3409 ,περιχόρευσιψ
3345 3341 3440 3393 καὶ
3480 3339 3596 3413 γὰρ
3623 3343 3724 3395 καὶ

2136 3425 2275 3495 αῦτη
2315 3428 2637 3496 ἁεικινήτως
2679 3429 2908 3498 ἵδρυται,
2953 3425 3116 3481 οἱονεὶ
3147 3430 3320 3497 παγία
3371 3431 3543 3501 μένει,
3590 3431 3718 3504 περὶ

2132 3519 2194 3570 τὸ
2229 3518 2360 3571 αὐτὸ
2404 3519 2491 3571 ἀεὶ
2521 3519 2879 3589 στρεφομένη,
2907 3521 3127 3572 κάκεῖσε
3165 3522 3412 3585 νεύουσα,
3443 3523 3584 3592 ὅπερ
3617 3525 3724 3576 οὐκ

2134 3610 2200 3664 ἂν
2253 3609 2465 3667 γένοιτο
2515 3609 2732 3664 πώποτε
2771 3613 2864 3664 ἐπὶ
2901 3612 3000 3681 τῆς
3045 3613 3130 3665 ἐπ’
3173 3613 3386 3677 εὐθείας
3423 3615 3720 3685 κινήσεως.

2133 3710 2322 3764 Τοίνυν
2365 3710 2459 3763 καὶ
2502 3711 2624 3764 ἐπεὶ
2661 3712 3088 3784 τοιουτοτρόπως
3132 3712 3270 3784 πρὸς
3314 3713 3374 3766 τὺ
3419 3713 3578 3767 Θεῖον
3625 3719 3719 3771 ἀεὶ

2131 3801 2299 3865 νεύει,
2352 3802 2555 3865 πολλὰς
2598 3804 2695 3873 μὲν
2730 3804 2824 3856 καὶ
2869 3801 3145 3875 μακαρίας
3180 3807 3281 3876 ὁρᾷ
3320 3805 3574 3875 θεωρίας,
3613 3825 3721 3862 κα-

2131 3893 2312 3964 θαρῶς
2336 3895 2477 3948 κατὰ
2499 3897 2597 3965 τὴν
2625 3896 2820 3966 ἑαυτῆς
2849 3895 2981 3959 ἕξιν,
3009 3897 3068 3948 οὐ
3093 3895 3235 3948 κατὰ
3257 3896 3354 3967 τὴν
3379 3897 3527 3949 θείαν
3555 3900 3723 3953 ἀκτι-

2129 3987 2392 4050 νοϐολίαν,
2420 3987 2601 4050 καθὼς
2629 3988 2762 4057 ἔχει,
2791 3988 2913 4040 ἐπεὶ
2935 3989 3028 4040 καὶ
3049 4003 3115 4040 πε
3127 3987 3544 4058 ρικαλύπτονται
3571 3992 3724 4046 κατά

2127 4077 2226 4139 τὰς
2250 4075 2358 4128 τῶν
2384 4073 2677 4146 προφητῶν
2700 4074 2994 4143 Θεολογίας.
3041 4073 3176 4124 Ἀλλ’
3207 4073 3282 4136 ὡς
3315 4073 3501 4143 βλέπει
3528 4076 3559 4126 ὁ
3585 4079 3723 4131 τοὺς

2127 4176 2436 4246 ὀφθαλμοὺς
2458 4176 2714 4243 ὑγιαίνων
2743 4173 2832 4227 τὸν
2859 4175 3008 4245 ἥλιον
3027 4173 3302 4238 καθαρῶς,
3326 4173 3543 4234 πάντως
3567 4173 3722 4227 κατὰ

2125 4270 2223 4340 τὴν
2255 4267 2448 4321 ἑαυτοῦ
2477 4268 2612 4331 ἕξιν,
2643 4267 2853 4330 οὐδενὸς
2895 4266 3142 4338 ἐμποδὼν
3168 4266 3459 4336 γενομένου
3490 4267 3617 4319 ὅσον
3649 4270 3716 4320 ὲκ

2125 4360 2232 4412 τῶν
2273 4359 2566 4430 ὀφθαλμῶν
2596 4357 2784 4421 αὐτοῦ,
2816 4358 2927 4412 ἀλλ’
2959 4359 3011 4410 εἴ
3039 4376 3091 4410 τι
3131 4357 3196 4410 ἂν
3225 4358 3307 4428 εἴη
3338 4357 3398 4409 τὸ
3426 4358 3717 4427 ἐμπόδιον,

2124 4450 2226 4520 τῆς
2247 4449 2342 4503 τοῦ
2370 4450 2522 4522 ἡλίου
2551 4449 2925 4512 ἀκτινοϐολίας
2953 4449 3124 4511 ἐστὶν,
3153 4448 3229 4512 ὡς
3264 4448 3338 4519 μὴ
3369 4449 3528 4518 φύσιν
3552 4452 3722 4520 ἐχού-

2126 4559 2226 4612 σης
2254 4542 2642 4613 πληρεστάτως
2671 4541 3018 4605 ἐπιπολάζειν
3047 4544 3159 4603 τοῖς
3188 4541 3483 4611 ὀφθαλμοῖς
3502 4559 3516 4572 ·
3548 4544 3722 4598 τοῦτο

453 4635 673 4698 nicnte;
724 4636 817 4689 sed
862 4635 906 4689 si
961 4637 1102 4704 quod
1156 4637 1503 4691 obstaculum
1559 4639 1652 4701 sit,
1718 4641 1768 4693 id
1817 4642 2019 4696 accidit

2136 4635 2234 4688 adat
2282 4635 2375 4689 καὶ
2421 4635 2513 4688 ἐπὶ
2556 4635 2664 4688 τῶν
2711 4635 2868 4686 Θείων
2905 4633 3204 4704 δυνάμεων.
3247 4635 3357 4686 Καὶ
3400 4633 3543 4686 οὐτω
3609 4638 3719 4706 μὲν

449 4723 725 4776 emissioui
773 4725 1050 4778 radiorqu
1099 4725 1254 4790 solis,
1305 4737 1363 4778 ut
1406 4742 1527 4795 qum
1581 4740 1816 4797 nequeat
1865 4732 2021 4799 plene

448 4814 622 4866 oculis
657 4829 717 4867 se
750 4816 1044 4871 immittere
1086 4840 1096 4872 :
1139 4817 1279 4871 idem
1315 4820 1492 4885 cogita
1527 4821 1690 4872 etiam
1719 4821 1771 4874 in
1807 4823 2024 4876 virtuti-

448 4903 548 4957 bus
568 4904 792 4959 divinis.
815 4907 991 4976 Atque
1014 4910 1085 4962 ita
1116 4910 1333 4978 quidem
1361 4925 1498 4979 pure
1528 4914 2018 4982 contemplationes

450 4995 731 5062 intuetur,
771 4996 1079 5052 illustratur
1113 5012 1292 5054 autem
1341 4995 1683 5070 simplicibus
1725 5015 1780 5057 et
1819 5005 2016 5059 imme-

447 5086 612 5142 diatis
641 5091 1130 5154 coruscationibus,
1168 5103 1221 5147 et
1254 5109 1607 5164 nequaquam
1645 5095 2019 5152 mediantibus

446 5180 708 5250 symbolis
731 5197 852 5250 qua:
881 5183 1032 5250 prius
1071 5187 1739 5255 vocavitcompositiones.
1769 5187 2014 5242 Satiatur

443 5285 607 5340 porro
650 5273 830 5329 divino
865 5274 1020 5338 cibo,
1074 5275 1240 5329 nmlto
1287 5277 1469 5343 simul,
1513 5288 1569 5332 et
1618 5293 1772 5332 uno:
1822 5279 2010 5346 multo,

444 5358 553 5432 ⁷ο
581 5363 876 5417 secundum
909 5361 1288 5427 diﬂusionem;
1337 5382 1469 5430 uno,
1502 5366 1630 5434 quia
1669 5367 1890 5421 minime
1919 5383 2012 5420 va-

445 5452 523 5504 ria
557 5461 642 5506 est
673 5461 728 5506 et
757 5453 955 5506 unilica
985 5457 1266 5509 comestio.
1309 5455 1582 5511 Comcstio
1613 5465 1791 5510 autem
1825 5458 2007 5510 cibus-

441 5558 547 5611 que
580 5543 920 5614 angelorum,
961 5555 1046 5602 est
1075 5545 1363 5603 illustratio
1391 5559 1446 5604 et
1481 5550 1754 5615 eruditio;
1793 5550 1835 5604 si
1861 5550 2006 5603 enim

513 5716 537 5756 ιι
576 5717 719 5775 Psal.
769 5737 933 5789 xxxv,
968 5721 1052 5778 lO.
1135 5721 1151 5763 ι
1193 5723 1336 5781 Psal.
1385 5740 1519 5785 χιιι.
1565 5724 1647 5780 l2.

1753 5733 1789 5756 "
1817 5725 1918 5780 lsa.
1948 5741 2024 5790 vt.
2047 5725 2103 5782 ἓ.

2124 4727 2378 4799 καθαρῶς
2411 4727 2512 4790 τὰς
2541 4725 2772 4798 θεωρίας
2798 4727 2920 4796 ὁρᾷ,
2951 4725 3283 4795 ὲλλάμπεται
3314 4726 3371 4778 δὲ
3398 4725 3495 4790 τὰς
3525 4729 3720 4794 ἁπλᾶς

2123 4819 2215 4872 καὶ
2241 4819 2481 4890 ἀμέσους
2512 4818 2897 4890 μαρμαρυγὰς,
2939 4819 3000 4872 οὐ
3034 4817 3132 4881 τὰς
3169 4818 3256 4870 διὰ
3287 4819 3467 4888 μέσων
3501 4823 3719 4890 συμϐό-

2121 4907 2247 4971 λων,
2278 4910 2344 4973 ἃς
2371 4909 2433 4981 δὴ
2455 4911 2550 4964 καὶ
2581 4909 2854 4972 συνθέσεις
2884 4909 3077 4982 πρῴην
3108 4909 3383 4962 ἐκάλεσεν.
3428 4911 3718 4984 Ἀποπλη-

2122 5000 2310 5072 ροῦται
2336 5001 2391 5054 δὲ
2426 5002 2526 5071 τῆς
2572 5001 2723 5064 θείας
2748 5001 2974 5072 τροφῆς,
3007 5000 3206 5070 πολλῆς
3235 5001 3371 5071 ἅμα,
3404 5003 3498 5054 καὶ
3528 5006 3668 5072 μιᾶς
3699 5024 3712 5036 ο

2119 5093 2320 5163 πολλῆς
2375 5093 2516 5146 κατὰ
2559 5094 2657 5163 τὴν
2719 5091 2896 5163 χύσιν,
2947 5095 3075 5163 μιᾶς
3127 5095 3210 5146 ὅτι
3253 5094 3565 5157 ἁποίκιλτος
3605 5097 3716 5149 καὶ

2115 5185 2356 5248 ἐνοποιὸς
2403 5187 2435 5255 ὴ
2497 5185 2758 5247 ἑστίασις.
2819 5185 3092 5248 Ἐστίασις
3123 5183 3179 5238 δὲ
3226 5187 3321 5238 καὶ
3364 5186 3537 5256 τροφὴ
3589 5189 3710 5242 τῶν

2113 5275 2359 5343 ἀγγέλων
2395 5276 2666 5347 πάντωςή
2698 5277 2960 5348 ἔλλαμψις
2993 5278 3086 5331 καὶ
3119 5280 3150 5348 ἡ
3195 5277 3430 5348 μάθησις
3452 5295 3466 5308 ο
3503 5281 3552 5330 εἰ
3587 5281 3709 5349 γὰρ

2111 5368 2204 5420 καὶ
2228 5369 2260 5437 ἡ
2297 5368 2530 5438 μάθησις
2553 5369 2725 5440 τροφὴ
2753 5369 2844 5422 τοῦ
2869 5371 3159 5441 τρέφοντος
3189 5370 3402 5436 λέγεται
3429 5370 3572 5423 κατὰ
3605 5371 3705 5424 τὸν

2109 5457 2368 5526 Θεολόγον
2393 5461 2486 5513 καὶ
2519 5462 2692 5531 μέγαν
2718 5463 3037 5533 Γρηγόριον,
3075 5461 3251 5532 πολλῷ
3276 5479 3336 5529 γε
3367 5461 3566 5531 μᾶλλον
3600 5466 3705 5516 καὶ.

2109 5550 2141 5619 ἡ
2182 5549 2418 5621 μάθησις
2441 5553 2615 5625 τροφὴ
2641 5553 2706 5606 ἂν
2739 5553 2831 5606 τοῦ
2858 5554 3190 5626 τρεφομένου
3221 5552 3448 5623 λέγοιτο.
3486 5552 3615 5616 Πῶς
3641 5553 3704 5608 δὲ
