3908 6232
181 329 293 390 2315

182 459 216 523 ἡ
253 454 502 514 ἑστίασις
537 450 852 513 ἁποίκιλτος
884 452 978 503 καὶ
1023 447 1307 513 ἐνοποιός;

182 549 284 601 οὐκ
318 546 381 611 ἐξ
417 543 595 599 ἄλλων
625 544 718 596 καὶ
750 542 923 596 ἄλλων
964 541 1321 612 συγκειμένη,
1358 538 1459 600 ,νῦν
1496 540 1593 610 μὲν
1625 538 1790 609 τυχὸν

183 639 484 710 νοστίμων,
523 635 618 690 νῦν
649 635 706 690 δὲ
728 636 789 688 οὐ
822 633 1098 695 τοιούτων,
1136 631 1248 686 ἀλλ’
1272 632 1367 702 ὅλη
1393 632 1666 702 νόστιμος,
1697 631 1792 684 καὶ

185 733 394 804 ἀγαθὴ,
431 732 530 785 καὶ
562 729 830 792 θεοποιὸς,
858 729 951 782 καὶ
982 726 1256 796 ἀγνοοῦσα
1283 724 1513 780 καθόλου
1539 724 1628 793 τὸν
1655 723 1792 791 ίλιγ-

185 845 306 897 γον,
352 825 544 888 καθὼς
576 826 671 880 καὶ
707 823 898 894 πρώην
931 823 1212 894 ἐλέγομεν.
1251 821 1328 874 Οὐ
1374 822 1558 891 χεῖρον
1605 817 1661 871 δὲ
1697 818 1790 870 καὶ

185 922 286 992 τὴν
319 919 420 972 τοῦ
468 917 562 971 νοῦ
597 915 862 986 κυκλικὴν
894 915 1108 986 κίνησιν
1143 911 1506 984 καταμαθεῖν.
1543 909 1790 979 Λέγομεν

184 1013 394 1076 τοίνυν,
431 1012 516 1064 ὅτι
550 1011 659 1063 πᾶν
690 1007 753 1061 τὺ
783 1005 900 1070 νοῦ,
935 1007 968 1078 ἢ
1001 1004 1126 1069 νοῦς
1157 1005 1216 1058 ὃν
1249 1006 1382 1068 νοεῖ,
1409 1003 1442 1074 ἣ
1477 1001 1600 1055 νοῦν
1634 1000 1786 1072 ἔχονο

183 1109 213 1159 ὁ
247 1105 350 1172 μὲν
384 1103 514 1166 νοῦς
547 1102 624 1156 ὣν
662 1099 897 1172 πρώτως
928 1101 1066 1151 νοεῖ·
1103 1097 1165 1151 τὸ
1195 1096 1253 1150 δὲ
1284 1094 1410 1149 νοῦν
1455 1094 1580 1165 ἔχον
1613 1092 1793 1146 δευτέ-

185 1215 296 1270 ρως
318 1199 459 1250 νοεῖ.
493 1193 648 1248 Καθὸ
678 1191 812 1262 γοῦν
845 1190 970 1253 νοῦς
1001 1189 1075 1242 ὣν
1102 1191 1233 1254 νοεῖ,
1269 1186 1535 1241 κινεῖσθαι
1568 1183 1788 1252 λέγοιτο

183 1290 246 1343 ἄν
270 1305 284 1318 °
324 1287 470 1342 καθὸ
503 1285 560 1338 δὲ
587 1284 965 1354 ἀνακάμπτων
998 1281 1091 1333 καὶ
1127 1277 1256 1350 περὶ
1291 1276 1452 1330 αὑτὸν
1481 1274 1788 1345 γινόμενος,

182 1380 382 1434 ἑαυτὸν
401 1380 534 1441 νοεῖ,
553 1377 646 1430 καὶ
668 1374 760 1428 τὸν
782 1371 890 1443 πρὸ
914 1370 1080 1424 αὐτοῦ
1108 1369 1168 1433 ἐξ
1183 1365 1246 1425 οῦ
1277 1367 1528 1437 συνέστη,
1556 1365 1790 1436 κυκλικὴ

182 1476 488 1528 ἐπινοεῖται
537 1471 571 1541 ἡ
605 1469 841 1539 κίνησις.
898 1466 986 1527 Ὡς
1019 1460 1113 1517 οῦν
1146 1464 1211 1514 ὲκ
1257 1459 1395 1513 θεοῦ
1441 1458 1793 1530 βουληθέντος

182 1565 546 1638 προϐληθεὶς,
594 1562 726 1632 περὶ
757 1560 858 1629 τὴν
900 1555 996 1611 τοῦ
1030 1553 1166 1608 Θεοῦ
1200 1553 1386 1624 ἔφεσιν
1421 1553 1514 1606 καὶ
1548 1553 1790 1622 ἀγάπην,

181 1664 255 1724 ὡς
289 1661 429 1731 περὶ
462 1659 714 1727 κέντρον,
751 1655 941 1708 ἔσται’
979 1651 1039 1705 οὐ
1072 1650 1182 1722 γὰρ
1215 1647 1435 1703 ἑνοῦται
1465 1647 1534 1700 τὰ
1569 1646 1794 1716 δεύτερα

180 1761 292 1820 τοῖς
319 1755 436 1826 πρὸ
459 1751 666 1813 αὐτῶν,
695 1747 834 1802 ἀλλὰ
854 1744 1044 1818 χορείᾳ.
1065 1744 1178 1796 τινὶ
1199 1741 1260 1795 τὸ
1291 1740 1575 1812 γινόμενον
1611 1739 1754 1793 ἔοικε
1775 1755 1788 1770 ⁸

180 1845 470 1907 κυκλικῶς
493 1843 605 1914 γὰρ
637 1840 746 1894 τῶν
784 1837 1163 1908 γεννωμένων,
1192 1835 1300 1888 τῶν
1323 1833 1637 1902 γεννώντων
1670 1834 1792 1886 ἐπι-

179 1938 521 2012 δράττεσθαι
553 1933 857 2005 ἐφιεμένων
881 1949 894 1960 ·
928 1930 1086 2002 μόνον
1121 1930 1178 1983 δὲ
1204 1926 1669 2000 περιαθρούντων,
1697 1927 1793 1981 καὶ

179 2033 271 2086 τοῦ
307 2030 534 2085 ἐκεῖθεν
577 2028 808 2089 κάλλους
839 2020 1366 2094 ἀποπληρουμένων.
1404 2018 1478 2072 Τὸ
1507 2013 1600 2072 οὖν
1634 2020 1692 2072 ὲν
1724 2022 1791 2091 τῇ

181 2127 370 2196 νοήσει
396 2121 542 2194 πρὸς
567 2119 630 2172 τὺ
662 2117 770 2190 πρὸ
799 2113 995 2170 ἑαυτοῦ
1024 2109 1498 2182 ὲπεστραμμένον,
1527 2108 1795 2179 κυκλικῆς

181 2218 462 2286 κινήσεως
514 2212 724 2266 ἔννοιαν
765 2209 1000 2276 εἰσάγει.
1067 2204 1222 2259 Ἐπεὶ
1266 2199 1359 2258 οὖν
1407 2199 1684 2272 πανταχοῦ
1734 2201 1796 2252 τὸ

181 2311 361 2371 Θεῖθν,
396 2307 472 2360 τὰ
506 2301 786 2374 πανταχοῦ
813 2299 965 2371 αὐτῷ
992 2293 1513 2359 συνακολουθοῦντα,
1539 2294 1634 2347 καὶ
1661 2291 1795 2345 αὐτὸ

180 2404 327 2456 νοεῖν
366 2401 461 2453 ἀεὶ
495 2395 775 2460 ἐθέλοντα,
811 2393 904 2445 ἐπὶ
934 2390 1110 2460 τούτῳ
1144 2387 1474 2457 ἀγάλλονται
1511 2383 1607 2439 καὶ
1641 2400 1798 2455 περι-

181 2495 540 2569 χορεύουσιν,
577 2489 767 2560 ὥσπερ
813 2489 883 2557 τῇ
925 2485 1109 2556 νοήσει
1154 2480 1517 2552 κυκλούμενα.
1566 2478 1796 2546 Λέγεται

183 2588 317 2658 γοῦν
352 2587 486 2650 νοῦς
517 2587 577 2637 ὲν
602 2579 780 2652 ἑαυτῷ
808 2574 972 2642 εἶναι,
1004 2577 1099 2631 καὶ
1129 2575 1267 2646 πρὸς
1290 2573 1482 2628 ἑαυτὸν
1509 2570 1760 2624 σπεύδειν
1785 2586 1793 2594 ·

182 2675 228 2748 ᾧ
261 2681 362 2749 μὲν
399 2673 497 2730 οὖν
534 2677 591 2727 ὲν
627 2670 805 2742 ἑαυτῷ
851 2671 991 2733 ἐστι,
1029 2667 1220 2721 στάσιν
1265 2665 1412 2736 ἔχει·
1463 2661 1607 2717 κατὰ
1638 2661 1695 2715 δὲ
1738 2660 1799 2714 τὸ

183 2773 327 2845 πρὸς
362 2769 565 2826 ἑαυτὸν
601 2765 873 2830 σπεύδειν,
908 2764 1163 2826 κινεῖται,
1204 2761 1278 2832 μὴ
1316 2757 1642 2830 βουλόμενος
1680 2757 1798 2810 δια-

182 2865 408 2939 χεῖσθαι
477 2864 561 2924 εἰς
615 2859 716 2924 τὰς
779 2855 1087 2930 προσύλους
1133 2854 1226 2907 καὶ
1279 2851 1570 2924 ἀλλοτρίας
1633 2848 1800 2904 αὐτοῦ

183 2959 436 3024 νοήσεις·
492 2951 639 3007 κατὰ
689 2953 786 3022 μὲν
827 2944 922 3004 οῦν
951 2947 1014 3002 τὸ
1056 2945 1470 3014 ταὺτοκίνητον,
1526 2945 1797 2996 κινεῖται·

184 3049 335 3105 κατᾶ
360 3048 422 3101 δὲ
445 3047 550 3117 τὴν
575 3044 764 3097 οὐσίαν
789 3041 977 3096 στάσιν
998 3039 1113 3094 ἀλλ’
1146 3039 1207 3092 οὺ
1231 3037 1445 3107 κίνησιν
1474 3035 1606 3107 ἔχει.
1645 3032 1801 3087 Ἔστι

186 3142 373 3195 τοίνυν
406 3139 506 3193 καὶ
537 3138 632 3190 ἐπὶ
675 3133 784 3188 τῶν
823 3133 982 3188 θείων
1027 3132 1124 3186 καὶ
1153 3130 1423 3203 οὐρανίων
1470 3128 1606 3181 νόων
1654 3125 1802 3198 ὁρμὴ
1831 3151 1873 3210 C

185 3235 286 3289 καὶ
308 3233 554 3301 κίνησις,
585 3231 619 3299 ἡ
649 3226 787 3300 πρὸς
815 3225 877 3278 τὸ
897 3224 1052 3278 Θεῖον
1079 3223 1284 3293 ἔφεσις,
1314 3223 1411 3275 καὶ
1451 3223 1484 3291 ἡ
1515 3220 1641 3291 περὶ
1668 3217 1801 3272 αὐτὸ

185 3326 266 3390 ὡς
317 3324 455 3394 περὶ
513 3322 740 3392 κέντρον
797 3317 1033 3388 κυκλικὴ
1086 3315 1275 3387 χορεία
1307 3354 1321 3379 ,
1367 3314 1444 3377 ὡς
1496 3314 1530 3383 ἡ
1573 3309 1668 3365 τοῦ
1706 3310 1804 3364 κύ-

188 3420 322 3473 κλου
360 3417 500 3488 περὶ
529 3416 592 3468 τὸ
618 3413 846 3484 σημεῖον
879 3412 1001 3482 ἦτοι
1035 3409 1282 3480 κέντρον,
1319 3408 1412 3476 ἀφ’
1444 3401 1506 3461 οῦ
1540 3404 1799 3475 συνέστη.

189 3513 304 3566 Καὶ
338 3509 458 3581 γὰρ
492 3507 588 3562 καὶ
637 3503 782 3560 κατὰ
829 3502 1066 3574 φυσικὴν
1103 3503 1352 3571 ἀνάγκην
1409 3501 1640 3554 ἕκαστον
1695 3498 1806 3550 τῶν

188 3606 371 3656 ὅντων
413 3602 519 3671 τὴν
562 3598 694 3670 περὶ
723 3597 818 3650 τὸν
863 3596 997 3650 Θεὸν
1038 3594 1259 3666 χορεύει
1287 3591 1531 3664 χορείαν,
1585 3589 1807 3660 ἐφιέμε-

191 3711 284 3748 νον
344 3693 446 3747 τοῦ
494 3691 672 3746 αἰτίου
712 3689 854 3744 κατὰ
880 3689 942 3742 τὸ
987 3683 1148 3740 εἶναι.
1193 3684 1384 3748 οὕτως
1416 3679 1510 3738 οῦν
1552 3683 1683 3754 περὶ
1711 3679 1805 3732 τὸν

191 3786 424 3840 πάντων
460 3781 687 3854 βασιλέα
719 3781 898 3834 πάντα
930 3778 1069 3841 ἐστὶ,
1104 3778 1198 3832 καὶ
1229 3777 1438 3831 ἐκείνου
1471 3775 1634 3830 ’ἑνεκα
1667 3772 1808 3827 πάν-

190 3898 285 3946 τα,
320 3880 424 3934 καὶ
471 3879 653 3930 ἐκεῖνο
700 3872 960 3928 ἁπάντων
1007 3868 1190 3924 καλῶν
1237 3868 1410 3923 αἴτιον
1464 3867 1617 3922 Ἐπεὶ
1663 3865 1809 3920 νεύει

193 3973 337 4045 πρὸς
364 3971 528 4032 Θεὸν,
557 3966 760 4037 πολλῆς
789 3962 1080 4026 κοινωνίας
1099 3966 1197 4021 καὶ
1210 3960 1528 4035 συνεργείας
1554 3955 1806 4027 ἠξίωται,

195 4069 256 4121 ἐν
395 4063 538 4135 πρὸς
560 4059 745 4122 αὐτὸν,
769 4058 847 4121 ὡς
872 4055 1117 4126 ἐφικτὸν,
1149 4050 1485 4124 ἀφομοιώσει
1506 4068 1519 4080 ’
1550 4049 1672 4102 ἐπεὶ
1700 4048 1810 4119 γὰρ

196 4161 256 4210 ἐν
289 4155 417 4226 Θεῷ
456 4153 572 4217 ἕξις
609 4151 729 4203 ἐστὶ
761 4149 857 4202 καὶ
892 4147 1168 4218 ἐνέργεια,
1197 4142 1438 4215 δηλονότι
1473 4141 1535 4194 τὸ
1566 4138 1808 4211 καθαρὸν

197 4253 294 4304 καὶ
324 4251 363 4320 ἠ
401 4245 696 4316 κάθαρσις,
736 4241 798 4295 τὸ
829 4241 946 4310 φῶς
981 4242 1078 4295 κα)⁵
1119 4240 1147 4292 ὁ
1182 4237 1482 4309 φωτισμὸς,
1515 4235 1576 4289 τὸ
1605 4234 1810 4289 τέλειον

198 4344 295 4396 καὶ
321 4341 387 4393 τὸ
411 4333 745 4392 τελειοποιὺν
781 4333 1008 4407 (τούτων
1035 4331 1148 4403 γὰρ
1179 4330 1242 4384 τὸ
1274 4329 1372 4401 μέν
1407 4330 1554 4382 ἐστιν
1581 4326 1715 4391 ἕξις,
1746 4323 1810 4379 τὸ

197 4435 255 4487 δὲ
282 4428 589 4501 ἐνέργεια),
616 4427 844 4498 ἠξίωται
878 4425 972 4479 καὶ
1005 4423 1147 4494 αῦτη
1173 4421 1459 4484 κοινωνίας
1488 4419 1595 4472 τῶν
1627 4417 1808 4472 καλῶν

685 324 776 383 DE
807 323 1132 384 COELESTI
1168 325 1618 388 lilERARClllA,
1653 324 1801 382 CAP.
1848 323 1959 380 VII.
1993 353 2062 363 --
2089 321 2442 378 PARAPHR.
2479 321 2950 378 PACHYMERIE.

1359 449 1441 500 ὅτι
1474 447 1646 516 ἁπλῆ,
1696 447 1789 500 καὶ

1904 444 2057 498 aliam
2101 442 2338 497 eruditio
2387 443 2540 497 cibus
2574 442 2871 498 nutrientis
2934 441 3256 514 appellatur,
3309 442 3473 512 juxta

3367 326 3476 382 εει

1896 536 2207 606 theologum
2254 550 2618 606 magnumque
2650 535 2978 605 Gregorium
3009 575 3024 600 ,
3083 537 3254 588 multo
3301 537 3480 602 inagis

1893 626 2060 682 etiam
2089 625 2327 680 eruditio
2371 626 2528 679 cibus
2558 627 2757 680 eruditi
2804 625 2909 680 dici
2961 626 3153 696 possit.
3192 626 3482 692 Quomodo

1894 730 2076 774 autem
2109 718 2226 773 haec
2255 719 2525 773 comestio
2559 719 2788 774 minime
2816 719 2966 774 varia
2988 727 3044 774 et
3069 717 3272 774 uniﬁca
3297 719 3321 772 ?
3352 721 3479 788 quia

1895 813 2124 878 simplex
2164 819 2272 873 est,
2303 821 2360 866 et
2392 827 2496 865 non
2547 827 2613 866 ex
2647 811 2771 866 aliis
2802 821 2968 882 atque
3002 812 3123 866 aliis
3151 812 3481 882 composita,

1894 904 2055 958 modo
2087 903 2306 971 quidem
2354 901 2496 956 forte
2528 902 2802 967 dulcibus,
2837 904 3000 958 modo
3031 918 3162 958 vero
3196 920 3302 959 uou
3350 905 3480 959 tali—

1893 992 2019 1056 bus,
2052 992 2144 1045 sed
2179 1000 2292 1045 tota
2325 991 2497 1047 dulcis
2526 1002 2630 1057 est,
2658 1002 2712 1047 et
2741 995 2907 1057 bona,
2938 1002 2995 1048 et
3031 993 3252 1059 deiﬁca,
3283 1004 3338 1050 et
3363 1011 3483 1050 om-

1896 1086 2026 1139 nino
2061 1084 2308 1138 nesciens
2350 1085 2696 1154 vertiginem,
2735 1085 2878 1140 sicut
2907 1087 3072 1140 etiam
3107 1097 3236 1143 ante
3259 1087 3485 1143 diceba-

1895 1191 2037 1230 mus.
2074 1174 2257 1244 Neque
2289 1191 2420 1230 vero
2447 1177 2678 1231 minoris
2713 1178 2970 1232 momenti
3006 1186 3113 1239 est,
3151 1178 3484 1235 circularem

1899 1277 2106 1320 motum
2137 1279 2494 1334 cognoscere.
2556 1265 2796 1321 Dicimus
2835 1267 3020 1337 itaque
3047 1271 3226 1338 quoad
3257 1271 3474 1327 intelle-

1896 1368 2064 1419 ctum,
2095 1357 2676 1427 quidlibetintelligere
2708 1358 2794 1412 vel
2822 1371 2881 1414 ut
2914 1360 3226 1416 intellectus
3255 1373 3361 1426 est,
3395 1364 3484 1418 vel

1896 1451 1949 1504 in
1994 1459 2257 1520 quantum
2307 1450 2471 1504 habet
2515 1449 2880 1505 intellectum.
2929 1451 3033 1519 Qui
3069 1453 3286 1522 quidem
3323 1455 3489 1510 intel-

1899 1543 2076 1599 lectus
2109 1555 2218 1609 est,
2250 1544 2514 1613 primario
2542 1545 2827 1616 intelligit;
2859 1546 2951 1616 qui
2980 1562 3114 1601 vero
3145 1546 3486 1605 intellectum

1894 1635 2102 1701 habet,
2156 1635 2484 1692 secundario
2541 1635 2824 1708 intelligit.
2863 1637 2920 1692 In
2979 1645 3248 1707 quantum
3300 1639 3488 1709 itaque

1896 1727 2158 1798 intelligit
2193 1738 2254 1782 ut
2291 1728 2607 1783 intellectus
2634 1738 2740 1796 est,
2776 1730 2881 1784 dici
2916 1741 3103 1800 posset
3141 1734 3396 1801 moveri;
3429 1734 3486 1788 in

1895 1825 2160 1886 quantum
2193 1832 2323 1874 vero
2352 1827 2481 1872 actu
2518 1818 2719 1873 reﬂexo
2757 1834 2817 1875 se
2868 1823 3201 1894 recolligens
3230 1826 3489 1894 semetip-

1896 1922 2014 1963 sum
2053 1909 2332 1980 intelligit,
2365 1918 2422 1964 et
2455 1910 2506 1964 id
2542 1926 2571 1964 a
2611 1926 2720 1980 quo
2767 1911 3157 1980 proﬁciscitur,
3189 1916 3488 1971 circularis

1896 2009 2080 2058 motus
2108 2002 2462 2072 intelligitur.
2497 2001 2689 2072 Itaque
2715 2019 2840 2059 cum
2870 2022 2936 2062 ex
2967 2007 3078 2060 Deo
3111 2007 3331 2064 volente
3359 2025 3488 2080 pro-

1897 2095 2072 2152 fectus
2102 2095 2196 2157 sit,
2222 2095 2369 2150 circa
2397 2095 2492 2150 Dei
2519 2095 2850 2151 desiderium
2876 2105 2932 2151 et
2962 2098 3336 2165 dilectionem,
3369 2112 3490 2156 tau-

1897 2201 2059 2257 quam
2088 2187 2238 2242 circa
2264 2193 2540 2250 centrum,
2575 2186 2888 2240 versabitur
2915 2204 2930 2240 :
2965 2203 3073 2241 non
3105 2191 3253 2244 enim
3288 2191 3489 2245 uniun-

1899 2289 1989 2333 tur
2020 2279 2268 2334 secunda
2304 2279 2600 2348 prioribus,
2623 2278 2720 2333 sed
2746 2279 2891 2348 quod
2920 2278 3122 2336 factum
3148 2291 3252 2350 est,
3271 2285 3489 2338 cuidam

1898 2372 2113 2426 chorea:
2137 2379 2516 2439 comparatur,
2545 2369 2674 2424 dum
2700 2371 2961 2424 nimirum
2990 2387 3053 2426 ea
3078 2388 3198 2443 quae
3220 2375 3490 2445 producta

1899 2471 2046 2526 sunt,
2083 2462 2445 2531 productores
2493 2476 2623 2516 suos
2670 2460 2960 2529 complecti
2995 2465 3261 2535 cupiunt;
3313 2465 3491 2521 solum

1898 2565 2081 2609 autem
2117 2553 2172 2607 in
2207 2553 2446 2608 circuitu
2490 2563 2918 2623 congregantur,
2971 2563 3139 2626 atque
3187 2557 3316 2612 inde
3366 2559 3491 2628 pul-

1899 2646 2216 2701 chritudine
2264 2643 2568 2715 replentur.
2625 2648 2782 2714 Quod
2817 2648 3003 2719 itaque
3036 2648 3392 2721 intelligendo
3421 2651 3490 2705 ad

1902 2737 1982 2805 id,
2027 2753 2058 2791 a
2089 2753 2198 2807 quo
2236 2739 2527 2807 processit,
2557 2742 2924 2808 convertitur,
2971 2741 3264 2799 circularis
3310 2753 3492 2800 motus

1902 2829 2322 2902 intelligentiam
2367 2833 2695 2887 introducit.
2740 2832 2876 2887 Cum
2920 2833 3086 2904 igitur
3113 2835 3359 2890 divinum
3387 2835 3495 2890 Nu-

1904 2938 2026 2978 men
2060 2925 2134 2978 sit
2160 2925 2386 2995 ubique,
2419 2940 2481 2979 ea
2510 2939 2632 2994 quae
2663 2925 2866 2995 ubique
2893 2927 3072 2997 ipsum
3097 2928 3489 2998 insequuntur,

1905 3015 2195 3087 ipsumque
2229 3032 2446 3088 semper
2477 3016 2792 3086 intelligere
2820 3018 3153 3086 desiderant,
3189 3021 3240 3074 in
3270 3022 3370 3078 hoc
3398 3038 3496 3077 ex-

1915 3105 2165 3173 sultant,
2221 3116 2278 3162 et
2333 3109 2570 3162 choreas
2615 3107 2843 3172 ducunt,
2898 3116 3086 3177 utpote
3137 3108 3494 3180 intelligendo

1911 3197 2400 3268 circumgyrantia.
2453 3197 2669 3253 Dicitur
2706 3198 2894 3268 itaque
2928 3213 3082 3254 mens
3111 3199 3162 3253 iu
3197 3202 3495 3271 semetipsa

1903 3305 2048 3358 esse,
2080 3300 2138 3348 et
2172 3291 2238 3346 ad
2270 3307 2330 3346 se
2365 3293 2540 3362 ipsam
2585 3306 2890 3362 properare
2919 3309 2933 3345 :
2963 3303 3130 3362 atque
3175 3309 3241 3349 eo
3270 3295 3494 3362 quidem

1904 3385 2050 3454 quod
2085 3384 2140 3439 in
2193 3399 2251 3440 se
2294 3385 2410 3454 ipsa
2457 3395 2562 3452 est,
2614 3394 2825 3442 statum
2866 3386 3068 3452 habet;
3122 3386 3175 3440 in
3228 3398 3493 3456 quantum

1907 3489 2043 3529 vero
2089 3475 2158 3529 ad
2205 3476 2558 3544 semetipsam
2609 3484 2914 3546 properat,
2965 3486 3240 3544 movetur,
3300 3477 3496 3532 nolens

1907 3567 2113 3625 edundi
2149 3568 2203 3622 in
2242 3577 2493 3623 terrenas
2537 3579 2594 3624 et
2627 3569 2835 3625 alienas
2882 3582 2914 3624 a
2951 3583 3011 3626 se
3045 3569 3492 3639 intelligentias;

1910 3663 2096 3732 itaque
2131 3659 2431 3716 secundum
2466 3659 2517 3714 id
2547 3660 2770 3729 quidem
2800 3658 2948 3729 quod
2979 3673 3039 3715 se
3069 3669 3275 3724 movet,
3303 3674 3495 3714 move-

1910 3763 2022 3819 tur,
2052 3752 2355 3809 secundum
2390 3752 2758 3808 substantiam
2788 3763 2971 3808 autem
2994 3761 3224 3818 statum,
3257 3753 3351 3808 sed
3383 3768 3492 3808 nou

1909 3855 2116 3902 motum
2146 3845 2334 3902 habet.
2381 3847 2480 3902 Est
2525 3846 2693 3917 igitur
2728 3845 2894 3900 etiam
2927 3845 2983 3901 in
3013 3845 3219 3901 divinis
3260 3847 3496 3901 coelesti-

1910 3942 2122 4010 busque
2148 3940 2426 3995 mentibus
2458 3939 2698 4009 impetus
2747 3939 2972 4009 quidam
3005 3953 3070 3994 ac
3102 3948 3307 4006 motus,
3361 3939 3496 3996 illud

1910 4033 1978 4086 ad
2009 4032 2255 4088 divinum
2293 4031 2505 4088 Numen
2535 4032 2896 4100 desiderium,
2934 4041 3100 4104 atque
3144 4033 3233 4086 illa
3284 4033 3494 4088 circum

1913 4124 2113 4194 ipsum,
2151 4133 2413 4194 tanquam
2439 4124 2808 4180 circumcirca
2833 4133 3112 4189 centrum,
3138 4126 3363 4189 chorea,
3389 4139 3495 4179 non

1912 4232 2073 4272 secus
2118 4232 2184 4272 ac
2233 4217 2426 4273 circuli
2465 4219 2673 4273 circum
2713 4227 2980 4288 punctum
3018 4231 3114 4271 seu
3164 4226 3417 4271 centrum
3461 4231 3494 4271 a

1913 4324 2023 4379 quo
2091 4309 2360 4366 deductus
2429 4318 2536 4366 est.
2597 4309 2893 4365 Enimvero
2965 4310 3132 4365 etiam
3191 4309 3496 4366 secundum

1913 4403 2016 4474 71
2089 4403 2474 4457 necessitatem
2527 4405 2832 4458 naturalem
2891 4417 2980 4457 res
3035 4399 3298 4472 quaelibet
3343 4401 3495 4457 circa

198 4528 393 4594 ἕξεων,
435 4523 515 4586 ὡς
555 4517 694 4574 εἶναι
734 4519 830 4573 καί
874 4517 1100 4588 ταύτην,
1141 4514 1284 4569 κατὰ
1323 4512 1506 4585 χάριν,
1537 4509 1800 4582 καθαρὰν,

1917 4496 2084 4552 Deum
2118 4497 2380 4552 cboream
2411 4497 2586 4562 ducit,
2619 4497 2745 4552 dum
2779 4511 3002 4552 causam
3027 4509 3182 4551 suam
3211 4493 3385 4548 ambit
3407 4509 3500 4548 se-

203 4620 297 4673 καὶ
345 4617 490 4686 φῶς,
526 4616 621 4669 καὶ
665 4613 904 4667 τελείαψ
939 4609 1168 4681 ἠξίωται
1215 4608 1310 4661 καὶ
1350 4605 1689 4677 συνεργείας,
1726 4603 1802 4667 ὼς

200 4709 497 4780 καθαίρειν
544 4706 640 4758 καὶ
688 4703 914 4775 ταύτην,
950 4703 1045 4756 καὶ
1094 4699 1368 4769 φωτίζειν,
1398 4697 1493 4750 καὶ
1526 4693 1763 4749 τελειοῦν
1787 4711 1799 4724 ’

199 4800 381 4854 πολλὰ
411 4798 470 4851 δὲ
501 4796 783 4865 γινώσκει,
813 4794 926 4848 ἀλλ’
957 4790 1388 4865 ὑπερκειμένως,
1417 4789 1512 4842 καὶ⁵
1557 4788 1620 4841 ού
1665 4784 1808 4840 κατὰ

201 4889 520 4961 ἄνθρωπον,
554 4888 650 4941 καὶ
682 4888 739 4938 ἐν
771 4883 1032 4957 μετουσίᾳ.
1059 4884 1158 4954 τῆς
1184 4881 1334 4944 θείας
1361 4880 1678 4950 ἐπιστήμης
1715 4877 1809 4931 καὶ

198 4982 490 5051 γνώσεως,
523 4979 644 5034 καθ’
676 4980 801 5032 ὅσον
842 4979 978 5040 ἐστὶ,
1005 4977 1234 5045 γίνεται.
1271 4973 1382 5035 Διὸ,
1408 4971 1484 5035 ὡς
1522 4970 1694 5024 πολλὰ
1725 4987 1811 5038 γι-

198 5072 532 5142 νωσκούσης
578 5071 770 5141 αὐτῆς,
801 5069 896 5122 καὶ
947 5067 1150 5138 ὕμνους
1195 5069 1228 5137 ἡ
1273 5063 1522 5132 θεολογία
1567 5065 1678 5126 τοῖς
1718 5063 1812 5114 ἐπὶ

197 5165 309 5235 τῆς
363 5163 720 5234 παραδέδωκε
743 5178 757 5192 ·
793 5163 842 5214 εἰ
873 5160 946 5232 μὴ
979 5160 1090 5230 γὰρ
1122 5157 1447 5231 ἠπίσταντο,
1477 5156 1578 5209 οὐκ
1608 5155 1674 5208 ἂν
1703 5153 1810 5225 ὗμ-

197 5275 331 5313 νουν
365 5274 380 5286 ·
411 5257 507 5310 καὶ
539 5257 588 5308 εἰ
618 5255 692 5326 μὴ
731 5253 1099 5324 ὲνελάμποντο
1133 5251 1275 5305 κατὰ
1304 5250 1366 5303 τὸ
1395 5249 1682 5320 ὑπερέχον,
1711 5249 1812 5302 οὐκ

199 5353 270 5408 ἂν
302 5353 342 5424 ἡ
370 5350 524 5420 φωνὴ
551 5349 756 5402 τούτων
787 5345 876 5421 ἦν,
898 5346 1172 5417 αἰσθητῶς
1195 5347 1391 5408 εἰπεῖν,
1416 5344 1492 5407 ὡς
1515 5343 1665 5414 φωνὴ
1691 5343 1813 5396 ὑδά-

197 5461 312 5500 των
341 5443 580 5496 πολλῶν.
601 5441 896 5496 Ἀναὸοῶσι
923 5441 1056 5512 γὰρ,
1081 5438 1224 5493 κατὰ
1245 5438 1337 5491 τὸν
1372 5435 1812 5508 θεοληπτικώτα-

195 5555 294 5592 τον
337 5533 602 5604 Ἱεζεκιὴλ
622 5574 636 5596 ,
669 5533 1062 5602 Εὐλογημένη
1105 5532 1142 5599 ἡ
1182 5529 1332 5594 δόξα
1364 5529 1586 5597 Κυρίου
1615 5527 1684 5580 ἐκ
1711 5527 1814 5581 τοῦ

196 5634 357 5685 τίτπο
369 5649 402 5681 υ
438 5628 627 5682 αὑτοῦ
646 5646 660 5659 ⁸
688 5628 784 5681 καὶ
823 5627 970 5682 ἄλλοι
1006 5626 1105 5698 τὴν
1130 5623 1505 5694 πολυύμνητον
1533 5620 1813 5688 θεολογίαν

197 5719 583 5791 ἀνακράζουσι
604 5720 903 5789 τὺ,“’Λγιος,
919 5719 1103 5788 ἄγνος,
1126 5717 1294 5787 ἅγιος
1313 5715 1528 5783 Κύριος
1540 5715 1810 5776 Σαϐαὼθ,

199 5815 448 5882 πλήρης
475 5812 645 5866 πᾶσα
666 5813 702 5881 ἠ
721 5811 796 5881 γῆ
825 5811 933 5879 τῆς
954 5811 1138 5879 δόξης
1159 5805 1591 5870 αὐτοῦ.Ταύτας
1615 5805 1670 5859 δὲ
1708 5804 1810 5867 τὰς

371 5908 646 5967 Parnm“
680 5904 799 5966 Gn.
839 5904 949 5964 Ill.

1908 4593 2146 4647 cundum
2172 4605 2316 4646 esse.
2352 4590 2466 4646 lloc
2503 4592 2690 4660 utique
2722 4591 2882 4645 modo
2911 4591 3119 4644 circum
3149 4587 3349 4655 Regem
3374 4601 3466 4641 om
3493 4626 3501 4633 .

1909 4685 2059 4739 nium
2097 4694 2228 4737 sunt
2256 4683 2469 4748 omnia,
2505 4692 2562 4740 et
2601 4692 2820 4753 propter
2855 4685 3028 4752 ipsum
3061 4691 3189 4737 sunt
3216 4683 3497 4746 universa,

1911 4780 2137 4850 ipseque
2175 4788 2368 4833 auctor
2406 4787 2490 4832 est
2521 4777 2768 4833 omnium
2804 4777 3096 4833 bonormn.
3133 4776 3367 4844 Quando
3398 4778 3501 4831 ali-

1910 4873 2035 4942 quis
2072 4871 2140 4926 ad
2173 4872 2344 4925 Deum
2373 4868 2572 4939 vergit,
2611 4869 2779 4922 multa
2811 4869 2930 4940 ejus
2962 4868 3342 4925 communione
3372 4884 3502 4925 coo-

1913 4965 2309 5034 pcratioueque
2350 4962 2548 5032 dignus
2583 4961 2838 5024 ellicitur,
2886 4977 2983 5032 per
3023 4977 3143 5017 eam
3198 4978 3320 5032 qua:
3371 4978 3499 5017 cum

1915 5059 2032 5129 ipso
2063 5057 2180 5113 ﬁeri
2215 5066 2394 5129 potest
2427 5055 2885 5112 assimilatiouem
2919 5069 2935 5108 :
2967 5070 3090 5111 cum
3114 5055 3259 5110 enim
3295 5054 3348 5108 in
3381 5053 3497 5109 Deo

1917 5151 2145 5206 habitus
2168 5158 2252 5204 est
2279 5159 2332 5205 et
2360 5149 2632 5220 operatio,
2662 5147 2874 5202 scilicet
2904 5147 3116 5217 paritas
3148 5157 3205 5201 et
3234 5147 3499 5216 eXpiatio,

1917 5243 2102 5298 lumen
2150 5253 2206 5298 et
2235 5242 2561 5296 illuminatio
2587 5281 2602 5298 .
2635 5241 2900 5310 perfectio
2931 5252 2987 5296 et
3017 5241 3070 5296 id
3103 5239 3247 5308 quod
3282 5239 3502 5307 perlicit

1918 5341 2169 5409 (quorum
2203 5335 2434 5391 alterum
2477 5335 2698 5399 quidem
2730 5334 2952 5390 habitus
2986 5343 3092 5398 est,
3125 5335 3359 5387 altermn
3396 5347 3498 5384 au-

1920 5441 2026 5487 tem
2075 5429 2386 5500 operatio),
2411 5443 2566 5482 mens
2619 5443 2836 5498 quoque
2886 5426 3151 5482 bonormn
3215 5424 3500 5478 habituum

1917 5523 2304 5580 communione
2329 5523 2488 5592 digna
2516 5522 2786 5588 redditur,
2821 5530 2880 5576 ut
2907 5531 2964 5577 et
2997 5520 3108 5590 ipsa
3135 5534 3228 5588 per
3261 5518 3500 5586 gratiam

1918 5633 2078 5689 pura,
2111 5619 2228 5680 lux,
2259 5623 2317 5670 et
2346 5613 2589 5684 perfecta
2620 5614 2724 5680 sit;
2772 5614 2902 5684 quin
2933 5623 2990 5668 et
3022 5613 3074 5666 in
3106 5622 3314 5678 partem
3349 5610 3501 5664 venit

1919 5707 2349 5778 cooperationis.
2391 5705 2518 5760 dum
2549 5715 2601 5760 et
2633 5706 2748 5775 ipsa
2783 5714 3000 5776 purgat,
3035 5712 3090 5758 et
3118 5701 3413 5765 illuminat,
3442 5707 3501 5753 et

1919 5801 2167 5871 perﬁcit;
2205 5799 2371 5854 multa
2421 5814 2639 5868 quoque
2686 5797 2993 5869 cognoscit,
3030 5796 3124 5853 sed
3163 5795 3494 5858 entiueutcr,

3136 5884 3180 5953 8
