3908 6232
416 329 535 390 εις

1567 336 1622 389 S.
1658 334 1961 392 DIONYSII
2001 333 2462 393 AREOPAGITJE

3590 342 3705 398 256

424 456 480 499 et
512 459 617 497 non
644 443 940 498 secundum
972 443 1272 509 hominem,
1314 454 1389 509 et,
1422 449 1600 514 quoad
1635 448 1748 501 [lori
1793 458 1984 517 potest,

2103 449 2311 520 ὑψηλὰς
2343 450 2666 521 ὑμνολογίας
2698 452 2805 503 τών
2847 453 3253 524 ὑπερουρανίων
3284 454 3565 525 δυνάμεων
3596 456 3703 528 ἤδη

406 538 623 593 ‘diviuaz
670 537 915 591 scientiae
962 540 1403 609 cognitionisque
1452 543 1725 611 particeps
1754 542 2000 596 ellicitur.

423 631 789 697 Quamobrem
841 632 983 699 quod
1035 632 1198 684 nmlta
1234 643 1549 700 cognoscat,
1592 635 1823 703 hymnos
1865 650 2003 704 quo-

420 737 532 791 que
560 722 835 791 theologia
868 723 1156 792 terrigenis
1193 723 1418 777 tradidit
1451 742 1463 776 :
1505 726 1608 779 nisi
1642 726 1788 779 enim
1822 728 2004 781 credi-

421 815 654 875 dissent,
686 828 1028 883 nequaquam
1070 815 1255 869 laudes
1297 818 1649 877 cecinissent.
1687 830 1740 873 et
1784 821 1884 876 nisi
1914 834 2001 874 se-

420 906 656 957 cundum
686 904 1023 972 superiorem
1058 915 1267 973 partem
1310 905 1568 961 illustrati
1621 908 1875 975 fuissent,
1908 927 2002 964 ne-

418 1012 691 1064 quaquam
724 1012 829 1049 vox
874 1014 1060 1051 eorum
1106 1001 1441 1054 sensibiliter
1482 1003 1776 1071 loquendo,
1811 1004 2002 1057 fuisset

417 1091 573 1156 quasi
610 1104 709 1143 vox
744 1104 1009 1157 aquarum
1046 1092 1359 1155 multarum,
1390 1094 1628 1147 clatnant
1662 1095 1805 1147 enim
1846 1095 1998 1161 juxta

416 1180 819 1235 divinissimum
858 1180 1226 1247 Ezecliiclem,
1257 1183 1553 1237 Benedicta
1584 1185 1754 1254 gloria
1783 1186 1999 1240 Domini

414 1274 480 1327 de
508 1273 622 1327 loco
654 1290 749 1327 suo
775 1284 802 1310 ιι
838 1292 849 1327 :
896 1284 1059 1342 atque
1093 1276 1183 1329 alii
1211 1277 1627 1331 celeberrimum
1668 1280 1794 1333 illud
1838 1298 2000 1335 vene-

412 1367 742 1434 rationeque
798 1366 1176 1434 plenissimum
1237 1370 1434 1424 divina:
1493 1372 1666 1426 laudis
1720 1375 1993 1430 canticum

408 1458 753 1527 proclamant
781 1475 793 1510 :
824 1457 1075 1523 Sanctus,
1100 1471 1335 1521 sanctus.
1360 1475 1575 1517 sanctus
1610 1466 1864 1519 Dominus
1891 1468 1995 1522 Sa-

412 1551 599 1615 baoth,
624 1551 780 1618 plena
809 1560 883 1604 est
908 1554 1078 1605 omnis
1112 1561 1255 1606 terra
1281 1555 1454 1622 gloria
1489 1566 1580 1610 tua
1600 1565 1645 1611 ο.
1676 1558 1783 1613 llas
1816 1571 1995 1613 autem

406 1643 834 1698 sublimissimas
908 1644 1219 1699 cmlestium
1278 1648 1547 1702 virtutum
1617 1651 1995 1721 hymnologias

403 1736 731 1805 jampridem
762 1736 813 1789 in
850 1745 1081 1790 tractatu
1115 1736 1192 1790 De
1214 1738 1407 1793 divinis
1438 1740 1645 1809 hymnis
1669 1747 1684 1764 '
1713 1746 1994 1797 examina-

406 1831 587 1883 vimus
615 1838 671 1884 et
699 1829 1089 1898 explicuimus,
1120 1832 1438 1902 ibidemque
1471 1837 1535 1887 de
1561 1836 1627 1889 iis
1648 1837 1781 1890 satis
1804 1853 1995 1905 supcr-

403 1938 513 1991 que
562 1937 664 1991 pro
701 1921 920 1976 modulo
968 1931 1156 1977 nostro
1188 1924 1390 1977 dictum
1422 1936 1505 1979 est
1536 1940 1551 1978 :
1585 1942 1614 1981 e
1646 1927 1845 1995 quibus
1877 1943 1995 1982 ser-

401 2014 659 2069 monibus
712 2013 948 2067 suﬁlciat
1004 2014 1057 2067 in
1122 2016 1545 2083 praesentiarum
1605 2018 1709 2072 hoc
1759 2019 1989 2083 dixisse,

402 2114 549 2173 quod
585 2112 761 2180 prima
802 2113 1117 2168 distributio
1144 2112 1387 2167 divinum
1419 2114 1519 2169 hoc
1548 2114 1771 2169 laudum
1805 2117 1989 2169 canti-

401 2222 548 2269 cum,
570 2206 751 2273 quoad
781 2205 862 2258 l‘as
889 2215 1029 2270 erat,
1051 2220 1149 2273 per
1183 2206 1600 2259 illustrationem
1627 2222 1655 2258 a
1676 2208 1857 2261 divina
1889 2208 1990 2262 bo-

402 2299 579 2350 nitate
606 2298 901 2366 acceperit,
924 2299 991 2351 ab
1015 2313 1102 2363 ea,
1126 2298 1370 2367 inquam,
1397 2299 1662 2366 theologia
1690 2316 1781 2353 seu
1809 2302 1988 2355 divina

400 2388 669 2451 bonitate,
705 2404 825 2456 qua:
868 2388 1030 2441 etiam
1069 2388 1390 2443 honilormis
1424 2388 1733 2442 hierarchia
1767 2399 1821 2442 et
1851 2392 1987 2443 ordo

399 2480 651 2534 exsistit.
678 2481 888 2534 Dicitur
915 2480 1059 2533 enim
1096 2480 1410 2534 hierarchia
1448 2498 1553 2535 non
1589 2491 1795 2535 tantum
1845 2482 1985 2551 ipse-

399 2585 514 2632 met
559 2592 749 2630 eorum
812 2576 1051 2640 habitus,
1087 2585 1140 2630 et
1191 2576 1445 2640 scientia,
1485 2588 1539 2630 et
1592 2577 1983 2647 operatio,sed

400 2668 568 2722 etiam
602 2666 836 2737 ipsamet
864 2667 1179 2722 distributio
1213 2682 1228 2720 :
1266 2669 1407 2721 sicut
1432 2668 1801 2723 sacerdotium
1835 2668 1982 2737 ipsa-

395 2769 513 2816 met
552 2760 815 2830 dignitas,
848 2770 904 2815 et
941 2762 1033 2829 qui
1064 2776 1184 2814 eam
1216 2764 1581 2832 participant;
1625 2762 1695 2815 ita
1725 2762 1979 2829 dicimus,

395 2854 773 2910 sacerdotium
811 2854 911 2907 hoc
944 2865 993 2907 et
1026 2853 1154 2907 illud
1180 2854 1505 2908 benelicimn
1536 2856 1765 2923 accepit,
1793 2865 1845 2908 et
1878 2856 1980 2910 hoc

394 2959 453 3003 et
485 2948 613 3001 illud
649 2962 865 3017 passum
897 2956 1002 3002 est.
1030 2947 1217 3015 Itaque
1246 2949 1383 3000 ordo
1430 2946 1737 3000 istiusmodi
1768 2961 1832 3000 ac
1862 2946 1977 3000 dis~

400 3040 652 3105 triliutio,
732 3048 995 3107 tanquam
1045 3037 1394 3099 boniformis,
1449 3038 1777 3108 theologiam
1834 3040 1977 3093 hanc

395 3134 754 3189 inferioribus
791 3131 1114 3187 transmittit
1146 3149 1159 3182 :
1186 3131 1457 3199 siquidem
1488 3132 1605 3186 lucc
1629 3141 1713 3184 est
1745 3132 1985 3186 bonil‘or-
2014 3128 2057 3188 C
2091 3132 2391 3203 πρὸτητος·

393 3226 578 3293 mitas,
610 3227 717 3297 72
747 3236 806 3280 ut
839 3225 962 3294 quis
995 3224 1135 3279 alios
1166 3225 1292 3281 boni
1325 3225 1406 3277 sui
1439 3224 1736 3293 participes
1764 3225 1983 3279 elIiciat.

396 3320 802 3387 Transcripsit,
835 3319 1085 3387 inquam,
1132 3318 1263 3372 illud
1295 3316 1647 3386 explicando,
1681 3327 1737 3370 ut
1780 3317 1861 3373 sic
1898 3320 1984 3373 di-

396 3430 549 3478 cam,
580 3429 677 3482 per
730 3413 1011 3481 epitomen
1072 3420 1127 3464 et
1181 3411 1531 3475 summatim;
1568 3412 1709 3479 quod
1763 3413 1985 3468 omnino

396 3522 617 3576 acquum
655 3517 711 3560 et
752 3505 961 3573 justum
996 3504 1089 3568 sit,
1121 3507 1189 3559 ab
1238 3504 1493 3563 omnibus
1545 3505 1638 3559 Dei
1689 3508 1983 3574 capacibus

394 3598 698 3652 virtutibus
752 3612 872 3651 cum
928 3598 1080 3661 sciri,
1127 3606 1239 3651 tum
1289 3598 1593 3661 decantari,
1626 3598 1807 3668 quoad
1865 3599 1981 3652 ﬁeri

395 3698 597 3759 potest,
628 3690 801 3757 ipsam
848 3688 1243 3751 venerandam,
1278 3698 1333 3741 et
1366 3702 1527 3756 supra
1558 3703 1721 3757 quam
1752 3690 1979 3742 laudan-

393 3781 546 3841 dam,
581 3780 837 3848 omnique
864 3777 1025 3832 laude
1054 3778 1277 3847 dignam
1316 3779 1610 3842 Deitatem,
1638 3790 1697 3834 ut
1729 3796 1836 3836 uno
1866 3797 1982 3835 mo-

399 3882 456 3924 tu
501 3887 597 3939 per
625 3872 808 3925 omnia
840 3869 1182 3939 gloriﬁcetur
1213 3887 1226 3923 :
1265 3872 1536 3939 siquidem
1569 3873 1623 3926 hi
1654 3882 1783 3927 sunt
1810 3874 1979 3927 divini

397 3963 503 4015 Iovi
538 3964 646 4016 Deo
684 3962 1099 4024 convenientes,
1139 3961 1193 4013 in
1222 3963 1419 4029 quibus
1455 3964 1770 4031 requiescit,
1796 3978 1981 4033 quem-

398 4056 692 4109 admodum
724 4055 776 4109 in
820 4070 975 4109 sacra
1025 4054 1310 4123 Scriptura
1339 4055 1582 4109 dicitur:
1618 4056 1843 4122 Qualem
1879 4062 1976 4110 do-

393 4164 541 4200 mum
568 4147 906 4215 wdiﬁcabitis
933 4148 1060 4200 mihi
1082 4148 1107 4200 3
1167 4148 1294 4199 dicit
1329 4147 1620 4213 Dominus;
1648 4150 1725 4203 vel
1756 4154 1871 4221 quis
1896 4150 1976 4204 lo-

395 4258 489 4293 cus
520 4240 860 4309 requietionis
892 4256 1020 4293 mea:
1042 4239 1116 4289 Μ
1148 4238 1224 4291 lta
1261 4239 1514 4293 nimirum
1562 4252 1621 4293 ut
1662 4243 1773 4309 ipse
1804 4242 1979 4310 possi—

397 4336 524 4387 deat
554 4343 780 4389 sanctas
805 4334 937 4387 istas
964 4333 1261 4399 bealasque
1289 4343 1516 4387 naturas
1541 4342 1796 4401 tanquam
1828 4335 1977 4389 locos

396 4442 630 4497 capaces
665 4426 980 4494 splendoris
1012 4425 1098 4479 sui
1134 4442 1147 4477 :
1176 4426 1317 4477 sicut
1347 4424 1489 4477 enim
1524 4424 1669 4479 locus
1700 4441 1870 4494 capax
1894 4435 1977 4479 est

395 4520 665 4587 corporis,
714 4519 792 4573 sic
832 4528 886 4571 et
936 4518 1066 4585 ipsa:
1109 4516 1279 4569 divini
1327 4516 1655 4584 splendoris.
1693 4516 1977 4582 Quomodo

396 4622 604 4674 autem,
640 4611 858 4664 dicente
890 4609 1175 4675 Scriptura
1203 4609 1403 4677 ubique
1448 4608 1614 4660 Deum
1647 4622 1767 4662 esse
1816 4609 1979 4663 incir-

397 4703 792 4771 cumscriptqu
824 4709 838 4771 (
868 4714 925 4755 ut
956 4718 1079 4755 cum
1114 4703 1209 4763 ait,
1250 4702 1450 4755 coalum
1482 4717 1600 4755 esse
1630 4703 1811 4756 sedem
1839 4702 1977 4770 ejus,

396 4805 599 4849 terram
628 4804 812 4847 autem
842 4794 1222 4857 scathIqu;
1258 4804 1312 4846 et
1350 4794 1548 4846 iterum
1588 4812 1599 4847 :
1638 4794 1839 4848 Statuit
1871 4796 1978 4849 cot-

395 4887 472 4940 les
512 4895 734 4949 statera,
764 4895 809 4938 et
853 4896 1046 4938 terram
1078 4902 1250 4955 pugno
1273 4896 1315 4951 r;
1366 4896 1420 4939 et
1460 4900 1671 4948 rursus,
1700 4885 1761 4939 Si
1792 4903 1976 4939 ascen-

397 4978 522 5031 dero
550 4978 604 5030 in
632 4978 839 5041 calum,
885 4985 1046 5039 ades;
1078 4981 1121 5030 si
1162 4979 1476 5030 descendero
1508 4980 1561 5030 in
1594 4980 1877 5045 infernum,
1910 4980 1974 5031 il-

397 5072 485 5124 luc
515 5085 701 5121 manus
730 5079 821 5121 tua
859 5070 1161 5136 '),qualcm
1193 5068 1372 5121 locum
1406 5067 1651 5123 Ezechiel
1680 5070 1787 5122 Deo
1817 5085 1972 5123 cxco-

398 5159 628 5232 gitavit?
683 5159 791 5213 Deo
840 5160 1001 5227 digne
1055 5162 1156 5213 hoc
1208 5161 1534 5229 intelligitur
1577 5178 1591 5212 :
1646 5162 1777 5214 dicit
1830 5164 1973 5214 enim

398 5255 562 5308 etiam
598 5252 649 5304 in
680 5250 988 5321 Evangeliis
1022 5251 1279 5305 DOminu:
1311 5292 1323 5305 .
1358 5252 1494 5321 (Ego
1516 5261 1569 5305 et
1595 5250 1774 5321 Pater)
1800 5253 1975 5305 venie-

393 5362 537 5407 mus,
587 5352 634 5396 et
685 5344 1011 5395 mansionem
1064 5342 1205 5409 apud
1258 5358 1376 5395 eum
1420 5344 1675 5410 faciemus
1705 5345 1721 5378 ί
1756 5361 1769 5395 :
1800 5344 1870 5397 ita
1917 5352 1986 5397 ιιι·

398 5440 565 5493 etiam
593 5434 836 5489 Virtutes
870 5435 1186 5504 spirituales
1214 5442 1377 5503 atque
1408 5435 1604 5490 animae
1635 5445 1970 5502 sanctorum,

471 5592 720 5646 IIIEzech.
760 5605 843 5649 In.
879 5591 965 5644 l2.
1044 5597 1067 5623 ο
1114 5589 1220 5645 lsa.
1259 5603 1334 5656 γι,
1367 5589 1420 5645 ⁸5.
1499 5599 1529 5641 P
1556 5590 1677 5643 Act.
1729 5606 1826 5657 vn,
1860 5591 1948 5649 49.

405 5664 424 5701 ¹
455 5660 613 5716 Juau.
641 5676 755 5723 XIV,
806 5660 897 5713 Ξῖ).

473 5780 489 5800 ⁸
524 5775 893 5831 Dcsidct'atur.

2027 5603 2053 5644 It
2102 5592 2224 5651 lsai.
2255 5610 2401 5660 Lm,
2456 5596 2504 5649 l.

2112 542 2209 611 μὲν
2240 542 2297 593 ἐν
2323 541 2399 613 τῷ
2426 542 2553 612 περὶ
2575 541 2733 594 Οείων
2766 543 2947 613 ὓμνων
2975 546 3328 616 συντάγματι,
3355 547 3429 610 ὡς
3447 547 3703 611 δυνατὸν,

2104 634 2539 705 διηρευνήσαμεν
2589 636 2682 687 καὶ
2726 635 3136 707 ὲξηγησάμεΟα,
3181 640 3272 691 καὶ
3314 639 3530 711 εἴρηται
3571 641 3709 713 περὶ

2104 728 2309 777 τούτων
2342 727 2550 786 ἐκεῖσε,
2576 726 2651 789 ώς
2682 726 2825 778 κατὰ
2863 727 2959 798 τὴν
3000 730 3273 801 ἡμετέραν
3299 730 3548 802 δύναμιν,
3578 734 3710 786 ἱκα-

2105 816 2238 879 νῶς’
2271 818 2363 885 ἀφ’
2387 811 2461 869 ὧν
2499 817 2671 885 λόγων
2714 818 2891 888 ἀρκεῖ,
2930 818 3071 871 κατὰ
3110 820 3170 872 τὸ
3214 821 3406 892 παρὸν,
3440 822 3705 876 τοσοῦτον

2104 913 2297 969 είπεῖν,
2324 912 2407 963 ὅτι
2436 914 2467 983 ἡ
2500 911 2692 983 πρώτη
2720 912 3075 982 διακόσμησις
3099 913 3465 984 ὲλλαμφθείσα
3494 914 3707 989 ταύτην

2102 1004 2165 1075 δὴ
2219 1005 2317 1076 τὴν
2360 1006 2466 1058 τῶν
2520 1007 2701 1077 ὓμνων
2756 1007 3056 1076 Θεολογίαν,
3100 1009 3221 1061 καθ’
3249 1011 3372 1062 ὅσον
3416 1010 3705 1081 ἐνεχώρει,

2104 1098 2261 1168 παρὰ
2286 1100 2383 1169 τῆς
2414 1099 2507 1152 τοῦ
2538 1100 2671 1153 Θεοῦ
2698 1100 3050 1171 άγαΘότητος,
3082 1102 3288 1172 ταύτης
3326 1102 3389 1173 δὴ
3431 1102 3533 1173 τῆς
3580 1102 3708 1157 θεο-

2102 1189 2309 1258 λογίας,
2346 1192 2420 1255 ὼς
2461 1193 2782 1264 ἀγαθοειδὴς
2828 1193 3077 1263 ἱεραρχία
3119 1194 3212 1246 καὶ
3250 1194 3421 1260 τάξις.
3463 1196 3708 1263 Λέγεται

2101 1283 2209 1353 γὰρ
2237 1286 2509 1355 ίεραρχία,
2546 1287 2619 1358 μὴ
2650 1286 2807 1356 μόνον
2833 1289 2864 1357 ἡ
2890 1288 3093 1340 τούτων
3116 1286 3247 1351 ἕξις,
3273 1289 3367 1340 καὶ
3388 1289 3707 1358 ἐπιστήμη,

2100 1379 2193 1429 καὶ
2217 1379 2485 1448 ἐνέργεια,
2511 1378 2647 1430 ἀλλὰ
2669 1380 2762 1431 καὶ
2784 1380 3008 1451 uomat;
3032 1382 3063 1449 ἡ
3091 1380 3448 1450 διακόσμησις
3467 1397 3480 1409 ³
3504 1380 3707 1450 ὥσπερ

2098 1469 2129 1538 ὴ
2170 1470 2436 1541 ἱερωσύνη
2488 1471 2581 1523 καὶ
2630 1470 2766 1541 αὑτὴ
2802 1472 2833 1541 ὴ
2864 1470 3009 1535 ἀξία,
3045 1470 3138 1523 καὶ
3167 1472 3216 1522 οἱ
3247 1470 3568 1540 μετέχοντες
3603 1474 3709 1525 αὐ-

2098 1566 2217 1635 τῆς,
2250 1564 2326 1629 ὥς
2370 1582 2567 1635 φαμεν,
2607 1564 2764 1617 Πᾶσα
2796 1566 2827 1635 ὴ
2866 1564 3130 1635 ἱερωσύνη
3158 1565 3217 1617 τὸ
3250 1566 3342 1617 καὶ
3380 1566 3439 1617 τὸ
3463 1567 3707 1636 εὐηργε-

2096 1658 2256 1728 τήΟη,
2292 1658 2384 1709 καὶ
2411 1656 2471 1708 τὸ
2501 1658 2593 1709 καὶ
2620 1656 2679 1708 τὸ
2704 1656 2961 1708 πέπονθε.
2992 1656 3181 1708 Τοίνυν
3215 1657 3247 1726 ἡ
3277 1656 3501 1726 τοιαύτη
3539 1658 3706 1723 τάξις

2099 1751 2192 1803 καὶ
2216 1750 2575 1819 διακόσμησις
2595 1748 2669 1810 ὡς
2697 1748 3039 1820 άγαΟοειδὴς.
3063 1750 3266 1819 ταύτης
3291 1749 3389 1819 τῆς
3413 1749 3707 1818 Θεολογίας

2100 1846 2213 1905 τοῖς
2248 1842 2363 1911 μετ’
2408 1842 2575 1911 αὐτὴν
2606 1840 2925 1910 μεταδίδωσι
2948 1857 2961 1869 ’
2997 1839 3156 1893 τοῦτο
3188 1840 3295 1911 γάρ
3319 1843 3434 1892 ἐστι
3460 1842 3521 1894 τὸ
3551 1842 3702 1909 ἀγα-

2099 1935 2318 1998 Θοειδὲς,
2344 1934 2403 1987 τὸ
2429 1936 2719 1994 κοινωνοὺς
2744 1932 3012 1985 ποιεῖσθαι
3045 1934 3139 1985 καὶ
3163 1934 3412 2003 ἑταίρους
3436 1932 3528 1985 τοῦ
3557 1934 3703 1987 ἰδίου

2096 2027 2283 2082 καλοῦ.
2323 2026 2671 2080 Μεταδέδωκε
2717 2025 2848 2093 γοῦν
2894 2026 3069 2078 ἐκεῖνο
3108 2024 3479 2095 ὑφηγουμένη,
3504 2025 3583 2087 ὡς
3626 2026 3705 2078 ἂν

2095 2124 2254 2183 εἴπω,
2293 2122 2413 2174 κατ’
2437 2120 2702 2189 ἐπιτομὴν
2742 2120 2836 2171 καὶ
2882 2118 3191 2187 συντόμως·
3226 2119 3306 2170 ὃτι
3338 2116 3557 2179 πάντως
3605 2116 3702 2169 θε-

2084 2206 2250 2282 ’μιτὸν
2300 2214 2394 2263 καὶ
2442 2212 2651 2264 δίκαιόν
2699 2211 2835 2271 ἐστι,
2864 2209 3015 2279 παρὰ
3052 2208 3241 2260 πασῶν
3276 2208 3385 2260 τῶν
3428 2208 3703 2278 Θεοδόχων

2090 2304 2391 2374 δυνάμεων,
2422 2305 2518 2355 καὶ
2558 2301 2944 2371 γινώσκεσθαι,
2982 2303 3075 2354 καὶ
3102 2302 3405 2371 ὑμνείσοαι,
3437 2301 3577 2373 πλὴν
3615 2302 3701 2365 ὡς

2090 2395 2329 2461 ἐφικτὸν,
2360 2394 2529 2463 αὐτὴν
2565 2392 2630 2461 δὴ
2670 2391 2767 2462 τὴν
2812 2392 3112 2462 σεϐασμίαν
3160 2393 3252 2444 καὶ
3299 2391 3699 2462 ύπερεύφημον

2089 2488 2183 2539 καὶ
2216 2487 2571 2555 πανεύφημον
2611 2485 2869 2555 Θεότητα,
2902 2484 2977 2547 ὡς
3022 2485 3090 2537 ἂν
3131 2486 3187 2536 ὲν
3234 2486 3331 2555 μιᾷ
3366 2486 3577 2555 κινήσει
3602 2481 3699 2537 διὰ

2089 2579 2306 2633 πάντων
2338 2579 2657 2649 δοξάζηται·
2687 2572 2833 2631 οὗτοι
2868 2578 2976 2648 γάρ
3010 2579 3167 2641 εἰσιν,
3198 2577 3275 2640 ὡς
3303 2577 3420 2646 Θεῷ
3448 2577 3701 2647 πρέπον-

2085 2690 2193 2736 τες,
2208 2675 2257 2725 οἱ
2279 2672 2408 2724 Θεῖοι
2431 2673 2583 2724 τόποι
2603 2671 2702 2741 τῆς
2722 2670 2886 2723 αὑτοῦ
2913 2667 3520 2733 καταπαύσεως,καθὼς
3542 2670 3601 2721 ἐν
3620 2670 3697 2739 τῇ

2087 2767 2209 2837 ίερᾷ
2242 2766 2430 2838 Γραφῇ
2449 2766 2685 2833 λέγεται’
2710 2764 2891 2818 Ποῖον
2923 2764 3089 2816 οἷκον
3114 2761 3541 2830 οἰκοδομήσετέ
3553 2779 3695 2831 μοι,

2082 2859 2245 2928 λέγει
2303 2861 2539 2925 Κύριοςο
2608 2856 2646 2925 ἢ
2682 2857 2774 2921 τίς
2843 2856 3024 2919 τόπος
3078 2854 3190 2921 τῆς
3254 2850 3695 2917 καταπαύσεώς

2077 2963 2233 3016 μου;
2259 2946 2433 2999 Αὑτοῦ
2458 2944 2552 2998 τοῦ
2580 2945 2795 3015 ἔχοντος
2820 2944 3060 3013 δηλονότι
3082 2944 3182 3006 τὰς
3204 2945 3366 3011 ἁγίας
3386 2944 3480 2994 καὶ
3505 2959 3695 3012 μακαο

2084 3040 2203 3109 ρίας
2240 3040 2429 3103 οὐσίας
2462 3039 2678 3100 τόπους,
2707 3038 2870 3091 οἱονεὶ
2893 3038 3174 3099 δεκτικοὺς
3200 3036 3298 3105 τῆς
3326 3033 3493 3087 αὑτοῦ
3530 3034 3688 3103 λαμ·

2433 3130 2509 3193 ὡς
2553 3130 2662 3201 γὰρ
2704 3132 2732 3182 ὁ
2778 3129 2941 3191 τόπος
2967 3128 3212 3191 δεκτικός
3250 3129 3367 3179 ἐστι
3408 3126 3692 3195 σώματος,

2086 3225 2229 3277 οὔτω
2268 3226 2359 3277 καὶ
2385 3220 2543 3277 αὗται
2576 3223 2676 3292 τῆς
2708 3222 2858 3284 Θείας
2890 3219 3294 3291 λαμπρότητος.
3326 3218 3449 3280 Πῶς
3472 3218 3551 3279 δὲ,
3584 3216 3695 3286 τῆς

2086 3318 2311 3390 Γραφῆς
2357 3316 2669 3386 ἁπανταχοῦ
2714 3314 2978 3385 λεγούσης
3020 3314 3403 3385 ἀπεριόριστον
3434 3312 3495 3363 τὸ
3527 3311 3695 3365 Θεῖον

2088 3416 2184 3484 (ὼς
2209 3416 2287 3467 τό·
2322 3415 2373 3466 Ὁ
2395 3412 2895 3481 οὐρανὸςξθρόνος
2926 3411 3136 3474 αὑτοῦ,
3170 3411 3209 3477 ἠ
3240 3408 3309 3461 δὲ
3339 3407 3414 3477 γῆ
3450 3408 3694 3461 ὑποπό-

2084 3505 2216 3557 διον
2238 3523 2251 3535 ·
2280 3507 2375 3557 xui.
2401 3504 2855 3570 πάλιν,Ἕσῖησε
2874 3503 2981 3568 τὰς
3007 3501 3204 3567 νάπας
3229 3500 3403 3569 ζυγῷ,
3438 3500 3537 3552 καὶ
3568 3498 3693 3566 τὴν

2082 3597 2203 3666 γῆν
2229 3594 2423 3663 δρακί·
2457 3596 2550 3648 καὶ
2570 3566 2772 3656 adiit},
2791 3592 2927 3646 Ἐὰν
2955 3566 3222 3660 πορευθῶ
3250 3566 3337 3657 εἰς
3370 3592 3476 3643 τέν
3506 3593 3694 3659 οὐρα·

2083 3689 2214 3753 νὺν,
2238 3687 2428 3756 πάρει·
2453 3687 2563 3740 ἐὰν
2588 3684 2819 3739 καταϐῶ
2849 3687 2935 3750 εὶς
2967 3686 3073 3737 τὸν
3105 3684 3281 3751 ᾅδην,
3314 3683 3445 3737 ἐκεῖ
3471 3685 3509 3751 ἡ
3546 3684 3689 3751 χείρ

2083 3783 2242 3851 σου),
2266 3785 2417 3834 ποῖον
2442 3780 2605 3832 τόπον
2641 3781 2669 3831 ὁ
2698 3778 2952 3848 Ἰεζεκιὴλ
2976 3778 3239 3847 ἐπενόησε
3268 3777 3345 3846 τῷ
3374 3776 3526 3846 Θεῷ;
3553 3778 3695 3830 Θεο-

2083 3871 2311 3941 πρεπῶς
2339 3872 2539 3922 νοεῖται
2568 3865 2727 3920 τοῦτο
2749 3884 2761 3896 ·
2793 3867 2940 3934 λέγει
2968 3866 3077 3937 γὰρ
3102 3868 3197 3919 καὶ
3222 3867 3281 3919 ὲν
3318 3866 3690 3933 Εὐαγγελίοις

2081 3960 2373 4033 ὁΚύριος,(
2392 3959 2531 4029 Ἐγὼ
2546 3960 2639 4013 καὶ
2658 3962 2686 4013 ὁ
2706 3958 2917 4030 Πατὴρ)
2942 3957 3337 4027 ἐλευσόμεθα,
3363 3958 3459 4010 καὶ
3477 3957 3693 4025 μονὴν

2082 4054 2392 4123 παράὺτῷ
2410 4055 2800 4120 ποιησόμεθα,
2827 4051 2966 4103 ὥστε
2984 4051 3078 4104 xu‘t
3101 4052 3156 4103 αἱ
3181 4052 3367 4122 νοηταὶ
3394 4051 3688 4120 δυνάμεις,

2081 4150 2174 4202 καὶ
2204 4147 2311 4200 τῶν
2347 4148 2515 4215 ἁγίων
2547 4147 2603 4197 αἱ
2642 4145 2829 4214 ψυχαὶ,
2858 4146 3023 4207 τόπος
3065 4144 3291 4207 εἰκότως
3321 4144 3571 4213 κληθεῖεν
3606 4145 3681 4195 ἂν

2080 4240 2174 4293 καὶ
2205 4240 2508 4301 ἀνάπαυσις
2530 4236 2623 4290 τοῦ
2651 4237 2805 4290 Θεοῦ.
2827 4236 2956 4289 Ἀπὸ
2987 4236 3169 4289 κοινοῦ
3205 4240 3237 4307 ἠ
3268 4235 3535 4299 σύνταξις.
3557 4236 3684 4287 Κά-

2080 4337 2225 4386 κεῖνο
2274 4333 2433 4385 πάλιν
2482 4330 2834 4401 ὑφηγουμένη
2890 4332 2921 4400 ἢ
2974 4329 3165 4401 πρώτη
3218 4331 3579 4400 διακόσμησις
3610 4332 3687 4399 τῇ

2009 4459 2053 4512 D
2086 4427 2201 4496 μετ’
2244 4424 2412 4494 αὐτὴν
2444 4422 2795 4490 ἀγαθοειδῶς,
2823 4422 2884 4473 τὸ
2923 4422 3003 4475 ὅτι
3047 4422 3215 4492 μονάς
3254 4423 3372 4474 ἐστι
3406 4422 3501 4475 καὶ
3542 4421 3682 4485 sva;

2084 4519 2511 4590 τρισυπόστατος
2552 4518 2585 4587 ή
2631 4517 2876 4588 μακαρία
2924 4518 3019 4570 καὶ
3060 4516 3305 4585 παναγία
3364 4516 3534 4586 Τριὰς
3580 4515 3693 4568 καὶ

2088 4610 2276 4680 μονὰς,
2304 4609 2497 4662 διιεῖσα
2530 4609 2623 4661 καὶ
2652 4608 3035 4679 διαπέμπουσα
3060 4609 3158 4677 τὴν
3184 4610 3354 4678 αὐτῆς
3383 4606 3685 4675 ἀγαθωτά-

2081 4719 2181 4771 την
2228 4702 2481 4771 πρόνοιαν
2525 4701 2617 4752 ἀπ’
2642 4700 2821 4753 αὐτῶν
2852 4702 2960 4753 τῶν
2998 4700 3230 4770 πρώτων
3271 4701 3540 4771 οὐρανίων
3580 4701 3685 4754 οὐκ

2083 4794 2211 4845 σιῶν
2243 4795 2335 4845 ἐπὶ
2362 4793 2537 4845 πάντα
2561 4792 2628 4844 τὰ
2658 4791 2805 4855 ὄντα,
2840 4794 3001 4863 μέχρι
3021 4793 3115 4845 τοῦ
3145 4792 3501 4855 λεπτοτάτου,
3531 4790 3688 4846 κατά

2076 4882 2138 4933 τό
2158 4898 2170 4911 ο
2209 4883 2275 4935 Τὸ
2311 4882 2755 4949 ἁκατέργαστόν
2782 4901 2901 4951 μου
2931 4884 3094 4935 εἶδον
3122 4887 3175 4936 οἱ
3210 4884 3511 4952 ὀφθαλμοί
3534 4900 3681 4936 σου’

2084 4973 2159 5036 ώς
2206 4975 2386 5044 πάσης
2425 4975 2613 5038 οὐσίας
2650 4975 2793 5045 ἁρχὴ
2820 4976 3172 5045 ὑπεράρχιος,
3196 4976 3292 5027 καὶ
3320 4975 3464 5046 ὑπὲρ
3495 4977 3690 5028 πᾶσαν

2082 5066 2256 5135 ἀρχὴν
2282 5063 2412 5119 οὖσα
2438 5067 2605 5129 αἰτία,
2629 5070 2723 5120 καὶ
2744 5068 2959 5120 πάντων
2986 5068 3094 5120 τῶν
3120 5067 3293 5120 ὄντων
3318 5067 3688 5139 περιδεδραγ-

2085 5158 2217 5228 μένη
2247 5160 2600 5228 ὑπερουσίως,
2629 5160 2685 5211 ὲν
2710 5160 2923 5229 άσχέτῳ
2956 5160 3451 5229 συνοχῇ.”Ασχετον
3480 5159 3537 5212 δὲ
3564 5176 3691 5211 συν-

2080 5250 2211 5320 οχὴν
2245 5249 2389 5317 λέγει
2415 5250 2512 5319 τὴν
2543 5248 2886 5320 ὲξηρημένην
2921 5252 3096 5321 πάντη
3137 5252 3233 5303 καὶ
3260 5251 3517 5320 ἀσυναφῆ
3541 5251 3689 5321 πρὸς

2078 5344 2147 5396 τὰ
2162 5346 2492 5415 συνεχόμενα
2517 5345 2911 5417 περικράτησιν
2930 5362 2944 5377 ·
2971 5347 3018 5397 εί
3046 5345 3153 5415 γὰρ
3178 5345 3273 5398 καὶ
3290 5345 3511 5397 πάντων
3527 5362 3690 5415 nept-

2075 5435 2435 5508 δεδραγμένον
2477 5438 2593 5491 ἐστὶ
2629 5437 2691 5492 τὸ
2730 5437 2905 5505 Θεῖον,
2941 5438 3034 5491 καὶ
3078 5439 3259 5491 πάντα
3303 5435 3692 5509 περικρατοῦν

2586 5606 2606 5633 τ
2634 5595 2739 5651 lsa.
2776 5612 2866 5661 XL,
2905 5596 2993 5651 1'2.
3073 5604 3095 5632 '
3124 5594 3266 5651 Psal.
3304 5609 3593 5663 cxxxvm,
3623 5595 3686 5651 8.
