3908 6232
234 388 343 442 257
1103 376 1190 431 DE
1228 373 1556 433 COELESTI
1593 367 2051 433 lllERARCHIA,
2087 364 2242 421 CAP.
2278 363 2415 419 VIII.
3402 358 3512 418 2‘58

234 503 382 558 κατὰ
420 502 520 571 τὴν
564 498 700 552 ίδίαν
731 494 1088 566 ἀγαθωτάτην
1118 492 1395 564 πρόνοιαν,
1426 489 1563 543 ἀλλὰ
1607 490 1699 541 καὶ
1749 488 1773 538 ἐ

1966 480 2129 536 merito
2179 479 2330 532 locus
2371 492 2434 529 ac
2477 474 2742 543 requietio
2791 474 2883 528 Dei
2930 472 3229 541 nuncupari
3277 476 3509 542 possint.

234 617 346 670 ῃρη
357 595 647 668 μένονὲστὶ
673 592 890 645 πάντων
915 587 1253 660 ὑπερουσίως
1265 586 1407 639 κατὰ
1430 585 1528 656 τὴν
1553 584 1712 653 φύσιν
1738 602 1771 636 α

1972 571 2023 625 3x
2062 585 2212 625 more
2236 568 2509 624 communi
2542 568 2823 637 desumpta
2857 567 2972 620 haec
3009 574 3094 618 est
3125 566 3347 621 locutio.
3372 566 3515 633 Quin

235 688 356 750 τοῦ,
382 688 465 739 ὅτι
503 684 654 737 οὐδὲν
678 682 786 735 τῶν
821 681 990 733 ὀντων
1025 679 1192 740 ἐστὶν,
1230 676 1366 731 ἀλλὰ
1402 677 1617 729 πάντων
1656 675 1778 728 αὑτί

1981 674 1999 718 ι
2030 663 2157 718 illud
2180 676 2395 732 quoque
2423 661 2599 730 prima
2639 659 2953 714 distributio
2981 661 3233 729 sequenti
3269 675 3328 715 se
3360 660 3518 715 boni-

237 777 591 848 άσυγκρίτως
620 775 898 828 ἐπέκεινα.
929 768 1113 832 Μονὰς
1130 769 1185 823 δέ
1214 770 1328 821 ἐστι
1354 769 1447 820 καὶ
1482 766 1606 830 ἐνὰς
1645 768 1676 836 ἡ
1707 768 1776 833 άγ

1979 759 2190 812 irmiter
2213 756 2551 824 manifestat,
2582 757 2727 825 quod
2776 756 3034 810 nimirum
3080 770 3272 809 monas
3313 757 3522 810 unitas-

239 873 335 924 καὶ
358 870 604 941 μακαρία
625 867 825 939 Τριάς’
865 864 1033 937 μονὰς
1070 864 1188 934 μὲν,
1220 862 1297 925 ὡς
1336 860 1481 930 ἁπλῆ
1502 862 1593 913 καὶ
1610 857 1777 913 ἀσύνο

1979 865 2044 904 ne
2091 865 2212 919 quae
2254 849 2434 905 tribus
2463 850 2604 904 inest
2628 850 2906 916 Personis,
2933 848 3005 902 sit
3033 849 3192 901 beata
3224 849 3516 903 sanctissi-

238 938 608 1027 10;,iév3¢;V6é,
628 938 813 1030 ἐπειδὴ
842 959 936 1012 καὶ
961 957 1096 1029 πρὸς
1118 956 1315 1025 ἑαυτὴν
1335 956 1537 1026 ἥνωται
1566 953 1781 1023 φυσικῶ

1981 956 2137 1009 taque
2166 938 2430 1005 Trinitas,
2464 950 2521 994 et
2547 942 2751 1005 unitas,
2778 955 2899 1011 qua:
2923 941 3181 1008 optimam
3213 954 3367 993 suam
3396 955 3524 1009 pro-

242 1056 338 1108 zat‘t
365 1056 481 1106 ἐνοῖ
504 1052 712 1113 πάντας
730 1050 857 1113 τοὺς
884 1051 1021 1119 αὐτῇ
1044 1046 1460 1117 πλησιάζοντας,
1482 1044 1625 1099 κατὰ
1653 1045 1713 1097 τὸ
1753 1063 1777 1098 ε

1983 1032 2261 1097 identiam,
2288 1033 2356 1087 ab
2385 1034 2519 1103 ipsis
2552 1033 2743 1103 primis
2774 1033 2983 1085 naturis
3008 1031 3327 1087 coelestibus
3353 1031 3404 1084 in
3437 1046 3526 1086 res

246 1145 487 1216 ρημένον
522 1146 577 1196 ὲν
604 1147 715 1205 τοῖς
737 1142 1125 1210 Εὑαγγελίοιςο
1156 1142 1289 1195 Ἵνα
1320 1140 1473 1194 ὦσιν
1516 1140 1605 1204 ἐν,
1642 1140 1789 1195 καθὰ

1982 1138 2135 1177 mnes
2166 1138 2343 1192 usque
2376 1124 2444 1178 ad
2477 1124 2758 1178 minimam
2797 1121 3049 1175 diffundit
3074 1137 3137 1176 ac
3169 1123 3524 1187 transmittit,

244 1215 345 1291 καὶ
381 1236 551 1307 ἡμεῖς
580 1236 649 1289 ἓν
680 1236 889 1305 ἐσμεν.

1977 1225 2099 1269 axta
2126 1215 2261 1269 illud
2290 1232 2305 1269 :
2334 1215 2706 1285 Imperfectum
2743 1232 2915 1269 meum
2947 1217 3186 1269 viderunt
3212 1216 3352 1269 oculi
3375 1215 3520 1280 tui“,

1948 1317 2206 1375 tanquam
2242 1309 2422 1364 omnis
2459 1309 2774 1363 substantia:
2802 1308 3127 1378 principium
3158 1308 3529 1376 superprinci-

245 1398 414 1471 piale,
473 1403 529 1448 et
584 1409 751 1465 super
800 1409 963 1450 omne
1002 1391 1334 1464 principium
1374 1392 1649 1448 exsistens
1712 1409 1897 1460 causa,
1948 1407 2112 1469 atque
2164 1415 2253 1454 res
2284 1416 2479 1455 omnes
2536 1399 3074 1469 superessentialiter
3114 1400 3400 1453 continens
3440 1399 3497 1453 in
3546 1430 3547 1433 η

248 1490 737 1561 corripreherisibili
779 1491 1086 1560 complexu.
1146 1487 1761 1558 lncompreliensibilem
1828 1503 2013 1549 autem
2079 1496 2427 1566 complexum
2506 1505 2710 1561 vocat,
2765 1497 3095 1551 eminentem
3144 1497 3365 1550 omnino
3397 1510 3535 1551 con-

253 1587 571 1653 tinentiam,
644 1595 701 1641 et
776 1602 897 1656 qua:
958 1601 989 1639 a
1052 1586 1219 1641 rebus
1280 1588 1558 1641 contentis
1620 1587 1815 1658 attingi
1875 1600 2116 1660 nequeat
2178 1606 2194 1645 :
2262 1591 2538 1662 siquidem
2605 1591 2847 1645 divinum
2898 1590 3109 1646 Numen
3175 1607 3297 1645 cum
3346 1591 3531 1645 omnia

250 1681 605 1747 circumdet,
654 1692 708 1736 et
763 1684 970 1752 optima
1030 1697 1130 1735 sua
1185 1681 1533 1752 providentia
1591 1685 1894 1751 contineat,
1942 1688 2167 1757 insuper
2227 1689 2295 1743 ab
2347 1687 2987 1752 omnibus,.secundum
3047 1696 3296 1739 naturam
3351 1700 3531 1739 suam.

251 1776 795 1844 superessentialiter
844 1785 1157 1845 exetnptum
1215 1784 1329 1841 est;
1392 1777 1520 1846 quia
1580 1778 1717 1832 nihil
1776 1790 1864 1834 est
1911 1796 2100 1836 eorum
2166 1798 2286 1850 qum
2339 1790 2493 1845 sunt,
2548 1782 2643 1837 sed
2698 1781 2951 1847 omnibus
3006 1782 3124 1835 istis
3177 1781 3533 1848 incompara-

254 1872 443 1926 biliter
500 1873 808 1927 sublimius.
866 1871 1037 1927 Porro
1080 1881 1268 1928 sancta
1321 1872 1595 1943 beataque
1647 1873 1889 1930 Trinitas
1918 1892 2108 1932 monas
2142 1880 2306 1933 etiam
2352 1888 2435 1933 est
2479 1888 2534 1934 et
2582 1879 2791 1932 unitas:
2825 1892 3015 1933 monas
3052 1877 3296 1947 quidem,
3344 1886 3531 1947 utpote

252 1963 495 2033 simplex
542 1965 648 2035 73
693 1976 747 2019 et
799 1966 1195 2034 incomposita;
1256 1967 1440 2022 unitas
1490 1977 1697 2033 autem,
1722 1970 1981 2038 quoniam
2007 1972 2173 2026 etiam
2224 1974 2289 2027 ad
2346 1973 2581 2040 seipsam
2651 1972 2979 2027 naturaliter
3024 1973 3253 2035 unitur,
3303 1972 3528 2039 unitquc

252 2074 450 2113 omnes
499 2059 604 2114 sibi
658 2059 1111 2130 propinquantes,
1153 2060 1309 2130 juxta
1362 2060 1509 2132 quod
1561 2063 1771 2117 dictum
1820 2075 1906 2119 est
1968 2064 2020 2118 in
2071 2065 2385 2134 Evangeliis
2440 2080 2456 2119 :
2519 2062 2587 2118 Ut
2643 2066 2751 2118 sint
2780 2081 2960 2128 unum,
3003 2065 3137 2117 sicut
3167 2070 3215 2115 et
3249 2078 3340 2115 nos
3369 2076 3533 2114 unum

254 2167 445 2205 sumus
464 2161 517 2206 ⁷.

620 2447 1265 2537 ΚΕΦΑΛΑΙΟΝ
1323 2445 1424 2535 H'
1443 2518 1461 2535 .
1893 2449 1933 2503 Β

1893 2449 1933 2503 Β
2401 2458 2785 2549 CAPUT
2857 2456 3136 2543 VIII.

260 2588 404 2666 Περί
450 2586 575 2667 τῷτ-
623 2587 1010 2667 κυριοτήτῳν,
1060 2588 1160 2667 καὶ
1210 2588 1329 2667 ζῶν
1376 2588 1708 2667 δυνάμεωδιί,
1756 2606 1803 2667 λιι

2001 2594 2040 2645 le
2067 2593 2534 2667 dominationibus,
2562 2591 2847 2667 virtutibus
2897 2599 2945 2642 et
2992 2589 3363 2667 potestatibus,
3396 2596 3445 2641 et
3477 2586 3544 2641 (ie

332 2657 453 2711 τῶν
488 2657 807 2730 ἐξουσιῶν,
842 2659 941 2714 καὶ
984 2659 1119 2729 περὶ
1164 2659 1276 2729 τῆς
1316 2657 1742 2730 μέσηςαὺτῶν
1774 2662 1854 2713 ἱε-

1570 2661 1742 2714 ιὺτῶν
1774 2662 1854 2713 ιε·
2389 2663 2558 2716 media
2582 2678 2763 2716 earum
2793 2661 3113 2713 Itt'erarchia.

329 2729 604 2797 ραρχίας.

1580 2845 1920 2903 SYNOPSIS
1960 2842 2252 2903 CAPlTlS.

334 2952 627 3025 l.__l§xpticut
645 2955 764 3025 quid
796 2953 1474 3025 signiﬁcentdominationes.
1514 2958 1716 3025 uirtutes
1754 2974 1813 3025 ac
1837 2965 2123 3025 potestates;
2168 2965 2213 3025 et
2237 2956 2659 3025 quartamnratione
2688 2954 2850 3025 media
2892 2954 3006 3025 ista_
3029 2954 3306 3025 hiemi-Chia
3330 2954 3549 3012 initiata

269 3031 353 3069 seu
379 3016 666 3067 iuuaretur;
691 3018 754 3067 ll.
788 3016 1022 3083 Eieniplo
1063 3019 1298 3080 declarat,
1320 3021 1561 3084 quomodo
1586 3016 1847 3073 illustratio
1875 3036 1907 3071 a
1939 3016 2269 3084 superioribus
2293 3018 2544 3085 spiritibus
2578 3018 2643 3069 ad
2683 3016 2937 3077 inferiores
2975 3017 3236 3069 derivetur.

1885 3152 1995 3227 ξι.

336 3267 601 3322 Μετιτέον
624 3267 680 3320 δὲ
701 3264 797 3319 νῦν
831 3268 961 3338 ἡμῖν
992 3267 1086 3320 ἐπὶ
1116 3268 1215 3340 τὴν
1251 3268 1422 3340 μέσην
1454 3270 1562 3323 τῶν
1594 3272 1860 3342 οὐρανίων

2046 3271 2203 3326 Modo
2251 3272 2408 3327 nobis
2453 3271 2845 3326 transeundum
2888 3279 2973 3325 est
3012 3271 3079 3325 ad
3125 3271 3357 3326 mediam
3389 3275 3555 3330 coele-

268 3360 403 3414 νοῶν
438 3358 819 3430 διακόσμησιν,
852 3358 949 3422 τὰς
989 3358 1316 3431 κυριότητας
1365 3360 1579 3425 ἐκείνας
1625 3363 1811 3433 {magia

2013 3364 2140 3419 tium
2173 3364 2467 3434 spirituum
2502 3363 2942 3429 distinctionem,
2992 3364 3389 3419 dominationes
3422 3366 3556 3421 istas

271 3457 453 3528 σμίοις
504 3454 821 3524 ὀφθαλμοῖς,
855 3452 930 3516 ὼς
980 3453 1220 3522 ἐφικτὸν,
1255 3456 1636 3521 ἐποπτεύουσι,
1673 3457 1767 3511 καὶ
1799 3475 1814 3509 1

2015 3456 2432 3524 npermundanis
2487 3455 2682 3518 oculis,
2731 3464 2893 3524 prout
2937 3471 3253 3524 possumus,
3307 3467 3558 3512 contem-

269 3548 441 3612 ὅντως
492 3545 695 3600 δυνατὰ
742 3545 990 3617 θεάματα
1022 3547 1131 3601 τῶν
1164 3548 1323 3601 θείων
1356 3548 1616 3614 ἐξουσιῶν
1650 3552 1744 3604 καὶ
1775 3550 1812 3604 δε

2015 3546 2199 3611 lando,
2230 3563 2336 3601 una
2370 3563 2493 3600 cum
2524 3548 2841 3615 potentibus
2890 3563 3082 3602 revera
3115 3549 3446 3617 spectaculis
3472 3551 3558 3605 di-

271 3643 531 3712 νάμεων·
567 3638 665 3692 καὶ
712 3636 821 3709 γὰρ
872 3638 1077 3711 ἑκάστη
1126 3638 1234 3691 τῶν
1284 3639 1424 3711 ὑπὲρ
1474 3642 1622 3713 ἡμᾶς
1668 3642 1814 3694 οὐσιι]

2017 3640 2231 3692 inarum
2298 3647 2633 3708 potestatum
2687 3648 2850 3706 atque
2901 3641 3169 3694 virtutum
3228 3658 3241 3695 :
3301 3642 3559 3711 quaelibet

271 3730 584 3803 ἐπωνυμία,
633 3730 733 3794 τὰς
783 3730 1152 3803 θεομιμήτους
1201 3733 1378 3786 αὐτῶν
1427 3733 1734 3803 ἐκφαίνειπ
1777 3753 1814 3787 τι

2016 3730 2121 3783 nim
2144 3739 2460 3783 naturarum
2493 3728 2785 3797 appellatio
2816 3744 3202 3798 supernarum,
3240 3730 3559 3788 Diviuitatis

272 3822 545 3885 θεοειδοῦς
582 3822 870 3893 ἰδιότητας.
907 3822 1027 3875 Τῶν
1064 3822 1163 3893 μὲν
1196 3819 1287 3877 οὖν
1320 3824 1489 3893 ἁγίων
1537 3826 1815 3897 κυριοτήτι

2019 3820 2306 3875 nitatrices
2362 3819 2679 3874 earumdem
2728 3819 3022 3874 deil'ormes
3054 3820 3281 3875 denotat
3309 3823 3558 3891 prpprie-

272 3917 371 3988 τὴν
405 3916 810 3987 ἐκφαντορικὴν
844 3916 1141 3987 ὀνομασίαν
1176 3911 1329 3987 οἶμαι
1362 3915 1554 3989 δηλοῦν
1577 3918 1811 3970 ἀδούλωτ

2018 3921 2143 3967 ales.
2177 3912 2384 3966 Nomen
2415 3912 2601 3980 itaque
2645 3912 2790 3980 quod
2843 3922 3071 3967 sanctas
3102 3914 3351 3983 designat
3384 3914 3561 3971 demi-

274 4025 395 4062 τινα
427 4010 527 4063 καὶ
558 4009 741 4079 πάσης
775 4007 1074 4072 ὑποπεζίας
1091 4008 1136 4039 ³³
1159 4009 1402 4077 ὑφέσεως
1425 4009 1717 4082 ἐλευθέραν
1744 4011 1817 4063 ἀνι

2021 4006 2250 4069 ationes,
2288 4004 2548 4059 existimo
2583 4003 2866 4057 declarare
2896 4005 3201 4059 absolutum
3233 4006 3467 4076 aliquem
3506 4016 3562 4061 et

274 4102 465 4173 γωγὴν
485 4141 500 4165 ,
546 4101 670 4154 οὐδὲ
707 4102 807 4171 μιᾷ
837 4101 945 4152 τῶν
976 4100 1314 4171 τυραννικῶν
1346 4102 1817 4173 ἀνομοιοτήτωνωε

2113 4096 2222 4150 mni
2254 4105 2470 4149 terrena
2489 4094 2725 4149 utilitate
2758 4094 2991 4150 liberum
3019 4099 3090 4151 ad
3118 4112 3353 4167 superna
3384 4109 3563 4154 trans-
3648 4142 3650 4145 .

276 4196 387 4249 δενὶ
420 4196 614 4267 τρόπῳ
647 4195 876 4249 καθόλου
910 4195 1370 4267 κατακλινομένην
1398 4196 1566 4268 αὐτὴν
1600 4194 1819 4267 ὲλευθερ

2021 4202 2141 4251 ,um,
2192 4186 2448 4254 nullaque
2508 4186 2725 4255 penitus
2777 4188 3062 4258 tyrannica
3119 4189 3564 4246 dissimilitudine

277 4288 511 4360 πρεπῶς
544 4289 621 4351 ὠς
653 4288 968 4359 ἀμείλικτον
1001 4289 1315 4360 κυριότητα,
1352 4288 1536 4360 πάσης
1583 4290 1820 4361 μειωτικ²

2023 4279 2091 4333 llo
2126 4278 2289 4333 modo
2330 4277 2669 4343 inclinatam,
2704 4281 2797 4332 sed
2838 4279 3137 4335 liberaliter
3178 4295 3424 4335 severam
3466 4284 3565 4338 do-,

281 4379 626 4442 δουλοποιίας
643 4380 687 4410 ³⁸
753 4380 1176 4452 ὑπερκειμένην,
1213 4380 1491 4434 ἁνένδοτον
1543 4381 1733 4451 ὑφέσει
1777 4399 1824 4434 rm

2023 4372 2363 4433 tittalionetn,
2409 4384 2529 4438 quae
2578 4370 2725 4423 omni
2771 4371 2986 4440 objecta
3027 4372 3295 4425 servitute
3341 4372 3561 4439 celsior,

286 4491 375 4547 σῃ,
410 4476 510 4527 καὶ
560 4472 905 4544 ἐξηρημένην
949 4473 1169 4543 ἁπάσης
1201 4475 1600 4547 ἀνομοιότητος,
1634 4476 1736 4545 τῆς
1797 4474 1829 4527 ὄπ

2023 4463 2129 4516 mni
2165 4461 2470 4531 dejectione
2504 4463 2777 4531 superior,
2807 4472 2862 4515 et
2910 4464 2978 4516 ab
3023 4463 3170 4516 omni
3218 4462 3563 4517 dissimilitu-

287 4585 393 4630 τως
426 4564 756 4637 κυριότητος
788 4565 882 4617 καὶ
914 4565 1241 4637 κυριαρχίας
1296 4565 1689 4637 ἀκαταλήκτως
1734 4567 1830 4634 ἐφιι

2025 4554 2115 4608 ine
2148 4563 2376 4621 remota,
2410 4554 2633 4623 verique
2665 4553 3001 4620 dominatus,
3051 4569 3263 4609 necnon
3309 4555 3564 4624 principii

294 4660 486 4731 μένην,
523 4658 619 4711 καὶ
664 4656 801 4728 πρὸς
850 4655 946 4727 τὴν
992 4656 1165 4727 αὐτῆς
1227 4658 1422 4728 κυρίαν
1456 4658 1773 4729 ἐμφέρειαν,
1807 4657 1837 4710 ἀ

2023 4648 2374 4703 ominationis
2419 4648 2618 4717 iugiter
2665 4648 2848 4710 avida,
2882 4662 3007 4700 cum
3039 4649 3156 4715 ipsa
3188 4662 3270 4714 se,
3305 4657 3418 4701 tum
3457 4648 3565 4702 sibi

292 4752 536 4821 ἐφικτὸν,
572 4750 773 4821 ἑαυτήν
818 4766 877 4801 τε
918 4749 1010 4802 καὶ
1041 4749 1111 4802 τά
1146 4751 1261 4821 μετ’
1296 4750 1463 4821 αὐτὴν
1481 4752 1524 4784 ³⁷
1557 4750 1835 4818 ἀγαθοειδᾶ

2021 4741 2204 4795 ubdita
2230 4741 2296 4794 ad
2324 4741 2614 4810 genuinam
2642 4739 2762 4808 ejus
2788 4739 3228 4807 similitudinem,
3259 4741 3438 4809 quoad
3466 4756 3564 4806 po-

290 4844 724 4898 διαπλάττουσαν
757 4842 892 4913 πρὸς
913 4842 1065 4894 οὐδὲν
1082 4842 1125 4873 ³⁸
1135 4844 1243 4895 τῶν
1266 4843 1390 4913 εἰκῆ
1412 4843 1731 4905 δοκούντων,
1750 4843 1833 4896 ἀλ]

2025 4846 2118 4899 est,
2162 4833 2408 4890 beneﬁce
2440 4832 2834 4898 transformat;
2868 4841 2921 4886 et
2953 4832 3017 4886 ad
3056 4833 3191 4887 nihil
3222 4848 3411 4887 eorum
3446 4849 3568 4902 quae

291 4939 427 5011 προς
472 4938 537 4989 τὸ
582 4935 788 5007 κυρίως
836 4934 895 4988 ὃν
941 4933 1136 4998 ὑλικῶς
1161 4935 1640 5008 ἐπιτετραμμένην
1660 4936 1727 4999 ³⁸⁸,
1791 4954 1834 4989 κε

2025 4931 2229 4985 ianiter
2259 4938 2543 4998 apparent,
2575 4928 2669 4983 sed
2703 4928 2769 4981 ad
2791 4928 2841 4981 id
2872 4928 3014 4997 quod
3057 4941 3188 4982 vere
3216 4929 3568 4982 est-letaliter

295 5028 666 5100 κυριαρχικῆς
715 5026 802 5080 ἀεὶ
847 5025 1136 5089 θεοειδείας
1152 5025 1197 5057 ⁸⁰
1232 5027 1289 5078 ἐν
1327 5025 1618 5095 μετουσία,
1654 5025 1796 5079 κατά
1826 5043 1838 5060 ν

2027 5037 2285 5087 onversa,
2312 5021 2611 5075 Dominij
2643 5034 2858 5101 semper
2880 5019 3266 5074 deil’ormitatis
3295 5020 3569 5089 particeps

297 5122 521 5176 δυνατὸν
542 5122 703 5191 αὐτῇ,
726 5119 1033 5190 γινομένην⁸
1060 5118 1159 5189 τὴν
1177 5117 1234 5170 δὲ
1254 5117 1361 5170 τῶν
1384 5117 1552 5185 ἁγίων
1577 5117 1840 5188 δυνάμεωπ

2028 5116 2231 5170 xsistit.
2253 5114 2581 5167 Sanctarum
2611 5122 2791 5164 autem
2825 5111 3115 5181 appellatio
3144 5112 3424 5175 virtutum,
3455 5110 3570 5165 for-

298 5211 618 5284 ἁρῤενωπόν
650 5228 770 5263 τινα
816 5211 912 5263 καὶ
962 5208 1356 5263 ἀκατάσειστον
1389 5206 1631 5278 ἀνδρίαν,
1665 5208 1744 5265 εἰς
1778 5205 1841 5257 πό

2024 5223 2103 5259 em
2134 5205 2429 5275 quamdam
2478 5212 2532 5257 et
2556 5204 2940 5257 inconcussam
2969 5201 3191 5256 denotat
3222 5201 3567 5262 virilitatem,

301 5321 393 5367 σας
425 5304 527 5366 τὰς
559 5302 680 5356 κατ’
716 5302 892 5356 αὐτῶν
910 5302 951 5334 δι
988 5299 1241 5363 θεοειδεῖς
1274 5299 1573 5371 ἐνεργείας,
1609 5299 1745 5371 πρὸς
1782 5316 1844 5370 μτ

2026 5315 2054 5352 n
2087 5312 2280 5352 omnes
2308 5296 2604 5351 deifortnes
2645 5308 2833 5347 carum
2879 5294 3122 5347 actiones
3153 5292 3569 5352 redundantem,

370 5471 394 5497 υ
426 5460 571 5515 Psal.
627 5476 891 5527 cxxxvm,
946 5464 1029 5518 lli.
1105 5459 1313 5516 'Joan.
1360 5474 1495 5523 xvn,
1534 5457 1630 5512 22.

1616 5621 1847 5677 VARUE
1882 5618 2178 5676 LECTlON
2187 5615 2290 5675 ES.

368 5794 415 5825 ³⁸
454 5793 555 5846 Ch.
608 5792 670 5845 D.
699 5790 756 5845 S.
790 5791 849 5847 P.
879 5788 1157 5861 ἐμφαίνει,
1225 5786 1293 5861 λ³⁵
1332 5786 1408 5839 CII
1464 5782 1819 5861 ’περ-ιπεζίας.Δ
1875 5782 1929 5861 _'_‘
1957 5781 2057 5861 (ab.
2089 5779 2537 5861 _6_ou)t.orrezrza~ia';.
2617 5775 2681 5861 ³⁷ι
2852 5771 3071 5861 1).“μεθ;
3098 5772 3316 5861 ἐαλυτην.
3349 5773 3438 5861 ’.ές
3465 5773 3568 5861 ili.

308 5867 397 5919 καὶ
598 5842 923 5917 (55δένῖιῖ
949 5842 1009 5918 ι’».
1040 5861 1100 5916 Ρ.
1131 5860 1189 5915 ὃ.
1220 5842 1697 5927 ἐπεστραμμένηνῖ
1769 5842 1822 5886 λθ
1872 5853 1933 5908 υ.
1974 5853 2031 5908 S.
2087 5842 2583 5929 P._d‘{d90€t5$fa;.
2666 5846 2709 5878 “
2754 5845 2856 5901 Cit.
2916 5842 2976 5898 υ.
3031 5844 3092 5899 Ρ.
3134 5842 3261 5896 κατ’
3304 5842 3496 5913 αὐτήν.
3557 5893 3573 5900 ,.
