3908 6232
319 376 436 437 2‘39

1465 379 1523 437 S.
1558 380 1859 436 DIONYSH
1898 382 2364 443 ABEOPAGIT‘E

3485 385 3597 447 240

326 511 397 551 ne
422 490 718 564 quidquam
764 491 1076 559 admittant,
1105 508 1215 563 quo
1252 494 1383 564 ipsis
1419 497 1595 550 insitze
1639 497 1902 550 divinitus

2008 498 2201 568 δεμίαν
2247 500 2512 572 ὑποδοχὴν
2567 501 2674 556 τῶν
2707 502 3056 574 ἐνδιδομένων
3101 503 3237 575 αὐτῇ
3289 502 3600 576 θεαρχικῶν

326 586 727 639 illustratioues
758 584 1059 639 imminuta:
1089 583 1382 652 deﬁciant;
1429 602 1547 656 qu:e
1587 588 1798 657 magnis
1826 590 1906 642 vi-

326 678 481 733 ribus
526 678 593 731 ad
640 677 733 732 Dei
782 677 979 732 nititur
1014 678 1398 746 imitationem,
1425 696 1601 750 neque
1628 682 1795 735 motui
1828 682 1907 735 di-

327 772 459 825 vino
492 770 705 841 ignavia
740 786 838 824 sua
865 771 1043 837 deest,
1088 771 1180 827 sed
1209 781 1527 826 constanter
1557 774 1622 827 ad
1656 788 1909 843 superes-

326 862 609 916 sentialem
667 876 733 915 ac
792 862 1160 931 potentillcam
1195 863 1456 918 virtutem
1505 867 1745 930 intuens,
1805 881 1908 920 nec

323 968 433 1008 non
463 954 750 1021 ipsiusmet
778 954 1021 1014 virtutis.
1055 964 1316 1021 quantmu
1350 952 1433 1008 fas
1466 965 1572 1021 est,
1605 955 1800 1009 effecta
1831 956 1907 1011 si-

325 1045 653 1107 mulacrum,
701 1044 768 1096 ad
799 1044 1047 1097 eamdem
1082 1044 1302 1112 quidem
1336 1060 1435 1099 ceu
1466 1046 1726 1101 virtutem
1760 1047 1908 1116 prin-

326 1138 583 1206 cipalem,
629 1136 808 1190 valide
854 1139 1215 1200 convertitur,
1243 1138 1308 1191 ad
1345 1136 1455 1208 74
1495 1153 1558 1192 ea
1610 1153 1741 1193 vero
1786 1154 1908 1208 quae

325 1230 631 1301 posteriora
664 1239 812 1293 sunt,
846 1230 1104 1283 virtutem
1139 1229 1206 1284 iis
1235 1229 1653 1298 suppeditando,
1696 1230 1904 1285 deifor-

324 1324 486 1378 miter
512 1322 773 1376 dimanat.
816 1321 987 1376 Porro
1038 1330 1353 1376 sanctarum
1418 1337 1613 1377 nomen
1665 1333 1907 1392 potesta-

324 1426 463 1479 tum,
488 1413 824 1483 coaequalem
854 1414 1057 1469 divinis
1088 1414 1557 1469 dominationibus
1588 1416 1907 1471 virtutibus-

322 1523 429 1577 que
477 1506 921 1561 distributionem
966 1507 1171 1577 signat,
1214 1517 1269 1563 et
1324 1507 1674 1563 inconfusum
1707 1509 1907 1564 divinis

322 1599 489 1654 rebus
529 1599 873 1664 excipiendis
922 1600 1201 1664 ordinem,
1244 1614 1343 1654 nec
1376 1616 1483 1654 non
1520 1600 1908 1655 intellectualis

324 1705 391 1745 ac
445 1689 914 1760 supermundialis
962 1689 1251 1759 potestatis
1296 1689 1733 1759 dispositionem,
1786 1703 1909 1758 qua:

322 1792 668 1847 nequaquam
707 1778 987 1849 tyranuice
1018 1778 1071 1831 in
1103 1777 1259 1848 pejus
1287 1780 1542 1849 potentia:
1568 1795 1678 1835 suae
1700 1779 1908 1835 viribus

323 1870 603 1934 abutatur,
633 1872 730 1925 sed
756 1879 810 1925 et
840 1872 1075 1940 ipsamct
1102 1872 1290 1927 animo
1327 1872 1532 1927 invicto
1563 1882 1687 1942 apte
1718 1874 1784 1925 ad
1816 1873 1901 1927 di-
1935 1865 1977 1920 Β

321 1962 449 2015 vina
500 1963 793 2032 dirigatur,
840 1974 1005 2033 atque
1050 1977 1110 2019 se
1157 1964 1445 2033 sequentia
1507 1963 1904 2035 benignissime

320 2063 663 2123 promoveat,
703 2062 758 2110 et
802 2056 870 2109 ad
919 2056 1251 2125 potentilica:
1289 2056 1579 2123 potestatis
1626 2056 1904 2125 principa-

324 2156 459 2211 tum,
493 2156 759 2215 quantum
791 2146 875 2202 fas
902 2156 1009 2214 est,
1048 2147 1290 2214 accedat,
1321 2150 1706 2217 eumdemque,
1740 2156 1904 2217 prout

319 2239 507 2293 valent
554 2237 755 2307 angeli,
801 2239 1245 2311 praaclarissimis
1291 2238 1635 2309 potestativa:
1685 2239 1905 2295 virtutis

320 2351 434 2389 sua-
466 2334 845 2389 t'uuctionibus
890 2333 1148 2387 illustrct.
1185 2332 1554 2389 Deiformibus
1587 2333 1736 2387 hisce
1762 2332 1901 2389 freta

325 2427 785 2496 prolirietatibus,
833 2426 1010 2480 media
1050 2425 1138 2479 illa
1174 2427 1481 2481 cwlcstium
1516 2426 1902 2496 intelligentia-

323 2533 445 2571 rutn
473 2518 761 2588 dispositio
797 2528 1081 2590 purgatur,
1119 2531 1173 2574 et
1207 2520 1547 2574 illuminatur
1572 2530 1737 2589 atque
1776 2535 1902 2589 per-

322 2609 523 2673 ﬁcitur,
558 2625 625 2664 eo
654 2610 815 2665 modo
845 2627 956 2681 quo
985 2612 1190 2666 dictum
1219 2619 1325 2674 est,
1352 2611 1554 2664 divinis
1588 2609 1903 2663 illustratio-

321 2701 505 2763 nibus,
532 2714 629 2769 per
671 2700 909 2770 primum
941 2702 1190 2755 ordinem
1228 2700 1631 2755 liicrarcliicum
1659 2700 1901 2753 secundo

321 2794 422 2849 sibi
482 2793 602 2848 loco
646 2794 851 2858 inditis,
878 2808 1085 2864 perque
1134 2795 1310 2864 ipsqu
1358 2794 1617 2860 medium,
1662 2792 1897 2848 secunda

322 2884 767 2943 manifestatione
796 2885 1038 2940 dilfusis.

2008 591 2325 661 ἐλλάμψεων
2357 594 2604 665 ἀδρανῶς
2636 595 3047 659 ἐξασθενοῦσαν,
3082 596 3380 660 δυνατῶςδί
3412 599 3505 651 ἐπὶ
3534 598 3600 653 τὸ

2009 681 2339 754 θεομίμητον
2402 686 2767 756 ἀναγομένην,
2801 688 2902 741 οὐκ
2947 687 3348 743 ἀπολείπουσαν
3392 690 3599 761 ἑαυτῆς

2007 773 2265 846 ἀνανδρίᾳ
2298 776 2398 847 τὴν
2431 776 2641 847 θεοειδῆ
2676 778 2910 849 κίνησιν,
2940 779 3052 832 ἀλλ’
3088 780 3347 851 ἀρῤεπῶς
3380 783 3602 853 ἀφορῶ-

2009 882 2109 918 σαν
2158 867 2239 929 είς
2285 867 2386 938 τὴν
2438 868 2763 940 ὐπερούσιον
2814 868 2908 921 καὶ
2952 869 3313 939 δυναμοποιὸν
3344 870 3599 941 δύναμιν,

2008 957 2103 1009 καὶ
2132 957 2339 1030 ταύτης
2370 960 2553 1013 είκόνα
2583 960 2903 1031 δυναμοειδῆ
2939 961 3080 1014 κατά
3112 962 3171 1014 τὸ
3204 962 3423 1030 ἐφικτὸν
3455 980 3603 1030 γινο-

2012 1049 2200 1120 μένην,
2223 1051 2317 1104 καὶ¹
2352 1051 2489 1121 πρὸς
2523 1051 2622 1122 μὲν
2655 1053 2824 1123 αὐτὴν
2855 1052 2930 1115 ὼς
2961 1052 3325 1124 ἀρχιδύναμον
3356 1052 3602 1116 δυνατῶς

2008 1142 2490 1214 ἐπεστραμμένην,
2551 1143 2687 1214 πρὸς
2719 1144 2775 1196 δὲ
2807 1144 2876 1197 τά
2906 1144 3134 1215 δεύτερα
3166 1143 3601 1215 δυναμοδότωςω

2011 1234 2103 1286 καὶ
2135 1232 2381 1297 θεοειδῶς
2412 1236 2676 1306 προϊοῦσα
2695 1236 2759 1267 ⁸³·
2786 1235 2884 1305 τὴν
2899 1236 2956 1289 δὲ
2979 1237 3088 1289 τῶν
3122 1237 3290 1306 ἁγίων
3316 1236 3597 1301 ἐξουσιῶν,

2007 1327 2107 1397 τὴν
2150 1327 2396 1397 ὁμοταγῆ
2444 1328 2554 1381 τῶν
2602 1328 2761 1381 θείων
2798 1330 3136 1400 κυριοτήτων
3165 1331 3258 1383 καὶ
3291 1330 3599 1400 δυνάμεων,

2007 1418 2106 1489 τὴν
2148 1417 2419 1490 εὔκοσμον
2464 1421 2558 1474 καὶ
2604 1420 2957 1492 ἀσύμφυρτον
2990 1422 3120 1491 περὶ
3150 1421 3249 1485 τὰς
3283 1422 3433 1484 θείας
3466 1423 3603 1475 ὐπο-

2007 1510 2168 1581 δοχὰς
2201 1511 2471 1578 εὐταξίαν,
2508 1513 2602 1564 καὶ
2640 1512 2701 1564 τὸ
2733 1511 3063 1582 τεταγμένον
3093 1512 3191 1582 τῆς
3224 1511 3600 1582 ὐπερκοσμίου

2010 1603 2102 1654 καὶ
2135 1602 2325 1672 νοερᾶς
2357 1600 2748 1671 ὲξουσιότητος,
2783 1602 2843 1654 οὐ
2892 1602 3229 1673 τυραννικῶς
3262 1602 3355 1654 ἐπὶ
3386 1601 3455 1654 τὰ
3486 1602 3605 1671 χεί-

2010 1711 2090 1765 ρω
2135 1696 2257 1757 ταῖς
2308 1693 2739 1758 ἐξουσιαστικαῖς
2789 1694 3081 1765 δυνάμεσιν
3115 1694 3599 1765 ἀποκεχρημένης,

2008 1787 2123 1841 ἀλλ’
2156 1790 2476 1862 ἀκρατήτως
2513 1791 2604 1843 ἐπὶ
2635 1789 2705 1843 τά
2737 1791 2855 1844 θεῖα
2893 1793 3010 1861 μετ’
3043 1790 3295 1857 εὐταξίας
3326 1789 3603 1859 ἀναγομέ-

2006 1898 2104 1951 νης
2144 1899 2223 1942 τε,
2261 1882 2353 1934 καὶ
2384 1882 2453 1935 τὰ
2489 1884 2605 1952 μετ’
2640 1884 2807 1955 αὐτὴν
2826 1883 2868 1914 ’⁵³
2902 1880 3233 1950 ἀγαθοειδῶς
3266 1879 3598 1950 ἀνοιγούσης,

2007 1971 2102 2022 καὶ
2136 1971 2272 2041 πρὸς
2302 1972 2402 2042 τὴν
2450 1971 2815 2035 ἐξουσιοποιὸν
2858 1970 3235 2042 ἐξουσιαρχίαν
3268 1970 3343 2032 ὡς
3375 1968 3603 2039 θεμιτὸν

2007 2065 2465 2135 ἁφομοιουμένης,
2515 2067 2610 2119 καὶ
2655 2065 2881 2135 ταύτην,
2928 2064 3005 2127 ὼς
3052 2062 3293 2127 δυνατὸν,
3342 2061 3603 2130 ἀγγέλοις

2007 2158 2451 2229 ἀναλαμπούσης,
2487 2160 2543 2212 ἐν
2575 2162 2695 2222 ταῖς
2735 2158 2855 2212 κατ’
2888 2156 3059 2228 αὐτὴν
3091 2154 3378 2225 εὐκόσμοις
3408 2152 3602 2219 τάξεσι

2004 2250 2105 2319 τῆς
2159 2249 2574 2321 ἐξουσιαστικῆς
2620 2250 2921 2321 δυνάμεως.
2970 2248 3185 2310 Ταύτας
3243 2246 3441 2317 ἔχουσα
3497 2242 3603 2308 τὰς

2006 2342 2258 2405 θεοειδεῖς
2295 2341 2561 2411 ίόιότητας
2594 2343 2626 2411 ἡ
2665 2340 2804 2411 μέση
2846 2339 2955 2392 τῶν
2998 2337 3264 2410 οὐρανίων
3312 2335 3446 2389 νοῶν
3479 2334 3603 2387 δια-

2005 2432 2291 2502 κόσμησις,
2330 2431 2647 2503 καθαίρεται
2700 2430 2797 2502 μὲν
2847 2432 2941 2484 καὶ
2990 2428 3282 2498 φωτίζεται
3316 2429 3409 2480 καὶ
3442 2427 3600 2480 τελεο-

2007 2527 2339 2593 σιουργεῖται
2386 2523 2507 2577 καθ’
2541 2523 2600 2577 ὂν
2644 2522 2863 2594 εἴρηται
2901 2521 3121 2593 τρόπον,
3157 2520 3262 2573 ὐπὸ
3294 2519 3399 2573 τῶν
3435 2518 3603 2589 θεαρ-

2003 2616 2173 2686 χικῶν
2220 2616 2557 2686 ὲλλάμῲεων,
2607 2615 2958 2686 ἐνδιδομένων
3008 2614 3147 2684 αὐτῇ
3194 2612 3458 2683 δευτέρως
3506 2610 3605 2664 διὰ

2002 2709 2103 2779 τῆς
2148 2708 2370 2781 πρώτης
2420 2707 2738 2779 ίεραρχικῆς
2785 2707 3216 2776 διακοσμήσεως,
3252 2705 3346 2756 καὶ
3376 2702 3464 2756 διὰ
3500 2702 3603 2772 μέ-

2009 2816 2108 2872 σης
2140 2802 2354 2873 ἐκείνης
2386 2799 2787 2872 δευτεροφανῶς
2818 2796 3390 2868 διαπορθμευομένων.

1881 3042 1907 3114 §
1962 3039 2040 3100 ll.

396 3225 606 3280 Dictum
670 3227 853 3296 itaque
911 3223 1184 3292 notitiam,
1255 3238 1378 3294 quae
1427 3225 1494 3279 ab
1546 3239 1654 3280 uno
1708 3222 1971 3293 angeloC

322 3322 375 3376 in
414 3321 643 3376 alterum
673 3320 975 3387 derivatur,
1010 3321 1274 3374 indicium
1300 3318 1567 3374 faciamus
1615 3319 1901 3389 perfectio-

321 3412 407 3467 nis
437 3412 559 3479 ejus
587 3428 708 3481 qua:
735 3414 953 3467 eminus
1002 3424 1321 3482 procurata,
1358 3425 1650 3480 progressu
1683 3426 1746 3464 ac
1778 3424 1903 3478 pro-

320 3506 534 3560 fusione
578 3506 919 3560 subobscure
969 3506 1037 3558 ad
1089 3503 1376 3558 inferiores
1409 3502 1676 3570 pervenit.
1703 3502 1903 3568 Quem-

318 3598 611 3652 admodum
649 3598 793 3650 enim
836 3610 1120 3649 sacrorum
1165 3604 1475 3649 nostrorum
1516 3593 1899 3662 mysteriorum

317 3692 500 3761 periti,
540 3689 737 3759 seipsis
790 3698 1117 3758 apparentes
1162 3687 1475 3741 divinorum
1508 3685 1774 3739 luminum
1806 3700 1902 3737 ex-

318 3782 585 3853 pletioncs
613 3789 873 3849 prmstare
904 3790 1131 3835 censent
1162 3780 1229 3833 iis
1251 3819 1266 3845 ,
1291 3794 1523 3849 quarum
1566 3777 1732 3846 aliqui
1769 3777 1903 3831 alio-

317 3890 440 3929 rum
490 3874 781 3944 interiectu
816 3874 1112 3942 participes
1150 3875 1427 3928 exsistunt
1460 3889 1474 3927 :
1505 3873 1758 3927 similiter
1786 3871 1902 3925 exi-

318 3968 504 4034 stimo,
543 3969 916 4036 angelicorum
965 3969 1244 4031 ordinum,
1270 3969 1361 4037 qui
1411 3967 1568 4036 primi
1624 3967 1676 4020 in
1730 3966 1899 4020 Deum

318 4059 714 4123 extenduntur,
748 4059 1123 4113 immediatam
1168 4060 1591 4114 illustrationem
1621 4059 1901 4129 perspica-

318 4155 521 4209 ciurem
558 4167 681 4207 esse
713 4154 1129 4222 participatione
1159 4153 1377 4207 illorum
1404 4152 1498 4221 qui
1539 4167 1635 4221 per
1664 4151 1901 4204 medium

318 4245 699 4313 perﬁciuntur.
731 4243 883 4299 Hattc
909 4244 980 4298 ob
1010 4259 1234 4298 causam
1282 4259 1496 4313 quoque
1523 4242 1712 4313 prima:
1743 4240 1903 4295 intel-

320 4338 559 4406 ligentiaa
588 4338 641 4390 in
672 4336 997 4391 sacerdotali
1028 4345 1214 4389 nostra
1248 4335 1563 4397 traditione,
1593 4333 1900 4402 perlectin

318 4444 384 4482 ac
413 4428 662 4493 lncillcze,
694 4429 1122 4497 cxpiatorizeque
1157 4427 1384 4480 virtutes
1427 4425 1778 4479 nominantur
1809 4438 1902 4477 ea-

319 4535 437 4573 rum
457 4536 576 4592 qua:
595 4520 865 4575 inferioris
887 4519 1102 4575 ordinis
1118 4518 1419 4583 exsistunt;
1446 4515 1643 4586 quippe
1658 4528 1778 4583 quae
1806 4526 1903 4582 per

2091 3222 2304 3293 Ἀμέλει
2380 3223 2480 3294 τὴν
2551 3222 2620 3276 δι’
2687 3219 2851 3276 ἄλλου
2915 3218 3215 3288 λεγομένην
3272 3218 3459 3287 φοιτᾷν
3512 3219 3602 3281 είς

2005 3317 2162 3371 ἄλλον
2206 3315 2434 3385 ἄγγελον
2488 3314 2675 3386 ἀκοὴν,
2724 3313 2989 3384 σύμϐολον
3037 3311 3393 3381 ποιησώμεθα
3408 3310 3453 3340 ⁸⁸
3497 3312 3603 3381 τῆς

2004 3407 2288 3480 πόρρωθεν
2320 3405 2763 3475 ἐπιτελουμένης,
2814 3406 2908 3457 καὶ
2947 3402 3036 3455 διὰ
3067 3402 3166 3472 τὴν
3201 3402 3422 3473 πρόοδον
3455 3402 3603 3471 ἀμυ-

2003 3500 2309 3571 δρουμένης
2342 3502 2423 3563 είς
2452 3499 2779 3570 δευτέρωσιν
2810 3496 3160 3559 τελειώσεως.
3181 3497 3267 3559 Ὠς
3288 3495 3398 3563 γάρ
3421 3498 3470 3548 οἱ
3498 3497 3605 3551 δει-

2005 3595 2088 3646 νοὶ
2121 3594 2255 3662 περὶ
2280 3591 2379 3655 τὰς
2415 3590 2565 3663 ἱερὰς
2597 3591 2753 3662 ἡμῶν
2784 3590 3005 3653 τελετάς
3038 3605 3189 3657 φασι,
3224 3588 3322 3651 τὰς
3361 3588 3603 3657 αὐτοφαιο

2004 3687 2115 3748 νεῖς
2155 3685 2263 3737 τῶν
2308 3683 2465 3738 θείων
2510 3681 2950 3753 ἀποπληρώσεις,
2984 3681 3094 3735 τῶν
3127 3681 3195 3734 δι’
3229 3682 3431 3752 ἐτέρων
3480 3680 3604 3735 θεο-

2006 3779 2215 3832 πτικῶν
2268 3776 2538 3849 μεθέξεων
2580 3771 2719 3831 εἶναι
2763 3772 3104 3841 τελειοτέρας
3122 3773 3201 3804 ν’·
3236 3772 3409 3836 οὕτως
3439 3769 3601 3843 οἶμαι

2004 3872 2097 3924 καὶ
2139 3870 2250 3924 τῶν
2298 3866 2605 3937 ἀγγελικῶν
2651 3865 2857 3932 τάξεων
2904 3865 3003 3937 τὴν
3050 3864 3254 3937 ἀμεσον
3305 3864 3601 3935 μετουσίαν

2003 3964 2111 4016 τῶν
2146 3960 2379 4031 πρώτως
2410 3960 2503 4012 ἐπὶ
2536 3958 2667 4011 Θεὸν
2712 3957 3160 4027 ἀνατεινομένων,
3197 3956 3603 4027 ἐναργεστέραν

2005 4053 2142 4109 εἶναι
2189 4053 2298 4106 τῶν
2350 4052 2437 4105 διὰ
2487 4051 2779 4123 μεσότητος
2834 4048 3304 4119 ἀποτελουμένων.
3356 4047 3446 4100 Διὸ
3501 4050 3602 4102 καὶ

2005 4147 2143 4218 πρὸς
2187 4146 2288 4215 τῆς
2335 4143 2492 4217 ἡμῶν
2541 4140 2872 4213 ίερατικῆςδε
2905 4140 3257 4211 παραδόσεως
3286 4140 3602 4193 τελεστικαὶ

2004 4243 2097 4295 καὶ
2131 4240 2432 4311 φωτουργοὶ
2486 4237 2581 4291 καὶ
2622 4235 2949 4307 καθαρτικαί
2993 4234 3270 4304 δυνάμεις,
3306 4234 3354 4285 oi
3390 4233 3600 4304 πρῶτοι

2004 4335 2121 4397 νόες
2152 4330 2507 4403 ὀνομάζονται
2539 4328 2646 4381 τῶν
2680 4325 3007 4398 ὐφειμένων,
3042 4326 3117 4388 ὡς
3148 4326 3215 4378 δι’
3250 4324 3481 4378 αὐτῶν¹⁵⁹
3502 4325 3601 4379 ἐπὶ

2003 4423 2099 4495 τὴν
2136 4423 2351 4476 πάντων
2386 4420 2710 4491 ὐπερούσιον
2743 4417 2917 4490 ἀρχὴν
2950 4417 3325 4488 ἀναγομένων,
3360 4419 3455 4472 καὶ
3484 4417 3602 4471 τῶν

2001 4513 2402 4585 τελεταρχικῶν
2450 4512 2793 4582 καθάρσεων,
2843 4510 2939 4562 καὶ
3005 4508 3318 4579 φωτισμῶν,
3368 4509 3462 4562 καὶ
3509 4527 3603 4562 τε-

317 4613 439 4667 illas
470 4615 536 4667 ad
565 4612 1030 4683 superessentiale
1059 4612 1303 4666 omnium
1340 4609 1664 4680 principium
1695 4606 1894 4660 subve-

2007 4602 2267 4657 λειώσεων
2314 4604 2370 4654 ἐν
2422 4602 2681 4673 μετουσίᾳ
2713 4600 2857 4652 κατά
2887 4598 2948 4651 τδ
2981 4601 3163 4661 αὐτοῖς
3198 4599 3418 4671 θεμιτὸν
3449 4617 3600 4668 γινο-

318 4706 543 4770 liantur,
576 4716 740 4775 atque
789 4706 1151 4775 tnysticarum
1184 4702 1580 4770 expiationum,
1611 4708 1667 4752 et
1700 4697 1902 4754 illumi-

317 4796 623 4857 nationum,
652 4793 1183 4863 perfectionumque,
1218 4791 1394 4861 quoad
1430 4791 1495 4843 iis
1526 4789 1606 4842 fas
1636 4798 1738 4853 est,
1777 4802 1903 4855 par-

321 4889 513 4956 ticipes
539 4886 858 4941 reddantur.
892 4886 1004 4940 Hoc
1036 4888 1181 4940 enim
1226 4883 1525 4937 universim
1553 4882 1734 4935 divina
1756 4880 1905 4935 ordi-

316 4980 542 5033 natione
592 4978 858 5032 divinitus
914 4986 1203 5043 statutum,
1234 4986 1294 5031 ut
1326 4992 1447 5042 quae
1474 4976 1711 5030 secunda
1749 4980 1899 5036 sunt,

316 5084 416 5138 per
440 5071 615 5140 prima
644 5070 860 5123 divinas
887 5068 1219 5137 participem
1262 5067 1714 5120 illuminationes.
1748 5062 1902 5128 Quod

318 5164 509 5232 utique
542 5160 823 5215 multoties
868 5174 897 5212 a
942 5159 1213 5229 theologis
1242 5173 1567 5228 expressum
1612 5156 1853 5225 reperias
1885 5171 1900 5207 :

318 5268 469 5316 nam,
497 5267 621 5306 cum
681 5248 863 5303 divina
919 5259 1257 5317 paternaque
1302 5247 1592 5302 clementia
1644 5246 1901 5315 populum

318 5343 698 5409 lsraeliticuin,
720 5343 1103 5400 conversionis
1128 5343 1243 5413 ejus
1263 5357 1327 5397 ac
1343 5342 1537 5398 salutis
1553 5356 1706 5410 ergo,
1724 5339 1901 5395 corri-

2008 4695 2206 4767 μένων.
2242 4693 2412 4746 Τοῦτο
2456 4693 2564 4764 γάρ
2612 4695 2728 4744 ἐστι
2775 4690 3004 4744 καθόλου
3037 4693 3102 4761 τῇ
3139 4690 3261 4763 θείᾳ
3306 4690 3605 4761 ταξιαρχίᾳ.

2006 4785 2328 4858 θεοπρεπῶς
2360 4784 2870 4855 νενομοθετημένον,
2906 4785 2967 4837 τὸ
2998 4782 3089 4836 διά
3119 4783 3228 4836 τῶν
3264 4782 3495 4856 πρώτων
3530 4782 3606 4836 τὰ

2004 4878 2231 4949 δεύτερα
2262 4876 2371 4929 τῶν
2407 4876 2712 4947 θεαρχικῶν
2762 4877 3010 4947 μετέχειν
3043 4875 3384 4945 ἐλλάμψεων.
3421 4875 3605 4945 Εὑρή-

2007 4986 2121 5031 σεις
2165 4970 2224 5022 δὲ
2266 4968 2426 5021 τοῦτο
2472 4970 2566 5021 καὶ
2612 4967 2878 5037 πολλαχοῦ
2912 4973 3023 5031 τοῖς
3054 4968 3326 5037 θεολόγοις
3356 4970 3605 5036 ἐκπεφα-

2006 5061 2224 5131 σμένον.
2250 5060 2442 5112 Ἦνίκα
2486 5061 2594 5132 γὰρ
2643 5063 2676 5132 ὴ
2724 5060 2843 5113 θεία
2877 5062 2971 5114 καὶ
3002 5060 3245 5131 πατρικὴ
3291 5058 3603 5130 φιλανθρω-

2006 5154 2126 5218 πία,
2160 5154 2250 5209 τὸν
2297 5153 2512 5225 Ἰσραὴλ
2545 5153 2977 5223 ἐπιστρεπτικῶς
3012 5154 3153 5224 ὺπέρ
3184 5153 3285 5222 τῆς
3320 5153 3472 5222 ἱερᾶς
3502 5152 3605 5204 αὐ-

2003 5246 2097 5297 τοῦ
2135 5246 2407 5317 σωτηρίας
2442 5245 2800 5307 παιδεύσασα,
2822 5246 2918 5298 καὶ
2950 5248 3213 5315 τιμωροίς
3247 5245 3341 5298 καὶ
3372 5242 3604 5297 ἀτιθάσ-

1960 5338 1965 5344 ’
2009 5354 2123 5400 σοις
2155 5337 2362 5389 ἔθνεσιν
2394 5337 2473 5398 είς
2505 5335 2875 5407 ἐπανόρθωσιν
2909 5336 3260 5401 ἐκδεδωκυῖα,
3281 5338 3349 5408 τῇ
3368 5336 3603 5407 παντοία

1622 5539 1860 5600 VARLE
1897 5539 2312 5597 LECTIONES.

395 5681 439 5716 δ’
472 5684 569 5755 (In.
598 5683 735 5755 ἀλλά
776 5682 1063 5755 δυνατῶς..-
1108 5680 1157 5717 ⁸³
1208 5701 1299 5755 γρ,
1346 5681 1742 5755 δυναμοποιῷς.

320 5824 367 5854 κ
398 5842 450 5876 m
493 5824 676 5877 vjtiart.
712 5824 1007 5881 alialcctio
1035 5833 1275 5893 notatur,
1311 5825 1655 5897 ἱεραρχικῆςν

1819 5681 1863 5712 ⁸⁸
1894 5683 2014 5752 Ch.
2054 5681 2369 5752 προϊοῦσαν.
2413 5680 2504 5736 Sc.
2536 5690 2589 5735 et
2639 5680 2764 5735 Sar.
2817 5680 3216 5752 assentiuntur.
3374 5681 3457 5752 D.
3497 5681 3601 5734 καὶ

318 5753 385 5805 τὰ
412 5752 549 5822 μετὰ
580 5753 801 5823 ταύτην.
877 5754 922 5785 ⁸⁸
947 5756 1004 5807 S.
1044 5753 1102 5809 Ρ.
1139 5751 1722 5823 0.“(;Ιι.ποιησόμεθα,
1783 5753 1945 5807 veluti
1996 5751 2108 5808 Sc.’
2145 5757 2308 5808 etiam
2367 5755 2778 5816 interpretatur.

320 5824 367 5854 ⁸ο
398 5842 450 5876 m
493 5824 676 5877 tjltart.
712 5824 1007 5879 alialcctio
1035 5833 1275 5879 notatur.
1311 5825 1655 5879 ἱεραογικῆς.
1730 5823 1772 5854 ⁷⁵³
1800 5822 1872 5878 Μ.
1911 5838 2016 5879 non
2045 5823 2239 5879 habet.

1800 5838 1872 5878 Μι.
1911 5838 2016 5879 ΙΙΟΙΙ
2045 5838 2114 5879 Mil
2124 5838 2208 5879 Del
2218 5861 2239 5876 τ

2886 5750 2929 5782 ⁵⁷
2964 5752 3063 5806 Cb.
3117 5751 3181 5809 υ.
3228 5750 3594 5823 τελεωτέμις.
