3908 6232
329 247 432 306 2H

939 251 1029 306 DE
1062 250 1389 309 C(ELESTI
1424 248 1851 305 IllERARCHlA
1876 289 1891 308 .
1926 247 2080 305 CAP.
2116 246 2250 303 Vill.
2286 274 2356 288 ι·-
2389 245 2712 301 CORDERII
2763 243 2997 300 NOTAE.

3493 240 3611 295 242

322 366 437 420 τῶν
467 364 883 435 προνοουμένων
939 367 1033 419 ἐπὶ
1082 367 1146 420 τὸ
1192 348 1441 437 κρεῖττον
1484 365 1798 435 μεταγωγῇ,
1832 379 1897 415 κα

2028 361 2255 431 puisset,
2280 359 2680 429 ultricibusque
2710 374 2775 414 ac
2800 357 3111 413 crudelibus
3140 360 3455 417 nationibus
3476 378 3599 419 cor-

323 457 427 527 τῆς
489 455 873 526 αἰχμαλωσίας
903 458 1056 526 ἠφίει
1120 460 1213 511 καὶ
1274 458 1412 529 πρὸς
1481 456 1583 526 τὴν
1648 455 1920 526 προτέραν

324 547 593 609 ἐπιεικῶς
614 548 1017 618 ὲπανήγαγεν⁵⁰
1038 550 1351 603 εὐπάθειαν.
1383 549 1514 618 Ὁρᾷ
1531 546 1639 599 τῶν
1659 545 1921 612 θεολόγων

324 634 428 702 εἷς,
486 641 515 693 6
568 638 843 709 Ζαχαρίας
879 641 947 706 ⁵⁸,
1004 640 1101 695 ἕνα
1151 640 1263 693 τῶν
1308 638 1572 711 πρώτων,
1623 638 1699 702 ὼς
1744 634 1918 709 οἶμαι,

322 732 418 784 καὶ
457 735 589 805 περὶ
618 734 752 787 Θεὸν
783 733 1032 803 ἀγγέλων
1074 733 1275 805 (κοινὸν
1318 732 1461 805 γὰρ,
1502 733 1579 796 ὡς
1614 733 1771 804 ἔφην,
1803 732 1921 784 ἐστὶ

322 828 460 880 πᾶσι
490 828 551 880 τὸ
580 828 681 898 τῆς
711 827 1007 899 ἀπελικῆς
1030 826 1365 899 ἐπωνυμίας)
1398 828 1535 901 πρὸς
1564 826 1729 880 αὐτοῦ
1783 824 1916 883 Θεοῦ

326 920 569 989 μαθόντα
612 922 740 984 τοὺς
783 921 912 992 περὶ
935 920 1127 975 τούτου
1170 924 1632 997 παρακλητικοὺς,
1657 924 1735 988 ὡς
1767 924 1918 997 εἴρη-

319 1028 435 1075 ται,
460 1011 657 1081 λόγους
675 1030 688 1042 ·
716 1013 900 1084 ἕτερον
924 1012 982 1065 δὲ
1006 1013 1116 1067 τῶν
1148 1015 1458 1087 ὑφειμένων
1488 1018 1755 1087 ἀγγέλων,
1780 1019 1918 1090 πρὸς

320 1102 632 1174 ὑπάντησιν
655 1104 701 1135 ⁸³
726 1103 821 1157 τοῦ
861 1104 1078 1176 πρώτου
1122 1107 1617 1178 προπορευόμενον,
1658 1109 1735 1172 ὡς
1777 1109 1916 1181 πρὸς

318 1195 645 1265 ἐλλάμψεως
675 1197 940 1269 ὑποδοχὴν
970 1199 1065 1251 καὶ
1090 1199 1412 1271 μετάληψιν,
1438 1196 1555 1253 εἶτα
1584 1200 1723 1272 πρὸς
1748 1201 1912 1254 αὐτοῦ

316 1290 420 1359 τὴν
460 1289 611 1343 θείαν
648 1288 844 1361 βουλὴν
883 1290 959 1354 ὡς
992 1291 1129 1361 πρὸς
1168 1292 1422 1364 ίεράρχου
1457 1292 1781 1364 μυούμενον,
1819 1294 1914 1347 καὶ

315 1384 379 1435 τὸ
413 1383 620 1454 μυῆσαι
648 1385 739 1437 τὸν
772 1384 1017 1453 θεολόγον
1048 1387 1497 1458 ὲπιτρεπὸμενον,
1527 1389 1608 1441 ὅτι
1634 1387 1913 1458 κατακάρ-

316 1491 441 1539 πως
487 1477 948 1549 κατοικηθήσεται
1003 1480 1356 1552 Ἰερουσαλὴμ
1390 1483 1497 1535 ἀπὸ
1547 1483 1788 1556 πλήθους
1818 1484 1913 1536 ἀν-

318 1567 579 1640 θρώπων.
623 1572 853 1643 Ἕτερος
899 1572 955 1626 δὲ
996 1573 1108 1625 τῶν
1163 1574 1428 1644 θεολόγων
1483 1576 1765 1649 Ἱεζεκιὴλ,
1816 1577 1910 1630 καὶ

316 1660 460 1731 πρὸς
509 1663 683 1732 αὐτῆς
731 1681 862 1735 φησι
905 1663 1065 1717 τοῦτο
1108 1666 1382 1738 πανιὲρως
1448 1667 1907 1741 νομοθετηθῆναι,

311 1751 416 1821 τῆς
433 1752 483 1784 ⁸³
512 1758 628 1817 τοῖς
664 1756 943 1827 Χερουϐὶμ
969 1756 1361 1825 ὲπιϐεϐηκυίας
1387 1760 1745 1832 ὑπερενδόξου
1778 1761 1907 1815 Θεό-

311 1860 507 1916 τητος·
532 1845 626 1898 τὸν
649 1847 759 1920 γὰρ
775 1849 1009 1921 Ἰσραὴλ,
1033 1849 1110 1913 ὡς
1132 1851 1364 1927 εἴρηται,
1394 1854 1634 1925 πατρική
1658 1855 1904 1924 ⁸δφιλαν-

314 1932 537 2005 θρωπία
567 1936 657 1989 διὰ
687 1938 931 2001 παιδείας
963 1940 1055 1992 ἐπὶ
1079 1940 1139 1993 τὸ
1177 1943 1422 2012 κρεῖττον
1451 1943 1786 2013 μετάγουσα,
1820 1944 1900 1998 διο

313 2025 581 2099 καιοσύνῃ
638 2026 933 2101 θεοπρεπεί
975 2030 1085 2082 τῶν
1144 2031 1459 2091 ὑπευθύνων
1508 2034 1900 2105 ἀποκρίνεσθαι

310 2117 442 2179 τοὺς
481 2117 810 2182 ἀνευθύνους
856 2120 1159 2175 ἐδικαίωσε.
1214 2123 1386 2177 Τοῦτο
1425 2126 1639 2196 μυεῖται
1686 2125 1902 2197 πρῶτος

313 2206 456 2275 μετά
490 2206 561 2259 τὰ
591 2209 891 2281 Χερουϐὶμ,
920 2213 949 2264 ὀ
970 2212 1069 2283 τὴν
1092 2212 1262 2283 ὀσφῦν
1299 2216 1584 2287 σαπφείρῳ
1606 2215 1901 2287 διεζωσμέ-

310 2312 421 2360 νος,
463 2297 521 2362 ὃς
550 2300 647 2353 τὸν
677 2301 888 2373 ποδήρη
919 2303 1061 2358 κατά
1086 2304 1354 2375 σύμϐολον
1397 2306 1710 2379 ἱεραρχικὸν
1752 2308 1899 2362 ἐνδε-

310 2388 480 2442 δύκει.
526 2392 667 2457 Τοὺς
706 2394 766 2449 δὲ
807 2393 1027 2460 λοιποὺς
1068 2397 1420 2466 ἀγγέλους,οἲ
1445 2403 1572 2465 τοὺς
1590 2398 1899 2465 ⁵⁸πελέκεις

310 2475 477 2549 εἶχον,
547 2485 582 2555 ἡ
644 2484 764 2539 θεία
788 2486 1079 2560 ταξιαρχία
1110 2490 1320 2543 κελεύει
1347 2491 1482 2562 πρὸς
1502 2491 1597 2544 τοῦ
1629 2491 1895 2563 προτέρου

313 2572 569 2644 μυεῖσθαι
617 2578 717 2647 τὴν
764 2579 891 2650 περὶ
932 2580 1120 2633 τούτου
1146 2581 1480 2653 θεοκρισίαν·
1522 2581 1601 2653 τῷ
1649 2582 1747 2653 μὲν
1788 2582 1896 2653 γὰρ

308 2664 409 2735 ἔφη
452 2666 627 2737 μέσην
654 2668 881 2725 διελθεῖν
908 2672 1007 2743 τὴν
1048 2673 1421 2744 Ἰερουσαλὴμ,
1454 2674 1547 2727 καὶ
1565 2674 1744 2727 δοῦναι
1772 2674 1833 2729 τὺ
1847 2675 1895 2708 ⁸⁸

311 2760 536 2827 σημεῖον
577 2761 659 2822 εἰς
696 2760 767 2813 τὰ
801 2762 1023 2832 μέτωπα
1046 2763 1156 2816 τῶν
1186 2765 1491 2819 ἀνευθύνων
1523 2766 1757 2837 ἀνδρῶν*
1784 2770 1895 2832 τοῖς

307 2845 491 2910 ἄλλοις
510 2848 569 2901 δέ
589 2865 604 2876 ·
631 2852 967 2918 Πορεύεσθε
996 2855 1084 2917 εὶς
1111 2852 1227 2920 τὴν
1257 2854 1440 2907 πόλιν
1469 2854 1660 2908 ὀπίσω
1682 2855 1909 2919 αὐτοῦ,-

307 2938 403 2992 καὶ
452 2941 738 3006 κόπτετε,
793 2942 891 2998 καὶ
935 2943 1022 3013 μὴ
1066 2945 1346 3013 φείδεσθε
1398 2946 1523 3013 τοῖς
1563 2947 1893 3017 ὀφθαλμοῖς

2028 455 2311 520 rigendum
2350 452 2692 514 tradidisset;
2727 460 2785 505 ut
2813 465 2951 521 quos
2980 453 3205 520 provide
3236 453 3596 523 gubernabat,

2022 547 2169 600 omni
2218 547 2378 599 modo
2419 545 2486 599 ad
2527 544 2804 598 meliorem
2850 542 3062 613 frugem
3097 545 3415 611 adduceret,
3440 562 3471 601 a
3502 562 3598 603 ca-

2022 636 2267 706 ptivitate
2290 634 2396 705 75
2424 649 2639 704 quoque
2664 631 2865 687 liberos
2893 634 2961 686 ad
2996 633 3281 703 pristinam
3314 635 3592 690 fortunam

2022 729 2249 797 benigne
2282 727 2576 784 revocavit.
2623 725 2932 795 Theologus
2968 725 3186 794 quidam
3220 727 3441 782 nomine
3490 727 3598 782 Za-

2021 824 2239 878 charias
2262 823 2377 876 visu
2408 823 2671 892 percepit,
2708 822 3009 889 primorum
3039 822 3352 892 quemdam,
3387 834 3444 877 ut
3480 824 3598 891 opi-

2021 931 2144 979 nor,
2168 930 2234 969 ex
2266 914 2333 967 iis
2372 914 2464 982 qui
2508 913 2618 967 Deo
2649 913 2881 978 proximi
2918 922 3045 965 sunt
3076 910 3392 980 angelorum
3423 914 3596 983 (com—

2019 1005 2199 1061 munis
2236 1004 2406 1071 enim,
2444 1004 2522 1057 uti
2554 1002 2704 1069 dixi,
2743 1002 2997 1057 omnibus
3038 1001 3286 1072 angelica
3313 1002 3598 1071 cognomi-

2018 1098 2166 1155 natio
2193 1100 2298 1167 est)
2337 1097 2406 1151 ab
2438 1095 2579 1165 ipso,
2608 1095 2751 1149 sicut
2796 1093 3002 1148 dictum
3047 1105 3151 1157 cst,
3192 1094 3304 1150 Deo
3342 1094 3446 1150 hac
3474 1095 3595 1164 ipsa

2017 1191 2085 1244 de
2115 1204 2175 1244 re
2205 1188 2370 1246 verba
2413 1185 2808 1242 consolationis
2837 1187 3185 1255 percepisse:
3217 1186 3450 1241 alterum
3494 1201 3597 1241 au-

2014 1294 2122 1340 tem
2146 1282 2357 1338 ordinis
2382 1280 2653 1336 inferioris
2677 1278 2956 1350 angelum,
2984 1280 3201 1334 obviam
3234 1280 3428 1349 priori,
3458 1280 3593 1338 lucis
3641 1321 3644 1323 λ

2014 1374 2293 1445 capienda:
2314 1389 2377 1427 ac.
2399 1372 2786 1441 participanda:
2809 1386 2997 1436 causa,
3022 1372 3441 1440 prtecedentem,
3466 1388 3590 1427 cum
3642 1372 3648 1378 ’

2012 1467 2082 1521 ab
2117 1466 2304 1520 eodem
2352 1463 2549 1519 deinde
2588 1463 2832 1516 divinum
2885 1462 3205 1530 consilium,
3257 1472 3514 1533 tanquam
3559 1480 3592 1520 a

2011 1559 2294 1613 sacerdote
2324 1572 2555 1618 summo.
2585 1556 2941 1626 percepisset,
2983 1554 3114 1609 illud
3164 1557 3341 1624 ipsum
3379 1574 3446 1611 ex
3483 1561 3593 1613 im-

2011 1650 2188 1714 posito
2232 1664 2456 1703 munere
2497 1646 2805 1716 theologum
2844 1648 3113 1711 docuisse,
3165 1652 3283 1702 fore
3328 1658 3387 1702 ut
3429 1648 3591 1704 Jeru-

2010 1740 2178 1794 Salent
2213 1739 2475 1811 frugiferae
2499 1754 2531 1793 a
2559 1752 2753 1807 magna
2797 1739 3081 1793 hominum
3128 1740 3471 1803 multitudine
3502 1741 3586 1794 in-

2008 1834 2300 1889 coleretur.
2340 1833 2572 1899 Quidam
2626 1830 2763 1885 alius
2805 1830 2933 1885 item
2980 1831 3265 1901 theologus
3297 1831 3586 1898 Ezechiel,

2006 1926 2110 1981 hoc
2155 1941 2186 1980 a
2230 1924 2438 1979 Deitate
2489 1924 2605 1995 ipsa
2657 1922 3092 1993 supergloriosa,
3134 1940 3256 1993 quae
3298 1926 3585 1980 cherubim

2008 2019 2345 2073 transcendit
2371 2032 2420 2084 ι,
2443 2026 2797 2073 sacrosancte
2836 2016 3108 2070 sancitum
3138 2016 3375 2070 asserit:
3410 2015 3585 2072 Israe-

2004 2111 2211 2166 liticum
2259 2111 2405 2167 enim
2458 2109 2719 2180 populum
2765 2122 2927 2173 cum,
2972 2116 3030 2161 ut
3071 2107 3274 2162 dictmu
3309 2118 3423 2173 est,
3473 2110 3585 2165 cle-

2003 2205 2206 2260 utentia
2252 2213 2478 2273 paterna
2522 2217 2620 2272 per
2653 2199 2998 2269 disciplinam
3049 2199 3116 2253 ad
3151 2197 3360 2268 frugem
3399 2200 3584 2254 tradu-

2002 2307 2152 2352 ceret
2184 2297 2486 2360 meliorem,
2514 2296 2771 2366 aequitate
2799 2293 2909 2347 Deo
2937 2291 3095 2359 digna
3132 2305 3254 2346 reos
3288 2293 3355 2346 ab
3388 2292 3580 2348 inson-

2003 2392 2145 2445 tibus
2190 2390 2555 2444 secerneudos
2610 2388 2849 2441 censuit.
2900 2384 3014 2439 Hoc
3046 2386 3253 2452 primus
3283 2385 3581 2440 secundum

2000 2482 2282 2539 cherubim
2329 2482 2556 2534 docetur
2585 2479 2701 2546 ille,
2740 2480 2901 2548 cujus
2932 2497 3090 2537 renes
3129 2479 3391 2549 sapphiro
3434 2491 3580 2548 pne-

2000 2572 2163 2629 cincti
2212 2579 2397 2636 erant,
2441 2572 2644 2641 quique
2687 2571 2847 2627 talari
2884 2584 3056 2638 veste,
3103 2571 3451 2642 pontiﬁcatus
3494 2571 3579 2624 in-

1997 2664 2172 2736 signi,
2221 2664 2603 2719 amiciebatur.
2649 2662 2890 2719 Caeteros
2923 2665 3122 2719 exinde
3152 2662 3373 2733 angelos
3413 2676 3577 2715 secu-

1997 2757 2147 2811 ribus
2177 2762 2445 2820 armatos,
2488 2768 2517 2807 a
2553 2754 2720 2826 priori
2756 2755 2849 2808 illo
2892 2754 3076 2809 divina
3103 2751 3260 2823 jubet
3303 2751 3577 2807 ordinatio

1997 2848 2239 2905 divinum
2282 2849 2383 2902 hac
2424 2852 2491 2903 de
2528 2862 2585 2903 re
2621 2848 2885 2918 judicium
2934 2848 3151 2904 edoceri
3185 2865 3199 2902 :
3237 2847 3364 2901 huic
3404 2846 3579 2915 siqui-

1996 2943 2429 3025 demprxccepit,
2464 2953 2520 2997 ut
2553 2958 2650 3011 per
2680 2944 2910 2997 mediam
2957 2942 3262 2999 Jerusalem
3296 2942 3573 3009 transiret,

303 3032 493 3101 ὑμῶν,
517 3034 619 3087 ἐπὶ
645 3034 714 3087 δὲ
742 3035 971 3103 πάντας
998 3037 1092 3107 ἐφ’
1122 3038 1215 3104 οἷς
1246 3038 1380 3092 ἐστι
1407 3039 1472 3092 τὸ
1503 3042 1776 3110 σημεῖον,
1802 3040 1891 3110 μὴ

2001 3045 2161 3104 atque
2202 3036 2414 3103 signum
2465 3034 2761 3091 insontium
2802 3035 3043 3088 virorum
3084 3034 3354 3089 frontibus
3385 3034 3576 3105 impri-

299 3122 603 3192 ἐγγίσητε.
636 3125 701 3178 Τί
734 3127 800 3180 ἄν
839 3144 923 3190 τις
950 3124 1094 3181 εἴποι
1126 3130 1255 3200 περὶ
1295 3128 1389 3181 τοῦ
1422 3131 1691 3201 φήσαντος
1722 3132 1889 3199 ἀγγέ-

298 3212 393 3266 λου
433 3214 514 3285 τῷ
547 3217 779 3288 Δανιήλ·
821 3216 1113 3286 Ἐξῆλθεν
1149 3224 1181 3273 ὁ
1220 3221 1436 3289 λόγος
1475 3221 1507 3292 ἢ
1549 3222 1675 3292 περὶ
1721 3221 1887 3279 αὐτοῦ

296 3305 391 3358 τοῦ
418 3307 637 3378 πρώτου
680 3309 742 3362 τὸ
762 3309 872 3381 πῦρ
894 3312 957 3363 ὲκ
980 3312 1147 3381 μέσου
1175 3312 1285 3364 τῶν
1310 3313 1590 3384 Χερουϐὶμ
1612 3313 1889 3383 ἀνειληφάο

294 3415 418 3462 τοςς
443 3400 475 3471 ῆ
498 3401 560 3452 τὸ
581 3401 774 3457 τούτου
800 3404 1183 3475 περισσότερον
1208 3404 1288 3466 είς
1312 3405 1562 3470 εὐταξίας
1587 3405 1885 3475 ἀγγελικῆς

295 3491 605 3558 ἀπόδειξιν,
646 3494 725 3545 ὅτι
767 3493 836 3546 τὰ
876 3496 1157 3566 Χερουϐὶμ
1202 3494 1524 3567 ἐμϐάλλει⁵⁷
1553 3496 1612 3549 τὸ
1659 3494 1770 3566 πῦρ
1807 3497 1886 3559 εἰς

293 3581 391 3645 τὰς
418 3586 607 3654 χεῖρας
632 3584 724 3636 τοῦ
746 3586 846 3655 τὴν
869 3587 1032 3654 ἁγίαν
1066 3585 1257 3657 στολὴν
1288 3587 1658 3652 ὲνδεδυκότος;
1693 3587 1725 3658 ἢ
1757 3588 1884 3659 περὶ

292 3670 389 3725 τοῦ
414 3674 749 3744 κεκληκότος
768 3677 860 3729 τὸν
884 3677 1157 3730 θειότατον
1192 3677 1449 3749 Γαϐριὴλ,
1489 3680 1582 3731 καὶ
1611 3680 1884 3749 φήσαντος

292 3764 472 3835 αὐτῷ,
519 3767 852 3821 Συνέτισον
899 3768 1135 3823 ἐκεῖνον
1176 3768 1290 3836 τὴν
1334 3769 1579 3837 ὄριισιν;
1617 3771 1648 3841 ἢ
1711 3771 1881 3823 ὅσα⁸⁸

289 3854 428 3915 ἄλλα
479 3856 620 3926 πρὸς
664 3857 774 3911 τῶν
819 3858 981 3930 ἱερῶν
1036 3857 1301 3928 θεολόγων
1353 3860 1566 3933 εἴρηται
1607 3862 1735 3932 περὶ
1784 3862 1883 3925 τῆς

288 3943 397 3995 τῶν
437 3945 707 4017 οὐρανίων
750 3948 1036 4019 ίεραρχιῶν
1077 3949 1342 4012 θεοειδοῦς
1382 3951 1716 4021 εὐκοσμίας;
1744 3953 1882 4022 πρὸς

288 4037 355 4106 ἢν
383 4038 415 4107 ὴ
448 4038 552 4107 τῆς
582 4042 715 4110 παρ’
746 4042 874 4111 ⁴ἡμῖν
906 4043 1186 4114 ἱεραρχίας
1209 4042 1447 4110 εὐταξία,
1472 4044 1611 4097 κατὰ
1641 4045 1701 4097 τὸ
1726 4045 1881 4098 δυναη

285 4128 375 4180 τὸν
404 4129 841 4203 ἀφομοιουμένη,
877 4135 977 4206 τὴν
1007 4134 1299 4207 ἀγγελικὴν
1344 4136 1676 4207 εὐπρέπειαν
1704 4138 1778 4201 ὡς
1820 4139 1878 4191 ὲν

285 4219 492 4273 εἰκόσιν
539 4220 671 4287 ἕξει,
726 4226 1040 4303 τυπουμένη
1089 4227 1153 4279 δι’
1186 4227 1386 4296 αὐτῆς,
1434 4228 1529 4280 καὶ
1566 4228 1877 4302 ἀναγομένη

288 4311 424 4381 πρὸς
478 4313 583 4385 τὴν
638 4316 961 4387 ὑπερούσιον
1028 4318 1248 4392 ἀπάσης
1312 4319 1593 4391 ίεραρχίας
1652 4320 1876 4392 ταξιαρ-

284 4415 424 4485 χίαν.

1993 3138 2193 3192 meret;
2227 3129 2345 3181 aliis
2370 3136 2548 3181 autem
2578 3128 2654 3181 ait
2679 3147 2692 3184 :
2727 3128 2882 3182 Exite
2908 3128 2962 3180 in
2993 3127 3253 3181 civitatem
3280 3137 3399 3197 post
3428 3143 3569 3199 eum,

1988 3232 2035 3275 et
2064 3222 2337 3291 percutite,
2366 3230 2415 3274 et
2444 3223 2605 3274 nolite
2633 3236 2846 3288 parcere
2868 3218 3033 3273 oculis
3054 3220 3266 3283 vestris;
3296 3220 3366 3273 ad
3393 3236 3570 3274 omnes

1989 3324 2162 3366 autent
2210 3329 2367 3382 super
2394 3328 2525 3382 quos
2567 3320 2644 3365 est
2679 3311 2912 3381 signum,
2943 3327 3007 3364 ne
3055 3313 3486 3382 appropinquetis
3515 3320 3569 3366 r.

1988 3405 2127 3477 Quid
2172 3416 2355 3458 autem
2398 3407 2464 3457 de
2510 3403 2600 3458 illo
2630 3403 2776 3457 dicat
2807 3402 2930 3472 quis
2969 3401 3181 3471 angelo,
3214 3403 3307 3473 qui
3362 3402 3569 3457 Danieli

1988 3499 2104 3551 ait:
2140 3496 2395 3567 Egressus
2435 3506 2510 3550 est
2561 3494 2775 3549 sermo?
2804 3503 2826 3531 ι
2861 3502 2957 3547 aut
3001 3495 3069 3546 de
3106 3494 3279 3562 primo
3324 3492 3435 3559 illo,
3476 3494 3566 3563 qui

1988 3591 2169 3659 ignem
2201 3591 2266 3644 de
2300 3589 2478 3643 medio
2513 3587 2797 3641 cherubim
2840 3584 3088 3655 accepit?
3136 3586 3243 3652 vel,
3286 3588 3432 3655 quod
3465 3602 3567 3640 an-

1985 3686 2215 3752 gelicam
2278 3682 2609 3736 luculentius
2658 3680 2952 3735 confirmat
3002 3680 3450 3745 distinctionem,
3500 3681 3568 3736 de

1985 3777 2267 3830 cherubim
2298 3776 2477 3845 ignem
2511 3775 2791 3841 ingerente
2834 3775 2887 3827 in
2936 3788 3128 3827 manus
3160 3772 3277 3842 ejus
3310 3773 3403 3842 qui
3449 3781 3565 3827 sto-

1988 3868 2093 3924 lam
2135 3877 2377 3924 sanctam
2410 3866 2628 3919 indutus
2658 3864 2813 3919 erat?
2845 3872 2936 3918 aut
2968 3864 3036 3918 de
3071 3864 3164 3917 illo
3190 3864 3283 3931 qui
3316 3862 3561 3917 Gabrieli

1986 3958 2346 4019 divinissimo,
2376 3972 2499 4010 cum
2530 3972 2655 4012 cum
2683 3957 3028 4021 accersisset,
3059 3955 3234 4011 dixit:
3268 3952 3385 4009 Fac
3412 3954 3563 4007 illum

1982 4050 2271 4119 intelligere
2298 4047 2545 4102 visionem
2570 4049 2637 4102 αἳ
2674 4056 2767 4103 aut
2798 4050 2866 4102 de
2896 4048 3148 4102 omnibus
3179 4048 3321 4112 aliis,
3350 4061 3469 4115 quae
3496 4047 3564 4100 de

1981 4140 2291 4195 οωιυειίιιιιι
2330 4138 2519 4193 ordine
2562 4138 3000 4193 hierarchiarum
3045 4153 3273 4207 prorsus
3311 4139 3560 4194 deil'ornti

1980 4251 2010 4289 a
2062 4237 2233 4290 sacris
2280 4243 2405 4287 sunt
2463 4234 2730 4301 theologis
2776 4236 3246 4290 commemorata?
3292 4236 3360 4288 ad
3407 4233 3563 4303 cujus

1979 4326 2169 4393 utique
2200 4325 2490 4394 imaginem
2522 4325 2567 4378 si
2602 4340 2758 4380 sacer
2794 4325 2884 4379 hic
2920 4327 3057 4379 ordo
3098 4335 3282 4379 noster
3310 4340 3368 4379 se
3410 4340 3562 4378 com-

1910 4414 1961 4473 D
1988 4429 2177 4491 ponat,
2217 4420 2396 4486 eique,
2442 4428 2706 4487 quantum
2738 4427 2937 4487 potest,
2970 4417 3325 4485 assimiletnr,
3356 4417 3559 4484 angeli-

283 4522 404 4561 cum
440 4510 688 4577 profecto
736 4515 992 4569 decorem
1041 4514 1191 4569 illum
1243 4514 1389 4569 velut
1433 4512 1487 4567 in
1538 4515 1726 4583 figuris
1771 4515 2064 4585 exprimet,
2101 4513 2332 4566 formam
2372 4512 2499 4567 inde
2528 4514 2788 4583 capiens;
2820 4529 2885 4569 ac
2918 4527 3015 4582 per
3038 4526 3168 4571 eum,
3190 4513 3258 4565 ad
3300 4526 3557 4581 superes-

286 4606 573 4673 sentialem
616 4609 797 4665 omnis
837 4595 981 4666 sacri
1032 4611 1241 4666 ordinis
1280 4607 1553 4676 originem
1621 4614 1931 4668 attolletur.

1395 4922 1504 4994 76
1532 4921 2066 4980 ADNOTATIONES
2106 4921 2459 4980 CORDERII.

350 5067 379 5151 ᾗ
406 5069 447 5124 l.
492 5071 771 5156 Describit
801 5076 1035 5156 mediam
1071 5078 1439 5156 hierarcltiam
1476 5098 1601 5152 quae
1628 5083 1874 5139 continet
1902 5084 2334 5153 dominationes,
2362 5093 2664 5156 potestates
2696 5093 2865 5155 atque
2892 5085 3147 5152 virtutes,
3174 5094 3230 5139 et
3259 5083 3544 5155 mysticam

282 5146 549 5221 c‘jlttsque
585 5146 1104 5221 interpretationem
1140 5165 1205 5205 ac
1242 5146 1634 5221 prOprietatem
1665 5157 1915 5221 exponit.

353 5213 775 5272 nominationes
804 5228 986 5274 autem
1017 5213 1295 5288 dicuntur,
1330 5213 1459 5292 quia
1491 5225 1707 5280 caeteris
1739 5213 1954 5296 angelis
1982 5226 2360 5293 dominantur,
2400 5234 2455 5282 et
2489 5227 2556 5282 ab
2592 5227 2741 5281 omni
2775 5228 3133 5295 oppressione
3166 5236 3290 5280 sunt
3335 5224 3542 5293 liberm,

350 5382 375 5410 ι
407 5370 614 5428 Ezech.
647 5391 702 5429 ι.
799 5383 827 5423 3'
856 5375 1057 5433 Ezech.
1112 5394 1189 5445 tv,
1243 5386 1296 5441 5.
1361 5388 1382 5415 ³
1415 5380 1551 5437 Dan.
1604 5397 1681 5445 lx,
1724 5381 1815 5437 25.

1896 5397 1923 5428 α
1951 5384 2090 5438 Dan.
2131 5399 2248 5449 vnt,
2303 5384 2391 5438 16.

1563 5551 1796 5608 νΑῐιιλΕ
1826 5553 2231 5611 LECTIONES.

346 5662 393 5694 '°
421 5663 526 5735 Cit.
557 5664 617 5717 Ι).
649 5663 709 5720 Ρ.
740 5665 914 5735 ἐπανῆ

278 5734 425 5804 γική,
458 5733 525 5789 Μ.
553 5736 643 5791 Sc.
722 5735 770 5769 "
798 5733 1062 5795 articulus
1094 5738 1245 5795 deest
1279 5741 1331 5795 in
1357 5739 1425 5795 Μ.

921 5682 1033 5733 γεν.
1113 5665 1158 5699 ⁸⁸
1189 5668 1475 5722 ιιινιίνιιΙιιιιι
1527 5685 1631 5723 non
1664 5670 1828 5725 habet
1858 5673 1918 5727 D.
1955 5683 2011 5727 et
2042 5674 2099 5729 P.

1503 5740 1552 5775 “
1578 5739 1645 5795 τό
1664 5757 1768 5799 non
1797 5743 1996 5801 habent
2023 5746 2121 5800 Ch.
2157 5745 2215 5800 D.
2247 5744 2304 5800 Ρ.
2383 5745 2427 5778 ⁵⁷
2463 5738 2734 5809 ἐκϐάλλει,
2772 5741 2834 5797 D.
2912 5739 2959 5772 ⁵⁸
2989 5738 3085 5792 καὶ
3117 5740 3240 5806 ὅσα,
3275 5738 3380 5797 ωε

2200 5675 2244 5706 ⁸⁸
2286 5675 2344 5728 D.
2377 5672 2705 5741 ἀπάντησιν.
2810 5670 2857 5703 ⁸³
2888 5684 2978 5741 γρ.
3013 5667 3140 5741 τῷν.
3221 5668 3264 5700 ⁸⁸
3292 5681 3534 5741 στρατη.
