3908 6232
250 225 257 230 ’
300 240 409 295 ιιι
1461 234 1518 289 s.
1557 233 1852 290 momsn
1887 231 2349 289 AREOPAGITAE
3450 236 3555 293 ω

305 364 363 410 (ἰ
396 352 527 407 nulli
578 348 828 405 inferiori
876 348 1268 417 subjiciuntur.
1307 348 1512 403 llarum
1557 349 1795 403 ofiicinm
1848 360 1971 415 est,
2016 351 2314 403 secundum
2352 347 2667 418 Dionysium
2694 388 2709 411 ,
2761 349 2955 404 timore
2992 348 3173 403 servili
3207 348 3468 417 deposito,
3500 351 3556 405 in

310 428 483 479 Deum
534 422 777 485 moveri,
807 430 863 475 et
916 421 1264 474 incessanter
1299 421 1350 474 ei
1404 419 1701 479 famulari:
1739 422 2043 475 secundum
2089 420 2416 487 Gregorium
2463 429 2644 471 autem
2689 418 2922 477 cilicium
2958 435 3145 474 earum
3192 430 3294 481 est,
3328 421 3380 473 in
3417 420 3558 476 bello

307 494 549 563 spiritali
604 492 905 558 instruere,
946 489 1186 561 qualiter
1226 498 1479 560 Oporteat
1528 491 1873 555 praelationis
1922 490 2163 545 cilicium
2205 503 2484 555 exercere,
2527 499 2578 543 et
2622 491 2859 558 qualiter
2905 492 3140 544 debeant
3180 490 3413 545 subditis
3456 492 3556 545 do-

307 581 529 618 llilllal'l.

380 634 630 689 Virtutes
660 643 788 687 sunt
840 631 1210 699 infatigabiles
1255 632 1320 683 ad
1374 631 1787 686 exsecutionem
1840 630 2252 693 faciendorum,
2294 636 2350 682 et
2394 632 2634 685 robustae
2685 631 2751 684 ad
2797 631 3200 699 perceptionem
3248 644 3554 683 munerum.

310 706 517 759 llarum
537 702 770 757 cilicium
804 713 910 764 est,
939 702 1235 755 secundum
1283 702 1634 773 Dionysium,
1669 702 1869 755 docere
1905 703 2182 771 praelatos,
2227 710 2285 754 ut
2316 699 2480 755 facile
2523 714 2576 756 et
2606 711 3044 773 perseveranter,
3069 716 3187 768 qua:
3218 701 3283 753 ad
3314 699 3557 773 cilicium

310 774 646 845 prmlationis
678 774 977 845 pertinent,
1021 782 1397 845 exsequantur
1426 770 1488 827 et
1523 773 1699 845 ipSitl_S
1730 770 1917 826 onera’
1943 772 2253 828 sustineant
2291 774 2563 840 patienter
2590 770 2767 827 {item
2801 786 2896 840 per
2936 771 3072 825 istas
3100 770 3361 825 miracula
3398 770 3557 834 fiunt,

308 841 360 900 et
399 846 571 897 virtus
601 841 835 898 faciendi
868 841 1131 895 miracula
1168 842 1425 909 perfectis
1452 842 1825 897 conceditur.-

383 915 757 968 Potestatibus
795 913 1031 965 virtutes
1065 912 1401 967 adversaria:
1431 912 1691 978 subjectae
1721 920 1868 975 sunt,
1900 928 1969 967 ne
2002 911 2209 967 mundo
2242 921 2451 967 tantum
2493 924 2747 975 noceant,
2777 920 3044 981 quantum
3077 912 3325 977 cupiunt.
3353 910 3557 964 Harum

309 986 549 1039 ofﬁcium
582 995 690 1045 est,
727 986 1022 1053 secundum
1056 980 1411 1053 Dionysium,
1451 983 1673 1051 angelos
1706 981 2021 1053 inferiores,
2054 984 2230 1049 quoad
2269 984 2387 1037 fieri
2421 992 2627 1052 potest,
2655 980 2854 1038 divinae
2885 983 3140 1052 potentia:
3172 983 3556 1053 conformare:

308 1071 386 1119 et,
416 1055 713 1108 secundum
756 1052 1101 1119 Gregorium,
1131 1050 1255 1107 illos
1290 1054 1383 1123 qui
1424 1053 1477 1108 in
1509 1050 1778 1123 spirituali
1808 1054 2110 1107 certamine
2145 1050 2436 1120 dcsudant,
2463 1054 2811 1119 confirmare,
2841 1050 2918 1120 et,
2952 1068 3023 1108 ne
3054 1066 3278 1123 regnum
3316 1050 3562 1121 Spir-italo

309 1127 597 1189 amittant,
642 1123 955 1177 defendere.

383 1198 409 1268 ς
460 1196 524 1268 ll.
565 1194 814 1250 Ostendit
862 1190 1257 1268 illustrationes
1304 1208 1412 1268 quo
1457 1208 1554 1268 per
1598 1192 1780 1268 plures
1808 1192 2313 1268 _transfunduntur,
2346 1207 2412 1268 eo
2459 1194 2806 1268 obscuriores
2835 1191 3559 1268 exsistere_in__postremis.

266 1286 271 1293 '
310 1262 603 1321 Inferiores
648 1272 830 1316 autem
886 1262 1111 1331 angelos
1157 1279 1187 1315 a
1230 1264 1603 1332 superioribus
1650 1264 1981 1324 illuminari,
2023 1262 2230 1333 probat,
2262 1278 2329 1317 ex
2378 1262 2659 1333 Zachariae
2699 1280 2822 1333 cap.
2854 1280 2905 1329 ι,
2955 1266 3045 1317 ubi
3093 1262 3296 1330 duplici
3350 1263 3567 1317 visione

264 1362 267 1365 λ
312 1337 619 1390 oStenditur
655 1334 932 1404 propheta:
976 1334 1293 1402 angelorum
1339 1333 1654 1387 tute-larium
1690 1333 1891 1400 Deique
1933 1334 1987 1386 in
2019 1332 2422 1404 Jerosolymam
2458 1346 2515 1387 ct
2546 1332 3034 1389 Iudaeosstudium
3065 1352 3077 1387 :
3116 1343 3170 1404 et
3206 1333 3390 1404 simul,
3421 1349 3563 1401 quo-

314 1408 474 1459 modo
522 1402 665 1458 unus
715 1402 935 1474 angelus
957 1404 1037 1474 ab
1078 1404 1276 1471 altero,
1307 1404 1437 1472 quid
1490 1404 1845 1474 Jerosolyma:
1898 1404 2139 1456 futurum
2158 1402 2353 1474 esset,
2397 1405 2743 1474 edoceretur,
2770 1417 2825 1458 et
2854 1420 2982 1473 cap.
3011 1420 3047 1457 ιι
3078 1403 3224 1456 videt
3255 1402 3564 1474 Zacharias

310 1476 563 1544 angelum
604 1489 728 1528 cum
765 1472 1004 1526 funiculo
1036 1470 1338 1535 mensorio,‘
1363 1484 1419 1526 nt
1454 1470 1722 1528 metiatur
1749 1473 2053 1529 Jerusalem
2092 1487 2121 1524 a
2156 1470 2416 1544 Nebemia
2448 1485 2503 1527 et
2544 1473 2878 1528 Zorobabele
2921 1470 3355 1544 remdificandant
3384 1489 3398 1524 :
3433 1488 3564 1544 cum

310 1542 661 1602 ex'f'uniculo
704 1544 925 1611 exiguo,
960 1553 1146 1610 utpote
1176 1545 1485 1610 convoluto,
1518 1545 1836 1612 conjiceret,
1873 1546 2208 1612 timeretque
2234 1542 2535 1598 Zacharias
2564 1545 2819 1611 exiguam
2854 1545 2969 1598 fore
3011 1558 3203 1597 novam
3233 1542 3563 1606 Jerusalem,

312 1633 441 1671 mox
490 1616 641 1668 audit
692 1610 921 1684 alterum
958 1613 1209 1680 angelum
1261 1610 1691 1684 promittentem,
1744 1619 1949 1683 absque
1995 1610 2155 1667 muro
2183 1610 2500 1684 Jerusalem
2521 1610 2874 1667 habitandam
2908 1630 3018 1682 prze
3051 1613 3423 1684 multitudine.
3460 1612 3564 1666 Ubi

309 1688 530 1740 videtur
560 1684 652 1737 hic
684 1682 914 1750 angelus
945 1685 1194 1752 superior
1226 1682 1426 1753 prioris
1468 1686 1611 1739 illius
1644 1682 1983 1755 propositum
2028 1698 2311 1747 revocare,
2352 1683 2444 1755 qui
2479 1683 2718 1738 funiculo
2748 1682 3565 1755 dimensorioimagnitudinem

308 1758 466 1810 urbis
504 1757 853 1810 dimensurus
885 1764 1152 1807 venerat:
1191 1771 1314 1809 nam
1366 1753 1658 1823 antequam
1703 1753 1827 1825 pust
1864 1756 2243 1811 reductionem
2276 1754 2451 1825 muris
2481 1755 2796 1823 cingeretur
2837 1757 3054 1819 civitas,
3088 1753 3345 1825 Ecclesiae
3377 1762 3565 1825 typum

310 1842 503 1895 gerere
550 1825 827 1895 debebat,
853 1838 996 1893 quae,
1044 1836 1167 1893 post
1208 1827 1393 1879 orbein
1427 1843 1456 1879 a
1503 1822 1723 1887 Christo
1760 1827 2096 1894 redemptum
2121 1824 2441 1895 ,omnibus
2483 1822 2711 1879 omnino
2742 1826 2997 1894 gentibus
3038 1825 3235 1895 patuit.
3286 1822 3569 1895 Posterior

311 1892 441 1966 ergo
475 1894 701 1963 angelus
750 1892 988 1966 priorem
1036 1892 1324 1958 instruxit,
1374 1906 1427 1950 et
1482 1906 1738 1966 tanquam
1790 1892 2401 1966 super'ioriinferiorem
2453 1896 2658 1966 docuit.
2708 1892 2995 1966 Quomodo
3038 1892 3221 1966 autem
3268 1892 3451 1958 angeli
3489 1892 3571 1966 ab

309 1963 545 2036 ipsumet
588 1967 699 2019 Deo
748 1964 1065 2036 immediate
1099 1982 1185 2021 res
1234 1967 1446 2032 aliquas
1476 1963 2118 2036 edoceanturfostendit
2151 1981 2215 2020 ex
2249 1964 2552 2036 Ezechielis
2582 1981 2701 2034 cap.
2728 1983 2779 2020 Ix
2804 2010 2817 2031 ,
2864 1968 2950 2018 ubi
2981 1965 3139 2033 jubet
3178 1965 3318 2036 Deus
3345 1963 3564 2036 angeio,

309 2033 371 2091 tit
415 2038 593 2107 signet
624 2037 737 2089 'l‘au
766 2036 819 2089 in
853 2034 1031 2088 fronte
1058 2049 1246 2091 eorum
1286 2038 1435 2109 quia
1469 2038 1617 2091 caede
1661 2035 2122 2109 Jerosolymorum
2154 2045 2310 2109 erant
2339 2033 2727 2109 liberandi;et
2762 2052 2860 2109 se:
2903 2037 3024 2109 aliis
3066 2035 3274 2104 angelis
3307 2033 3566 2109 mandat,

311 2117 373 2161 ut
419 2104 648 2175 signatis
697 2113 960 2174 parcant,
1005 2108 1223 2177 caneris
1272 2108 1527 2163 omnibus
1580 2104 1905 2162 interfectis.
1968 2108 2100 2161 ltein
2134 2121 2199 2159 ex
2242 2106 2482 2160 Danielis
2510 2122 2636 2177 cap.
2664 2124 2739 2174 ix,
2770 2107 2864 2169 25,
2897 2108 3157 2169 declarat,
3189 2104 3458 2173 quomodo
3481 2108 3570 2177 ad

309 2173 634 2247 prolifietam
676 2173 875 2229 missus
906 2178 979 2229 sit
1010 2176 1260 2242 Gabriel,
1293 2178 1611 2247 significans
1644 2194 1749 2232 non
1785 2187 1994 2233 tantum
2035 2177 2354 2231 solvendam
2398 2173 2769 2245 captivitatem
2803 2178 3141 2239 Judteoruut,
3185 2178 3279 2228 sed
3312 2182 3366 2226 et
3399 2173 3571 2247 totius

311 2244 537 2315 gen—eris
574 2249 793 2318 humani
844 2260 942 2318 per
972 2248 1271 2315 Christum,
1307 2244 1429 2317 post
1459 2250 1809 2318 septuaginta
1858 2250 2231 2302 hebdomadas
2282 2244 2567 2301 annorum.
2600 2248 2865 2303 Snuiliter
2903 2250 3100 2300 iterum
3131 2261 3201 2298 ex
3255 2244 3571 2300 Ezechielis

312 2334 436 2387 cap.
466 2333 519 2382 χ,
552 2318 641 2387 ubi
671 2316 827 2385 jubet
876 2314 1021 2371 Deus
1052 2319 1169 2371 viro
1207 2314 1369 2372 lineis
1418 2314 1605 2374 induto
1652 2314 1902 2387 accipere
1938 2334 2141 2386 prunas
2169 2334 2198 2370 e
2229 2318 2408 2387 medio
2438 2333 2633 2375 currus
2674 2320 2759 2373 sui
2801 2319 3122 2379 cherubim,
3166 2332 3369 2387 easque
3403 2330 3564 2387 spat?

312 2384 441 2455 gere
470 2404 566 2509 per
590 2384 918 2449 Jerusalem,
948 2399 1007 2441 ut
1037 2388 1138 2442 hoc
1168 2390 1323 2457 signo
1352 2393 1638 2458 portendat
1663 2384 1817 2443 urbis
1844 2384 2159 2443 incendium
2192 2401 2286 2457 per
2311 2386 2598 2444 Chaldaeos
2627 2409 2639 2443 :
2672 2400 2727 2445 et
2755 2404 2943 2443 rursus
2964 2405 3031 2441 ex
3063 2384 3297 2441 Danielis
3324 2398 3445 2449 vnt,
3473 2384 3571 2448 16,

319 2460 409 2509 ubi
444 2458 474 2509 Β
502 2458 674 2509 lchael
714 2458 861 2509 iubet
892 2456 1199 2509 Gabrielem
1237 2475 1512 2509 exiionere
1544 2461 1754 2509 Danieli
1799 2462 2088 2509 visionem.
2125 2460 2202 2509 Ex
2242 2457 2444 2509 uuibus
2483 2462 2739 2509 omnibus
2768 2461 2899 2509 locis
2941 2460 3232 2509 manifeste
3273 2456 3571 2509 colliuitur.

319 2460 409 2512 ubi
444 2456 674 2513 M-cbael
706 2458 861 2525 jubet
892 2456 1199 2513 Gabrielem
1226 2456 1512 2529 esponere
1544 2461 1754 2515 Danieli
1799 2462 2088 2515 visionem.
2125 2460 2202 2511 Ex
2242 2457 2444 2529 quibus
2483 2462 2739 2515 omnibus
2768 2461 2899 2515 locis
2941 2460 3232 2513 manifeste
3273 2456 3579 2525 colligitur,

318 2532 546 2598 angelos
579 2529 890 2597 superiores
923 2529 1212 2587 inferiores
1242 2528 1370 2586 suos
1401 2532 1588 2586 multis
1616 2537 1679 2587 de
1712 2534 1897 2603 rebus,
1929 2545 2064 2600 quas
2093 2528 2435 2600 ignorabant,
2456 2530 2747 2587 instruere.

1374 2890 1861 2949 PARAPIIRASIS
1888 2892 2343 2950 memini:an
2379 2895 2513 2967 (ιδ),

382 3071 479 3145 δι.
524 3072 908 3128 Traducendus
961 3072 1117 3127 modo
1173 3090 1351 3131 sermo
1400 3085 1485 3129 est
1534 3079 1601 3131 ad
1640 3078 1870 3131 medium

2046 3074 2072 3144 §
2120 3074 2156 3126 Ι.
2200 3076 2563 3130 Μετενεκτὲον
2609 3076 2698 3131 τὸν
2744 3075 2898 3143 λόγον
2957 3075 3162 3147 ἀπάρτι
3208 3073 3303 3128 καὶ
3340 3072 3435 3127 ἐπὶ
3476 3072 3581 3146 τὴν

313 3167 617 3221 cwlestium
646 3165 906 3219 virtutum
949 3167 1216 3220 ordinem.
1260 3166 1373 3221 Non
1407 3167 1544 3223 dixit
1582 3181 1761 3225 autem
1793 3189 1885 3226 or-

314 3260 518 3326 dinem,
561 3258 655 3313 sed
688 3259 1127 3323 adornationem;
1163 3260 1420 3327 quoniam
1466 3260 1583 3317 baac
1620 3262 1733 3331 ipsa
1766 3282 1887 3319 rur-

314 3367 435 3406 sum
467 3360 577 3406 tres
623 3352 842 3406 ordines
876 3351 1063 3405 habet.
1094 3351 1317 3421 Κόσμου
1356 3352 1538 3421 itaque
1567 3368 1658 3408 seu
1703 3363 1891 3406 ornatu

312 3460 413 3514 pro
436 3446 628 3500 ordine
656 3445 823 3507 dicto,
856 3452 911 3497 et
942 3444 1323 3513 praepositione
1348 3443 1435 3496 διὰ
1457 3459 1553 3497 seu
1586 3460 1679 3512 per
1713 3454 1891 3500 trans-

315 3537 451 3590 itum
496 3537 580 3592 vel
630 3536 1035 3592 distinctionem
1073 3536 1381 3599 denotante,
1411 3534 1791 3606 διακόσμησιν,
1837 3539 1890 3593 id

312 3638 400 3685 est
440 3629 833 3683 adornattonem
896 3641 991 3681 seu
1038 3625 1459 3683 distributionem
1522 3628 1691 3694 dixit,
1735 3629 1889 3685 ordi-

312 3736 438 3775 nem
466 3719 721 3772 nimirum
754 3718 807 3771 in
843 3720 945 3771 tria
969 3716 1343 3771 distributum.
1366 3717 1661 3775 Videamus
1704 3721 1890 3788 igitur,

314 3813 410 3867 sed
492 3809 1024 3878 supermundialibus
1115 3808 1626 3878 intellectilibusque
1697 3813 1888 3879 oculis,

313 3904 493 3974 quoad
527 3917 835 3972 possumus,
879 3900 985 3975 77
1023 3900 1424 3956 dominationes
1467 3918 1530 3957 ac
1562 3904 1795 3958 virtutes
1826 3921 1893 3959 ac

313 4005 634 4064 potestates.
669 3994 781 4046 Duo
814 3995 998 4062 itaque
1038 3993 1090 4048 hi
1121 3993 1362 4057 ordines,
1406 3993 1635 4049 virtutes
1677 4004 1803 4048 sunt
1830 4012 1894 4052 ac

314 4095 635 4158 potestates,
680 4087 939 4155 quoniam
987 4102 1015 4137 a
1051 4085 1247 4138 virtute
1281 4098 1477 4139 nomen
1520 4100 1890 4157 acceperunt:

315 4190 559 4252 potestas
597 4180 740 4233 enim
798 4177 934 4232 nihil
982 4176 1128 4231 aliud
1179 4186 1263 4231 est
1308 4192 1470 4247 quam
1508 4179 1751 4244 habitus,
1800 4184 1894 4252 qui

315 4289 571 4345 congruae
613 4271 882 4327 voluntati
924 4270 1179 4324 virtutem
1223 4280 1612 4341 cengruentem
1661 4274 1894 4327 obtinet.

317 4364 440 4417 Dixi
466 4376 647 4419 autent
672 4381 941 4434 congrua),
966 4365 1223 4435 quoniam
1250 4366 1341 4433 qui
1368 4374 1561 4433 potens
1584 4375 1687 4432 est,
1714 4377 1897 4435 posset

1991 3164 2163 3234 μέσην
2206 3164 2315 3219 τῶν
2360 3166 2625 3236 οὐρανίων
2672 3165 2950 3238 δυνάμεων
2984 3167 3155 3233 τάξιν.
3204 3166 3321 3219 Οὐκ
3351 3161 3470 3217 εἷπε
3518 3165 3583 3218 ae

1987 3255 2163 3321 τάξιν,
2195 3255 2331 3309 ἀλλὰ
2356 3256 2735 3329 διακόσμησιν,
2765 3259 2896 3311 διότι
2923 3258 3065 3329 αὕτη
3103 3257 3267 3312 πάλιν
3308 3259 3435 3329 τρία
3464 3258 3582 3328 ἔχει

1986 3349 2057 3401 τὰ
2084 3349 2362 3419 τάγματα.
2414 3351 2657 3420 Κόσμον
2681 3350 2810 3418 γοῦν
2854 3351 3153 3423 λεγομένης
3198 3352 3298 3421 τῆς
3340 3352 3579 3417 τάξεως,

1990 3439 2084 3491 καὶ
2124 3441 2221 3511 τῆς
2235 3440 2333 3495 διὰ
2360 3441 2625 3513 δηλούσης
2652 3433 2748 3513 τὴν
2794 3442 3144 3514 διαχώρησιν,
3169 3443 3583 3512 διακόσμησιν

1992 3526 2134 3594 εἷπε,
2170 3531 2409 3601 δηλονότι
2439 3532 2590 3597 τάξιν
2619 3536 2697 3597 εἰς
2729 3536 2855 3604 τρία
2890 3536 3316 3607 μεμερισμένην.
3352 3536 3584 3606 Ἴδωμεν

1992 3623 2143 3698 γοῦν,
2176 3624 2288 3677 ἀλλ’
2320 3627 2711 3697 ὑπερκοσμίοις
2739 3628 2832 3679 καὶ
2860 3631 3071 3698 νοητοῖς
3106 3628 3423 3698 ὀφθαλμοῖς,
3454 3628 3586 3681 καθ-

1993 3715 2067 3779 ώς
2097 3718 2211 3769 ἐστι
2237 3717 2458 3771 δυνατὸν
2478 3758 2492 3782 ,
2521 3719 2619 3782 τὰς
2649 3720 2975 3789 κυριότητας
2993 3760 3007 3783 ,
3033 3720 3128 3773 καὶ
3164 3721 3263 3783 τὰς
3289 3720 3546 3791 δυνάμεις
3566 3761 3582 3785 ,

1995 3810 2090 3861 καὶ
2131 3808 2228 3872 τὰς
2272 3809 2536 3874 ἐξουσίας.
2583 3812 2661 3864 Τὰ
2708 3812 2834 3879 γοῦν
2872 3812 2963 3864 δύο
2990 3812 3160 3865 ταῦτα
3199 3813 3483 3883 τάγματα,
3524 3815 3584 3865 αἱ

1994 3900 2247 3971 δυνάμεις
2290 3903 2382 3954 καὶ
2424 3902 2691 3969 ἐξουσίαι,
2723 3904 2845 3955 ἐπεὶ
2890 3904 3303 3973 ἐπιονυμοῦνται
3332 3904 3441 3957 ἀπὸ
3484 3906 3586 3976 τῆς

1999 3993 2299 4063 δυνάμεως
2332 3994 2451 4046 οὐδὲ
2491 3996 2599 4065 γάρ
2640 3997 2786 4048 ἐστιν
2827 3997 2859 4066 ἡ
2898 3995 3115 4061 ἐξουσία
3153 3996 3279 4050 ἄλλο
3315 4013 3365 4048 τι
3414 3998 3461 4049 εί
3507 3998 3595 4072 μὴ

1999 4084 2131 4147 ἕξις,
2166 4084 2460 4156 σύνδρομον
2499 4086 2594 4157 τὴν
2623 4086 2847 4157 δύναμιν
2876 4090 2943 4158 τῇ
2976 4090 3331 4161 προσηκούσῃ
3368 4088 3587 4159 θελήσει

2001 4176 2213 4253 ἔχουσα.
2234 4182 2634 4248 Προσηκούσῃ
2664 4180 2721 4232 δὲ
2750 4178 2923 4245 εἷπον,
2959 4180 3040 4236 ὅτι
3071 4181 3286 4251 θελήσοι
3320 4183 3386 4235 ἂν
3407 4183 3597 4243 καὶτὰ,

1998 4271 2237 4325 ἀδύνατα
2256 4274 2282 4324 ὁ
2310 4272 2657 4337 ἐξουσιάζων,
2680 4272 2792 4326 ἀλλ’
2815 4274 2874 4325 οὐ
2897 4274 3143 4340 τεύξεται
3163 4275 3260 4345 τῆς
3285 4274 3555 4345 θελήσεως
3571 4293 3585 4306 ·

2001 4368 2089 4420 διὰ
2108 4368 2264 4421 τοῦτο
2282 4367 2484 4420 τούτων
2510 4367 2831 4437 ἀμφοτέρων
2850 4366 2917 4419 τὰ
2938 4366 3138 4418 δυνατὰ
3164 4362 3286 4418 εἷπε
3316 4366 3589 4436 θεάματα.

315 4458 484 4510 etiam
527 4457 662 4511 velle
710 4456 1095 4526 impossibilia,
1143 4457 1237 4511 sed
1270 4472 1379 4515 non
1413 4457 1743 4527 adipiscetur
1774 4474 1892 4527 qua:

2010 4461 2122 4513 Οὐκ
2152 4456 2273 4512 εἷπε
2301 4461 2355 4513 δὲ
2390 4459 2685 4529 νοήματα·
2717 4459 2779 4511 τὸ
2806 4458 2914 4529 γὰρ
2956 4459 3129 4529 νόημα
3159 4458 3374 4528 κίνησις
3410 4458 3593 4529 ψυχῆς

317 4550 502 4618 cupit;
556 4561 723 4618 atque
767 4550 974 4604 idcirco
1026 4558 1381 4619 utrorumque
1431 4548 1709 4618 possibilia
1761 4550 1900 4605 dixit

317 4644 656 4712 spectacula.
704 4642 821 4697 Non
872 4652 1055 4697 autem
1095 4642 1234 4695 dixit
1284 4643 1673 4711 cogitationes;
1723 4645 1896 4713 siqui-

321 4722 447 4791 deirl
473 4736 731 4804 cogitatio
762 4746 940 4790 motus
968 4746 1051 4789 cst
1080 4735 1276 4788 animze
1295 4775 1309 4801 ,
1342 4736 1435 4802 qui
1464 4750 1570 4789 non
1604 4737 1853 4791 subsistit
1880 4748 1896 4792 :

321 4831 415 4885 sed
448 4828 780 4897 spectacula,
828 4828 943 4882 sive
990 4843 1078 4881 res
1125 4844 1244 4895 qua:
1277 4826 1532 4884 ell'ectutn
1567 4830 1897 4896 sortiuntur,

320 4934 379 4975 et
402 4922 575 4975 oculis
599 4920 1132 4988 supermundialibus
1155 4937 1429 4990 supraque
1453 4937 1691 4988 sensum,
1718 4923 1898 4991 quoad

323 5014 442 5069 ﬁeri
476 5022 674 5083 potest,
721 5023 1060 5080 speetantur.
1104 5013 1318 5068 Etenim
1353 5018 1776 5083 unumquodque
1808 5030 1900 5068 co-

324 5121 560 5177 gnomen
587 5106 848 5159 mentium
879 5104 1209 5169 divinarum,
1235 5085 1547 5161 Divinitatis
1573 5108 1901 5161 imitatrices

326 5200 642 5255 earumdem
694 5198 993 5252 deiforincs
1044 5199 1380 5255 demonstrat
1428 5218 1491 5255 ac
1543 5201 1722 5271 signat
1772 5218 1899 5269 pro-

323 5293 611 5361 prietates.
657 5293 986 5362 Angelorum
1030 5300 1211 5345 autem
1265 5292 1435 5347 Deum
1486 5294 1706 5347 imitans
1772 5308 1899 5361 pro-

330 5390 535 5456 prietas
574 5387 678 5441 alia
716 5396 801 5440 est
845 5386 1007 5451 alius,
1053 5385 1203 5439 verbi
1251 5387 1463 5457 gratia,
1514 5389 1773 5441 virtutum
1819 5396 1905 5442 est

328 5480 593 5548 potentia,
623 5479 1050 5534 dominationum
1096 5496 1227 5535 vero
1261 5482 1522 5547 libertas;
1556 5497 1675 5550 qua:
1721 5482 1905 5550 utique

401 5656 514 5727 (l3)
558 5655 687 5713 Vide
723 5657 906 5713 Schol.
937 5659 993 5715 S.
1024 5657 1266 5727 Maximi,
1302 5667 1430 5713 tom.
1460 5655 1521 5724 ll,
1554 5671 1676 5726 cap.
1700 5652 1752 5709 8.

2010 4553 2157 4605 ἐστιν
2181 4553 2579 4615 ἀνυπόστατος’
2611 4552 2745 4605 ἀλλὰ
2769 4552 3048 4620 θεάματα,
3079 4552 3245 4621 ἤγουν
3271 4552 3593 4622 ἐνύπαρκτα.

2010 4645 2338 4717 πράγματα,
2383 4645 2580 4710 θεατὰ,
2625 4646 2700 4707 ὡς
2738 4646 2977 4713 ἐφικτὸν,
3009 4644 3307 4715 ὀφθαλμοῖς
3352 4646 3594 4715 ὑπερκο-

2008 4741 2191 4810 σμίοις
2221 4740 2312 4793 καὶ
2342 4740 2481 4810 ὑπὲρ
2514 4739 2783 4809 αἴσθησιν.
2808 4740 2918 4792 Καὶ
2942 4738 3052 4810 γὰρ
3080 4738 3287 4808 ἑκάστη
3308 4739 3597 4806 ἐπωνυμία

2007 4832 2115 4884 τῶν
2147 4831 2304 4883 θείων
2339 4831 2473 4884 νόων
2509 4833 2753 4899 ἐκφαίνει
2784 4831 2878 4883 καὶ
2922 4830 3071 4899 δηλοῖ
3096 4830 3196 4892 τὰς
3226 4830 3597 4900 Θεομιμήτους

2012 4924 2282 4993 ἰδιότητας
2310 4924 2403 4975 τοῦ
2434 4923 2697 4985 θεοειδοῦς
2718 4923 2912 4977 αὐτῶν.
2939 4923 3278 4993 Θεομίμητος
3304 4923 3361 4975 δέ
3394 4923 3598 4993 ἰδιότης

2009 5016 2117 5069 τῶν
2150 5015 2395 5084 ἀγγέλων
2424 5018 2568 5068 ἐστὶν
2599 5015 2729 5083 ἄλλη
2764 5016 2858 5085 μέν
2892 5013 3074 5077 ἄλλου,
3107 5014 3203 5065 εἰτ’
3232 5008 3325 5065 οὖν
3347 5016 3466 5075 ταῖς
3499 5013 3600 5083 μὲν

2014 5107 2270 5178 δυνάμεσι
2303 5109 2362 5160 τὸ
2386 5107 2626 5168 δυνατὸν,
2656 5110 2776 5169 ταῖς
2810 5107 2867 5159 δὲ
2893 5106 3175 5177 κυριότησι
3205 5105 3265 5157 τὸ
3286 5104 3597 5174 ἐλεύθερον·

2009 5199 2044 5253 ἃ.
2074 5199 2137 5270 δὴ
2176 5201 2267 5254 ἐπὶ
2316 5200 2447 5253 Θεοῦ
2494 5200 2799 5270 ἀσύγκριτά
2825 5201 2930 5252 εἰσι
2959 5200 3053 5252 καὶ
3091 5199 3401 5269 ὑπέρτατα’
3438 5198 3602 5251 αύτε-

2010 5293 2262 5365 λεύθερον
2306 5295 2412 5365 γὰρ
2452 5294 2511 5347 τὸ
2555 5294 2706 5346 Θεῖον
2743 5295 2837 5346 καὶ
2879 5293 3267 5363 αὐτοδύναμον,
3304 5290 3500 5354 κοινῶς
3540 5291 3603 5345 δὲ

2013 5386 2173 5440 πάλιν
2210 5391 2321 5450 τοῖς
2352 5388 2483 5440 πᾶσι
2509 5387 2577 5439 τὰ
2606 5387 2782 5439 πάντα
2814 5387 2947 5439 ἐστί.
2985 5386 3135 5447 Τέως
3172 5386 3230 5439 δὲ
3254 5384 3602 5454 ἀπονενεμη-

2015 5494 2100 5530 ται
2142 5479 2220 5532 ἐν)⁴
2248 5477 2464 5548 ἑκάστῳ
2493 5478 2586 5531 ἐπὶ⁸
2613 5476 2774 5532 πλέον
2803 5477 2865 5531 τὸ
2906 5476 3034 5531 ίδιον
3064 5475 3215 5547 παρὰ
3244 5475 3338 5530 τοῦ
3371 5475 3605 5547 ποιητοῦ
