3908 6232
215 315 320 372 3L3

719 309 810 368 DE
859 309 1191 369 C(ELESTI
1229 310 1679 377 HIERARCHIA,
1716 308 1869 367 CAP.
1910 307 2049 369 \‘lll.
2080 338 2154 352 —-
2178 307 2526 364 PABAPHR.
2564 308 3030 366 PACIIYMERE.

3386 311 3493 368 246

211 428 413 495 αὐτῶν,
445 428 538 483 ἴνα
575 428 645 483 τὰ
686 429 789 499 τῆς
830 428 1041 496 τάξεως
1082 429 1264 485 αὐτῶν
1300 430 1443 484 κατὰ
1483 431 1546 483 τὸ
1600 428 1800 495 ἰδιάζον

1928 445 1959 482 n
1994 428 2103 483 Deo
2146 429 2460 485 indistincta
2504 437 2629 483 sunt
2673 439 2729 483 et
2755 428 3027 498 superlata
3055 444 3070 483 :
3098 428 3369 499 siquidem
3406 431 3492 485 di-

213 519 654 590 φυλαχθήσηται.
686 520 806 573 Τῶν
851 521 949 592 μὲν
995 516 1087 574 οὖν
1117 520 1289 590 ἁγίων
1326 522 1663 593 κυριοτήτων
1709 521 1811 591 τὴν

212 612 590 683 ἐκδηλωτικὴν
653 612 947 683 ὀνομασίαν
1006 612 1375 682 ὑπολαμϐάνω
1433 612 1626 683 δηλοῦν
1676 613 1811 665 ἀνα-

211 705 403 773 γωγήν
450 720 578 757 τινα
623 704 717 757 καὶ
771 702 1051 774 ἀναφορὰν
1104 703 1435 767 ἀδούλωτον,
1489 704 1583 756 xui
1630 704 1814 775 πάσης

213 794 510 864 χθαμαλῆς
544 795 930 864 ταπεινότητος
972 793 1285 866 ἐλευθέραν
1326 794 1407 847 διὸ
1447 793 1556 865 γὰρ
1597 794 1813 847 ἐλευθε-

218 886 509 957 ροπρεπὴς
535 886 704 957 ἐστιν,
754 887 928 939 οὐδενὶ
958 886 1164 959 ⁹τρόπῳ
1205 887 1467 940 καθόλου
1514 886 1607 939 xui
1661 903 1815 939 συνε-

216 974 377 1027 λόντα
409 977 629 1029 εἰπεῖν’.
654 975 746 1046 Μὴ
772 974 880 1046 γάρ
918 974 1100 1046 εἴπῃς,
1136 974 1218 1027 ὅτι
1249 974 1476 1027 καθόλου
1510 971 1649 1040 εἶπε,
1680 974 1813 1028 διότι

220 1065 467 1137 μερικῶς
504 1067 686 1130 ποσῶς
721 1066 1137 1121 κατακλίνεται·
1182 1068 1355 1121 οὐδενὶ
1406 1069 1584 1122 τοίνυν
1626 1069 1814 1139 τρόπῳ

216 1157 605 1209 κατακλίνεταί
655 1175 760 1210 τινι
823 1158 931 1210 τῶν
982 1158 1319 1228 τυραννικῶν
1389 1160 1811 1231 ἀνομοιοτήτων.

219 1249 428 1318 Τρόποι
470 1248 530 1300 δέ
574 1250 680 1300 είσι
726 1249 829 1318 τῆς
874 1248 1302 1318 δουλοπρεπείας
1350 1249 1446 1301 xui
1491 1249 1590 1319 τῆς
1642 1267 1813 1303 κατα-

220 1338 456 1402 κλίσεως
494 1340 528 1409 ἦ
557 1340 743 1409 φόϐος,
774 1340 808 1411 ἢ
858 1337 1041 1402 αἰδὼς,
1073 1339 1106 1409 ἢ
1140 1340 1418 1401 κολακεία,
1454 1339 1487 1411 ἢ
1534 1339 1738 1401 ἔνδεια,
1780 1338 1813 1409 ἢ

217 1433 537 1503 ἐμπάθεια,
570 1433 604 1503 ἦ
648 1433 745 1485 xui
790 1432 966 1485 πάντα
1006 1431 1164 1502 ὁμοῦ,
1198 1433 1230 1503 ἢ
1276 1449 1427 1485 τίνα’
1459 1431 1495 1485 ἃ.
1527 1431 1590 1503 δὴ
1637 1432 1816 1485 πάντα

218 1527 329 1580 τῶν
378 1528 718 1597 κυριοτήτων
768 1525 957 1596 πόρρω
1004 1524 1143 1588 eisi,
1194 1524 1260 1576 δι’
1303 1524 1338 1577 ἃ
1377 1524 1538 1593 τυχὸν
1593 1524 1816 1577 ύποκλι-

222 1619 365 1671 θεῖεν
396 1622 512 1680 τοῖς
541 1618 801 1687 χείροσιν,
847 1616 879 1687 ἢ
908 1617 1213 1670 διακοπεῖεν
1250 1615 1351 1686 τῆς
1396 1615 1651 1685 τοιαύτης
1682 1616 1816 1668 ἀνα-

220 1711 434 1780 γωγῆς.
478 1711 664 1763 Ταῦτα
706 1709 815 1780 γὰρ
849 1709 917 1762 τὰ
964 1710 1131 1780 χείρω
1166 1708 1258 1761 xui
1296 1707 1455 1760 ὑλικὰ
1497 1707 1678 1777 λέγει,
1722 1710 1818 1761 καὶ

1913 521 2097 574 vinum
2125 520 2332 575 Numen
2362 521 2538 590 ipsum
2574 536 2671 592 per
2700 537 2759 576 se
2786 521 3041 586 liberum,
3075 535 3173 590 per
3198 537 3257 576 se
3300 531 3495 592 potens

1914 620 2033 677 est,
2076 614 2441 667 communiter
2484 624 2671 667 autem
2706 612 2962 668 onmibus
2996 614 3179 667 omnia
3220 623 3322 669 est.
3355 614 3496 668 llae-

1915 713 2076 759 tenus
2145 714 2328 758 autem
2378 713 2437 759 ut
2486 705 2779 774 plurimmn
2839 704 3058 759 cuilibet
3114 720 3301 759 eormn
3364 706 3496 773 quid

1915 798 2196 866 proprium
2237 797 2303 850 ab
2333 797 2571 852 Auctore
2616 798 2972 852 distributum
3021 806 3126 860 est,
3168 806 3227 849 ut
3275 812 3338 851 ea
3375 813 3497 865 qua:

1916 899 2043 942 sunt
2073 889 2279 943 ordinis
2308 904 2523 955 eorum,
2569 890 2871 943 secundum
2915 889 3306 958 proprietatem
3337 904 3494 943 suam

1918 990 2404 1037 conservarentur.
2451 980 2660 1036 Nomen
2714 981 2897 1049 itaque
2944 981 3088 1049 quod
3132 989 3351 1034 sanctas
3395 980 3496 1033 de-

1917 1072 2094 1141 signat
2124 1070 2546 1134 dominationes,
2578 1072 2836 1125 existimo
2866 1069 3155 1123 declarare
3186 1069 3494 1124 absolutum

1915 1164 2170 1232 aliquem,
2197 1172 2250 1217 et
2281 1164 2348 1216 ab
2379 1163 2525 1216 omni
2563 1172 2777 1217 terrena
2810 1162 3017 1216 vilitate
3048 1162 3273 1215 liberum
3303 1163 3371 1217 ad
3404 1177 3499 1216 su-

1917 1268 2086 1322 perna
2142 1252 2434 1306 transitum
2482 1269 2497 1305 :
2544 1252 2751 1307 ideirco
2791 1252 2936 1305 enim
2997 1252 3139 1305 liber
3179 1259 3300 1314 est,
3350 1252 3498 1320 quod

1918 1347 2065 1401 nullo
2098 1362 2321 1416 prorsus
2355 1346 2515 1399 modo
2545 1346 2844 1413 quidquam
2892 1344 2962 1399 sit
3003 1358 3109 1412 quo
3154 1343 3384 1397 detineri
3416 1344 3499 1396 di-

1920 1450 2101 1493 catur.
2129 1438 2273 1493 Cave
2303 1453 2430 1493 vero
2459 1438 2628 1501 dicas,
2657 1451 2780 1491 eum
2822 1452 3037 1505 prorsus
3084 1436 3289 1490 dixisse
3308 1477 3322 1501 ,
3352 1440 3497 1504 quod

1921 1531 2229 1601 partialiter
2280 1532 2617 1601 quandoque
2691 1529 3040 1584 inclinetur:
3094 1528 3243 1582 nullo
3313 1532 3499 1597 itaque

1920 1624 2081 1677 modo
2130 1622 2413 1692 tyrannica
2462 1618 2911 1673 dissimilitudine
2956 1619 3212 1688 quapiam
3259 1618 3497 1671 inclina-

1923 1727 2035 1769 tur.
2067 1714 2207 1769 Μούί
2240 1723 2419 1767 autem
2450 1711 2730 1766 servitutis
2757 1717 2919 1778 atque
2951 1708 3318 1763 inclinationis
3348 1718 3497 1771 sunt,

219 1804 561 1873 τυραννικὰς
597 1803 1008 1873 ἀνομοιότητας,
1043 1801 1164 1855 καθ’
1194 1801 1260 1864 ἃς
1293 1803 1322 1853 ὁ
1360 1802 1456 1854 νῦν
1491 1802 1652 1872 τυχὸν
1681 1802 1817 1872 ὑψη-

1923 1810 2004 1865 vel
2040 1810 2224 1871 timor,
2256 1806 2337 1861 vel
2369 1806 2563 1875 pudor,
2596 1805 2680 1859 vel
2711 1803 2972 1871 adulatio,
3015 1801 3099 1855 vel
3131 1813 3367 1871 egestas,
3411 1800 3498 1854 vel

222 1894 313 1957 λδς
355 1896 609 1965 χαμηλὸς
636 1895 725 1949 διὰ
759 1895 941 1965 φόϐον,
974 1895 1007 1965 ἢ
1042 1894 1131 1949 διά
1153 1911 1207 1948 τι
1233 1894 1476 1949 τοιοῦτον
1496 1913 1507 1923 ·
1547 1896 1641 1948 xui
1667 1898 1695 1948 ό
1724 1894 1818 1948 νῦν

218 1988 472 2058 χαμηλὸς
536 1984 693 2052 αὖθις
747 1988 950 2057 ὑψηλὸς
988 1988 1053 2041 δι’
1093 1986 1428 2058 ἐμπάθειαν·
1478 1990 1819 2058 τυραννεῖται

218 2080 329 2151 γὰρ
392 2082 490 2133 καὶ
542 2076 697 2144 οὗτος
748 2082 896 2152 παρά
952 2081 1054 2152 τῆς
1107 2079 1431 2150 ἐμπαθείας.
1484 2078 1720 2133 Τοιαῦτα
1762 2080 1820 2132 δέ

216 2174 326 2224 ιίσι
380 2173 479 2225 xui
529 2172 598 2224 τά
644 2172 829 2237 ὑλικά,
863 2173 939 2236 ὡς
986 2172 1251 2243 μηδέποτε
1296 2173 1526 2242 μένοντα
1563 2173 1656 2224 ἐπὶ
1690 2188 1821 2223 ταυ-

218 2263 483 2334 τότητος,
530 2264 643 2318 ἀλλ’
686 2266 773 2319 ἀεὶ
821 2265 1241 2337 μεταϐάλλοντα.
1298 2266 1515 2319 Τούτων
1566 2266 1819 2320 ἁπάντων

220 2354 328 2407 τῶν
377 2358 722 2427 τυραννικῶν
771 2359 1198 2430 ἀνομοιοτήτων,
1240 2358 1347 2411 τῶν
1390 2358 1589 2412 ὑλικῶν
1627 2376 1687 2410 τε
1726 2359 1821 2411 xui

220 2452 471 2513 είκαίων,
515 2451 791 2524 ἐλεύθεροί
837 2455 974 2507 είσιν
1016 2455 1075 2527 αἱ
1115 2454 1461 2525 κυριότητες,
1494 2455 1570 2517 ὡς
1608 2454 1821 2524 ἀμείλι-

223 2557 363 2601 κτοι,
388 2542 485 2594 καί
515 2542 696 2612 πάσης
718 2542 1140 2615 δουλοπρεπείας
1162 2545 1578 2616 ὑπερκείμεναι.
1602 2547 1692 2617 Μή
1730 2563 1819 2616 μοι

222 2630 316 2688 οὖν
345 2634 553 2701 λεγέτω
580 2652 684 2697 τις,
727 2637 810 2687 ὅτι
842 2637 936 2688 xui
966 2636 1018 2688 τί
1060 2636 1197 2708 πρὸς
1225 2637 1315 2689 τὸν
1348 2636 1481 2689 Θεὸν
1510 2638 1611 2690 οὐκ
1640 2638 1818 2708 έχουσι

222 2726 316 2780 τὴν
346 2726 513 2795 φόϐον
548 2728 643 2779 καὶ
672 2727 771 2799 τὴν
807 2728 1173 2793 δουλοποιίαν;
1206 2729 1448 2782 ἀκουέτω
1477 2729 1605 2800 γὰρ,
1638 2731 1718 2783 ὅτι
1756 2732 1818 2783 οὐ

223 2818 471 2871 τοιοῦτον
506 2820 670 2888 φόϐον
700 2822 794 2874 καὶ
821 2823 882 2874 ού
914 2822 1170 2891 τοιαύτην
1204 2823 1335 2892 φησὶ
1374 2822 1816 2893 δουλοπρέπειαν,

226 2909 363 2964 ἀλλά
391 2911 489 2981 τὴν
517 2913 654 2982 πρὸς
682 2914 743 2966 τὸ
762 2918 963 2984 χεῖρον,
994 2915 1063 2967 τὰ
1090 2915 1327 2985 αἰσθητά
1356 2932 1496 2986 φημι
1520 2918 1612 2969 καὶ
1635 2932 1821 2986 σωμα-

224 3004 373 3056 τικά.
417 3004 606 3057 Ταῦτα
635 3006 743 3076 γὰρ
773 3008 833 3060 ού
876 3008 1218 3079 συγχωροῦσι
1248 3008 1315 3063 τὰ
1364 3009 1530 3073 ὅντως
1564 3010 1692 3063 ὅντα
1730 3010 1818 3062 ὲν-

224 3098 389 3147 νοεῖν.
421 3088 493 3166 ⁷ῼ
528 3095 637 3167 γὰρ
682 3097 913 3167 ἤττηταί
956 3116 1068 3163 τις,
1115 3100 1289 3170 τούτῳ
1332 3102 1426 3154 xui
1465 3100 1815 3165 δεδούλωται,

1923 1901 2128 1972 passio,
2178 1898 2263 1952 vel
2309 1899 2476 1953 etiam
2528 1898 2710 1951 omnia
2759 1895 2951 1959 simul,
3002 1893 3086 1948 vel
3125 1892 3304 1960 aliqua
3333 1909 3346 1944 :
3379 1906 3500 1961 quat

1922 1994 2104 2046 omnia
2134 1990 2379 2061 profecto
2414 1991 2568 2059 longe
2599 1991 2797 2043 absunt
2823 2004 2853 2041 a
2886 1986 3367 2051 dominationibus,
3405 2002 3501 2055 per

1922 2099 2041 2152 qua:
2069 2081 2209 2137 forte
2236 2081 2599 2136 deterioribus
2622 2081 3044 2149 subjicerentur,
3072 2077 3155 2133 vel
3189 2078 3497 2132 istiusmodi

1924 2177 1991 2230 ad
2041 2191 2273 2245 superna
2323 2174 2583 2228 transitus
2634 2173 3007 2239 impediretur.
3045 2170 3175 2225 Haec
3224 2171 3370 2224 enim
3406 2170 3499 2223 deo

1924 2269 2122 2321 teriora
2160 2268 2291 2323 dicit
2332 2276 2385 2321 et
2434 2266 2756 2330 malerialia,
2807 2264 3224 2335 tyratmicasque
3261 2265 3503 2333 inaequa-

1922 2357 2105 2413 litates
2154 2360 2452 2413 secundum
2496 2370 2632 2423 quas
2678 2354 2772 2423 qui
2840 2355 3002 2407 modo
3033 2352 3211 2406 elatus
3259 2362 3375 2417 est,
3406 2365 3503 2419 per

1923 2452 2176 2505 timorem
2210 2451 2289 2503 vel
2320 2450 2449 2518 quid
2479 2448 2661 2502 simile
2692 2446 2971 2516 dejicitur;
3007 2454 3059 2498 et
3087 2444 3176 2514 qtti
3218 2444 3378 2497 modo
3408 2443 3503 2497 dc-

1916 2545 2100 2614 jectus
2164 2553 2285 2605 est,
2335 2554 2550 2594 rursum
2618 2538 2793 2592 elatus
2853 2538 2912 2590 lit
2964 2551 3061 2605 per
3114 2534 3499 2590 affectionem:

1922 2636 2175 2705 quoniam
2209 2634 2295 2688 hic
2325 2634 2489 2687 etiam
2519 2630 2587 2684 ab
2630 2628 2933 2685 istiusmodi
2980 2626 3267 2683 allectione
3312 2636 3501 2699 tyran-

1923 2729 2043 2781 nice
2093 2729 2452 2797 gubernatur.
2485 2723 2795 2780 Istiusmodi
2844 2724 3007 2776 etiam
3043 2733 3174 2777 sunt
3202 2723 3293 2776 illa
3329 2732 3503 2776 mate-

1926 2823 2101 2884 rialia,
2134 2833 2192 2875 ut
2216 2836 2337 2891 quae
2362 2835 2637 2887 nunquam
2671 2821 2722 2873 in
2751 2822 2941 2874 eodem
2976 2828 3119 2875 statu
3154 2826 3503 2887 permanent,

1922 2916 2017 2969 sed
2048 2929 2263 2982 semper
2295 2923 2692 2982 permutantur.
2728 2912 2886 2967 llisce
2918 2914 3171 2967 omnibus
3201 2909 3503 2982 tyrannieis

1922 3003 2295 3057 materialibus
2321 3010 2373 3055 et
2398 3002 2646 3056 inanibus
2670 3003 3131 3072 iuaaqualitatibus
3165 3002 3353 3055 liberae
3392 2998 3506 3069 78

1922 3106 2047 3150 sunt
2078 3096 2492 3158 dominationes,
2519 3106 2703 3165 utpote
2728 3097 3075 3163 incorruptae,
3096 3094 3355 3162 oumique
3380 3109 3499 3147 ser-

224 3184 433 3255 ταύτην
463 3186 559 3237 xui
608 3187 901 3258 μειωτικὴν
931 3188 1097 3256 λέγει.
1129 3189 1220 3242 Διὸ
1251 3191 1343 3244 xui
1386 3191 1652 3244 ἀνένδοτοί
1681 3193 1818 3245 είσιν

1923 3189 2091 3241 vitute
2121 3188 2449 3255 superiores.
2479 3186 2587 3241 Nec
2616 3188 2740 3257 quis
2772 3188 2903 3241 mihi
2946 3188 3094 3241 dicat
3128 3187 3235 3250 hic,
3268 3201 3362 3239 eos
3393 3200 3504 3238 nou

227 3275 418 3344 ὑφέσει
450 3276 603 3347 πάσῃ
632 3278 725 3329 καὶ
752 3278 1135 3350 ὑποϐιϐασμῷ,
1158 3282 1251 3333 καὶ
1279 3281 1571 3352 ἐξῄρηνται
1601 3281 1820 3352 ἀπάσης

222 3367 633 3437 ἀνομοιότητος,
663 3371 739 3433 ὡς
766 3370 861 3425 νῦν
899 3373 995 3442 μὲν
1026 3373 1157 3435 ἴσως
1204 3369 1343 3426 εἶναι
1389 3373 1598 3444 ὑψηλὰς
1627 3375 1817 3439 αὑτὰς,

224 3459 319 3511 νῦν
350 3460 410 3513 δὲ
452 3462 857 3534 ὑποϐεϐηκυίας
900 3465 1266 3519 παντάπασιν.
1314 3467 1587 3534 Ἐφίενται
1633 3466 1688 3519 δέ
1721 3466 1821 3536 τῆς

223 3551 396 3614 ὅντως
441 3555 791 3625 κυριότητος,
838 3558 933 3609 xui
960 3557 1062 3626 τῆς
1106 3557 1213 3610 τῶν
1246 3561 1584 3628 κυριοτήτων
1613 3559 1818 3630 ἀρχῆς,

224 3650 396 3720 ἧγουν
434 3652 538 3723 τῆς
586 3652 881 3725 Θεὸτητος·
924 3659 1018 3710 xui
1067 3659 1397 3727 ἁγαθοειδῶς
1433 3660 1520 3712 ἀεὶ
1558 3659 1819 3712 διαπλάτ-

225 3763 379 3800 τουσι
413 3748 491 3818 μὴ
527 3749 686 3819 μόνον
734 3751 955 3817 ἑαυτὰς,
988 3753 1125 3806 ἀλλά
1172 3756 1265 3807 xui
1299 3754 1400 3818 τὰς
1455 3755 1571 3825 μετ’
1618 3754 1818 3819 αὑτὰς,

228 3836 301 3901 ὡς
344 3839 593 3906 ἐφικτὸν,
632 3840 769 3911 πρὸς
810 3844 909 3914 τὴν
953 3843 1253 3915 ἐμφέρειαν
1291 3847 1384 3898 xui
1428 3846 1525 3917 τὴν
1563 3847 1822 3917 ὁμοίωσιν

225 3928 322 3997 τὴν
371 3931 575 4000 κυρίαν
622 3933 715 3984 xui
744 3932 1002 4004 ἀληθινὴν
1031 3936 1223 4005 αὐτῆς,
1252 3938 1420 4007 ἤγουν
1464 3938 1564 4007 τῆς
1594 3956 1823 4009 κυριαρ-

228 4017 368 4084 χίας.
404 4020 551 4089 ’Ὅρα
588 4020 645 4073 δέ
684 4022 763 4074 ὅτι
803 4024 903 4075 οὐκ
946 4025 1188 4093 ἐφίενται
1232 4027 1449 4091 πάντως
1490 4029 1821 4100 ὑψηλοτέρου

232 4106 474 4178 βαθμοῦο
508 4104 653 4180 εἶχον
693 4112 802 4185 γὰρ
843 4114 908 4167 ἂν
945 4116 1044 4186 τὴν
1073 4116 1257 4186 ἔφεσιν
1291 4118 1427 4189 πρὸς
1463 4119 1559 4190 τὴν
1600 4120 1822 4191 πρώτην

228 4196 612 4270 διακόσμησιν,
645 4206 738 4257 xui
767 4206 1039 4275 ἐμπάθεια
1068 4204 1134 4279 ἦν
1163 4210 1221 4262 ἐν
1254 4211 1465 4275 αὐτοῖς,
1498 4213 1592 4264 xui
1625 4230 1823 4284 τυραν-

229 4290 361 4359 νικῷ
406 4292 759 4348 ἐδεδούλωντο
790 4297 969 4351 πάθει.
1002 4301 1077 4352 Οὐ
1115 4301 1275 4354 τοῦτο
1312 4302 1465 4370 γοῦν,
1503 4304 1616 4356 ἀλλ’
1645 4305 1824 4373 ἐφίεν-

228 4397 336 4443 ται,
380 4386 478 4436 xui
524 4386 687 4438 οἱονεὶ
727 4389 1085 4460 ἀγαπητικῶς
1125 4392 1306 4463 ἔχουσι
1351 4395 1451 4465 τῆς
1499 4396 1692 4467 κυρίας
1730 4398 1824 4450 xui

230 4476 603 4545 κυριαρχικῆς
630 4478 945 4549 ἐμφερείας,
978 4481 1054 4544 ὡς
1095 4482 1268 4546 ἄλλως
1300 4484 1373 4556 μὴ
1412 4485 1473 4538 ὃν
1498 4487 1823 4557 κυριότητας

1922 3282 2129 3337 habere
2176 3283 2426 3336 timorem
2475 3297 2539 3335 ac
2578 3283 2895 3336 servitutem
2927 3282 3021 3337 Dei
3058 3302 3070 3336 :
3103 3282 3288 3335 audiat
3332 3281 3500 3346 enim,

1924 3383 1985 3429 ut
2026 3390 2132 3427 non
2183 3373 2485 3427 istiusmodi
2536 3374 2811 3439 timorem,
2862 3389 3037 3442 neque
3076 3373 3236 3426 talem
3265 3374 3502 3427 servitu-

1923 3475 2030 3521 tem
2064 3467 2230 3529 dicat,
2262 3466 2354 3519 sed
2382 3480 2503 3518 eam
2527 3480 2646 3533 qua?
2669 3474 2751 3519 est
2781 3480 2963 3519 rerum
2997 3467 3351 3528 deteriorum,
3380 3480 3505 3518 sen-

1925 3557 2197 3621 sibilium,
2244 3558 2496 3624 inquam,
2540 3566 2593 3610 et
2622 3573 3006 3626 corpori-arum
3035 3576 3048 3610 :
3083 3556 3167 3609 illa
3215 3558 3361 3611 enim
3395 3572 3503 3611 non

1924 3652 2111 3707 sinunt
2142 3666 2205 3704 ea
2254 3666 2375 3721 qua:
2406 3665 2533 3704 vera
2584 3661 2711 3705 sunt
2748 3651 3119 3704 considerare.
3170 3648 3305 3703 Nam
3336 3665 3364 3703 a
3394 3665 3505 3719 quo

1924 3746 2048 3815 quis
2091 3744 2337 3799 devictus
2384 3754 2496 3811 est,
2530 3744 2645 3814 ejus
2681 3753 2735 3798 et
2778 3761 2968 3799 servus
3009 3744 3183 3800 lactus
3214 3755 3318 3808 est,
3364 3744 3507 3798 hanc

1925 3839 2086 3892 etiam
2117 3838 2529 3891 imminueutem
2565 3848 2743 3891 vocat.
2792 3839 2998 3893 Idcirco
3036 3840 3201 3893 etiam
3240 3840 3308 3892 ab
3350 3839 3504 3894 onmi

1926 3928 2232 3995 dejectione
2258 3944 2321 3981 ac
2350 3928 2688 3997 subjectione
2723 3930 2905 3983 liberat:
2935 3939 3083 3993 sunt,
3111 3939 3168 3984 et
3191 3930 3506 3984 eximuntur

1925 4022 1993 4076 ab
2036 4022 2182 4076 onmi
2234 4020 2620 4090 inaequalitate,
2655 4038 2720 4075 ne
2753 4024 2913 4079 modo
2958 4024 3180 4093 quidem
3234 4023 3369 4077 forte
3408 4040 3504 4079 su-

1924 4116 2120 4170 blimes
2168 4118 2315 4180 sint,
2357 4116 2516 4169 modo
2563 4132 2691 4170 vero
2732 4118 2984 4170 omnibus
3024 4118 3301 4185 subjectae.
3348 4116 3505 4170 Desi-

1926 4207 2119 4261 derant
2175 4218 2353 4262 autem
2412 4222 2600 4260 verum
2663 4206 3035 4275 dominatum,
3083 4218 3135 4261 et
3180 4208 3504 4277 principium

1926 4296 2376 4357 dominationum,
2412 4297 2462 4349 id
2503 4304 2585 4351 est
2636 4294 3019 4362 Divinitatem;
3054 4307 3217 4365 atque
3261 4298 3506 4352 bonil'or-

1925 4388 2086 4442 miter
2116 4403 2329 4457 semper
2356 4403 2459 4441 non
2491 4386 2808 4455 semetipsas
2841 4396 3073 4453 tantum,
3110 4404 3299 4442 verum
3333 4389 3499 4443 etiam

1928 4480 2235 4543 inferiores,
2267 4482 2444 4548 quoad
2478 4478 2591 4532 ﬁeri
2634 4488 2830 4547 potest,
2860 4495 3073 4547 semper
3110 4480 3504 4537 transformant

226 4563 400 4626 αὐτὰς
430 4561 602 4627 εἶναι,
632 4567 663 4636 ἦ
702 4568 874 4633 οὕτως
912 4571 1143 4641 ἐχούσας
1171 4574 1307 4645 πρὸς
1334 4577 1423 4628 τὸν
1453 4577 1689 4648 Ποιητὴν
1726 4581 1819 4631 αύ-

1931 4572 1997 4625 ad
2042 4573 2315 4640 propriam
2349 4585 2641 4639 veramque
2688 4570 2814 4635 Dei,
2863 4570 2977 4623 sive
3009 4571 3316 4627 dominatus
3344 4574 3504 4642 prin-

224 4652 356 4717 τῶν,
402 4655 482 4718 ὼς
512 4656 808 4727 λαμϐάνειν
856 4662 1063 4716 ἐκεῖθεν
1091 4664 1188 4735 τὴν
1231 4666 1331 4735 τῆς
1366 4669 1684 4739 κυριότητος
1732 4671 1824 4723 σύ-

228 4757 439 4797 στασιν.
490 4746 940 4819 Ἐπιστρέφονται
978 4753 1034 4807 δὲ
1076 4756 1211 4826 πρὸς
1247 4758 1396 4810 οὐδὲν
1436 4760 1543 4811 τῶν
1572 4762 1695 4830 είκῆ
1737 4761 1823 4814 δο-

228 4831 493 4895 κούντων,
526 4837 695 4905 ἤγουν
726 4840 833 4893 τῶν
882 4846 1209 4914 σωματικῶν
1257 4849 1349 4901 καὶ
1394 4849 1467 4921 μὴ
1518 4854 1823 4921 προσηκόν-

226 4939 355 4987 των,
388 4926 532 4979 ἀλλά
571 4930 711 5001 πρὸς
747 4932 808 4985 τὸ
845 4937 1049 5005 κυρίως
1076 4938 1154 5002 ὃν,
1192 4940 1281 4992 τὸν
1310 4940 1462 5005 Θεὸν,
1493 4945 1587 4996 xui
1617 4945 1824 5013 γίνεται

224 5014 285 5067 ἐν
316 5018 585 5091 μετουσία
630 5022 731 5092 τῆς
776 5030 1144 5100 κυριαρχικῆς
1172 5030 1461 5097 θεοειδείας
1490 5035 1627 5089 κατά
1657 5037 1718 5089 τὸ
1745 5037 1826 5090 δυ-

223 5107 385 5159 νατὸν
414 5109 613 5179 αὐτῆς,
644 5113 721 5175 ὡς
748 5110 885 5168 εἶναι
914 5118 1007 5170 xui
1034 5120 1237 5184 ταύτας
1265 5124 1487 5194 κυρείας
1516 5126 1609 5178 xui
1635 5127 1819 5197 κυριό-

222 5213 417 5269 τητας.
457 5203 797 5274 Ἀμείλικτον
821 5208 877 5261 δέ
907 5228 1037 5281 φησι
1080 5216 1368 5286 κυριότητα
1396 5219 1495 5289 τὴν
1523 5220 1812 5289 ἀναγωγὴν
1848 5227 1854 5234 “

224 5292 439 5356 αὐτῶν,
491 5297 657 5350 οἱονεὶ
717 5301 1115 5369 ἀκολάκευτον,
1157 5308 1586 5379 ἀπαρέγκλιτον,
1636 5312 1823 5382 μηδενὶ

227 5388 609 5460 γαργαλισμῷ
658 5392 760 5463 τῆς
812 5395 944 5467 ὕλης
984 5400 1431 5472 ὑποκλινομένην.
1468 5406 1597 5457 Λύει
1641 5405 1697 5458 δέ
1742 5407 1827 5458 ἐν-

224 5479 405 5531 ταῦθα
432 5482 528 5535 xui
555 5484 779 5555 σφάλμα
808 5506 860 5541 τι
890 5490 998 5544 τῶν
1026 5492 1320 5562 έλληνικῶν
1362 5496 1683 5565 φιλοσόφων,
1728 5499 1822 5551 καὶ

226 5573 475 5637 εὐσεϐῶς
522 5578 889 5650 ἐπισκήπτει·
931 5584 1129 5639 ἐκεῖνοι
1158 5587 1265 5658 γὰρ
1296 5588 1431 5652 ἰδίας
1466 5590 1619 5653 τινάς
1661 5590 1819 5645 δυνά-

230 5688 356 5740 μεις
387 5678 539 5746 τρεῖς
568 5678 916 5747 ἀμειλίκτους
946 5687 1416 5758 προσηγόρευσαν,
1456 5690 1824 5761 προελθούσας

229 5764 310 5827 είς
342 5764 583 5839 ὕπαρξιν
613 5771 677 5823 ἐκ
714 5789 875 5826 τινων
905 5776 1011 5846 πρὸ
1040 5777 1219 5833 αὐτῶν
1248 5780 1449 5851 ἐτέρων
1472 5781 1639 5852 τριῶν
1668 5782 1826 5840 δυνά-

232 5869 404 5924 μενων,
442 5860 507 5914 οὐ
544 5862 653 5935 μὴν
684 5864 747 5919 ἐκ
779 5865 915 5921 Θεοῦ
945 5867 1439 5944 δημιουργηθείσας
1487 5874 1691 5939 ίδικῶςυ
1731 5876 1823 5931 καί

1927 4663 2073 4731 cipii,
2096 4663 2506 4716 similitudinem
2531 4672 2585 4715 et
2607 4662 3072 4716 assimilationem.
3096 4663 3331 4717 Observa
3351 4680 3505 4730 vero,

1926 4756 2202 4824 quomodo
2234 4770 2339 4807 non
2376 4764 2635 4822 appetant
2678 4754 2900 4808 omnino
2944 4757 3170 4823 gradum
3224 4758 3505 4811 sublimio—

1927 4867 2088 4905 rem:
2140 4849 2476 4903 ambiveran:
2529 4849 2673 4902 enim
2722 4849 2916 4917 aliqua:
2973 4849 3200 4916 primam
3240 4850 3502 4903 distribu-

1928 4943 2162 5004 tionem,
2208 4950 2265 4995 et
2315 4939 2530 4994 aliectio
2582 4949 2700 4993 erat
2743 4940 2795 4992 in
2844 4940 2946 5001 eis,
2998 4950 3162 5007 atque
3212 4942 3508 5011 tyrannica:

1927 5033 2167 5104 passioni
2218 5031 2475 5099 subjectae
2523 5039 2672 5085 sunt.
2720 5030 2836 5084 Non
2898 5032 2977 5084 ita
3014 5031 3157 5097 istm,
3193 5032 3285 5085 sed
3336 5046 3505 5100 appe-

1932 5137 2073 5192 ttmt,
2101 5136 2154 5180 et
2181 5125 2585 5197 quodammodo
2614 5123 2860 5178 obtinent
2889 5139 2983 5192 per
3014 5125 3378 5189 dilectionem,
3410 5126 3507 5178 do—

1930 5222 2234 5286 minatum,
2287 5230 2342 5274 et
2380 5219 2637 5290 principii
2684 5220 2996 5273 dominatus
3048 5217 3501 5282 similitudinem;

1930 5314 2004 5368 ita
2035 5323 2094 5367 ut
2125 5313 2261 5368 alias
2287 5328 2393 5367 nou
2419 5321 2602 5367 essent
2628 5313 3050 5375 dominationes,
3078 5312 3183 5366 nisi
3216 5312 3317 5365 hoc
3341 5314 3504 5364 modo

1928 5420 2057 5473 erga
2091 5406 2437 5461 Conditorem
2465 5422 2619 5461 suum
2646 5405 3015 5467 adicerentur.
3046 5406 3119 5459 ita
3149 5413 3205 5458 ut
3234 5404 3357 5457 inde
3389 5413 3504 5456 sta-

1930 5508 2042 5553 tum
2075 5498 2463 5553 dominationis
2494 5496 2783 5565 accipiant.
2812 5498 2889 5549 Ad
2926 5496 3059 5550 nihil
3095 5505 3274 5547 autem
3308 5510 3499 5548 eorum

1930 5607 2052 5662 quae
2084 5600 2286 5645 temere
2310 5600 2571 5660 apparent
2600 5599 3018 5653 convertuntur,
3045 5585 3233 5656 quales
3254 5594 3379 5637 sunt
3412 5600 3501 5638 res

1929 5701 2203 5754 corporeae
2244 5694 2299 5739 et
2346 5686 2647 5749 indecorae;
2681 5684 2773 5738 sed
2820 5683 2886 5734 ad
2921 5681 2970 5735 id
3010 5680 3151 5747 quod
3204 5692 3331 5731 vere
3378 5687 3498 5743 est,

1928 5780 2138 5835 scilicet
2171 5778 2362 5842 Deum,
2392 5787 2552 5846 atque
2584 5784 2679 5840 ita,
2713 5785 2976 5843 quantum
3027 5773 3079 5825 in
3113 5772 3193 5826 eis
3230 5779 3334 5832 est,
3368 5785 3499 5837 par-

1932 5874 2129 5946 Πύρρε
2162 5872 2296 5930 linat
2327 5870 2706 5929 deilormitatis
2734 5868 3014 5938 ipsiusmct
3042 5865 3291 5937 principii
3317 5862 3499 5919 doui-
