3908 6232
431 318 539 373 247

1586 322 1642 377 S.
1682 319 1981 376 DlONYSll
2014 312 2477 377 AREOPAGITA‘I

3574 319 3687 378 248

432 433 736 499 nationum,
763 433 900 489 sicut
938 436 1105 490 etiam
1139 437 1267 505 ipsa:
1302 437 1410 491 sint
1440 436 1752 490 dominatus
1798 451 1862 491 ac
1906 436 1997 490 do-

2108 453 2271 505 φασιν
2320 432 2457 489 εἶναι
2505 436 2632 497 τοὺς
2687 435 3035 505 ἀμειλίκτους
3087 434 3307 498 τούτους
3358 436 3686 499 ὑποπεζίους

429 526 779 581 minationes.
824 527 1029 582 Eorum
1070 539 1251 583 autem
1302 532 1367 583 ad
1415 543 1648 599 superna
1682 530 2004 593 transitum,

430 616 859 673 dominationem
905 629 1063 675 vocat
1094 620 1466 686 inﬂexibilem,
1493 621 1649 689 quasi
1679 620 2009 676 adulationis

429 716 485 760 et
512 707 760 763 criminis
786 721 1085 775 exsortem,
1125 712 1264 766 nulla
1296 714 1538 768 materia:
1570 713 1881 768 titillatione
1912 714 2000 767 in-

429 798 711 853 clinatam.
741 797 916 853 Solvit
962 811 1144 855 autem
1179 802 1270 856 hic
1321 804 1486 857 etiam
1535 818 1778 858 errorem
1820 818 2010 871 quem-

428 890 555 941 dam
611 889 1055 961 philosophorum
1133 892 1462 963 gentilium,
1516 910 1677 965 quem
1759 896 2009 965 religiose

428 977 751 1049 perstringit
790 993 807 1031 :
846 979 919 1034 illi
972 981 1114 1035 enim
1157 983 1406 1051 proprias
1460 985 1722 1053 quasdam
1778 986 2008 1041 virtutes

430 1078 546 1123 tres
584 1068 905 1125 inﬂexibiles
936 1072 1311 1141 appellabant,
1353 1089 1475 1143 quae
1521 1088 1587 1129 ex
1626 1074 1748 1130 aliis
1792 1089 2011 1146 quoque

425 1161 605 1219 tribus
653 1162 924 1231 prioribus
971 1165 1271 1220 virtutibus
1328 1166 1381 1221 in
1435 1167 1612 1222 lucem
1659 1167 2007 1239 prodierant,

424 1267 533 1305 non
563 1262 741 1306 autem
771 1269 799 1307 a
831 1255 940 1308 Deo
971 1257 1193 1326 proprie
1218 1256 1437 1312 fuerant
1464 1270 1805 1329 procreatto:
1833 1260 2011 1315 aiunt.-

423 1356 550 1409 que,
596 1343 693 1397 has
722 1343 1052 1401 inﬂexibiles
1095 1346 1438 1416 spiritalibus
1469 1348 1558 1415 iis,
1590 1363 1619 1401 a
1650 1347 1850 1416 quibus
1880 1362 2008 1417 pro-

422 1434 596 1489 ducta:
624 1435 859 1503 fuerant,
902 1437 1201 1493 virtutibus
1249 1440 1575 1506 substratas,
1605 1451 1665 1495 ut
1697 1440 2005 1495 retinerent

421 1528 824 1593 quodammodo
870 1538 925 1585 et
975 1530 1259 1599 subirent,
1310 1547 1375 1587 ac
1419 1533 1743 1588 cohiberent
1794 1534 2008 1603 priores

422 1618 567 1682 illas,
597 1634 663 1674 ne
710 1620 763 1674 in
810 1621 1099 1675 materiam
1136 1621 1533 1690 dilaberentur;
1570 1632 1735 1693 atque
1779 1623 1882 1680 hoc
1920 1624 2007 1677 in-

422 1710 693 1766 tirmiores
730 1726 854 1767 esse
893 1713 961 1767 iis
1003 1726 1123 1781 qua:
1164 1714 1375 1785 seipsas
1418 1715 1819 1784 produxerunt,
1864 1717 2005 1785 quod

2106 529 2215 580 τῶν
2264 527 2715 599 προϐαλλομένων
2762 528 2932 590 αὑτάς
2977 527 3183 598 νοητῶν
3225 527 3524 597 δυνάμεων,
3555 529 3689 580 ἀνα-

2110 620 2422 681 στέλλοντας
2451 618 2639 690 ὥσπερ
2660 619 2755 672 καὶ
2776 618 3150 681 ἐπιϐαίνοντας
3176 619 3270 671 καὶ
3295 618 3690 689 ἀπεχομένους

2106 710 2215 763 τῶν
2258 711 2365 781 πρὸ
2399 710 2602 777 αὐτῶν,
2633 710 2727 763 τοῦ
2762 710 2836 781 μὴ
2876 715 3062 763 πεσεῖν
3093 712 3171 771 είς
3217 710 3370 779 ὓλην,
3400 710 3493 763 καὶ
3524 709 3693 762 ἀσθε-

2114 801 2405 872 νεστέρους
2445 800 2587 855 κατά
2607 800 2786 866 τοῦτο,
2818 803 2912 855 καὶ
2942 801 3392 873 προϐαλλομένων
3435 802 3689 864 ἑαυτοὺς,

2109 892 2233 947 καθ’
2266 894 2294 947 ὃ
2321 893 2553 956 δέονται,
2586 896 2665 957 εἰς
2691 894 2753 946 τὺ
2784 893 3032 964 κατέχειν
3064 896 3285 957 ἑαυτοὺς
3310 898 3388 957 εἰς
3414 894 3475 946 τὸ
3500 896 3695 948 ἀπτω-

2106 1002 2218 1038 τον.
2261 983 2447 1037 Ταῦτα
2488 985 2585 1056 μὲν
2635 980 2728 1037 οὖν
2777 986 2853 1048 ὡς
2902 986 2961 1037 ἐν
3018 985 3292 1055 ἐπιτόμῳ,
3333 984 3401 1037 τά
3437 984 3691 1047 ἐκείνων,

2107 1076 2135 1126 ὁ
2173 1075 2231 1128 δὲ
2272 1076 2425 1145 ἆγιος
2477 1075 2657 1145 σοφῶς
2708 1074 2779 1127 τά
2831 1075 3048 1128 ἐναντία
3102 1077 3278 1128 πάντα
3329 1078 3511 1140 αὐτοῖς
3579 1094 3693 1147 φη-

2110 1186 2227 1222 σιν’
2261 1172 2326 1222 ἐκ
2367 1168 2503 1222 Θεοῦ
2553 1169 2663 1239 γάρ
2709 1168 2877 1233 αὑτάς
2927 1168 3335 1240 δημιουργικῶς
3385 1170 3695 1239 ὑποστῆναί

2108 1279 2293 1333 φησιν,
2332 1256 2393 1316 οὗ
2422 1262 2517 1315 καὶ
2540 1262 2639 1332 τὴν
2661 1263 2959 1334 ἐμφέρειαν
3005 1263 3216 1333 ἔχουσιν
3243 1266 3323 1326 είς
3348 1264 3647 1335 κυριότητα
3675 1281 3691 1295 θ

2107 1353 2281 1417 αὑτάς
2309 1353 2365 1407 δέ
2394 1353 2454 1406 τὸ
2475 1353 2785 1423 ἀμείλικτον
2832 1355 2974 1408 κατά
3024 1356 3203 1428 πάσης
3232 1356 3475 1425 ὑφέσεως
3500 1356 3577 1425 τῷ
3604 1355 3697 1408 λό-

2106 1460 2189 1515 γῳ
2219 1445 2319 1515 τῆς
2373 1445 2691 1516 κυριότητος
2740 1446 2882 1515 ἔχειν
2933 1446 3099 1516 λέγει,
3152 1448 3457 1510 κοπτουσας
3497 1448 3698 1517 ὥσπερ

2107 1535 2201 1587 καὶ
2230 1535 2639 1605 διατεμνούσας,
2665 1538 2757 1589 καὶ
2771 1537 2870 1590 οὐκ
2898 1536 3072 1602 ἐώσας
3092 1543 3313 1610 κρατεῖν
3337 1540 3435 1611 τὴν
3460 1539 3598 1610 πρὸς
3624 1539 3698 1594 τά

2108 1627 2341 1698 αἰσθητά
2364 1628 2681 1699 ἐπιθυμίαν,
2711 1629 2772 1681 οὐ
2804 1630 2911 1700 μὴν
2944 1631 3045 1694 τὰς
3080 1632 3185 1703 πρὸ
3217 1632 3396 1684 αὐτῶν
3425 1630 3696 1684 ἀναστελ-

2108 1718 2322 1782 λούσας.
2362 1720 2504 1791 Ἀρα
2548 1720 2729 1775 τοίνυν
2779 1722 2946 1788 λέγει,
2978 1723 3060 1775 ὅτι
3110 1724 3202 1775 καὶ
3252 1722 3556 1792 ἀμείλικτοί
3581 1724 3703 1777 εἰσι

423 1806 661 1860 debeant
707 1807 1033 1878 semetipsas
1086 1814 1392 1875 continere,
1442 1826 1510 1867 ne
1557 1810 1829 1865 labantur.
1878 1810 1997 1867 Haec

2109 1809 2245 1879 πρὸς
2266 1808 2327 1860 τὸ
2350 1789 2555 1879 χεῖρον,
2594 1810 2689 1863 κα)⁸
2724 1811 2823 1881 τὴν
2848 1812 3142 1881 κυριότητα
3165 1789 3369 1879 ἔχουσι,
3393 1809 3697 1863 κάντεῦθεν

423 1897 647 1967 quidem
711 1908 971 1969 tanquam
1038 1902 1094 1956 in
1161 1903 1485 1972 compendio
1550 1910 1677 1957 sunt
1752 1903 2000 1969 illorum,

422 1988 533 2059 79
568 1989 659 2045 hic
687 1999 868 2044 autem
900 2002 1123 2047 sanctus
1169 1994 1449 2062 sapienter
1506 1994 1573 2048 iis
1626 1994 1811 2049 omnia
1864 2010 2001 2049 cons

426 2082 597 2135 traria
655 2083 828 2136 tradit
862 2100 875 2137 :
907 2099 975 2138 ex
1024 2084 1135 2139 Deo
1190 2087 1340 2140 enim
1393 2101 1487 2142 eas
1536 2102 1633 2155 per
1664 2089 2000 2143 creationem

420 2176 716 2245 productas
749 2178 973 2239 asserit,
999 2175 1155 2244 cnjus
1188 2179 1356 2232 etiam
1388 2180 1801 2234 similitudinem
1829 2181 1880 2234 in
1908 2181 2003 2236 do-

420 2269 633 2322 minatu
670 2277 881 2334 tenent,
933 2270 1081 2338 ipsas
1111 2278 1291 2324 tamen
1348 2270 1813 2325 inllexibilitatem
1872 2287 1999 2341 erga

419 2377 634 2416 onmem
668 2363 1087 2417 submissiouem
1116 2364 1328 2418 ratione
1368 2363 1761 2419 dominationis
1794 2364 1999 2419 habere

420 2453 573 2518 dicit,
606 2453 767 2522 quasi
793 2457 1067 2511 caedentes
1098 2465 1153 2509 et
1184 2456 1550 2521 dissecantes,
1595 2464 1650 2510 et
1678 2470 1785 2510 non
1815 2458 2002 2510 sinen-

419 2556 502 2599 tes
554 2560 817 2614 superare
862 2547 1217 2615 cupiditatem
1263 2546 1626 2610 sensibilium,
1660 2562 1765 2601 non
1813 2558 1995 2601 tamen

417 2652 512 2692 eas
540 2652 660 2706 quae
685 2640 1004 2707 praecedunt
1037 2640 1379 2694 cohibentes.
1426 2640 1566 2696 Dicit
1599 2640 1805 2709 itaque,
1842 2642 1989 2709 quod

417 2737 472 2784 et
500 2729 825 2786 inﬂexibiles
871 2732 983 2785 sint
1028 2732 1095 2785 ad
1158 2732 1384 2797 malum,
1438 2741 1490 2786 ot
1536 2732 1879 2787 dominatum
1916 2744 1998 2786 te-

427 2832 597 2877 neant
632 2838 648 2887 ;
681 2834 844 2891 atque
872 2822 1001 2877 hinc
1044 2824 1418 2892 przecedentes
1442 2823 1668 2878 minime
1699 2824 1994 2885 excedunt,

414 2927 486 2966 ne
520 2916 572 2966 in
610 2914 896 2967 materiam
948 2914 1281 2968 dilabantur.
1320 2914 1641 2969 Sanctarum
1677 2924 1859 2969 autem
1886 2917 1998 2969 vir-

417 3015 601 3060 tutum
663 3022 859 3061 nomen
930 3006 1189 3061 existimo
1246 3007 1299 3061 in
1351 3006 1629 3062 communi
1678 3007 1996 3077 signiﬁcare

416 3099 718 3152 masculam
752 3100 1043 3169 quamdam
1092 3108 1144 3153 et
1180 3110 1521 3155 constantem
1553 3098 1892 3165 virilitatem,
1923 3099 1995 3152 ri--
2022 3134 2065 3194 ο

416 3192 623 3261 gidam,
677 3206 952 3259 asperant,
1004 3206 1275 3247 severam.
1324 3189 1514 3259 Neque
1557 3204 1691 3245 vero
1740 3193 1993 3255 audiens,

414 3285 651 3337 virtutes
686 3283 805 3337 illas
830 3283 1048 3337 divinas
1101 3282 1339 3337 femineo
1373 3284 1596 3337 nomine
1625 3294 1993 3354 nuncupatas,

415 3376 687 3430 muliebre
731 3375 863 3444 quid
899 3376 966 3429 iis
1001 3377 1248 3429 ascribas
1279 3393 1293 3429 :
1324 3376 1500 3429 virilis
1537 3377 1681 3431 enim
1714 3376 1995 3447 signiﬁca-

416 3470 496 3523 tio
530 3470 809 3537 dictioque
834 3470 901 3523 de
936 3469 1156 3524 fetutinis
1213 3469 1486 3535 virilibus,
1525 3479 1581 3523 et
1608 3470 1752 3524 virili
1811 3481 1995 3526 mente

417 3562 684 3631 praeditis,
715 3573 809 3615 aut
837 3560 978 3615 virili
1013 3562 1210 3616 robore
1255 3562 1607 3631 pollentibus,
1650 3562 1991 3615 enuntiatur.

418 3653 637 3707 llabent
682 3667 861 3707 autem
917 3652 1233 3706 virilitatem
1270 3670 1284 3706 :
1314 3654 1378 3707 ad
1405 3652 1533 3722 quid
1568 3652 1591 3705 ?
1622 3666 1728 3707 non
1767 3653 1835 3707 ad
1862 3652 1997 3707 diﬂi-

422 3746 659 3800 cultates
699 3747 1020 3809 incidentes,
1057 3745 1446 3814 tristitiasque,
1480 3754 1538 3801 ut
1568 3745 1621 3799 in
1657 3744 1816 3799 nobis
1843 3746 1996 3799 acci-

416 3837 544 3903 dit;
585 3838 702 3891 hate
751 3837 897 3891 enim
967 3851 1143 3905 neque
1194 3836 1493 3891 virtutibus
1539 3836 1744 3890 divinis
1790 3851 1995 3891 conve-

416 3928 575 3981 niunt
606 3948 615 3980 :
644 3936 698 3981 et
730 3928 797 3981 ab
825 3927 1138 3981 extrinseco
1190 3936 1494 3993 moventur,
1532 3935 1589 3979 ut
1616 3926 1780 3980 aliter
1811 3926 1991 3979 istius-

418 4018 564 4071 modi
636 4018 869 4072 virilitas
926 4032 1190 4088 apparere
1245 4030 1499 4086 nequeat,
1555 4018 1658 4074 nisi
1707 4016 1994 4072 dillicultas

416 4110 721 4164 exoriatur.
756 4109 873 4164 Non
923 4112 1108 4180 itaque
1137 4112 1203 4165 ad
1236 4112 1352 4166 hazc
1404 4120 1616 4165 tantum
1670 4110 1993 4166 virilitatem

415 4206 691 4269 obtinent,
736 4206 831 4259 sed
882 4204 951 4259 ad
1006 4220 1197 4258 onlnes
1243 4221 1373 4259 suas
1404 4205 1698 4261 deiformes
1729 4207 1989 4261 actiones.

388 4296 541 4349 ὐἰχί
567 4308 752 4351 autem
783 4312 931 4362 suas,
984 4298 1110 4366 quia
1156 4297 1381 4351 cuilibet
1420 4312 1516 4351 sua
1560 4298 1778 4367 propria
1808 4300 1989 4354 divina

414 4390 677 4456 competit
732 4390 1001 4456 operatio,
1043 4389 1118 4441 ita
1154 4397 1213 4441 ut
1246 4404 1351 4443 non
1404 4390 1621 4444 deﬁciat
1662 4390 1715 4443 in
1746 4391 1854 4444 ulla
1889 4391 1991 4446 sibi

2102 1897 2213 1950 τῶν
2260 1898 2367 1969 πρὸ
2408 1899 2589 1953 αὐτῶν
2646 1902 2748 1954 οὐκ
2798 1901 3129 1972 ἐξέρχονται,
3172 1903 3320 1964 ὅπως
3346 1901 3420 1971 μὴ
3450 1907 3531 1964 εἰς
3558 1901 3700 1973 ὓλην

2104 1988 2343 2044 πέσοιεν.
2374 1991 2484 2063 Τὴν
2504 1992 2561 2045 δέ
2592 1991 2701 2048 τῶν
2733 1992 2903 2061 ἁγίων
2932 1993 3213 2063 δυνάμεων
3254 1994 3551 2063 ὀνομασίαν
3577 1992 3698 2045 οἷο-

2106 2099 2201 2152 μαι
2228 2081 2424 2154 δηλοῦν
2456 2084 2595 2137 κατά
2617 2084 2795 2138 κοινοῦ
2825 2084 3143 2156 ἀρρενωπόν
3170 2102 3292 2137 τινα
3329 2086 3423 2138 κα¹ι
3469 2085 3699 2156 ἐδραίαν

2103 2174 2345 2245 ἀνδρίαν,
2383 2175 2665 2241 ἄθελκτον,
2717 2176 3032 2249 ἀθήλυντον,
3083 2176 3379 2231 ἀνένδοτον.
3434 2176 3525 2247 Μὴ
3581 2176 3701 2247 γάρ

2103 2266 2319 2321 ἀκούων
2370 2267 2590 2339 θηλυκῷ
2647 2269 3055 2341 ὀνομαζομένας
3109 2270 3354 2341 ὀνόματι,
3410 2273 3490 2332 εἰς
3523 2269 3697 2341 θηλυ-

2101 2357 2308 2427 πρεπές
2338 2375 2389 2411 τι
2422 2358 2662 2431 κατάξῃς
2699 2358 2797 2423 τὰς
2848 2360 2998 2423 θείας
3041 2360 3299 2431 δυνάμεις
3323 2378 3335 2391 ·
3374 2362 3407 2432 ὴ
3458 2360 3567 2433 γὰρ
3594 2362 3698 2413 τοῦ

2102 2452 2424 2523 ἀρῤενωποῦ
2456 2454 2702 2525 σημασία
2733 2455 2827 2507 καὶ
2850 2454 3013 2521 λέξις,
3051 2456 3145 2507 ἐπὶ
3194 2454 3469 2523 γυναικῶν
3514 2455 3700 2526 ἀνδρι-

2100 2542 2345 2614 ζομένων
2415 2547 2513 2599 καὶ
2568 2548 2985 2619 ἀρῤενοφρόνων
3050 2547 3288 2616 λέγεται,
3345 2548 3378 2619 ἢ
3441 2548 3699 2619 ἀρρένων

2103 2637 2258 2708 ἰσχὺν
2314 2637 2572 2706 ἐχουσῶν.
2610 2639 2833 2707 Ἔχουσι
2872 2638 2928 2691 δὲ
2958 2640 3057 2710 τὴν
3105 2638 3358 2710 ἀνδρίανο
3394 2641 3477 2702 είς
3497 2640 3550 2690 τί
3579 2656 3593 2703 ;
3629 2641 3695 2692 οὐ

2101 2727 2238 2798 πρὸς
2265 2726 2334 2778 τά
2362 2727 2681 2797 ἐπαγόμενα
2702 2728 2938 2799 δυσχερῆ
2968 2745 3025 2781 τε
3042 2731 3137 2783 καὶ
3160 2728 3399 2801 λυπηρὰ,
3433 2729 3697 2801 καθάπερ

2100 2816 2248 2870 ἐστὶν
2278 2818 2337 2870 ἐν
2359 2819 2513 2887 ἡμῖν,
2547 2816 2718 2871 ταῦτα
2744 2819 2853 2889 γάρ
2884 2817 3006 2871 οὔτε
3052 2822 3173 2881 ταῖς
3202 2819 3375 2881 θείαις
3424 2818 3695 2890 δυνάμεσι

2098 2910 2475 2979 προσήκοντα·
2519 2910 2615 2963 καὶ⁵
2665 2908 2863 2974 ἔξωθεν
2920 2911 3019 2981 τὴν
3068 2910 3284 2981 κίνησιν
3322 2910 3559 2980 ἔχουσιν,
3612 2910 3698 2974 ὡς

2097 3000 2272 3062 ἄλλως
2302 3001 2375 3072 μὴ
2422 3001 2482 3054 ὃν
2534 3002 2765 3071 φανῆναι
2798 3002 2899 3072 τὴν
2940 3000 3196 3072 τοιαύτην
3242 3002 3484 3072 ἀνδρίαν,
3530 3003 3579 3054 εί
3614 3003 3695 3073 μὴ

2100 3095 2445 3165 ἐπανασταίη
2498 3095 2560 3147 τὸ
2608 3094 2885 3169 δυσχερές.
2947 3095 3021 3148 Οὐ
3081 3094 3218 3165 πρὸς
3288 3094 3462 3147 ταῦτα
3531 3094 3695 3163 γοῦν,

2099 3186 2211 3239 ἀλλ’
2251 3188 2331 3249 είς
2372 3187 2553 3250 πάσας
2585 3185 2684 3250 τὰς
2716 3187 2837 3239 κατ’
2868 3187 3038 3257 αὐτὴν
3085 3187 3338 3250 θεοειδεῖς
3383 3188 3691 3258 ἐνεργείας.

2098 3279 2234 3331 Κατ’
2278 3280 2449 3350 αὐτὴν
2492 3279 2547 3333 δέ
2585 3279 2758 3343 εἶπον,
2812 3280 2893 3333 δτι
2937 3281 3085 3333 ἐστὶν
3134 3282 3339 3353 ἑκάστῃ
3374 3282 3475 3334 ίδία
3500 3284 3535 3353 ὴ
3569 3281 3697 3335 θεία

2098 3369 2369 3440 ἐνέργεια,
2401 3368 2540 3420 ὥστε
2576 3370 2649 3440 μὴ
2687 3369 2993 3435 ἐξασθενεῖν
3044 3370 3181 3441 πρὸς
3239 3371 3506 3441 μηδεμίαν
3556 3373 3697 3426 ὑπο-

2096 3463 2258 3533 δοχὴν
2296 3463 2403 3515 τῶν
2442 3462 2794 3532 ἐνδιδομένων
2836 3462 3174 3534 ἐλλάμψεων,
3203 3465 3295 3517 καὶ
3323 3463 3433 3517 οἷον
3455 3466 3697 3535 πάσχειν

2100 3557 2191 3611 ὑπ’
2221 3556 2425 3625 αὐτῆς·
2468 3552 2579 3618 οἷός
2630 3558 2775 3609 ἐστιν
2805 3558 2833 3609 ό
2874 3557 2949 3627 μὴ
2993 3556 3072 3627 τῷ
3115 3559 3248 3629 πυρὶ
3294 3556 3695 3627 δαπανώμενος

2097 3649 2259 3713 λίθος,
2284 3648 2343 3712 ὃς
2372 3650 2641 3720 πυροῦται
2701 3651 2820 3719 μὲν,
2848 3650 2909 3702 οὐ
2936 3651 3151 3703 καίεται
3182 3651 3239 3703 δέ
3259 3668 3271 3680 ·
3300 3649 3444 3703 οὕτω
3476 3652 3571 3703 καὶ
3598 3652 3692 3705 ἐν-

2097 3740 2270 3793 ταῦθα
2318 3740 2559 3803 δυνατῶς
2590 3742 2681 3792 ἐπὶ
2717 3740 2777 3792 τὺ
2800 3740 3131 3812 θεομίμητον
3166 3742 3501 3811 ἀναγομένη,
3535 3742 3693 3812 ὅμως

2096 3843 2194 3912 οὐχ
2222 3845 2445 3912 ἡττᾶται
2477 3845 2571 3896 καὶ
2597 3844 2884 3899 ἀπολείπει
2929 3844 3191 3915 ἀνανδρία
3221 3845 3321 3915 τὴν
3354 3844 3565 3915 θεοειδῆ
3596 3846 3689 3899 κί-

2096 3951 2271 4004 νησιν,
2296 3934 2411 3987 ἀλλ’
2444 3934 2701 4005 ἀρῤεπῶς
2744 3936 2926 4006 ἀφορᾷ
2954 3938 3035 3998 είς
3067 3935 3165 4007 τὴν
3222 3936 3361 4005 ὑπὲρ
3382 3936 3566 3988 πᾶσαν
3596 3937 3694 3988 οὐκ

2099 4025 2240 4089 σίαν,
2264 4026 2491 4097 δύναμιν
2541 4027 2637 4099 τὴν
2683 4029 2777 4080 καὶ
2818 4026 2987 4091 αὑτάς
3010 4027 3111 4090 τὰς
3137 4026 3393 4097 δυνάμεις
3420 4027 3691 4098 δημιουρη

2097 4118 2342 4187 γήσασαν
2367 4157 2381 4180 ,
2412 4119 2505 4171 καὶ
2533 4119 2737 4189 ταύτης
2763 4119 2925 4172 εἰκὼν
2954 4120 3163 4188 γίνεται
3200 4120 3342 4172 κατά
3369 4120 3428 4172 τὸ
3459 4122 3688 4188 ἐφικτὸν

2094 4207 2462 4281 δυναμοειδής.
2508 4212 2593 4273 Ὠς
2623 4212 2790 4282 γὰρὴ
2824 4211 2944 4264 θεία
2987 4214 3147 4280 φύσις
3204 4212 3509 4281 ἐνδυναμοῖ,
3543 4211 3692 4264 οὕτω

2096 4301 2191 4353 καὶ
2235 4302 2372 4373 αὕτη
2421 4302 2519 4365 τὰς
2567 4303 3001 4372 ὑποϐεϐηκυίας’
3048 4305 3141 4357 καὶ
3188 4303 3308 4357 καθ’
3340 4305 3367 4357 ὃ
3400 4305 3497 4373 μὲν
3543 4304 3691 4375 αῦτη

2098 4396 2215 4447 ἐστὶ
2245 4395 2471 4465 δύναμις
2491 4394 2633 4447 κατά
2661 4395 2876 4466 πρῶτον
2907 4395 3082 4463 λόγον,
3115 4396 3251 4466 πρὸς
3280 4380 3697 4467 ἀντιδιαστολὴν

416 4480 590 4534 indita
643 4482 1006 4535 illustratione
1054 4482 1427 4552 suscipienda,
1485 4498 1585 4538 nec
1616 4486 1684 4539 ab
1732 4500 1795 4539 ea
1834 4485 1993 4553 quid-

2100 4488 2205 4543 τῶν
2240 4487 2355 4557 μετ’
2386 4488 2553 4559 αὐτὴν
2585 4488 2763 4558 (τοῦτο
2793 4488 2903 4558 γάρ
2931 4490 3047 4540 ἐστι
3076 4488 3137 4540 τὸ
3166 4488 3553 4559 ἀρχιδύναμος)
3598 4489 3690 4541 δυ-

414 4589 577 4642 quant
612 4574 891 4643 patiatur;
919 4573 1099 4642 qualis
1130 4582 1216 4628 est
1264 4574 1399 4643 lapis
1430 4576 1521 4643 qui
1568 4577 1693 4644 igne
1720 4592 1825 4630 non
1857 4592 1993 4630 con-

414 4667 674 4731 sumitur,
726 4666 820 4733 qui
882 4666 1107 4733 ignescit
1154 4668 1398 4735 quidem,
1432 4670 1527 4722 sed
1561 4684 1664 4721 non
1712 4670 1991 4724 comburi-

418 4768 508 4811 tur
543 4776 557 4824 ;
593 4758 673 4812 sic
719 4759 884 4813 etiam
936 4760 1047 4824 hic,
1099 4761 1224 4813 dum
1286 4770 1541 4831 potenter
1569 4762 1634 4815 ad
1668 4761 1836 4814 Deum
1870 4762 1994 4814 imi-

414 4852 643 4904 tandum
703 4852 1018 4917 adducitur,
1066 4862 1306 4907 attamen
1342 4869 1451 4908 non
1480 4854 1754 4923 dejieitur.
1814 4868 1994 4921 neque

412 4956 527 5011 pra:
575 4942 952 4997 imbecillitate
1000 4944 1317 4998 deil‘ormem
1371 4955 1575 4998 motum
1613 4945 1837 5009 deserit,
1895 4946 1990 4997 sed

413 5044 733 5089 constanter
789 5035 1028 5088 intuetur
1080 5036 1132 5088 in
1185 5036 1441 5090 virtutem
1472 5034 1620 5089 omni
1679 5035 1990 5089 substantia

413 5132 775 5198 superiorem,
802 5138 856 5183 et
907 5130 1265 5197 ipsarummet
1312 5131 1573 5183 virtutttm
1603 5130 1990 5193 conditricem,

412 5224 794 5290 ejusdemque,
828 5223 1003 5290 quoad
1042 5221 1158 5275 lieri
1210 5230 1408 5291 potest,
1451 5223 1633 5291 imago
1680 5220 1993 5275 virtutifor-

412 5317 520 5370 mis
549 5315 804 5369 ellieitur.
848 5310 1326 5380 Quemadmodum
1362 5315 1506 5367 enim
1559 5324 1753 5367 natura
1807 5313 1991 5367 divina

414 5407 491 5462 illi
517 5408 771 5460 virtutem
799 5405 1133 5474 suppeditat,
1173 5406 1251 5458 sic
1280 5415 1335 5458 et
1374 5404 1491 5459 htec
1516 5404 1866 5459 inferioribus
1899 5424 1912 5460 :
1939 5412 1994 5457 et

413 5499 877 5567 secundumquod
908 5498 1127 5566 quidem
1156 5497 1266 5565 ipsa
1312 5499 1487 5552 virtus
1531 5512 1635 5561 est,
1690 5500 1989 5553 secundum

413 5593 647 5661 primani
681 5591 973 5654 rationem,
1005 5589 1071 5641 ad
1099 5588 1461 5642 diﬂ'erentiam
1504 5604 1691 5642 earum
1718 5606 1839 5659 quae
1869 5601 1992 5657 post

418 5684 590 5751 ipsam
622 5693 749 5737 sunt
780 5685 908 5752 (hoc
935 5682 1082 5737 enim
1108 5691 1192 5735 est
1224 5680 1593 5751 ἀρχιδύναμος
1620 5696 1713 5735 seu
1762 5683 1997 5750 princeps

418 5775 705 5848 t'irtutum)
756 5775 909 5846 juxta
964 5773 1196 5847 gratiam
1251 5774 1355 5831 sibi
1391 5790 1420 5827 a
1451 5774 1565 5830 Deo
1599 5774 1776 5829 datam
1805 5774 1989 5841 habet,

2098 4579 2272 4641 νατῶς
2302 4579 2412 4649 ἔχει
2458 4579 2598 4633 κατά
2632 4579 2728 4650 τὴν
2761 4580 3005 4633 δοθεῖσαν
3034 4580 3192 4650 χάριν
3222 4580 3331 4632 ἀπὸ
3367 4580 3503 4631 Θεοῦ
3557 4581 3690 4631 ἐπε-

2099 4669 2367 4739 στράφθαι
2397 4669 2533 4740 πρὸς
2572 4671 2671 4740 τὴν
2700 4670 2878 4722 αἰτίαν
2907 4670 3013 4723 τῶν
3040 4670 3340 4740 δυνάμεων,
3398 4670 3489 4721 τὸν
3517 4670 3684 4722 Θεόν·

2097 4762 2218 4817 καθ’
2247 4759 2274 4810 ὃ
2303 4759 2358 4812 δὲ
2422 4761 2515 4811 καὶ
2572 4760 2963 4830 ὑποϐεϐηκυῖαι
3014 4760 3191 4833 ταύτῃ
3238 4760 3495 4831 δύναμεις
3554 4762 3683 4827 εἰσὶ,

2099 4854 2342 4923 πρόεισιν
2372 4856 2450 4915 εἰς
2481 4854 2714 4916 ἐκείνας,
2743 4853 2960 4905 διδοῦσα
2988 4854 3086 4923 τὴν
3115 4853 3343 4923 δύναμιν
3367 4853 3509 4907 κατὰ
3533 4854 3683 4908 θείαν

2099 4948 2314 5009 πάντως
2349 4947 2597 5015 μίμησιν.
2631 4946 2740 5014 Τὴν
2771 4945 2827 4997 δέ
2855 4946 2963 4997 τῶν
3003 4947 3172 5013 ἁγίων
3202 4946 3460 5010 ἐξουσιῶν
3488 4949 3667 5017 ἐκφαν

2097 5038 2321 5108 τορικὴν
2352 5037 2649 5106 ὀνομασίαν
2681 5031 2835 5105 οἶμαι
2872 5035 3085 5104 δηλοῦν,
3129 5038 3251 5107 ἣτις
3279 5038 3397 5089 ἐστὶ
3431 5039 3525 5089 καὶ
3552 5039 3677 5107 ὄρος

2095 5130 2269 5199 ταγὴς
2297 5128 2403 5181 τῶν
2436 5128 2852 5199 προρρηθέντων
2908 5128 3001 5180 δύο
3044 5128 3361 5198 ταγμάτων,
3394 5130 3495 5199 τὴν
3522 5130 3669 5183 εὐταα

2097 5218 2214 5282 ξίαν
2245 5220 2343 5290 τὴν
2372 5218 2637 5289 εὔκοσμον
2668 5219 2762 5271 καὶ
2808 5218 3159 5290 ἀσύμφυρτον
3193 5221 3323 5291 περὶ
3376 5220 3473 5281 τάς
3528 5219 3681 5282 θείας

2096 5310 2419 5381 ἐλλάμψεις’
2452 5312 2609 5363 τοῦτο
2650 5312 2758 5382 γάρ
2807 5314 2956 5365 ἐστιν
2994 5312 3122 5364 ἴδιον
3162 5311 3261 5379 τῆς
3316 5310 3589 5375 ἐξουσίας,
3622 5312 3683 5363 τὸ

2096 5405 2235 5458 κατά
2274 5404 2424 5469 τάξιν
2453 5404 2520 5456 τὰ
2551 5405 3006 5475 παρεμπίπτοντα
3056 5404 3364 5463 διευθετεῖν,
3424 5404 3517 5455 καὶ
3555 5402 3683 5472 δίχα

2094 5496 2237 5557 τινος
2292 5496 2667 5565 περπερισμοῦ
2723 5496 2817 5549 καὶ
2876 5496 3257 5566 συμφύρσεως.
3325 5494 3476 5546 Ἐπεὶ
3505 5493 3679 5564 γὰρὴ

2095 5588 2314 5652 ἐξουσία
2350 5586 2575 5657 δύναμίς
2603 5588 2719 5639 ἐστι
2748 5586 2889 5639 κατὰ
2917 5588 3013 5657 τὴν
3045 5588 3244 5657 ἐαυτῆς
3295 5588 3679 5658 προσήκουσαν

2097 5679 2334 5748 θέλησιν,
2378 5679 2484 5745 (ἵνα
2512 5696 2564 5729 τι
2585 5678 2833 5741 ἀτάκτως
2860 5680 2954 5732 καὶ
2985 5678 3371 5749 συμφυρτικῶς
3401 5678 3432 5747 ἢ
3464 5678 3599 5749 εἴπῃ
3641 5677 3672 5747 ἦ

2095 5770 2506 5845 διαπράξηταιὸ
2533 5769 2881 5837 ἐξουσιάζων,
2929 5773 3006 5834 εἰς
3036 5770 3065 5823 ὃ
3096 5770 3253 5842 μόνον
3304 5770 3535 5832 δύναται,
3580 5774 3687 5828 καὶ
