3908 6232
386 267 494 346 ἐει

1530 285 1588 344 S.
1631 284 1934 343 DIONYSH
1971 283 2439 342 AREOPAGITE

3569 293 3683 350 259.

394 405 560 469 niele,
589 408 645 458 et
683 400 971 457 Ezechiele
1027 400 1332 471 pr0pbetis,
1378 415 1476 471 per
1509 400 1677 455 alium
1710 402 1778 456 ad
1811 400 1978 456 alium

2084 397 2314 466 ἄγγελον
2335 396 3166 472 λεγομένην’διαπορθμεύεσθαι
3193 402 3346 475 παρά
3370 421 3430 458 τε
3458 403 3538 477 τῷ
3565 408 3676 462 Ζα-

395 503 646 573 angclum
669 497 942 557 transfusa
975 503 1196 566 dicitur,
1220 501 1526 572 exemplum
1562 501 1830 559 faciamus
1861 520 1988 575 per-

394 599 645 654 fectionis
668 613 792 669 quae
826 599 1044 652 eminus
1073 607 1386 666 procurata.
1427 612 1725 667 progressu
1761 615 1824 653 ac
1858 614 1985 668 pro-

395 693 609 748 fusione
638 692 980 746 subobscure
1012 691 1078 744 ad
1128 689 1420 745 inferiores
1454 693 1724 760 pervenit.
1775 691 1987 747 Obscu-

395 803 512 842 ram
550 796 730 839 autem
765 786 1161 854 perfectionem
1227 786 1388 848 dixit.
1445 801 1554 840 non
1605 796 1830 855 propter
1860 801 1986 856 pro—

394 881 570 949 priam
606 879 723 946 ejus
747 877 1152 944 remissionem,
1181 879 1274 933 sed
1301 889 1526 947 propter
1550 878 1983 934 imbecillitatem

394 973 782 1042 recipientium
821 973 968 1028 :hoc
1019 974 1164 1027 enim
1239 973 1545 1041 signiﬁcat,
1606 975 1849 1028 vocando
1899 989 1986 1029 se-

393 1067 599 1122 cundas
639 1077 828 1136 partes
885 1063 1230 1126 initiationis,
1269 1064 1319 1118 id
1349 1073 1434 1119 est
1459 1066 1747 1121 obscurius
1780 1057 1985 1121 initiari

395 1159 656 1216 secunda.
707 1158 1010 1212 Verborum
1066 1171 1293 1213 suorum
1347 1157 1661 1225 exemplum
1715 1160 1881 1212 sumit
1913 1159 1984 1212 ah

395 1254 462 1307 iis
493 1266 614 1320 quae
661 1252 806 1320 apud
867 1251 1112 1304 homines
1173 1258 1302 1303 sunt
1337 1249 1764 1316 initiationibus,
1821 1252 1983 1320 idque

394 1361 503 1399 non
546 1360 574 1396 a
604 1343 922 1408 semetipso,
957 1343 1050 1396 sed
1078 1343 1147 1396 ab
1185 1343 1431 1412 ipsismet
1461 1359 1746 1399 sacrorum
1785 1344 1982 1414 peritis

394 1437 768 1491 iuitiatorihus
815 1437 1036 1490 nostris.
1091 1437 1560 1504 Quemadmodum
1619 1437 1763 1492 enim
1799 1439 1870 1492 illi
1902 1440 1983 1493 di-

393 1537 546 1592 cunt,
585 1543 679 1598 pcr
708 1543 767 1582 se
818 1537 1147 1596 apparentes
1206 1529 1573 1597 plenitudines
1631 1539 1796 1599 atque
1856 1531 1978 1584 illu-

395 1623 695 1676 strationes
724 1621 896 1691 (juxta
939 1622 1089 1687 illud,
1141 1621 1218 1675 De
1270 1621 1598 1691 plenitudine
1641 1623 1755 1692 ejus
1801 1638 1980 1676 omnes

395 1715 686 1782 accepimus
703 1718 774 1782 Ιι’)
803 1715 1161 1782 perfectiores
1186 1729 1308 1771 esse
1329 1717 1392 1769 iis
1419 1732 1539 1785 qua:
1563 1732 1660 1786 per
1681 1718 1815 1772 alias
1839 1718 1978 1771 divi-

394 1822 493 1861 nas
522 1807 970 1877 participationes
998 1808 1332 1862 hauriuntur
1369 1808 1590 1878 (initiati
1639 1810 1809 1873 enim,
1841 1813 1976 1877 sive,

395 1913 456 1956 ut
495 1903 574 1956 sic
604 1902 803 1966 dicam,
828 1903 1052 1970 perfecti
1103 1912 1232 1958 sunt
1273 1902 1441 1957 divini
1465 1904 1697 1972 apostoli
1733 1907 1799 1958 ab
1836 1905 1978 1973 ipso-

395 2003 510 2047 lnet
538 1994 822 2048 Salvatore
878 2005 1064 2050 nostro
1112 1992 1240 2048 Jesu
1287 1996 1507 2049 Christo
1555 2011 1620 2050 ac
1671 1996 1803 2059 Deo,
1836 1997 1976 2050 vela

396 2097 589 2140 sancto
651 2087 977 2156 viviﬁcoque
1030 2086 1239 2157 Spiritu
1295 2095 1539 2156 tempore
1579 2086 1972 2151 Pentecostes;

396 2179 700 2233 consecrati
733 2179 893 2232 etiam
921 2188 1046 2232 sunt
1079 2179 1276 2233 summi
1323 2179 1640 2235 sacerdotes
1681 2192 1776 2249 per
1807 2180 1976 2248 ipsos,

396 2281 636 2326 attamen
662 2271 956 2341 perfectior
977 2273 1202 2328 omnino
1236 2283 1318 2327 est
1350 2288 1540 2328 eorum
1571 2273 1972 2343 consecratio):

395 2367 874 2436 quemadmodum,
916 2367 1160 2436 inquam,
1193 2369 1285 2438 qui
1328 2369 1380 2422 iu
1411 2369 1610 2423 divinis
1644 2368 1977 2423 excellentes

396 2470 543 2524 sunt,
588 2460 654 2514 de
709 2460 795 2514 his
844 2461 997 2514 aiunt
1031 2479 1044 2525 ;
1086 2463 1156 2514 ita
1185 2461 1350 2516 etiam
1382 2462 1642 2515 existimo
1676 2463 1820 2516 hunc
1851 2477 1978 2515 san-

397 2564 544 2606 ctum
589 2553 798 2617 dicere,
832 2553 1202 2607 immediatam
1261 2555 1746 2624 participationem
1785 2554 1976 2620 prima:

395 2645 799 2702 distributionis
845 2649 1239 2703 evidentiorem
1301 2663 1509 2702 esseea
1564 2664 1684 2717 qua:
1725 2649 1976 2701 median-

398 2732 542 2785 tibus
572 2733 695 2788 aliis
727 2733 1031 2788 confertur.
1097 2734 1304 2790 Idcirco
1354 2738 1516 2791 etiam
1550 2753 1616 2791 ex
1647 2737 1975 2792 sacerdotali

397 2827 690 2880 traditione
742 2827 1032 2893 habemus,
1086 2830 1294 2899 primos
1317 2831 1664 2898 sequentium
1707 2831 1976 2899 perfecto-

395 2932 506 2983 res,
547 2929 601 2972 et
649 2918 1070 2984 illuminalores,
1112 2929 1168 2975 et
1210 2923 1519 2992 expiatores
1573 2923 1864 2991 nominari,
1918 2934 1977 2978 ut

395 3013 486 3080 qui
519 3011 586 3065 ab
612 3013 694 3066 eis
723 3013 1067 3068 adducantur
1097 3015 1164 3069 ad
1196 3016 1438 3068 omnium
1490 3016 1846 3086 principium,
1887 3018 1973 3072 di-

396 3110 663 3180 vinasque
694 3111 1023 3182 participcnt
1054 3114 1415 3182 expiationes,
1465 3114 1892 3171 illuminationes
1917 3132 1980 3172 ac

396 3205 842 3259 cousecrationcs
874 3223 886 3259 :
921 3206 1190 3276 siquidem
1225 3207 1327 3260 hoc
1350 3222 1378 3259 a
1415 3207 1525 3261 Deo
1562 3208 1766 3263 divinis
1811 3209 1978 3263 etiam

395 3295 682 3350 ordinibus
710 3296 824 3365 lege
851 3304 1114 3352 statutum
1167 3307 1273 3363 est,
1323 3308 1381 3353 ut
1405 3314 1526 3368 qua:
1555 3301 1795 3352 secunda
1828 3309 1978 3363 sunt,

396 3405 495 3462 per
524 3391 696 3462 prima
729 3392 942 3448 divinas
975 3393 1302 3464 participent
1334 3393 1764 3447 illuminationes
1799 3410 1813 3445 :
1843 3393 1979 3446 ordo

394 3483 542 3539 enim
576 3494 683 3538 tam
719 3487 965 3540 caalestia
1014 3502 1177 3555 quam
1233 3487 1517 3542 terrestria
1546 3488 1808 3541 continet.
1844 3485 1978 3539 Ser-

397 3591 616 3632 moncm
649 3595 824 3641 suum,
857 3581 1001 3648 quod
1035 3581 1275 3634 secunda
1326 3581 1436 3651 82
1479 3579 1840 3633 mediantibus
1871 3580 1982 3647 pri-

398 3672 505 3724 mis
530 3671 890 3736 illustrentur,
929 3673 1276 3726 confirmata
1315 3673 1516 3726 divinis
1542 3672 1824 3740 sacrisque
1857 3686 1982 3741 pro-

400 3763 601 3833 phetis,
642 3780 780 3836 quos
805 3775 861 3819 et
904 3765 1186 3835 theologos
1240 3775 1426 3830 vocat,
1471 3775 1530 3818 ut
1569 3765 1659 3834 qui
1698 3779 1981 3819 sermones

401 3858 494 3913 Dei
529 3860 685 3914 nobis
717 3860 1214 3930 annuntiant.;lloc
1247 3864 1457 3928 utique,
1486 3859 1680 3926 inquit,
1713 3874 1740 3910 a
1773 3857 1978 3913 theolo-

400 3955 483 4022 gis
537 3967 854 4022 expressum
912 3953 1176 4021 reperias,
1213 3968 1277 4007 ac
1321 3953 1554 4021 primmn
1595 3968 1622 4005 a
1657 3950 1926 4005 Zacharia
1963 3967 1978 4005 :

401 4062 524 4099 cum
558 4045 702 4099 enim
743 4045 836 4099 Dei
878 4044 1165 4098 clctnentia
1215 4045 1364 4114 (nam
1402 4045 1495 4097 Dei
1528 4045 1741 4112 punitio
1767 4058 1983 4112 quoque

401 4139 690 4192 clementia
729 4147 831 4199 est,
865 4137 1024 4204 juxta
1077 4136 1231 4199 illud,
1261 4146 1489 4205 paterna
1515 4137 1677 4190 etiam
1709 4136 1982 4190 correctio

401 4230 714 4299 benignitas
755 4230 974 4283 exsistit
1008 4247 1021 4294 ;
1055 4229 1312 4296 quoniam
1343 4229 1517 4280 instar
1558 4227 1728 4296 patris
1760 4227 1983 4282 deduxit

403 4333 468 4372 ac
500 4318 699 4372 direxit
734 4315 922 4382 Israel,
967 4315 1292 4386 quandoque
1343 4316 1558 4384 quidem
1595 4315 1980 4384 promissioni-

405 4412 506 4465 bus
538 4413 826 4476 bonorum,
859 4411 1186 4480 quandoque
1214 4424 1344 4463 vero
1373 4410 1534 4462 minis
1565 4425 1628 4463 ac
1647 4410 1976 4481 suppliciis),

403 4505 644 4572 quando,
679 4505 926 4574 inquam,
983 4505 1076 4558 Dei
1108 4503 1399 4558 clementia
1434 4503 1691 4558 lsraelem
1723 4505 1982 4561 erudiens
2015 4510 2059 4565 D

405 4611 504 4665 per
549 4599 920 4667 captivitatem
975 4597 1402 4668 Babyloniorum
1463 4596 1590 4667 (hoc
1647 4607 1831 4652 autem
1883 4613 1982 4668 pro

404 4705 570 4746 sacra
623 4689 742 4758 ejus
795 4691 970 4746 salute
1016 4691 1295 4760 contigit;
1335 4691 1516 4745 omnis
1564 4690 1708 4744 enim
1762 4690 1911 4745 salus
1952 4705 1983 4744 a

405 4783 516 4836 Deo
542 4797 698 4835 sacra
727 4791 831 4846 est,
865 4782 991 4851 quia
1025 4797 1130 4834 non
1167 4791 1378 4836 tantum
1426 4796 1624 4849 corpus
1647 4791 1857 4845 servat,
1888 4782 1983 4836 sed

403 4875 570 4931 etiam
609 4877 870 4946 animam)
905 4885 964 4929 ut
995 4877 1062 4930 ad
1113 4877 1431 4932 Creatorem
1484 4876 1658 4944 ipsum
1696 4888 1983 4932 converte-

403 4981 511 5033 ret,
540 4969 827 5024 ultricibus
858 4985 922 5024 ac
953 4969 1086 5032 ferjs
1134 4971 1388 5038 gentibus
1443 4972 1670 5025 tradidit
1696 4973 1986 5042 corrigen—

405 5063 532 5114 dum
569 5077 585 5125 ;
626 5070 681 5114 et
709 5061 854 5112 utad
913 5059 1193 5114 meliorem
1228 5060 1435 5131 frugem
1493 5064 1828 5131 traduceret,
1886 5065 1985 5119 ali-

405 5152 624 5221 quando
661 5151 878 5221 quidem
906 5151 1157 5219 gentibus
1183 5155 1426 5220 tradidit,
1465 5155 1760 5225 aliquando
1793 5172 1926 5213 vero
1953 5173 1983 5211 a

406 5245 724 5315 captivitate
761 5245 1039 5310 liberavit,
1072 5255 1128 5300 et
1161 5245 1228 5300 ad
1270 5248 1559 5317 pristinam
1603 5250 1843 5320 benigne
1872 5250 1986 5306 cle-

409 5353 734 5411 menterque
763 5356 826 5395 ac
856 5342 1147 5410 magnifice
1196 5341 1471 5397 fortunam
1529 5345 1782 5409 reduxit;
1839 5347 1984 5399 videt

407 5436 500 5490 ille
533 5437 818 5508 theologus
861 5435 1159 5491 Zacharias
1213 5438 1505 5504 quemdam
1563 5437 1865 5505 primorum
1902 5447 1988 5508 (ut

409 5531 688 5596 existimo,
737 5541 960 5600 propter
995 5545 1185 5584 eorum
1242 5529 1676 5599 qum-dicuntur
1724 5547 1985 5585 reveren-

411 5622 567 5692 tiam)
643 5624 958 5694 angelorum
1033 5623 1396 5694 (angelorum,
1463 5622 1710 5690 inquam,
1765 5633 1988 5694 propter

411 5729 699 5771 commune
727 5732 945 5783 nomen,
987 5733 1111 5776 cum
1159 5717 1397 5786 alioquin
1450 5714 1693 5783 ultimus,
1750 5731 1856 5771 non
1893 5735 1991 5774 au-

481 5813 532 5853 s“
563 5809 717 5867 Joan.
754 5828 791 5877 ι,
821 5813 908 5866 lti.

2090 489 2280 560 χαρίᾳ,
2312 490 2429 544 ,καὶ
2482 490 2701 561 Δανιὴλ,
2751 492 2846 544 καὶ
2893 492 3146 564 Ἰεξεκιὴλ
3194 498 3306 558 τοῖς
3341 498 3675 567 προφήταις,

2092 582 2360 653 σύμϐολον
2392 583 2726 654 ποιησόμεθα
2773 585 2875 654 τῆς
2917 587 3195 658 πόρρωθεν
3233 589 3676 661 ἐπιτελουμένης,

2089 674 2184 726 καὶ
2213 673 2300 726 διὰ
2321 675 2495 744 μέσης
2512 675 2705 745 ἐτέρας
2733 675 2940 741 τάξεως
2959 677 3308 742 τελειώσεως,
3342 681 3440 746 τῆς
3464 681 3553 734 διὰ
3575 683 3679 754 τὴν

2090 762 2315 834 πρόοδον
2343 762 2443 834 τὴν
2499 767 2579 828 είς
2632 764 2956 836 δευτέρωσιν
3008 769 3440 840 ἀμυδρουμένης.
3510 773 3681 842 Ἀμυ-

2087 854 2390 926 δρουμένην
2416 856 2471 909 δὲ
2495 857 2592 926 τὴν
2609 856 2882 910 τελείωσιν
2913 854 3086 920 εἶπεν,
3112 861 3172 912 οὐ
3201 860 3289 912 διὰ
3328 862 3425 932 τὴν
3466 863 3679 916 οἰκείαν

2088 949 2259 1018 αὐτῆς
2286 950 2524 1012 ἀτονίαν,
2555 950 2688 1003 ἀλλά
2732 952 2886 1023 παρὰ
2912 953 2972 1005 τὸ
3000 954 3293 1024 ὑφειμένον
3313 955 3420 1007 τῶν
3446 956 3677 1028 δεχομέ-

2086 1058 2192 1096 νων
2211 1058 2224 1070 ’
2257 1040 2416 1094 τοῦτο
2441 1041 2549 1112 γὰρ
2579 1042 2727 1112 δηλοῖ
2763 1043 2824 1095 τὸ
2853 1045 3028 1098 εἰπεῖν
3068 1043 3430 1112 δευτέρωσιν
3456 1045 3682 1101 τελειώ-

2089 1148 2244 1195 σεως,
2268 1134 2514 1186 τουτέστι
2539 1134 2599 1187 τὸ
2621 1134 2988 1206 ἀμυδρότερον
3030 1136 3366 1191 τελειοῦσθαι
3398 1137 3466 1190 τὰ
3491 1138 3680 1192 δεύτε-

2088 1241 2178 1295 ρα.
2226 1224 2543 1292 Ἀναλογίαν
2599 1230 2832 1280 ποιεῖται
2879 1228 2986 1281 τῶν
3033 1228 3204 1296 λόγων
3236 1230 3399 1283 αὑτοῦ
3430 1231 3538 1283 ἀπὸ
3567 1231 3680 1285 τῶν

2087 1321 2218 1389 παρ’
2258 1318 2566 1389 ἀνθρώποις
2621 1320 2974 1384 τελειώσεων,
3021 1323 3114 1375 καὶ
3159 1323 3316 1375 τοῦτο
3349 1323 3410 1375 οὺ
3459 1323 3681 1394 τίθησιν

2084 1413 2177 1481 ἀφ’
2209 1413 2423 1475 ἐαυτοῦ,
2481 1413 2594 1467 ἀλλ’
2650 1415 2757 1467 ἀπὸ
2805 1415 2914 1468 τῶν
2955 1415 3142 1470 δεινῶν
3197 1417 3325 1488 περὶ
3379 1415 3478 1480 τὰς
3522 1415 3690 1487 ἱερὰς,

2083 1503 2240 1572 ἡμῶν
2276 1503 2516 1566 τελετάς.
2572 1505 2658 1568 Ὠς
2687 1504 2817 1572 γοῦν
2868 1506 3064 1562 ἐκεῖνοί
3121 1523 3252 1576 φασι
3295 1505 3392 1568 τὰς
3433 1508 3680 1576 αὐτοφα-

2083 1597 2193 1658 νείς
2223 1595 2642 1666 ἀποπληρώσεις
2659 1599 2750 1650 καὶ
2773 1597 3068 1668 ἐλλάμψεις
3115 1597 3282 1668 (κατὰ
3311 1598 3390 1660 τὸ,
3435 1601 3535 1651 Ἐκ
3565 1597 3678 1651 τοῦ

2084 1686 2479 1756 πληρώματος
2509 1690 2694 1742 αὐτοῦ
2729 1689 2952 1755 πάντες
2989 1688 3297 1760 ἐλάϐομεν)
3329 1689 3436 1742 τῶν
3453 1690 3520 1742 δι’
3554 1689 3678 1742 ἐτέ-

2085 1797 2192 1850 ρων
2224 1779 2381 1833 θείων
2433 1781 2700 1851 μεθέξεων
2727 1781 3064 1853 τελειοτέρας
3101 1779 3258 1843 εἶναι,
3287 1781 3682 1852 (ἐτελέσθησαν

2084 1871 2213 1942 γὰρ,
2241 1872 2371 1944 φέρε
2401 1875 2596 1936 εἰπεῖν,
2631 1874 2680 1926 οἱ
2713 1873 2844 1930 θεῖοι
2896 1873 3185 1928 ἀπόστολοι
3236 1873 3365 1944 παρ’
3393 1873 3559 1926 αὐτοῦ
3581 1872 3684 1925 τοῦ

2084 1965 2338 2036 Σωτῆρος
2384 1967 2542 2037 ἡμῶν
2611 1965 2787 2036 Ἰησοῦ
2831 1965 3067 2037 Χριστοῦ
3119 1966 3212 2018 καὶ
3254 1963 3478 2035 Θεοῦ’ἢ
3525 1965 3686 2034 παρὰ

2081 2058 2175 2110 τοῦ
2211 2059 2366 2126 ἁγίου
2414 2060 2508 2112 καὶ
2552 2057 2860 2129 ζωαρχικοῦ
2914 2058 3248 2128 Πνεῦματος,
3288 2059 3345 2109 ἐν
3388 2056 3468 2126 τῷ
3499 2056 3686 2126 καιρῷ

2081 2151 2182 2220 τῆς
2213 2151 2611 2221 Πεντηκοστῆς,
2638 2151 2994 2221 ἐτελέσθησαν
3019 2153 3109 2206 καὶ
3131 2153 3178 2203 οἱ
3207 2152 3484 2220 ἀρχιερεῖς
3503 2149 3570 2201 δι’
3590 2149 3688 2200 αὑ-

2080 2241 2211 2302 τῶν,
2237 2243 2331 2295 καὶ
2357 2242 2664 2313 τελεωτέρα
2695 2244 2912 2305 πάντως
2949 2245 3096 2296 ἐστὶν
3138 2243 3361 2296 ἐκείνων
3387 2243 3419 2311 ὴ
3451 2241 3678 2293 τελείω-

2083 2333 2218 2403 σις’)
2250 2333 2326 2396 ὼς
2356 2332 2487 2402 γοῦν
2535 2335 2584 2386 οἱ
2621 2333 2782 2387 δεινοὶ
2816 2334 2884 2386 τὰ
2929 2334 3048 2389 θεῖά
3096 2350 3227 2402 φασι
3277 2335 3404 2404 περὶ
3443 2334 3682 2390 τούτων,

2079 2424 2272 2488 οὕτως,
2295 2421 2470 2496 οἶμαι,
2523 2428 2687 2496 φησὶν
2721 2429 2748 2480 ὁ
2782 2428 2955 2495 ἅγιος,
3007 2427 3106 2498 τὴν
3147 2426 3350 2497 ἀμεσον
3385 2423 3684 2496 μετουσίαν

2077 2515 2181 2585 τῆς
2223 2515 2448 2587 πρώτης
2503 2516 2918 2589 διακοσμήσεως
2973 2518 3367 2590 ἐναργεστέραν
3397 2515 3540 2570 εἷναι
3566 2515 3686 2570 τῶν

2079 2607 2145 2660 δι’
2182 2609 2382 2678 ἐτέρων
2415 2609 2596 2679 μέσων
2640 2610 3110 2680 ἀποτελουμένων.
3142 2610 3234 2662 Διὸ
3263 2610 3356 2662 καὶ
3379 2608 3438 2673 ἐξ
3476 2609 3686 2678 ἱερατι-

2079 2697 2184 2767 κῆς
2222 2698 2572 2769 παραδόσεως
2603 2698 2818 2768 ἔχομεν,
2840 2700 2921 2751 ὅτι
2961 2698 3209 2752 τελεσταὶ
3249 2700 3341 2752 καὶ
3369 2699 3686 2769 φωτουργοὶ

2081 2790 2177 2842 καὶ
2210 2789 2530 2860 καθαρτικοὶ
2559 2791 2608 2841 οἱ
2641 2789 2845 2860 πρῶτοι
2874 2790 2982 2842 τῶν
3011 2789 3274 2861 δευτέρων
3299 2788 3682 2860 ὀνομάζονται,

2083 2881 2160 2944 ὡς
2189 2881 2256 2933 δι’
2288 2881 2467 2933 αὐτῶν
2514 2881 2865 2952 ἀναγομένων
2917 2881 3123 2934 τούτων
3163 2881 3256 2933 ἐπί
3303 2881 3401 2951 τὴν
3456 2882 3686 2934 πάντων

2081 2973 2257 3045 ἀρχὴν
2286 2973 2380 3025 καὶ
2440 2975 2497 3025 ἐν
2527 2975 2788 3043 μετουσίᾳ
2813 2974 3114 3044 γινομένων
3141 2973 3250 3026 τῶν
3276 2973 3433 3026 θείων
3464 2974 3682 3046 καθάρ-

2080 3081 2238 3128 σεων,
2293 3065 2586 3136 φωτισμῶν
2644 3065 2738 3120 καὶ
2791 3064 3158 3118 τελειώσεωνο
3196 3065 3354 3118 τοῦτο
3411 3066 3525 3137 γάρ
3555 3067 3682 3119 ἐστι

2007 3155 2050 3213 C
2085 3157 2577 3228 νενομοθετημένον
2601 3159 2694 3212 καὶ
2716 3157 2866 3228 παρά
2881 3155 2974 3209 τοῦ
3010 3155 3144 3208 Θεοῦ
3200 3159 3312 3219 τοῖς
3364 3156 3530 3219 θείοις
3582 3158 3670 3210 τά·

2083 3264 2280 3318 γμασι,
2340 3248 2401 3301 τὸ
2449 3247 2538 3300 διὰ
2590 3247 2699 3301 τῶν
2731 3246 2964 3317 πρώτων
2993 3245 3062 3298 τὰ
3091 3246 3339 3317 δεύτερα,
3375 3245 3484 3297 τῶν
3517 3245 3686 3298 θείων

2085 3340 2330 3412 μετέχειν
2363 3340 2678 3411 ἐλλάμψεων
2698 3357 2711 3370 ·
2739 3339 2892 3406 τάξις
2928 3339 3037 3411 γὰρ
3082 3341 3296 3410 συνέχει
3323 3339 3392 3393 τά
3420 3357 3479 3392 τε
3507 3341 3685 3410 οὐρά-

2081 3450 2169 3486 νια
2209 3434 2302 3486 καὶ
2327 3433 2396 3486 τὰ
2444 3433 2682 3501 ἐπίγεια.
2741 3432 2973 3501 Συνιστᾷ
3025 3431 3114 3484 τὸν
3161 3432 3316 3499 λόγον
3373 3431 3562 3495 αὐτοῦ,
3595 3432 3686 3484 δτι

2081 3521 2170 3574 διὰ
2204 3522 2384 3593 μέσων
2414 3523 2522 3575 τῶν
2550 3522 2782 3593 πρώτων
2810 3523 2859 3574 oi
2888 3520 3128 3592 δεύτεροι
3151 3521 3538 3593 ἐλλάμπονται,
3569 3520 3687 3574 ἀπὸ

2080 3611 2190 3666 τῶν
2224 3613 2382 3665 θείων
2436 3614 2530 3667 καὶ
2589 3612 2749 3684 ἱερῶν
2796 3611 3115 3684 προφητῶν,
3147 3611 3242 3676 οὓς
3271 3615 3363 3666 καὶ
3391 3614 3687 3682 θεολόγους

2083 3704 2268 3775 φησὶν,
2300 3703 2375 3766 ώς
2409 3701 2600 3772 λόγους
2656 3701 2790 3754 Θεοῦ
2843 3705 2975 3772 ἡμῖν
3016 3701 3458 3772 ἐξαγγέλλοντας.
3493 3705 3681 3776 Εὑρή-

2085 3811 2196 3857 σεις
2223 3793 2376 3862 γοῦν,
2410 3795 2578 3863 λέγει,
2620 3793 2781 3847 τοῦτο
2829 3793 3156 3864 δηλούμενον
3205 3797 3320 3858 τοῖς
3369 3794 3681 3863 θεολόγοις·

2083 3885 2176 3938 καὶ
2201 3885 2418 3956 πρῶτον
2445 3885 2523 3956 τῷ
2568 3885 2816 3957 Ζαχαρία
2837 3902 2850 3916 ο
2897 3887 3061 3958 ἡνίκα
3104 3885 3213 3957 γάρ
3240 3889 3272 3956 ἡ
3301 3885 3395 3938 τοῦ
3427 3887 3564 3939 Θεοῦ
3591 3905 3685 3955 φι-

2081 3975 2419 4047 λανθρωπία,
2449 3975 2501 4047 (ὴ
2534 3975 2642 4048 γὰρ
2676 3975 2770 4030 τοῦ
2819 3975 2954 4029 Θεοῦ
3002 3975 3241 4048 τιμωρία
3297 3976 3684 4049 φιλανθρωπία

2082 4069 2218 4130 ἐστὶ,
2263 4066 2406 4120 κατὰ
2427 4067 2508 4130 τὸ,
2531 4067 2745 4119 Γίνεται
2778 4066 3154 4139 φιλανθρωπία
3179 4069 3212 4137 ἠ
3242 4066 3478 4138 τιμωρία
3506 4071 3538 4139 ἡ
3573 4085 3684 4122 πα-

2081 4160 2244 4231 τρική
2272 4176 2285 4189 ·
2319 4159 2395 4222 ὡς
2421 4158 2530 4230 γὰρ
2566 4159 2751 4230 πατὴρ
2785 4157 2958 4230 ’ἐνῆγε
3019 4160 3111 4212 καὶ
3168 4158 3536 4228 ἐπαιδαγώγει
3585 4162 3683 4215 τὸν

2095 4251 2329 4323 Ἰσραὴλ,
2362 4252 2463 4305 ποῦ
2491 4253 2587 4323 μὲν
2609 4252 2673 4305 δι’
2701 4251 3042 4321 ἐπαγγελιῶν
3072 4252 3179 4305 τῶν
3208 4248 3448 4320 ἀγαθῶν,
3477 4253 3579 4306 ποῦ
3619 4255 3685 4310 δὲ

2080 4345 2146 4398 δι’
2177 4344 2412 4399 ἀπειλῶν
2451 4346 2544 4398 καὶ
2588 4345 2928 4417 τιμωριῶψ)
2979 4346 3145 4416 ἡνίκα
3182 4345 3376 4418 γοῦνή
3414 4346 3510 4399 τοῦ
3537 4347 3682 4402 Θεοῦ

2083 4434 2461 4507 φιλανθρωπία
2487 4436 2577 4489 τὸν
2606 4435 2824 4507 Ἰσραὴλ
2855 4435 3267 4490 παιδεύσασαδι’
3298 4438 3684 4508 αἰχμαλωσίας

2086 4529 2197 4582 τῶν
2240 4530 2615 4596 Βαϐυλωνίων,
2661 4530 2839 4600 (τοῦτο
2877 4531 2932 4584 δὲ
2971 4532 3192 4600 γέγονεν
3223 4531 3361 4602 ὑπὲρ
3391 4531 3494 4602 τῆς
3527 4533 3684 4603 ἱερᾶς

2086 4621 2252 4676 αὐτοῦ
2279 4623 2578 4694 σωτηρίας·
2614 4625 2765 4677 πᾶσα
2787 4622 2895 4694 γὰρ
2934 4623 3176 4694 σωτηρία
3207 4622 3361 4694 παρὰ
3397 4622 3532 4675 Θεοῦ
3559 4625 3686 4696 ἱερά

2086 4714 2254 4780 ἐστιν,
2285 4716 2365 4768 ὅτι
2389 4716 2487 4786 οὐχ
2517 4715 2702 4778 ἁπλῶς
2741 4715 2899 4785 σῶμα
2939 4713 3123 4778 σώζει,
3161 4714 3298 4768 ἀλλά
3322 4717 3414 4768 καὶ
3445 4715 3680 4786 quiava

2089 4806 2156 4860 ἵν’
2217 4809 2528 4878 ἐπιστραφῇ
2581 4806 2719 4879 πρὸς
2768 4807 2860 4860 τὸν
2910 4809 3234 4878 ποιήσαντα,
3287 4811 3551 4878 τιμωροίς
3585 4809 3685 4860 καὶ

2087 4900 2299 4973 ἀγρίοις
2342 4899 2517 4953 ἔθνεσι
2567 4899 2881 4971 παρέδωκεν
2909 4902 2988 4963 εἰς
3019 4899 3393 4971 ἐπανόρθωσιν
3414 4917 3427 4929 ο
3468 4901 3564 4953 καὶ
3590 4900 3682 4957 ἵνα

2090 4994 2300 5064 μετάγῃ
2350 4992 2442 5044 ἐπὶ
2487 4992 2548 5045 τὸ
2592 4995 2860 5063 κρεῖττον,
2919 4990 3021 5045 ποῦ
3065 4993 3162 5062 μὲν
3213 4990 3502 5063 παρεδίδου
3562 4994 3682 5056 τοῖς

2088 5086 2285 5149 ἔθνεσι,
2311 5084 2414 5138 ποῦ
2443 5085 2499 5138 δέ
2528 5085 2629 5155 τῆς
2656 5084 3034 5156 αἰχμαλωσίας
3064 5085 3233 5154 ἠφίει,
3274 5083 3368 5137 καὶ
3419 5083 3557 5154 πρὸς
3579 5083 3681 5154 τὴν

2089 5179 2359 5252 προτέραν
2408 5177 2665 5240 ἐπιεικῶς
2717 5179 2810 5231 καὶ
2865 5177 3259 5249 φιλανθρώπως
3291 5177 3384 5230 καὶ
3422 5176 3681 5246 μεγάλως

2088 5271 2358 5342 ἐπανῆγεν
2397 5271 2710 5326 εὐπάθειανο
2754 5271 2857 5341 ὁρᾷ
2893 5273 2922 5323 ὁ
2967 5270 3216 5338 θεολόγος
3271 5269 3550 5340 Ζαχαρίας
3581 5269 3680 5322 ἕνα

2087 5363 2195 5416 τῶν
2225 5363 2454 5434 πρώτων
2485 5359 2660 5434 (οἶμαι
2701 5362 2874 5430 λέγων
2913 5361 3002 5414 διὰ
3053 5362 3152 5432 τὴν
3205 5361 3314 5413 τῶν
3366 5360 3680 5431 λεγομένων

2089 5454 2394 5523 εὐλάϐειαν)
2429 5453 2651 5508 καὶτῶν
2687 5457 2817 5526 περὶ
2863 5454 2996 5508 Θεὸν
3039 5453 3284 5522 ἀγγέλων
3323 5451 3593 5523 (ἀγγέλων
3620 5453 3678 5506 δὲ

2088 5548 2230 5617 λέγω
2261 5548 2348 5602 διὰ
2377 5550 2474 5620 τὴν
2503 5550 2688 5619 κοινὴν
2716 5549 3051 5616 ἐπωνυμίαν,
3077 5548 3200 5600 ἐπεὶ
3224 5545 3398 5610 ἄλλως
3422 5546 3676 5618 ὕστερον,

2089 5642 2150 5694 οὐ
2183 5639 2398 5711 πρῶτον
2446 5639 2630 5710 τάγμα
2664 5641 2714 5692 οἱ
2752 5639 2992 5708 ἄγγελοι)
3034 5642 3166 5711 παρ’
3208 5638 3376 5692 αὐτοῦ
3409 5637 3504 5691 τοῦ
3535 5638 3676 5693 Θεοῦ

2095 5733 2332 5805 μαθόντα
2370 5735 2496 5799 τοὺς
2521 5733 2965 5806 παρακλητικοῦς
3017 5733 3234 5801 λόγους·
3271 5731 3459 5803 ἕτερον
3486 5729 3542 5784 δὲ
3561 5730 3680 5785 τῶν
