3908 6232
112 308 229 366 25ἴῖ

612 303 702 359 DE
738 297 1066 359 C(ELESTI
1105 290 1552 355 HIERABCHIA,
1589 286 1708 345 CA!

1813 281 1918 338 lIll.
1956 312 2024 322 —
2054 273 2403 335 ΡΑΒΔΡΗΗ.
2439 267 2916 328 ΡΑΟῘῘῩΜΕΒᾸΞ.

3287 257 3401 319 254

114 426 547 497 ὺπδϐεϐηκότων
579 421 845 491 ἀγγέλων,
875 419 1013 491 πρὸς
1037 417 1338 486 ὑπάντησιν
1363 412 1458 468 τοῦ
1495 412 1708 484 πρώτου

1821 416 1928 461 tem
1983 404 2193 475 primus
2234 403 2371 458 ordo
2424 397 2740 470 angelorum
2772 393 2890 464 sit),
2929 390 2997 444 ab
3021 389 3252 458 ipsomet
3285 387 3396 440 Deo

112 519 602 592 προπορευόμενον
649 513 811 584 (τάχα
865 513 964 582 μὲν
1014 507 1110 562 τοῦ
1156 508 1461 578 προφήτου,
1493 506 1636 575 τάχα
1661 503 1718 556 δὲ

112 611 226 683 πρὸ
250 611 353 665 τοῦ
377 611 473 664 τὸν
508 607 731 680 μείζονα
769 605 1000 674 ἄγγελον
1043 602 1217 655 ὲλθεῖν
1249 600 1386 671 πρὸς
1409 597 1592 659 αὑτὸν,
1614 595 1717 666 τῆς

112 705 438 777 προθέσεως
470 700 846 773 σημαινούσης
885 699 1077 770 χρόνον
1101 695 1245 766 τινὰ)
1274 695 1370 748 καὶ
1397 691 1718 746 ύπαντῶντα

292 795 567 866 ὑποδοχὴν
597 795 698 865 τῆς
748 793 1087 864 ὲλλάμψεως·
1131 787 1252 843 εἶτα
1286 788 1382 841 καὶ
1415 783 1717 856 μυούμενον

108 892 214 959 τὴν
236 888 393 941 θείαν
426 887 624 958 βουλὴν
672 886 804 956 παρ’
852 881 1040 947 αὐτοῦ,
1075 882 1151 945 ὡς
1177 878 1329 951 παρὰ
1374 876 1594 948 πρώτου
1644 875 1717 927 ἱε-

112 986 320 1056 ράρχου
346 981 444 1035 καὶ
479 978 914 1050 ὲπιτρεπὸμενον
938 978 1018 1039 είς
1065 973 1127 1026 τὸ
1172 972 1377 1044 μυῆσαι
1420 968 1512 1022 τὸν
1540 965 1719 1020 θεολό-

107 1101 229 1150 γον,
279 1083 366 1134 ὅτι
413 1079 774 1150 κατάκαρπος
835 1075 1296 1145 κατοικηθήσεται
1361 1066 1717 1140 Ἰερουσαλὴμ

109 1175 222 1228 ἀπὸ
241 1174 489 1244 πλήθους
538 1171 861 1242 ἀνθρώπων.
913 1168 1074 1236 Λέγει
1099 1165 1206 1236 γὰρ
1227 1166 1256 1217 6
1285 1159 1717 1222 θεοπτικιὶγτατος

107 1269 392 1339 Ζαχαρίας
416 1283 430 1297 ο
464 1265 575 1318 Kal
606 1264 725 1332 ἦρα
781 1262 922 1327 τοὺς
971 1259 1318 1329 ὀφθαλμούς
1339 1274 1479 1325 μου,
1510 1254 1608 1307 καὶ
1637 1253 1717 1306 ετ-

104 1359 237 1421 δον,
270 1357 372 1410 καὶ
406 1355 536 1409 ἰδοὺ
567 1353 743 1420 ἀνὴρ,
784 1352 855 1404 ἐν
907 1350 983 1419 τῇ
1021 1349 1170 1418 χειρὶ
1208 1346 1395 1401 αὐτοῦ
1439 1343 1716 1412 σχοινίον

105 1450 527 1521 τεωμετρικόν.
558 1447 668 1500 Kal
694 1447 834 1500 εἶπα
863 1443 1013 1512 πρὸς
1041 1441 1250 1505 αὑτὸν,
1281 1439 1405 1494 Ποῦ
1441 1439 1703 1507 πορεύῃ;

106 1542 206 1594 καὶ
226 1543 360 1595 εἷπε
387 1541 541 1609 πρός
565 1557 642 1609 με
661 1556 674 1568 '
719 1535 1114 1607 Διαμετρῆσαι
1134 1533 1250 1602 τὴν
1294 1531 1712 1600 Ἰερουσαλὴμ,

106 1635 214 1688 τοῦ
229 1633 384 1688 ἰδεῖν
405 1633 670 1700 πηλίκον
688 1629 754 1683 τὸ
779 1627 1009 1693 πλάτος
1028 1627 1221 1694 αὐτῆς
1244 1625 1398 1686 ἐστι,
1430 1623 1524 1677 καὶ
1545 1623 1717 1690 πηλί-

104 1747 217 1781 κον
242 1727 311 1781 τὸ
343 1725 568 1797 μῆκος.
604 1712 713 1777 Καὶ
755 1721 883 1775 ἰδοὺ
916 1721 1170 1789 ἅγγελος
1200 1721 1232 1772 ό
1263 1716 1472 1771 λαλῶν
1495 1716 1564 1769 ἐν
1583 1715 1710 1785 ἐμοὶ

105 1815 398 1880 εἱστήκει,
435 1814 534 1866 καὶ
562 1813 818 1882 ἅγγελος
832 1810 1030 1876 ἔτερος
1057 1808 1451 1875 ἐξεπορεύετο
1470 1808 1557 1871 εἰς
1572 1819 1714 1858 συν-

104 1906 369 1973 άντησιν
387 1904 599 1966 αὐτοῦ,
629 1904 727 1957 καὶ
745 1903 874 1957 εἷπε
891 1900 1042 1969 πρὸς
1058 1899 1245 1953 αὐτὸν
1266 1897 1480 1968 λέγων·
1497 1894 1708 1965 Δράμε,

103 2002 198 2054 καὶ
218 1997 511 2066 ,ιάλησον
529 1995 797 2064 πρὸς”τὸν
813 1994 1063 2048 νεανίαν
1077 1991 1333 2052 ἐκεῖνον,
1351 1990 1547 2060 λέγων
1565 2007 1578 2019 ·
1601 1992 1713 2042 Κα-

103 2090 413 2158 τὰλαιρπος
441 2088 938 2156 κατοικηθήσεται
976 2083 1375 2154 Ἰερουσαλὴμ
1397 2082 1515 2137 ἀπὸ
1552 2081 1710 2149 πλή-

104 2188 246 2250 θους
260 2181 619 2249 ἀνθρώπων.
643 2181 756 2232 Καὶ
768 2178 940 2232 ταῦτα
975 2179 1073 2249 μὲν
1093 2177 1163 2230 τὰ
1189 2176 1285 2231 τοῦ
1315 2177 1594 2246 προφήτου
1624 2178 1714 2246 ρη-

102 2277 171 2330 τὰ
185 2294 201 2306 ο
223 2277 286 2329 aii
305 2275 366 2327 δὲ
386 2275 512 2345 ὅρα,
537 2271 656 2336 πῶς
669 2271 815 2339 λέγει
829 2272 855 2322 6
872 2271 1162 2342 προφήτης
1184 2286 1196 2298 ·
1248 2266 1673 2334 Ἐξεπορεύετο
1693 2283 1705 2296 ο

102 2369 129 2419 6
191 2365 252 2421 δὲ
313 2365 462 2428 θεῖος
535 2359 688 2426 οὗτος
748 2364 920 2433 ἀνήρ’
1011 2360 1482 2428 Προεπορεύετο.
1567 2357 1709 2410 Ἴσθι

103 2457 185 2524 ἃ,
223 2459 307 2511 ὅτι
338 2459 370 2509 6
399 2456 577 2509 λαλῶν
597 2455 726 2518 τοὺς
756 2452 1210 2524 παρακλητικοὺς
1242 2452 1302 2504 ἐν
1331 2449 1411 2520 τῷ
1442 2449 1706 2519 Ζαχαρία,

101 2544 261 2612 ὦτός
292 2549 448 2600 ἐστιν
477 2547 506 2598 6
541 2547 604 2598 τὸ
624 2545 767 2598 θεῖον
808 2545 1029 2615 ἀμέσως
1054 2541 1241 2614 μαθὼν
1280 2541 1550 2611 βούλημα,
1579 2539 1712 2592 καθ-

106 2646 179 2702 ιῒς
265 2639 454 2708 λέγει·
505 2637 619 2691 Kal
669 2637 959 2704 ἀπεκρίθη
1014 2635 1230 2702 Κύριος
1291 2632 1711 2700 παντοκράτωρ

101 2734 182 2800 τῷ
214 2733 460 2802 ἀγγέλῳ
515 2731 594 2797 τῷ
635 2707 930 2785 λαλοῦντι
975 2726 1200 2796 ἐνέμοὶ
1247 2724 1480 2795 ῥήματα
1529 2727 1707 2788 καλὰ,

102 2826 202 2881 καὶ
273 2826 506 2894 λόγους
557 2819 1065 2889 παρακλητικοὺς,
1124 2813 1333 2880 οὗτινος
1390 2816 1706 2887 ἱσταμένου,

103 2916 520 2989 προεπορεύθη,
575 2915 745 2985 ἤγουν
809 2911 1143 2982 ὲξεπορεύθη
1202 2909 1420 2979 ἕτερος,
1481 2907 1619 2979 πρὸς
1649 2907 1708 2962 ὃν

100 3006 264 3063 εἶπεν
288 3010 502 3071 ἐκεῖνος
553 3009 581 3059 6
613 3004 818 3067 λαλῶν,
850 3002 1062 3073 Δράμε,
1099 3001 1193 3054 καὶ
1238 2995 1359 3052 εἷπε
1391 3000 1453 3052 τὸ
1479 2999 1575 3052 καὶ
1622 2999 1702 3052 τό.

1821 498 2122 553 discentem
2172 497 2342 550 verba
2410 487 2806 548 consolationis
2856 500 2872 550 ;
2922 483 3154 536 alterum
3211 491 3394 533 amem

1822 589 2151 644 inferiorum
2203 584 2529 656 angelorum
2569 579 2750 652 primo
2795 576 2883 631 isti
2936 574 3153 630 obviam
3194 587 3398 642 praece-

1820 683 2036 736 dentem
2064 678 2320 750 (forsitan
2370 676 2588 745 quidem
2627 669 2923 741 prophetae,
2958 667 3098 721 forte
3139 680 3269 720 vero
3299 679 3399 716 an-

1821 783 2039 843 tequam
2066 771 2239 838 major
2265 767 2492 836 angelus
2516 765 2580 818 ad
2619 765 2792 832 ipsum
2841 761 3104 824 venisset,
3137 758 3399 828 prmposi-

1819 865 1970 919 tione
1999 861 2258 916 nimirum
2289 859 2528 928 spatium
2558 854 2779 925 aliquod
2810 850 3133 921 denotante)
3157 861 3212 904 et
3239 851 3304 904 ad
3331 849 3400 904 il-

1817 958 2197 1012 lustrationem
2221 951 2541 1022 capiendam
2573 957 2950 1004 occurrentem
2975 962 2991 1012 ;
3020 944 3215 1000 deinde
3231 945 3396 998 etiam

1819 1048 1888 1101 ab
1922 1048 2040 1117 ipso
2074 1046 2314 1099 divinum
2370 1039 2682 1104 consilium,
2739 1046 2998 1106 tanquam
3044 1052 3073 1090 a
3115 1035 3398 1090 sacerdote

1819 1154 2060 1202 summo,
2091 1136 2426 1208 percepisse,
2479 1133 2803 1202 jussumque
2835 1129 3145 1198 theologum
3171 1127 3396 1190 docere,

1820 1233 2057 1286 futurum
2089 1238 2148 1282 ut
2187 1227 2445 1297 frugifera
2492 1223 2798 1278 Jerusalem
2830 1237 2861 1275 a
2890 1236 3084 1290 magna
3113 1220 3396 1274 hominum

1818 1322 2163 1378 multitudine
2215 1319 2503 1375 incolenda
2567 1317 2730 1371 foret.
2765 1315 2856 1368 Ait
2885 1315 3032 1368 enim
3061 1312 3154 1366 Dei
3183 1311 3398 1380 perspi-

1819 1415 2142 1470 cacissimus
2171 1411 2467 1467 Zacharias
2501 1427 2517 1464 :
2548 1409 2616 1463 Et
2642 1408 2807 1462 levavi
2847 1406 3026 1460 oculos
3057 1421 3219 1468 meos,
3246 1412 3293 1456 et
3318 1405 3397 1457 vi-

1816 1507 1874 1560 di
1905 1518 1994 1573 ;et
2016 1522 2134 1560 ecce
2177 1507 2280 1570 vir,
2312 1513 2361 1558 et
2406 1506 2461 1557 in
2513 1519 2674 1556 manu
2720 1501 2836 1570 ejus
2883 1496 3154 1568 funiculus
3185 1510 3395 1565 geome-

1817 1600 2001 1653 tricus.
2031 1597 2099 1650 Et
2127 1598 2242 1650 dixi
2268 1599 2336 1650 ad
2379 1612 2496 1650 eum
2522 1609 2540 1647 :
2569 1595 2684 1660 Quo
2724 1592 2868 1646 uadis
2896 1593 2988 1646 ?et
3014 1589 3150 1642 dixit
3179 1587 3246 1641 ad
3268 1603 3348 1640 me
3376 1600 3396 1640 .°

1820 1691 1889 1746 Ut
1926 1694 2117 1746 metiar
2161 1690 2479 1753 Jerusalem,
2505 1697 2555 1742 et
2601 1687 2803 1740 videam
2847 1695 3047 1754 quanta
3090 1683 3158 1735 sit
3207 1681 3396 1733 latitu-

1745 1763 1787 1817 Β
1818 1785 1886 1837 do
1915 1785 2052 1854 ejus,
2075 1793 2124 1837 et
2144 1793 2343 1853 quanta
2370 1779 2648 1850 longitudo
2679 1778 2816 1846 ejus.
2879 1774 2947 1828 Et
2993 1791 3110 1828 ecce
3156 1771 3395 1842 angelus,

1814 1881 1902 1948 qui
1947 1878 2260 1948 loquebatur
2280 1877 2335 1931 in
2362 1892 2461 1940 me,
2492 1874 2688 1936 stabat,
2739 1881 2787 1925 et
2811 1871 2951 1924 alius
2988 1867 3205 1938 angelus
3246 1880 3398 1933 egre-

1815 1970 2061 2023 diebatur
2109 1971 2164 2022 in
2211 1983 2491 2021 occursum
2523 1967 2591 2020 ei.
2643 1963 2711 2017 Et
2757 1963 2835 2015 ait
2867 1961 2936 2014 ad
2989 1975 3130 2023 eum,
3173 1957 3399 2010 dicens:

1815 2062 2002 2127 Curre,
2041 2071 2090 2116 et
2131 2062 2343 2130 loquere
2409 2060 2478 2113 ad
2524 2057 2902 2112 adolescentem
2958 2052 3138 2116 illum,
3176 2051 3398 2104 dicens:

1813 2151 2108 2222 Frug’fera
2133 2151 2461 2205 habitabitur
2475 2148 2780 2204 Jerusalem
2812 2163 2842 2200 a
2869 2143 3210 2198 multitudine
3237 2141 3401 2194 homi-

1814 2261 1938 2298 num
1962 2245 2009 2299 b.
2041 2245 2106 2297 Et
2129 2245 2243 2298 haec
2262 2243 2482 2312 quidem
2502 2241 2668 2295 verba
2696 2246 2820 2294 sunt
2839 2237 3120 2306 prophetae
3147 2252 3161 2300 ;
3196 2242 3249 2287 tu
3271 2246 3400 2286 vero

1814 2338 2096 2392 considera
2129 2334 2404 2405 quomodo
2425 2335 2573 2388 dicat
2613 2331 2879 2402 propheta
2919 2348 2932 2382 :
2975 2329 3237 2398 Egressus
3269 2335 3347 2378 est
3379 2339 3400 2388 ;

1812 2429 1921 2499 83
1955 2428 2041 2482 hic
2082 2437 2265 2482 autem
2301 2427 2382 2480 vir
2412 2425 2626 2480 divinus
2655 2443 2669 2479 :
2722 2421 3082 2477 Prtecedebat.
3117 2417 3267 2472 Scito
3299 2433 3401 2470 au-

1814 2531 1947 2582 tem,
1992 2519 2138 2590 quod
2189 2520 2281 2589 qui
2356 2518 2596 2587 loquitur
2655 2512 3062 2570 consolatorios
3117 2524 3401 2566 sermones

1822 2612 1876 2666 in
1904 2610 2193 2674 Zacharia,
2245 2611 2360 2677 ipse
2391 2609 2463 2664 sit
2515 2608 2605 2677 qui
2639 2606 2956 2661 immediate
3010 2603 3250 2657 divinam
3305 2616 3404 2654 vo-

1815 2703 2085 2757 luntatem
2115 2703 2335 2765 didicit,
2363 2699 2824 2770 quemadmodum
2859 2698 2936 2752 ait
2963 2713 2978 2751 :
3014 2694 3082 2749 Et
3131 2695 3400 2762 respondit

1812 2795 2075 2849 Dominus
2129 2795 2458 2861 omnipotens
2505 2796 2692 2859 angelo
2738 2789 2974 2860 loquenti
3033 2789 3090 2841 in
3142 2802 3223 2840 me
3246 2787 3402 2840 verba

1813 2887 1971 2950 bona,
2002 2897 2049 2939 et
2085 2901 2351 2941 sermones
2379 2882 2761 2937 consolatorios
2824 2891 2876 2944 ο,
2913 2895 3020 2948 quo
3049 2887 3227 2934 stante
3259 2894 3399 2948 prato

1817 2986 2007 3048 cessit,
2043 2986 2161 3040 sive
2191 2999 2447 3054 egressus
2499 2992 2584 3036 est
2613 2981 2772 3044 alius,
2821 2979 2886 3034 ad
2921 2994 3082 3048 quem
3141 2977 3281 3033 dixit
3311 2975 3402 3030 ille

102 3101 342 3169 'E‘rzpoc;
401 3097 458 3149 δὲ
515 3095 622 3148 τῶν
665 3094 961 3166 προφητῶν
1015 3096 1044 3147 6
1119 3091 1399 3163 Ἰεζεκιὴλ,
1447 3091 1541 3144 καὶ
1577 3091 1708 3159 παρ’

1815 3079 1907 3146 qui
1961 3076 2292 3147 loquebatur
2320 3095 2332 3130 :
2367 3075 2553 3137 Curre,
2587 3082 2640 3127 et
2669 3073 2755 3127 die
2799 3072 2904 3126 hoc
2926 3080 2983 3125 et
3011 3070 3136 3125 hoc.
3166 3068 3400 3135 Quidam

99 3191 281 3260 αὐτῆς
312 3190 416 3259 τῆς
450 3189 543 3240 ἐπὶ
580 3187 692 3240 τῶν
765 3185 1037 3258 χερουϐὶμ
1098 3183 1398 3254 Θεότητος,
1437 3181 1712 3250 πανιέρως

99 3280 539 3352 νομοθετηθῆναι
569 3279 630 3331 τὸ
661 3277 922 3339 τοιοῦτον,
966 3278 1133 3347 ἤγουν
1190 3275 1290 3347 τὴν
1324 3274 1585 3344 τοιαύτην
1615 3272 1712 3325 τά·-

101 3377 182 3442 ξιν
203 3392 220 3405 ο
261 3373 360 3427 τὸν
391 3373 502 3444 γὰρ
542 3370 779 3442 Ἰσραὴλ,
810 3369 887 3432 ὡς
920 3368 1159 3438 εἴρηται,
1193 3367 1282 3420 διὰ
1310 3367 1410 3436 τῆς
1440 3364 1713 3436 τιμωρίας

103 3464 516 3537 φιλανθρώπως
569 3465 664 3518 καὶ
715 3461 982 3531 πατρικὸν
1011 3461 1214 3532 τρόπον
1243 3459 1336 3511 ἐπὶ
1363 3458 1424 3510 τὸ
1464 3460 1711 3528 κρεῖττον

106 3560 450 3631 μετάγουσα,
473 3560 532 3610 ὲν
553 3555 868 3626 δικαιοσύνῃ
901 3553 1020 3624 Θεῷ
1072 3553 1357 3624 πρεπούσῃ
1394 3550 1712 3621 διαχωρίζε-

106 3647 230 3701 σθαι
287 3645 406 3700 τῶν
466 3645 785 3700 ὑπευθύνων
843 3645 970 3706 τοὺς
1021 3641 1348 3704 ἀνευθύνους
1401 3641 1706 3694 ἐδικαίωσε.

104 3739 274 3792 Τοῦτο
324 3741 550 3809 μυεῖται
624 3736 843 3809 πρῶτος
896 3734 1034 3806 μετὰ
1087 3733 1159 3787 τὰ
1215 3733 1499 3805 Χερουϐὶμ
1549 3735 1577 3786 ὁ
1610 3733 1709 3804 τὴν

106 3831 275 3900 ὀσφὺν
331 3829 630 3901 σαπφείρῳ
666 3826 1125 3898 περιεζωσμένος,
1167 3826 1227 3889 ὃς
1257 3826 1350 3878 τὸν
1403 3825 1609 3896 ποδήρη
1634 3825 1710 3888 ὡς

110 3924 374 3995 ιεράρῃς
395 3921 699 3974 ὲνδεδύκειο
734 3919 796 3972 τὸ
825 3919 932 3990 γὰρ
965 3919 1148 3990 σχῆμα
1185 3917 1480 3987 ἱερατικὸν,
1506 3917 1566 3969 οὑ
1598 3917 1708 3987 γὰρ

106 4021 171 4097 ἦν
204 4026 315 4078 τῶν
361 4023 733 4088 κολαζόντων,
792 4020 927 4075 ἀλλὰ
981 4018 1090 4072 τῶν
1147 4018 1530 4088 λυτρουμένων
1579 4018 1708 4083 τοὺς

114 4120 386 4191 σωτηρῖας
417 4118 622 4184 ἀξίους.
660 4116 799 4178 Τοὺς
830 4114 888 4167 δὲ
923 4113 1143 4174 λοιποὺς
1188 4111 1245 4178 ἓξ
1280 4101 1546 4180 ἀΫγὲλους
1579 4111 1706 4174 τοὺς

109 4209 536 4282 τιμωρητικοὺς,
596 4208 646 4260 οἳ
692 4207 819 4269 τοὺς
876 4207 1116 4270 πέλυκας
1160 4202 1326 4277 εἶχον,
1363 4208 1396 4276 ή
1425 4204 1579 4275 θεῖκὴ
1612 4221 1708 4256 τα-

110 4304 326 4375 ξιαρχίαι
376 4303 592 4357 κελεύει
650 4298 804 4370 παρὰ
851 4299 946 4352 τοῦ
1002 4299 1295 4371 φοροῦντος
1351 4297 1446 4350 τὸν
1493 4297 1705 4367 ποδήρη

112 4397 362 4466 μυεῖσθαι
396 4396 501 4464 τὴν
529 4391 623 4447 τοῦ
652 4393 788 4446 Θεοῦ
828 4391 1042 4462 κρίσιν’
1080 4390 1158 4460 τῷ
1191 4390 1288 4461 μὲν
1310 4388 1420 4460 γὰρ
1449 4387 1704 4460 φοροῦντι

1819 3171 1985 3223 etiam
2022 3169 2162 3223 alius
2185 3168 2452 3238 propheta
2485 3164 2763 3228 Ezechiel,
2797 3180 2826 3217 a
2862 3163 3074 3216 Deitate
3107 3162 3246 3230 ipsa,
3279 3175 3402 3230 qua:

1815 3261 2100 3316 cherubim
2160 3259 2502 3314 transcendit
2545 3257 2595 3321 ἀ,
2647 3265 2998 3311 sacrosancte
3059 3253 3188 3322 quid
3221 3251 3400 3307 simile

1815 3351 1933 3405 sive
1968 3351 2127 3404 talem
2161 3351 2414 3404 ordinem
2448 3348 2718 3402 sancitum
2752 3347 2864 3400 ait:
2893 3361 3015 3398 cum
3041 3346 3187 3399 enim
3213 3341 3397 3398 Israe-

1814 3441 2026 3497 liticum
2061 3443 2344 3512 pupulum,
2371 3450 2429 3494 ut
2457 3439 2661 3494 dictmn
2687 3447 2792 3502 est,
2847 3437 3137 3491 clementia
3172 3446 3400 3506 paterna

1812 3552 1912 3606 per
1942 3535 2282 3606 disciplinam
2349 3535 2417 3588 ad
2471 3533 2683 3602 frugem
2741 3533 3056 3585 traduceret
3095 3531 3398 3594 meliorem,

1812 3629 2070 3699 aequitate
2095 3627 2207 3683 Deo
2233 3628 2398 3696 digna
2431 3641 2552 3680 reos
2580 3626 2649 3678 ab
2698 3624 3007 3678 insontibus
3034 3623 3404 3678 secernendos

1814 3720 2048 3776 censuit.
2108 3717 2222 3771 Hoc
2271 3718 2481 3786 primus
2535 3724 2656 3784 post
2705 3713 2991 3769 cherubim
3053 3713 3283 3768 docetur
3309 3712 3401 3766 ille

1815 3807 1974 3874 cujus
2022 3822 2184 3862 renes
2209 3807 2468 3877 sapphiro
2506 3806 2788 3874 prmcincti
2848 3815 3027 3868 erant,
3064 3804 3265 3872 quique
3314 3811 3398 3856 ta-

1811 3901 1917 3953 lari
1950 3907 2388 3968 vestetanquam
2439 3897 2684 3967 pontifex
2740 3898 3122 3951 amiciebatur.
3171 3895 3400 3949 Habitus

1809 3992 1954 4045 enim
1982 3991 2069 4044 ille
2093 3990 2456 4046 sacerdotalis
2486 3988 2599 4055 est,
2628 4005 2732 4044 nec
2763 4000 2884 4043 erat
2911 3989 3273 4058 punientium,
3304 3987 3400 4041 sed

1809 4085 2156 4137 lihvrautium
2203 4099 2298 4137 eos
2349 4084 2440 4153 qui
2498 4084 2674 4138 salute
2731 4082 2876 4152 digni
2937 4091 3115 4136 erant.
3159 4082 3399 4134 Caeteros

1809 4177 2010 4230 deinde
2037 4192 2136 4231 sex
2169 4178 2392 4248 angelos
2425 4178 2712 4232 securibus
2755 4185 3004 4231 armatos
3032 4176 3186 4244 jubet
3214 4174 3398 4227 divina

1808 4272 2085 4325 ordinatio
2125 4273 2192 4326 ab
2230 4288 2297 4326 eo
2327 4271 2419 4340 qui
2445 4273 2702 4341 podercm
2735 4269 2962 4340 gerebat
2988 4268 3231 4322 divinum
3255 4267 3400 4335 judi-

1818 4368 1963 4420 cium
2011 4366 2227 4420 edoceri
2255 4384 2270 4421 :
2301 4365 2376 4418 illi
2433 4367 2579 4420 enim
2613 4364 2704 4434 qui
2736 4365 2990 4432 pnderem
3018 4363 3232 4416 ferebat
3257 4377 3397 4430 pra:-

107 4455 193 4535 τὸν
225 4455 466 4554 ποδήρη.
506 4481 631 4552 ἔφη,
693 4455 1263 4551 μέσηνδιελθεῖν-τίην
1324 4455 1703 4550 Ἰερουσαλὴμ,

1813 4457 2068 4527 cipiebat,
2100 4467 2159 4512 ut
2187 4473 2285 4528 per
2316 4458 2550 4511 mediam
2584 4455 2889 4512 Jerusalem
2923 4455 3199 4516 transiret,
3232 4461 3400 4521 atque

108 4577 196 4629 καὶ
216 4575 408 4630 δοῦναι
466 4576 690 4645 σημεῖον
756 4574 849 4626 ἐπὶ
890 4571 959 4624 τὰ
1009 4571 1118 4624 τῶν
1174 4570 1480 4625 ὰνευθύνων
1532 4570 1704 4640 πρόσ-

105 4685 225 4720 ωπα
257 4686 271 4696 ’
328 4669 446 4729 τοῖς
510 4665 687 4728 ἄλλοις
739 4664 797 4717 δὲ
866 4664 1047 4732 λέγει’
1117 4664 1454 4731 Πορεύεσθε
1511 4662 1706 4716 ὀπίσω

106 4759 312 4822 αὐτοῦ,
373 4757 474 4811 καὶ
527 4758 807 4820 κόπτετε,
867 4757 967 4809 καὶ
1021 4754 1108 4825 μὴ
1145 4755 1445 4824 φείδεσθε,
1498 4753 1597 4806 ἐπὶ
1635 4752 1705 4805 δὲ

105 4852 358 4917 πάντας,
391 4851 486 4918 ἐρ’
511 4849 696 4914 ὅσους
721 4848 854 4901 ἐστὶ
883 4847 946 4901 τὸ
977 4847 1254 4916 σημεῖον,
1280 4844 1366 4915 μὴ
1395 4845 1698 4915 ἐγιτίσητε.

107 4941 175 4994 Τὸ
207 4943 378 5010 γοῦνο
427 4940 766 5007 Πορεύεσθε
817 4939 1013 4992 ὀπίσω
1041 4937 1252 4999 αὑτοῦ,
1288 4936 1342 4988 τί
1370 4936 1500 4990 ἄλλο
1530 4936 1701 5006 δηλοῖ,

102 5031 134 5104 ἦ
165 5036 267 5100 ὅτι,
312 5035 516 5102 Ἔχετε
540 5031 731 5084 τοῦτον
761 5031 989 5103 ἔξαρχον
1028 5030 1136 5083 τῶν
1168 5029 1580 5101 πραττομένων,
1607 5029 1700 5082 τὸν

103 5130 273 5183 εἰδότα
306 5129 410 5182 καὶ
457 5127 520 5180 τὸ
548 5127 678 5197 ὲμὸν
732 5125 1018 5196 βούλημα;
1071 5126 1227 5194 Ἔχει
1277 5123 1333 5176 δὲ
1385 5122 1480 5176 καὶ
1513 5122 1580 5174 τὰ
1605 5120 1700 5174 τοῦ

103 5223 388 5302 πφφήτου
441 5219 585 5291 ῥητὰ
641 5218 734 5269 ἐπὶ
791 5216 991 5283 λέξεως
1040 5216 1214 5270 οὕτωο
1274 5215 1386 5270 Kal
1454 5213 1583 5267 ἰδοὺ
1630 5211 1701 5277 ἒξ

103 5311 316 5381 ἄνδρες
363 5310 629 5379 ἤρχοντο
676 5309 794 5365 ἀπὸ
850 5307 961 5377 τῆς
1019 5307 1164 5362 ὀδοῦ
1219 5306 1331 5375 τῆς
1365 5307 1566 5373 πύλης
1593 5304 1702 5371 τῆς

104 5402 379 5469 ὑψηλῆς,
422 5401 534 5468 τῆς
556 5402 918 5467 βλεπούσης
954 5398 1106 5466 πρὸς
1152 5396 1409 5467 βορρᾶν,
1438 5396 1535 5449 καὶ
1563 5394 1701 5448 ἑκά-

103 5507 245 5547 στου
277 5491 488 5556 πέλυξ
520 5491 591 5545 ἐν
622 5491 698 5560 τῇ
736 5489 888 5559 χειρὶ
932 5489 1140 5543 αὐτοῦ.
1175 5489 1286 5542 Kal
1333 5489 1420 5553 εἷς
1450 5486 1609 5554 ἀνὴρ
1632 5487 1701 5539 ἐν

109 5586 263 5649 ιιέσῳ
286 5583 517 5650 αὐτῶν,
579 5581 937 5652 ἐνδεδυκὼς-ι
963 5579 1219 5650 ποδήρη,
1263 5580 1364 5634 καὶ
1393 5575 1541 5644 ζώνη
1556 5592 1700 5646 σαμ-

113 5677 310 5745 gJe’pov
396 5675 499 5728 ἐπὶ
544 5675 656 5744 τῆς
713 5676 946 5744 ὀσφύος
989 5674 1198 5728 αὐτοῦ.
1242 5672 1355 5727 Kal
1417 5670 1699 5738 εἰσήλθο-

277 5771 306 5812 ιι
341 5766 512 5825 Zach.
569 5785 628 5837 ιι,
685 5769 735 5823 1.
818 5779 837 5807 ε
871 5766 1038 5824 Zach.
1086 5767 1245 5835 ι,15.
1324 5765 1351 5808 ἀ
1387 5765 1585 5822 Ezech.
1648 5783 1700 5821 ι.

1814 4553 2030 4619 signum
2067 4552 2223 4604 daret
2257 4551 2308 4604 in
2347 4549 2618 4604 frontibus
2675 4548 3052 4603 innocentium
3086 4565 3099 4600 :
3149 4544 3270 4598 aliis
3303 4560 3399 4598 au-

1815 4655 1919 4699 tem
1952 4645 2166 4700 dicebat
2203 4664 2218 4699 :
2256 4645 2413 4699 Exite
2462 4654 2576 4713 post
2602 4660 2746 4710 eum,
2771 4653 2818 4696 et
2851 4641 3128 4711 percutite,
3155 4649 3202 4692 et
3231 4638 3398 4692 nolite

1809 4755 2050 4810 parcere,
2082 4739 2151 4792 ad
2177 4755 2354 4792 omnes
2381 4749 2559 4790 autem
2593 4751 2747 4805 super
2792 4750 2922 4803 quos
2973 4742 3048 4785 est
3079 4733 3285 4801 signum
3333 4746 3396 4785 ne

1817 4834 2269 4903 apprOpinquetis.
2315 4831 2448 4884 Illud
2485 4831 2690 4898 itaque,
2742 4824 2900 4880 Exite
2934 4834 3053 4893 post
3097 4840 3234 4890 eum,
3267 4821 3397 4892 quid

1815 4929 1962 4981 aliud
2023 4926 2318 4997 significat,
2378 4938 2586 4992 quam:
2664 4921 2934 4976 llabetote
3001 4920 3148 4974 hunc
3203 4917 3394 4971 ducem

1808 5033 1991 5073 rerum
2017 5016 2383 5087 agendarum,
2414 5023 2472 5067 ut
2500 5013 2593 5082 qui
2643 5027 2821 5065 meam
2864 5023 3086 5080 quoque
3121 5005 3261 5060 sciat
3301 5019 3398 5058 vo—

1806 5111 2118 5166 luntatcm?
2163 5110 2342 5165 Verba
2378 5116 2559 5162 autem
2606 5109 2885 5177 prophetae
2927 5105 3006 5158 sic
3030 5100 3273 5156 habent:
3329 5096 3393 5151 Et

1805 5223 1920 5261 ecce
1950 5221 2043 5259 sea:
2072 5205 2171 5258 viri
2203 5203 2474 5256 ueniebant
2536 5203 2602 5255 de
2653 5203 2738 5254 via
2765 5208 2934 5269 porta:
2970 5197 3188 5250 excelsa:
3225 5193 3392 5263 respio

1808 5299 1996 5354 cientis
2025 5298 2094 5351 ad
2128 5295 2460 5368 aquilonem,
2495 5303 2540 5347 et
2581 5292 2996 5360 uniuscujusque
3028 5304 3116 5342 ras
3146 5283 3394 5338 extermi-

1807 5393 2035 5445 nationis
2082 5390 2143 5444 in
2194 5405 2356 5441 manu
2384 5387 2519 5457 ejus.
2550 5384 2616 5438 Et
2648 5385 2728 5438 vir
2749 5400 2883 5436 unus
2911 5384 2967 5434 in
2995 5378 3167 5433 medio
3209 5389 3389 5428 eorum

1804 5483 2021 5536 vestitas
2075 5489 2214 5535 veste
2248 5479 2433 5542 talari,
2471 5489 2519 5531 et
2572 5492 2706 5530 zona
2735 5472 2971 5543 sapphiri
3001 5483 3161 5538 super
3209 5464 3385 5520 lumbo

1803 5573 1940 5644 ejus.
1987 5572 2051 5625 Et
2077 5571 2301 5641 ingressi
2340 5579 2480 5630 sunt,
2511 5561 2561 5623 e't
2590 5574 2840 5621 steterunt
2870 5563 3194 5616 all/iterantes
3219 5552 3389 5608 altari

1806 5681 1992 5723 teneo:
2043 5676 2088 5721 et
2121 5664 2288 5736 gloria
2331 5663 2423 5720 Dei
2493 5662 2660 5718 lsrael
2714 5656 2947 5713 ascendit
3002 5653 3065 5705 de
3119 5646 3391 5704 cherubim
