3908 6232
528 301 636 359 255

1697 301 1757 362 S.
1812 303 2109 361 DlONYSlI
2146 303 2615 362 AREOPAGITA'}

3685 311 3789 368 256

530 426 784 479 exsistens
809 438 968 493 super
998 433 1173 488 eos,et
1199 424 1400 478 vocavit
1431 427 1598 478 virum
1624 427 1716 494 qui
1745 429 1963 481 indutus
1991 444 2079 482 era

2209 440 2332 477 σαν
2389 423 2487 476 καὶ
2546 425 2821 492 ἔστησαν
2865 424 3144 496 ἐχόμενοι
3201 428 3309 482 τοῦ
3362 427 3790 493 θυσιαστηρίου

528 527 666 570 veste
690 514 874 581 talari,
901 516 992 585 qui
1021 517 1202 568 habuit
1227 533 1386 586 super
1408 517 1586 570 lumbo
1618 519 1733 588 ejus
1771 536 1957 574 zonam
1985 538 2109 587 sap-

527 611 686 678 phiri,
711 619 760 664 et
789 609 924 663 dixit
960 609 1215 664 Dominus
1250 611 1320 664 ad
1352 627 1468 664 eum
1495 627 1513 665 :
1557 610 1746 665 Transi
1765 615 1987 670 mediam
2013 615 2107 670 Je-

529 701 779 766 rusalem,
813 711 860 755 et
912 704 982 754 da
1015 703 1224 770 signum
1269 719 1426 772 super
1478 703 1678 773 frontes
1727 707 1960 761 virorum
2011 726 2104 780 ge-

525 795 777 847 mentium
827 803 877 848 et
916 793 1208 848 dolentium
1266 812 1424 863 super
1474 801 1682 852 cunctis
1730 799 2104 869 iniquitatibus

523 902 641 956 qua!
669 886 804 953 ﬁunt
848 888 904 939 in
957 888 1129 941 medio
1175 888 1311 957 ejus.
1370 886 1440 942 Et
1482 889 1590 945 illis
1628 892 1786 955 dixit,
1855 895 2104 949 audiente

521 987 645 1026 me:
678 973 758 1028 Ite
783 976 835 1028 in
857 977 1118 1030 civitatem
1158 990 1275 1046 post
1325 996 1465 1046 eum,
1505 993 1553 1034 et
1598 985 1884 1050 percutite,
1921 995 1971 1040 et
1997 1002 2102 1040 non

519 1067 753 1133 parcatis
777 1067 942 1122 oculis
993 1071 1196 1135 vestris,
1247 1081 1296 1124 et
1324 1088 1426 1128 non
1461 1072 1574 1146 84
1601 1078 1990 1144 ntisereamini;
2014 1096 2101 1133 se-

519 1173 635 1211 nem
672 1167 720 1212 et
744 1158 1017 1225 juvenem,
1062 1171 1109 1214 et
1141 1162 1398 1233 virginem
1441 1177 1487 1219 et
1514 1168 1764 1234 parvulos
1785 1210 1799 1236 ,
1831 1180 1882 1224 et
1908 1172 2097 1226 mulie-

516 1264 628 1302 rem
654 1251 934 1319 interﬁcite
964 1253 1033 1306 ad
1063 1254 1400 1320 deletionem,
1423 1274 1579 1325 super
1601 1271 1777 1316 autem
1806 1279 1982 1318 omnes
2007 1282 2098 1319 su-

514 1359 609 1410 per
633 1359 764 1414 quos
786 1357 860 1399 est
901 1348 1112 1417 signum
1167 1366 1229 1404 ne
1263 1355 1693 1424 appropinquetis
1728 1365 1774 1408 ο.
1826 1357 1967 1424 Quid
1997 1372 2097 1412 au-

518 1441 627 1487 tem
675 1437 799 1503 quis
823 1437 973 1492 dicat
1001 1441 1068 1494 de
1099 1439 1192 1494 illo
1246 1443 1469 1512 angelo,
1515 1446 1606 1514 qui
1644 1447 1850 1502 Danieli
1885 1453 1964 1503 ait
1994 1449 2096 1504 hoc

511 1535 568 1578 et
594 1524 738 1581 hoc?
765 1538 1021 1584 narratur
1051 1533 1199 1587 enim
1227 1533 1280 1588 in
1310 1535 1526 1591 decima
1559 1538 1776 1594 visione
1812 1538 2050 1595 Danielis
2077 1560 2093 1597 ιι

513 1613 584 1668 Et
614 1634 731 1673 ecce
759 1619 838 1674 vir
871 1620 1108 1688 Gabriel,
1139 1641 1294 1695 quem
1318 1627 1430 1682 vidi
1477 1630 1533 1683 in
1564 1632 1765 1687 visione
1795 1634 1849 1686 in
1883 1637 2094 1699 princi-

509 1715 620 1782 pio,
654 1715 854 1783 volans,
886 1728 937 1773 et
967 1720 1131 1790 tetigit
1162 1737 1244 1776 me
1272 1725 1425 1793 quasi
1450 1725 1582 1780 hora
1611 1730 1865 1798 sacriﬁcii
1886 1748 2092 1800 vesper-

2212 514 2320 567 τοῦ
2384 515 2644 582 χαλκοῦ·
2704 515 2802 568 καὶ
2851 515 3003 580 δόξα
3047 517 3155 572 τοῦ
3217 517 3366 571 Θεοῦ
3399 517 3506 570 τοῦ
3545 515 3789 584 Ἰσραὴλ

2209 603 2392 671 ἀνέϐη
2430 604 2547 658 ἀπὸ
2601 605 2708 659 τοῦ
2762 607 3044 675 χερουϐὶμ
3070 609 3110 675 ἡ
3149 606 3307 660 οὖσα
3334 607 3424 660 ἐπ’
3451 607 3660 669 αὐτοῦ,
3694 607 3789 660 καί

2208 691 2466 747 ἐκάλεσε
2508 694 2615 747 τὸν
2642 694 2833 762 ἀνδρα
2860 696 2966 749 τὸν
3001 696 3365 751 ἐνδεδυκότα
3404 698 3510 751 τὸν
3532 697 3786 765 ποδήρη,

2207 786 2277 852 ὃς
2317 788 2482 854 εἶχεν
2510 784 2612 840 ἐπὶ
2663 785 2775 854 τῆς
2811 787 3044 854 ὀσφύος
3087 786 3201 855 τὴν
3250 787 3471 856 ζώνηνο
3518 789 3618 840 καὶ
3660 790 3785 842 εἷπε

2205 881 2420 948 Κύριος
2446 877 2595 947 πρὸς
2627 878 2844 932 αὐτόν·
2868 878 3072 932 Δίελθε
3101 879 3301 949 μέσην
3338 879 3452 947 τὴν
3491 879 3789 948 Ἰερουσα-

2203 970 2350 1040 λὴμ,
2398 969 2497 1023 καὶ
2555 968 2660 1036 δὸς
2710 967 2775 1022 τὸ
2831 969 3086 1039 σημεῖον
3135 971 3236 1025 ἐπὶ
3286 972 3357 1025 τὰ
3399 972 3647 1040 μέτωπα
3669 971 3788 1025 τῶν

2203 1063 2443 1132 ἀνδρῶν
2506 1060 2627 1115 τῶν
2673 1061 3250 1127 καταστεναζόντων,
3318 1063 3416 1116 καὶ
3461 1062 3580 1117 τῶν
3643 1079 3787 1118 κατ.

2201 1155 2596 1224 οδυνωμένων
2626 1152 2728 1207 ἐπὶ
2766 1153 2990 1220 πάσαις
3019 1154 3146 1222 ταῖς
3167 1157 3442 1225 ἀνομίαις
3473 1157 3598 1223 ταῖς
3625 1173 3788 1226 γινο-

2193 1244 2406 1314 μέναις
2435 1245 2506 1297 ἐν
2520 1244 2690 1314 μέσῳ
2710 1242 2920 1310 αὐτῆς.
2942 1244 3054 1296 Καὶ
3079 1246 3312 1310 τούτοις
3340 1246 3508 1299 εἶπεν
3531 1248 3787 1300 ἀκούον-

2200 1337 2301 1402 τός
2319 1354 2473 1407 μου·
2526 1337 2866 1402 Πορεύεσθε
2919 1337 3008 1401 εὶς
3059 1336 3175 1404 τὴν
3221 1339 3402 1394 πόλιν
3454 1339 3648 1392 όπίσω
3679 1341 3787 1393 αὺ-

2197 1427 2325 1490 τοῦ,
2356 1427 2454 1480 καὶ
2506 1427 2776 1489 κόπτετε,
2817 1425 2914 1486 καὶ
2946 1426 3032 1495 μὴ
3075 1427 3352 1496 φείδεσθε
3395 1429 3518 1495 τοῖς
3561 1432 3786 1498 ὀφθαλ-

2189 1519 2330 1587 μοῖς
2358 1518 2544 1588 ὑμῶν,
2579 1518 2677 1572 καὶ
2711 1519 2797 1588 μὴ
2855 1518 3151 1587 ἐλεήσητε
3173 1537 3186 1550 ·
3231 1523 3655 1590 πρεσϐύτερον,
3687 1524 3785 1576 καὶ

2195 1615 2541 1677 νεανίσκον,
2569 1612 2668 1666 καὶ
2687 1612 3010 1680 παρθένον,
3032 1614 3132 1667 καὶ
3163 1614 3370 1680 νήπια,
3399 1615 3498 1668 καὶ
3525 1615 3785 1685 γυναῖκα

2194 1705 2584 1758 ἀποκτείνατε
2635 1708 2722 1772 είς
2769 1705 3107 1775 ἐξάλειψιν,
3158 1707 3258 1760 ἐπὶ
3310 1706 3379 1760 δὲ
3428 1707 3662 1775 πάντας
3687 1711 3781 1780 ἐφ’

509 1772 520 1782 .
608 1772 619 1778 .
844 1772 854 1783 ,
996 1772 1005 1773 κ
1045 1772 1125 1790 ,η
1275 1772 1422 1793 τμη--
1450 1772 1581 1780 .-μη
1611 1772 1862 1798 -..-..,....
1887 1772 2079 1800 ,πνυ-

509 1808 631 1873 tini,
661 1824 709 1866 et
737 1817 961 1872 erudivit
992 1836 1094 1885 me,
1120 1830 1171 1874 et
1212 1822 1420 1879 locutus
1445 1834 1523 1879 est
1553 1843 1778 1894 mecum,
1836 1839 1886 1884 et
1925 1831 2079 1897 dixit,

2193 1794 2301 1860 οῦς
2351 1795 2481 1848 ἐστι
2530 1794 2595 1847 τὸ
2655 1793 2931 1863 σημεῖον,
2984 1772 3071 1864 μὴ
3133 1797 3432 1866 ἐγγίσητε.
3483 1798 3548 1850 Τί
3588 1772 3656 1897 ἄν

507 1899 701 1958 Daniel
737 1923 876 1961 nunc
903 1925 1144 1980 egressus
1193 1930 1310 1968 sum
1347 1926 1404 1970 ut
1450 1921 1738 1986 prtrberem
1788 1921 2090 1993 intelligen.

509 1997 660 2053 tiam.
722 1999 789 2054 In
833 2004 1095 2075 principio
1145 2009 1537 2080 deprecationis
1588 2023 1697 2069 tua:
1741 2033 1982 2085 egressus
2012 2029 2087 2074 est

506 2107 703 2157 sermo,
749 2104 797 2148 et
847 2113 941 2166 ego
981 2100 1097 2153 veni
1149 2111 1206 2154 ut
1257 2109 1631 2162 annuntiarem
1691 2111 1807 2175 tibi,
1834 2114 1962 2179 quia
2008 2116 2088 2168 vir

507 2184 897 2243 desideriorum
927 2207 984 2244 es
1013 2203 1071 2246 tu
1106 2192 1150 2247 ί.
1186 2193 1280 2248 Vel
1301 2197 1524 2263 iterum,
1556 2202 1686 2270 quid
1710 2203 1857 2258 dicat
1888 2205 2087 2275 aliquis

505 2276 574 2330 de
610 2276 700 2331 illo
728 2282 818 2348 qui
849 2282 1025 2351 ignem
1059 2287 1288 2356 accepit,
1317 2298 1374 2342 ut
1400 2288 1452 2342 in
1479 2290 1767 2348 Ezechiele
1805 2299 2088 2353 narratur?

505 2369 585 2423 ait
609 2371 754 2425 enim
792 2394 803 2428 :
839 2372 904 2427 Et
936 2377 1135 2446 factum
1188 2390 1286 2448 est,
1317 2398 1435 2435 cum
1472 2388 1801 2454 praecepisset
1838 2389 1948 2458 ipse
1972 2390 2084 2445 viro

505 2459 598 2526 qui
621 2459 843 2518 indutus
893 2477 1006 2520 erat
1066 2469 1202 2524 stola
1226 2482 1409 2526 sancta
1456 2474 1638 2530 dicens
1669 2493 1688 2530 :
1719 2479 1885 2533 Sume
1909 2482 2084 2550 ignent

503 2551 571 2606 de
597 2555 771 2608 medio
801 2567 1062 2628 rotarum,
1103 2564 1168 2617 de
1192 2567 1362 2621 medio
1412 2569 1684 2624 cherubim
1706 2587 1725 2625 :
1763 2583 1810 2625 et
1841 2575 2082 2642 intravit,

500 2653 553 2697 et
579 2648 724 2700 stetit
751 2647 1028 2708 adhaerens
1066 2657 1214 2724 rotis,
1269 2669 1318 2712 et
1375 2666 1611 2718 extendit
1643 2666 1833 2720 cherub
1867 2684 2082 2722 manum

498 2753 654 2790 suam
676 2741 728 2793 in
754 2743 981 2798 medium
1004 2747 1141 2815 ignis
1163 2752 1466 2808 exsistentis
1506 2756 1561 2810 in
1588 2758 1759 2811 medio
1790 2758 2080 2828 cherubim,

497 2839 551 2882 et
576 2833 780 2894 accepit
833 2845 880 2889 et
943 2837 1091 2892 dedit
1136 2841 1191 2894 in
1226 2859 1412 2898 manus
1437 2847 1550 2914 ejus
1599 2849 1689 2917 qui
1717 2849 1936 2905 indutus
1964 2860 2081 2905 erat

496 2923 696 2977 stolam
750 2937 1015 2994 sanctam,
1052 2938 1103 2983 et
1150 2936 1348 3002 accepit
1386 2948 1434 2990 et
1480 2955 1716 3008 egressus
1751 2952 1829 2995 est
1864 2944 1909 2996 ε.
1965 2943 2081 3001 Hoc

497 3025 728 3072 sanctus
761 3018 850 3073 hic
881 3021 959 3074 ait
999 3022 1208 3080 ordinis
1263 3028 1496 3096 angelici
1527 3032 1797 3087 rationem
1830 3032 2078 3091 luculen-

497 3108 608 3163 tius
647 3111 998 3178 conﬁrmare,
1027 3120 1170 3184 quod
1203 3119 1392 3176 induto
1417 3121 1614 3178 stolam
1641 3135 1972 3198 praeceptum
2005 3129 2078 3186 sit
2104 3115 2148 3177 C-

496 3199 680 3270 ignem
715 3204 984 3274 accipere,
1031 3209 1270 3280 dumque
1324 3213 1429 3269 iret
1467 3216 1729 3286 utignem
1773 3221 2071 3291 acciperet,

495 3296 787 3362 quemdam
817 3295 1103 3356 cherubim
1153 3305 1204 3359 ei
1247 3307 1612 3376 ministrasse,
1661 3312 1951 3385 ignemque
1983 3333 2075 3374 ac-

495 3394 710 3455 ceptum
737 3387 789 3443 in
823 3407 1016 3448 manus
1045 3394 1146 3462 ipsi
1175 3398 1491 3454 tradidisse.
1541 3403 1799 3474 Rursum,
1825 3410 1955 3477 quid
1987 3411 2075 3465 di-

493 3485 585 3532 cat
610 3479 733 3547 quis
759 3480 827 3536 de
853 3497 918 3537 eo
944 3487 1036 3554 qui
1065 3489 1281 3544 vocavit
1311 3491 1718 3551 divinissimum
1736 3498 2070 3571 Gabrielem,

495 3570 718 3627 siculin
745 3589 888 3628 nona
914 3579 1128 3634 visione
1166 3581 1410 3640 Danielis
1453 3593 1954 3648 commemoratur?
2003 3595 2072 3649 Et

492 3662 698 3730 factum
743 3679 845 3734 est,
883 3687 1000 3724 cum
1042 3674 1269 3729 viderem
1315 3694 1411 3748 ego
1467 3679 1657 3736 Daniel
1701 3685 1994 3754 visionem,
2021 3700 2072 3746 et

489 3772 780 3825 quaererem
811 3763 1238 3835 intelligentiam,
1265 3779 1317 3823 et
1341 3789 1456 3826 ecce
1503 3777 1648 3830 stetit
1693 3779 1754 3832 in
1791 3795 2069 3850 conspectu

488 3865 605 3904 meo
639 3856 794 3922 quasi
822 3858 954 3910 visio
985 3861 1102 3921 viri,
1131 3873 1178 3915 et
1206 3864 1385 3918 audivi
1419 3884 1590 3921 vocem
1616 3870 1711 3923 viri
1738 3874 1876 3926 inter
1903 3873 1947 3928 U
1955 3875 2068 3931 bal:

486 3951 537 3995 et
561 3946 784 4008 vocavit,
820 3959 868 4002 et
895 3951 1073 4004 dixit:
1104 3952 1340 4015 Gabriel.
1377 3959 1467 4028 [ac
1500 3962 1790 4034 intelligere
1813 3966 1964 4022 illum
1985 3971 2066 4024 vi-

490 4033 726 4101 sionem;
749 4049 798 4092 et
828 4042 990 4105 venit,
1021 4054 1069 4098 et
1099 4049 1242 4100 stetit
1277 4049 1437 4116 juxta
1480 4033 1756 4111 stationem
1788 4075 1996 4127 meam;
2017 4073 2066 4116 et

486 4140 607 4177 cum
637 4129 832 4182 veniret
882 4132 994 4200 ipse
1045 4136 1286 4192 turbatus
1327 4157 1466 4210 sum,
1522 4155 1573 4198 et
1614 4150 1746 4202 cado
1793 4152 1845 4204 in
1875 4153 2065 4222 faciem

485 4233 680 4284 meam,
736 4231 785 4274 et
831 4222 968 4277 dixit
1019 4228 1090 4279 ad
1119 4244 1244 4284 me:
1302 4229 1570 4306 Intellige,
1609 4239 1691 4308 ﬁli
1742 4242 1970 4300 hominis
2010 4247 2062 4302 ιι.

483 4311 623 4380 Quid
655 4317 823 4371 vero?
869 4318 1018 4374 dicat
1082 4323 1204 4391 quis
1233 4340 1249 4378 :
1297 4329 1460 4384 etiam
1519 4345 1739 4400 caetera,
1769 4351 1887 4405 quae
1917 4356 1946 4394 a
1975 4355 2065 4396 sa-

482 4405 593 4458 cris
630 4409 912 4478 prophetis
955 4411 1101 4468 dicta
1155 4426 1281 4471 sunt
1327 4421 1394 4474 de

482 4495 721 4562 lestium,
755 4501 844 4555 cui
898 4518 1056 4560 sacer
1106 4507 1193 4563 hic
1245 4511 1380 4565 ordo
1435 4525 1623 4571 noster
1653 4519 2054 4592 hierarchicus,

482 4591 660 4657 quoad
701 4592 818 4648 lieri
873 4605 1073 4665 potest,
1126 4603 1511 4660 assimilatur:
1569 4608 1836 4678 siquidem
1891 4591 2055 4686 supeQ

482 4679 649 4734 rioris
678 4681 822 4739 illius
849 4689 1096 4758 mysticae
1154 4693 1482 4751 hierarchize
1536 4699 1772 4757 imitatio
1803 4709 2054 4774 qlmdam

481 4779 612 4823 sunt
646 4786 767 4839 qua:
795 4774 850 4828 in
882 4777 1127 4836 Ecclesia
1173 4786 1552 4854 perﬁciuntur,
1607 4803 1659 4846 el
1695 4795 1811 4850 haec
1838 4797 2056 4855 decoris

480 4873 669 4914 eorum
702 4866 948 4932 quaedam
973 4884 1102 4927 sunt
1135 4875 1397 4946 imagines
1425 4897 1441 4944 ;
1493 4882 1764 4952 siquidem
1801 4889 1919 4943 haec
1955 4907 2054 4947 no-

482 4961 592 5006 stra
627 4956 935 5014 hierarchia
965 4977 1063 5032 per
1117 4965 1263 5023 illam
1313 4971 1630 5029 eﬂ‘ormatur
1675 4987 1731 5033 et
1763 4979 1828 5033 ad
1881 4982 2051 5039 Deum

482 5047 794 5117 adducitur,
829 5055 923 5123 qui
984 5065 1418 5128 supernaturalis
1474 5069 1682 5125 ordinis
1713 5074 2055 5144 principatus

478 5153 565 5198 est
598 5147 778 5203 omnis
813 5149 1156 5221 hierarchiae,
1180 5173 1512 5230 oumemque
1556 5179 1777 5222 sacrum
1804 5169 2053 5226 ordinem

478 5235 736 5294 instituit.

2192 1885 2336 1938 εἴποι
2371 1887 2498 1956 περὶ
2530 1886 2624 1939 τοῦ
2649 1887 2883 1956 ἀγγέλου
2913 1889 3185 1958 φήσαντος
3228 1889 3308 1958 τῷ
3360 1890 3556 1960 Δανιὴλ
3593 1890 3659 1943 τὸ
3687 1890 3784 1945 καὶ

2191 1976 2289 2038 τό;
2345 1977 2570 2047 Φέρεται
2605 1976 2714 2048 γὰρ
2766 1978 2827 2029 ὲν
2861 1979 2926 2046 τῇ
2961 1976 3161 2050 δεκάτῃ
3187 1977 3374 2048 ὁράσει
3421 1977 3516 2030 τοῦ
3542 1979 3779 2050 Δανιήλ·

2189 2067 2303 2121 Kal
2334 2067 2460 2120 ὶδσὺ
2491 2070 2523 2120 ό
2547 2068 2702 2136 ἀνὴρ
2734 2067 3027 2134 Γαϐριὴλ,
3063 2067 3136 2120 ὃν
3163 2067 3326 2121 εἶδον
3352 2069 3422 2121 ἐν
3464 2068 3540 2136 τῇ
3569 2068 3782 2137 όράσει

2189 2159 2260 2211 ἐν
2313 2157 2389 2228 τῇ
2437 2159 2618 2228 ἀρχῇ,
2671 2162 3016 2229 πετόμενος,
3070 2160 3168 2214 καὶ
3216 2161 3417 2229 ἣψατό
3463 2180 3583 2230 μου
3630 2163 3781 2215 ὡσεὶ

2188 2249 2348 2318 ὤραν
2403 2253 2620 2316 θυσίας
2665 2250 3011 2319 έσπερινῆς,
3043 2252 3141 2306 καὶ
3185 2253 3504 2308 ἑσυνέτισέ
3547 2271 3646 2321 με,
3678 2255 3781 2306 καὶ

2187 2342 2457 2410 ἐλάλησε
2477 2344 2605 2412 μετ’
2625 2344 2792 2413 ἐμοῦ,
2819 2343 2917 2396 καὶ
2971 2344 3128 2397 εἴπεο
3163 2345 3420 2411 Δανιὴλ,
3445 2345 3562 2398 νῦν
3585 2345 3775 2413 ἐξῆλ-

2188 2438 2295 2488 θον
2318 2435 2680 2503 συμϐιϐάσαι
2709 2437 2985 2491 σύνεσιν.
3033 2438 3134 2490 Ἐν
3162 2435 3322 2506 ἀρχῇ
3366 2437 3476 2505 τῆς
3506 2437 3780 2505 δεήσεώς

2187 2543 2304 2580 σου
2369 2525 2630 2595 ἐξῆλθεν
2681 2530 2714 2581 ό
2769 2530 2991 2598 λόγος,
3063 2529 3162 2582 καί
3219 2528 3336 2599 ἐγὼ
3407 2529 3600 2599 ἦλθον
3665 2530 3778 2585 τοῦ

2185 2620 2533 2688 ἀναγγεῖλαί
2564 2637 2682 2683 σοι,
2747 2619 2836 2673 ὅτι
2895 2619 3053 2688 ἀνὴρ
3086 2620 3410 2689 ἐπιθυμιῶν
3452 2623 3509 2676 εἴ
3554 2623 3662 2676 σύ.
3702 2623 3777 2677 Ἦ

2186 2712 2369 2775 πάλιν,
2403 2711 2457 2764 τί
2490 2711 2638 2780 λέγοι
2671 2712 2736 2766 ἄν
2761 2729 2847 2776 τις
2882 2714 3010 2783 περὶ
3042 2711 3136 2766 τοῦ
3170 2713 3232 2765 τὸ
3260 2713 3371 2784 πῦρ
3397 2713 3774 2784 ἀνειληφότας,

2186 2802 2370 2865 καθὼς
2420 2805 2478 2856 ὲν
2531 2803 2610 2874 τῷ
2666 2804 2926 2875 Ίεζεκιὴλ
2980 2805 3234 2876 φέρεται;
3284 2805 3429 2874 λέγει
3462 2806 3598 2875 γάρ·
3659 2804 3777 2859 Καὶ

2181 2891 2419 2962 ἐγένετο
2471 2893 2659 2946 αὑτὸν
2687 2893 2757 2946 έν
2805 2892 2886 2958 τῷ
2940 2893 3332 2948 ἐντέλλεσθαι
3359 2893 3438 2959 τῷ
3483 2893 3662 2962 ἀνδρὶ
3692 2895 3778 2961 τῷ

2180 2982 2526 3037 ἐνδεδυκότι
2552 2983 2667 3052 τὴν
2718 2984 2954 3052 στολὴν
3006 2985 3120 3051 τὴν
3147 2987 3326 3054 ἁγίαν
3350 2985 3574 3055 λέγων’
3609 2986 3775 3042 Λάϐε

2181 3073 2301 3142 πῦρ
2355 3074 2424 3127 ἐκ
2471 3074 2668 3144 μέσου
2722 3075 2841 3127 τῶν
2883 3075 3133 3144 τροχῶν,
3191 3075 3290 3129 καὶ
3333 3076 3402 3129 ἐκ
3423 3075 3620 3145 μέσου
3651 3077 3774 3130 τῶν

2187 3167 2503 3238 χερουϐίμ·
2563 3165 2664 3220 καὶ
2689 3165 2958 3234 εἰσῆλθε,
3012 3168 3111 3222 καί
3153 3168 3302 3236 ἕστη
3333 3169 3618 3238 ἐχόμενος
3649 3168 3774 3222 τῶν

2178 3260 2436 3328 τροχῶνο
2486 3260 2586 3314 καί
2613 3259 2910 3326 ἐξέτεινεν
2938 3264 2972 3315 ό
3011 3261 3230 3330 χεροὺϐ
3268 3261 3384 3330 τὴν
3439 3261 3610 3330 χεῖρα
3655 3265 3770 3316 αὐ-

2177 3353 2286 3407 τοῦ
2331 3355 2420 3419 είς
2440 3352 2639 3423 μέσον
2670 3354 2777 3408 τοῦ
2810 3353 3000 3423 πυρὸς
3027 3353 3132 3408 τοῦ
3167 3353 3340 3419 ὄντος
3360 3354 3429 3407 ἐν
3448 3353 3620 3422 μέσῳ
3649 3354 3772 3407 τῶν

2182 3442 2490 3513 χερουόὶμ,
2546 3444 2646 3498 καὶ
2672 3445 2871 3509 ἔλαϐε,
2904 3447 3002 3500 καὶ
3041 3447 3266 3500 ἔδωκεν
3307 3449 3395 3513 εὶς
3423 3447 3530 3512 τὰς
3559 3444 3772 3514 χεῖρας

2173 3536 2280 3589 τοῦ
2331 3535 2725 3602 ἐνδεδυκότος
2774 3537 2891 3605 τὴν
2936 3537 3172 3606 στολὴν
3224 3538 3338 3606 τὴν
3381 3538 3601 3606 ἁγίαν,
3664 3538 3771 3592 καὶ

2172 3627 2370 3689 ἔλαϐε,
2402 3627 2500 3680 καὶ
2529 3625 2771 3695 ἐξῆλθε.
2829 3627 2998 3681 Τοῦτο
3029 3629 3176 3698 λέγει
3233 3629 3327 3684 καὶ
3374 3629 3768 3700 περισσότερον

2172 3719 2253 3781 εἰς
2278 3716 2534 3782 εὐταξίας
2565 3717 2724 3787 λόγον
2768 3721 2797 3772 ὁ
2829 3719 3005 3788 ἅγιος,
3054 3721 3136 3774 ὅτι
3186 3720 3484 3773 ἐνετείλατο
3513 3719 3594 3790 τῷ
3616 3719 3772 3772 ἐνδε-

2170 3806 2356 3860 δυκὸτι
2389 3809 2488 3876 τὴν
2517 3808 2730 3879 στολὴν,
2765 3808 2950 3863 λαϐεῖν
2972 3811 3034 3863 τὸ
3058 3811 3169 3882 πῦρ
3195 3827 3207 3840 ·
3246 3813 3338 3864 καὶ
3382 3813 3439 3863 ἐν
3471 3810 3549 3880 τῷ
3581 3810 3769 3864 ἐλθεῖν

2169 3899 2332 3952 αὐτὸν
2363 3898 2550 3953 λαϐεῖν
2575 3899 2637 3951 τὸ
2671 3897 2804 3971 πῦρ,
2839 3900 2898 3953 ἓν
2944 3901 3052 3955 τῶν
3119 3903 3394 3974 χερουϐὶμ
3441 3902 3766 3974 διηκόνησε,

2170 3992 2263 4044 καὶ
2307 3990 2465 4044 ἔλαϐε
2498 3991 2560 4044 τὸ
2595 3992 2727 4064 πῦρ,
2777 3993 2870 4046 καὶ
2904 3992 3074 4046 ἔδωκε
3103 3995 3240 4062 πρὸς
3269 3993 3369 4058 τὰς
3394 3997 3585 4065 χεῖρας
3609 3994 3769 4048 ὲκεί-

2170 4100 2285 4137 νου.
2325 4083 2397 4136 Ἦ
2422 4084 2603 4148 πάλιν,
2639 4084 2691 4136 τί
2725 4084 2790 4137 ἂν
2823 4084 2972 4153 λέγοι
3001 4103 3080 4148 τις
3113 4087 3241 4157 περὶ
3271 4086 3366 4139 τοῦ
3419 4085 3765 4156 κεκληκότος

2165 4174 2257 4227 τὸν
2291 4174 2562 4228 θειότατον
2585 4175 2844 4248 Γαϐριὴλ,
2881 4176 3062 4240 καθὼς
3109 4179 3165 4230 ἐν
3221 4181 3285 4249 τῇ
3322 4177 3368 4230 θ’
3413 4178 3600 4249 ὁράσει
3661 4177 3766 4239 τοῦ

2168 4266 2367 4337 Δανιὴλ
2397 4268 2620 4340 φέρεται
2646 4287 2660 4335 ;
2711 4270 2823 4322 Καὶ
2851 4270 3087 4340 ἐγένετο
3121 4271 3192 4322 ἐν
3220 4270 3300 4335 τῷ
3328 4269 3476 4322 [δεῖν
3499 4286 3596 4338 με,
3640 4269 3766 4340 ἐγὼ

2164 4358 2410 4425 Δανιὴλ,
2442 4360 2557 4427 τὴν
2603 4360 2836 4428 ὅρασιν,
2889 4361 2988 4415 καὶ
3046 4360 3297 4429 ἐζήτουν
3333 4363 3619 4414 σύνεσιν·
3657 4360 3768 4415 καὶ

1443 4421 1650 4480 decoro
1699 4429 1896 4486 ordine
1945 4447 2058 4489 co:-

2181 4446 2293 4500 ἰδοὺ
2323 4421 2471 4518 έστη
2501 4421 2758 4504 ἐνώπιον
2806 4421 2954 4521 έμοῦ
3009 4453 3091 4517 ὠς
3120 4421 3328 4520 ϐρασις
3362 4449 3604 4519 ἀνδρὸς,
3657 4451 3766 4504 καὶ

2158 4538 2398 4608 ἤκουσα
2441 4541 2652 4610 φωνὴν
2705 4542 2925 4611 ἀνδρὸς
2945 4542 3253 4611 ἀνάμεσον
3282 4542 3388 4595 τοῦ
3442 4542 3643 4595 Οὐϐἀλ
3673 4543 3722 4574 ⁸³
3744 4560 3760 4574 ο

2162 4631 2262 4685 καὶ
2289 4632 2566 4697 ἐκάλεσε,
2616 4632 2716 4686 καὶ
2744 4635 2874 4688 εἷπε
2893 4652 2906 4665 ο
2931 4634 3221 4703 Γαϐριὴλ,
3253 4633 3585 4689 συνέτισον
3611 4634 3766 4687 ἐκεῖ·

2161 4741 2274 4779 νον
2301 4725 2414 4794 τὴν
2468 4727 2700 4794 ὅρασιν,
2763 4728 2860 4782 καὶ
2912 4729 3082 4798 ἦλθε,
3140 4727 3240 4782 καὶ
3284 4729 3434 4794 ἔστη
3465 4727 3765 4796 ἐχόμενος

2162 4818 2275 4887 τῆς
2331 4819 2605 4887 στάσεώς
2650 4839 2802 4890 μουο
2866 4823 2966 4877 καὶ
3019 4824 3088 4876 ἐν
3136 4822 3218 4888 τῷ
3281 4821 3482 4876 ἐλθεῖν
3541 4821 3760 4884 αὐτὸν,

2155 4909 2517 4980 ἐθαμϐήθην,
2575 4913 2674 4966 καὶ
2724 4915 2920 4968 πίπτω
2967 4915 3067 4968 ἐπὶ
3114 4914 3440 4982 πρόσωπόν
3463 4929 3619 4982 μου·
3654 4913 3764 4965 καὶ

2156 5002 2287 5056 εἷπε
2345 5005 2496 5074 πρός
2534 5022 2645 5073 με’
2701 5007 2925 5072 Σύνες,
2978 5005 3072 5060 υἰέ
3130 5005 3466 5074 ἀνθρώπου.
3533 5003 3603 5056 Τί
3655 5003 3758 5068 as;

2157 5093 2304 5162 λέγοι
2328 5112 2444 5158 τις·
2481 5097 2574 5148 καὶ
2621 5096 2722 5151 ὅσα
2745 5097 2879 5152 ἄλλα
2927 5097 3078 5169 παρὰ
3108 5097 3217 5150 τῶν
3253 5097 3415 5168 ἱερῶν
3449 5094 3759 5166 προφητῶν

2155 5183 2371 5255 εἴρηται
2416 5187 2544 5257 περὶ
2574 5187 2676 5257 τῆς
2742 5188 3045 5258 εὐκοσμίας
3103 5186 3214 5240 τῶν
3265 5187 3556 5258 οὐρανίων,
3611 5184 3759 5257 πρὸς

2155 5275 2222 5345 ἣν
2258 5278 2351 5330 καὶ
2382 5279 2415 5348 ἡ
2444 5278 2665 5344 εὐταξία
2695 5279 2796 5348 τῆς
2824 5281 2952 5352 παρ’
2995 5281 3129 5349 ἡμῖν
3155 5279 3456 5350 ίεραρχίας,
3513 5277 3659 5330 κατὰ
3691 5276 3758 5328 τὸ

476 5327 721 5396 δθνατὺν,
786 5335 1172 5409 ἀφωμοίωταιο
1225 5344 1447 5418 μίμημα
1497 5349 1606 5421 γὰρ
1642 5353 1743 5424 τῆς
1797 5355 1905 5408 τῶν
1946 5359 2058 5414 ἅνω
2905 5327 3363 5443 ΓτῇπἙκκληςὲίίῃ
3423 5369 3754 5441 τελούμενα.

478 5423 572 5476 κιὶ
632 5426 804 5479 ταῦτα
859 5430 959 5502 τῆς
1008 5434 1234 5490 ἐκείνων
1286 5439 1616 5510 εὐπρεπείας
1665 5423 1875 5512 είκόνες
1906 5452 2046 5504 εἰσί·
2078 5423 2358 5514 ευποῦταί
2377 5423 2704 5534 γέριήῆκαίν
2743 5465 2889 5534 ἡμᾶς
2949 5423 3198 5536 ἱεραρχία
3257 5423 3595 5531 Ιδι’έγείννιις,
3655 5461 3758 5515 καὶ

480 5516 739 5587 ἀνάγεται
763 5523 900 5594 πρὸς
917 5524 1079 5581 αὐτὸν
1104 5527 1197 5581 τὸν
1228 5529 1380 5598 Θεὸν,
1399 5533 1496 5603 τὴν
1511 5534 1833 5606 ὐπερούσιον
1858 5541 2178 5614 ταξιαρχίαν
2195 5516 2414 5622 ἁπάσης
2435 5516 2733 5623 ἱεραρχίας,
2758 5516 2849 5608 ξὺν
2864 5516 3048 5627 πάσης
3073 5516 3234 5626 ιίέρόιις
3255 5551 3461 5617 τάξεως
3479 5516 3752 5626 ἀρχηγόν-

589 5627 613 5654 ο
648 5613 845 5673 Ezech.
877 5635 953 5689 ix,
983 5621 1035 5677 2.
1125 5621 1145 5660 τ
1173 5621 1308 5680 Dan.
1339 5639 1412 5694 Ix,
1440 5625 1530 5683 9.1.
1611 5629 1856 5689 6Ezech.
1892 5649 1948 5701 κ,
2006 5613 2087 5688 ti.”
2133 5640 2160 5679 ὃ
2193 5641 2328 5702 Dm].
2365 5613 2497 5711 im,

1752 5725 1985 5782 VARUE
2026 5729 2428 5792 LECTIUNES.

559 5776 603 5815 ⁸9
629 5779 799 5838 οὑλαῗ.
819 5853 822 5856 ν
