3908 6232
147 355 248 411 9..ἳὲ
1185 344 1273 405 DE
1302 347 1632 407 C(ELESTI
1666 348 2093 407 HIERARCIIIA
2154 341 2309 408 CAP.
2348 351 2456 408 IX.‘
3305 353 3409 408 ﬁ?

535 680 1190 767 ΚΕΦΑΛΑΙΟΝ
1240 681 1368 772 Θ.

2209 718 2319 789 ss
2352 691 2740 782 CAPUT
2821 692 2994 778 IX.

147 883 280 962 Περὶ
334 881 462 962 ζεῖν
499 881 725 962 ἀρχῶγ,
912 881 1030 961 τῶς
1075 882 1467 962 ἀρχᾳγγέλῳν
1491 881 1734 962 καὶ-τῷν

1848 887 1917 944 De
1947 889 2354 959 principatibus,
2381 891 2709 961 archangelis
2728 899 2777 945 et
2795 891 3015 960 angelis,
3041 892 3204 962 deque
3231 892 3419 950 ultima

211 953 524 1022 anum,
587 953 686 1007 καὶ
740 952 900 1024 περὶ]
933 952 1062 1022 ,τῆς
1122 954 1472 1020 τελευταίας
1533 952 1735 1008 αὐτῶν

1947 952 1956 959 ’
2120 952 2132 958 ’
2299 952 2602 1017 earumdem
2637 952 2956 1017 Itiet'arcliia.

211 1024 542 1092 ἱεραρχίαςο

1416 1371 1754 1437 SYNOPSIS
1786 1373 2078 1439 CAPITIS.

146 1531 185 1581 I.
209 1528 424 1595 Exponit
461 1531 593 1606 quid
635 1530 907 1606 signi/irent
944 1531 1370 1606 principatus:_ll._
1397 1535 1840 1606 Quid__qrrhang_e_li
1860 1538 2128 1606 etnngeli;
2159 1547 2204 1591 et
2241 1538 2573 1606 quodnamsil
2600 1537 2770 1606 horum
2815 1538 3040 1606 officium.
3086 1543 3170 1592 lli.
3204 1539 3423 1592 Ostendit

200 1593 296 1644 non
320 1593 521 1668 angelis
545 1593 882 1668 impuimtdum
904 1593 1028 1668 esse,
1053 1593 1183 1668 quod
1198 1596 1390 1668 aliqui.
1411 1593 1500 1668 sub
1525 1597 1727 1668 illorum
1745 1593 2014 1651 directione
2039 1593 2134 1652 non
2170 1593 2470 1668 prd/irimtt:
2494 1599 2604 1650 illos
2648 1601 2776 1652 enim
2807 1593 2869 1652 et"
2893 1605 3048 1668 Deum
3079 1617 3148 1668 ea:
3174 1611 3310 1668 parte
3333 1616 3422 1668 sua

202 1655 388 1706 nemini
407 1655 886 1726 'decs'se,'_.e:remplis
909 1655 1098 1721 probat.
1142 1661 1222 1710 IV.
1273 1655 1500 1710 Declarat
1541 1658 1745 1711 divinari

201 1730 317 1780 pars
344 1721 546 1768 Donum
570 1717 728 1771 dictus
745 1720 827 1770 sit.

1848 1675 1929 1728 rga
1953 1675 2122 1717 omnes
2165 1655 2520 1728 proﬁcientium
2543 1676 2561 1724 ;
2585 1671 2744 1730 etquo
2766 1676 2908 1715 sensu
2933 1665 3087 1716 Israel
3111 1655 3422 1730 peculiariter

1737 1872 1854 1948 §l.

212 2031 420 2096 Δοιπδς
451 2031 500 2064 ⁶⁹
532 2029 666 2102 ἡμῖν
686 2031 766 2095 εἰς
799 2031 1032 2104 θεωρίαν
1070 2033 1221 2106 ἱερὰν
1253 2032 1548 2106 διάκοσμος
1579 2037 1607 2089 ὁ
1637 2035 1740 2100 τὰς

1918 2035 2150 2107 Reliqua
2189 2037 2349 2093 nobis
2379 2037 2450 2091 ad
2481 2037 2962 2108 contemplandum
2992 2047 3241 2108 superest
3266 2055 3424 2096 sacra

144 2127 448 2197 ἀγγελικὰς
497 2127 800 2196 συγκλείων
847 2127 1151 2198 ἱεραρχίας,
1205 2129 1233 2181 ὁ
1293 2130 1430 2200 πρὸς
1480 2129 1589 2184 τῶν
1623 2131 1739 2185 θεο-

144 2220 296 2274 ειδῶν
356 2219 584 2290 ἀρχῶν,
643 2219 1000 2291 ἁρχαγγέλων
1049 2237 1110 2273 τε
1172 2221 1265 2274 καὶ
1325 2221 1573 2291 ἀγγέλων
1621 2225 1736 2279 δια-

144 2310 550 2383 κοσμούμενος.
608 2312 720 2365 Καὶ¹
767 2311 991 2382 πρώτας
1056 2313 1157 2384 μὲν
1212 2317 1386 2368 εἰπεῖν
1442 2314 1738 2385 ἀναγκαῖον

143 2399 296 2474 οἶμαι
328 2401 483 2457 κατὰ
536 2400 596 2456 τὺ
631 2401 755 2474 ἐμοὶ
787 2400 1011 2458 δυνατὸν
1060 2405 1161 2468 τὰς
1213 2407 1324 2460 τῶν
1355 2409 1527 2478 ἁγίων
1559 2411 1740 2465 αὐτῶν

143 2493 478 2565 ὲπωνυμιῶν
533 2494 914 2565 ὲκφαντορῑας·
980 2496 1229 2564 ἐκφαίνει
1273 2497 1380 2570 γὰρ
1412 2501 1446 2570 ή
1503 2501 1600 2570 μὲν
1629 2500 1740 2555 τῶν

143 2586 417 2657 οὖρανίων
452 2585 640 2657 ἀρχῶν
691 2585 753 2639 τὸ
809 2586 1056 2652 Θεοειδῶς
1089 2589 1316 2660 ἀρχικὸν
1368 2591 1464 2644 καὶ
1495 2594 1743 2664 ἡγεμονι-

146 2680 239 2732 κὸν
271 2677 422 2749 μετὰ
450 2679 663 2745 τάξεως
706 2675 879 2749 ἱερᾶς,
929 2680 1023 2734 καὶ
1068 2684 1191 2746 ταῖς
1239 2683 1495 2754 άρχικαῖς
1521 2693 1743 2756 πρεπω-

145 2771 420 2840 δεστάτης
472 2771 756 2841 δυνάμεσι,
806 2773 901 2825 καὶ
949 2772 1012 2826 τὸ
1069 2773 1207 2845 πρὸς
1255 2775 1356 2846 τὴν
1409 2776 1742 2848 ὑπεράρχιον

145 2864 329 2935 ἀρχὴν
364 2862 541 2926 αὑτάς
594 2880 656 2916 τε
707 2862 906 2927 ὑλικῶς
967 2865 1360 2936 ἐπεστράφθαι,
1415 2868 1510 2921 καὶ
1541 2869 1743 2939 ἐτέρων

145 2957 400 3029 ἀρχικῶς
421 2957 676 3028 ἡγεῖσθαι
697 2973 712 2986 ·
779 2957 955 3010 καὶτὸ
1011 2958 1149 3029 πρὸς
1180 2958 1349 3031 αὐτὴν
1401 2961 1636 3032 ἐκείνην,
1668 2962 1744 3026 ὼς

141 3050 400 3116 δυνατὸν,
454 3049 871 3104 ἀποτυποῢσθαι
902 3052 1003 3121 τὴν
1034 3051 1328 3122 ἀρχοποιὸν
1368 3053 1563 3125 ἀρχὴν,
1615 3056 1746 3108 ἀνα-

143 3142 361 3211 φαίνειν
416 3158 478 3195 τε
531 3143 631 3212 τὴν
683 3139 1197 3214 ὑπερούσιοναύτῆς
1230 3144 1273 3176 ⁸³
1306 3144 1647 3218 ταξιαρχίαι),
1674 3151 1742 3220 τῇ

142 3235 260 3288 τῶν
312 3231 570 3305 ἀρχικῶν
602 3233 874 3321 εὐκοσμίᾳ.
901 3234 1206 3306 δυνάμεων.

1842 2126 1933 2184 illa
1970 2129 2272 2194 distinctio,
2308 2142 2433 2198 qua:
2461 2128 2738 2198 angelicas
2766 2129 3041 2183 concludit
3085 2129 3425 2186 ltierarchias

1842 2217 2207 2274 deiformibus
2267 2219 2691 2290 principatibus,
2723 2220 3070 2290 archangelis
3116 2227 3171 2274 et
3216 2221 3425 2291 angelis

1851 2312 2143 2365 adornata.
2171 2313 2248 2364 Ac
2282 2310 2518 2380 primum
2549 2310 2768 2379 quidem
2796 2325 2895 2379 pro
2940 2309 3082 2364 virili
3116 2311 3428 2365 necessario

1849 2403 1983 2458 mihi
2018 2402 2380 2473 explicandas
2427 2416 2630 2458 censeo
2670 2417 2952 2457 sacrorum
3010 2417 3198 2458 eorum
3249 2404 3428 2456 nomi-

1843 2510 1973 2549 num
2004 2495 2430 2565 signilicationes
2473 2507 2489 2547 :
2545 2507 2746 2551 nomen
2801 2496 3070 2566 siquidem
3122 2494 3425 2552 caelestium

1843 2587 2258 2657 principatuum
2285 2584 2562 2656 signiﬁcat
2607 2595 2818 2652 eorum,
2849 2602 2972 2642 cum
3006 2603 3166 2643 sacro
3189 2590 3426 2658 quodam

1843 2679 2356 2751 principalibusque
2407 2680 2704 2736 virtutibus
2762 2683 3286 2739 convenientissimo
3336 2698 3428 2738 or-

1845 2772 1994 2837 dine,
2030 2769 2376 2827 deiformiter
2433 2770 2785 2841 principandi
2845 2781 3013 2842 atque
3081 2773 3427 2842 gubernandi

1845 2873 2198 2934 potestatem,
2237 2879 2340 2919 nec
2372 2879 2479 2920 non
2534 2865 2601 2919 ad
2659 2864 3186 2935 superprincipalem
3216 2865 3426 2935 princi-

1845 2967 2034 3027 patum
2066 2957 2311 3013 totaliter
2338 2973 2397 3013 se
2438 2958 2838 3024 convertendi,
2885 2967 2939 3012 et
2984 2959 3050 3012 ad
3085 2958 3261 3026 ipsum
3289 2959 3428 3012 alios

1853 3063 2078 3119 quoque
2113 3049 2494 3119 principaliter
2521 3048 2780 3114 ducendi,
2813 3049 3095 3120 ipsiusque
3121 3048 3425 3117 principili-

1848 3141 1932 3197 cis
1969 3142 2205 3196 formam
2267 3142 2611 3213 principatus
2670 3142 2724 3196 in
2777 3140 3108 3210 semetipsis,
3162 3149 3426 3209 quantum

1847 3232 1934 3289 l‘as
1968 3243 2073 3299 est,
2093 3233 2459 3302 exprimendi,
2515 3232 2872 3303 ejusdemque
2905 3229 3426 3302 superessentialem

1848 3325 2142 3382 ordinandi
2177 3325 2573 3394 principatum,
2621 3325 2675 3379 in
2726 3323 3112 3394 principalium
3162 3323 3427 3377 virtutum

1853 3417 2210 3488 dispositione
2234 3416 2553 3472 declarandi
2595 3414 2932 3473 facultatem.

1712 3574 1742 3648 ﬁ
1772 3573 1854 3635 Π.

230 3738 296 3792 Ἦ
345 3738 409 3793 δὲ
433 3739 549 3792 τῶν
581 3735 754 3806 ἁγίων
777 3735 1134 3810 ἀρχαγγέλων
1180 3738 1460 3811 ὁμοταγὴς
1494 3739 1593 3809 μέν
1625 3739 1741 3790 ἐστι

1921 3738 2257 3793 Sanctorum
2279 3750 2410 3794 vero
2435 3738 2896 3808 arebangelornm
2927 3739 3088 3805 ordo,
3113 3739 3440 3796 coelestibus“

149 3833 268 3895 ταῖς
299 3832 594 3904 οὐρανίαις
625 3833 839 3903 ἀρχαῖς.
879 3831 1036 3882 Ἔστι
1077 3829 1186 3901 γὰρ
1218 3830 1396 3882 αὐτῶν
1419 3845 1480 3882 τε
1511 3830 1604 3882 καὶ
1633 3827 1742 3882 τῶν

151 3925 425 3994 ἀγγέλων,
476 3925 552 3989 ὡς
583 3925 740 3996 ἔφην,
778 3923 1028 3996 ἱεραρχία
1073 3922 1173 3994 μία
1205 3925 1299 3977 καὶ
1351 3924 1740 3993 διακόσμησις·

154 4015 290 4087 πλὴν
326 4017 569 4088 ἐπείπερ
595 4003 887 4070 οὐκέστιν
938 4014 1210 4086 ἱεραρχία,
1249 4015 1323 4087 μὴ
1373 4016 1467 4069 καί
1499 4015 1743 4086 πρώτας,

154 4109 245 4162 καὶ
283 4108 486 4180 μέσας,
525 4109 622 4162 καὶ
651 4107 969 4171 τελευταίας
1019 4108 1280 4179 δυνάμεις
1324 4108 1542 4179 ἔχουσα,
1576 4111 1610 4180 ἡ
1637 4109 1746 4163 τῶν

154 4196 516 4269 ἀρχαγγέλων
553 4200 686 4268 ἁγία
747 4197 921 4265 τάξις,
979 4200 1310 4264 κοινωνικῶς
1341 4204 1406 4272 τῇ
1460 4203 1744 4273 ἱεραρχικῇ

157 4291 422 4360 μεσότητι
446 4289 557 4342 τῶν
617 4290 805 4362 ἄκρων
843 4289 1336 4363 ἀντιλαμϐάνεται·
1369 4297 1492 4356 ταῖς
1522 4311 1583 4346 τε
1637 4293 1749 4366 γὰρ

155 4385 497 4452 ἁγιωτάταις
531 4385 727 4455 ἀρχαῖς
762 4389 1030 4451 κοινωνεῖ,
1065 4387 1159 4440 καὶ
1205 4390 1321 4451 τοῖς
1354 4389 1531 4457 ἁγίοις
1584 4387 1750 4457 ἀγγέ-

154 4479 296 4540 λοις·
356 4481 486 4541 ταῖς
536 4480 658 4550 μὲν,
718 4481 800 4534 ὅτι
858 4484 996 4556 πρὸς
1045 4481 1145 4554 τὴν
1202 4482 1524 4554 ὑπερούσιον
1572 4485 1750 4558 ἀρχὴν

153 4570 404 4643 ἀρχικῶς
459 4572 859 4645 ὲπέστραπται,
884 4576 980 4630 καὶ
1007 4573 1146 4647 πρὸς
1177 4575 1366 4646 αὐτὴν,
1396 4575 1473 4638 ὡς
1505 4577 1745 4646 ἐφικτὸν,

151 4662 559 4730 ἀποτυποῦται,
618 4667 712 4719 καὶ
747 4667 873 4730 τοὺς
905 4663 1171 4736 ἀγγέλους
1216 4667 1449 4721 ὲνοποιεῖ
1479 4668 1619 4722 κατὰ
1649 4667 1750 4733 τὰς

153 4753 468 4825 εὐκόσμους
535 4755 706 4828 αὐτῆς
769 4757 863 4810 καὶ
924 4757 1265 4830 τεταγμένας
1332 4760 1427 4812 καὶ
1484 4759 1750 4831 ἀοράτους

153 4845 492 4918 ἡγεμονίας·
558 4851 673 4911 τοῖς
703 4849 780 4913 δὲ,
830 4851 911 4903 ὅτι
968 4852 1064 4904 καὶ¹
1125 4852 1224 4923 τῆς
1257 4852 1599 4924 ὑποφητικῆς
1633 4855 1750 4908 ἐστι

150 4942 387 5009 τάξεως,
436 4941 540 5007 τὰς
594 4943 892 5014 θεαρχικάς
954 4944 1249 5016 ὲλλάμψεις
1307 4945 1634 5017 ἱεραρχικῶς
1663 4943 1750 4999 διὰ

151 5033 262 5087 τῶν
296 5033 538 5104 πρώτων
569 5033 851 5104 δυνάμεων
886 5032 1278 5108 ὑποδεχομένη,
1307 5039 1541 5100 καὶτοῖς
1573 5035 1749 5106 ἀγγέ-

1780 5079 1828 5140 D

1845 3835 2066 3903 quidem
2102 3833 2224 3888 istis
2254 3833 2657 3903 principatibus
2703 3833 2932 3904 a‘qualis
2958 3835 3301 3905 perhibetur.
3338 3837 3432 3892 last

1847 3925 2230 3995 equidem,uti
2283 3927 2418 3987 dixi,
2468 3940 2576 3979 una
2631 3925 2847 3980 illorum
2906 3936 3071 3996 atque
3107 3929 3430 3998 angelorum

1846 4017 2182 4083 bicrarchia,
2210 4019 2516 4088 eademque
2548 4018 2868 4085 distinctio;
2903 4034 3091 4073 verum
3123 4034 3245 4074 cum
3282 4022 3432 4077 nulla

1849 4109 1922 4164 sit
1953 4109 2287 4174 ltierarcbia,
2322 4123 2444 4176 quas
2493 4122 2601 4163 non
2632 4108 2844 4178 primas
2868 4118 2924 4165 et
2951 4111 3160 4165 medias
3188 4111 3436 4166 ultimas-

1851 4213 1961 4267 que
1993 4199 2215 4254 virtules
2275 4198 2496 4264 habeat,
2528 4208 2751 4256 sanctus
2785 4201 3238 4272 arcltangelorum
3272 4204 3428 4269 ordo,

1842 4290 1970 4360 jure
2024 4291 2262 4361 quodam
2297 4291 2644 4347 bierarcbico
2674 4293 2972 4357 communi,
3005 4291 3299 4348 medietate
3329 4309 3432 4349 sua

1850 4383 2105 4440 continet
2131 4392 2447 4452 extremas;
2479 4384 2849 4440 sanctissimis
2864 4387 3009 4440 enim
3039 4387 3432 4456 principatibus

1850 4475 2230 4533 communicat
2259 4486 2316 4530 et
2344 4475 2556 4530 sanctis
2588 4475 2832 4546 angelis;
2874 4475 2983 4531 illis
3027 4477 3269 4547 quidem,
3300 4491 3434 4545 quo-

1850 4569 2002 4624 niam
2033 4568 2100 4623 ad
2134 4567 2664 4637 superessentialem
2719 4568 3088 4638 principatum
3117 4569 3434 4638 principali-

1852 4674 1944 4718 ter
1972 4676 2290 4718 eonversus
2342 4669 2450 4728 est,
2475 4672 2532 4716 et
2557 4665 2624 4717 ad
2655 4662 2852 4732 ipsum,
2879 4671 3144 4730 quantum
3198 4661 3285 4716 l‘as
3325 4669 3431 4727 est,

1849 4753 2196 4823 eﬂormatur,
2225 4770 2325 4810 nec
2357 4769 2466 4810 non
2494 4753 2702 4826 angelis
2727 4755 2928 4810 decoro
2964 4769 3064 4809 suo
3091 4764 3254 4824 atque
3281 4754 3435 4809 ordio

1851 4858 2004 4913 nato,
2035 4849 2130 4919 qui
2158 4857 2439 4918 aspectum
2469 4844 2682 4916 effugit,
2733 4845 2932 4900 ducatu
2967 4845 3183 4899 unionis
3234 4855 3432 4899 auctor

1854 4941 2113 5005 exsistit;
2145 4941 2233 4996 his
2259 4949 2468 5004 autem,
2501 4940 2626 5008 quia
2665 4939 2829 4994 etiam
2855 4938 3068 4993 ordinis
3093 4947 3179 4992 est
3202 4937 3429 4992 dictato-

1853 5033 1945 5098 ril,
1990 5032 2318 5102 divinasque
2367 5030 2771 5086 illustrationes
2819 5029 3162 5084 hierarchice
3193 5043 3290 5098 per
3320 5027 3433 5098 pri-

151 5123 268 5189 λοις
292 5123 474 5187 αὐτὰς
521 5125 853 5194 ἁγαθοειδῶς
886 5127 1244 5197 ἀγγέλλουσα,
1281 5129 1374 5183 και)⁹
1405 5128 1472 5182 δι’
1503 5128 1745 5198 ἀγγέλων

1853 5139 1972 5180 mas
2019 5123 2255 5178 virtutes
2307 5123 2637 5192 suscipiens,
2687 5121 2887 5177 exinde
2944 5121 3013 5177 iis
3046 5120 3179 5192 ipsis
3223 5119 3434 5190 angelis

152 5218 288 5289 ἡμῖν
349 5216 748 5286 ἀναφαίνουσα,
806 5220 948 5291 κατὰ
1002 5221 1102 5292 τὴν
1167 5220 1317 5293 ἱερὰν
1382 5220 1613 5273 ἑκάστου
1639 5221 1750 5276 τῶν

155 5309 317 5364 θείων
352 5308 404 5340 ⁸³
438 5308 865 5383 ὲλλαμπομένων
909 5312 1217 5381 ἀναλογίαν.
1253 5313 1315 5365 Οἱ
1367 5310 1476 5381 γὰρ
1510 5311 1752 5382 ἄγγελοι,

155 5398 347 5464 καθὼς
379 5399 485 5472 ἤδη
542 5404 950 5475 προειρήκαμεν
985 5401 1496 5477 συμπληρωικῶς,
1548 5404 1758 5460 ἀποπε-

1854 5218 2074 5273 easdem
2111 5215 2377 5272 benevole
2407 5216 2720 5279 annuntiat,
2756 5213 3026 5284 nobisque
3071 5227 3170 5282 per
3207 5210 3435 5281 angelos

1856 5311 2201 5377 manifestat,
2239 5327 2337 5382 pro
2372 5310 2638 5379 cujusque
2687 5307 2930 5374 illorum,
2960 5305 3051 5376 qui
3077 5303 3278 5359 divinis
3310 5303 3426 5355 illu-

1860 5404 2220 5462 strationibus
2249 5402 2522 5472 alllanlur,
2576 5401 2690 5473 86
2740 5401 2807 5456 ad
2859 5415 2948 5456 res
2990 5414 3176 5454 sacras
3215 5393 3430 5467 capaci-

1460 5646 1692 5705 VARUE
1727 5645 2134 5708 LECTIONES.

235 5805 285 5838 ⁸⁸
312 5802 375 5858 V.
409 5803 620 5859 λοιπόν.
695 5805 736 5838 ⁶¹
772 5806 962 5878 αὐτήν,
1003 5807 1064 5864 D.
1142 5805 1187 5843 θ’
1225 5801 1406 5872 Θείως,
1446 5805 1508 5864 Ρ.
1544 5805 1604 5862 S.
1639 5804 1700 5862 Β.
