3908 6232
198 339 308 401 361

1264 344 1353 399 DE
1386 341 1711 401 (IELESTE
1750 342 2199 411 IllERARCllIA,
2238 346 2393 404 CAP.
2431 344 2522 402 1X.

3380 348 3488 406 262

195 462 442 535 ἑτοίμως
465 463 547 527 είς
583 462 868 535 μετάδοσιν
900 462 1350 533 ἀναπεπταμένον
1381 463 1474 516 τοῦ
1510 459 1800 534 θεαρχικοῦ

1907 462 2122 516 caeteris
2166 477 2385 532 quoque
2435 460 2692 532 gentibus
2723 460 2741 529 (
2765 475 2795 516 e
2819 461 3014 530 quibus
3041 476 3139 516 nos
3163 464 3489 519 emersinuts

194 555 389 622 φωτὸς
411 555 641 625 ἀπειρόν
664 572 723 606 τε
757 557 851 607 καὶ
875 554 1103 624 ἄφθονον
1136 553 1393 624 πέλαγος)
1444 553 1544 605 οὐκ
1577 549 1801 619 ἔκφυλοί

191 663 350 709 τινες
385 648 721 700 ἐπεστάτουν
787 648 930 701 θεοί⁹
969 647 1067 718 μία
1121 647 1178 698 δὲ
1243 647 1461 700 πάντων
1509 644 1672 715 ἀρχὴ,
1708 643 1804 697 καὶ

193 741 345 812 πρὸς
381 741 591 813 ταύτην
617 742 818 812 ἀνῆγον
850 742 978 805 τοὺς
1001 740 1322 810 ἑπομένους,
1346 741 1395 792 οἰ
1423 738 1545 792 καθ’
1573 737 1803 790 ἕκαστον

195 833 359 894 ἔθνος
419 833 808 905 ἰεραρχοῦντες
863 833 1105 902 ἄγγελοι.
1173 833 1276 885 Τὸν
1323 830 1658 901 Μελχισεδὲκ
1714 830 1803 880 ὲν-

194 923 432 992 νοητέον
480 925 742 995 ἰεράρχην
796 923 924 976 ὄντα
978 920 1408 992 φιλοθεώτατον,
1457 923 1519 975 οὐ
1563 920 1672 974 τῶν
1705 922 1807 974 οὐκ

195 1015 401 1074 ὄντων,
439 1014 579 1066 ἀλλά
603 1015 697 1068 τοῦ
731 1017 902 1078 ὅντως
926 1015 1080 1078 ὄντος
1105 1015 1334 1084 ὑψίστου
1367 1014 1505 1067 Θεοῦ
1525 1031 1538 1044 ·
1570 1016 1665 1068 καὶ
1696 1013 1805 1084 γάρ

195 1104 303 1174 οὐχ
338 1104 537 1168 ἁπλῶς
566 1105 658 1158 τὸν
693 1105 1029 1175 Μελχισεδὲκ
1062 1107 1112 1158 οἰ
1166 1104 1412 1174 θεόσοφοι
1465 1106 1526 1157 οὐ
1562 1106 1808 1174 φιλόθεον

199 1198 396 1266 μόνον,
433 1198 574 1250 ἀλλά
627 1199 721 1251 καὶ
771 1199 922 1269 ἱερέα
975 1197 1390 1269 κεκλήκασιν,ἦ
1438 1198 1524 1250 ἵνα
1555 1201 1667 1261 τοῖς
1690 1198 1811 1268 ἐχέ-

198 1307 407 1360 φροσιν
465 1291 716 1362 ἐναργῶς
781 1291 1146 1362 ὲμφαίνωσιν,
1207 1292 1290 1343 ὅτι
1326 1290 1399 1362 μὴ
1438 1291 1595 1361 μόνον
1649 1291 1809 1353 αὐτὸς

197 1381 299 1432 ἐπὶ
325 1379 425 1433 τὸν
458 1382 629 1445 ὅντως
683 1383 815 1435 ὄντα
872 1383 1005 1435 Θεὸν
1057 1383 1426 1454 έπέστραπτο,
1492 1383 1716 1454 προσέτι
1749 1383 1807 1436 δὲ

199 1473 301 1524 καὶ
337 1471 525 1536 ἄλλοις
563 1475 641 1537 ὡς
708 1475 970 1546 ἰεράρχης
1013 1477 1199 1544 ἡγεῖτο
1231 1475 1328 1545 τῆς
1371 1475 1466 1528 ἐπὶ
1497 1475 1596 1546 τὴν
1630 1474 1802 1548 ἀληθῆ

201 1565 304 1615 καὶ
357 1566 529 1637 μόνην
554 1567 813 1638 θεαρχίαν
859 1566 1172 1636 ἀναγωγῆς.

1906 551 1974 604 ad
2015 550 2144 605 illud
2171 551 2339 605 divini
2364 551 2583 606 luminis
2608 551 2935 607 immensum
2971 561 3027 605 et
3076 557 3360 610 exundans
3393 571 3490 624 pe-

1906 642 2082 712 lagus,
2115 645 2261 712 quod
2293 643 2344 696 iu
2377 654 2629 712 promptu
2656 644 2912 698 omnibus
2945 645 3012 698 a’d
3043 646 3484 714 participandum

1907 746 1993 790 cst
2023 736 2348 806 expansum)
2404 753 2512 790 non
2547 737 2706 790 alieni
2743 737 2963 805 quidam
3027 739 3099 792 dii
3148 738 3490 806 praefuerunt,

1913 825 2008 879 sed
2035 841 2202 879 unum
2237 827 2477 880 omnium
2530 826 2880 894 principium,
2933 836 2988 879 et
3022 833 3089 880 ad
3117 827 3246 881 illud
3279 827 3488 897 angeli,

1909 917 2000 984 qui
2041 918 2240 986 cuique
2281 917 2489 970 nationi
2551 919 2794 986 praefecti
2828 927 3012 982 erant,
3069 932 3332 988 sequaces
3361 933 3489 974 suos
3560 939 3563 941 ·

1909 1009 2264 1063 adducerent.
2291 1007 2656 1061 Considerare
2697 1008 2830 1062 libet
2853 1007 3279 1075 Melchisedech,
3305 1011 3489 1078 ponti-
3545 1057 3554 1065 .

1909 1100 2066 1154 ﬁcem
2112 1099 2260 1153 illum
2296 1098 2406 1152 Deo
2443 1097 2855 1164 charissimum,
2881 1099 2973 1168 qui
3005 1115 3346 1169 nequaquam
3372 1102 3491 1154 ina-

1910 1191 2060 1246 nium
2111 1191 2362 1254 deorum,
2389 1191 2483 1243 Sed
2529 1191 2781 1245 altissimi
2821 1191 3046 1260 verique
3078 1193 3172 1244 Dei
3229 1194 3490 1247 sacerdos

1915 1283 2064 1338 fuit:
2099 1297 2276 1351 neque
2299 1283 2444 1336 cuitu
2479 1282 2799 1352 simpliciter
2843 1281 3294 1337 Melchisedecqu
3335 1285 3491 1340 theo-

1911 1378 2021 1447 IOgi
2062 1393 2169 1432 non
2197 1378 2370 1430 solum
2436 1376 2530 1430 Dei
2565 1377 2824 1438 amicum,
2881 1375 2975 1430 sed
3031 1387 3088 1430 et
3145 1377 3488 1431 sacerdotem

1911 1471 2286 1540 appellarunt;
2351 1478 2410 1522 ttt
2439 1469 2520 1523 vel
2576 1469 2654 1522 sic
2707 1469 3150 1538 prudentioribus
3186 1480 3372 1538 aperte
3407 1470 3490 1524 iu-

1909 1568 2178 1629 dicarent,
2209 1579 2312 1618 non
2340 1565 2499 1619 modo
2535 1565 2708 1634 ipsum
2763 1565 2829 1617 ad
2863 1579 3051 1618 verum
3100 1565 3266 1620 Deum
3317 1565 3491 1621 fuisse

199 1669 571 1715 comersuin.
621 1674 814 1713 verum
870 1659 1044 1714 etiam
1108 1659 1234 1714 aliis
1297 1659 1366 1714 ad
1425 1673 1611 1716 veram
1646 1668 1702 1714 et
1752 1658 1924 1714 solam
1981 1672 2405 1728 supremumque
2460 1655 2728 1711 Deitatem
2780 1657 3147 1727 provehendis
3169 1663 3358 1717 ducem
3393 1674 3492 1715 ex-

208 1750 454 1807 sitisse.

1797 1853 1825 1926 §
1857 1851 1965 1913 IV.

273 2020 399 2074 Kal.
443 2018 604 2072 τοῦτο
652 2018 713 2072 δὲ
762 2018 861 2090 τὴν
905 2019 1004 2092 σὴν
1048 2019 1367 2092 ἰεραρχικὴν
1413 2017 1628 2072 σύνεσιν
1671 2017 1802 2071 ὕπο-

1975 2016 2114 2070 ilhul
2166 2029 2381 2085 quoque
2431 2015 2728 2084 pontilicite
2797 2023 2901 2069 tuae
2951 2015 3194 2072 scientiae
3242 2033 3486 2078 comme-

205 2116 520 2186 μνήσομεν,
543 2115 736 2166 ὅτικαί
755 2113 834 2183 τῷ
856 2115 1057 2185 Φαραὼ
1079 2113 1214 2184 πρὸς
1239 2113 1332 2166 τοῦ
1355 2115 1468 2176 τοῖς
1489 2111 1808 2181 Αἰγυπτίοις

199 2201 637 2266 ἐπιστατοῦντος
654 2203 909 2271 ἀγγέλου,
957 2203 1053 2254 καὶ
1092 2201 1170 2272 τῷ
1194 2202 1549 2255 Βαϐυλωνίων
1585 2200 1805 2274 ἄρχοντι

200 2296 351 2367 πρὸς
404 2293 501 2347 τοῦ
549 2294 777 2357 οἰκείου,
808 2293 991 2346 καὶτὸ
1039 2293 1140 2364 τῆς
1186 2293 1405 2346 πάντων
1430 2293 1687 2364 προνοίας
1711 2292 1807 2346 καὶ

199 2389 542 2460 κυριότητος
571 2387 928 2458 κηδεμονικὸν
956 2386 1052 2439 καὶ
1086 2385 1490 2452 ὲξουσιαστικὸν
1529 2386 1669 2440 κατά
1708 2386 1806 2450 τάς

199 2480 438 2550 ὁράσεις
484 2478 930 2550 διεπορθμεύετο,
969 2480 1064 2533 καὶ
1098 2482 1212 2541 τοῖς
1241 2478 1450 2532 ἔθνεσιν
1490 2479 1715 2542 ἐκείνοις
1754 2480 1803 2530 οἰ

199 2571 303 2624 τοῦ
351 2571 524 2634 ὅντως
558 2569 693 2623 Θεοῦ
712 2570 1331 2642 θεράποντες,ήγεμόνες
1361 2571 1685 2626 καθίσταντο
1702 2575 1804 2644 τῆς

200 2661 321 2713 τῶν
374 2661 733 2714 τυπωθεισῶν
767 2661 872 2714 ὑπὸ
904 2661 1010 2714 τῶν
1035 2661 1347 2730 ’ἀγγελικῶν
1374 2664 1418 2694 ⁸⁸
1433 2664 1676 2734 ὁράσεων
1709 2667 1804 2718 ὲκ-

201 2753 535 2821 φαντορίας,
582 2756 697 2816 τοῖς
733 2753 841 2805 τῶν
880 2751 1126 2822 ἀγγέλων
1161 2754 1326 2822 ἔγγὺς
1358 2755 1525 2826 ἱεροῖς
1555 2757 1799 2826 ἀνδράσι,

199 2844 288 2916 τῷ
316 2845 543 2916 Δανιὴλ,
575 2845 672 2898 καὶ
702 2845 780 2916 τῷ
821 2845 1016 2916 Ἰωσὴφ
1045 2847 1109 2898 ὲκ
1137 2844 1274 2899 Θεοῦ
1308 2847 1374 2900 δι’
1402 2847 1646 2916 ἀγγέλων
1670 2852 1805 2903 ἀπο-

201 2936 592 3007 καλυφθείσης
611 2953 624 2965 ·
659 2935 758 3007 μία
784 2938 892 3008 γάρ
915 2940 1059 2990 ἔστιν
1079 2940 1112 3008 ἡ
1140 2938 1354 2991 πάντων
1378 2939 1519 3010 ἀρχὴ
1549 2941 1643 2994 καὶ
1666 2941 1802 3012 πρό-

197 3045 354 3082 νοια.
409 3028 524 3081 Καὶ
550 3028 801 3098 οὐδαμῶς
822 3030 1053 3100 οἰητέον,
1100 3029 1369 3084 Ἰουδαίων
1422 3032 1521 3102 μὲν
1556 3034 1800 3106 ἀποκλη-

203 3119 470 3190 ρωτικῶς
512 3120 763 3190 ἡγεῖσθαι
813 3121 910 3192 τὴν
945 3122 1222 3194 θεαρχίαν,
1249 3126 1512 3195 ἀγγέλους
1543 3129 1598 3182 δὲ
1637 3130 1800 3196 ἰδίως,

196 3209 234 3280 ἢ
295 3211 606 3281 ὁμοτίμως,
661 3211 694 3284 ἦ
751 3213 1065 3280 ἀντιθέτως,
1122 3216 1154 3287 ἢ
1208 3216 1364 3282 θεούς
1396 3237 1550 3283 τινας
1576 3220 1801 3293 ἐτέρους

199 3295 534 3353 ἐπιστατεῖν
559 3305 673 3365 τοῖς
707 3302 885 3367 ἀλλοις
930 3303 1141 3359 ἔθνεσιν
1160 3324 1173 3336 ·
1233 3309 1369 3362 ἀλλά
1402 3311 1498 3364 καὶ
1530 3311 1589 3364 τὸ
1618 3313 1799 3381 λόγιον

196 3390 395 3453 ἐκεῖνο
442 3391 585 3444 κατά
618 3393 776 3462 τήνδε
811 3393 909 3464 τὴν
944 3394 1096 3466 ίεράν
1125 3394 1332 3452 ἔννοιαν
1359 3400 1676 3471 έκληπτέον,
1704 3406 1801 3476 οὐχ

196 3482 285 3545 ὡς
348 3483 720 3552 μερισαμένου
764 3483 898 3535 Θεοῦ
956 3484 1075 3554 μεθ’
1123 3487 1324 3558 ἐτέρων
1372 3490 1508 3544 θεῶν
1571 3493 1603 3564 ἢ
1639 3495 1804 3564 ἀγγέ-

139 3588 158 3608 σ
197 3573 320 3627 λων
356 3574 460 3644 τὴν
516 3574 635 3627 καθ’
663 3576 808 3645 ἡμᾶς
831 3577 1149 3647 ἡγεμονίαν,
1199 3581 1294 3635 καὶ
1338 3582 1431 3636 τοῦ
1473 3585 1685 3658 Ἰσραὴλ
1724 3591 1804 3653 είς

199 3663 494 3734 ἐθνάρχην
554 3665 649 3719 καὶ
711 3667 935 3734 ἐοναγὸν
988 3670 1492 3743 ἀποκληρωθέντος,
1545 3679 1659 3732 ἀλλ’
1705 3681 1801 3747 ῶς,

199 3755 386 3826 αὐτῆς
400 3758 502 3826 μὲν
513 3759 610 3828 τῆς
629 3762 756 3829 μιᾶς
773 3762 1026 3816 ἁπάντων
1042 3766 1086 3796 ⁷⁰
1104 3766 1354 3836 Ὑψίστου
1374 3774 1648 3842 προνοίας,
1666 3779 1804 3830 πάν-

200 3862 311 3908 τας
358 3845 683 3919 ἀνθρώπους
742 3853 1022 3918 σωστικῶς
1065 3857 1187 3918 ταῖς
1241 3857 1351 3911 τῶν
1383 3865 1598 3919 οἰκείων
1635 3867 1803 3936 ἀγγέ-

204 3936 324 3990 λων
353 3939 397 3969 ⁷⁸
433 3940 790 4006 ἀνατατικαίς
813 3950 1205 4019 χειραγωγίαις
1236 3954 1611 4028 διανειμάσης,
1644 3961 1803 4030 μόνου

201 4026 269 4080 δὲ
302 4029 496 4098 σχεδὸν
544 4031 696 4103 πᾳ,ρά
741 4035 944 4100 πάντας
993 4039 1089 4092 τοῦ
1152 4043 1364 4116 Ἰσραὴλ
1417 4047 1507 4100 ἐπὶ
1709 4051 1803 4104 τοῦ

201 4123 382 4184 ὅντως
416 4123 622 4194 Κυρίου
654 4128 980 4195 φωτοδοσίαν
1012 4133 1104 4185 καὶ
1130 4136 1422 4204 ἐπίγνωσιν
1439 4141 1802 4214 ἐπιστραφέν-

205 4232 322 4277 τος.
381 4215 548 4268 Ὅθεν
583 4219 615 4287 ἡ
651 4217 914 4288 θεολογία,
944 4222 1004 4274 τὸ
1041 4225 1138 4294 μὲν
1163 4229 1356 4282 ἑαυτὸν
1389 4231 1780 4305 ἀποκληρῶσαι

203 4306 306 4359 τὸν
369 4306 588 4380 Ἰσραὴλ
619 4311 712 4362 ἐπὶ
765 4312 864 4384 τὴν
897 4314 991 4367 τοῦ
1017 4315 1185 4382 ὅντως
1218 4321 1352 4374 Θεοῦ
1389 4323 1682 4396 θεραπείαν
1708 4331 1805 4400 ἐμ-

207 4398 506 4490 φαίνουσα,
541 4401 623 4463 τὸ,
673 4404 956 4474 Ἑγενήθη
998 4410 1170 4476 μερὶς
1223 4416 1466 4481 Κυρίου,
1503 4419 1686 4490 φησίνο
1717 4398 1804 4475 ὲν-

201 4488 544 4562 δεικνυμένη
583 4493 640 4546 δὲ
693 4495 774 4560 τὸ,
811 4501 905 4554 καὶ
963 4503 1126 4556 αὐτὸν
1189 4505 1248 4557 ὲν
1304 4507 1402 4578 ἴσῳ
1452 4514 1565 4575 τοῖς
1597 4512 1806 4581 λοιποῖς

202 4579 423 4633 ἔθνεσιν
448 4583 861 4658 ἀπονεμηθῆναί
894 4607 1000 4643 τινι
1042 4593 1151 4646 τῶν
1185 4594 1355 4662 ἁγίων
1407 4599 1674 4668 ἀγγέλων,
1723 4579 1806 4670 εἰς

197 4670 264 4722 τὸ
286 4671 362 4724 δι’
397 4673 564 4727 αὐτοῦ
613 4677 712 4747 τὴν
774 4679 904 4749 μίαν
960 4684 1214 4738 ἁπάντων
1247 4688 1421 4760 ἀρχὴν
1479 4692 1800 4760 ἐπιγνῶναι,

1913 2110 2269 2173 morabimus,
2304 2117 2363 2162 ut
2399 2118 2455 2162 et
2479 2108 2759 2162 Pharaoni
2793 2107 2861 2162 ab
2886 2109 3084 2180 angelo
3111 2110 3494 2182 Egyptiorum

1909 2203 2163 2272 praeside.
2188 2211 2243 2256 et.
2267 2199 2691 2270 Babyloniorum
2715 2201 2948 2270 principi
2981 2215 3009 2254 a
3037 2204 3256 2272 proprio
3287 2206 3478 2262 itidem

1906 2295 2166 2348 omnibus
2220 2292 2609 2360 prospicientis
2674 2302 2840 2363 atque
2911 2293 3245 2350 dominantis
3309 2299 3494 2366 provi-

1907 2383 2094 2437 dentia
2158 2391 2512 2451 potestasque
2572 2398 2674 2453 per
2720 2383 2956 2439 visiones
3010 2384 3175 2440 fuerit
3213 2387 3486 2459 intituata,

1906 2489 2074 2547 utque
2103 2477 2358 2546 gentibus
2394 2477 2515 2532 istis
2571 2477 2685 2532 veri
2733 2477 2828 2533 Dei
2880 2480 3138 2546 ministri,
3197 2484 3486 2540 ductorum

1907 2569 2083 2622 instar
2134 2569 2341 2623 fuerint
2393 2571 2752 2639 przefecti,ad
2788 2572 3048 2642 ﬁguratas
3101 2575 3224 2632 illas
3273 2581 3490 2650 angeli-

1903 2678 1996 2717 cas
2023 2661 2263 2716 visiones
2319 2663 2782 2732 interpretandas,
2809 2681 2932 2735 quae
2961 2669 3095 2723 viris
3126 2671 3338 2725 sanctis
3388 2687 3491 2724 au-

1904 2754 2150 2822 gelorum
2188 2754 2484 2822 similibus,
2547 2756 2785 2821 Dauieli,
2839 2758 3086 2828 inquam,
3119 2770 3174 2816 et
3226 2760 3491 2831 Josepho,

1905 2860 1972 2898 ex
2021 2854 2182 2913 parte
2222 2845 2315 2900 Dei
2346 2860 2446 2915 per
2477 2846 2699 2916 angelos
2730 2856 2857 2902 ante
2885 2845 3106 2904 fuerant
3147 2852 3404 2908 revelata:
3427 2853 3486 2910 1:

1906 2949 2074 2988 unum
2144 2935 2345 3005 quippe
2397 2937 2639 2990 omnium
2716 2948 2803 2992 est
2874 2941 3205 3010 principium
3273 2959 3492 3014 unaque

1903 3024 2273 3093 providentia.
2357 3024 2547 3095 Neque
2603 3027 2712 3081 ullo
2793 3031 2953 3086 modo
3006 3034 3304 3101 putandum
3383 3048 3492 3102 est,

1905 3117 2062 3187 quasi
2105 3115 2307 3172 Judaeis
2332 3119 2550 3186 quidem
2603 3119 2797 3176 sortito
2857 3123 2999 3178 Deus
3061 3126 3363 3194 przefuerit,
3401 3145 3495 3184 an-

1904 3209 2012 3279 geli
2067 3217 2246 3262 autem
2284 3224 2552 3274 seorsum,
2608 3210 2689 3265 vel
2752 3214 3060 3282 aequaliter,
3094 3217 3175 3270 vel
3217 3221 3490 3288 Opposite,

1906 3308 1998 3354 aut
2046 3299 2140 3353 alii
2201 3300 2366 3354 etiam
2401 3301 2476 3356 dii
2511 3304 2723 3357 caeteris
2777 3306 3028 3374 gentibus
3071 3307 3491 3378 imperitarint:

1829 3405 1872 3462 ο
1909 3391 2004 3443 sed
2028 3390 2131 3444 hoc
2163 3391 2437 3460 eloquium
2476 3409 2609 3448 sano
2657 3397 2890 3464 quodam
2918 3413 3078 3453 sensu
3138 3415 3298 3457 sacro
3327 3403 3492 3459 intel-

1908 3483 2182 3552 ligendum
2217 3493 2326 3549 est,
2363 3501 2468 3539 non
2512 3489 2670 3556 quasi
2720 3491 2864 3544 Deus
2895 3507 3020 3547 cum
3071 3493 3192 3549 aliis
3231 3497 3336 3552 diis
3393 3513 3493 3552 an-

1907 3574 2112 3643 gelisve
2167 3577 2342 3630 noSIri
2401 3581 2638 3646 partitus
2683 3582 2754 3636 sit
2805 3583 3293 3655 gubernationem;
3327 3597 3492 3658 atque

1905 3668 2222 3722 Israelitica:
2289 3670 2467 3738 gentis
2529 3673 2933 3742 principatum,
2984 3685 3151 3746 atque
3229 3679 3490 3735 ducatum

1908 3760 2024 3829 ipse
2058 3763 2286 3816 sortitus
2333 3765 2447 3828 sit;
2477 3766 2574 3818 sed
2637 3767 2806 3834 quod,
2864 3784 2988 3822 cum
3021 3770 3287 3824 Altissimi
3325 3771 3488 3826 unica

1906 3852 1996 3908 illa
2027 3871 2208 3908 rerum
2235 3859 2478 3911 omnium
2510 3860 2877 3928 providentia,
2899 3869 3124 3916 cunctos
3148 3862 3395 3918 homines
3421 3863 3490 3918 ad

1906 3947 2136 4002 Salutem
2163 3948 2486 4016 angelorum
2538 3950 2791 4006 ductibus
2837 3954 3125 4008 tradiderit
3163 3971 3493 4024 promoven-

1907 4042 2024 4103 dos,
2068 4041 2219 4095 solus
2264 4041 2440 4096 ferme
2490 4042 2698 4109 Israel,
2747 4061 2858 4114 prae
2915 4049 3190 4114 omnibus,
3248 4052 3315 4105 ad
3369 4054 3488 4108 veri

1908 4130 2002 4185 Dei
2056 4134 2311 4186 notitiam
2369 4144 2424 4188 et
2476 4134 2902 4192 illustrationem
2955 4139 3119 4194 fuerit
3169 4155 3487 4198 cnnversus.

1905 4223 2090 4293 Itaque
2149 4225 2440 4297 theologia,
2490 4244 2614 4282 cum
2677 4231 2935 4298 populum
2995 4233 3358 4288 lsraeliticum
3427 4251 3489 4290 se

1907 4331 2020 4370 veri
2068 4318 2164 4371 Dei
2222 4318 2394 4372 cultui
2450 4323 2798 4389 mancipasse
2857 4334 3067 4387 narrat,
3107 4327 3230 4380 ait:
3280 4325 3486 4382 Factus

1906 4416 1984 4460 est
2009 4423 2133 4476 pars
2161 4408 2378 4464 Domini
2409 4419 2447 4441 '“
2477 4429 2490 4476 ;
2545 4428 2671 4465 cum
2703 4423 2882 4468 autem
2907 4417 3164 4478 ostendit,
3196 4431 3316 4470 eum
3349 4433 3488 4486 quo-

1907 4513 2037 4565 que,
2087 4500 2204 4568 pari
2242 4514 2366 4553 cum
2398 4503 2612 4555 caeteris
2651 4503 3132 4571 nationibusjure,
3161 4517 3484 4561 sanctorum

1908 4590 2130 4648 cuidam
2182 4592 2502 4660 angelorum
2559 4592 2732 4649 fuisse
2787 4599 3196 4667 consignatum,
3255 4607 3313 4652 ut
3367 4599 3487 4666 ejus

1907 4695 2073 4748 opera
2135 4684 2354 4736 unicum
2414 4683 2544 4737 illud
2615 4701 2796 4739 rerum
2859 4688 3104 4742 omnium
3156 4689 3482 4758 principium

198 4762 297 4815 τὸν
349 4765 572 4836 Μιχαὴλ
617 4768 718 4838 ἔφη
754 4771 851 4823 τοῦ
907 4773 1172 4828 Ἰουδαίων
1207 4780 1460 4849 ἡγεῖσθαι
1507 4782 1659 4848 λαοῦ,
1699 4804 1798 4839 σα-

1907 4783 2252 4842 agnosceret,
2305 4775 2624 4830 Michaelem
2670 4774 2900 4833 Judaico
2925 4781 3124 4848 populo
3160 4780 3482 4850 prmfecluttt

198 4854 326 4920 φῶς
387 4857 537 4924 ἡμᾶς
582 4857 973 4916 ἐκδιδάσκουσα
1026 4867 1107 4929 τὸ,
1145 4868 1271 4937 μίαν
1324 4866 1462 4924 εἶναι
1505 4874 1612 4928 τῶν
1665 4874 1799 4930 ὅλων

195 4943 492 5013 πρόνοιαν,
527 4947 756 5001 ἀπασῶν
808 4949 916 5003 τῶν
963 4953 1210 5024 ἀοράτων
1256 4956 1350 5009 καὶ
1383 4959 1596 5028 ὁρατῶν
1629 4961 1798 5014 δυνά-

197 5051 359 5102 μεων
394 5037 733 5107 ὑπερουσίως
783 5043 1253 5120 ὑπεριδρυμένην·
1301 5050 1510 5114 πάντας
1553 5052 1612 5105 δὲ
1669 5056 1798 5119 τοὺς

193 5126 327 5178 καθ’
387 5128 618 5183 ἕκαστον
672 5131 825 5197 ἔθνος
875 5136 1300 5204 ἐπιστατοῦντας
1353 5143 1638 5212 ἀγγέλους,
1707 5147 1795 5200 ἐπ’

190 5215 378 5287 αὑτὴν
449 5217 528 5282 ὡς
556 5221 762 5276 οἰκείαν
789 5224 832 5254 ⁷²
857 5225 1032 5298 ἀρχὴν
1075 5231 1202 5294 τοὺς
1237 5232 1535 5302 ἑπομένους
1581 5235 1796 5290 ἐθελου-

194 5305 363 5369 σίως,
397 5308 500 5378 ὅση
531 5308 781 5381 δύναμις,
850 5314 1250 5382 ἀνατείναντας.

285 5560 301 5594 ι
343 5556 482 5617 Dan.
514 5578 577 5615 ιι.
657 5573 694 5592 πι
727 5565 885 5619 Deut.
919 5581 1097 5636 xxx",
1127 5566 1185 5621 9.
1253 5577 1279 5604 ιι
1314 5569 1452 5623 Dan.
1489 5587 1546 5625 ιι.

1913 4866 2099 4928 tradit,
2149 4877 2334 4934 aperte
2364 4871 2569 4925 docens
2649 4870 2866 4924 unicam
2912 4887 3034 4926 esse
3063 4875 3316 4927 omnium
3359 4891 3485 4943 pro-

1909 4957 2232 5022 videntiam,
2283 4959 2548 5029 ssquaa
2598 4963 2810 5017 cunctis
2857 4964 3020 5017 simul
3071 4973 3178 5017 tam
3235 4964 3485 5021 invisibi-

1906 5045 2055 5101 libus
2113 5063 2275 5116 quam
2337 5050 2642 5107 visibilibus
2687 5053 2981 5108 virtutibus
3012 5057 3484 5122 superessenliali-

1908 5149 1995 5194 ter
2025 5151 2251 5210 praestet
2282 5151 2310 5178 η
2339 5158 2354 5207 ;
2383 5157 2574 5199 omnes
2634 5155 2816 5200 autem
2858 5147 3080 5217 angelos
3141 5149 3479 5218 singularum

1904 5234 2149 5302 gentium
2210 5232 2535 5302 praefectos,
2591 5237 2658 5290 ad
2707 5237 2838 5293 illud
2897 5241 3072 5308 ipsum
3128 5243 3477 5310 principium,

1906 5335 1962 5378 ut
1995 5325 2299 5394 proprium,
2327 5339 2446 5392 eos,
2477 5325 2571 5394 qui
2623 5326 2766 5384 ultro
2800 5344 2865 5385 ac
2917 5343 3109 5400 sponte
3155 5342 3458 5401 sequantur

1903 5417 2193 5472 deducere.

1548 5685 1781 5742 VARIIE
1817 5687 2204 5745 LECTIONES
2219 5735 2230 5746 .

259 5793 306 5823 "‘
341 5793 700 5887 τυπωθεέσῶν
733 5797 837 5880 ὑπὸ
867 5797 974 5887 τῶν
1023 5799 1297 5887 ἀγγέλων,
1338 5801 1450 5887 ῼΙι..
1478 5803 1540 5887 Si
1567 5805 1803 5887 unos-(Iw
1840 5825 1945 5864 non
1973 5819 2056 5862 est
2102 5811 2154 5864 in
2201 5811 2260 5881 [λ.
2339 5811 2386 5854 ⁷ο
2415 5813 2673 5870 ἀπάντων
2720 5831 2824 5871 non
2863 5814 3051 5871 habuit
3096 5814 3473 5887 ΕΙι.,τ;ἀντων,

196 5865 264 5919 D.
350 5866 391 5895 ⁷³
420 5868 519 5922 (lli.
550 5867 721 5936 ἁγίων
755 5869 1022 5938 ἀγγέλων.
1071 5865 1144 5905 Ἢ
1172 5872 1247 5936 ὡς
1281 5874 1369 5925 ἐπ’
1404 5875 1634 5944 οἰκείαν,
1675 5879 1733 5932 ι),
