3908 6232
483 353 594 411 253
1650 350 1706 407 S.
1747 350 2043 407 DIONYS"
2079 342 2538 406 AREOPAGITxE
3613 355 3723 411 2M

1633 508 2162 564 ADNOTATIONES
2216 507 2562 565 CORDERII.

546 667 573 737 §
615 668 653 720 l.
689 666 932 735 Explicat
966 666 1184 721 nomina
1217 666 1682 735 proprietatesque
1720 670 2143 737 principatunm,
2182 670 2628 735 art-hangclorum
2658 677 2710 722 et
2741 667 3078 733 angelorum,
3113 668 3201 735 qui
3237 667 3479 721 ultimam
3510 672 3723 727 consti-
3792 710 3797 713 .

474 738 1042 792 luunthierarchiam.
1094 738 1174 789 Ac
1219 738 1553 807 principatus
1594 739 1809 807 quidem
1854 740 2084 792 subditis
2120 741 2329 805 angelis
2387 750 2645 807 prmsunt,
2701 749 2754 791 et
2800 754 2893 792 eos
2940 740 3005 791 ad
3058 739 3414 792 ministerium
3473 740 3723 793 divinum

473 808 801 879 esplendum
830 808 1143 879 disponunt.
1195 809 1271 861 Ad
1304 808 1399 879 hos
1432 809 1667 875 pertinet
1714 812 2009 862 secumlum
2057 810 2370 879 Dionysium
2426 810 2731 863 universale
2782 810 3041 879 regimen,
3106 809 3255 860 verhi
3300 809 3502 875 gratia,
3559 812 3726 863 unius

475 880 650 943 regni,
694 877 776 929 vel
833 879 1029 947 gentis,
1063 877 1141 931 vel
1190 878 1338 945 regni
1393 879 1459 931 ad
1522 880 1611 931 Dei
1662 879 2074 933 similitudinem
2125 877 2848 943 manutluclio;secundum
2898 877 3219 946 Gregorium
3261 893 3495 947 quoque,
3527 893 3722 931 eorum

476 948 833 1002 minister-ium
856 957 937 1001 est
968 946 1163 1001 docere
1189 948 1455 1011 homines,
1484 948 1743 1001 exhibere
1768 948 2127 1001 reverentiam
2154 950 2445 1017 unicuique
2470 950 2763 1001 Secundum
2796 950 3021 1011 gradum
3082 963 3258 1000 suum.
3292 949 3491 1001 Horum
3550 951 3721 1002 etiam

474 1028 577 1142 ἵει.
602 1032 918 1099 promovere
947 1018 1210 1081 homines,
1246 1026 1304 1071 ut
1337 1033 1440 1071 non
1467 1026 1685 1088 propter
1712 1018 1999 1072 utilitatem
2038 1019 2343 1087 prapriam,
2376 1021 2469 1073 sed
2497 1029 2714 1087 propter
2743 1018 2910 1073 solius
2953 1018 3046 1073 Dei
3069 1034 3306 1072 amorem
3335 1028 3390 1071 et
3421 1020 3721 1086 honorem,

499 1098 675 1141 actant
710 1096 990 1142 ιιιςιιιιιιιιι.

499 1088 675 1141 aciant
710 1087 990 1141 iustitiam.

544 1102 675 1141 :tant
731 1102 990 1141 nstituam.

544 1102 865 1225 Archaingeli
894 1168 1156 1212 vocantur
1197 1158 1392 1212 summi
1453 1158 1625 1229 nuntii
1676 1159 1767 1227 qui
1800 1173 2013 1212 summa
2045 1157 2313 1211 nuntiant.
2372 1158 2571 1212 llorum
2614 1157 2846 1211 ollicium
2874 1172 2977 1220 est,
3027 1159 3322 1212 secundum
3372 1157 3720 1229 Dionysium,

476 1229 791 1298 prophetias
815 1229 1068 1292 revelari,
1105 1231 1204 1298 ipsi
1232 1244 1446 1298 quoque
1475 1228 1904 1283 illurninationes
1941 1243 2079 1297 quas
2105 1244 2130 1279 a
2159 1229 2531 1296 superioribus
2559 1230 2851 1296 accipiunt,
2879 1229 3229 1281 interioribus
3279 1228 3625 1292 annuntiant,
3663 1240 3722 1283 et

472 1296 567 1366 per
588 1299 803 1351 eosdem
828 1300 999 1352 nobis.
1041 1296 1347 1353 Secundum
1375 1296 1698 1365 Gregorium
1758 1314 1887 1351 vero
1922 1296 2116 1351 munus
2143 1312 2331 1351 eorum
2358 1308 2463 1362 est,
2501 1300 2567 1351 de
2598 1299 2706 1352 illis
2731 1314 2853 1365 quae
2900 1300 3169 1364 pertinent
3200 1298 3264 1351 ad
3311 1300 3717 1365 promotiouem

472 1367 616 1430 lidei,
635 1377 687 1420 et
714 1370 1002 1439 praecipuis
1035 1371 1327 1439 mysteriis,
1363 1379 1421 1422 ut
1444 1372 1511 1423 de
1536 1368 1828 1422 Nativitate
1857 1368 2058 1423 Christi
2083 1405 2098 1432 ,
2128 1378 2183 1422 et
2214 1368 2481 1423 similibus
2501 1407 2516 1433 ,
2543 1371 2791 1424 homines
2830 1368 3059 1423 reddere
3087 1369 3352 1423 certiores
3373 1407 3387 1432 ,
3414 1380 3579 1437 atque
3604 1369 3721 1423 da:-

472 1452 663 1491 rnones
688 1438 754 1491 ab
785 1438 1099 1492 hominihus
1126 1455 1425 1493 removere.

539 1507 730 1579 Anrgeli
762 1519 888 1563 sunt
920 1511 973 1563 in
988 1510 1561 1579 cmlestidispositione
1586 1508 1851 1573 ultimi,et
1872 1507 2181 1563 hominibus
2207 1508 2378 1579 magis
2403 1509 2713 1579 propinqui.
2755 1510 2959 1564 Nomen
2989 1518 3167 1563 autem
3196 1507 3371 1575 angeli
3396 1518 3480 1560 est
3514 1525 3714 1563 nomen

468 1575 651 1640 cilicii,
690 1594 793 1631 non
823 1589 1046 1633 naturze.
1080 1581 1170 1635 Isti
1196 1575 1403 1633 minora
1433 1581 1706 1642 nuntiant,
1733 1589 1785 1631 et
1807 1579 2056 1634 homines
2082 1579 2149 1629 ad
2180 1575 2419 1633 divinam
2445 1575 2808 1647 cognitionem
2834 1583 3130 1643 ducunt,et
3157 1588 3215 1630 ut
3245 1583 3383 1640 iuste
3402 1580 3605 1641 vivant,
3633 1582 3717 1632 in-

469 1658 686 1701 struunt
717 1671 725 1701 ;
755 1648 806 1721 hi
840 1665 1051 1702 sursum
1070 1652 1437 1721 extenduntur
1454 1667 1550 1721 per
1572 1650 1918 1704 dilectionem
1944 1650 2060 1714 Dei,
2089 1658 2143 1702 et
2168 1651 2219 1704 in
2252 1650 2561 1718 semetipsis
2592 1652 2881 1705 lirmantur
2919 1664 3016 1719 per
3044 1650 3345 1703 custodiam
3374 1648 3481 1713 sui,
3513 1667 3578 1703 ac
3610 1652 3717 1705 sub

470 1732 529 1771 se
544 1720 978 1789 progrediuntur
1005 1722 1072 1773 ad
1102 1720 1365 1774 auxilium
1394 1722 1648 1789 proximi.

536 1787 652 1856 §ll.
684 1789 817 1842 Cum
846 1790 897 1841 in
920 1791 1167 1858 qualibet
1226 1787 1541 1845 hierarchia
1614 1791 1726 1843 sint
1779 1800 1893 1843 tres
1948 1789 2192 1852 ordines,
2218 1789 2430 1844 scilicet
2454 1790 2687 1858 primus,
2720 1791 2935 1845 medius
2961 1800 3017 1845 et
3043 1788 3290 1852 ultimus,
3328 1790 3575 1844 ostendit
3602 1804 3714 1857 qua

468 1862 680 1913 ratione
708 1860 1041 1928 archangeli,
1071 1862 1161 1930 qui
1187 1860 1347 1915 medii
1377 1871 1503 1915 sunt
1524 1862 1667 1915 inter
1692 1860 1912 1930 angelos
1936 1868 1991 1913 et
2019 1859 2382 1929 principatus,
2417 1860 2663 1930 utrisque
2692 1863 3139 1927 conununicent;
3172 1861 3395 1928 angelos
3413 1872 3598 1914 autem
3633 1864 3715 1915 ait

468 1941 557 1981 res
584 1930 849 1982 humanas
880 1931 1172 1983 moderari.

539 2000 729 2069 Angeli
760 1999 903 2051 enim
958 2003 1117 2054 nobis
1148 2001 1214 2054 ad
1258 2002 1561 2055 custodiam
1618 2002 1860 2070 deputati
1915 2009 2107 2054 tenent
2142 2015 2243 2054 nos
2303 2009 2532 2065 stantes,
2585 2019 2654 2058 ne
2702 2004 3084 2065 cadamus;et
3117 2000 3378 2055 cadentes
3406 2015 3503 2054 nos
3532 2001 3717 2056 suble—

466 2078 597 2148 vant
707 2078 767 2122 ιιι
827 2084 1112 2138 surgamus
1147 2087 1161 2135 ;
1217 2087 1318 2126 nec
1345 2088 1583 2142 unquam
1612 2088 1711 2127 nos
1752 2075 2018 2126 deserunt
2057 2072 2219 2125 etiam
2267 2083 2574 2140 peccantes,
2606 2074 2737 2142 quin
2768 2086 2985 2142 semper
3005 2072 3114 2126 sint
3138 2072 3313 2140 parati
3357 2088 3514 2141 opem
3540 2070 3713 2135 ferre,

468 2153 513 2191 st
555 2154 615 2190 νι·
644 2155 802 2191 imus.

468 2153 513 2192 SI
555 2153 802 2193 Vt'llmlls.

539 2207 793 2281 Ell‘ectus
819 2221 995 2263 autem
1037 2212 1293 2279 angelicae
1322 2212 1580 2267 custodiae
1611 2212 1889 2281 multiplex
1931 2220 2035 2266 est.
2070 2211 2286 2265 Primus
2316 2222 2418 2273 est,
2448 2213 2831 2281 impedimenta
2872 2212 2999 2267 boni
3027 2220 3080 2265 et
3108 2210 3426 2265 occasiones
3453 2210 3583 2264 mali
3622 2227 3714 2266 re-

466 2294 722 2344 movere;
756 2280 924 2333 Exod.
967 2284 1211 2346 xxxnrﬂ
1247 2299 1261 2335 :
1300 2281 1509 2335 Mittam
1569 2280 1811 2350 angelum
1846 2299 2245 2347 prmcursorem.
2283 2286 2371 2350 qui
2401 2280 2577 2351 ejiciat
2605 2282 2927 2337 Jebuswum.
2986 2282 3273 2336 Secundus
3318 2291 3420 2343 est,
3454 2284 3719 2335 tentatio-

468 2365 563 2421 nes
592 2351 861 2418 mitigare,
893 2352 1023 2405 Dan.
1058 2367 1139 2413 ιιι,
1170 2354 1239 2408 49
1270 2370 1281 2405 :
1311 2353 1539 2420 Angelus
1557 2364 1729 2406 autem
1757 2354 1968 2406 Domini
2009 2354 2271 2404 descendit
2306 2369 2422 2421 cum
2461 2355 2661 2406 Asaria
2694 2364 2744 2407 et
2774 2356 2931 2407 sociis
2980 2354 3097 2421 ejus
3149 2352 3205 2404 in
3252 2352 3520 2417 fornacem
3550 2366 3571 2415 ;
3601 2363 3712 2405 etc.

468 2419 689 2492 Tertius
728 2432 830 2484 est,
868 2430 1053 2492 contra
1079 2423 1261 2477 hostes
1292 2418 1534 2477 visibiles
1577 2426 1832 2492 adjuvare
1863 2441 1876 2483 ;
1911 2423 1973 2476 IV
2009 2422 2145 2490 Reg.
2182 2418 2393 2485 ux,35
2427 2440 2439 2474 :
2476 2425 2703 2492 Angelus
2733 2424 2942 2477 Domini
2972 2418 3225 2491 percussit
3253 2422 3305 2472 in
3336 2424 3520 2492 castris
3549 2422 3717 2491 Assy-

468 2490 691 2561 riorum,
755 2500 862 2561 etc.
888 2491 1123 2557 Quartus
1156 2504 1261 2557 est,
1293 2492 1567 2547 orationes
1597 2490 1809 2548 nostras
1840 2506 1888 2546 et
1923 2494 2294 2561 eleenmsynas
2321 2492 2427 2546 Deo
2452 2490 2800 2560 ptwsentare,
2831 2504 2883 2546 et
2910 2490 3007 2561 pro
3036 2494 3189 2545 nobis
3214 2506 3404 2555 orare;
3437 2491 3572 2545 Tob.
3606 2490 3711 2557 xu,

468 2558 537 2633 13
555 2576 578 2633 _:
607 2558 830 2633 Quando
861 2563 1051 2633 arabas
1080 2579 1196 2616 cum
1223 2564 1492 2633 lacrymis,
1536 2574 1672 2628 etc.,
1706 2579 1800 2630 ego
1830 2563 2004 2633 obtuli
2042 2558 2332 2615 orationem
2365 2558 2507 2615 tuam
2538 2564 2778 2617 Domino.
2808 2558 3040 2629 Quintus
3078 2574 3181 2627 est,
3214 2564 3355 2615 viam
3388 2564 3711 2627 Ostendere;

470 2629 603 2686 Tob.
647 2646 698 2695 γ,
728 2631 798 2685 ΞΟ
825 2650 837 2685 :
868 2631 978 2701 Ego
1005 2650 1192 2686 sanum
1227 2629 1415 2687 ducam
1443 2644 1490 2686 et
1520 2629 1787 2685 reducant.
1821 2632 2019 2687 Sextus
2058 2643 2162 2695 est,
2215 2634 2266 2685 in
2308 2634 2529 2700 agendis
2574 2636 2771 2688 docere
2807 2650 2821 2698 ;
2863 2633 3146 2687 Zacharias
3191 2647 3250 2695 tt,
3280 2634 3346 2686 de
3402 2633 3592 2699 angelo
3616 2635 3712 2700 qui

470 2702 729 2755 instruxit
752 2718 897 2755 eum.
920 2700 1216 2771 Septimus
1245 2714 1348 2765 est,
1378 2704 1613 2770 seipsum
1642 2713 1695 2755 et
1718 2703 1823 2757 alia
1860 2712 2070 2759 secreta
2124 2702 2398 2767 revelare;
2440 2700 2571 2756 Tob.
2599 2720 2697 2769 xu,
2724 2704 2790 2758 15
2822 2720 2837 2759 :
2871 2703 2980 2771 Ego
3010 2720 3129 2757 sum
3189 2702 3421 2769 llaphael
3467 2705 3715 2769 angelus,

466 2785 573 2843 e_tc.
611 2772 847 2825 Octavus
875 2780 980 2837 est,
1017 2790 1045 2825 ιι
1070 2776 1307 2838 peccatis
1342 2788 1531 2826 arcere
1558 2789 1571 2836 ;
1608 2772 1804 2827 Genes.
1834 2790 1945 2839 χιχ,
1971 2772 2037 2826 15
2067 2790 2081 2826 :
2111 2771 2341 2843 Cumque
2369 2782 2504 2826 esset
2535 2790 2705 2837 ntane,
2750 2774 2996 2843 cogebant
3050 2790 3168 2826 eum
3199 2774 3405 2843 angeli,
3428 2774 3659 2843 dicentes
3692 2786 3712 2824 :

468 2840 663 2909 Surge,
704 2857 767 2895 ne
792 2853 840 2895 et
869 2853 923 2893 tu
958 2844 1156 2911 pariter
1177 2860 1355 2912 pereas
1379 2844 1433 2894 in
1471 2843 1661 2896 scelere
1691 2844 1936 2899 civitatis.
1978 2843 2162 2897 Nonus
2205 2846 2270 2895 ad
2301 2841 2573 2912 [crvorem
2619 2840 2899 2909 excitare;
2957 2844 3019 2897 ΙΙΙ
3056 2844 3187 2912 Reg.
3221 2840 3343 2907 xix,
3377 2841 3407 2893 Ἰ
3445 2860 3457 2893 :
3491 2840 3661 2909 Surge
3693 2860 3714 2897 :

466 2913 687 2980 grandis
733 2914 871 2965 enim
931 2913 1024 2965 tibi
1080 2911 1238 2967 restat
1287 2921 1394 2967 vta.
1463 2914 1714 2967 Decimus
1767 2924 1873 2979 est,
1938 2912 2250 2975 consolari;
2308 2911 2443 2967 Toh.
2476 2928 2547 2977 v,
2610 2916 2713 2968 15:
2755 2913 2913 2967 Forti
2970 2911 3154 2966 animo
3192 2928 3322 2977 esto,
3371 2913 3427 2965 in
3466 2917 3715 2979 proximo

468 2992 545 3034 est
597 2991 655 3034 ut
713 2998 745 3035 a
798 2981 909 3035 Deo
974 2987 1197 3037 cureris.
1250 2984 1600 3047 Undecimus,
1663 2993 1958 3051 potestates
2000 2983 2307 3037 contrarias
2342 2998 2555 3047 arcere,
2607 3000 2673 3038 ne
2728 2994 2937 3038 tantum
2995 2999 3189 3039 nocere
3239 2988 3479 3045 valeant,
3531 3000 3714 3049 quan-

471 3060 592 3126 tum
622 3053 861 3126 vellent;
898 3051 1031 3126 Tob.
1076 3069 1168 3107 vut
1204 3095 1219 3121 ,
1249 3056 1286 3126 _'5
1318 3094 1342 3126 ,_
1379 3054 1724 3126 ubiangelus
1772 3055 2115 3126 Asinodmum
2173 3053 2375 3123 ligavit.
2433 3054 2797 3109 Duodecimus
2831 3056 2899 3109 de
2945 3066 3171 3126 peccato
3207 3055 3525 3123 increpare;
3580 3052 3711 3108 Jud.

471 3120 598 3193 ",2
631 3138 644 3173 :
679 3122 1067 3193 Dixitangelus
1097 3124 1289 3193 papqu
1315 3123 1525 3177 Israel:
1558 3122 1666 3176 Cur
1686 3124 1783 3175 hoc
1813 3125 2008 3193 fecistis
2034 3126 2059 3178 1’
2086 3137 2194 3179 etc.

542 3192 569 3262 δ
604 3194 697 3245 lll.
731 3191 934 3266 Reddit
965 3191 1256 3259 rationem,
1300 3210 1419 3259 cur,
1445 3209 1567 3246 cum
1592 3195 1768 3262 angeli
1806 3191 2081 3248 hominum
2116 3194 2379 3266 prtesidcs
2408 3195 2515 3248 sint
2543 3205 2596 3248 et
2630 3194 2899 3260 titulares,
2938 3207 3117 3252 tamen
3149 3196 3327 3251 adhuc
3355 3206 3466 3249 tam
3528 3193 3714 3248 multa:

470 3274 721 3336 nationes
756 3264 1001 3336 inlideles
1065 3268 1429 3336 reperiantur,
1463 3279 1529 3317 ac
1563 3274 1789 3333 pereant
1818 3284 1831 3317 :
1864 3274 1920 3318 et
1947 3264 2185 3336 ostendit
2218 3267 2268 3318 id
2321 3280 2389 3318 ex
2430 3267 2711 3320 hominum
2766 3268 2970 3320 malitia
3017 3269 3329 3336 provenire,
3360 3280 3581 3319 suavem
3614 3282 3716 3315 an-

468 3334 715 3406 gelorum
752 3334 973 3406 ductum
1029 3334 1182 3406 sequi
1224 3335 1548 3406 nolentium,
1575 3346 1630 3387 et
1665 3349 1728 3406 ex
1762 3350 1930 3403 pravo
1980 3350 2077 3387 usu
2110 3335 2411 3391 libertatis:
2450 3336 2615 3390 Deum
2649 3336 2793 3390 enim
2827 3348 2883 3391 et
2911 3334 3134 3405 angelos
3183 3352 3247 3390 ex
3280 3348 3435 3406 parte
3485 3349 3580 3388 sua
3616 3350 3715 3385 ne-

469 3404 600 3477 nrini
642 3404 848 3477 deesse,
882 3405 976 3457 sed
998 3403 1431 3477 omnibus,solis
1461 3403 1657 3477 in_s_tar,
1684 3405 2110 3477 benelicossuos
2143 3406 2328 3458 radios
2350 3406 2680 3477 espanderc,
2708 3407 2772 3457 ad
2799 3422 2937 3476 quos
2955 3403 3015 3462 se
3038 3403 3446 3477 engentiiitatis
3472 3406 3713 3457 tenebris

471 3472 564 3546 _Dci
592 3473 793 3546 gratia
821 3474 1116 3528 emersisse
1150 3475 1465 3546 conﬁtetur.
1514 3472 1626 3527 Hoc
1665 3476 1827 3527 etiam
1858 3475 2054 3546 probat
2084 3476 2333 3543 exetrtplo
2358 3472 3067 3546 Melchisedechifquignon
3094 3472 3268 3533 solum
3296 3493 3327 3531 e
3370 3478 3623 3545 gentibus
3644 3481 3713 3527 att

470 3540 650 3619 lumen
682 3542 1212 3619 veritatistetnersit,
1244 3559 1429 3599 verum
1461 3554 1629 3596 etiam
1654 3546 1776 3598 aliis
1804 3540 2077 3613 praelusit,
2110 3540 2274 3613 atque
2304 3549 2561 3599 sacerdos
2586 3560 2831 3602 saturnus
2856 3540 3118 3600 "ellectus
3153 3586 3168 3613 ,
3238 3540 3529 3616 ipsiu'smet
3558 3547 3717 3599 (λιιι-ιο

469 3613 539 3665 sti
581 3624 734 3665 tvous
757 3613 983 3664 exstitit.
1005 3626 1014 3648 ι

581 3625 592 3661 I
675 3627 734 3661 us
757 3625 821 3662 ex
858 3625 1014 3662 tun.-

542 3677 569 3751 §
720 3626 988 3759 Ostgndit,
1022 3689 1226 3760 quanta
1255 3683 1435 3760 Delia
1466 3700 1659 3739 omnes
1689 3686 2030 3760 providentia
2056 3698 2163 3739 non
2195 3685 2369 3760 solum
2391 3683 2600 3760 iudicis
2617 3684 2710 3738 sed
2739 3685 2861 3741 aliis
2880 3689 3041 3741 etiam
3070 3689 3323 3760 gentibus
3354 3687 3534 3758 angeli
3569 3697 3715 3739 tute-

469 3749 611 3802 lares
640 3750 751 3829 tlau
782 3749 911 3829 sint,
936 3760 993 3802 ut
1017 3752 1214 3829 probat
1234 3752 1620 3829 _in_Pharaone
1654 3749 1707 3829 et
1738 3756 2296 3829 Nabucrhodonosore,
2322 3754 2665 3829 89_quibus
2690 3771 2792 3829 per
2814 3762 3037 3829 angelos
3066 3749 3305 3815 visiones
3337 3749 3712 3826 corﬁigerunt.

468 3834 606 3897 quas
631 3816 827 3897 J‘oseph
855 3816 1245 3897 latque_l_)ani_c|
1279 3824 1345 3875 ab
1379 3826 1590 3890 angelis
1622 3828 1800 3879 edocti
1834 3828 1965 3894 ipsis
1996 3816 2425 3897 explicuerun't.‘
2442 3816 2712 3897 Etsiruul'
2739 3816 2963 3897 exponit
3022 3831 3157 3884 illud
3215 3830 3371 3883 Deut.
3416 3816 3599 3897 χχῖιι,
3625 3830 3661 3881 8
3698 3816 3711 3878 ἐ

470 3890 981 3969 ρααιιάιζιαιυιάςὸαι
1013 3889 1315 3969 Altissimus
1342 3889 1785 3969 gentes,_stutu_it
1853 3889 2105 3969 luminas
2138 3896 2464 3969 populorum
2503 3896 2664 3969 juxta
2711 3889 2981 3969 nun-terum
3026 3899 3335 3969 angelorum
3390 3900 3507 3953 Dei.
3572 3896 3713 3949 Pars

467 3968 645 4011 autem
677 3956 892 4039 Domini
916 3960 1299 4039 papulusejus,
1336 3956 1501 4039 Jacob
1550 3963 1821 4039 funiculus
1849 3956 2175 4039 ltwreditatis
2198 3956 2377 4039 ejus;
2408 3956 2549 4039 quod
2582 3980 2686 4019 non
2718 3968 2792 4021 ita
2822 3956 3230 4039 intelligendum
3254 3970 3353 4035 ait,
3378 3970 3532 4039 quasi
3571 3969 3716 4021 Deus

468 4040 697 4109 caeteras
759 4038 979 4109 gentes-
1010 4030 1218 4109 angelts
1266 4030 1817 4109 re_gendas'de_derit,
1867 4035 1984 4109 solo
2045 4030 2245 4109 Isracle
2272 4030 2497 4109 sibi,’id_
2534 4046 2619 4090 est
2668 4053 2778 4091 sua:
2823 4030 3180 4107 providentia!
3222 4049 3279 4092 et
3327 4030 3713 4109 gubernationi

471 4107 719 4181 retento,
782 4106 863 4181 ut,
893 4098 1290 4181 videlicet'ipse
1316 4098 1571 4181 l’sraelem
1619 4104 1738 4157 sine
1777 4105 1990 4172 angelis
2028 4106 2147 4181 _vel_
2176 4106 2645 4181 aagelrreliqnas
2693 4098 2887 4177 gentes
2934 4118 3187 4181 regerent
3234 4098 3361 4180 quia
3414 4122 3470 4164 et
3518 4107 3713 4181 lsraeli

468 4167 1013 4253 bliccliaellprwlectus
1064 4170 1287 4253 legitur.
1309 4180 1363 4225 et
1397 4170 1539 4253 Deus
1589 4188 1779 4227 omnes
1809 4167 2000 4253 gerites
2028 4174 2079 4227 in
2110 4167 2429 4253 _S_cripturis_
2445 4167 2731 4253 possidere
2777 4190 2832 4232 et
2858 4167 3168 4251 gubernare
3210 4167 3582 4246 memoratur;
3616 4180 3715 4232 sed

469 4240 541 4316 ita
571 4240 1113 4316 intelligernluurest,
1142 4242 1289 4316 quod
1323 4256 1448 4316 c_urn
1502 4244 1642 4316 Deus
1688 4240 1944 4316 omnibus
1976 4240 2255 4313 gentibus'
2275 4240 2499 4316 angelos
2524 4247 2755 4316 dederit,
2798 4240 3075 4307 utveorum
3135 4252 3388 4311 ductibus
3418 4254 3485 4307 ad
3511 4240 3716 4307 verita-

469 4311 539 4368 tis
568 4312 745 4366 lumen
774 4310 1145 4380 pervenirent,
1173 4312 1322 4365 solus
1350 4311 1517 4366 lsrael
1549 4314 1724 4383 reipsa
1755 4314 1822 4367 ad
1857 4310 2043 4368 veru—nt
2072 4310 2373 4370 conversus
2400 4315 2493 4372 sit.

1501 4621 1992 4680 PARAPllRASlS
2042 4621 2491 4678 manus“;
2519 4622 2652 4693 (ιι).

536 4779 564 4851 §
596 4777 636 4837 1,
667 4779 953 4851 Reliquum
997 4786 1104 4843 est,
1133 4785 1191 4831 ut
1220 4776 1384 4831 etiam
1418 4775 1484 4830 de
1539 4776 1837 4832 novissimo
1889 4777 2034 4831 trino
2064 4800 2079 4846 λ

2211 4778 2240 4851 §
2276 4781 2318 4832 l.
2366 4778 2672 4831 Ἑπίλοιπον
2696 4778 2761 4831 ἂν
2794 4778 2881 4848 εἴη
2913 4778 3093 4844 λέγειν
3121 4776 3217 4828 καὶ
3248 4776 3378 4847 περὶ
3407 4774 3511 4846 τῆς
3550 4776 3709 4847 toxi-

461 4875 653 4926 ordine
689 4873 953 4935 dicamus,
1000 4870 1091 4939 qui
1122 4868 1771 4936 constatprincipatibus,
1800 4869 2002 4921 archan

2173 4887 2234 4942 ης
2256 4870 2537 4942 τριαδικῆς
2585 4868 2808 4933 τάξεως,
2838 4869 2946 4921 ἀπό
2984 4885 3042 4920 τε
3083 4868 3191 4920 τῶν
3227 4867 3432 4937 ἀρχῶν,
3465 4866 3577 4918 τῶν
3612 4868 3716 4937 ἀρ-

463 4966 599 5035 gelis
634 4972 693 5016 et
721 4961 949 5030 angelis,
994 4976 1024 5015 e
1046 4961 1241 5028 quibus
1269 4960 1654 5013 concinnatur:
1689 4974 1753 5013 ac
1798 4961 2006 5028 primun

2179 4962 2438 5031 αγγέλων,
2474 4961 2568 5014 καὶ
2611 4960 2721 5014 τῶν
2773 4960 3019 5028 ἀγγέλων
3078 4959 3574 5029 συμπληρουμένης
3624 4963 3722 5012 καὶ

463 5073 569 5111 non
596 5054 693 5108 abs
731 5068 791 5107 re
820 5052 999 5116 fuerit,
1018 5065 1117 5120 pro
1144 5050 1285 5103 virili
1315 5049 1588 5119 explicare
1633 5062 1913 5102 sacrorum
1940 5063 2004 5100 eo

2179 5053 2605 5123 ιακοσμουμένης
2634 5070 2646 5082 ·
2693 5054 2788 5105 καὶ
2834 5052 3049 5122 πρῶτον
3081 5052 3145 5104 ἂν
3173 5052 3259 5119 εἴη
3288 5050 3450 5102 καλὸν
3484 5050 3635 5103 κατὰ
3656 5050 3722 5104 τὸ

464 5163 582 5203 rum
614 5145 893 5199 nominum
944 5142 1392 5211 signiﬁcationes.
1434 5137 1639 5192 Nomen
1673 5139 1853 5207 itaque
1882 5139 2003 5206 prin

2181 5144 2359 5197 δνατὸν
2391 5144 2488 5205 τὰς
2520 5144 2627 5195 τῶν
2660 5144 2983 5213 ὲπωνυμιῶν
3039 5142 3365 5214 ὲκδηλώσεις
3388 5144 3583 5194 εἰπεῖν.
3644 5139 3724 5195 Τὸ

461 5242 775 5310 cipstuum,
827 5234 1162 5291 deiformiter
1210 5243 1267 5287 et
1323 5233 1388 5287 ad
1448 5233 1544 5286 Dei
1602 5231 2004 5286 similitudinem

2178 5233 2269 5286 οὖν
2313 5234 2423 5286 τῶν
2487 5233 2672 5305 ἀρχῶν
2720 5235 2888 5305 ὄνομα
2929 5235 2997 5303 τὸ,
3035 5232 3284 5296 Θεοειδῶς
3323 5234 3419 5285 καὶ
3465 5233 3545 5303 τῷ
3593 5234 3720 5301 Θεῷ

463 5332 802 5406 principandi
869 5345 932 5385 ac
997 5327 1332 5398 gubernandi
1392 5335 1716 5396 potestatem
1776 5326 2006 5379 declarat

2179 5326 2485 5396 μοιωμὲνως
2509 5325 2733 5397 ἀρχικὸν
2788 5326 2967 5379 αὐτῶν
3026 5327 3117 5379 καὶ
3147 5326 3472 5396 ἡγεμονικὸν
3540 5324 3722 5395 δηλοῖ.

463 5427 584 5482 Jam
643 5440 770 5479 vero
802 5437 924 5477 curn
959 5422 1187 5475 ducatus
1216 5419 1380 5472 etiam
1436 5419 1487 5469 in
1528 5417 1719 5471 ordine
1756 5424 2006 5486 appareat

2184 5418 2284 5480 έως
2335 5419 2391 5472 δὲ
2425 5421 2610 5490 ἐπειὴ
2657 5419 2917 5490 ἡγεμονία
2974 5420 3031 5471 ἐν
3084 5420 3235 5485 τάξει
3270 5420 3537 5489 φαίνεται,
3578 5419 3727 5490 μετὰ

464 5537 587 5574 cum
609 5516 1079 5582 ordine,inquam,
1111 5526 1269 5566 sacro
1290 5520 1346 5564 et
1378 5509 1684 5565 istiusmodi
1704 5508 2007 5578 principati

2183 5508 2338 5573 ἱξεώς
2371 5527 2511 5581 φημι.
2541 5512 2691 5580 ἱερᾶς
2742 5511 2836 5563 καὶ
2864 5512 3247 5582 προσηκούσης
3291 5511 3572 5573 τοιαύταις
3617 5512 3726 5582 ἁρ-

466 5615 565 5668 bus
591 5627 655 5665 ac
701 5608 995 5664 virtutibus
1018 5604 1383 5669 convenienti,
1416 5612 1576 5671 atque
1602 5602 1737 5655 alias
1764 5603 1927 5655 etiam
1958 5618 2009 5653 at

2181 5603 2257 5663 κῖς
2296 5605 2388 5657 καὶ
2423 5603 2744 5673 δυνάμεσιν,
2782 5603 2954 5667 ἄλλως
2988 5621 3046 5658 τε
3080 5606 3173 5657 καὶ
3222 5603 3358 5673 πρὸς
3390 5603 3487 5673 τὴν
3535 5603 3724 5674 ἀρχὴν

537 5787 648 5857 (lt)
674 5785 809 5842 Vide
837 5783 1004 5841 schol.
1032 5783 1089 5838 S.
1120 5780 1337 5838 Maximi
1380 5790 1507 5835 toni.
1544 5778 1605 5844 ll,
1632 5793 1753 5847 cap.
1788 5776 1845 5835 9.
