3908 6232
161 327 263 384 255

694 329 781 382 DE
818 310 1145 383 COELESTI
1189 324 1636 389 lllERAllCIIIA,
1672 322 1825 379 CAP.
1867 321 1959 378 IX.
1998 352 2070 364 —-
2105 319 2453 377 PARAPHB.
2490 319 2966 378 PACllYMER/E.

3327 327 3436 383 εδδ

157 446 253 514 τὴν
286 444 468 506 ὅντως
504 444 599 496 καὶ
632 444 969 513 ὑπεράρχιον
1019 441 1215 505 ὁλικῶς
1234 439 1641 510 ἐπεστράφθαι·
1681 438 1755 499 ὡς

1866 453 2050 489 verum
2101 452 2167 491 ac
2209 435 2735 505 superprincipalcm
2779 438 3147 509 principatum
3192 445 3437 498 totalitcr

160 534 264 603 γάρ
292 535 565 603 φωτεινὸς
621 536 649 586 ό
685 533 1137 605 ἐπεστραμμένος
1184 532 1321 604 πρὸς
1375 530 1563 601 ἥλιον,
1613 528 1757 581 οὕτω

154 626 249 678 καὶ
302 628 479 695 ἀρχαί¹
528 626 585 677 αἱ
632 625 767 696 πρὸς
816 626 988 697 ἀρχὴν
1040 626 1141 696 τὴν
1183 623 1516 695 ὑπεράρχιον
1549 618 1759 692 ἀφορῶ-

155 736 267 772 σαι.
322 721 399 772 Ἦ
434 720 531 772 καὶ
554 718 763 782 άλλως·
796 719 941 771 Διότι
977 718 1179 790 ἐτέρων
1213 716 1494 788 ἡγοῦνται,
1547 716 1756 788 ἀρχαγ-

154 809 336 878 γέλων
374 811 518 879 φημὶ
566 810 661 863 καὶ
701 810 971 877 ἀγγέλων,
1032 809 1169 880 πρὸς
1200 808 1297 879 τὴν
1336 809 1592 877 τοιαύτην
1635 808 1757 859 επι-

154 902 424 973 στροφὴν,
450 904 546 955 καὶ
572 901 662 955 διὰ
681 901 743 955 τὸ
793 902 929 973 πρὸς
957 901 1124 972 αὐτὴν
1148 900 1361 971 εκείνην
1383 899 1481 971 τὴν
1516 899 1759 970 ὑπεράρ-

155 1009 275 1061 χιον
341 993 522 1063 ἀρχὴν
548 1032 565 1057 ,
611 990 711 1063 τὴν
772 992 867 1045 καὶ
922 990 1022 1053 τὰς
1070 990 1245 1062 ἀρχὰς
1300 991 1605 1060 ποιήσασαν
1664 987 1758 1042 καὶ

154 1084 677 1156 δημιουργήσασαν,
718 1084 1151 1149 ἀποτυποῦσθαι,
1202 1084 1296 1137 καὶ⁸
1332 1085 1426 1136 ἐπὶ
1454 1082 1521 1136 τά
1554 1083 1758 1153 ἀόρατα

154 1178 325 1231 αὑτοῦ
358 1181 475 1242 τοῖς
512 1180 779 1249 ποιήμασι
821 1178 1087 1250 νοούμενα
1112 1176 1452 1248 καθορῶνται
1497 1175 1642 1230 κατὰ
1666 1174 1758 1229 τὸν

168 1269 528 1324 Ἀπόστολον.
578 1272 693 1325 Οὐκ
729 1271 925 1342 ἔχομεν
949 1271 1007 1324 δὲ
1056 1270 1254 1324 εἰδέναι
1300 1270 1399 1340 τὴν
1433 1267 1758 1340 ὑπερούσιον

157 1364 387 1435 ἐκείνην
416 1365 594 1435 ἀρχὴν
618 1364 728 1417 τῶν
762 1362 994 1418 ἀπασῶν
1030 1363 1257 1429 τάξεων.
1300 1360 1754 1432 Ἐπωνυμοῦνται

152 1455 349 1524 ἀρχαὶ,
389 1455 469 1518 ὼς
516 1454 734 1524 ἐκείνην
782 1454 879 1525 τὴν
922 1453 1095 1525 ἀρχὴν
1130 1452 1554 1522 ἀναφαίνουσαι,
1594 1452 1651 1503 ὲν
1677 1447 1758 1520 τῷ

153 1548 405 1613 δυνατῶς
430 1549 528 1602 καὶ
558 1548 681 1602 καθ’
707 1548 820 1615 ἕξιν
839 1548 982 1618 ἔχειν
1010 1548 1181 1618 αὐτὴν
1214 1546 1351 1618 πρὸς
1375 1547 1474 1617 τὴν
1498 1543 1757 1615 τοιαύτην

154 1636 399 1708 ἀρχικὴν
433 1635 736 1706 εὐκοσμίαν
769 1653 828 1688 τε
868 1636 961 1689 καὶ
990 1635 1349 1689 κατάστασιν.

1862 538 2252 581 convertantur
2279 545 2293 580 :
2320 528 2463 581 sicut
2492 529 2637 581 enim
2678 528 2886 585 lucidus
2906 531 3231 603 exsistitqui
3261 536 3327 590 ad
3354 552 3432 589 so-

1862 618 1963 673 lem
1994 634 2292 674 conversus
2320 628 2428 684 est,
2464 620 2539 673 ita
2569 634 2786 688 quoque
2842 622 3203 693 principatus,
3232 625 3324 694 qui
3374 630 3441 681 ad

1862 706 2223 782 principatum
2246 714 2766 785 supcrprincipalem
2796 717 3096 770 intuentur.
3153 717 3247 773 Vel
3274 718 3439 772 etiam

1862 802 2056 856 aliter:
2093 802 2361 869 Quoniam
2414 803 2556 868 aliis,
2588 806 2949 874 archangelis,
2981 807 3230 877 inquam,
3262 818 3319 863 et
3345 824 3443 862 an-

1866 893 2024 963 gelis,
2047 892 2216 948 duces
2248 901 2376 949 sunt
2413 895 2719 950 istiusmodi
2752 884 3149 964 conversionis,
3199 898 3442 969 adeoque

1860 985 1927 1038 ad
1968 985 2490 1056 superprinripalem
2545 988 2696 1042 illum
2746 990 2921 1057 ipsum
2976 991 3344 1060 principatum
3375 1008 3439 1047 ac

1860 1087 2183 1131 caeterorum
2245 1078 2641 1148 principatuum
2705 1092 2985 1136 auctorem
3014 1092 3067 1137 et
3099 1085 3438 1139 conditorem

1860 1166 2331 1232 conformationis,
2359 1178 2434 1234 et,
2480 1173 2778 1226 secundum
2825 1174 3172 1241 Apostolum,
3198 1175 3264 1228 ad
3298 1176 3439 1230 invi-

1861 1259 2038 1314 sibilia
2067 1261 2233 1328 ipsius
2262 1263 2531 1316 creaturis
2560 1262 2835 1317 intellecta
2862 1274 3199 1320 contuentur
3234 1274 3281 1319 ο.
3318 1267 3435 1321 Non

1860 1365 2152 1419 possumus
2186 1360 2367 1404 autem
2420 1366 2583 1405 nosse
2629 1354 3105 1422 supernaturalem
3141 1355 3289 1409 illum
3321 1372 3441 1411 ont-

1861 1443 2010 1497 uium
2041 1442 2295 1496 ordinum
2330 1443 2720 1511 principatum.
2746 1444 3105 1513 Appellantur
3131 1461 3261 1501 vero
3285 1448 3438 1517 priu-

1858 1534 2116 1606 cipatus,
2174 1535 2319 1605 quod
2378 1535 2743 1604 principatum
2823 1536 2977 1592 illuni
3030 1540 3435 1607 manifestent,

1859 1636 2114 1696 potenter
2170 1637 2226 1683 et
2282 1628 2637 1682 babitualiter
2669 1642 2796 1682 eum
2846 1630 2911 1684 ad
2943 1631 3301 1702 principalem
3354 1644 3439 1689 ta-

1864 1718 1967 1772 lem
2022 1728 2279 1773 ornatum
2328 1733 2393 1774 ac
2423 1730 2631 1774 statum
2653 1719 2975 1778 obtinendo.

228 1815 258 1887 ς
286 1818 361 1870 ΙΙ.
420 1816 490 1869 Ἠ
522 1813 578 1868 δὲ
605 1814 715 1868 τῶν
760 1815 931 1883 ἁγίων
959 1811 1317 1884 ἀρχαγγέλων
1350 1809 1469 1862 ἐστὶ
1512 1808 1610 1880 μὲν
1636 1810 1755 1879 ὁμο-

1936 1808 1964 1881 §
2013 1810 2082 1865 II.
2121 1810 2448 1867 Sanctorum
2483 1828 2617 1869 vero
2668 1815 3127 1885 archangelorum
3163 1816 3300 1874 ordo
3325 1834 3440 1876 εω-

153 1908 331 1979 ταγὴς
360 1911 487 1971 ταῖς
518 1907 800 1979 ῥηθείσαις
826 1903 1106 1977 οὐρανίαις
1145 1904 1362 1974 ἀρχαῖς,
1399 1900 1536 1973 (μία
1583 1901 1691 1973 γάρ
1726 1903 1762 1972 ἡ

158 1999 442 2070 ἱεραρχία,
504 1996 685 2050 αὐτῶν
742 2013 805 2049 τε
837 1994 1079 2067 δηλονότι
1138 1993 1247 2046 τῶν
1294 1992 1500 2065 ἀρχῶν,
1532 1994 1623 2046 καὶ
1656 1992 1762 2046 τῶν

156 2091 546 2162 ἀρχαγγέλων,
578 2090 674 2142 καὶ
729 2088 811 2141 ἔτι
866 2086 975 2140 τῶν
1008 2085 1257 2155 ἀγγέλων
1306 2084 1509 2149 αὐτῶν,
1545 2083 1642 2137 καὶ
1673 2082 1763 2137 διά

151 2182 317 2235 τοῦτο
355 2183 439 2245 εἰς
481 2181 611 2252 μίαν
635 2179 791 2247 τάξιν
831 2177 1365 2251 περιλαμϐάνονται’
1414 2175 1467 2227 τί
1494 2173 1604 2246 γάρ
1634 2174 1762 2228 ἀλλο

154 2274 293 2326 είσὶν
324 2274 377 2325 οἱ
407 2271 746 2344 ἀρχάγγελοι
773 2312 789 2336 ,
813 2272 862 2323 εί
905 2270 980 2341 μὴ
1027 2269 1214 2340 τάγμα
1246 2267 1307 2333 ἐξ
1331 2265 1515 2338 ἀρχῶν
1540 2266 1634 2320 καὶ
1658 2266 1761 2335 ἀγ·-

157 2366 337 2435 γέλων
370 2366 735 2436 συγκείμενον
756 2363 807 2435 ;)
842 2363 956 2417 ἀλλ’
982 2362 1170 2433 ἐπειδὴ
1195 2360 1295 2413 οὐκ
1322 2358 1468 2412 ἐστιν
1487 2358 1758 2432 ίεραρχία,

157 2458 232 2528 μὴ
263 2456 498 2528 πρώτας
515 2456 608 2511 καὶ
644 2457 817 2528 μέσας
858 2455 954 2510 καὶ
981 2453 1300 2517 τελευταίας
1323 2452 1582 2523 δυνάμεις
1608 2450 1761 2521 ἔχου-

156 2564 244 2613 σα,
275 2548 372 2601 διὰ
396 2548 558 2601 τοῦτο
596 2549 630 2619 ἡ
657 2546 769 2600 τῶν
797 2545 1157 2619 ἀρχαγγέλων
1178 2542 1352 2610 τάξις,
1386 2542 1464 2605 ὡς
1503 2542 1757 2614 μεσότης,

153 2638 264 2691 τῶν
300 2638 497 2709 ἄκρων
541 2636 1004 2707 ἀντιλαμϐάνεται
1034 2635 1177 2689 κατά
1222 2651 1343 2687 τινα
1380 2633 1472 2687 καὶ
1522 2631 1760 2703 ἀμφοτέ-

157 2748 270 2801 ρων
322 2730 639 2783 κοινωνίαν.
688 2730 821 2791 Ταῖς
874 2728 975 2799 μὲν
1019 2728 1219 2799 ἀρχαῖς
1257 2726 1523 2790 κοινωνεῖ,
1551 2725 1633 2778 ὅτι
1666 2726 1760 2778 καὶ

153 2821 298 2893 αὐτὴ
329 2820 473 2893 πρὸς
525 2821 625 2892 τὴν
652 2818 978 2891 ὑπερούσιον
1026 2817 1221 2889 ἀρχὴν,
1250 2817 1343 2871 τὸν
1384 2816 1536 2880 Θεὸν,
1561 2815 1760 2881 ὑλικῶς

152 2914 565 2984 ὲπέστραπται,
606 2913 701 2965 καὶ
736 2911 873 2982 πρὸς
896 2910 1115 2982 ἐκείνην
1149 2908 1547 2974 ἀποτυποῦται,
1574 2908 1759 2974 καθὼς

156 3006 269 3076 ἄρα
326 3004 428 3057 καὶ
461 3005 518 3056 αἱ
552 3002 754 3075 ἀρχαίο
790 3004 883 3056 καὶ
930 3003 1053 3056 ἐπεὶ
1100 3002 1157 3055 αἱ
1218 3001 1386 3072 ἀρχαὶ
1432 2999 1759 3073 ἡγεμονικαί

151 3101 259 3151 εἰσι
281 3100 383 3151 καὶ
405 3097 664 3162 ἐνοποιοὶ,
700 3095 777 3168 μὴ
808 3096 974 3149 ἐῶσαι
1006 3095 1107 3159 τὰς
1131 3092 1314 3159 τάξεις
1338 3093 1754 3157 σκεδάννυσθαι,

151 3188 473 3241 ὲνοποιοῦσι
499 3189 735 3252 καὶτοὺς
760 3189 1026 3257 ἀγγέλους
1057 3187 1342 3257 εὐκόσμως
1363 3186 1456 3239 καὶ
1482 3186 1757 3240 τάττουσι.

150 3281 282 3344 Τοῖς
335 3281 395 3332 δὲ
441 3281 700 3350 ἀγγέλοις
728 3279 889 3333 πάλιν
919 3282 1187 3343 κοινωνεῖ,
1230 3280 1311 3333 ὅτι
1340 3278 1447 3331 εἰσὶ
1479 3278 1573 3333 καὶ
1600 3272 1759 3332 αῦται

150 3374 253 3445 τῆς
283 3376 638 3446 ὑποφητικῆς
665 3374 891 3441 τάξεως,
926 3376 1021 3427 καὶ
1048 3374 1397 3443 ὑποδέχονται
1438 3372 1537 3436 τὰς
1570 3371 1763 3441 ἐλλάμ-

150 3468 273 3537 ψεις
332 3468 426 3521 διὰ
457 3468 567 3521 τῶν
602 3466 835 3539 πρώτων
859 3468 1163 3538 δυνάμεων.
1195 3467 1304 3519 Καὶ
1326 3465 1501 3529 ἄλλως
1525 3468 1636 3528 τοῖς
1660 3467 1760 3534 ἀγ-

152 3561 337 3629 γέλοις
373 3559 729 3613 κοινωνοῦσιν
763 3561 817 3613 αἱ
856 3560 1042 3631 μέσαι,
1088 3561 1173 3612 ὃτι
1216 3558 1422 3621 ταύτας
1462 3556 1563 3621 τὰς
1607 3557 1759 3621 θείας

153 3653 462 3724 ὲλλάμψεις
484 3654 600 3715 τοῖς
625 3652 879 3721 ἀγγέλοις
905 3651 1251 3721 ἀγγέλλουσι,
1286 3652 1380 3703 καὶ
1423 3650 1490 3703 δι’
1511 3648 1757 3718 ἀγγέλων

152 3747 289 3818 ἡμῖν
340 3745 736 3814 ἀναφαίνουσι’
797 3745 879 3798 διὸ
921 3742 1053 3813 γοῦν
1102 3744 1196 3796 καὶ
1248 3743 1390 3796 κατά
1434 3741 1594 3795 τοῦτο
1644 3744 1758 3805 τοῖς

154 3839 418 3907 ἀγγέλοις
468 3836 817 3890 κοινωνοῦσιν
838 3877 854 3902 ,
913 3837 998 3890 ὅτι
1044 3838 1159 3900 τοῖς
1222 3835 1472 3904 ἀγγέλοις
1517 3834 1756 3906 χρῶνται

157 3932 294 4003 πρὸς
316 3932 421 3994 τάς
466 3932 603 4002 πρὸς
655 3932 805 4002 ἡμᾶς
862 3930 1259 4002 δηλοποιήσεις,
1291 3927 1433 3981 κατά
1465 3927 1756 3996 ἀναλογίαν

155 4022 263 4077 τῶν
298 4024 413 4077 ἀπὸ
438 4022 576 4076 Θεοῦ
613 4022 1060 4094 ὲλλαμπομένων.
1099 4023 1161 4075 Οἱ
1220 4020 1329 4092 γὰρ
1377 4021 1619 4090 ἄγγελοι,
1667 4021 1755 4073 ἵνα

158 4119 252 4170 καὶ
284 4118 421 4188 περὶ
456 4114 640 4167 αὐτῶν
683 4115 930 4185 εἴπωμεν
953 4152 968 4177 ,
1028 4113 1477 4186 συμπληρωικοί
1518 4115 1622 4167 εἰσι
1651 4113 1755 4166 πά-

160 4227 257 4281 σης
320 4207 580 4280 οὐρανίου
627 4208 1060 4281 διακοσμήσεως,
1104 4208 1245 4280 πλὴν
1290 4206 1432 4261 κατά
1466 4208 1527 4261 τὸ
1567 4208 1753 4261 τελευ-

156 4307 304 4355 nim
357 4304 452 4355 καὶ
506 4300 569 4354 τὺ
632 4299 858 4370 ἔσχατον
884 4317 897 4329 ο
979 4298 1359 4371 συμπληροῦσι
1408 4298 1517 4371 γὰρ
1557 4300 1650 4353 καὶ
1703 4299 1751 4351 οἱ

159 4394 363 4466 θρόνοι,
400 4392 540 4447 ἀλλά
580 4392 722 4447 κατά
752 4393 812 4445 τὸ
834 4391 1073 4463 πρῶτον,
1118 4393 1213 4445 καὶ
1266 4391 1355 4445 διά
1384 4392 1543 4444 τοῦτο
1571 4392 1750 4462 ἔχουσι

1865 1904 2096 1961 lestibus
2150 1907 2371 1977 quidem
2442 1908 2566 1965 istis
2617 1910 3020 1981 principatibus
3086 1915 3313 1985 aequalis
3353 1927 3443 1973 est

1871 1996 2020 2066 (nam
2057 2013 2164 2051 una
2212 2008 2298 2053 est
2327 1999 2657 2067 hierarcbia,
2705 2003 2947 2072 ipsorum
2985 2018 3181 2073 nempe
3231 2007 3441 2075 princi-

1864 2098 2114 2157 patuum,
2158 2100 2214 2145 et
2256 2092 2736 2163 archangelorum,
2763 2108 2929 2165 atque
2973 2096 3215 2165 ipsorum
3270 2098 3439 2153 etiam

1864 2183 2211 2249 angelorum,
2240 2194 2406 2253 atque
2456 2186 2664 2241 idcirco
2726 2186 2795 2242 ad
2851 2202 3017 2243 unum
3056 2189 3307 2244 ordinem
3355 2206 3442 2245 re-

1865 2275 2160 2330 ducuntur.
2202 2277 2343 2343 Quid
2388 2277 2537 2334 enim
2563 2276 2709 2331 aliud
2741 2287 2867 2332 sunt
2895 2280 3238 2351 archangeli,
3268 2296 3433 2352 quam

1861 2368 1999 2422 ordo
2023 2383 2089 2423 ex
2132 2370 2528 2440 principatibus
2575 2376 2631 2427 et
2674 2373 2881 2442 angelis
2918 2373 3261 2446 conﬂatus?)
3293 2392 3308 2429 :
3340 2390 3440 2431 ve-

1862 2475 2008 2528 rum,
2045 2476 2168 2515 cum
2198 2463 2343 2517 nulla
2394 2463 2464 2519 sit
2500 2464 2849 2531 hierarchia,
2901 2480 3025 2534 qua:
3069 2482 3175 2522 non
3234 2467 3441 2538 primas

1860 2563 1916 2605 et
1960 2552 2170 2608 medias
2218 2564 2272 2610 et
2331 2566 2637 2626 postremas
2683 2559 2913 2612 virtutes
2963 2558 3191 2630 habeat,
3240 2561 3443 2622 idcirco

1861 2644 2312 2716 archangelorum
2360 2650 2492 2705 ordo
2524 2660 2781 2721 tanquam
2830 2653 3117 2722 medietas,
3168 2670 3443 2719 extremas

1861 2736 2259 2802 quodammodo
2284 2738 2395 2809 90
2416 2739 2797 2810 complectitur
2819 2751 3171 2815 utrarumque
3201 2762 3412 2803 continu
3427 2778 3445 2791 -

1863 2828 2157 2883 nicatione.
2190 2829 2470 2901 Siquidem
2491 2836 2861 2891 communicat
2878 2836 3291 2907 principatibus,
3310 2856 3446 2911 quo-

1861 2920 2007 2974 niani
2043 2921 2109 2974 ad
2135 2925 2646 2991 superessentialem
2672 2941 2890 2996 quoque
2920 2928 3310 2999 principatum,
3336 2932 3444 2987 sci-

1860 3010 1989 3065 licet
2037 3013 2239 3078 Deum,
2271 3014 2515 3069 totaliter
2559 3032 2857 3073 conversus
2886 3028 2991 3089 est,
3039 3029 3094 3074 et
3151 3021 3219 3075 ad
3266 3022 3440 3093 ipsum
3546 3083 3553 3091 _

1865 3103 2241 3171 ell'ormantur,
2273 3106 2417 3163 sicut
2447 3109 2610 3164 etiam
2656 3111 2992 3181 principatus
3025 3129 3039 3166 :
3078 3122 3132 3167 et
3180 3114 3438 3184 quoniant

1866 3196 2200 3267 principatus
2226 3199 2455 3254 ducendi
2488 3209 2542 3255 et
2568 3201 2865 3257 uniﬁcandi
2909 3204 3017 3257 vim
3060 3204 3287 3270 habent,
3325 3220 3436 3259 non

1863 3290 2245 3359 permittentes
2274 3293 2497 3348 ordines
2528 3294 2802 3364 dissipari,
2828 3295 3049 3365 angelos
3075 3297 3238 3351 etiam
3272 3299 3437 3355 deco-

1864 3396 1926 3435 ro
1975 3383 2166 3438 ordine
2222 3395 2600 3455 componunt:
2643 3386 2849 3455 angelis
2880 3402 3009 3441 vero
3042 3390 3208 3442 etiam
3272 3405 3428 3444 com-

1862 3472 2174 3537 municant;
2228 3474 2353 3542 quia
2394 3475 2558 3529 etiam
2592 3487 2720 3529 sunt
2750 3476 2961 3531 ordinis
3003 3477 3339 3547 interpretis,
3382 3490 3440 3536 et

1861 3578 1959 3632 per
2002 3565 2207 3634 primas
2252 3566 2480 3621 virtutes
2507 3566 2900 3623 illustrationes
2927 3570 3227 3640 accipiunt.
3256 3571 3434 3626 Etiam

1860 3657 1966 3711 alio
2010 3656 2173 3711 modo
2213 3658 2374 3713 medii
2430 3659 2640 3729 angelis
2692 3661 3133 3728 communicant;
3174 3668 3433 3734 quoniam

1860 3746 1961 3801 has
2033 3747 2243 3803 divinas
2324 3747 2718 3803 illustrationes
2799 3749 3006 3819 angelis
3067 3755 3434 3824 annuntiant,

1858 3848 1915 3894 et
1982 3854 2081 3911 per
2148 3840 2373 3912 angelos
2459 3841 2618 3895 nobis
2704 3842 3101 3910 manifestam;
3172 3849 3437 3914 quamob-

1859 3946 1975 3986 rem
2022 3931 2187 3986 etiam
2240 3931 2539 3987 secundum
2592 3933 2695 3988 hoc
2754 3934 2962 4004 angelis
3000 3938 3431 4004 communicant,

1857 4025 2000 4097 quod
2027 4025 2236 4096 angelis
2277 4034 2501 4080 utantur
2546 4026 2614 4079 ad
2666 4039 2882 4081 nostras
2937 4028 3431 4099 manifestationes,

1851 4117 2012 4187 juxta
2053 4118 2421 4173 conditionem
2468 4134 2657 4173 eorum
2715 4119 2812 4189 qui
2855 4136 2884 4173 a
2921 4120 3030 4175 Deo
3062 4121 3430 4178 illustrantur.

1854 4211 1959 4282 lpsi
1991 4210 2137 4267 enim
2172 4209 2369 4278 angeli,
2402 4219 2459 4264 ut
2487 4209 2651 4264 etiam
2680 4210 2747 4263 de
2797 4209 2862 4264 iis
2896 4211 3163 4279 dicamus,
3215 4228 3431 4269 omnem

1854 4304 2132 4359 caelestem
2163 4314 2416 4358 ornatum
2448 4302 2768 4372 complendo
2815 4304 3138 4370 terminant,
3170 4314 3430 4375 tanquam

1856 4396 2117 4450 nimirum
2162 4395 2216 4450 id
2267 4396 2413 4465 quod
2472 4395 2723 4449 ultimum
2774 4404 2859 4449 est
2913 4396 3429 4468 novissimumque:

156 4486 253 4554 τὴν
305 4483 616 4555 ἀγγελικὴν
677 4483 821 4546 ἰδίως
863 4482 1199 4553 ἐπωνυμίαν,
1249 4484 1344 4536 καὶ
1404 4482 1622 4553 μᾶλλον,
1675 4483 1750 4545 ὡς

1859 4488 2132 4558 complent
2158 4487 2302 4541 enim
2351 4486 2515 4541 etiam
2544 4487 2749 4550 throni,
2781 4486 2877 4540 sed
2912 4497 3173 4556 tanquam
3202 4488 3253 4542 id
3286 4493 3430 4555 quod

154 4582 266 4641 τᾶς
292 4575 611 4647 ἀνθρώποις
665 4576 1077 4647 πλησιάζοντες,
1112 4577 1162 4628 οἳ
1220 4574 1285 4647 δὴ
1334 4577 1427 4628 καὶ
1456 4574 1747 4647 μιμοῦνται

154 4669 239 4721 διὰ
265 4670 483 4721 τούτων
514 4668 583 4720 τά
638 4668 778 4720 θεῖα.
819 4667 991 4720 Τοῦτο
1012 4668 1120 4739 γάρ
1147 4669 1264 4720 ἐστι
1302 4668 1362 4720 τὸ
1410 4668 1748 4738 ἐμφανέστε-

158 4778 246 4831 ρον
268 4760 377 4829 τῆς
402 4760 690 4831 ἱεραρχίας
717 4759 897 4812 αὐτῶν
918 4777 929 4787 ·
968 4760 1030 4811 οὐ
1061 4758 1170 4831 γάρ
1204 4758 1435 4829 δεόμεθα
1460 4758 1620 4812 πάλιν
1644 4758 1753 4811 ἑτέ-

154 4870 263 4923 ρων
295 4852 441 4922 πρὸς
486 4851 585 4913 τὰς
624 4850 914 4904 ὑπἀὑτῶν
970 4850 1264 4922 ὲλλάμψεις
1320 4852 1414 4903 καὶ
1456 4849 1745 4919 ἀγγελίας’

150 4947 195 4998 εί
241 4943 365 5015 γὰρ
385 4938 453 5013 ἦν
484 4942 679 5005 τοῦτο,
736 4942 798 4994 τὸ
859 4941 1090 5013 κρύφιον
1143 4942 1209 4996 ἂν
1262 4938 1406 5011 εἶχον
1466 4942 1561 4993 καὶ
1606 4934 1751 4994 οῦτοι

149 5036 294 5089 κατά
325 5034 489 5096 πολὺ,
525 5034 619 5086 καὶ
660 5033 721 5085 τὸ
778 5032 1003 5102 ἔσχατόν
1047 5049 1106 5084 τε
1140 5031 1235 5084 καὶ
1262 5030 1621 5101 περικόσμιον
1648 5029 1750 5082 οὐκ

150 5127 212 5180 ἂν
270 5129 337 5180 ὲν
387 5128 571 5188 αὐτοῖς
616 5121 704 5197 ἧν.
753 5124 866 5178 Νῦν
894 5124 972 5189 δὲ,
1026 5124 1296 5195 μηδεμιᾶς
1342 5123 1537 5194 ἐτέρας
1580 5120 1750 5192 οῦσης

181 5220 479 5292 ατωτέρας
511 5219 739 5285 τάξεως,
793 5220 891 5289 τὴν
941 5218 1097 5284 τάξιν
1121 5217 1229 5270 τῶν
1256 5218 1507 5286 ἀγγέλων
1532 5218 1746 5288 ἀνάγκη

150 5312 286 5369 εἶναι
320 5314 562 5385 ἐσχάτην
622 5315 716 5366 καὶ
748 5312 1120 5384 περικόσμιον.
1172 5313 1474 5384 Ἑξηγεῖται
1507 5313 1535 5364 ὁ
1571 5312 1745 5381 ἅγιος,

151 5407 263 5469 πῶς
301 5401 430 5459 εἷπε
458 5422 471 5433 ο
498 5405 633 5475 Περὶ
664 5403 724 5456 τὸ
779 5402 1186 5473 ἐμφανέστερόν
1219 5403 1366 5455 ἐστιν
1414 5404 1447 5473 ἡ
1492 5403 1747 5474 ἱεραρχία

150 5505 257 5565 τοῖς
293 5500 590 5568 tinam,
642 5499 884 5571 δηλονότι
934 5498 1343 5568 ἐμφανέστερον
1394 5496 1531 5569 πρὸς
1560 5498 1741 5568 ἡμᾶς·

157 5594 327 5666 ἡγὰρ
388 5591 668 5661 ὑπερτάτη
713 5587 886 5653 τάξις,
943 5589 1019 5651 ὡς
1052 5588 1130 5661 τῷ
1188 5588 1405 5659 κρυφίῳ
1449 5588 1568 5658 Θεῷ
1602 5586 1743 5657 πλη-

154 5693 459 5757 σιάζουσα,
517 5686 904 5759 κρυφιωτέρως
962 5686 1071 5755 ὅσῳ
1141 5687 1277 5757 πρὸς
1330 5685 1427 5757 τὴν
1482 5684 1742 5757 δευτέραν

219 5860 245 5887 ο
280 5851 443 5905 llum.
484 5864 523 5916 t,
551 5849 637 5901 9.0.

479 5949 751 6008 l'nnOL.
795 5950 912 6009 Gn.
948 5946 1057 6007 lll.

1855 4579 2090 4649 primum
2124 4589 2241 4645 est;
2272 4588 2328 4633 et
2372 4579 2577 4633 idcirco
2620 4579 2837 4647 pmprie
2893 4594 3092 4633 nomen
3125 4579 3429 4650 angelicum

1855 4672 2141 4738 obtinent,
2202 4681 2258 4725 et
2316 4672 2619 4739 praesertim
2669 4671 2812 4741 quod
2877 4670 3187 4725 hominibus
3237 4687 3432 4741 appro-

1857 4762 2145 4832 pinqucnt,
2192 4763 2285 4832 qui
2330 4771 2387 4817 et
2444 4771 2666 4832 pr0pter
2708 4761 2825 4816 illos
2886 4763 3068 4816 divina
3113 4762 3428 4817 imitantur.

1859 4855 2003 4921 Quin
2046 4863 2101 4910 et
2150 4869 2340 4910 eorum
2400 4855 2709 4909 bierarcbia
2770 4854 3117 4909 manifestior
3162 4867 3265 4920 est,
3300 4857 3428 4925 quia

1861 4946 2019 5001 nobis
2064 4961 2172 5001 non
2224 4961 2363 5016 opus
2392 4955 2476 5001 est
2505 4945 2702 4999 iterum
2759 4945 2881 5000 aliis
2909 4946 2977 4999 ad
3033 4947 3433 5003 illustrationes

1858 5050 1915 5095 et
1963 5040 2154 5093 nuntia
2216 5040 2284 5093 ab
2338 5037 2405 5093 iis
2466 5038 2984 5107 recipiendazalias
3034 5039 3178 5093 enim
3241 5049 3295 5093 et
3329 5040 3430 5109 ipsi

1857 5146 2121 5203 perquam
2176 5130 2379 5186 occulti
2439 5140 2655 5196 essent,
2698 5144 2800 5184 nec
2857 5129 3031 5183 ultimi
3080 5145 3145 5184 ac
3199 5132 3433 5186 circum-

1858 5224 2163 5281 mundiales
2218 5224 2568 5279 exsisterent.
2644 5221 2798 5277 Nunc
2877 5235 3059 5279 autem
3113 5241 3235 5279 cum
3299 5226 3428 5279 nulli

1858 5320 2083 5389 spiritus
2138 5319 2248 5373 sint
2274 5316 2554 5372 inferioris
2603 5316 2814 5369 ordinis
2859 5330 3020 5383 quam
3077 5314 3201 5383 ipsi,
3261 5329 3430 5383 ange-

1855 5410 2033 5466 lorum
2080 5412 2329 5465 ordinem
2389 5419 2721 5478 postremum
2760 5422 2823 5461 ac
2882 5404 3426 5460 circummundialem

1852 5502 2121 5558 exsistere
2153 5516 2377 5557 necesse
2415 5511 2520 5555 est.
2554 5498 2788 5569 Exponit
2832 5507 3011 5551 autem
3066 5505 3289 5551 sanctus
3316 5495 3424 5559 hic,

1851 5595 2129 5665 quomodo
2158 5594 2358 5649 dixerit
2407 5593 2723 5662 angelorum
2751 5589 3114 5645 ltierarcltiam
3159 5603 3279 5642 esse
3308 5602 3427 5641 ma-

1850 5682 2188 5738 nilestiorcm
2214 5723 2229 5747 ,
2295 5681 2503 5737 scilicet
2556 5680 2735 5748 quoad
2804 5695 2902 5732 nos
2935 5694 2949 5732 :
2984 5692 3110 5730 nam
3140 5690 3427 5747 supremus

3056 5925 3095 5985 9
