3908 6232
527 350 633 413 267

1693 350 1750 406 S.
1789 347 2084 407 DiONYSIl
2121 348 2580 406 AREOPAGITE

3655 356 3753 416 263

521 478 690 536 ordo,
738 480 924 541 utpote
972 480 1183 526 secreto
1233 473 1346 527 Deo
1386 473 1826 543 appropinquans
1854 514 1869 538 ,
1920 472 2069 542 magi:

2191 466 2342 532 τάξιν
2377 469 2649 551 ἱεραρχεῖο
2695 469 2817 539 ἡδὲ
2871 467 3118 540 δευτέρα,
3156 473 3191 547 ἡ
3240 470 3338 541 τῆς
3389 469 3558 541 μέσης
3582 473 3754 544 [epap-

520 564 735 619 occulte
787 563 1028 619 secundo
1073 564 1250 618 ordini
1296 578 1384 619 res
1433 580 1621 619 sacras
1660 565 2091 619 subministrat:

521 657 793 712 secundus
824 670 975 721 vero,
1009 656 1100 724 qui
1136 668 1220 711 est
1246 658 1438 712 media:
1475 657 1818 719 hierarchiae,
1851 656 2092 711 ultimam

521 749 894 806 bierarchiam
926 747 1260 813 moderatur,
1308 749 1649 804 manifestius
1673 749 1890 819 quidem
1928 764 2090 817 quam

518 844 752 914 primus,
783 842 1051 897 occultius
1106 856 1237 896 vero
1281 857 1444 911 quam
1489 857 1763 911 sequens;
1820 858 1987 913 porro
2013 843 2093 897 ul-

520 935 685 989 timus
718 937 853 991 ordo
887 936 1136 991 humanis
1174 935 1501 991 liierarcbiis
1546 943 1765 1005 praeest.
1818 935 2089 991 Caeterum

518 1042 640 1082 cum
677 1036 787 1082 tres
831 1028 1050 1082 ordines
1099 1028 1231 1094 sint,
1273 1028 1666 1083 illustrationes
1733 1027 1835 1082 sibi
1888 1036 2080 1081 mutuo

518 1119 885 1174 manifestam.
960 1119 1348 1175 Verumtamen
1420 1120 1754 1185 dicendum,
1820 1121 2090 1189 quomodo

515 1214 719 1282 primus
771 1212 987 1281 quidem
1017 1211 1222 1265 ordinis
1253 1211 1592 1281 principatus
1643 1211 1893 1281 sequenti
1925 1210 2089 1265 simul

515 1304 1008 1359 manifestationem
1039 1303 1318 1370 infuderit,
1349 1312 1404 1359 et
1434 1308 1566 1359 non'
1598 1304 1741 1359 alius
1771 1320 1870 1375 per
1895 1305 2086 1369 alium,

515 1405 572 1450 et
628 1396 879 1451 similiter
909 1397 1184 1451 secundus
1208 1397 1378 1461 ordo;
1413 1396 1605 1451 tertius
1635 1410 1787 1459 vero,
1821 1396 1959 1450 alius
1991 1410 2088 1463 per

513 1491 677 1543 alium
711 1490 865 1543 uobis
886 1487 1131 1542 infundat
1184 1486 1593 1541 illustrationes.
1646 1487 1945 1542 Dicendum
1977 1487 2083 1538 ita-

511 1596 638 1651 que,
689 1580 828 1650 quod
873 1580 924 1633 in
958 1577 1230 1647 prioribus
1261 1576 1570 1641 ordinibus,
1599 1592 1719 1631 cum
1755 1586 1862 1631 tam
1892 1577 2085 1629 dantes

510 1687 676 1741 quam
731 1670 1065 1740 accipientes
1125 1671 1300 1743 angeli
1350 1669 1497 1735 sint,
1532 1669 1586 1723 in
1624 1669 1732 1722 illis
1787 1668 2080 1723 secundum

509 1773 759 1818 naturam
796 1778 905 1818 non
960 1777 1210 1833 magnam
1258 1776 1379 1817 esse
1436 1760 1837 1821 diversitatem,
1868 1758 1973 1828 91
2023 1768 2080 1810 ut

510 1858 666 1913 toties
691 1872 825 1927 Opus
847 1857 918 1911 sit
940 1855 1335 1926 quodammodo
1355 1854 1621 1909 subdividi
1644 1852 2080 1917 illustrationem,

508 1964 617 2018 quo
641 1947 1032 2015 posterioribus
1074 1956 1233 2015 captu
1281 1944 1462 2000 facilis
1505 1944 1718 1998 evadat.
1751 1941 1847 1995 Hic
1877 1953 2079 2006 autem,

506 2057 627 2096 cum
673 2042 900 2096 multum
935 2040 1153 2093 intersit
1184 2041 1326 2094 inter
1349 2053 1446 2094 nos
1472 2047 1527 2091 et
1574 2037 1794 2106 angelos
1816 2076 1830 2098 ,
1877 2035 2081 2091 idcirco

504 2132 643 2187 alius
668 2148 763 2202 per
811 2132 979 2185 alium
1012 2130 1213 2199 accipit
1258 2130 1678 2184 illustrationem
1708 2143 1773 2181 ac
1803 2129 2075 2194 nuntium,

504 2235 565 2279 ut
606 2224 825 2280 facilius
896 2224 971 2278 ita
1031 2223 1188 2278 brevi
1253 2223 1320 2277 ad
1378 2236 1479 2277 nos
1527 2223 1841 2290 perveniat,
1905 2222 2079 2276 maui-

503 2318 806 2389 festiusque
843 2318 1120 2371 decretum
1164 2315 1260 2370 Dei
1312 2315 1473 2369 nobis
1510 2313 1839 2369 declaretur.
1868 2313 2076 2369 Idcirco

500 2412 579 2465 ait
612 2412 698 2465 hic
722 2419 969 2466 sanctus.
1004 2418 1064 2461 ut
1085 2408 1189 2462 hoc
1212 2408 1406 2462 ordine
1434 2408 1498 2461 ad
1529 2406 1696 2463 Deum
1723 2406 1794 2461 sit
1817 2421 2076 2461 ascensus

498 2517 597 2571 per
626 2499 1143 2567 contemplationem
1170 2539 1186 2563 ,
1224 2506 1279 2551 et
1309 2498 1596 2551 conversio
1653 2511 1753 2565 per
1799 2496 2076 2564 operatio-

500 2608 646 2658 nem,
682 2603 737 2647 et
778 2590 1090 2647 communio
1136 2604 1233 2657 per
1284 2588 1703 2643 illustrationem
1735 2627 1750 2653 ,
1812 2603 1913 2643 nec
1965 2602 2070 2643 non

498 2702 595 2757 per
623 2687 811 2757 gratiae
844 2681 1245 2739 deiﬁcationem
1277 2681 1426 2736 unio.
1461 2681 1735 2737 llabemus
1766 2683 1949 2751 itaque
1978 2696 2073 2751 per

501 2780 704 2850 gradus
728 2790 1013 2832 ascensum
1041 2776 1106 2830 ad
1150 2774 1349 2839 Deum;
1380 2782 1435 2827 et
1465 2776 1610 2828 utsit
1641 2775 1880 2829 vicissim
1906 2776 2069 2829 etiam

497 2868 799 2925 secundum
847 2866 1095 2921 ordinem
1119 2878 1147 2917 a
1201 2864 1314 2919 Deo
1345 2864 1550 2919 inditus
1571 2866 1827 2920 omnibus
1854 2867 2070 2920 hierar-

497 2962 640 3017 cltiis
693 2962 761 3015 ad
818 2973 917 3014 nos
961 2972 1253 3029 processus
1280 2999 1295 3024 ,
1362 2971 1459 3026 per
1496 2956 1792 3013 bonitatem
1824 2974 2067 3012 commu-

497 3053 747 3107 nicauter
771 3050 1056 3105 exundans
1089 3065 1103 3101 :
1136 3048 1340 3102 idcirco
1362 3048 1527 3101 etiam
1554 3049 1733 3103 divina
1764 3049 2063 3118 Scriptura,

2196 560 2341 629 χίας,
2396 543 2609 631 ἠγείίεαι
2656 561 2756 631 τῆς
2813 562 3044 632 ἐσχάτης
3097 543 3399 632 ίεραρχίας,
3436 543 3757 631 ἐμφανεστέ-

2197 665 2303 719 ρως
2340 649 2438 718 μὲν
2473 650 2607 721 πρὸς
2637 651 2736 720 τὴν
2768 650 3009 723 πρώτην,
3037 651 3515 722 κρυφιωδεστέρως
3542 651 3597 702 δὲ
3628 651 3758 721 πρὸς

2192 740 2293 811 τὴν
2329 742 2447 811 μετ’
2468 743 2636 813 αὐτήν
2661 760 2673 772 ·
2732 744 2765 813 ἡ
2821 744 2876 797 δὲ
2910 743 3109 814 ἐσχάτη
3153 741 3305 806 τάξις
3340 746 3461 805 ταῖς
3493 742 3737 813 ἀνθρωπίν

2193 848 2311 896 ναις
2345 834 2651 904 ἱεραρχίαις
2676 834 2975 887 ἐπιστατεῖ.
3030 834 3177 905 Πλὴν
3210 836 3331 886 ἐπεὶ
3361 835 3485 904 τρία
3509 834 3753 902 τάγματά

2192 923 2319 987 είσι,
2350 922 2416 975 δι’
2445 923 2689 994 ἀλλήλων
2739 925 3059 993 ἐμφαίνουσι
3119 924 3221 987 τὰς
3273 924 3581 995 ἐλλάμψεις.
3618 924 3757 994 Πλὴν

2191 1013 2515 1084 ἀπορητέον,
2551 1014 2665 1077 πῶς
2693 1015 2724 1085 ή
2763 1014 2863 1085 μὲν
2888 1014 3076 1086 πρώτη
3115 1015 3404 1085 ταξιαρχία
3451 1014 3566 1085 ἅμα
3591 1015 3726 1068 ὲνεδί
3752 1050 3755 1053 -

2189 1108 2280 1161 δου
2314 1109 2413 1178 τὴν
2440 1107 2699 1176 έκφανσιν
2745 1111 2811 1179 τῇ
2869 1110 2985 1180 μετ’
3016 1109 3205 1180 αὐτὴν,
3236 1111 3329 1162 καὶ
3358 1110 3457 1163 οὐκ
3508 1109 3640 1181 ἄλλη
3694 1111 3763 1163 δι’

2188 1195 2374 1267 ἄλλης,
2416 1199 2512 1250 καὶ
2561 1200 2593 1268 ἡ
2644 1199 2870 1269 δευτέρα
2890 1200 3120 1269 ὁμοίως·
3178 1202 3211 1270 ὴ
3244 1199 3302 1251 δέ
3355 1216 3417 1267 γε
3445 1200 3602 1270 τρίτη
3627 1199 3753 1271 ἄλλη

2186 1286 2253 1340 δι’
2284 1287 2449 1358 ἄλλης
2474 1286 2573 1351 τὰς
2604 1289 2741 1360 πρὸς
2770 1291 2917 1360 ἡμᾶς
2943 1289 3233 1358 ἐλλάμψεις
3256 1290 3550 1343 ἐνδίδωσιν.
3578 1292 3757 1343 Ἔστιν

2186 1372 2280 1429 οὖν
2311 1378 2508 1440 εἰπεῖν,
2540 1379 2620 1431 ὅτι
2653 1378 2746 1431 ἐπὶ
2777 1382 2897 1441 ταῖς
2926 1380 3215 1451 προτέραις
3237 1380 3475 1445 τάξεσιν,
3510 1381 3634 1432 ἐπεὶ
3668 1381 3757 1432 καὶ

2186 1472 2233 1522 οί
2286 1471 2656 1541 μεταδιδόντες
2701 1472 2795 1525 καὶ
2845 1474 2892 1524 οί
2963 1472 3284 1542 μετέχοντες
3336 1471 3559 1539 ἄγγελοί
3602 1473 3754 1536 εἰσιν,

2183 1566 2283 1617 οὐκ
2316 1565 2432 1618 ἐστι
2476 1566 2537 1618 τὸ
2567 1567 2728 1636 μέσον
2781 1566 2960 1619 αὐτῶν
3007 1567 3141 1619 πολὺ
3197 1565 3339 1619 κατὰ
3362 1566 3525 1635 φύσιν
3553 1565 3757 1636 παραλ-

2182 1654 2393 1721 λάττον,
2464 1658 2550 1711 ἴνα
2600 1658 2780 1722 ποσῶς
2836 1659 2925 1712 διὰ
2977 1659 3135 1711 τοῦτο
3186 1660 3350 1712 οἱονεὶ
3404 1674 3755 1728 κατακερμα-

2182 1746 2446 1818 τισθείηή
2485 1747 2765 1819 ἐλλαμψις,
2812 1752 2906 1802 καὶ
2958 1748 3172 1813 εὐθετος
3192 1752 3303 1812 τοῖς
3343 1750 3591 1821 ὑπέροις
3625 1748 3753 1818 πρὸς

2186 1840 2449 1910 ὑποδοχὴν
2517 1842 2758 1912 γένηται.
2840 1841 3101 1894 Ἐνταῦθα
3154 1841 3231 1905 δὲ,
3302 1843 3425 1894 ἐπεὶ
3474 1842 3537 1894 τὸ
3595 1843 3753 1911 μέσον

2180 1930 2339 2001 ἡμῶν
2367 1949 2426 1985 τε
2468 1935 2563 1987 καὶ
2626 1933 2735 1985 τῶν
2787 1934 3032 2003 ἀγγέλων
3082 1933 3237 1997 πολὺ,
3288 1933 3378 1987 διὰ
3423 1934 3584 1986 τοῦτο
3624 1933 3751 2004 ἄλλη

2179 2029 2247 2083 δι’
2269 2029 2433 2101 ἄλλης
2465 2029 2731 2099 λαμϐάνει
2764 2030 2864 2099 τὴν
2914 2028 3116 2099 λάμψιν
3148 2029 3181 2099 ἢ
3208 2028 3301 2081 καὶ
3339 2029 3440 2100 τὴν
3470 2028 3747 2096 ἀγγελίαν,

2179 2122 2255 2185 ώς
2304 2122 2370 2175 ἂν
2421 2121 2740 2191 ἀπονωτέρα
2795 2121 2915 2173 κατ’
2948 2120 3125 2188 ὀλίγον
3175 2122 3304 2189 ἡμῖν
3348 2122 3594 2190 καταστῇ
3619 2159 3634 2181 ,
3663 2121 3751 2172 καὶ

2177 2217 2580 2290 ἐμφανέστερον
2614 2216 2676 2267 τὸ
2725 2214 2969 2285 βούλημα
3019 2214 3413 2288 δηλωθήσηται.
3447 2214 3547 2267 Διά
3598 2213 3750 2266 τοῦτο

2176 2310 2374 2377 λέγειὸ
2402 2309 2575 2377 ἆγιος,
2610 2303 2751 2379 ίναῇ
2805 2307 2948 2359 κατά
2969 2306 3122 2372 τάξιν
3164 2308 3198 2377 ὴ
3254 2306 3389 2376 πρὸς
3438 2306 3573 2359 Θεὸν
3620 2307 3750 2375 ἀναη

2176 2402 2332 2473 γωγὴ
2386 2400 2476 2454 διά
2508 2400 2759 2471 θεωρίας,
2814 2400 2908 2452 καὶ
2966 2397 3270 2469 ἐπιστροφὴ
3331 2397 3419 2450 διὰ
3469 2399 3743 2470 πράξεωςι

2175 2497 2269 2549 καὶ
2302 2492 2553 2546 κοινωνία
2584 2493 2651 2546 δι’
2679 2491 3017 2561 ὲλλάμψεως,
3079 2491 3175 2543 καὶ
3206 2489 3295 2542 διὰ
3332 2490 3433 2559 τῆς
3478 2492 3626 2544 κατά
3656 2492 3747 2561 xu-

2177 2604 2262 2658 ριν
2295 2585 2541 2649 θεώσεως
2592 2584 2803 2647 ἐνωσις.
2868 2585 3102 2654 Ἔχομεν
3147 2582 3278 2651 γοῦν
3326 2584 3464 2637 κατά
3506 2584 3747 2655 βαθμοὺς

2171 2678 2270 2748 τὴν
2297 2678 2430 2749 πρὸς
2477 2676 2608 2730 Θεὸν
2651 2676 2837 2729 ἄνοδον
2859 2693 2872 2705 ·
2909 2677 3002 2728 xui.
3037 2676 3102 2727 ἵν’
3188 2675 3348 2728 πάλιν
3399 2674 3543 2728 κατὰ
3575 2676 3743 2739 τάξιν,

2172 2773 2321 2843 καὶὴ
2350 2770 2459 2825 ἀπὸ
2504 2768 2639 2823 Θεοῦ
2676 2769 2812 2840 πρὸς
2839 2771 2982 2838 ἡμᾶς
3036 2768 3343 2839 ἐνδιδομένη
3377 2769 3583 2833 πάσαις
3632 2772 3746 2832 ταῖς

2174 2863 2497 2935 ίεραρχίαις,
2526 2861 2619 2914 καὶ
2662 2859 2993 2924 κοινωνικῶς
3044 2859 3382 2928 ἐπιφοιτῶσα
3439 2859 3505 2911 δι’
3542 2860 3741 2927 ἀγαθό-

2169 2974 2308 3030 τητα
2334 2955 2587 3027 πρόοδος,
2630 2953 2719 3007 διὰ
2770 2952 2927 3006 τοῦτο
2973 2953 3066 3005 καὶ
3104 2953 3137 3022 ὴ
3208 2951 3328 3004 θεία
3390 2951 3587 3022 Γραφὴ
3636 2953 3743 3013 τοῖς

2170 3049 2419 3117 ἀγγέλοις
2464 3046 2534 3099 τὰ
2575 3044 2696 3099 καθ’
2723 3045 2869 3115 ἡμᾶς
2911 3043 3320 3114 ἀπονενέμηκε·
3375 3042 3477 3095 ποῦ
3522 3044 3625 3112 μὲν
3649 3044 3741 3111 ἀρ-

496 3142 709 3211 angelis
746 3156 809 3196 ea
842 3155 961 3209 quae
985 3139 1053 3193 ad
1108 3152 1206 3193 nos
1258 3148 1512 3207 Spectaut
1542 3138 1860 3206 distribuit;
1889 3155 2062 3209 quan-

2172 3159 2326 3213 χοντα
2353 3139 2448 3192 τοῦ
2512 3137 2778 3191 Ἰουδαίων
2810 3134 2941 3190 λαοῦ
2992 3134 3083 3188 τὸν
3138 3135 3358 3206 Μιχαὴλ
3401 3136 3741 3206 ὀνομάζουσα

495 3235 674 3304 doque
706 3234 848 3289 enim
883 3232 1185 3302 principem
1234 3231 1413 3301 pupuli
1458 3228 1772 3287 Iudaeorum
1837 3247 2064 3289 vocasse

490 3323 762 3392 reperitur
808 3322 865 3377 in
905 3321 1128 3377 Daniele
1176 3321 1489 3377 Michaelem
1512 3363 1527 3389 ,
1562 3324 1640 3377 uti
1682 3329 1738 3377 et
1778 3323 1914 3378 alios
1948 3339 2079 3393 gen-

492 3412 628 3468 tium
669 3414 937 3480 aliarum;
979 3413 1308 3484 quandoque
1348 3428 1481 3470 vero
1511 3415 1588 3468 ait
1619 3433 1631 3468 :
1662 3411 1865 3469 Statuit
1896 3417 2077 3469 termi-

492 3520 586 3560 nos
631 3507 863 3576 gentium
898 3505 1205 3559 Altissimus
1251 3507 1415 3577 juxta
1458 3524 1732 3562 numerum
1770 3509 2075 3581 angelorum

489 3596 610 3662 Dei,
636 3609 694 3654 ut
722 3599 777 3654 in
808 3598 1050 3654 secundo
1077 3599 1292 3653 cantico
1321 3598 1521 3671 Moysis
1553 3600 1829 3656 invenitur
1862 3611 1909 3654 ι).

569 3684 698 3757 §lll.
718 3684 857 3739 Hinc
871 3684 1413 3753 solvitemergentem
1428 3681 1663 3753 aliquam
1684 3685 2058 3751 quaestionem.

492 3777 733 3845 Quaestio
754 3786 934 3830 autem
965 3775 1081 3830 hac
1097 3783 1183 3829 est
1206 3774 1539 3840 :Quomodo,
1565 3775 1761 3845 inquit,
1787 3792 1908 3830 cum
1934 3778 2058 3832 boni

492 3870 670 3940 angeli
694 3870 945 3939 gentibus
977 3867 1224 3937 prazfecti
1255 3868 1387 3933 sint,
1422 3866 1568 3921 solus
1589 3866 1753 3923 Israel
1775 3868 1943 3923 Deum
1968 3886 2062 3925 co-

494 3961 703 4033 gnovit,
721 3960 812 4013 alii
841 3968 1019 4014 autem
1042 3958 1203 4013 idolis
1218 3958 1597 4012 adhaeserunt?
1615 3960 1821 4014 Solutio
1833 3976 1965 4015 vero
1977 3973 2062 4016 est

493 4053 622 4116 ista,
639 4049 781 4120 quod
803 4048 1059 4103 nimirum
1074 4058 1392 4102 cmterarum
1412 4051 1650 4116 gentium
1665 4050 1885 4105 adidola
1907 4052 2057 4107 defe-

493 4144 602 4200 ctio
627 4141 984 4211 deceptioque
1014 4140 1181 4194 rectis
1231 4139 1545 4209 angelorum
1579 4141 2058 4210 gubernationibus

492 4249 839 4305 nequaquam
873 4232 1185 4301 imputanda
1213 4231 1287 4285 sit
1314 4231 1565 4301 (observa
1611 4244 1760 4296 vero,
1787 4235 2058 4301 quomodo

489 4323 786 4379 defectioni
813 4330 1016 4376 rectam
1051 4319 1498 4390 gubernationem
1526 4324 1801 4391 opponit),
1831 4324 1924 4378 sed
1952 4325 2057 4379 illis

492 4415 649 4485 Ipsis,
682 4413 825 4482 quod
882 4411 1120 4481 propriis
1153 4411 1579 4480 spontaneisque
1606 4413 1842 4467 motibus
1896 4431 1924 4468 a
1966 4430 2053 4469 re-

2166 3238 2225 3289 ὲν
2266 3234 2342 3305 τῷ
2394 3232 2589 3303 Δανιὴλ
2633 3232 2879 3302 εὓρηται,
2937 3230 3031 3283 καὶ
3063 3228 3253 3292 ἄλλους
3308 3228 3480 3281 ἄλλων
3542 3230 3739 3281 ἐθνῶψ

2160 3326 2268 3383 ποῦ
2288 3327 2347 3382 δέ
2373 3327 2607 3398 λέγουσα
2624 3344 2639 3360 ο
2676 3329 2978 3395 Ἔστησεν
3014 3321 3147 3391 ὅρια
3176 3320 3369 3377 ἐθνῶν
3392 3322 3429 3374 ό
3456 3320 3747 3388 Ὕψιστος

2160 3420 2313 3474 κατὰ
2356 3420 2607 3489 ἀριθμὸν
2649 3419 2918 3490 άηεέλων
2957 3415 3137 3482 Θεοῦ,
3181 3414 3260 3477 ὡς
3302 3415 3361 3467 ἐν
3403 3414 3470 3483 τῇ
3516 3409 3746 3483 δευτέρᾳ.

2160 3510 2271 3584 ᾠδῇ
2298 3510 2391 3564 τοῦ
2418 3510 2661 3573 Μωσέως
2686 3509 2932 3581 εὓρηται.

2238 3689 2265 3761 §
2304 3686 2389 3743 lll.
2432 3689 2708 3742 Ἐντεῦθεν
2732 3689 2845 3741 λύει
2874 3688 3290 3742 ἀνακύπουσάν
3323 3706 3444 3741 τινα
3484 3689 3739 3759 ἀπορίαν.

2174 3782 2239 3834 Ἦ
2261 3780 2394 3849 γοῦν
2432 3781 2649 3851 ἀπορία·
2693 3781 2800 3833 Καὶ
2830 3779 2966 3845 πῶς,
3006 3780 3190 3850 φησὶν,
3236 3780 3483 3847 ἀγγέλων
3523 3779 3743 3847 ἀγαθῶν

2161 3870 2479 3941 ἐφεστώτων
2512 3874 2625 3934 τοῖς
2647 3871 2842 3935 ἔθνεσι,
2868 3872 3027 3942 μόνος
3058 3875 3086 3925 ὁ
3121 3872 3335 3942 Ἰσραὴλ
3366 3872 3633 3940 ἐγίνωσκε
3654 3870 3743 3923 τὸν

2160 3962 2315 4027 Θεὸν,
2345 3963 2481 4016 οἱοδὲ
2511 3963 2659 4016 ἄλλοι
2690 3965 2803 4025 τοῖς
2846 3963 3085 4026 εἰδώλοις
3134 3966 3521 4034 προσανεῖχον;
3571 3966 3636 4017 Ἦ
3687 3964 3742 4016 δὲ

2161 4052 2332 4118 λύσις,
2367 4055 2448 4107 ὃτι
2481 4056 2541 4107 οὐ
2575 4055 2679 4125 χρὴ
2713 4054 2984 4108 αίτιᾶσθαι
3022 4055 3125 4125 τῆς
3162 4056 3254 4107 ἐπὶ
3283 4055 3353 4107 τά
3377 4055 3579 4109 εἴδωλα
3617 4058 3744 4109 ἀπο-

2159 4145 2480 4216 πλανήσεως
2526 4146 2634 4198 τῶν
2667 4146 2869 4216 ἐτέρων
2900 4146 3090 4209 ἐθνῶν,
3124 4145 3223 4209 τὰς
3253 4147 3469 4210 εὐθείας
3517 4150 3743 4201 ἐπιστα-

2161 4238 2280 4299 σίας
2300 4236 2408 4289 τῶν
2437 4236 2681 4306 ἀγγέλων
2711 4238 2831 4308 (ὅρα
2851 4238 2931 4301 δὲ,
2957 4240 3039 4291 ὅτι
3062 4240 3197 4310 πρὸς
3219 4240 3319 4309 τὴν
3339 4240 3741 4311 ἀποπλάνησιν,

2158 4328 2373 4380 εὐθεῖαν
2406 4323 2559 4380 εἶπεν
2588 4327 2960 4396 ἐπιστασίαν),
2984 4328 3097 4380 ἀλλ’
3122 4329 3469 4382 αἰτιάσασθαι
3501 4333 3610 4402 χρὴ
3646 4333 3743 4384 αὐ-

2157 4418 2284 4480 τοὺς
2334 4417 2591 4479 ἐκείνους,
2625 4418 3091 4481 ἀποπεπτωκὸτας
3130 4419 3230 4489 τῆς
3281 4418 3419 4489 πρὸς
3465 4419 3562 4472 τὸν
3608 4420 3741 4473 Θεὸν

490 4518 602 4572 cta,
632 4521 753 4576 quae
798 4507 866 4561 ad
896 4504 1068 4560 Deum
1111 4505 1368 4569 ducebat,
1405 4506 1492 4557 via
1538 4519 1635 4573 per
1662 4520 1901 4559 amorem
1933 4521 2031 4574 pro

2172 4508 2449 4577 ὶναγωγῆς
2493 4508 2719 4571 οίκείαις
2750 4510 2843 4561 xul.
2890 4510 3257 4576 αὐτεξουσίοις
3288 4514 3487 4582 ὁρμαῖς
3536 4515 3596 4566 ἐν
3650 4530 3739 4581 φι-

491 4600 669 4667 prium
698 4599 1083 4654 refractarium
1114 4596 1457 4662 deﬂexerint,
1489 4606 1544 4650 et
1568 4612 1665 4665 per
1689 4610 1842 4651 suam
1875 4600 2057 4666 pervi-

491 4689 702 4742 caciam
739 4687 806 4740 ad
842 4687 921 4752 id,
953 4688 1040 4742 cui
1093 4688 1336 4742 divinum
1390 4687 1667 4756 quidpiam
1702 4688 1881 4741 inesse
1910 4688 2056 4742 arbi-

490 4779 799 4845 trabantur,
825 4779 1110 4832 colendum
1144 4780 1494 4833 desciverint.
1534 4776 1651 4832 Non
1703 4780 1876 4833 solum
1908 4779 2052 4834 enim

490 4874 562 4924 ab
593 4884 682 4933 ea,
712 4883 830 4938 quae
857 4871 924 4923 ad
958 4870 1127 4923 Deum
1178 4870 1431 4933 ducebat,
1476 4870 1566 4922 via
1615 4869 1921 4932 deviaruut,
1960 4885 2052 4924 ve-

490 4974 610 5015 rum
641 4960 802 5012 etiam
828 4958 896 5011 iis
924 4961 1147 5025 qui-non
1180 4968 1337 5013 erant
1366 4959 1437 5013 dii
1464 4975 1563 5029 pro
1588 4959 1787 5028 placito
1820 4974 1917 5013 suo
1939 4959 2055 5013 cul-

492 5064 605 5107 tum
633 5052 872 5106 divinum
901 5052 1226 5105 tribuerunt.
1247 5050 1401 5116 Quod
1422 5052 1597 5120 ipsum
1615 5052 1777 5105 etiam
1803 5050 2056 5105 Hebrteo-

492 5161 608 5199 rum
634 5143 828 5213 populo
868 5143 1167 5212 contigisse
1190 5153 1543 5210 memoratur,
1565 5145 1781 5212 quando
1811 5143 2054 5212 peccavit

460 5236 795 5295 'etviiulum
823 5236 1463 5303 conﬂavit.Ag.nitionem
1498 5237 1641 5288 enim
1683 5237 1771 5290 Dei
1808 5235 2051 5304 repulisti

489 5330 727 5401 (quando
749 5330 1003 5383 nimirum
1017 5343 1046 5380 a
1063 5327 1148 5379 via
1179 5328 1269 5381 Dei
1301 5327 1550 5397 descivit)
1567 5336 1620 5381 et
1637 5339 1756 5396 post
1780 5343 1875 5382 cor
1896 5338 2046 5381 tuum

486 5420 1023 5489 ambulastifquando
1038 5419 1287 5471 nimirum
1303 5433 1484 5473 amore
1498 5420 2054 5487 propriopervicacia-

488 5530 594 5581 que
609 5528 704 5567 sua
722 5514 962 5566 divinum
982 5509 1181 5563 cultum
1200 5512 1558 5565 decreverunt
1576 5510 1642 5564 iis
1657 5512 1747 5578 qui
1769 5519 2052 5564 nouerant

488 5606 559 5658 dii
587 5610 661 5675 ιι).
690 5606 875 5675 Neque
899 5606 1041 5659 enim
1070 5604 1178 5657 vita
1232 5603 1386 5659 nobis
1414 5614 1516 5671 est,
1550 5605 1634 5658 cui
1670 5604 1751 5658 vis
1780 5604 1923 5658 illata
1958 5615 2050 5659 aut

563 5775 589 5813 Ρ
622 5762 777 5818 Deut.
808 5779 980 5827 χχιιι,
1024 5760 1056 5815 8
1099 5776 1211 5816 scc.
1250 5760 1501 5830 Scptuag.
1577 5771 1603 5809 τι
1629 5759 1763 5814 Osee
1798 5775 1870 5813 Iv.

2158 4598 2351 4669 λαυτία
2370 4599 2747 4669 ἀνυποτάκτῳ,
2772 4601 2866 4652 xui.
2899 4600 3158 4671 αὐθαδείᾳ
3180 4602 3319 4672 πρὸς
3349 4603 3410 4654 τὸ
3432 4603 3629 4656 δοκοῦν
3654 4604 3743 4656 αὐ-

2155 4694 2267 4753 τοῖς
2300 4690 2775 4761 ἀποπλανηθέντας
2810 4690 3125 4761 σεϐάσμιον.
3166 4693 3241 4745 Οὐ
3286 4692 3396 4765 γὰρ
3428 4694 3592 4764 μόνον
3643 4695 3742 4764 τῆς

2156 4782 2298 4852 πρὸς
2333 4782 2395 4834 τὸ
2425 4782 2578 4834 Θεῖον
2623 4782 2912 4851 ἀναγωγῆς
2940 4782 3427 4847 ἀποπεπτώκασιν,
3458 4785 3596 4837 ἀλλά
3648 4787 3743 4839 καὶ

2154 4875 2267 4935 τοῖς
2292 4874 2366 4944 μὴ
2385 4869 2502 4925 οὖσι
2534 4871 2674 4935 θεοῖς
2695 4874 2957 4942 ἀνάλογον
2977 4878 3042 4945 τῇ
3066 4876 3287 4946 δοκήσει
3322 4876 3535 4929 ἑαυτῶν
3564 4878 3625 4929 τὸ
3656 4877 3742 4930 σέ-

2160 4962 2260 5025 ϐας
2290 4963 2710 5016 ἀποδεδώκασιν.
2741 4966 2805 5017 Ὃ
2833 4965 2896 5036 δὴ
2938 4968 3031 5019 καὶ
3066 4967 3228 5029 αὐτὸς
3256 4970 3285 5019 ὁ
3312 4969 3422 5020 τῶν
3475 4969 3743 5039 Ἐϐραίων

2157 5054 2281 5116 λαὸς
2313 5054 2633 5108 πεπονθέναι
2675 5054 2910 5123 λέγεται,
2955 5058 3043 5109 ὅτε
3090 5059 3328 5129 ἥμαρτε,
3382 5060 3478 5112 καὶ
3513 5062 3742 5130 ἐμοσχο-

2157 5150 2401 5219 ποίησεν.
2467 5149 2787 5217 Ἑπίγνωσιν
2826 5150 2935 5223 γὰρ
2985 5152 3120 5204 Θεοῦ
3160 5154 3367 5206 ἀπώσω
3408 5154 3607 5224 (τοῦτο,
3660 5155 3739 5207 ὅτι

2152 5240 2253 5308 τῆς
2276 5240 2409 5309 πρὸς
2430 5241 2488 5292 τὸ
2518 5241 2667 5293 Θεῖον
2691 5243 2978 5312 ἀναγωγῆς
3015 5245 3405 5317 ἀποπέπτωκε)
3432 5247 3527 5299 καὶ
3567 5247 3740 5299 ὀπίσω

2153 5332 2251 5400 τῆς
2286 5330 2509 5400 καρδίας
2539 5348 2631 5383 σου
2660 5333 2961 5404 ἐπορεύθης
2992 5333 3170 5404 (τοῦτο
3189 5374 3203 5398 ,
3232 5336 3313 5387 ὅτι
3347 5337 3405 5388 ἐν
3444 5340 3512 5407 τῇ
3552 5337 3740 5407 φιλαυ-

2153 5424 2243 5492 τία
2275 5424 2365 5474 καὶ
2399 5422 2653 5493 αὐθαδείᾳ
2702 5426 2817 5487 τοῖς
2853 5426 2925 5495 μὴ
2960 5422 3080 5479 οὖσι
3131 5426 3274 5490 θεοῖς
3302 5428 3364 5480 τὸ
3396 5429 3559 5492 σέϐας
3601 5430 3738 5482 ἀπέ-

2154 5510 2386 5583 νειμαν).
2421 5512 2557 5564 Οῦτε
2588 5512 2696 5583 γὰρ
2717 5515 2877 5583 ἡμεῖς
2892 5516 3319 5587 ὴναγκασμένην
3349 5518 3545 5588 ἔχομεν
3570 5517 3736 5587 ζωὴν,

2154 5605 2229 5669 ὡς
2274 5606 2343 5660 τά
2393 5607 2581 5675 ἄλογα,
2630 5607 2768 5661 ἀλλὰ
2804 5608 2893 5662 διὰ
2931 5609 3023 5662 τὸν
3066 5610 3222 5679 λόγον
3273 5611 3335 5663 τὸ
3370 5606 3757 5678 αὐτεξούσιον
