3908 6232
144 346 252 402 259

656 343 742 397 DE
775 342 1098 399 C(ELESTI
1135 340 1578 407 lllERABCHlA,
1613 340 1764 395 CAP.
1801 339 1888 393 IX.
1933 369 2001 380 -
2035 338 2381 396 PAR.\PllR.
2416 339 2890 395 PACHYMERIE.
3320 340 3422 396 2η.

142 461 271 518 οὔτε
304 458 471 515 πάλιν
503 460 570 513 δι’
604 460 738 512 αὐτὸ
780 460 941 513 τοῦτο
969 460 1031 514 τὸ
1074 459 1415 526 αὐτεξούσιον
1458 457 1635 530 ἡμῶν,
1686 457 1756 509 εἴ·

1861 456 2109 524 imposita
2156 456 2474 520 necessitas,
2519 464 2578 509 ut
2611 455 2808 520 brutis,
2855 456 2948 512 sed
3001 471 3098 525 per
3153 457 3419 513 rationem

142 572 349 626 ποιμεν
386 555 451 607 ἂν
492 555 575 605 ὅτι
607 552 678 605 τὰ
720 552 838 605 θεῖα
880 552 1034 622 φῶτα
1066 553 1163 624 τῆς
1196 552 1455 623 προνοίας
1488 551 1582 604 τοῦ
1610 550 1744 603 Θεοῦ

142 648 623 718 ἀπαμϐλύνονται.
671 645 808 698 Ἀλλ’
861 647 1045 698 εἰκόνα
1090 646 1200 699 τῶν
1246 645 1420 714 λόγων
1474 644 1605 698 λάϐε
1642 644 1749 698 ἀπὸ

140 742 240 794 τοῦ
275 741 509 812 ἡλιακοῦ
553 740 748 810 φωτός*
799 741 875 803 ὡς
906 740 1015 810 γὰρ
1050 740 1227 793 ἐκεῖσε
1268 740 1413 793 ἐστιν
1475 738 1623 801 ἰδεῖν,
1666 737 1748 789 ὅτι

142 836 241 887 ἐπὶ
283 834 391 903 μὲν
423 833 535 886 τῶν
560 831 833 901 διαφανῶν
862 834 916 884 αἱ
948 831 1057 885 τῶν
1092 832 1327 885 ἀκτίνων
1361 830 1624 893 διαδόσεις
1662 827 1749 897 γί-

144 944 359 991 νονται,
400 926 497 979 καὶ
526 926 619 977 ἐπὶ
653 924 865 989 τούτοις
900 924 1101 995 μᾶλλον
1137 924 1232 977 καὶ
1258 919 1441 996 ἧττον,
1474 922 1656 986 καθὼς
1684 922 1750 976 ἂν

142 1016 264 1087 ἔχοι
310 1017 377 1070 τὸ
407 1016 775 1087 ὑποκείμενον
805 1017 945 1088 πρὸς
971 1016 1071 1089 τὴν
1104 1017 1198 1070 τοῦ
1229 1015 1406 1086 φωτὸς
1448 1014 1751 1086 μετάληψιν

144 1107 617 1177 ἐπιτηδειότητος·
659 1109 752 1161 ἐπὶ
789 1108 847 1160 δὲ
866 1106 975 1160 τῶν
1020 1108 1340 1178 παχυτέρων
1385 1108 1482 1177 οὐχ
1528 1106 1748 1177 ὁμοίως,

143 1200 269 1253 ἀλλ’
301 1200 337 1270 ἦ
386 1200 565 1272 πάντη
612 1201 902 1263 ἀδιαδότως
934 1200 966 1270 ἢ
1001 1201 1290 1272 ἀμυδρῶς·
1326 1200 1482 1254 τοῦτο
1524 1202 1615 1254 καὶ
1658 1201 1752 1254 ἐπὶ

140 1292 247 1362 τῆς
303 1290 459 1356 Θείας
510 1292 830 1364 ἐλλάμψεως
874 1295 908 1365 ἡ
956 1294 1211 1364 ἀνισότης
1254 1294 1355 1365 τῆς
1401 1293 1750 1357 αὐτεξουσίου

145 1384 333 1455 ῥοπῆς
367 1383 681 1456 ἐργάζεται.
731 1386 963 1440 Ὺπόθου
1008 1386 1136 1459 γὰρ,
1173 1387 1274 1458 τὴν
1303 1387 1572 1458 ἡμετέραν
1607 1385 1753 1456 ζωὴν

143 1475 274 1545 ὅφιν
301 1472 449 1530 εἶναι
484 1477 701 1549 νοερὲω,
728 1478 841 1531 ἀλλ’
870 1478 1145 1548 ἀνόμοιον,
1172 1478 1263 1532 διὰ
1294 1478 1357 1531 τὸ
1384 1476 1748 1543 αὐτεξούσιον·

144 1571 179 1637 ἡ
214 1568 273 1620 δὲ
318 1568 425 1639 τῆς
464 1568 651 1640 θεῖκῆς
696 1569 1033 1641 ἀγαθότητος
1082 1569 1380 1639 φωτοδοσία
1431 1569 1528 1640 μία
1584 1569 1679 1621 καὶ
1720 1569 1754 1639 ἡ

146 1662 289 1733 αὐτή
351 1664 525 1723 ἐστιν,
563 1662 942 1734 ὑπερπλήρης,
971 1664 1065 1716 καὶ¹
1112 1663 1422 1735 ἀνελλιπὴς,
1453 1663 1547 1716 καὶ
1587 1661 1753 1732 ἁπλῆ,

146 1753 245 1805 καὶ
285 1752 379 1804 ἀεὶ
428 1752 696 1816 ὡσαύτως
728 1754 942 1823 ἔχουσα’
972 1756 1005 1825 ἡ
1051 1752 1180 1823 γοῦν
1208 1754 1317 1807 τῶν
1359 1753 1534 1824 ὄψεων
1568 1750 1757 1819 αὐτεξ-

1850 547 2104 602 libertate
2135 548 2360 616 prmdita
2400 565 2413 601 ε
2446 561 2620 617 neque
2668 564 2855 603 rursus
2884 549 3149 614 dicamus,
3198 564 3423 621 propter

1851 640 2003 696 illam
2058 643 2228 709 ipsam
2278 642 2587 696 libertatem
2619 651 2862 697 nostram
2905 641 3102 696 divina:
3123 644 3425 699 Providen-

1854 735 1943 789 tia:
1970 734 2152 788 divina
2184 734 2386 788 lumina
2423 733 2674 789 obtundi.
2708 735 2815 790 Sed
2850 735 3124 791 dictorum
3167 737 3276 807 92
3326 741 3423 793 ho-

1854 842 1973 879 rum
1999 826 2309 896 exemplum
2339 828 2528 895 accipe
2570 842 2601 880 a
2648 826 2856 881 lumine
2886 828 3017 882 solis
3049 847 3061 881 :
3104 829 3244 883 sicut
3274 830 3419 883 enim

1855 918 1927 971 ibi
1960 916 2147 971 videre
2180 917 2325 980 licet,
2370 917 2423 970 in
2461 919 2932 985 transparentihns
2965 919 3182 989 quidem
3226 936 3424 990 corpo-

1854 1007 2008 1061 ribus
2039 1007 2317 1061 radiorum
2358 1007 2479 1062 fieri
2528 1008 2996 1076 distributionem,
3025 1026 3199 1079 eoque
3249 1014 3423 1083 magis

1852 1100 1940 1153 vel
1972 1100 2173 1167 minus,
2212 1116 2309 1171 pro
2336 1101 2563 1170 subjecti
2600 1103 2665 1157 ad
2706 1102 2885 1157 lumen
2925 1104 3307 1172 excipiendum
3331 1121 3425 1161 ca-

1855 1193 2128 1261 pacitate;
2159 1193 2212 1247 in
2247 1193 2612 1248 crassioribus
2642 1204 2823 1248 autem
2853 1210 2960 1250 non
3006 1197 3283 1261 similiter,
3330 1198 3425 1252 sed

1856 1297 1952 1340 aut
1970 1288 2195 1341 omnino
2212 1289 2559 1342 indistribute
2591 1298 2683 1342 aut
2707 1290 2977 1357 obscure;
3000 1291 3231 1359 idipsum
3256 1292 3423 1345 etiam

1856 1378 1910 1432 in
1941 1379 2123 1433 divina
2181 1380 2547 1436 illustratione
2598 1381 2936 1451 inaequalitas
2970 1383 3155 1437 liberae
3193 1399 3431 1453 propen-

1856 1469 2026 1524 sionis
2050 1482 2329 1539 operatur.
2359 1472 2616 1541 Snppone
2654 1474 2822 1537 enim,
2849 1474 3016 1528 vitam
3066 1486 3309 1530 nostram
3342 1479 3425 1531 vi-

1856 1563 2064 1618 sionem
2092 1579 2213 1619 esse
2237 1565 2563 1634 spiritalem,
2595 1567 2689 1621 sed
2713 1567 3057 1638 inaequalem,
3091 1580 3313 1638 prapter
3336 1587 3428 1624 ar-

1857 1654 2005 1709 bitrii
2053 1656 2400 1727 libertatem;
2430 1659 2627 1714 divinat
2658 1670 2840 1713 autem
2894 1662 3157 1718 bonitatis
3188 1663 3425 1719 illustra-

1861 1749 2085 1814 tionem,
2118 1765 2280 1803 unam
2330 1766 2455 1807 esse
2498 1761 2554 1806 et
2604 1754 2877 1817 eamdem,
2935 1756 3341 1825 superplenam,
3373 1770 3430 1814 et

144 1845 409 1913 ουσιότης
468 1845 502 1915 ἢ
560 1846 839 1910 παντελῶς
907 1846 1209 1918 ἀμέθεκτον
1260 1850 1406 1901 ποιεῖ
1457 1849 1555 1917 τὴν
1610 1848 1756 1902 θείαν

1863 1842 2292 1910 indelicientem,
2341 1858 2396 1899 et
2464 1846 2790 1915 simplicem,
2854 1857 2910 1903 et
2961 1850 3150 1903 eodem
3214 1865 3430 1919 semper

146 1936 376 1997 ἀκτῖνα,
408 1939 468 1989 ἐν
502 1939 648 2001 ὅσοις
685 1938 885 2011 δηλαδὴ
928 1941 1220 1995 ἀντιτυπία
1269 1941 1409 2005 ἐστὶ,
1457 1940 1754 1995 κάντεῦθεν

146 2030 391 2092 οὐδόλως
419 2034 453 2102 ὴ
491 2033 651 2096 ἀκτὶς
703 2034 1012 2088 διαδίδοταν
1056 2036 1090 2107 ἢ
1139 2036 1430 2108 διαφόρους
1470 2041 1615 2089 ποιεῖ
1657 2036 1756 2101 τὰς

149 2122 417 2192 μετοχὰς,
459 2124 663 2195 μικρὰς
706 2127 739 2197 ἢ
782 2126 1044 2196 μεγάλας,
1074 2127 1321 2200 ἀμυδρὰς
1361 2128 1393 2199 ἢ
1440 2129 1632 2197 φανάς.
1683 2128 1756 2182 To

148 2214 304 2281 γοῦν,
343 2216 544 2287 μικρὸν
572 2218 665 2271 καὶ
699 2219 862 2288 μέγα,
896 2221 987 2273 ἐπὶ
1011 2220 1199 2273 ποσοῦ“
1236 2222 1329 2274 καὶ
1375 2220 1546 2292 μικρά
1597 2222 1757 2294 χάρις

148 2308 315 2376 τυχὸν
341 2310 377 2378 ἡ
403 2309 509 2378 τῆς
542 2310 910 2376 διδασκαλίας
950 2312 1160 2383 μεγάλη
1195 2315 1227 2384 ἡ
1263 2316 1362 2385 τῆς
1395 2314 1751 2385 προφητείαςο

151 2399 228 2449 Τὸ
259 2398 321 2450 δὲ
351 2398 603 2470 ἀμυδρὰς
629 2401 661 2471 ἢ
697 2401 890 2471 φανὰς,
912 2404 1003 2455 ἐπὶ
1039 2402 1217 2455 ποιοῦ·
1260 2404 1349 2456 ὅτε
1377 2404 1537 2474 τυχὸν
1571 2407 1604 2475 ὴ
1633 2420 1759 2475 προ-

152 2489 363 2559 φητεία
404 2490 526 2542 δυσί
568 2508 710 2544 τισιν
744 2493 1000 2565 ὑπάρχει,
1047 2496 1141 2549 καὶ
1186 2493 1265 2565 τῷ
1317 2496 1415 2565 μὲν
1455 2494 1549 2548 ἐπὶ
1596 2495 1756 2549 πλέον

151 2581 295 2642 ἐστὶ,
316 2580 401 2651 τῷ
432 2582 490 2634 δὲ
514 2583 599 2634 ἐπ’
631 2583 867 2639 ἔλαττον.
909 2587 1060 2639 Ἐπεὶ
1092 2587 1172 2640 ὅτι
1205 2604 1269 2655 γε
1299 2589 1393 2641 καὶ
1419 2587 1528 2641 τῶν
1556 2588 1757 2660 ἐτέρων

153 2672 333 2725 ἐθνῶν
366 2672 447 2745 (ἐξ
480 2669 554 2727 ὦν
582 2677 677 2729 καὶ
711 2679 873 2747 ἡμεῖς
896 2678 1157 2749 Ἕλληνες
1187 2680 1339 2743 ὄντες
1369 2680 1755 2751 ἀνενεύσαμεν)

153 2767 218 2817 οὐ
258 2766 406 2831 ξένοι
442 2768 591 2831 τινὲς
625 2770 716 2822 καὶ
749 2771 1026 2825 ἀλλόκοτοι
1061 2774 1389 2827 ἐπεστάτουν
1426 2772 1539 2829 θεοὶ
1575 2774 1669 2826 ἐπὶ
1697 2774 1758 2828 τὸ

152 2862 553 2932 ὲξηπλωμένον
584 2866 719 2918 πᾶσι
768 2869 881 2931 τοῖς
907 2868 1149 2922 θέλουσιν
1197 2872 1277 2933 εἰς
1308 2870 1591 2941 μετάδοσιν
1621 2872 1757 2925 ἐτοί-

155 2972 282 3024 μως
316 2954 389 3007 δι’
415 2954 727 3026 ἀγαθότητα
752 2958 844 3011 τοῦ
876 2959 1166 3033 θεαρχικοῦ
1198 2963 1377 3032 φωτὸς
1407 2963 1633 3034 ἄπειρον
1661 2963 1759 3017 πέη

152 3048 355 3115 λαγος,
397 3049 515 3102 ἀλλ’
560 3052 747 3123 ἐπειδὴ
789 3055 887 3124 μία
940 3054 1162 3107 πάντων
1216 3054 1359 3127 ἀρχὴ
1400 3058 1428 3109 ό
1472 3055 1623 3119 Θεὸς·
1668 3056 1757 3112 διὰ

150 3139 323 3193 τοῦτο
384 3142 525 3211 πρὸς
581 3144 786 3215 ταύτην
829 3145 1030 3216 ἀνῆγον
1061 3147 1113 3198 οἱ
1165 3146 1285 3200 καθ’
1331 3148 1563 3202 ἕκαστον
1605 3148 1755 3212 ἔθνος
1785 3189 1827 3244 C

151 3232 588 3296 ὲπιστατοῦντες
620 3234 840 3304 ἄγγελοι
886 3235 1013 3298 τοὺς
1047 3236 1347 3307 ἑπομένους
1390 3237 1532 3290 κατὰ
1557 3237 1618 3290 τὸ
1665 3238 1761 3291 αύ-

154 3322 416 3394 θαίρετον
444 3327 538 3379 καὶ
581 3328 683 3381 οὐκ
732 3328 1166 3399 ἠναγκασμένον.
1217 3330 1442 3400 Μάρτυς
1486 3333 1516 3384 ό
1559 3331 1762 3400 Μελχι-

157 3415 345 3479 σεδὲκ,
376 3416 633 3486 βασιλεὺς
671 3418 770 3489 μὲν
794 3420 895 3489 τῆς
927 3421 1117 3491 Σαλὴμ
1150 3421 1228 3475 ῶν
1262 3422 1354 3474 ἐπὶ
1395 3422 1505 3475 τῶν
1553 3423 1759 3492 χρόνων

154 3508 255 3561 τοῦ
293 3510 572 3581 Ἀϐραὰμ,
611 3511 669 3577 ἐξ
713 3511 883 3565 ἐθνῶν
922 3514 980 3566 δὲ
1025 3515 1121 3566 καὶ
1160 3516 1217 3567 ἐν
1255 3514 1406 3585 μέσῳ
1443 3514 1554 3567 τῶν
1589 3515 1758 3568 ἐθνῶν

158 3602 436 3673 ἱεράρχης
460 3602 850 3671 φιλοθεώτατος
883 3605 1300 3677 γνωριζόμενος·
1337 3607 1397 3659 ού
1430 3606 1539 3678 γὰρ
1570 3606 1759 3669 ἁπλῶς

157 3695 416 3763 φιλόθεον
447 3694 637 3749 τοῦτον
666 3698 722 3749 ai
772 3698 987 3768 l‘pacpai.
1033 3698 1440 3772 παραδιδοῦσιν,
1485 3698 1621 3753 ἀλλὰ
1664 3701 1758 3753 καὶ

161 3790 318 3860 ἱερέα
350 3790 450 3843 τοῦ
497 3791 666 3856 ὅντως
693 3792 846 3856 ὄντος
894 3792 1052 3857 Θεοῦ,
1106 3796 1195 3847 ἵνα
1227 3795 1446 3858 πάντως
1472 3792 1754 3865 δηλώσωσι

157 3885 273 3945 τοῖς
297 3881 615 3953 ἐχέφροσιν,
648 3883 729 3936 ὅτι
750 3885 824 3955 μὴ
860 3885 1020 3955 μόνον
1049 3880 1204 3949 οὗτος
1232 3882 1300 3957 ἦν
1334 3884 1595 3955 φιλόθεος,
1621 3884 1757 3937 ἀλλὰ

160 3976 257 4027 καὶ
291 3975 485 4038 ἀλλοις
510 3978 591 4039 εἰς
633 3976 907 4046 φιλοθεῖαν
939 3981 1147 4049 ἡγεῖτο·
1182 3980 1319 4051 ὅπερ
1348 3977 1466 4041 πῶς
1482 3978 1547 4032 ἂν
1562 3974 1650 4050 ἦν,
1681 3977 1760 4030 εῖ-

160 4084 270 4138 πρ
302 4068 651 4134 ἁπαξαπλῶς
667 4070 761 4122 καὶ
778 4074 1124 4126 παντάπασιν
1154 4073 1219 4125 ἐκ
1244 4071 1352 4126 τῶν
1386 4071 1557 4125 ἐθνῶν
1584 4075 1616 4143 ὴ
1652 4070 1763 4124 θεο-

160 4160 374 4227 γνωσία
406 4161 675 4215 ἀπέλειπε

1857 1938 2017 1992 modo
2045 1952 2105 1992 se
2154 1937 2490 1994 habentem:
2532 1950 2659 1996 tunc
2703 1944 2892 2011 utique
2937 1944 3207 2000 visionum
3257 1945 3427 2002 libera

1857 2030 2151 2103 propensio
2182 2030 2267 2083 vel
2289 2032 2511 2086 omnino
2560 2033 3083 2091 incommunicatum
3136 2039 3312 2093 reddit
3342 2055 3429 2093 ra-

1857 2122 2005 2176 dium
2051 2123 2320 2189 divinum,
2370 2125 2435 2181 iis
2468 2127 2725 2181 nimirum
2763 2129 2857 2199 qui
2905 2128 3273 2199 reluctantur,
3305 2149 3434 2204 pro-

1857 2222 1980 2282 pter
2010 2217 2157 2284 quod
2201 2218 2426 2272 omnino
2457 2220 2642 2275 radius
2684 2237 2793 2277 non
2824 2223 3211 2293 distribuitur;
3239 2226 3321 2281 vel
3344 2228 3430 2281 di-

1859 2322 2047 2363 versas
2100 2308 2234 2363 facit
2285 2310 2763 2380 participationes,
2812 2329 3008 2384 parvas
3052 2317 3134 2371 vel
3182 2333 3429 2387 magnas,

1858 2403 2123 2455 obscuras
2150 2399 2235 2454 vel
2283 2402 2480 2457 claras.
2531 2400 2667 2457 Illud
2722 2406 2905 2473 itaque
2946 2422 3174 2476 parvum
3231 2420 3287 2464 et
3318 2427 3431 2465 ma-

1859 2510 2050 2564 gnum,
2089 2496 2156 2547 ad
2188 2497 2553 2563 quantitatem
2585 2497 2824 2551 refertur
2859 2517 2871 2552 :
2905 2510 2960 2553 et
2986 2516 3152 2569 parva
3183 2512 3265 2557 est
3304 2520 3430 2573 gra-

1861 2588 1957 2653 tia,
1991 2586 2134 2641 forte
2162 2588 2516 2653 eruditionis;
2547 2605 2768 2660 magna,
2802 2592 3123 2659 prephetiaa.
3158 2593 3293 2649 lllud
3336 2612 3434 2650 au-

1864 2690 1993 2745 tem,
2022 2682 2287 2737 obscuras
2315 2682 2398 2737 vel
2452 2684 2652 2748 claras,
2685 2684 2752 2737 ad
2800 2685 3119 2753 qualitatem
3179 2687 3434 2758 refertur,

1858 2778 2077 2843 quando
2105 2773 2246 2830 forte
2284 2776 2569 2847 prophetia
2614 2777 2827 2833 duobus
2867 2778 3141 2848 aliquibus
3172 2783 3432 2852 obtingit;

1858 2879 2023 2937 atque
2045 2869 2136 2922 uni
2164 2869 2381 2938 quidem
2417 2868 2651 2938 plenior,
2676 2869 2833 2924 alteri
2858 2885 2991 2926 vero
3022 2873 3262 2933 tenuior.
3293 2875 3433 2941 Quin

1859 2962 2023 3016 etiam
2068 2964 2199 3033 quia
2247 2963 2459 3017 caeteris
2497 2963 2754 3032 gentibus
2802 2962 2856 3034 (ε
2878 2964 3077 3033 quibus
3108 2976 3163 3021 et
3191 2981 3313 3031 nos,
3341 2970 3433 3036 qui

1859 3056 2033 3109 Graeci
2055 3070 2260 3118 sumus,
2280 3056 2628 3125 emersimus)
2655 3070 2761 3108 non
2790 3055 2952 3109 alieni
2982 3058 3206 3125 quidam
3234 3068 3291 3115 et
3311 3075 3437 3129 pro—

1859 3148 2050 3219 digiosi
2075 3148 2408 3218 przefuerunt
2433 3148 2506 3204 dii
2524 3150 2590 3204 ad
2607 3148 2859 3203 diﬂ‘usum
2877 3150 3157 3217 omnibus,
3176 3152 3268 3220 qui
3296 3153 3438 3208 ultro

1871 3254 1968 3307 per
1986 3240 2290 3294 bonitatem
2312 3240 2429 3309 ejus
2460 3240 2937 3309 participationem
2957 3250 3241 3311 appetunt,
3270 3243 3435 3298 divini

1868 3330 2091 3384 luminis
2139 3330 2411 3383 inﬁnitum
2459 3330 2705 3399 pelagus,
2736 3330 2831 3385 sed
2880 3340 2966 3385 est
3012 3348 3154 3386 unus
3193 3336 3434 3388 omnium

1868 3421 2207 3490 principatus
2242 3421 2414 3485 Deus;
2449 3421 2655 3475 idcirco
2679 3422 2747 3475 ad
2786 3422 2960 3491 ipsum
2987 3438 3204 3492 quoque
3236 3425 3438 3494 angeli,

1867 3507 1960 3574 qui
1994 3508 2191 3574 cuique
2235 3509 2445 3563 nationi
2475 3509 2718 3578 przefecti
2762 3520 2945 3573 erant,
2997 3527 3094 3566 eos
3117 3513 3209 3580 qui
3243 3528 3441 3581 seque-

1867 3603 2089 3667 bantur,
2110 3601 2282 3656 libere
2303 3611 2359 3656 et
2396 3618 2501 3657 non
2535 3613 2727 3658 coacte
2752 3604 3117 3659 adduxerunt.
3146 3604 3323 3660 Testis
3356 3618 3441 3660 est

1863 3696 2239 3761 Melchisedec,
2287 3695 2380 3764 qui
2438 3697 2657 3765 quidem
2711 3712 2809 3750 rex
2860 3697 3041 3750 Salem
3100 3700 3440 3767 temporibus

1864 3789 2100 3842 Abrahae
2121 3796 2274 3853 erat;
2305 3797 2679 3842 verumtamen
2702 3803 2770 3841 ex
2794 3789 3067 3859 gentibus,
3092 3799 3148 3843 et
3177 3792 3231 3844 in
3263 3792 3440 3847 medio

1865 3880 2109 3951 gentium
2138 3921 2152 3947 ,
2189 3880 2447 3935 sacerdos
2490 3878 2602 3934 Deo
2652 3880 2999 3950 gratissimus
3041 3892 3126 3936 est
3166 3887 3384 3953 agnitus
3421 3901 3436 3938 ε

1864 3987 1973 4025 non
2002 3972 2147 4026 enim
2173 3971 2406 4039 simplici
2440 3972 2603 4025 modo
2635 3973 2815 4041 ipsum
2859 3972 2972 4028 Deo
2998 3974 3225 4028 charum
3270 3977 3441 4030 exsti-

1868 4065 2000 4120 tisse
2025 4062 2324 4133 Scriptura:
2366 4066 2605 4128 tradunt,
2657 4079 2845 4119 verum
2897 4067 3058 4120 etiam
3099 4068 3439 4123 sacerdotem

1866 4168 1995 4212 vere
2024 4153 2337 4209 exsistentis
2376 4154 2469 4208 Dei
2495 4172 2510 4221 ;
2548 4156 2622 4209 ita
2647 4164 2707 4209 ut
2742 4157 2966 4211 omnino
2997 4157 3277 4212 intellectu
3303 4174 3439 4228 pra:-

164 4247 299 4304 ditis
319 4250 667 4319 significent,
708 4252 882 4323 ipsum
912 4270 1020 4309 non
1055 4254 1230 4311 solum
1265 4254 1375 4310 Deo
1441 4256 1672 4310 charum
1729 4249 2034 4311 exstitisse,
2094 4260 2285 4300 verum
2334 4254 2391 4299 et
2454 4246 2589 4300 alios
2622 4262 2839 4316 quoque
2886 4248 2952 4302 ad
2993 4247 3085 4302 Dei
3142 4250 3436 4307 amicitiam

166 4344 494 4406 adduxisse,
519 4344 660 4410 quod
687 4343 779 4414 qui
807 4344 919 4398 ﬁeri
946 4346 1234 4415 potuisset,
1262 4345 1307 4402 si
1358 4347 1650 4399 universim
1695 4351 1750 4397 et
1782 4342 2009 4397 omnino
2033 4347 2089 4393 et
2125 4343 2269 4406 apud
2295 4350 2487 4390 omnes
2522 4349 2712 4406 gentes
2737 4338 2831 4393 Dei
2875 4341 3068 4395 notitia
3093 4340 3421 4399 defecisset?

236 4433 267 4505 ᾗ
303 4433 401 4488 IV.
444 4436 557 4488 Kal.
588 4436 747 4489 τοῦτο
777 4436 833 4489 δὲ
865 4437 1164 4508 ὑπομνήσω
1194 4438 1292 4508 τὴν
1324 4437 1420 4508 σὴν
1445 4436 1756 4508 ίεραρχικὴν

1945 4430 1971 4503 §
2014 4429 2101 4485 IV.
2142 4430 2275 4485 Illud
2307 4445 2527 4500 quoque
2559 4429 2854 4500 pontiﬁcia:
2884 4440 2987 4485 tuae
3017 4434 3265 4488 scientiae
3290 4449 3439 4489 cem-

164 4526 388 4579 σύνεσιν
438 4526 605 4596 (φησὶ
650 4529 788 4598 πρὸς
824 4528 915 4581 τὸν
958 4529 1184 4597 Ἐφέσου
1214 4529 1511 4599 Τιμόθεον)
1555 4530 1636 4581 ὅτι
1666 4530 1759 4581 καὶ

163 4621 221 4671 al
260 4616 388 4671 καθ’
424 4616 628 4680 ὕπνους
657 4618 877 4688 ὁράσεις
906 4618 985 4690 τῷ
1010 4618 1210 4690 Φαραὼ
1246 4621 1340 4672 καὶ
1364 4619 1445 4690 τῷ
1487 4621 1763 4689 Ναϐουχο-

160 4710 411 4778 δονόσορ,
447 4708 537 4761 διὰ
564 4707 675 4760 τῶν
709 4709 955 4777 ἀγγέλων
984 4709 1093 4763 τῶν
1132 4710 1564 4763 ἐπιστατούντων
1618 4711 1764 4773 ἰδίως

159 4804 277 4864 τοῖς
311 4799 528 4852 ἔθνεσιν
562 4800 907 4871 ἐγεγένηντο,
943 4802 1064 4855 καθ’
1080 4801 1146 4864 ἃς
1161 4804 1381 4874 ὁράσεις
1409 4805 1470 4856 τὸ
1500 4804 1598 4875 τῆς
1628 4805 1765 4858 πάν-

162 4908 271 4943 των
309 4889 575 4959 προνοίας
607 4894 702 4944 καὶ
741 4892 1061 4965 κυριότητος
1105 4895 1462 4967 κηδεμονικὸν
1494 4896 1590 4949 τοῦ
1625 4896 1761 4951 Θεοῦ

160 4980 616 5052 διεπορθμεύετο·
647 4978 800 5045 οὗτος
814 4983 923 5054 γὰρ
950 4984 1154 5056 Κύριος
1180 4986 1274 5038 καὶ
1306 4988 1609 5059 προνοητὴς
1625 4988 1762 5042 πάν-

160 5088 268 5125 των
304 5070 406 5124 καὶ
438 5071 573 5135 Θεὸς
592 5111 606 5135 ,
642 5074 718 5137 ὡς
750 5075 844 5126 καὶ
874 5076 902 5126 ὁ
931 5074 1142 5138 Παῦλος
1176 5077 1443 5148 πολλαχοῦ
1492 5078 1762 5150 ἐδήλωσεν

160 5162 363 5216 εἰπών’
380 5164 481 5231 Μὴ
505 5166 617 5217 οὐκ
639 5166 812 5218 ἐστιν
831 5168 864 5219 ό
882 5166 1027 5230 Θεὸς
1053 5168 1152 5221 καὶ
1180 5168 1406 5229 ἐθνῶν-ς
1430 5171 1529 5223 ναὶ
1553 5173 1651 5225 καὶ
1665 5174 1761 5226 ἐθο-

160 5254 323 5319 νῶν,
370 5256 540 5324 εἴπερ
576 5258 663 5322 εἷς
710 5260 742 5310 ό
778 5259 937 5325 Θεός.
991 5258 1128 5312 Ἀλλ’
1161 5262 1217 5311 αί
1263 5260 1482 5331 ὁράσεις
1529 5264 1627 5332 μὲν
1672 5264 1759 5318 διὰ

158 5349 271 5403 τῶν
298 5349 577 5415 ἀγγέλων,
608 5351 665 5401 αί
697 5350 752 5403 δὲ
776 5350 957 5413 λύσεις
980 5350 1292 5421 ἀλλαχόθεν,
1317 5354 1408 5405 καὶ
1435 5355 1496 5406 ού
1516 5354 1603 5407 διὰ
1633 5355 1757 5407 τού-

160 5460 293 5503 των,
332 5443 447 5513 ὅσῳ
488 5443 586 5494 καὶ
619 5442 755 5495 Θεοῦ
794 5443 1127 5513 θεράποντες
1172 5446 1417 5516 ὑπῆρχον
1449 5447 1499 5498 οἱ
1535 5448 1762 5519 συγκρί-

161 5550 355 5596 νοντες
384 5534 456 5586 τὰ
508 5534 783 5606 ὀνείρατα,
832 5536 928 5588 καὶ
961 5536 1070 5589 τῶν
1103 5536 1349 5605 ἀγγέλων
1381 5540 1547 5607 ἐγγὺς
1571 5580 1585 5603 ,
1622 5539 1763 5593 ὥστε

162 5628 273 5680 ἀπὸ
298 5626 442 5678 Θεοῦ
474 5626 541 5679 δι’
569 5626 750 5680 αὐτῶν
789 5626 859 5680 τά
906 5628 1017 5680 τῶν
1050 5628 1351 5683 ἐπιλύσεων
1397 5630 1659 5699 γίνεσθαι.
1706 5633 1763 5686 '0

163 5720 273 5789 γάρ
320 5717 523 5788 Ἰωσὴφ
556 5718 626 5770 τὰ
658 5717 753 5771 τοῦ
786 5720 984 5788 Φαραὼ
1012 5723 1268 5795 ὀνείρατα
1291 5723 1443 5779 ἔλυεν
1475 5725 1614 5796 ὑπὲρ
1647 5725 1756 5779 τῶν

237 5886 261 5914 ν
300 5876 463 5931 Rom.
496 5893 581 5942 tu,
617 5876 707 5931 29.

1870 4521 2187 4577 memorabo
2215 4521 2535 4593 (alloquitur
2564 4522 2630 4575 ad
2683 4520 3029 4576 Timotheum
3075 4524 3275 4593 Ephesi
3317 4528 3436 4597 epi—

1866 4614 2115 4683 scopum)
2142 4617 2415 4681 quomodo
2445 4614 2610 4667 etiam
2658 4611 2925 4667 Pharaoni
2978 4625 3034 4670 et
3073 4615 3438 4673 Nabuchod0¢

1866 4704 2052 4757 nosori
2094 4719 2194 4773 per
2222 4702 2470 4771 angelos,
2515 4703 2801 4756 nationum
2856 4706 3116 4774 praesides
3163 4711 3435 4779 praprios,

1866 4796 1921 4847 in
1944 4795 2152 4848 somnis
2175 4794 2416 4849 visiones
2465 4794 2576 4848 sint
2600 4792 2879 4859 exhibitte,
2902 4810 2999 4862 per
3036 4812 3173 4866 quas
3198 4802 3437 4855 onmium

1865 4886 1973 4957 93
2008 4886 2366 4957 providentiae
2395 4901 2461 4955 ac
2483 4885 2872 4941 dominationis
2904 4885 3001 4942 Dei
3047 4903 3178 4944 cura
3206 4890 3273 4946 iis
3304 4893 3439 4947 iusi-

1866 4982 2137 5035 nuabatur
2180 4981 2486 5048 :siquidem
2510 4979 2602 5035 hic
2627 4991 2711 5036 est
2737 4984 3020 5049 Dominus,
3060 4995 3114 5039 et
3164 4987 3435 5051 provisor,

1864 5084 1919 5128 et
1944 5072 2088 5127 Deus
2116 5073 2384 5138 omnium,
2437 5072 2584 5128 sicut
2625 5075 2791 5129 etiam
2825 5075 3026 5132 Paulus
3058 5077 3262 5144 _multis
3308 5078 3438 5132 locis

1865 5166 2181 5233 declaravit,
2216 5167 2450 5221 dicens:
2498 5166 2752 5236 Nunquzd
2791 5176 2866 5221 est
2914 5169 3055 5223 Deus
3108 5170 3265 5222 etiam
3313 5187 3435 5237 gen-

1864 5260 2035 5313 tium?
2066 5261 2172 5313 imo
2212 5270 2261 5314 et
2313 5262 2569 5328 gentium,
2615 5263 2865 5326 quoniam
2903 5278 3041 5316 unus
3083 5274 3159 5316 est
3208 5262 3346 5315 Deus
3389 5271 3433 5314 π.

1864 5350 2069 5410 Verum
2098 5353 2343 5408 visiones
2369 5355 2590 5423 quidem
2635 5371 2730 5425 per
2781 5356 3026 5425 angelos,
3074 5356 3435 5409 resolutiones

1866 5456 2046 5499 autem
2075 5444 2314 5512 aliunde,
2344 5456 2397 5501 et
2428 5461 2532 5501 non
2559 5462 2658 5515 per
2708 5450 2825 5512 bos,
2862 5448 2936 5500 ita
2984 5456 3044 5499 ut
3079 5444 3175 5500 Dei
3207 5445 3435 5508 iuerint,

1866 5537 2181 5606 angelisque
2211 5539 2522 5608 propinqui,
2564 5540 2657 5609 qui
2700 5541 2913 5594 somnia
2945 5537 3334 5607 dijudicarunt,
3363 5537 3435 5588 ita

1866 5641 1983 5684 uta
2022 5630 2129 5685 Deo
2171 5647 2267 5701 per
2304 5633 2427 5687 illos
2475 5646 2662 5687 eorum
2712 5632 2977 5687 resolutio
3024 5630 3203 5684 fieret.
3234 5626 3433 5695 Joscpb

1865 5725 2010 5781 enim
2030 5724 2423 5782 solvitsomnia
2449 5725 2754 5783 Pharaonis
2794 5742 2956 5781 suuer
2987 5723 3291 5794 Egyptios,
3336 5721 3434 5773 Da-
