3908 6232
506 382 609 438 271

1689 372 1746 428 S.
1785 369 2084 429 DIONYSII
2118 371 2583 431 AREOPAGITAE

3652 367 3764 423 27?.

508 497 615 552 niel
672 510 805 551 vero
870 493 1429 551 Nabuchodonosoris
1478 500 1667 546 contra
1723 490 2072 563 Babylonios.

2180 492 2515 559 Αἰγυπτίων,
2547 494 2577 546 ό
2605 493 2663 547 δε
2684 494 2881 566 Δανιὴλ
2912 492 2982 547 τά
3006 495 3101 546 τοῦ
3125 486 3589 559 Ναϐουχοδονόσορ
3616 487 3761 538 κατὰ

508 590 740 653 Idcirco,
784 589 1028 657 inquam,
1083 602 1221 641 unus
1273 593 1358 639 est
1414 583 1657 637 omnium
1713 582 2075 653 principatus,

509 679 757 748 adeoque
795 694 903 733 una
931 677 1302 732 Providentia.
1341 673 1526 744 Neque
1552 673 1664 727 ullo
1695 674 1854 727 modo
1884 683 2078 741 putan-

508 772 635 827 dum
661 780 763 834 est.
791 772 945 840 quasi
980 770 1185 825 ludatis
1220 769 1437 839 quidem
1485 767 1680 822 sortito
1708 765 1851 820 Deus
1872 774 1924 819 et
1953 780 2079 834 pro—

508 865 625 935 prie
641 863 1068 935 pr:efuerit,aliis
1085 872 1263 915 autem
1291 860 1600 914 nationibus
1620 857 1962 931 prmfuerint,
1984 864 2080 910 aut

510 958 689 1025 angeli
722 956 882 1011 modo
916 955 1018 1008 sibi
1055 954 1274 1024 proprio
1316 954 1434 1008 sine
1476 952 1921 1008 subordinatione
1946 989 1961 1013 ,
1993 948 2079 1003 vel

510 1047 744 1116 aequales
766 1047 876 1101 Deo
900 1045 981 1100 vel
1010 1044 1121 1099 Deo
1144 1046 1425 1109 contrarii,
1446 1045 1528 1098 vel
1548 1044 1711 1097 etiam
1742 1042 1830 1096 alii
1857 1043 2076 1113 quidam

508 1137 605 1192 dii.
635 1138 772 1205 Quin
796 1137 959 1192 etiam
984 1136 1126 1205 quod
1156 1138 1205 1189 in
1236 1137 1463 1192 Cantico
1493 1137 1774 1206 Scriptura
1811 1136 1939 1190 dicit
1968 1152 1981 1189 :
2009 1132 2073 1188 Et

509 1231 679 1300 factus
715 1240 788 1283 est
814 1246 934 1300 pars
974 1229 1189 1283 Domini
1215 1232 1438 1299 populus
1478 1231 1596 1299 ejus
1635 1229 1822 1295 Jacob,
1861 1228 2073 1298 funicu-

508 1322 590 1378 lus
634 1324 956 1377 ha'reditatis
997 1324 1110 1393 ejus
1159 1323 1327 1377 Israel
1366 1333 1412 1386 ο,
1438 1324 1733 1376 secundum
1782 1323 1925 1376 hunc
1954 1335 2076 1375 sen-

507 1431 626 1470 sum
671 1414 1047 1484 accipiendum
1086 1424 1193 1479 est,
1241 1431 1344 1468 non
1400 1415 1556 1483 quasi
1617 1413 1760 1467 Deus
1816 1413 2075 1467 mundum

506 1506 652 1561 hunc
692 1516 938 1561 nostrum
972 1521 1094 1559 cum
1126 1506 1342 1560 cmleris
1373 1507 1477 1559 diis
1502 1504 1774 1574 angelisve
1809 1503 2073 1568 diviserit,

504 1599 665 1670 eique
708 1599 862 1668 quasi
905 1614 1027 1654 sors
1069 1597 1236 1653 Israel
1281 1600 1588 1667 assignatus
1627 1596 1721 1651 sit.
1780 1595 1887 1650 Sed
1939 1612 2077 1665 quo—

506 1695 704 1750 modo?
751 1695 903 1762 Quod
964 1697 1222 1750 nimirum
1293 1696 1524 1766 ipsamet
1574 1696 1834 1750 altissima
1893 1710 2074 1750 rerum

504 1786 750 1840 omnium
780 1786 1129 1841 Providentia
1184 1801 1271 1840 res
1317 1801 1506 1840 omnes
1540 1786 1841 1851 hominum,
1874 1785 2076 1840 saluta-

506 1881 658 1933 ribus
688 1879 906 1949 quidcm
962 1880 1137 1948 quoad
1189 1880 1361 1949 ipsos,
1392 1879 1459 1933 ad
1495 1877 1663 1931 Deum
1698 1893 1829 1932 vero
1860 1892 2071 1932 sursum

505 1971 844 2041 erigentibus
873 1973 1412 2035 mauuductionibus,
1447 1971 1656 2040 angelis
1699 1972 1812 2026 suis
1840 1970 2073 2041 propriis

505 2064 859 2132 commiserit,
893 2080 958 2119 ex
999 2066 1249 2119 omnibus
1278 2076 1456 2119 autem
1501 2066 1608 2119 illis
1641 2064 1894 2135 gentibus
1923 2064 2073 2119 solus

504 2152 670 2209 Israel
698 2156 762 2208 ad
783 2157 893 2210 veri
918 2155 1011 2211 Dei
1039 2156 1455 2211 illustrationcm
1474 2170 1771 2210 conversus
1798 2154 1888 2207 sit.
1917 2152 2073 2208 Unde

504 2258 663 2299 sacra
697 2245 1005 2315 Scriptura,
1035 2246 1349 2315 significans
1378 2247 1521 2316 quod
1552 2247 1791 2315 seipsum
1824 2246 1986 2301 Israel
2004 2244 2070 2298 ad

508 2340 618 2394 reri
670 2338 765 2394 Dei
816 2340 1176 2395 ministerium
1222 2340 1550 2394 destinarit:
1604 2340 1802 2396 Factus
1829 2352 1926 2405 est,
1984 2337 2072 2392 in-

504 2435 645 2505 quit,
707 2447 831 2501 pars
866 2432 1093 2487 Domini.
1160 2432 1232 2488 Ut
1278 2444 1459 2489 autem
1511 2435 1706 2487 iterum
1736 2433 2067 2495 ostenderet,

503 2525 774 2594 quomodo
802 2524 971 2579 etiam
1010 2523 1195 2588 Israel,
1228 2526 1435 2594 pariter
1465 2540 1587 2580 eum
1636 2523 1850 2578 caeteris
1893 2528 2071 2593 gentl-

510 2619 629 2680 bus,
691 2616 953 2685 peculiari
1006 2617 1221 2671 cuidam
1268 2617 1462 2688 angelo
1510 2616 1833 2672 commissus
1879 2614 2068 2679 fuerit,

505 2725 606 2780 per
652 2724 816 2779 quem
876 2711 941 2765 ad
993 2710 1085 2766 Dei
1134 2712 1379 2765 notitiam
1424 2715 1824 2777 traduceretur,
1858 2711 1900 2764 si
1957 2710 2070 2777 ipse

504 2806 758 2859 nimirum
811 2807 973 2861 etiam
1024 2805 1209 2869 vellet,
1258 2804 1573 2859 Michaelem
1627 2804 1819 2858 ducem
1886 2802 2068 2874 pOpuli

504 2900 649 2953 illius
722 2902 883 2968 dicit;
937 2911 1125 2971 aperte
1198 2902 1326 2956 hinc
1386 2901 1605 2966 docens,
1664 2899 1880 2955 unicam
1948 2913 2069 2954 esse

501 2993 742 3045 omnium
773 2993 1168 3062 providentiam
1214 3009 1335 3062 quae
1366 2994 1579 3049 cunctis
1626 3002 1735 3047 tam
1766 2992 2070 3047 visibilibus

502 3098 664 3152 quam
725 3082 1087 3140 invisibilibus
1139 3086 1676 3155 praesit,omuesque
1713 3098 1778 3138 ac
1828 3083 2069 3153 singulas

2179 583 2287 637 τῶν
2320 584 2688 639 Βαϐυλωνίων.
2718 586 2815 639 Διά
2850 585 3008 639 τοῦτό
3040 602 3203 655 φημι,
3245 582 3343 653 μία
3374 580 3521 633 ἐστὶν
3552 582 3585 650 ἠ
3622 577 3766 631 πάν-

2179 692 2285 727 των
2316 676 2478 747 ἀρχὴ,
2498 679 2591 731 καὶ
2616 678 2705 732 διὰ
2735 678 2893 732 τοῦτο
2927 678 3023 750 μία
3060 676 3286 749 πρόνοια
3305 715 3319 727 .
3360 676 3468 727 Καὶ
3504 671 3756 742 οὐδαμῶς

2181 768 2554 838 ὑποληπτέον,
2605 772 2686 825 ὃτι
2727 770 3188 843 ἀποκληρωτικῶς
3236 770 3329 822 καὶ
3370 768 3514 829 ἰδίως
3551 768 3581 819 ό
3624 764 3762 820 Θεὸς

2180 862 2363 931 ἡγεῖτο
2398 861 2505 913 τῶν
2544 860 2833 915 Ἰουδαίωνο
2859 864 2971 923 τοῖς
3001 860 3057 913 δὲ
3087 859 3268 922 ἄλλοις
3283 858 3489 911 ἔθνεσιν
3518 853 3759 907 ἐπεστά-

2178 968 2302 1005 τουν
2323 952 2354 1024 ἢ
2380 952 2596 1021 ἄγγελοι
2624 953 2935 1024 ἰδιοτρόπως
2950 953 3331 1015 ἀνυπότακτοι,
3354 950 3386 1021 ἢ
3409 949 3659 1020 ὁμότιμοι
3680 947 3758 1015 τῷ

2177 1043 2314 1113 Θεῷ,
2351 1043 2692 1115 ἢάντίθετοι,
2726 1044 2759 1116 ἢ
2794 1045 2888 1097 καὶ
2912 1044 3022 1098 θεοί
3051 1061 3195 1107 τινες
3227 1043 3419 1113 ἕτεροι.
3471 1040 3630 1093 Ἀλλά
3665 1039 3760 1092 καὶ

2176 1134 2237 1186 τὸ
2262 1136 2318 1186 ἐν
2348 1138 2413 1206 τῇ
2446 1135 2555 1208 ᾠδῇ
2580 1136 2778 1204 λόγιον,
2811 1135 2872 1188 τὸ
2905 1136 3133 1204 φάσκον·
3167 1133 3279 1187 Καὶ
3308 1130 3559 1202 ἐγενήθη
3584 1132 3755 1199 μερὶς

2176 1229 2399 1294 Κυρίου
2436 1229 2587 1293 ,λαὸς
2618 1228 2803 1282 αὐτοῦ
2862 1225 3069 1287 Ιακὼὸ,
3104 1226 3429 1293 Oxo/ruma
3469 1227 3761 1290 κληρονο-

2170 1322 2313 1390 μίας
2338 1320 2522 1374 αὑτοῦ
2570 1315 2833 1388 Ἰσραὴλ,
2864 1319 3006 1373 κατὰ
3036 1318 3193 1390 τήνδε
3234 1317 3334 1387 τὴν
3364 1316 3565 1367 ἔννοιαν
3602 1312 3761 1383 ἐκλη-

2177 1413 2358 1476 πτὲον,
2394 1412 2490 1483 οὐχ
2517 1412 2598 1465 ὅτι
2622 1414 2911 1483 ἐμερίσατο
2943 1411 2970 1462 ό
3002 1408 3136 1471 Θεὸς
3171 1407 3290 1479 μεθ’
3321 1406 3521 1476 ἐτέρων
3542 1404 3702 1467 θεῶν,
3722 1405 3757 1475 ἢ

2177 1508 2270 1561 καὶ
2293 1506 2556 1575 ἀγγέλων,
2575 1506 2665 1559 τὸν
2686 1505 2807 1558 καθ’
2826 1504 2971 1575 ἡμᾶς
2986 1500 3174 1554 τοῦτον
3202 1500 3425 1570 κόσμον,
3450 1499 3543 1550 καὶ
3575 1497 3761 1567 τούτῳ

2176 1605 2488 1677 ἐπενεμήθη
2533 1605 2609 1667 ὼς
2641 1604 2841 1676 κλῆρος
2880 1605 2908 1655 ό
2966 1599 3199 1673 Ἰσραήλ.
3245 1598 3403 1651 Ἀλλά
3440 1596 3591 1663 πῶς;
3632 1599 3759 1650 ’Ὁτι

2177 1701 2313 1771 αὑτὴ
2342 1700 2437 1769 μὲν
2464 1701 2497 1770 ἡ
2534 1697 2631 1768 μία
2658 1696 2764 1749 τῶν
2780 1696 3034 1749 ἁπάντων
3068 1693 3288 1762 ὕψιστος
3302 1689 3555 1764 πρόνοια,
3573 1693 3759 1745 πάντα

2176 1791 2245 1844 τὰ
2275 1793 2354 1853 εἰς
2382 1788 2721 1859 ἀνθρώπους,
2756 1789 2877 1849 ταῖς
2914 1788 3207 1847 σωστικαῖς
3244 1784 3341 1855 μὲν
3379 1782 3517 1854 πρὸς
3540 1782 3759 1853 ἀνθρὼ-

2179 1903 2348 1949 πους,
2381 1884 2731 1940 ἀνατατικαῖς
2775 1880 2831 1933 δὲ
2882 1878 3018 1951 πρὸς
3048 1878 3179 1930 Θεὸν
3222 1878 3613 1948 χειραγωγίαις
3644 1876 3759 1929 τῶν

2175 1978 2387 2033 οἰκείων
2403 1976 2647 2046 ἀγγέλων
2670 1974 2992 2044 διενείματο,
3017 1973 3079 2025 ἐκ
3094 1970 3297 2025 τούτων
3329 1970 3385 2023 δὲ
3411 1970 3628 2023 πάντων
3642 1969 3759 2021 τῶν

2175 2072 2342 2126 ἐθνῶν
2393 2071 2550 2142 μόνος
2592 2072 2621 2123 ό
2664 2068 2877 2140 Ἰσραὴλ
2922 2067 3015 2119 ἐπὶ
3053 2066 3152 2135 τὴν
3198 2063 3293 2116 τοῦ
3329 2063 3497 2125 ὅντως
3541 2063 3759 2134 Κυρίου

2175 2166 2502 2237 φωτοδοσίαν
2519 2163 2857 2236 ἐπεστράφη.
2882 2160 3044 2214 Ὅθεν
3076 2160 3109 2229 ἡ
3145 2157 3263 2211 θεία
3286 2156 3495 2227 Γραφὴ,
3513 2156 3757 2225 δηλοῦσα

2177 2273 2293 2343 μὲν,
2324 2272 2405 2324 ὅτι
2440 2267 2820 2339 ἐπεκλήρωσεν
2853 2261 3042 2316 ἐαυτὸν
3072 2262 3114 2342 ὁ.
3145 2259 3359 2332 Ἰσραὴλ
3396 2257 3489 2310 ἐπὶ
3518 2257 3620 2328 τὴν
3655 2256 3754 2309 τοῦ

2172 2374 2340 2435 ὅντως
2369 2367 2503 2422 Θεοῦ
2532 2366 2845 2438 θεραπείαν·
2879 2357 3157 2430 Ἐγ-ενήθη
3178 2351 3349 2429 μερίζ-
3375 2354 3621 2425 Κυρίου,
3645 2372 3757 2424 φη-

2174 2473 2275 2526 σίν.
2325 2464 2737 2536 Ἑνδεικνυμένη
2766 2463 2822 2517 δὲ
2850 2462 3012 2516 πάλιν
3028 2460 3109 2524 τὸ,
3133 2459 3228 2512 καὶ
3250 2457 3411 2511 αὐτὸν
3440 2454 3504 2525 δὴ
3526 2452 3619 2505 τὸν
3649 2452 3758 2505 Ἰσ-

2174 2561 2311 2637 ραὴλ
2340 2562 2398 2615 ἐν
2434 2560 2532 2630 ίσῳ
2562 2560 2675 2620 τοῖς
2703 2555 2908 2617 λοιποῖς
2944 2552 3147 2605 ἔθνεσιν
3180 2550 3256 2602 ἐνί
3290 2565 3397 2603 τινι
3428 2546 3535 2598 τῶν
3578 2544 3752 2613 ἀγγέ-

2170 2636 2275 2709 λων
2316 2651 2725 2723 ἀπονεμηθῆναι
2770 2650 2849 2711 είς
2888 2646 2948 2699 τὸ
2978 2646 3045 2698 δι’
3078 2641 3242 2697 αὑτοῦ
3276 2643 3355 2703 εἰς
3384 2640 3482 2709 τὴν
3518 2636 3758 2704 θεογνω-

2172 2745 2291 2798 σίαν
2316 2741 2633 2812 ἀναχθῆναι,
2663 2738 2905 2800 θέλοντος
2936 2734 3137 2806 δηλαδὴ
3172 2734 3266 2786 καὶ
3298 2729 3482 2790 αὑτοῦ,
3517 2728 3610 2781 τὸν
3646 2728 3756 2779 Μι-

2168 2835 2306 2908 χαὴλ
2338 2836 2441 2904 ἐςρη
2476 2830 2717 2903 ἡγεμόνα
2757 2826 2853 2881 τοῦ
2888 2825 3126 2880 τοιούτου
3161 2822 3314 2876 λαοῦ·
3359 2821 3757 2873 ἐκδιδάσκουσα

2169 2923 2423 2978 ἐντεῦθεν
2449 2925 2483 2995 ἡ
2513 2920 2703 2993 Γραφὴ
2718 2918 2797 2980 τὸ,
2834 2916 2961 2987 μίαν
2992 2911 3129 2969 εἶναι
3163 2913 3420 2985 πρόνοιαν
3450 2911 3541 2962 ἐπὶ
3559 2911 3753 2969 πᾶσιν,

2170 3014 2569 3088 ὑπερκειμένην
2602 3010 2918 3083 καὶὸρατῶν
2946 3010 3039 3063 καὶ
3070 3008 3316 3078 ἀοράτων
3350 3004 3628 3063 ἁπάντων,
3657 2998 3757 3052 καὶ

2173 3111 2257 3163 ὅτι
2291 3108 2466 3162 πάντα
2495 3106 2564 3159 τὰ
2595 3104 2715 3159 καθ’
2745 3103 2973 3157 ἕκαστον
3006 3099 3131 3172 ἔθνη
3169 3098 3298 3152 ῐδιον
3329 3098 3625 3167 ἐσχήκασιν
3652 3093 3759 3161 ἆγ-

501 3185 689 3243 gentes
717 3180 1047 3245 peculiarem
1091 3177 1343 3247 angelum
1378 3176 1651 3240 habuisse,
1682 3176 1773 3247 qui
1822 3189 1941 3241 eos,
1975 3176 2064 3244 qui

2175 3204 2348 3272 γελον,
2382 3200 2728 3255 ἀνατείνοντα
2766 3200 2893 3260 τοὺς
2928 3194 3224 3264 ἑπομένους
3260 3188 3578 3249 ἐθελουσίως
3609 3184 3758 3239 κατά

501 3266 644 3321 ultro
693 3282 759 3322 ac
799 3278 991 3339 sponte
1018 3279 1403 3339 sequerentur,
1435 3268 1501 3321 ad
1532 3267 1701 3322 Deum
1744 3282 1922 3322 rerum
1950 3284 2066 3323 om-

501 3356 648 3411 nium
676 3359 1005 3430 principium
1039 3363 1323 3434 dirigeret.

2171 3296 2230 3350 τὸ
2262 3293 2603 3363 αὐτεξούσιον
2618 3292 2698 3355 είς
2729 3289 2826 3361 τὴν
2855 3288 3069 3342 πάντων
3097 3286 3293 3356 ἀρχὴν,
3320 3284 3411 3335 τὸν
3426 3280 3577 3333 Θεόν.

493 3503 3746 3536 _____________________________________._.________———

867 3660 979 3733 9‘
1045 3679 1427 3768 CAPUT
1499 3680 1620 3765 Χ.

723 3823 978 3893 Repetitio
1009 3834 1056 3878 et
1079 3822 1346 3878 conclusio
1376 3824 1599 3893 angelici
1624 3822 1847 3877 ordinis.

2548 3658 3193 3745 ΚΕΦΑΛΑΙΟΝ
3231 3659 3313 3740 I'.

2185 3799 2594 3867 Ἐπανὼιηψις
2626 3798 2722 3852 καὶ
2752 3795 3074 3931 συναγέωτὴ
3108 3794 3219 3865 τῆς
3269 3792 3594 3864 ἀγγελικῆς
3650 3794 3757 3848 εί.-

2845 3884 2916 3920 τα
2980 3883 3071 3931 ας.

2845 3883 3071 3933 tactae.

1802 4023 2135 4081 SYNOI’SIS
2168 4024 2456 4081 CAPITIS.

562 4175 603 4231 ι.
628 4180 791 4239 Docet,
818 4178 1125 4231 sublimiores
1147 4178 1641 4244 angelossub‘limiori
1664 4192 1856 4244 quoque
1882 4182 2025 4244 modo
2060 4180 2314 4244 illustrari.
2352 4180 2414 4244 Il.
2444 4183 2504 4244 In
2530 4180 2928 4232 illustrationibus
2960 4180 3149 4244 servari
3169 4194 3355 4241 quoaue
3387 4180 3759 4234 subordinatio—

1170 4240 1292 4291 ne'm.
1321 4240 1403 4291 lll.
1434 4242 1607 4292 Omnes
1630 4240 1729 4293 siue
1752 4240 1947 4305 angelos
1967 4242 2066 4293 sive
2086 4242 2301 4293 Iwrﬁines
2326 4241 2565 4305 triplicem
2586 4244 2760 4295 habere
2788 4242 3066 4305 potentiam.

501 4607 899 4675 antiquissima.
925 4621 1047 4674 qua
1087 4604 1196 4660 Deo
1228 4609 1431 4670 praesto
1452 4611 1559 4665 est,
1585 4601 2064 4673 intelligentiarum

502 4695 830 4761 distributio,
860 4696 929 4749 ab
977 4692 1740 4765 ipsametprimitusiuitiante
1793 4694 2067 4747 illumina-

500 4790 649 4843 tione
674 4798 1011 4855 consecrata,
1056 4787 1368 4841 immediate
1400 4787 1475 4841 illi
1520 4787 1869 4853 intendenda,
1894 4802 2070 4843 secre-

501 4881 624 4936 tiori
664 4879 827 4933 simul
858 4890 912 4933 et
941 4878 1303 4932 manilestiori
1350 4879 1520 4932 divint
1573 4879 1911 4950 principatus
1939 4881 2065 4934 illu-

497 4973 766 5032 stratione
789 4984 1048 5041 purgetur
1073 4979 1131 5023 et
1166 4970 1503 5025 illuminetnr
1532 4982 1693 5039 atque
1728 4973 2062 5041 perﬁciatur.

498 5062 795 5120 Secretiori
824 5062 1068 5129 quidem,
1102 5061 1232 5129 quia
1262 5062 1583 5128 spiritaliori
1623 5063 1901 5133 magisque
1925 5064 2060 5119 sim-

498 5158 676 5228 plilica
722 5152 1065 5220 uniﬁcaque;
1115 5153 1471 5206 manilestiori
1520 5164 1722 5219 autem,
1763 5155 1889 5222 quia
1949 5157 2063 5225 pri-

499 5247 683 5303 initiva
730 5240 1128 5314 primilucaque
1174 5252 1228 5292 et
1282 5243 1686 5307 universaliori,
1717 5245 2057 5317 ipsiqne(ut-

571 5390 593 5417 ι
626 5378 780 5430 Deut.
820 5388 992 5436 xxx",
1020 5372 1074 5425 9.

2085 4392 2190 4467 g1.

568 4514 898 4571 Conclusum
941 4514 1111 4582 igitur
1137 4527 1167 4565 a
1210 4510 1388 4575 nobis,
1421 4511 1694 4579 quomodo
1720 4510 1810 4564 illa
1843 4512 2059 4581 quidem
2095 4518 2141 4575 ι)

2240 4516 2508 4586 Συνῆκται
2537 4517 2714 4570 τοίνυν
2743 4517 2873 4586 ἡμῖν
2892 4556 2906 4581 ,
2946 4517 3022 4579 ὼς
3055 4517 3088 4587 ἡ
3120 4517 3217 4586 μὲν
3262 4515 3612 4587 πρεσσυτάτη
3642 4516 3758 4570 τῶν

2170 4609 2298 4677 περὶ
2328 4608 2460 4661 Θεὸν
2488 4608 2623 4661 νοῶν
2661 4609 3035 4679 διακόσμησις,
3078 4608 3183 4660 ὑπὸ
3218 4608 3317 4678 τῆς
3359 4607 3759 4678 τελεταρχικῆς

2170 4698 2485 4770 ἐλλάμψεως
2521 4703 2939 4773 ἱεραρχουμένη,
2974 4703 3052 4773 τῷ
3084 4702 3359 4771 ἐπάὑτὴν
3389 4703 3614 4771 apem;
3630 4704 3760 4754 ducto

2167 4790 2435 4844 τείνεσθαι
2457 4792 2501 4823 ⁷³
2522 4833 2535 4856 ,
2564 4796 2912 4867 κρυφιωτέρξι
2946 4795 3039 4847 καὶ
3075 4794 3408 4865 φανοτέρςιτδ
3439 4793 3541 4863 τῆς
3588 4793 3760 4864 θεαρ-

2167 4883 2289 4953 χίας
2322 4884 2618 4956 φωτοδοσίᾳ
2642 4886 2981 4957 καθαίρεται,
3016 4887 3109 4937 καὶ
3130 4884 3445 4953 φωτίζεται,
3478 4886 3573 4937 καὶ
3600 4885 3759 4937 τελε-

2168 4980 2517 5047 σιουργεῖται.
2547 4979 2909 5049 Κρυςριωτέρᾳ
2928 4981 3043 5049 μὲν,
3070 4980 3145 5041 ὡς
3164 4978 3476 5049 νοητστὲρᾳ,
3505 4978 3599 5030 καὶ
3626 4976 3760 5046 μᾶλ-

2167 5068 2255 5121 λον
2280 5070 2560 5142 ἀπλωτικῇ
2588 5072 2682 5124 καὶ
2710 5073 2955 5141 ἐνοποιῴ·
2994 5072 3269 5143 φανοτέρᾳ
3300 5072 3378 5133 δὲ,
3410 5072 3487 5133 ὡς
3536 5086 3757 5142 πρωτοι

2165 5156 2300 5227 δότῳ
2333 5160 2425 5211 καὶ
2452 5163 2796 5229 πρωτοφανεῖ
2824 5164 2917 5216 καὶ
2954 5163 3275 5233 όλικωτέρᾳ,
3308 5164 3402 5215 καὶ
3432 5162 3639 5233 μᾶλλον
3672 5166 3752 5226 εἰς

2166 5251 2448 5321 αὐτὴν,ὼς
2480 5252 2668 5323 διειδῆ,
2699 5255 2976 5327 κεχυμένῃ
2998 5257 3065 5309 ⁷⁸.
3099 5256 3243 5326 Πρὸς
3270 5255 3475 5325 ταύτης
3496 5255 3554 5307 δὲ
3585 5255 3756 5310 πάλιν

1774 5516 2004 5573 νΑιιιΑε
2042 5516 2442 5572 LECTIONES.

567 5658 612 5687 ⁷³
653 5651 965 5719 ἀνάγεσθαι,
993 5651 1039 5703 Μ
1088 5662 1140 5703 et
1171 5650 1454 5737 translatio
1477 5652 1648 5737 Scoti.
1727 5654 1771 5683 ’⁷⁸
1799 5653 1865 5737 in.
1887 5651 1955 5705 Μ.
1987 5654 2293 5737 nominandi
2317 5671 2443 5737 casu
2475 5656 2724 5737 leguntur
2755 5663 2889 5713 ista:
2932 5656 3280 5729 κρυφιωτέρα
3312 5660 3409 5713 καί
3445 5664 3754 5737 φανοτέρα,

498 5737 551 5777 et
597 5742 717 5803 tum
750 5735 936 5803 item:
980 5720 1325 5803 repugnarem
1361 5721 1482 5803 μὲν,
1522 5722 1941 5803 pavori-roceo;
1967 5724 2108 5803 ζ’καὶ
2145 5724 2341 5803 μᾶλλον
2396 5720 2677 5797 ἀπλωτικὴ
2711 5730 2805 5782 καὶ
2858 5720 3134 5792 ἑνοποιός·
3193 5720 3467 5803 ᾡανοτὲρα
3495 5734 3580 5799 δέ,
3614 5720 3753 5800 eiu;

498 5811 584 5849 CUI
640 5792 856 5847 lectioni
894 5794 1173 5847 translatio
1225 5792 1371 5844 Secti
1418 5792 1795 5859 aduipulatur.

1888 5793 1932 5823 ⁷⁵
1970 5792 2038 5846 Μ.
2073 5792 2305 5864 κεχυμέν
2315 5814 2393 5866 ην.
