3908 6232
152 365 260 421 275
272 362 277 365 ⁷

813 358 902 413 DE
932 354 1257 412 C(ELESTI
1288 350 1732 415 HIERARCHIA,
1766 348 1921 407 CAP.
1959 353 2028 410 Χ.
2064 382 2133 391 -—-
2165 349 2489 407 CORDERII
2528 347 2761 405 NOTAE.

3306 350 3412 406 9.74

150 482 434 551 ἀναλόγως
454 483 490 552 ὴ
511 480 761 553 δευτέρα,
793 481 888 533 καὶ
919 480 1054 551 πρὸς
1071 480 1172 551 τῆς
1203 478 1456 551 δευτέρας
1483 480 1518 550 ἡ
1561 477 1737 549 τρίτη,

1851 484 1968 543 pote
2005 472 2306 544 liquidiori)
2353 473 2600 529 intimius
2640 473 2841 527 infusa.
2881 470 2965 525 Ah
2996 470 3101 526 hac
3145 481 3323 525 autem
3356 484 3413 525 ul

151 576 405 646 καὶπρὸς
432 574 533 645 τῆς
561 574 753 646 τρίτης
777 575 808 646 ἡ
835 573 954 627 καθ’
978 576 1125 645 ἡμᾶς
1153 574 1406 645 ίεραρχία
1429 613 1443 638 ,
1478 572 1621 627 κατά
1645 572 1738 625 τὸν

150 670 315 723 αὑτὸν
344 670 443 738 τῆς
478 670 749 739 εὐκόσμου
795 667 1116 739 ταξιαρχίας
1155 667 1375 739 θεσμὸν,
1406 669 1463 720 ὲν
1504 666 1740 737 ἁρμονίᾳ

152 761 272 831 θείᾳ
297 762 394 813 καὶ
416 750 697 830 ἀναλογίᾳ,
722 760 859 831 πρὸς
872 759 967 830 τὴν
991 760 1210 831 ἁπάσης
1240 759 1538 829 εὐκοσμίας
1570 759 1739 828 ὑπερ-

151 856 344 925 ἀρχιον
380 852 554 923 ἀρχὴν
594 854 685 906 καὶ
717 852 1025 922 περάτωσιν
1068 850 1396 923 ιεραρχικῶς
1427 849 1706 917 ἀνάγεται.

1840 568 2035 623 iterum
2063 565 2299 622 secunda
2328 581 2427 636 pro
2454 581 2553 622 sua
2583 566 2860 636 portione,
2889 572 2948 619 et
2978 579 3008 619 a
3036 563 3274 619 secunda
3300 573 3407 619 ter-

1844 662 1942 728 tia,
1970 669 2025 715 et
2045 676 2075 715 a
2094 661 2259 715 tertia
2286 668 2472 715 noster
2500 660 2588 715 hic
2607 674 2765 715 sacer
2784 659 2945 723 ordo,
2962 656 3113 728 iuxta
3139 657 3413 728 primam:

1846 754 1991 809 illius
2050 762 2212 808 rectae
2253 752 2665 807 constitutionis
2696 751 2895 823 legem,
2952 750 3136 805 divina
3187 764 3417 821 prorsus

1849 847 2127 902 harmonia
2156 846 2618 917 congruentiaque
2670 842 2738 899 ad
2784 843 3267 914 superoriginalem
3298 858 3415 897 om-

1848 938 1934 993 nis
1962 937 2115 992 bonae
2143 937 2506 992 ordinationis
2541 935 2818 1006 originem
2871 944 2929 991 et
2972 936 3413 992 terminationem

1846 1043 2002 1084 sacro
2037 1031 2272 1099 quodam
2298 1030 2488 1085 ordine
2523 1038 2940 1099 promoveatur.

1714 1186 1741 1259 ς
1788 1184 1867 1244 11.

238 1372 665 1444 Ἐκφαντορικοὶ
721 1372 778 1426 δὲ
820 1372 1020 1436 πάντες
1072 1373 1180 1425 εἰσὶ
1232 1373 1326 1425 καὶ
1367 1371 1588 1441 ἄγγελοι
1636 1344 1757 1427 τῶνῤ

153 1464 259 1534 πρὸ
271 1464 481 1517 αὐτῶνθ
499 1466 547 1516 οἱ
566 1465 661 1535 μὲν
677 1462 1200 1536 πρεσϐύτατοι,Θεοῦ
1215 1462 1308 1517 τοῦ
1324 1463 1747 1527 κινοῦντος,άνα-

152 1554 327 1624 λόγως
353 1555 413 1608 δὲ
446 1556 497 1607 οἱ
527 1555 725 1620 λοιποὶ,
754 1553 863 1609 τῶν
893 1556 958 1608 ἐκ
975 1554 1111 1609 Θεοῦ
1142 1557 1537 1628 κεκινημένων·
1555 1557 1745 1611 τοσοῦ-

151 1664 241 1701 τον
273 1646 390 1718 γὰρ
416 1649 450 1717 ἡ
487 1647 705 1701 πάντων
749 1646 1072 1719 ὑπερούσιος
1108 1647 1342 1720 ἁρμονία
1379 1650 1479 1721 τῆς
1510 1651 1742 1704 ἑκάστου

150 1740 258 1793 τῶν
285 1739 530 1809 λογικῶν
559 1757 620 1793 τε
654 1740 750 1794 καὶ
793 1738 995 1810 νοερῶν
1032 1742 1183 1813 ἱερᾶς
1215 1742 1511 1813 εὐκοσμίας
1542 1743 1637 1796 καὶ
1664 1759 1745 1795 τε·

149 1831 438 1901 ταγμένης
462 1829 690 1901 ἀγωγῆς
711 1831 757 1862 ⁷⁸
790 1832 1139 1903 προενόησεν,
1164 1833 1246 1886 ὅτι
1268 1832 1363 1886 καὶ
1383 1834 1520 1905 αὐτὴ
1536 1832 1643 1886 τῶν
1668 1834 1742 1886 ἱε-
1772 1869 1815 1924 Β

153 1924 399 1997 ραρχιῶν
423 1924 694 1993 ἐκάστη⁷⁷
722 1923 904 1991 τάξεις
938 1926 1286 1997 ἱεροπρεπεῖς
1314 1924 1485 1991 ἔθετο,
1514 1928 1607 1981 καὶ
1636 1929 1738 1981 πᾶ-

154 2031 249 2067 σαν
279 2014 579 2086 ίεραρχίαν
605 2013 820 2084 ὁρῶμεν
849 2014 930 2076 είς
953 2012 1053 2077 τὰς
1077 2010 1301 2086 πρώτας
1314 2015 1379 2077 ⁷³,
1420 2014 1514 2067 καὶ
1549 2014 1742 2085 μέσας,

152 2106 245 2158 καὶ
284 2104 613 2167 τελευταίας
657 2105 915 2175 δυνάμεις
944 2105 1297 2179 διῃρημένην.
1352 2104 1509 2158 Ἀλλὰ
1536 2106 1629 2157 καὶ
1658 2104 1746 2158 αὑ-

151 2198 249 2266 τὴν
266 2197 537 2267 ἑκάστην,
569 2196 753 2260 ίδικῶς
783 2197 977 2262 εἰπεῖν,
1014 2198 1371 2269 διακόσμησιν
1402 2200 1521 2261 ταῖς
1553 2198 1745 2261 αὐταῖς

153 2290 361 2352 ἐνθέοις
393 2291 685 2364 ἁρμονίαις
710 2289 961 2363 διέκρινε
997 2290 1077 2343 διὸ
1105 2291 1199 2343 καὶ
1232 2291 1428 2353 αὐτοὺς
1454 2292 1578 2351 τοὺς
1607 2288 1747 2342 θειο-

154 2382 357 2446 τάτους
404 2385 647 2454 σεραφὶμ
687 2384 736 2436 οἱ
790 2382 1026 2450 θεολόγοι
1061 2382 1226 2450 φασὶν
1258 2381 1443 2452 ἕτερον
1476 2380 1612 2452 πρὸς
1654 2380 1747 2433 τὸν

154 2473 342 2543 ἓτερον
368 2473 723 2544 κεκραγέναι,
752 2473 935 2542 σαφῶς
950 2475 994 2505 ⁷⁸
1012 2475 1069 2526 ὲν
1084 2472 1277 2544 τούτῳ,
1296 2473 1546 2544 καθάπερ
1561 2468 1709 2543 οἶμαι
1727 2511 1745 2537 ,

156 2573 444 2643 δηλοῦντες
466 2615 484 2640 ,
533 2576 614 2628 ὅτι
659 2575 768 2629 τῶν
813 2575 1133 2645 θεολογικῶν
1170 2576 1421 2644 γνώσεων
1458 2576 1507 2629 οἱ
1541 2574 1748 2647 πρῶτοι

1919 1368 2129 1440 Singuli
2164 1378 2345 1425 autem
2408 1370 2630 1425 ordines
2667 1379 2793 1425 sunt
2836 1384 3025 1424 eorum
3060 1372 3152 1441 qui
3208 1386 3414 1441 praece-

1849 1464 1989 1518 dunt
2016 1465 2347 1533 interpretes
2377 1477 2439 1517 ae
2474 1462 2835 1527 internuntii;
2868 1457 3026 1533 primi
3054 1463 3272 1533 quidem
3316 1463 3415 1527 illi,

1846 1554 2074 1609 motoris
2094 1554 2178 1609 sui
2208 1554 2325 1621 Dei,
2358 1555 2539 1610 caeteri
2573 1564 2754 1609 autem
2782 1554 2972 1609 eadem
3022 1553 3269 1619 ratione,
3301 1570 3417 1607 ιιο.

1845 1656 2023 1701 torum
2066 1662 2095 1701 a
2141 1647 2288 1703 Deo:
2334 1648 2471 1703 adeo
2501 1647 2644 1702 enim
2680 1647 2773 1702 illa
2826 1646 3305 1718 superessentialis
3333 1662 3416 1700 re-

1844 1756 1965 1794 rum
1999 1740 2240 1795 omnium
2271 1741 2553 1796 harmonia
2586 1742 2809 1797 cuilibet
2837 1756 2996 1795 sacro
3029 1749 3137 1795 tam
3168 1741 3415 1796 rationa-

1845 1833 1976 1888 lium
2008 1847 2167 1902 quam
2214 1833 2544 1902 spiritalium
2600 1843 2977 1887 creaturarum
3011 1833 3211 1899 ordini,
3261 1843 3417 1888 rato-

1848 1940 1955 1994 que
1982 1924 2166 1980 ductui
2190 1924 2479 1986 consuluit,
2510 1932 2568 1978 ut
2593 1934 2646 1979 et
2674 1926 2790 1992 ipsa
2830 1923 3059 1995 singulis
3086 1923 3420 1980 hierarclnis

1847 2018 2080 2072 decoros
2137 2017 2357 2072 ordines
2416 2017 2693 2082 statuerit,
2729 2027 2895 2086 atque
2938 2030 3158 2071 omnem
3205 2015 3417 2071 hierar-

1848 2109 2024 2163 chiam
2056 2109 2107 2163 in
2134 2110 2365 2163 virtutes
2414 2109 2643 2179 primas,
2678 2114 2735 2163 et
2760 2109 2967 2164 medias
3007 2118 3171 2180 atque
3204 2118 3416 2179 postre-

1850 2217 1968 2255 mas
1990 2201 2335 2257 distributam
2362 2218 2483 2258 esse
2507 2203 2805 2258 videamus.
2861 2200 3119 2269 Quinimo
3146 2201 3416 2272 singulas,

1849 2304 1907 2347 ut
1935 2293 2154 2364 proprie
2203 2295 2405 2359 dicam,
2451 2294 2741 2365 spirituum
2782 2293 3180 2364 descriptiones
3226 2294 3416 2349 iisdem

1850 2385 2051 2441 divinis
2103 2387 2410 2442 harmoniis
2462 2387 2743 2453 discrevit,
2796 2396 3018 2456 propter
3077 2387 3221 2456 quod
3273 2387 3417 2457 ipsos

1850 2479 2016 2537 etiam
2069 2480 2442 2536 divinissimos
2490 2480 2763 2549 seraphim
2802 2480 3040 2552 theologi
3095 2480 3323 2535 alterum
3355 2482 3421 2531 υςί

1852 2572 2080 2628 alterum
2110 2574 2348 2628 clamare
2377 2573 2530 2627 aiunt
2560 2575 2612 2642 ⁸;
2642 2588 2751 2644 qua
2784 2573 3003 2643 quidem
3036 2588 3111 2639 re,
3148 2588 3266 2627 mea
3296 2586 3424 2627 sen-

152 2669 270 2730 τοίς
296 2666 577 2739 δευτέροις
607 2668 963 2739 μεταδιδόασι.

1852 2664 2042 2730 tentia,
2072 2663 2357 2719 manifeste
2400 2663 2699 2730 declarant,
2732 2664 2940 2734 primos
2988 2663 3285 2733 participes
3339 2661 3420 2715 ﬁa-

1851 2774 1979 2815 cere
2004 2758 2277 2813 secundos
2306 2756 2613 2813 divinarum
2642 2773 2825 2814 rerum
2854 2765 3019 2828 atque
3048 2756 3345 2812 nationum.

1713 2919 1886 2997 stu.

233 3106 545 3180 Προσθείην
592 3108 640 3161 δ’
669 3108 735 3162 ἂν
785 3110 881 3162 καὶ
925 3108 1084 3163 τοῦτο
1133 3111 1241 3165 οὐκ
1289 3111 1614 3177 ἀπεικότως,
1671 3112 1742 3165 ὅτι

1929 3111 2041 3167 Ηοο
2064 3125 2281 3182 quoque
2309 3126 2413 3165 non
2443 3110 2719 3169 immerito
2744 3126 2963 3183 possum
2990 3109 3215 3175 addere,
3235 3125 3425 3181 quam-

158 3201 259 3253 καὶ
275 3200 402 3254 καθ’
436 3201 600 3254 αὐτὸν
616 3201 664 3237 ⁸⁸
679 3201 911 3266 ἕκαστος
934 3202 1184 3274 οὐράνιός
1204 3221 1265 3257 τε
1295 3205 1390 3257 καὶ
1414 3205 1742 3276 ἀνθρώπειος

1856 3202 1986 3259 libet
2008 3204 2285 3258 caelestem
2333 3212 2387 3258 et
2421 3205 2712 3258 humanam
2738 3212 2972 3259 mentem
3004 3216 3249 3258 seorsum
3297 3216 3421 3270 pro.

159 3294 291 3357 νοῦς
334 3294 511 3358 ἰδικάς
541 3293 653 3364 ἔχει
704 3296 799 3347 καὶ
833 3296 1056 3366 πρώτας
1099 3296 1195 3350 καὶ
1228 3296 1401 3370 μέσας
1432 3298 1526 3351 καὶ
1567 3298 1742 3350 τελευ-

1856 3294 2004 3366 prios
2032 3294 2085 3347 in
2115 3309 2174 3349 se
2199 3294 2481 3348 continere
2506 3301 2560 3347 et
2590 3294 2819 3363 primos.
2861 3300 2918 3347 et
2952 3292 3189 3358 medios,
3219 3298 3275 3346 et
3297 3291 3427 3345 ulti-

160 3386 327 3449 ταίας
360 3383 545 3450 τάξεις
583 3404 643 3440 τε
694 3388 788 3440 καὶ
828 3387 1107 3458 δυνάμεις,
1144 3390 1283 3461 πρὸς
1320 3389 1419 3453 τὰς
1456 3389 1742 3462 εἰρημένας

1857 3396 1974 3437 mos
1994 3382 2218 3436 ordines
2237 3390 2400 3452 atque
2417 3381 2732 3449 facultates,
2750 3381 2860 3453 95
2877 3398 2998 3453 qua:
3026 3381 3215 3438 eodem
3243 3382 3425 3443 modo,

160 3478 274 3530 τῶν
306 3477 437 3531 καθ’
457 3475 686 3532 ἕκαστον
708 3479 1033 3551 ίεραρχικῶν
1053 3480 1369 3551 ὲλλάμψεων
1397 3481 1601 3544 οἰκείας
1625 3483 1742 3535 ἀνα-

1857 3489 1967 3542 quo
1998 3476 2307 3542 superiores
2336 3475 2674 3540 singularum
2707 3476 3145 3531 hierarcltiarum
3178 3476 3429 3531 illustra-

161 3567 357 3636 γωγάς
398 3568 677 3638 ἀναλόγως
706 3572 1120 3642 ὲκφαινομένας,
1160 3571 1284 3626 καθ’
1321 3578 1387 3639 ἃς
1417 3574 1646 3637 ἕκαστος
1690 3576 1742 3627 ὲν

1860 3567 2069 3621 tionum
2122 3566 2328 3635 proprii
2374 3566 2586 3633 ductus,
2626 3568 2899 3635 eluceant,
2929 3569 3132 3637 quibus
3169 3584 3427 3638 unaquaa-

167 3661 435 3730 μετουσίᾳ
462 3661 669 3729 γίνεται
693 3661 833 3716 κατὰ
856 3663 917 3717 τὸ
951 3664 1100 3735 αὐτῷ
1128 3664 1345 3736 θεμιτόν
1375 3683 1435 3719 τε
1473 3667 1567 3720 καὶ
1630 3668 1742 3735 ὲφι-

1859 3674 1966 3729 que
1994 3673 2146 3714 mens
2175 3674 2275 3727 pro
2328 3674 2426 3713 suo
2449 3667 2609 3730 captu
2647 3675 2809 3731 quam
2864 3661 3202 3717 nitidissima:
3228 3676 3428 3732 purga-

159 3752 289 3803 κτὸν
300 3754 407 3823 τῆς
420 3752 866 3827 ὑπεραγνοτάτης
898 3756 1240 3829 καθάρσεως,
1258 3756 1351 3811 τοῦ
1370 3759 1620 3831 ὑπερπλή
1628 3777 1742 3831 ρους

1861 3752 2046 3818 tionis,
2076 3751 2438 3820 copiosissimi
2463 3752 2706 3819 luminis,
2735 3753 3107 3823 absolutaeque
3131 3752 3428 3822 perfectio-

166 3843 371 3909 φωτὸς,
404 3845 509 3914 τῆς
541 3847 855 3917 προτελείου
891 3849 1248 3914 τελειώσεως.
1279 3852 1436 3904 Ἔστι
1466 3851 1576 3923 γὰρ
1603 3852 1742 3905 οὐδὲι

1857 3844 1945 3899 nis
1971 3843 2031 3897 lit
2061 3844 2356 3914 particeps.
2389 3844 2537 3898 Nihil
2563 3852 2646 3900 est
2670 3846 2817 3900 enim
2848 3861 2946 3915 per
2975 3861 3035 3901 se
3068 3844 3429 3915 absoluteqnc

166 3935 482 4000 αὐτοτελὲς,
511 3936 543 4008 ἢ
579 3938 873 4011 ἀπροσδεὲς
899 3941 1127 3995 καθόλου
1150 3942 1503 4013 τελειότητος,
1534 3944 1583 3995 εί
1602 3944 1675 4015 μὴ
1694 3942 1742 3996 τί

1858 3937 2184 4008 perfectum,
2211 3946 2307 3992 aut
2336 3938 2481 4008 quod
2512 3939 2738 3994 omnino
2768 3939 3128 4009 perfectionis
3159 3955 3263 3994 non
3290 3938 3429 3994 indi-

166 4027 337 4092 ὅντως
362 4029 648 4095 αὐτοτελὲς
684 4033 779 4085 καὶ
814 4034 1141 4106 προτέλειον.

1858 4038 2004 4099 geat,
2030 4030 2131 4083 nisi
2166 4030 2309 4099 quod
2334 4046 2431 4100 per
2460 4046 2520 4087 se
2552 4046 2741 4087 revera
2763 4031 3064 4102 perfectum
3082 4041 3187 4091 est,
3214 4042 3270 4087 et
3294 4046 3417 4100 pra}:

1861 4122 2159 4190 perfectum
2172 4164 2184 4177 .

1347 4446 1883 4505 ADNOTATIONES
1915 4447 2259 4505 CORDERII.

240 4604 269 4675 ξ
302 4602 462 4679 1.,Εξ
495 4604 928 4679 praecedentibus
956 4608 1224 4677 capitibus
1250 4610 1530 4663 concludit
1556 4611 1796 4679 angelos,
1831 4620 2036 4679 quanto
2069 4610 2415 4666 sublimiores
2440 4620 2588 4673 sunt,
2614 4617 2765 4664 tanto
2791 4608 3097 4664 sublimiori
3126 4622 3346 4676 quoque
3370 4618 3428 4663 et

168 4675 456 4751 secretiori
489 4676 701 4751 ratione
733 4675 1033 4751 illustrari}
1067 4696 1134 4735 eo
1183 4679 1439 4751 nimirum
1469 4681 1613 4749 quod
1632 4675 1748 4736 Deo
1777 4675 2074 4751 ἀρχιφώτῳ
2113 4684 2530 4751 propinquiores
2572 4682 2706 4745 sint,
2753 4687 2917 4751 atque
2944 4680 3083 4751 adeo
3116 4681 3279 4751 etiam
3321 4696 3433 4733 ma-

170 4745 255 4824 gis
274 4747 445 4798 Deum
479 4747 825 4824 participem,
845 4759 903 4801 ut
931 4750 1070 4824 infra
1094 4765 1215 4816 cap.
1235 4750 1276 4824 5_
1307 4749 1386 4824 _De
1405 4745 1593 4824 divinis
1614 4745 1934 4824 nominibus,
1954 4762 2011 4806 et
2026 4745 2187 4819 supra
2210 4745 2388 4824 capiti
2410 4764 2462 4808 et
2480 4753 2514 4806 8
2569 4751 2803 4805 Caelestis
2822 4745 3138 4824 It‘i‘ermfchia,’
3160 4749 3317 4804 docet
3336 4752 3430 4803 uhi

176 4815 293 4894 vide
326 4825 546 4870 nostras
570 4819 971 4874 adnatationes.
997 4815 1230 4874 Tantum
1266 4821 1354 4875 hic
1383 4822 1638 4885 observa,
1670 4823 1943 4891 quomodo
1984 4815 2188 4877 nos'ab
2228 4815 2438 4893 angelis
2477 4836 2794 4892 purgemur,
2832 4819 3227 4883 illuminemur,
3262 4824 3432 4890 perli-

169 4896 405 4942 cramur.

246 4954 495 5035 Purgant
522 4958 706 5035 itaque
733 4974 831 5035 nos
860 4961 1039 5035 angeli
1061 5001 1077 5026 ,
1134 4962 1440 5035 amovendo
1463 4962 1846 5035 phantasmata
1896 4976 2032 5035 quae
2062 4962 2363 5035 impediunt
2391 4961 2863 5035 illuminationem,
2893 4976 3055 5035 quam
3086 4960 3314 5035 angelus
3345 4961 3433 5014 in-

175 5026 353 5102 tendit
384 5027 568 5102 facere
600 5029 655 5083 in
706 5030 906 5102 nobis;
935 5026 1077 5088 unde
1125 5034 1227 5087 tria
1276 5026 1556 5087 removent
1586 5034 1654 5086 ab
1682 5036 1885 5095 anima,
1915 5026 2154 5087 scilicet
2175 5033 2563 5102 ignorantiam,
2590 5044 2647 5088 et
2683 5033 2863 5086 nubila
2896 5026 3328 5099 phantasiarum,
3367 5047 3432 5084 ac

176 5095 342 5149 falsas
373 5099 659 5166 Opiniones
699 5101 969 5156 rationum
1018 5104 1330 5158 revelationi
1367 5106 1792 5158 contrariarum.
1826 5103 2134 5157 llluminant
2181 5095 2310 5156 v'ero
2353 5095 2590 5156 animant
2624 5095 2934 5171 tripliciter,
2967 5102 3266 5156 scilicetad
3292 5095 3421 5154 Sen-

174 5182 316 5230 sum,
346 5178 409 5221 ut
437 5178 608 5236 patet,
648 5172 866 5240 quando
910 5174 1288 5229 manifestatur
1313 5173 1518 5243 aliquid
1558 5176 1610 5228 in
1651 5183 1930 5245 assumpto
1955 5189 2184 5243 corpore
2207 5173 2227 5233 (
2248 5181 2302 5227 et
2343 5174 2483 5228 hanc
2504 5184 2825 5243 potestatem
2864 5173 3029 5228 etiam
3057 5172 3306 5228 diabolus
3338 5175 3433 5225 Ita-

253 5328 273 5363 ⁸
304 5329 435 5383 lsai.
462 5343 537 5382 v1.
576 5355 585 5364 -

1467 5486 1703 5546 VARUE
1747 5487 2141 5545 LECTIONES.

252 5666 298 5743 τι
325 5664 642 5743 ἀναγωγῆς,
666 5664 777 5743 _Ch_.
800 5665 863 5720 ῐ).
998 5669 1119 5743 Sar.
1192 5669 1240 5743 [τ
1271 5667 1401 5743 Buri.
1435 5670 1655 5743 corrigit
1684 5670 1731 5743 ir-
1760 5669 1947 5743 _dandi
1982 5685 2114 5743 casu
2142 5670 2365 5743 ἑκάστῃ.
2404 5669 2501 5725 Ch.
2528 5679 2583 5724 et
2614 5669 2671 5723 S.
2697 5670 2900 5743 habent
2927 5669 3103 5743 αίξξῆζ
3124 5668 3434 5743 δεδι-,μείςιὶ-

179 5732 453 5813 ρηὶτιιυττ⁷
501 5735 547 5767 ⁷⁸
576 5732 838 5792 articulus
882 5738 1033 5795 deest
1081 5741 1133 5794 in
1182 5739 1281 5796 Ch.
1337 5740 1376 5793 D
1446 5742 1503 5795 S.
1538 5732 1608 5793 Μῖ
1684 5740 1704 5772 ⁷
1757 5739 1826 5798 51.
1860 5740 2044 5810 σαφῶς
2081 5732 2358 5813 conjungit
2406 5759 2526 5796 eum
2556 5741 2905 5812 κεκραγέναι.
2984 5732 3134 5794 ⁸⁸7⁷1).
3170 5738 3435 5795 καθ’ὲαυ·

185 5820 288 5871 ιον,
324 5807 517 5862 eodem
570 5822 751 5862 sensu.
