3908 6232
440 303 535 360 ..75
1608 301 1667 359 S.
1703 301 2005 359 DIONYSII
2041 297 2500 358 AREOPAGITE
3591 296 3700 352 9.76

432 418 598 487 ιιειε)
642 418 769 474 item
800 419 866 473 ad
902 421 1258 485 intellectum,
1302 430 1357 476 et
1397 419 1521 475 talis
1553 419 1876 475 illuminatio
1908 424 2082 476 solum
2117 423 2359 491 perfecta
2403 429 2507 474 est.
2542 415 2872 491 Notandum“
2895 425 3101 480 autem,
3134 415 3275 485 quod
3317 412 3551 491 Angelus
3584 429 3703 468 non

429 491 697 562 illuminet
726 491 1064 562 intellectum
1095 492 1378 546 elliciendo
1400 491 1768 560 cognitionem
1796 492 1846 544 in
1879 495 2062 547 anima
2087 487 2260 562 ;'quia
2295 507 2397 545 non
2437 499 2613 562 potest
2642 489 2697 541 in
2723 487 3001 562 intellectu
3030 502 3222 541 novam
3251 488 3485 562 speciem
3512 499 3701 562 neque

429 560 676 614 habitum
712 561 831 613 novi
863 562 1084 614 luminis
1114 577 1323 623 creare,
1353 563 1447 615 sed
1470 554 1592 615 'nec
1620 562 2008 627 intentionem;
2049 554 2171 616 nam
2206 564 2308 616 tria
2352 554 2702 629 requiruntur
2733 568 2790 610 ιιι
2814 557 3126 629 intellectus
3173 567 3359 629 noster
3383 554 3583 622 aliquid
3614 554 3701 606 in-

431 629 664 698 telligat,
698 630 913 686 scilicet
939 633 1153 699 species
1180 648 1286 701 qua
1314 640 1699 698 cognoscatur,
1731 641 1785 683 et
1834 632 2015 687 lumen
2071 634 2124 686 iu
2165 648 2276 701 quo
2308 627 2690 701 cognoscatur,
2728 628 3037 701 et‘intentio
3064 644 3168 701 qua
3217 627 3524 701 intellectus
3566 638 3703 701 con-

428 694 675 754 vertatur
715 715 880 769 super
913 694 1170 769 speciem.
1200 694 1496 755 'llliiminat
1532 694 1710 755 autem
1753 702 2087 757 intellectum
2124 694 2648 770 nostrumvangelus
2688 698 2980 751 excitando
3010 694 3091 751 ac,
3119 696 3577 770 disponendo,_et
3613 694 3703 745 lu-

430 786 552 824 men
584 766 826 824 divinum
860 773 909 824 in
943 766 1041 825 nos
1083 771 1513 825 lransfundendo
1540 787 1555 833 ;
1588 771 1721 825 facit
1751 772 1895 825 enim
1935 776 2017 839 (ιιι
2046 775 2250 827 dictum
2280 777 2389 842 est)
2421 773 2471 824 in
2502 766 2791 842 phantasia
2824 769 3333 842 traiismutatiuueni
3364 766 3695 842 specierum,

428 842 807 913 componendo
840 852 893 895 et
937 843 1225 895 dividendo
1272 856 1366 896 eas
1397 844 1695 913 secundum
1748 842 1824 895 rei
1873 834 2200 913 cxigentiam
2227 834 2387 910 quam
2442 834 2556 913 vii'lt
2586 840 2829 913 revelare
2852 839 3032 913 _:__item
3068 839 3293 913 irradiat
3322 834 3701 913 llmell‘illlpl-

430 904 602 966 lectus
636 913 718 965 sui
771 927 935 980 super
969 913 1109 972 illas,
1155 922 1212 966 ιιι
1241 922 1494 965 moveant
1542 911 1875 965 intellectum
1923 904 2193 980 nostrum,
2226 904 2279 966 et
2310 913 2389 966 sic
2424 912 2579 982 plura
2616 919 2671 962 et
2721 908 3001 982 subtiliora
3030 908 3198 962 videri
3234 918 3460 982 possunt
3504 906 3559 958 in
3612 904 3699 982 |u_-

427 982 572 1035 mine
622 975 913 1049 duplicaio,
950 984 1075 1037 item
1112 985 1315 1053 excitat
1348 983 1703 1053 intentionem
1734 983 1928 1037 animm
1957 995 2099 1037 motu
2125 975 2329 1053 aliquo,
2361 975 2468 1051 qu'o
2499 996 2559 1034 se
2602 994 2766 1047 super
2805 978 2892 1031 illa
2921 980 3302 1048 phantasmata
3334 975 3598 1038 reﬂectat,
3623 976 3703 1028 ab

429 1053 552 1105 aliis
600 1066 659 1106 se
692 1053 1078 1106 ahstrahendo.
1122 1052 1419 1106 Perliciunt
1464 1054 1653 1111 etiam,
1690 1052 1740 1106 id
1769 1062 1874 1117 est,
1903 1052 2230 1122 promovent,
2254 1054 2322 1106 ad
2354 1053 2567 1106 melius.

500 1122 693 1193 Utrum
722 1132 901 1193 autem
926 1123 1151 1193 angelus
1186 1123 1477 1177 incendere
1519 1123 1689 1191 possit
1718 1113 1971 1177 aﬂ‘ectiirn
1994 1125 2307 1183 humanum.
2330 1125 2378 1177 id
2421 1123 2707 1191 tripliciter
2743 1118 2968 1187 intelligi
3002 1118 3431 1193 potesthcilicet
3466 1114 3551 1169 vel
3577 1113 3707 1193 eﬂi-

427 1192 645 1254 ciendo,
668 1192 749 1246 vel
768 1188 1057 1257 movendo,
1076 1193 1159 1246 vel
1179 1194 1467 1247 excitando
1481 1188 1535 1245 et
1552 1194 1873 1259 adiuvando.
1894 1193 2249 1248 Primomodo
2273 1196 2420 1247 solus
2444 1188 2584 1246 Deus
2600 1193 2937 1247 inﬂammare
2953 1202 3129 1260 pOIest
3145 1189 3423 1252 allectum;
3444 1188 3699 1260 secutulo

427 1263 587 1316 modo
607 1277 695 1315 res
719 1262 829 1330 ipsa
853 1255 1156 1317 desiderata
1175 1262 1424 1316 affectum
1444 1255 1759 1327 inﬂammat,
1786 1264 1993 1317 scilicet
2016 1265 2301 1319 alliciendo
2324 1274 2377 1317 et
2405 1264 2670 1317 movendo
2694 1280 2708 1327 ;
2736 1262 2895 1315 tertio
2921 1255 3080 1329 modo
3110 1269 3285 1329 potest
3315 1261 3537 1330 angelus
3559 1255 3697 1309 aﬂe-

426 1343 574 1385 ctum
600 1328 847 1385 nostrum
874 1334 1185 1392 incendere.
1204 1333 1720 1388 scilicetexeitando
1743 1344 1798 1387 et
1821 1334 2125 1403 adjuvando
2144 1345 2347 1388 motum
2368 1334 2487 1403 ejus
2502 1348 2740 1402 congrua
2773 1328 3162 1403 propositione.
3196 1330 3272 1403 De
3300 1330 3387 1384 his
3406 1328 3693 1403 habemus

427 1403 740 1471 exemplum
797 1405 848 1454 iii
878 1406 1125 1471 naturis;
1156 1406 1283 1472 quia
1319 1405 1495 1471 primo
1545 1406 1705 1456 modo
1757 1400 1899 1471 ignis
1943 1407 2191 1459 accendit
2217 1400 2658 1472 Iignafsecund—o
2704 1400 2862 1457 modo
2897 1402 3040 1468 ligna
3072 1401 3371 1472 incendunt
3406 1400 3705 1472 ignem,_et

431 1465 609 1525 tertio'
647 1476 805 1554 mde
840 1473 885 1554 is
915 1473 1007 1543 qui
1043 1465 1188 1554 ligna
1217 1465 1333 1554 igni
1356 1474 1599 1554 apponit,
1636 1465 1812 1554 ignem
1854 1476 2126 1554 accendit.
2179 1465 2491 1554 Uiﬂereiitia
2529 1484 2711 1554 autem
2765 1483 2847 1525 est
2890 1465 3377 1554 iifterbimmittere
3400 1465 3697 1548 cogitatio-

430 1556 575 1605 nem,
609 1551 661 1596 et
694 1540 985 1597 incendere
1016 1552 1067 1597 et
1089 1540 1444 1603 illuminare;
1490 1545 1613 1613 quia
1647 1540 2033 1611 cogitationem
2065 1545 2383 1609 immittere,
2414 1554 2496 1597 est
2528 1545 2675 1597 intus
2721 1555 2909 1595 creare
2944 1552 2997 1594 et
3042 1540 3223 1613 facere
3260 1541 3690 1613 cogitationem;

428 1613 520 1664 scd
562 1614 873 1735 illicendeﬁe,
903 1624 986 1735 is:
1017 1614 1400 1684 cogitationem
1422 1608 1532 1683 jam
1565 1608 1762 1667 factam
1806 1614 2178 1681 inﬂammare;
2209 1608 2515 1668 illuminare
2544 1628 2692 1678 vero,
2717 1624 2797 1666 est
2823 1616 2954 1665 dare
2990 1608 3377 1666 revelationem
3403 1612 3471 1664 de
3501 1608 3703 1674 aliquo

428 1696 555 1735 occu
585 1692 637 1735 to
674 1694 787 1735 inte
834 1688 899 1735 ini
946 1690 957 1735 i
989 1688 1022 1735 i.

424 1684 637 1737 occulto
674 1684 1022 1737 intelliaibili.

500 1699 637 1737 cutio
674 1699 842 1736 intem
890 1699 1022 1736 initi.

500 1752 594 1806 llic
628 1699 966 1826 taiitumgpro
998 1754 1229 1826 pleniori
1285 1754 1648 1826 intelligentia
1699 1754 2007 1826 istiusmodi
2046 1754 2307 1826 angelicze
2358 1752 2800 1826 illuminatiouis,
2849 1762 2977 1805 noui
3023 1766 3093 1826 ex
3120 1759 3310 1826 sancto
3356 1748 3594 1815 Thoma,
3631 1753 3691 1805 in

424 1833 580 1891 parte
611 1823 808 1891 prima,
841 1823 1031 1893 quiest.
1063 1825 1191 1888 106,
1239 1834 1344 1879 art.
1378 1825 1403 1879 1
1431 1864 1446 1889 ,
1471 1823 1660 1878 'unum
1713 1825 1964 1894 angelum
2017 1823 2183 1879 alium
2228 1826 2560 1889 illuminare,
2595 1825 2646 1876 in
2679 1825 3046 1894 quantunihei
3079 1824 3557 1894 veritatemquain
3590 1839 3691 1876 c0-

426 1904 659 1959 gnoseit.
696 1892 1039 1947 manifestam
1072 1896 1237 1959 facit;
1267 1896 1351 1948 vel
1401 1895 1759 1948 confortando
1794 1892 1963 1963 ipsius
2017 1895 2377 1959 intellectum,
2411 1894 2495 1948 vel
2523 1908 2587 1947 ex
2627 1904 2783 1961 parte
2826 1892 3197 1945 similitudinis
3247 1893 3322 1963 rei
3372 1892 3689 1963 intellectze.

423 1968 557 2017 Cum
592 1974 773 2017 autem
805 1965 871 2017 ad
905 1966 1315 2033 intelligendum
1361 1966 1469 2018 duo
1496 1961 1850 2026 concurrant,
1890 1965 2106 2019 scilicet
2135 1966 2311 2019 virtus
2344 1965 2698 2026 intellecliva,
2725 1974 2779 2016 et
2817 1963 3116 2016 similitudo
3142 1963 3218 2017 rei
3252 1961 3567 2033 intellectae,
3596 1977 3689 2015 se-

424 2036 657 2087 cundum
695 2036 809 2088 haec
841 2035 966 2096 duo,
998 2032 1137 2089 unus
1173 2035 1400 2101 angelus
1450 2034 1607 2089 alteri
1653 2038 1943 2089 veritatem
1979 2046 2163 2090 notam
2200 2038 2484 2090 notilicare
2516 2044 2713 2102 potest.
2756 2033 2940 2087 Primo
2966 2033 3223 2086 virtutem
3253 2032 3369 2099 ejus
3396 2033 3694 2087 intellecti-

426 2121 549 2176 vain
573 2105 935 2176 l‘ortiiicando.
965 2104 1122 2159 Sicut
1153 2107 1300 2158 enim
1343 2106 1513 2158 virtus
1547 2105 1968 2173 imperfectioris
2016 2108 2264 2176 corporis
2306 2107 2651 2161 confortatnr
2681 2119 2745 2157 ex
2781 2103 2963 2176 situali
3012 2103 3417 2176 propinquitate
3438 2104 3692 2176 corporis

428 2174 802 2295 perfectioris,
837 2185 897 2227 ut
924 2176 1074 2229 verbi
1108 2177 1305 2244 gratia,
1341 2176 1521 2227 minus
1559 2178 1790 2228 calidum
1820 2178 2016 2231 crescit
2052 2174 2314 2231 ineiilore
2338 2193 2404 2231 ex
2438 2176 2729 2246 prtesentia
2765 2175 2935 2243 magis
2966 2175 3126 2226 calidi
3160 2190 3174 2227 :
3210 2174 3289 2225 ita
3316 2176 3491 2225 virtus
3520 2174 3687 2225 intel-

445 2246 620 2295 ectiva
663 2244 940 2295 inferioris
971 2248 1147 2295 angeli
1192 2244 1534 2295 confortatur
1566 2261 1630 2295 ex
1663 2248 2024 2295 conversione
2080 2249 2384 2295 suuerioris
2431 2245 2606 2295 annali
2645 2248 2712 2295 ad
2768 2246 2964 2295 ipsum.
3013 2243 3127 2295 Hoc
3153 2244 3297 2295 enim
3328 2241 3462 2295 facit
3491 2244 3541 2294 in
3578 2245 3687 2295 sui-

445 2246 620 2298 ectiva
663 2244 940 2299 inferioris
971 2241 1147 2314 angeli
1192 2244 1534 2298 confortatur
1566 2261 1630 2297 ex
1663 2248 2024 2301 conversione
2080 2249 2384 2314 superioris
2431 2241 2606 2312 angeli
2645 2248 2712 2297 ad
2768 2241 2964 2311 ipsum.
3013 2243 3127 2297 Hoc
3153 2244 3297 2296 enim
3328 2241 3462 2296 facit
3491 2244 3541 2294 in
3578 2245 3693 2310 spi-

426 2315 716 2379 ritualibus
743 2317 877 2385 ordo
902 2316 1298 2378 conversionis,
1330 2316 1472 2383 quod
1502 2314 1635 2369 facit
1680 2316 1731 2368 in
1762 2317 2139 2385 corporalibus
2167 2319 2305 2371 ordo
2344 2318 2534 2371 locatis
2566 2314 3017 2383 propinquitatis.
3044 2314 3296 2368 Secundo
3331 2322 3513 2385 autem
3544 2327 3707 2368 unus.

424 2385 650 2454 angelus
674 2384 989 2438 manifestat
1011 2385 1165 2439 alteri
1192 2389 1475 2439 veritatem
1505 2401 1570 2438 ex
1604 2395 1758 2454 paite
1790 2384 2169 2444 similitudinis
2194 2389 2501 2441 intellectae.
2534 2385 2792 2453 Superior
2820 2385 2962 2437 enim
3005 2385 3229 2454 angelus
3257 2384 3690 2454 iiotitiaui‘veri-

427 2452 553 2509 tatis
579 2457 856 2527 accipit'in
888 2458 1180 2509 universali
1213 2458 1445 2524 quadam
1475 2452 1825 2527 conceptione
1847 2497 1860 2520 ,
1898 2460 1961 2510 ad
2003 2473 2163 2525 quani
2211 2459 2528 2527 capiendam
2569 2452 2846 2509 inferioris
2862 2455 3059 2527 angeli
3088 2452 3408 2507 intellectus
3435 2452 3545 2522 96
3574 2470 3686 2527 non

424 2535 571 2581 esset
587 2525 880 2589 sufficiens,
900 2527 991 2579 sed
1009 2535 1093 2580 est
1112 2527 1161 2579 ei
1179 2526 1553 2590 connaturale,
1576 2536 1632 2579 ut
1651 2527 1824 2596 magis
1844 2524 2250 2596 particulariter
2271 2524 2501 2594 accipiat
2518 2527 2827 2578 veritatem.
2858 2524 3118 2591 Superior
3140 2539 3269 2577 vero
3305 2534 3527 2593 angelus
3542 2524 3693 2577 veri-

427 2608 589 2669 tatem
616 2610 776 2669 quain
808 2597 1069 2669 velocner
1093 2599 1327 2663 concipit
1356 2597 1754 2669 quodammodo
1787 2600 2090 2669 distinguit,
2116 2607 2176 2650 ut
2197 2599 2264 2651 ab
2282 2598 2523 2669 inferiori
2548 2597 2664 2663 capi
2692 2598 2886 2669 possit,
2915 2598 3072 2669 etsic
3100 2609 3221 2647 eam
3244 2601 3697 2669 cognoscendam

423 2667 473 2720 ei
504 2666 775 2734 proponit.
804 2666 959 2720 Sicut
987 2668 1150 2719 etiam
1182 2670 1323 2734 apud
1362 2682 1478 2731 nos,
1504 2668 1594 2735 qui
1629 2671 1680 2721 in
1715 2670 1903 2735 paucis
1937 2664 2104 2721 multa
2139 2670 2380 2736 capiunt,
2412 2664 2783 2734 multipliciter
2810 2665 2899 2718 illa
2932 2664 3296 2734 distinguunt,
3331 2665 3560 2716 aliorum
3594 2681 3692 2717 ca-

424 2737 648 2805 pacitati
688 2737 1053 2802 providentes.
1092 2738 1157 2789 Et
1188 2741 1291 2790 hoc
1316 2749 1401 2791 est
1429 2740 1570 2806 quod
1601 2750 1823 2791 sanctus
1850 2737 2141 2808 Dionysius
2172 2741 2310 2791 infra
2342 2754 2461 2807 cap.
2492 2738 2584 2800 15,
2609 2738 2636 2807 §
2664 2737 2716 2797 5.
2751 2738 2827 2789 ait
2860 2738 3161 2808 quamlibet
3204 2740 3493 2787 essentiam
3520 2738 3691 2808 spiri-

428 2809 614 2870 talem,
646 2808 955 2878 uniusmodi
990 2808 1425 2878 intelligentiam,
1446 2823 1614 2878 quam
1641 2823 1669 2859 a
1695 2810 1961 2862 diviniore
1984 2806 2240 2862 traditam
2267 2806 2498 2878 accepit,
2526 2806 2628 2877 pro
2657 2809 2933 2859 inferioris
2958 2806 3127 2859 ductu
3155 2815 3425 2873 captoque
3456 2807 3689 2872 provida

424 2880 627 2948 virtute
655 2877 911 2948 dividere
942 2892 1005 2931 ac
1033 2876 1416 2946 multiplicare.
1444 2876 1576 2931 Vide
1602 2878 1741 2930 infra
1770 2890 1983 2933 nostras
2007 2876 2478 2933 adnotationes'ad
2505 2876 2627 2947 cap.
2653 2878 2744 2939 12,
2777 2878 2804 2948 §
2836 2878 2895 2929 2.

499 2946 527 3019 §
560 2949 621 3004 ll.
653 2945 834 3012 Notat,
870 2945 1259 3019 iudivinaruin
1300 2950 1642 3001 traductione
1668 2950 2093 3003 illustrationum
2134 2952 2341 3003 servari
2373 2945 2904 3014 subordinationein,
2934 2948 3008 3000 ita
3042 2948 3323 3008 nimirum,
3350 2955 3407 2999 ul
3440 2946 3699 3014 supremi

428 3018 515 3072 illi
531 3021 752 3090 spiritus
786 3020 893 3069 sint
936 3018 1220 3090 ipsinsuiet
1252 3020 1356 3090 Dei
1393 3021 1737 3090 internuntii,
1770 3030 1823 3073 et
1851 3024 1931 3074 sic
1972 3022 2230 3090 deinceps
2258 3031 2555 3090 sequentes
2591 3023 3007 3088 praecedentium
3048 3019 3396 3088 angelorum,
3430 3027 3487 3068 ut
3516 3032 3688 3084 supra

426 3104 544 3156 cap.
569 3088 622 3153 8,
653 3090 855 3150 docuit,
885 3098 939 3139 et
982 3103 1079 3141 nos
1106 3088 1305 3142 ibidem
1336 3088 1365 3159 ᾗ
1403 3089 1439 3141 2
1469 3095 1869 3144 adnotavnnus.

499 3159 668 3228 Hujus
699 3170 898 3211 mutua:
928 3158 1437 3213 coininmiicationis
1462 3172 1516 3213 et
1550 3162 1928 3215 illustrationis
1967 3163 2232 3217 rationem
2282 3162 2458 3215 reddit
2502 3160 2661 3212 divus
2693 3158 2931 3213 Thomas
2969 3160 3021 3211 in
3050 3158 3229 3226 prima
3269 3165 3450 3226 parte,
3485 3166 3688 3226 quaest.

426 3232 551 3294 106,
588 3241 694 3281 art.
727 3233 801 3300 4.7
826 3230 961 3294 Quia
989 3230 1243 3283 nimirum
1270 3246 1460 3284 omnes
1486 3241 1751 3285 creatura:
1785 3248 1852 3285 ex
1879 3236 2059 3287 divina
2089 3234 2337 3286 bonitate
2367 3233 2721 3300 participant,
2756 3239 2813 3282 ut
2845 3234 3044 3284 bonum
3077 3232 3221 3297 quod
3251 3230 3456 3282 habent
3497 3244 3549 3300 in
3579 3229 3697 3282 alia

425 3302 754 3356 diffundant.
785 3299 920 3353 Nam
953 3302 1019 3352 de
1050 3300 1261 3353 ratione
1294 3303 1416 3354 boni
1456 3310 1540 3355 est
1567 3304 1708 3367 quod
1737 3318 1794 3355 se
1832 3305 1956 3358 aliis
1986 3298 2381 3358 communicet.
2411 3302 2548 3355 Hinc
2571 3302 2735 3353 etiam
2767 3300 2986 3369 agentia
3026 3301 3332 3368 cuiporalia
3362 3298 3687 3351 similitudi—

428 3390 548 3425 nem
578 3386 733 3424 suam
763 3371 883 3424 aliis
910 3372 1129 3423 tradunt
1154 3382 1411 3438 quantam
1445 3380 1691 3440 possunt.
1718 3373 1899 3442 Atque
1928 3375 2050 3427 ideo
2078 3385 2281 3441 quanto
2307 3375 2489 3440 aliqua
2516 3372 2932 3442 agentiaiiiagis
2958 3372 3198 3423 divinam
3228 3372 3523 3442 bonitatem
3557 3384 3691 3437 par-

429 3446 684 3513 ticipant,
720 3452 871 3495 lauto
898 3442 1060 3513 etiam
1091 3443 1262 3509 magis
1289 3438 1649 3511 perfectiones
1670 3438 1823 3510 suas,
1843 3446 2020 3513 quoad
2054 3438 2307 3510 possunt.
2334 3438 2961 3497 iii—alios’transfuudere
2982 3451 3273 3513 conantur.
3310 3438 3459 3493 Unde
3490 3440 3693 3513 beatus

426 3510 622 3567 Petrus
654 3522 834 3568 monet
861 3528 956 3565 eos
977 3512 1067 3583 qui
1099 3510 1339 3565 divmain
1369 3514 1667 3568 bonitatem
1694 3528 1793 3581 per
1837 3510 2069 3583 gratiam
2101 3517 2451 3583 participant,
2483 3515 2669 3566 dicens
2698 3530 2711 3565 :
2765 3513 3128 3583 Unusquisque
3152 3512 3287 3583 sicut
3327 3510 3524 3577 accepit
3554 3524 3691 3576 gra-

426 3585 578 3645 tiam,
608 3586 661 3634 in
688 3581 1008 3637 alterutrum
1027 3583 1179 3634 illam
1206 3583 1654 3646 udministrantes,
1683 3593 1815 3636 sicut
1842 3581 1964 3638 lioni
1994 3581 2378 3652 dispensatores
2403 3583 2743 3651 multiformis
2763 3585 2949 3651 gratia:
2972 3581 3069 3634 Det
3096 3588 3144 3633 ιι.
3177 3581 3345 3635 Multo
3374 3584 3537 3646 igitur
3568 3596 3692 3652 ina-

426 3655 509 3724 gis
528 3655 627 3707 SS.
654 3654 849 3721 angeli,
868 3658 957 3721 qui
979 3662 1104 3707 sunt
1127 3656 1178 3706 in
1202 3655 1509 3721 plenissima
1530 3655 1948 3723 participatione
1970 3651 2165 3711 divinae
2189 3658 2466 3717 bonitatis,
2486 3656 2745 3721 quidquid
2772 3673 2799 3706 a
2824 3653 2932 3707 Deo
2955 3652 3281 3721 percipiunt.
3307 3651 3564 3724 subjectis
3588 3651 3693 3700 iiii-

428 3721 759 3792 partiuntur.
778 3724 892 3777 Non
914 3728 1169 3791 recipitur
1188 3733 1364 3777 tamen
1386 3728 1499 3778 hinc
1516 3721 1836 3780 iilumiuatio
1857 3731 1925 3780 ab
1943 3727 2290 3781 inferioribus
2314 3728 2384 3779 ita
2400 3725 2751 3787 excellenter,
2774 3724 2913 3778 sicut
2929 3732 3013 3778 est
3032 3739 3084 3774 in
3099 3721 3495 3789 superioribus,
3520 3730 3688 3788 atque

429 3795 546 3849 ideo
563 3796 869 3866 superiores
886 3810 1100 3864 semper
1125 3807 1403 3848 remanent
1428 3798 1479 3848 in
1496 3795 1672 3850 altiori
1691 3799 1903 3861 ordine,
1940 3810 1994 3852 et
2014 3796 2390 3866 perfectiorein
2410 3795 2768 3866 cognitionem
2790 3794 3010 3866 habent;
3033 3795 3173 3866 sicut
3191 3800 3420 3866 unaniet
3433 3796 3703 3843 eamdem.

430 3880 543 3917 rem
565 3865 775 3937 plenius
799 3862 1048 3934 intelligit
1066 3866 1345 3933 magister,
1370 3882 1529 3934 quam
1555 3868 1848 3934 discipulus
1872 3870 1965 3937 qui
1984 3862 2051 3922 ab
2072 3883 2135 3921 eo
2157 3870 2406 3920 addiscit.
2434 3862 2840 3937 Hiiieuquamvis
2859 3865 2911 3916 in
2939 3864 3201 3937 societate
3230 3862 3545 3937 angelorum
3568 3876 3694 3913 om-

430 3938 515 3987 nia
533 3936 907 4001 possideantur
930 3932 1233 3988 communia
1256 3951 1270 3998 ;
1294 3932 1470 3990 tamen
1490 3932 1730 4005 quaedam
1754 3932 2110 3993 excellentius
2135 3938 2400 3991 habentur
2423 3952 2453 3987 a
2480 3935 2802 4003 quibusdam
2822 3950 2983 4002 quam
3002 3934 3069 3986 ab
3090 3935 3231 3986 aliis.
3258 3932 3695 4000 Unumquodque

427 4015 610 4056 autem
653 4006 945 4073 perfectius
991 4008 1220 4059 habetur
1258 4007 1325 4058 ab
1360 4020 1425 4060 eo
1451 4010 1541 4075 qui
1568 4017 1741 4074 potest
1783 4010 1911 4063 illitd
1949 4009 2378 4070 communicare,
2410 4023 2574 4074 quam
2617 4008 2684 4059 ab
2719 4021 2785 4058 eo
2806 4007 2900 4073 qui
2947 4021 3050 4058 non
3084 4013 3285 4072 potest.
3319 4006 3471 4056 Sicut
3510 4012 3695 4069 perte-

428 4086 569 4128 cttus
589 4090 674 4127 est
699 4077 933 4128 calidum
961 4079 1104 4145 quod
1132 4084 1307 4142 potest
1326 4076 1649 4141 calefacere,
1676 4095 1836 4146 quain
1861 4082 2007 4147 quod
2039 4095 2143 4133 non
2174 4088 2387 4146 potest;
2418 4089 2472 4129 et
2495 4076 2785 4144 perfectius
2812 4077 2916 4130 scit
2942 4076 3035 4144 qui
3069 4086 3249 4147 potest
3273 4075 3495 4136 docere,
3520 4088 3690 4139 quam

429 4159 521 4213 qui
563 4161 666 4198 non
700 4153 871 4212 potest
900 4163 916 4212 ;
947 4160 1002 4200 et
1028 4158 1230 4215 quanto
1264 4147 1561 4214 perfectius
1598 4151 1799 4202 d0num
1826 4146 2022 4217 aliquis
2054 4150 2459 4204 cuinmunicare
2491 4155 2687 4215 potest,
2726 4157 2878 4200 tanto
2911 4147 2962 4199 iii
3016 4146 3327 4213 perfection
3368 4150 3538 4212 gradu
3566 4154 3691 4209 est;

428 4217 649 4290 sicutin
692 4217 1009 4290 perfectiori
1038 4218 1211 4283 gradu
1243 4219 1545 4285 magisterii
1578 4232 1682 4282 est,
1717 4222 1807 4287 qui
1850 4216 2027 4290 potest
2055 4224 2249 4273 docere
2281 4220 2526 4271 altiorem
2558 4219 2866 4271 scientiam.
2900 4218 2967 4268 l:.t
2994 4217 3311 4290 secundum
3345 4217 3487 4290 lianc
3528 4216 3691 4267 simi-

428 4288 712 4358 litudiuem
763 4289 1159 4342 consideranda
1186 4296 1271 4337 est
1301 4284 1593 4342 diversitas
1619 4284 1882 4357 graduum
1914 4292 1997 4343 vel
2024 4294 2273 4344 ordinum
2298 4291 2351 4341 in
2385 4291 2610 4358 angelis,
2642 4290 2943 4341 secundum
2973 4288 3186 4340 diversa
3218 4284 3391 4338 oﬂicia
3418 4294 3687 4358 etuactus.

501 4354 529 4426 δ
554 4357 637 4410 Ill.
659 4357 927 4413 Observat
957 4358 1253 4426 quamlibet
1270 4370 1506 4413 mentem
1525 4354 1645 4414 sive
1662 4363 1964 4430 angelicam
1980 4364 2095 4415 sive
2116 4363 2404 4413 humanam
2423 4354 2693 4428 etprimas
2706 4369 2762 4411 et
2779 4360 2984 4410 medias
2998 4367 3050 4410 et
3067 4358 3280 4430 ultimas
3298 4356 3567 4425 potentias
3588 4360 3693 4430 ha-

427 4428 577 4490 bere,
613 4445 732 4496 quae
756 4445 987 4497 capaces
1018 4430 1509 4500 sintexpiationis,
1537 4427 1938 4496 illustrationis,
1979 4442 2143 4500 atque
2182 4427 2557 4498 perfectionis.
2589 4431 2713 4481 llaec
2748 4431 2875 4483 vide
2914 4434 3054 4495 apud
3095 4427 3487 4497 Pachymeraoi
3516 4428 3695 4495 espli-

431 4504 576 4551 cata.
610 4500 819 4565 Quibus
848 4504 986 4554 adde
1012 4517 1079 4554 ex
1129 4498 1253 4555 divo
1282 4500 1512 4563 'l‘homa,
1543 4506 1594 4552 in
1621 4504 1791 4568 prima
1821 4514 1999 4570 parte,
2030 4498 2222 4570 quaest.
2248 4501 2372 4566 108,
2400 4512 2504 4553 art.
2539 4502 2592 4562 2,
2625 4504 2770 4567 quod
2798 4504 2908 4566 ipsa
2940 4500 3078 4550 ratio
3102 4500 3422 4550 hiet-archize
3444 4510 3697 4564 requtrat

429 4572 679 4622 ordinum
703 4571 1101 4633 diversitatem,
1124 4585 1243 4638 qua:
1268 4573 1483 4638 quidem
1510 4574 1799 4626 diversitas
1816 4574 2071 4627 ordinum
2095 4578 2389 4625 secundum
2409 4573 2624 4624 diversa
2655 4571 2827 4624 oﬂicia
2855 4579 2908 4620 et
2939 4572 3513 4634 actusconsideratur;
3547 4581 3694 4623 Sicut

430 4642 572 4706 apud
586 4640 835 4694 homines
860 4643 914 4693 in
938 4645 1180 4710 qualibet
1204 4644 1423 4697 civitate
1448 4655 1574 4695 sunt
1601 4645 1798 4697 diversi
1823 4645 2061 4708 ordines,
2078 4644 2373 4696 secundum
2399 4643 2642 4694 diversos
2661 4652 2834 4695 actus.
2860 4639 2994 4691 Nam
3024 4643 3163 4690 alius
3184 4652 3270 4692 est
3288 4641 3693 4704 oidojndican-

432 4723 589 4784 inim,
620 4723 676 4762 et
709 4716 851 4784 alius
875 4713 1257 4781 pugnantium,
1293 4722 1349 4766 et
1378 4715 1516 4766 alius
1552 4717 1609 4766 iu
1636 4718 1782 4784 agris
1803 4716 2197 4778 laborantium;
2225 4724 2279 4765 et
2305 4715 2382 4764 sic
2410 4714 2475 4764 de
2511 4715 2654 4765 aliis.
2676 4716 2779 4765 bed
2810 4724 3058 4784 quamvis
3078 4712 3246 4784 multi
3278 4712 3388 4784 sint
3423 4714 3691 4784 uniusci-

430 4782 616 4853 vitatis
652 4782 895 4853 ordines,
928 4798 1118 4836 omnes
1157 4793 1336 4839 tamen
1368 4787 1445 4853 ad,
1470 4792 1581 4838 tres
1618 4781 1801 4840 reduci
1849 4796 2077 4853 possunt
2112 4785 2413 4837 secundum
2459 4789 2605 4851 quod
2645 4785 2899 4851 quaelibet
2936 4782 3227 4853 multitudo
3250 4781 3499 4849 perfecta
3526 4781 3694 4833 habet

431 4850 782 4917 principium,
811 4854 1057 4919 medium.
1109 4863 1163 4906 et
1196 4861 1378 4911 liuent.
1408 4852 1562 4910 Unde
1586 4866 1641 4909 et
1673 4860 1725 4909 iii
1757 4850 2074 4909 civi—tatibus
2100 4856 2294 4921 triplex
2331 4860 2465 4907 ordo
2482 4850 2772 4907 hominum
2800 4854 3091 4920 reperitur.
3124 4851 3357 4915 Quidam
3383 4854 3531 4902 enim
3563 4864 3693 4904 sunt

429 4924 689 4988 supremi.
720 4933 775 4973 ut
804 4924 1131 4990 optimates;
1161 4933 1378 4993 quidam
1404 4936 1586 4979 autem
1612 4937 1739 4980 sunt
1763 4930 1959 4989 intimi,
1981 4939 2037 4979 ut
2070 4928 2189 4978 vilis
2213 4926 2521 4993 plebecula;
2553 4933 2770 4993 quidam
2796 4938 2976 4974 autem
3005 4934 3132 4974 sunt
3158 4924 3341 4984 medii,
3374 4932 3431 4972 ut
3460 4927 3694 4989 populus

435 4998 756 5066 honoratus.
794 4995 887 5047 Sic
917 4996 1081 5061 igitur
1107 5000 1273 5049 etiam
1306 4999 1359 5049 in
1383 4998 1628 5063 qualibet
1658 5000 1965 5052 literarchia
1987 4999 2233 5066 angelica
2255 4998 2476 5050 ordines
2501 5000 2910 5061 distinguuntur
2934 4996 3232 5047 secundum
3262 4996 3511 5046 diversos
3534 5005 3691 5046 actus

430 5072 485 5134 et
510 5062 684 5115 ollicia
712 5078 727 5113 :
757 5074 811 5115 et
836 5080 1013 5118 omnis
1037 5067 1142 5118 ista
1163 5062 1455 5120 diversitas
1484 5072 1551 5122 ad
1581 5070 1685 5122 tria
1719 5071 2026 5132 reducitur,
2054 5062 2264 5121 scilicet
2287 5069 2356 5119 ad
2387 5082 2686 5129 summum,
2722 5070 2960 5117 medium
2987 5076 3043 5116 et
3066 5068 3348 5131 intimum;
3375 5077 3432 5119 et
3462 5073 3689 5134 propter

431 5133 534 5186 hoc
562 5143 788 5187 sanctus
818 5136 1107 5205 Dionysius
1147 5153 1201 5189 in
1234 5140 1476 5205 qualibet
1510 5142 1820 5193 hierarcina
1850 5150 2004 5208 ponit
2054 5150 2163 5192 tres
2192 5139 2435 5191 ordines.

1483 5351 1966 5410 PARAPHRASIS
2006 5351 2444 5408 PACHYMERJE
2480 5348 2615 5422 (15).

472 5461 499 5529 ἓ
553 5464 594 5518 ι.
627 5463 838 5532 Repetit
862 5461 952 5517 hic
980 5471 1202 5517 sanctus
1225 5480 1287 5519 ea
1310 5480 1433 5534 quae
1463 5468 1605 5522 dicta
1632 5479 1779 5534 sunt,
1811 5480 1863 5525 et
1897 5474 1995 5525 ait:

2175 5471 2201 5540 ᾗ
2239 5471 2276 5523 ι.
2324 5463 2794 5535 Ἐπαναλαμϐάνει
2821 5461 2890 5514 τὰ
2930 5462 3160 5532 ῥηθέντα
3191 5464 3220 5513 ὁ
3250 5463 3423 5531 ἅγιος,
3455 5466 3550 5517 κζί
3584 5482 3675 5537 φη-

419 5558 754 5611 ι.οιιεΙιιειιιιι
783 5557 949 5625 igitur
979 5572 1007 5609 a
1034 5560 1208 5625 nobis,
1234 5563 1502 5627 quomodo
1530 5563 1618 5616 illa
1652 5564 1865 5631 quidem
1902 5582 1962 5618 ait

2146 5582 2222 5618 W'
2278 5565 2401 5617 Ὅτι
2458 5560 2906 5635 συμπεπέρασται
2960 5559 3137 5613 τοίνυν
3188 5561 3340 5630 ἡμῖν,
3386 5562 3462 5625 ὡς
3508 5562 3543 5629 ἠ
3590 5564 3686 5615 μὲν

500 5684 531 5713 ιι
560 5674 745 5728 lPetr.
785 5693 859 5739 iv,
892 5676 976 5730 10.

507 5793 617 5854 ilbi
664 5794 791 5847 \lide
821 5794 1010 5849 Schol.
1036 5792 1092 5847 S.
1138 5791 1358 5846 Maximi
1391 5802 1519 5849 toni.
1555 5794 1618 5863 ll,
1645 5812 1765 5871 cap.
1797 5797 1883 5853 l0.
