3908 6232
173 368 274 423 επ

690 361 780 415 DE
810 357 1143 417 C(ELESTI
1177 354 1623 418 HIERARCHIA,
1660 351 1816 410 CAP.
1854 351 1923 407 Χ.
1957 383 2027 391 —
2065 346 2419 404 PARAPIIR.
2452 338 2930 401 PACHYMEBJE.

3335 334 3441 389 9.78

170 480 527 549 πρεσϐυτάτη
551 476 635 549 (οὐ
669 476 810 530 κατά
839 475 1050 548 χρόνον,
1086 474 1223 528 ἀλλά
1254 472 1394 527 κατὰ
1421 472 1593 542 τάξιν)
1624 472 1758 524 πάν-

1881 467 2177 537 .iquissima
2210 467 2338 536 (non
2388 462 2687 521 secundum
2734 467 2968 525 tempus,
3023 452 3117 509 sed
3149 451 3442 506 secundum

166 588 276 634 τως
322 571 687 640 διακόσμησις
731 568 839 621 τῶν
892 567 1022 638 περὶ
1062 566 1195 618 Θεὸν
1240 567 1335 618 καὶ
1391 564 1577 633 κύκλῳ
1626 562 1759 614 Θεοῦ

174 662 306 719 νὸων
345 662 509 731 (κατά
538 662 599 714 τό
618 680 633 691 ·
658 662 879 722 Κύκλῳ
896 658 1080 713 αὐτοῦ
1108 660 1144 727 ὴ
1170 657 1370 727 σκηνὴ
1396 656 1582 711 αὐτοῦ
1600 670 1613 684 °
1658 657 1761 711 κᾶν

171 756 263 808 ιιαί
311 756 459 825 ὑπὲρ
510 756 620 807 πᾶν
668 753 843 824 πέρας
887 751 983 805 καὶ
1029 750 1257 823 ἄπειρον
1301 751 1363 804 τὸ
1404 751 1558 804 Θεῖὸν
1592 752 1762 822 ἐστιν)

172 848 276 901 ὕπὸ
306 850 408 918 τῆς
442 846 762 916 ὲλλάμψεως
783 845 884 915 τῆς
915 843 1159 916 ἀρχηγοῦ
1194 845 1287 896 καὶ
1310 843 1484 906 αἰτίας
1509 845 1763 898 ἁπάντων

176 940 276 993 τῶν
308 937 665 1001 τελειώσεων,
705 936 1209 1007 μυσταγωγουμένη
1264 935 1385 1007 (διὰ
1417 937 1477 989 τὸ
1524 937 1597 1008 μὴ
1626 931 1764 990 εἶναι

170 1031 370 1101 ἑτέραν
406 1029 516 1099 πρὸ
546 1027 718 1096 αὐτῆς
751 1025 925 1089 τάξιν,
959 1025 1075 1079 ἀλλ’
1109 1025 1277 1095 αὐτὴν
1304 1023 1525 1095 ἀμέσως
1552 1026 1640 1078 ἐπ’
1670 1027 1768 1079 αὺ-

170 1125 266 1195 τὴν
296 1120 697 1183 ἀνατείνεσθαι,
730 1118 1033 1190 ἑλκομένην
1061 1112 1171 1171 οἷον
1205 1117 1310 1170 ὑπὸ
1329 1116 1423 1169 τοῦ
1458 1117 1765 1186 αὑταγάθου

169 1216 263 1269 καὶ
307 1212 560 1285 φυσικῶς
593 1210 823 1280 ἀγαθοῦ,
870 1204 930 1264 οῦ
963 1210 1057 1263 καὶ
1091 1210 1268 1262 πάντα
1301 1209 1545 1278 ἐφίενται
1565 1226 1578 1237 ·
1609 1206 1768 1260 τοῦτο

168 1308 279 1378 γάρ
330 1308 454 1359 ἐστι
498 1304 561 1358 τὸ
593 1302 997 1358 ἀνατείνεσθαι’
1063 1302 1124 1355 οὐ
1175 1299 1283 1372 γὰρ
1329 1299 1551 1371 ἀφίησιν
1599 1300 1768 1371 αὐτὴν

168 1401 424 1469 ἠρεμεῖν,
472 1397 566 1449 καὶ
607 1389 720 1447 οἷον
772 1393 1168 1457 ὲπινυστάζειν,
1220 1394 1252 1463 ἡ
1296 1392 1535 1463 άρῤητος
1584 1390 1765 1462 ἐκείνη

168 1489 334 1551 ἀκτὶς
364 1484 801 1557 ὲπελάμπουσα),
829 1482 1169 1553 καθαίρεται,
1210 1481 1305 1534 καὶ
1335 1480 1643 1550 φωτίζεται,
1674 1481 1769 1533 καὶ

165 1579 638 1651 τελεσιουργεῖται
682 1578 740 1631 ὲν
790 1575 1141 1649 κρυφιωτέρᾳ
1194 1576 1285 1628 καὶ
1325 1575 1597 1645 φανοτέρᾳ
1650 1572 1769 1644 θείᾳ

168 1671 499 1741 φωτοδοσίᾳ.
558 1668 869 1723 Κάντεῦθεν
933 1667 1112 1739 δῆλον,
1168 1668 1252 1721 ὅτι
1294 1666 1399 1719 ὑπὸ
1431 1667 1531 1736 τῆς
1563 1664 1769 1729 τάξεως

166 1762 358 1831 έχουσι
391 1761 494 1832 τὴν
521 1759 783 1830 έλλαμψιν
817 1759 1055 1813 πλείονα.
1077 1760 1141 1812 El
1170 1758 1278 1829 γὰρ
1298 1756 1469 1820 οὕτως
1488 1757 1769 1827 ἐδημιουρ-

1866 560 2133 629 ordinem)
2161 558 2382 611 omnino
2410 554 2721 609 distributio
2745 564 2935 605 earum
2965 546 3087 616 qtite
3103 546 3247 600 circa
3276 542 3443 597 Deum

1864 662 1921 706 et
1946 654 1999 707 in
2020 650 2253 705 circuitu
2298 647 2390 702 Dei
2417 654 2544 699 sunt
2569 640 3051 710 intelligentiarum
3084 637 3257 707 (juxta
3290 633 3441 688 illud:

1864 743 1935 798 In
1977 743 2206 797 circuitu
2254 741 2419 810 ipsius
2456 733 2858 791 tabernaculum
2891 730 3005 800 ejus
3029 737 3094 794 v;
3130 725 3233 781 etsi
3278 724 3444 780 etiam

1866 851 2032 908 super
2057 849 2275 890 omnem
2313 830 2608 887 terminum
2646 833 2705 882 et
2726 825 2835 896 97
2867 822 3189 877 inﬁnitatem
3228 818 3299 873 sit
3328 815 3442 871 Nu-

1868 941 1991 980 men
2032 923 2298 992 divinum)
2326 922 2392 976 ab
2425 922 2658 990 ipsamet
2681 916 2933 986 primitus
2965 910 3214 965 initiante
3236 907 3443 962 illumi-

1869 1013 2091 1068 natione
2117 1019 2172 1066 et
2197 1021 2521 1065 caaterarum
2546 1006 2908 1060 initiationum
2936 1014 3101 1056 causa
3124 1007 3445 1055 consecrata

1868 1102 1956 1171 (eo
1985 1101 2130 1171 quod
2164 1115 2272 1154 non
2297 1100 2370 1154 sit
2392 1097 2532 1152 alius
2554 1098 2694 1151 ordo.
2712 1103 2839 1149 ante
2871 1093 3063 1163 ipsam,
3097 1089 3193 1146 sed
3216 1088 3448 1159 ipsamet

1868 1193 2178 1249 immediate
2206 1192 2271 1245 ad
2300 1205 2420 1246 eam
2457 1189 2807 1251 extendatur,
2830 1194 3060 1239 attracta
3095 1183 3448 1252 quodammo-

1870 1284 1938 1337 do
1987 1284 2055 1337 ab
2096 1282 2327 1351 ipsomet
2372 1293 2471 1349 per
2504 1294 2562 1333 se
2599 1280 2759 1343 bono,
2812 1286 2867 1331 et
2893 1287 3088 1330 natura
3128 1276 3269 1329 bono
3296 1272 3447 1344 quod

1869 1376 2052 1431 omnia
2085 1381 2383 1442 appetunt;
2412 1373 2515 1426 hoc
2536 1369 2682 1426 enim
2724 1378 2809 1423 est
2850 1366 3107 1433 extendi;
3163 1382 3268 1420 non
3298 1367 3446 1421 enim

1873 1466 2169 1523 ineﬂ‘ahilis
2200 1465 2292 1519 ille
2318 1465 2507 1519 radius
2541 1463 2773 1518 illucens
2809 1461 3076 1533 permittit
3116 1461 3284 1530 ipsam
3316 1460 3448 1516 soli-

1874 1562 2063 1615 tariam
2122 1567 2173 1614 et
2226 1555 2630 1627 quodammodo
2678 1554 3001 1622 dormitare)
3066 1562 3348 1623 purgatur,
3393 1560 3449 1607 et

1873 1652 2213 1707 illuminatur
2237 1658 2402 1718 atque
2430 1646 2712 1716 perﬁcitur
2740 1644 3024 1700 secretiori
3051 1642 3215 1699 simul
3242 1652 3297 1699 et
3327 1659 3447 1698 ma-

1871 1739 2140 1796 nifestiori
2176 1740 2359 1794 divina
2413 1736 2796 1792 illustratione.
2845 1734 3001 1790 Unde
3044 1734 3213 1788 etiam
3272 1741 3444 1803 patet,

168 1853 337 1925 γήθη,
374 1852 520 1906 ὥστε
553 1854 746 1925 πρώτη
780 1848 940 1916 εἶναι,
970 1850 1093 1904 οὔτε
1127 1850 1464 1921 καθάρσεως,
1496 1849 1617 1903 οὔτε
1652 1866 1766 1919 φω-

1881 1834 2015 1903 quod
2040 1832 2141 1888 sub
2178 1832 2371 1885 ordine
2400 1829 2705 1884 uberiorem
2737 1827 2976 1882 habeant
3007 1826 3447 1881 illustrationem.

167 1944 371 2017 τισμοῦ
403 1947 607 2011 ἐδέετο,
639 1945 782 1999 οὕτω
814 1944 1130 2007 πλασθεῖσα,
1165 1943 1305 1996 ὥστε
1342 1942 1434 1996 καὶ
1470 1942 1593 2009 ἀξία
1634 1936 1768 1994 εἶναι

168 2036 271 2106 τῆς
303 2038 539 2109 πρώτης
571 2037 795 2104 τάξεως.
825 2032 1315 2108 Κρυφιωτέρανδὲ
1346 2034 1439 2085 καὶ
1472 2032 1771 2102 φανοτέραν

167 2128 268 2198 τὴν
298 2130 476 2199 αὐτὴν
502 2126 654 2183 εἶπεν
685 2129 1042 2200 φωτοδοσίανσ
1077 2126 1112 2180 ά
1141 2125 1204 2197 δὴ
1243 2126 1340 2179 καὶ¹
1385 2122 1602 2177 ἐναντία
1646 2123 1773 2194 περὶ

170 2220 231 2273 τὸ
266 2220 404 2273 αὐτὸ
444 2220 690 2290 φαίνεταί
721 2238 839 2284 πως
870 2216 1027 2273 εἶναι.
1058 2218 1130 2271 Τὸ
1163 2216 1271 2289 γάρ
1306 2216 1533 2287 κρύφιον
1571 2216 1632 2268 οὐ
1665 2232 1772 2284 φα-

171 2312 261 2364 νόν
285 2331 302 2343 ·
342 2314 440 2366 καὶ
471 2314 531 2365 τὸ
553 2315 719 2383 φανὸν
756 2316 816 2367 οὐ
852 2312 1102 2384 κρύφιον,
1138 2309 1282 2363 κατὰ
1313 2309 1503 2362 τοῦτον
1534 2308 1627 2363 τὸν
1644 2308 1773 2380 τρό-

173 2420 295 2456 πον.
334 2405 400 2456 El
432 2404 544 2476 γάρ
567 2406 660 2458 καὶ
684 2405 897 2458 ἐναντία
919 2404 1028 2456 εἰσὶ
1064 2405 1192 2475 περὶ
1214 2403 1276 2455 τὸ
1299 2402 1447 2467 αὐτὸ,
1480 2401 1615 2456 ἀλλά
1639 2401 1776 2472 πρὸς

171 2493 303 2546 ἀλλο
337 2496 437 2547 καὶ
470 2495 598 2549 ἄλλο
624 2494 890 2558 νοοῦνται.
935 2495 1305 2567 Κρυφιωτέρα
1360 2494 1458 2565 μὲν
1500 2492 1608 2565 γάρ
1639 2494 1776 2564 πρὸς

171 2585 346 2653 ἡμᾶς,
380 2584 459 2646 ὡς
491 2585 783 2657 νοητοτέρα
824 2586 1035 2658 (νοηταὶ
1072 2586 1181 2658 γὰρ
1210 2586 1305 2639 καὶ
1341 2586 1396 2638 αἱ
1436 2585 1545 2638 τῶν
1576 2585 1775 2638 ὑποϐε-

172 2672 427 2743 ϐηκυιῶν
468 2674 677 2741 τάξεων
726 2676 1078 2750 ὲλλάμψεις),
1123 2678 1417 2748 νοητοτέρα
1477 2677 1535 2730 δὲ
1594 2677 1627 2748 ἡ
1678 2677 1778 2747 τῆς

175 2763 426 2836 πρώτης,
454 2768 545 2818 καὶ
572 2768 703 2837 ἡμῖν
732 2768 1134 2841 άγνωστοτέρα,
1170 2770 1258 2824 διὰ
1290 2768 1448 2823 τοῦτο
1486 2769 1578 2823 καὶ
1603 2769 1779 2823 άπλω-

172 2853 307 2925 τικὴ
332 2854 443 2924 (ὡς
479 2855 552 2926 μὴ
585 2857 987 2929 κατανοουμένη
1019 2858 1351 2912 ἀπεντεῦθεν
1382 2859 1471 2912 διά
1498 2876 1642 2922 τινος
1669 2859 1778 2911 τῶν
1810 2846 1815 2852 ’

174 2943 469 3014 ἡμετέρων
514 2946 608 2998 καὶ
649 2946 965 3017 χθαμαλῶν,
1014 2948 1051 3003 ἃ
1087 2947 1150 3019 δὴ
1185 2949 1278 3002 καὶ
1312 2948 1588 3011 συνθέσεις
1609 2948 1778 3019 εἰσιν)

173 3033 319 3086 ἀλλά
356 3034 455 3087 καὶ
482 3036 744 3099 ένοποιός.
782 3038 931 3108 Ὅσῳ
969 3037 1079 3109 γὰρ
1111 3041 1210 3110 τῆς
1243 3040 1376 3111 ῦλης
1410 3038 1567 3110 ἡμῶν
1596 3041 1624 3091 ὁ
1655 3038 1781 3102 νοῦς

175 3126 591 3192 ἀποδιισταται,
623 3126 879 3183 τοσοῦτον
912 3131 1041 3201 περὶ
1074 3132 1135 3184 τὸ
1168 3131 1225 3185 ἓν
1260 3134 1445 3203 χωρεῖ,
1487 3134 1580 3186 καὶ
1602 3134 1769 3188 ὰῦλο-

176 3216 491 3290 τέρώς,’ὼς
513 3221 579 3275 ἄν
600 3238 686 3284 τις
717 3222 883 3288 εἴποι,
912 3224 1008 3276 τοῦ
1031 3224 1223 3295 νοητοῦ
1246 3226 1644 3294 ἐπιδράττεται.
1672 3228 1782 3281 Καὶ

176 3310 230 3362 τί
262 3310 410 3379 λέγω
446 3313 527 3375 είς
562 3312 754 3379 ταῦτα,
788 3315 923 3367 ὅπου
956 3333 1019 3385 γε
1057 3319 1123 3387 τῇ
1161 3317 1409 3389 αἰσθήσει
1441 3318 1600 3372 τοῦτο
1640 3336 1780 3389 συμ-

178 3403 359 3456 ϐαίνει
383 3405 468 3468 εἰς
490 3404 559 3458 τά
591 3405 824 3478 αἰσθητά
856 3408 1188 3480 πράγματα;
1222 3410 1505 3482 πόρρωθεν
1534 3412 1644 3483 γὰρ
1669 3411 1785 3482 βλέ-

178 3493 381 3557 ποντές
410 3511 488 3557 τι,
521 3494 745 3565 οἰόμεθα
804 3497 836 3567 ἢ
884 3496 1020 3561 ζῶον
1071 3495 1231 3565 εἷναι,
1282 3500 1315 3569 ἢ
1363 3499 1508 3554 λίθον
1532 3501 1781 3572 τυχὸν,ἢ

177 3584 421 3654 δένδρον,
450 3584 483 3654 ἢ
518 3585 647 3639 ἀλλο
672 3604 759 3639 τι·
794 3591 1247 3661 προσεγγίζοντες
1270 3591 1328 3644 δὲ
1357 3592 1493 3656 ζῶον
1523 3593 1785 3663 μανθάνο-

183 3695 307 3747 μεν,
367 3678 466 3731 καὶ
518 3679 719 3732 τοιόνδε
772 3679 928 3745 ζῶον,
965 3682 1249 3754 ἄνθρωπον
1282 3685 1462 3753 τυχὸν,
1513 3686 1604 3738 καὶ
1634 3686 1783 3738 τόνδε

181 3771 275 3823 τὸν
305 3769 619 3841 ἄνθρωπον.
656 3772 765 3825 Καὶ⁵
794 3771 865 3824 τὰ
897 3774 1084 3826 παιδία
1120 3775 1388 3847 πρότερον
1416 3775 1624 3839 πάντας
1655 3777 1784 3839 τοὺς

183 3863 386 3934 ἄνδρας
433 3863 672 3934 πατέρας
704 3864 879 3929 καλεῖ,
924 3866 1018 3919 καὶ
1067 3866 1311 3937 μητέρας
1353 3866 1453 3931 τάς
1486 3869 1778 3936 γυναῖκας’

186 3954 420 4025 ὕστερον
465 3953 521 4006 δὲ
550 3955 872 4008 ένοποιεῖται
914 3957 947 4026 ἡ
986 3956 1188 4024 γνῶσις
1219 3957 1444 4022 τούτων,
1495 3959 1586 4011 καὶ
1622 3955 1784 4026 γινώ-

187 4071 381 4107 σκουσι
417 4057 547 4119 τοὺς
581 4054 800 4124 ἀληθεῖς
832 4056 1091 4125 πατέρας.
1134 4050 1289 4119 Εἶδες
1318 4056 1436 4119 πῶς
1472 4060 1505 4126 ή
1534 4057 1785 4127 αἴσθησις

183 4147 535 4198 ἐνοποιεῖται’
572 4144 734 4198 τοῦτο
753 4146 846 4197 καὶ
876 4146 905 4197 ὁ
936 4143 1062 4208 νοῦς
1089 4144 1288 4215 πάσχει
1310 4148 1421 4207 τοῖς
1441 4151 1650 4220 νοητοῖς
1680 4150 1782 4218 έμ-

189 4238 460 4291 6ατεὺων.
508 4237 654 4290 Ἀλλ’
688 4236 938 4290 ἐντεῦθεν
965 4238 1343 4291 ὑπανακύπτει
1370 4241 1573 4312 ἀπορία
1620 4242 1786 4309 ἀναγ-

187 4329 340 4394 καία,
390 4330 511 4391 πῶς
547 4330 581 4398 ή
639 4327 739 4398 μὲν
776 4325 1029 4397 αἴσθησις
1062 4327 1143 4390 είς
1192 4327 1255 4380 τὸ
1312 4329 1607 4402 ἐγγύτερον
1658 4330 1788 4402 μᾶλ-

184 4420 275 4473 λον
309 4421 639 4473 ένοποιεῖται
658 4459 673 4483 ,
708 4422 737 4472 ὁ
767 4417 823 4471 δὲ
857 4416 982 4480 νοῦς
1015 4419 1095 4481 είς
1125 4418 1187 4470 τὸ
1217 4418 1586 4491 πορρώτερον,
1636 4423 1727 4473 καὶ
1757 4421 1786 4474 ὃ

186 4512 351 4573 αὐτὸς
372 4511 526 4578 λέγει
550 4509 809 4581 κρύφιον;
847 4512 955 4563 Καὶ
985 4510 1133 4563 ἔστιν
1162 4512 1356 4575 εἰπεῖν,
1390 4512 1473 4563 ὅτι
1502 4511 1623 4564 κατ’
1658 4512 1787 4583 ἁλή-

187 4602 340 4655 θειαν
361 4604 542 4655 έκεῖνο
560 4602 671 4672 ἔχει
702 4605 730 4655 ὁ
758 4602 881 4666 νοῦς
903 4603 1218 4675 ἐγγύτερον,
1248 4604 1309 4657 τὸ
1334 4604 1591 4659 ἐπέκεινα
1613 4606 1792 4677 πάσης

188 4693 383 4765 ὑλικῆς
438 4694 740 4757 συνθέσεως
796 4696 891 4747 καὶ
936 4695 1273 4766 αἰσθήσεως·
1314 4697 1475 4751 τοῦτο
1520 4698 1630 4770 γάρ
1677 4702 1792 4752 ἐστι

190 4786 282 4838 καὶ
309 4784 592 4856 προσῆκον
616 4785 695 4856 τῷ
715 4785 792 4856 νῷ
822 4787 916 4839 καὶ
943 4791 1063 4852 ταῖς
1092 4788 1186 4842 τοῦ
1215 4788 1306 4842 νοῦ
1335 4788 1657 4859 ἐνεργείαις.
1693 4790 1791 4843 Νοῖ

188 4878 298 4949 γάρ
348 4876 678 4949 πορρώτερα
716 4877 787 4930 τά
851 4878 1100 4951 αἰσθήσει
1159 4879 1341 4943 ποσῶς
1395 4878 1787 4933 ὑποπίπτοντα.

191 4969 353 5022 Κατά
372 4968 508 5038 γοῦν
532 4970 823 5040 ἀναλογίαν
847 4973 988 5042 (ἐπεὶ
1010 4963 1359 5043 κρυφιωτέρα
1382 4974 1474 5025 καὶ
1494 4974 1790 5045 νοητοτέρα

192 5061 223 5128 ἡ
283 5059 399 5113 τῶν
461 5060 695 5131 πρώτων
744 5062 1006 5133 ἕλλαμψις
1061 5064 1211 5135 παρὰ
1274 5063 1375 5127 τὰς
1437 5064 1544 5118 τῶν
1603 5064 1788 5117 δευτέ-

194 5168 305 5222 ρων
358 5151 678 5225 ὲλλάμψεις)
739 5154 938 5225 μᾶλλον
1003 5153 1143 5227 αὕτη
1201 5156 1443 5219 ένοποιός
1496 5157 1634 5218 ἐστι,
1698 5157 1791 5208 καὶ

192 5246 341 5299 οῦτω
400 5246 501 5317 μὲν
562 5248 912 5319 κρυφιωτέρα
957 5249 1095 5320 πρὸς
1159 5250 1305 5319 ἡμᾶς
1359 5251 1451 5302 καὶ
1501 5250 1591 5301 τὸν
1652 5249 1789 5319 ἡμέ-

194 5361 357 5414 τερον
401 5343 569 5397 νοῦν·
628 5346 901 5417 φανοτέρα
947 5345 1003 5398 δὲ.
1048 5345 1230 5410 πάλιν,
1290 5345 1425 5417 πρὸς
1476 5345 1642 5416 αὐτὴν
1692 5345 1791 5415 τὴν

193 5436 500 5506 δεχομένην
532 5437 633 5507 τὴν
663 5436 927 5508 ἐλλαμψιν
947 5455 961 5468 θ
1002 5437 1339 5508 πρωτὸδοτος
1370 5437 1477 5507 γὰρ
1510 5438 1604 5490 καὶ
1639 5455 1789 5509 πρω-

196 5530 441 5599 τιιφανὴς
471 5528 565 5582 καὶ
589 5530 890 5601 ὁλικωτέρα
922 5530 1121 5600 μᾶλλον
1151 5528 1469 5602 ἡέλλαμψις
1500 5531 1533 5601 ἡ
1575 5531 1655 5592 εἰς
1686 5530 1785 5582 αὺ-

197 5620 299 5689 τὴν
335 5621 634 5692 κεχυμένη.
690 5622 754 5673 El
786 5621 844 5675 δὲ
878 5623 911 5693 ή
943 5620 1079 5693 αὐτὴ
1109 5620 1203 5675 καὶ
1238 5620 1615 5694 ὑπερπλήρης,
1652 5620 1792 5674 ἀλλὰ

286 5783 313 5809 ν
341 5773 490 5829 Psal.
526 5789 658 5841 xvn,
694 5774 780 5833 te.
821 5748 826 5757 ’

1872 1926 1929 1979 Si
1955 1924 2099 1978 enim
2139 1923 2212 1978 ita
2252 1921 2472 1978 condita
2503 1927 2647 1975 esset
2677 1917 2767 1972 illa
2794 1918 3096 1983 distinctio,
3131 1924 3190 1971 ut
3226 1918 3449 1970 omnino

1872 2017 2055 2086 prima
2089 2023 2261 2079 esset,
2294 2028 2474 2081 neque
2503 2010 2824 2082 purgatione
2859 2022 3035 2078 neque
3055 2007 3453 2063 illuminatione

1872 2122 2009 2178 opus
2033 2109 2285 2174 haberet,
2325 2122 2450 2161 cum
2495 2106 2571 2159 ita
2612 2103 2847 2158 formata
2876 2100 3040 2169 foret,
3071 2111 3131 2156 ut
3156 2102 3334 2171 primo
3361 2114 3454 2154 or-

1874 2206 2001 2258 dine
2031 2202 2194 2272 digna
2219 2208 2390 2258 esset.
2429 2198 2794 2255 Secretiorem
2819 2207 2997 2253 autem
3031 2205 3086 2252 et
3117 2194 3452 2250 manifestio-

1875 2312 1989 2353 rem
2042 2296 2291 2353 eamdem
2334 2294 2550 2349 vocavit
2599 2292 3041 2356 illustrationem,
3097 2303 3217 2359 qua:
3270 2289 3455 2357 utique

1874 2392 2023 2446 circa
2076 2391 2221 2445 idem
2276 2388 2529 2443 videntur
2585 2386 2741 2457 quasi
2791 2400 2914 2440 esse
2961 2385 3254 2439 contraria.
3300 2381 3455 2450 Quod

1875 2486 2019 2541 enim
2051 2484 2322 2540 occultum
2353 2490 2459 2548 est,
2512 2496 2619 2535 non
2663 2488 2748 2538 est
2784 2478 3172 2544 manifestum;
3227 2485 3282 2533 et
3310 2476 3457 2547 quod

1878 2574 2250 2641 manifestum,
2297 2589 2406 2629 non
2445 2582 2528 2629 est
2555 2572 2854 2636 occultum,
2875 2571 3028 2640 juxta
3061 2570 3310 2626 eumdem
3337 2582 3457 2623 mo-

1878 2672 2028 2726 dum.
2057 2670 2168 2724 Etsi
2200 2667 2344 2722 enim
2377 2667 2541 2724 etiam
2567 2663 2843 2719 contraria
2873 2672 3001 2717 sunt
3037 2670 3284 2731 respectu
3311 2660 3459 2730 ejus-

1879 2765 2024 2829 dem,
2056 2763 2123 2817 ad
2146 2762 2298 2816 aliud
2334 2769 2515 2815 tamen
2558 2770 2722 2828 atque
2753 2757 2900 2812 aliud
2932 2755 3322 2826 intelliguntur.
3349 2752 3458 2810 0c-

1878 2857 2078 2911 cultior
2106 2855 2323 2925 quidem
2348 2862 2434 2908 est
2464 2853 2646 2917 nobis,
2669 2851 2796 2921 quia
2827 2848 3184 2919 spiritualior;
3207 2846 3459 2925 (spirita-f

1881 2946 1960 3001 les
1981 2945 2126 2999 enim
2149 2954 2279 2999 sunt
2302 2952 2357 2999 et
2384 2941 2701 2998 inferiorum
2726 2941 2981 2995 ordinum
3012 2938 3399 2994 illustrationes

1881 3036 2225 3105 spiritualior
2254 3044 2437 3090 autem
2468 3042 2553 3089 est
2582 3033 2671 3087 illa
2711 3031 2901 3103 primat
2929 3029 3332 3085 distributionis
3357 3044 3458 3082 no-

1885 3131 2076 3199 bisque
2119 3128 2386 3198 ignotior;
2421 3125 2627 3182 idcirco
2678 3125 2845 3180 etiam
2881 3123 3167 3192 simpliﬁca
3209 3124 3291 3193 (ut
3339 3135 3461 3190 qua:

1886 3238 1993 3277 non
2021 3221 2371 3291 cognoscitur
2404 3235 2503 3290 per
2528 3219 2769 3288 aliquam
2805 3232 2837 3273 e
2869 3219 3029 3273 rebus
3053 3216 3255 3271 nostris
3284 3225 3459 3271 terre-

1888 3314 1995 3379 nis,
2024 3330 2144 3385 qua:
2171 3314 2485 3382 composita:
2506 3312 2653 3380 sunt)
2689 3310 2822 3380 quin
2852 3318 2907 3363 et
2934 3308 3151 3363 uniﬁca.
3186 3308 3460 3375 Quantum

1886 3410 2028 3465 enim
2061 3424 2090 3461 a
2122 3406 2352 3461 materia
2389 3420 2543 3460 mens
2566 3414 2753 3459 nostra
2782 3402 3007 3467 recedit,
3034 3403 3365 3456 tantumdem
3394 3399 3463 3455 ad

1888 3518 2055 3557 unum
2099 3500 2293 3567 tendit,
2332 3508 2389 3554 et
2416 3495 2854 3561 immaterialius,
2894 3503 2952 3548 ut
2990 3495 3063 3548 ita
3088 3495 3211 3562 quis
3236 3493 3459 3557 dixerit,

1888 3611 2001 3649 rem
2038 3592 2407 3648 intellectilem
2428 3590 2862 3657 comprehendit.
2884 3588 3092 3657 Ecquid
3123 3588 3244 3642 dico
3271 3588 3323 3641 in
3350 3586 3457 3653 his,

1886 3704 2010 3744 cum
2045 3688 2097 3742 id
2132 3686 2313 3742 sensui
2347 3700 2565 3755 quoque
2596 3684 2805 3738 accidat
2853 3684 3030 3753 quoad
3075 3698 3162 3736 res
3202 3681 3463 3737 sensiles?

1887 3782 2157 3849 siquidem
2189 3780 2405 3833 eminus
2428 3777 2704 3847 quidpiam
2740 3777 3006 3843 videntes,
3040 3784 3296 3843 putamus
3333 3775 3465 3829 illud

1884 3877 1971 3929 vel
1999 3874 2205 3927 animal
2236 3887 2381 3936 esse,
2413 3870 2499 3924 vel
2525 3870 2666 3924 forte
2696 3869 2947 3937 lapidem,
2978 3868 3057 3922 vel
3087 3868 3355 3931 arborem,
3381 3866 3465 3921 vel

1887 3966 2014 4035 quid
2047 3965 2227 4026 aliud;
2257 3962 2758 4032 appropinquantes
2792 3975 2919 4014 vero
2945 3958 3322 4029 cognoscimus
3344 3972 3466 4013 esse

1886 4055 2114 4119 animal,
2142 4063 2198 4109 et
2227 4054 2444 4123 quidem
2472 4054 2577 4107 tale
2601 4053 2826 4116 animal,
2852 4051 3123 4105 hominem
3158 4050 3308 4104 verbi
3337 4065 3464 4119 gra-

1890 4148 1987 4214 tia,
2041 4154 2099 4200 et
2132 4145 2281 4199 hunc
2311 4142 2606 4197 hominem.
2659 4142 2751 4197 Sic
2795 4142 2945 4210 pueri
2986 4142 3219 4209 primum
3277 4155 3467 4195 omnes

1888 4240 2035 4293 viros
2059 4246 2243 4307 patres
2276 4245 2493 4303 vocant,
2530 4243 2839 4302 matresque
2871 4233 3124 4299 feminas,
3159 4243 3344 4303 postea
3382 4248 3469 4287 ve-

1888 4344 1949 4383 ro
1979 4328 2174 4383 horum
2204 4327 2448 4398 cognitio
2499 4326 2813 4393 uniﬁcatur,
2854 4335 3260 4395 agnoscuntque
3306 4339 3467 4378 veros

1888 4428 2166 4489 parentes.
2201 4418 2367 4473 Vides
2396 4417 2669 4486 quomodo
2710 4430 2906 4470 sensus
2939 4415 3233 4469 uniﬂcetur
3268 4432 3282 4470 :
3325 4415 3469 4469 idem

1819 4535 1865 4591 Ι)
1892 4512 2058 4565 etiam
2085 4509 2256 4565 menti
2288 4509 2512 4574 accidit,
2560 4509 2685 4562 dum
2717 4507 2785 4560 ad
2814 4520 2902 4562 res
2931 4504 3277 4561 intellectiles
3307 4520 3469 4561 acce-

1893 4604 1991 4658 dit.
2051 4601 2253 4656 Verum
2309 4601 2437 4654 hinc
2482 4598 2764 4653 suboritur
2817 4597 3126 4652 necessaria
3175 4596 3470 4658 dubitatio,

1891 4696 1987 4763 qui
2014 4708 2207 4749 sensus
2234 4692 2381 4747 circa
2413 4690 2467 4745 id
2501 4691 2644 4759 quod
2673 4690 2907 4744 vicinius
2933 4699 3024 4744 est
3046 4688 3216 4759 magis
3247 4686 3475 4741 uniﬁce-

1892 4796 1999 4853 tur,
2047 4798 2203 4838 mens
2231 4796 2360 4836 vero
2390 4781 2534 4835 circa
2567 4781 2853 4845 remotius,
2893 4789 2946 4835 et
2992 4781 3137 4849 quod
3172 4781 3288 4849 ipse
3316 4786 3475 4833 vocat

1891 4876 2193 4933 occultius?
2234 4877 2315 4930 Ac
2350 4874 2508 4929 liceat
2538 4875 2745 4939 dicere,
2780 4873 2913 4927 illud
2945 4888 3071 4927 vere
3122 4874 3289 4927 menti
3347 4887 3474 4942 pro-

1893 4972 2149 5042 pinquius
2193 4984 2332 5034 esse,
2383 4967 2528 5037 quod
2576 4965 2723 5021 omni
2763 4966 3033 5021 materiali
3079 4967 3475 5035 compositione

1894 5060 2314 5127 sensationeque
2356 5057 2612 5126 superius
2652 5065 2766 5121 est;
2800 5054 3056 5124 quoniam
3088 5053 3201 5123 98
3227 5054 3279 5106 id
3308 5051 3475 5105 menti

1895 5152 2207 5220 mentisque
2233 5148 2641 5218 operationibus
2666 5159 2750 5202 est
2769 5146 3126 5201 conformins.
3148 5143 3308 5198 Menti
3327 5142 3474 5196 enim

1895 5253 2026 5298 sunt
2054 5243 2368 5307 remotiora,
2396 5256 2514 5309 qua:
2540 5241 2724 5295 sensui
2747 5238 3145 5309 quodammodo
3168 5235 3472 5301 subiacent.

1898 5336 2209 5393 Secundum
2240 5336 2381 5389 hanc
2415 5335 2599 5403 itaque
2621 5334 3024 5403 proportionem
3044 5332 3190 5401 (cum
3210 5327 3478 5382 occultior

1894 5424 2397 5496 intelligibiliorque
2445 5424 2516 5478 sit
2560 5425 2858 5493 primorum
2895 5422 3211 5482 illustratio,
3241 5432 3476 5487 sequen-

1896 5524 2029 5578 tium
2060 5518 2512 5577 illustrationibus
2546 5518 2883 5587 comparata)
2935 5518 3047 5585 ipsa
3077 5514 3249 5582 magis
3272 5511 3473 5566 unilica

1893 5626 2000 5683 est,
2030 5615 2270 5682 adeoque
2298 5610 2592 5666 secundum
2624 5625 2722 5665 nos
2745 5607 2964 5679 quidem
3004 5613 3349 5671 mentemque
3381 5616 3475 5653 no-
