3908 6232
398 250 497 302 279

1554 257 1614 314 S.
1653 256 1950 313 DIONYSII
1984 256 2446 311 AREOPAGITAE

3542 252 3661 305 9.39

396 374 565 419 suram
585 365 872 422 obscurior
894 374 948 422 et
970 367 1258 435 occultior,
1283 369 1439 425 simul
1464 379 1643 425 tamen
1671 370 1769 434 illi,
1795 373 1887 441 qui
1911 372 1972 426 il-

2079 367 2227 437 παρὰ
2255 368 2316 420 τὸ
2346 367 2455 420 τῶν
2482 367 2887 439 ὑποδεχομένων
2915 368 3098 431 ποσῶς
3127 364 3530 437 παραλλάττονο
3565 370 3665 418 δια

395 457 767 513 lustrationem
790 472 908 512 eam
934 459 1157 528 excipit,
1184 461 1542 525 manifestior;
1568 462 1837 531 siquidem
1862 461 1968 530 pri-

396 549 624 617 migenia
656 548 1049 622 primilucaque
1071 552 1401 621 etintegrior
1420 562 1504 609 est
1526 553 1818 609 illustratio
1846 560 1967 621 qute

398 635 463 688 ad
482 650 599 688 eam
625 635 961 692 dill‘unditur.
984 638 1096 694 Etsi
1118 649 1296 696 autem
1316 642 1425 713 ipsa
1444 643 1767 712 superplena
1784 643 1875 707 sit.
1893 654 1969 698 at-

397 733 574 779 tamen
594 740 691 793 pro
708 727 1114 792 suscipientium
1132 730 1443 787 conditione
1460 734 1707 788 variatur
1730 756 1741 790 :
1762 736 1967 790 idcirco

394 818 539 872 enim
556 818 794 875 addidit:
819 818 1048 889 thuasi
1078 820 1366 890 liquidior;
1409 834 1466 879 ut
1490 826 1752 881 indicaret
1784 826 1965 893 subje-

395 919 604 962 ctorum
624 910 1012 976 diversitatem,
1030 914 1383 971 variatiouem
1398 919 1685 987 quamdam
1704 917 1897 973 afferre
1912 918 1968 971 il-

397 998 728 1054 lustrationi.
750 999 834 1055 Ab
857 1002 960 1057 hac
980 1014 1156 1059 autem
1180 1007 1353 1073 prima
1375 1008 1746 1077 dispositione,
1768 1010 1965 1065 iterum

394 1091 631 1144 secunda
665 1106 763 1163 pro
793 1108 889 1148 sua
921 1096 1190 1164 portione,
1230 1106 1285 1151 et
1319 1112 1349 1150 a
1376 1099 1615 1154 secunda
1642 1101 1820 1161 tertia,
1853 1111 1907 1154 et
1934 1116 1963 1153 a

398 1182 553 1235 tertia
584 1193 766 1238 nostra
806 1185 920 1241 haec
968 1187 1298 1252 hierarchia,
1330 1205 1492 1259 quam
1542 1207 1645 1246 non
1673 1194 1962 1247 humanam

396 1274 516 1327 dico
547 1273 822 1343 (quoniam
854 1287 908 1332 et
944 1279 1058 1349 ipsa
1091 1282 1277 1335 divina
1304 1292 1408 1349 est,
1438 1283 1760 1355 divinasque
1789 1286 1966 1341 susci-

396 1368 473 1437 pit
504 1369 915 1442 illustrationes)
967 1376 1061 1429 sed
1091 1391 1211 1430 eam
1246 1392 1365 1446 qua}
1408 1380 1548 1446 apud
1581 1395 1679 1435 nos
1717 1381 1966 1436 homines

396 1462 577 1516 divina
608 1464 779 1533 gratia
809 1478 1184 1524 consecratur.
1230 1470 1367 1538 Quid
1407 1485 1572 1539 porro
1601 1488 1631 1526 a
1664 1473 1838 1541 prima
1874 1489 1962 1529 se-

395 1551 596 1616 cunda,
629 1562 685 1608 et
716 1554 783 1607 ab
806 1554 909 1609 hac
942 1558 1122 1627 tertia,
1156 1568 1210 1614 et
1238 1560 1305 1615 ab
1336 1560 1425 1616 illa
1464 1569 1648 1617 nostra
1677 1562 1792 1617 haec
1813 1564 1961 1617 acci—

396 1644 514 1713 pit?
545 1644 698 1711 Quod
750 1648 800 1701 iu
829 1648 1004 1704 sacris
1051 1651 1274 1706 omnino
1318 1652 1602 1723 dirigatur.
1656 1653 1804 1708 Bona
1834 1669 1963 1708 vero

2071 458 2226 511 τοῦτο
2250 460 2358 528 γάρ
2393 459 2553 527 ἐτέθη
2576 499 2591 523 ,
2641 461 2749 513 Καὶ
2769 460 2845 522 ὡς
2879 459 3045 529 διειδῆ
3071 499 3085 522 ,
3135 458 3220 511 ἵνα
3260 456 3429 529 δείξῃ,
3474 457 3563 509 ὅτι
3594 456 3666 508 τὺ

2070 548 2180 600 τῶν
2211 549 2582 620 ὑποκειμένων
2602 550 2877 618 διάφορον,
2908 548 3125 600 ἀλλοίαν
3152 546 3252 616 τὴν
3278 544 3543 615 ἐλλαμψιν
3570 544 3651 595 τί-

2072 641 2216 713 θησι.
2266 642 2425 715 Παρὰ
2474 642 2674 714 ταύτης
2720 642 2777 694 δέ
2824 640 2989 695 πάλιν
3032 640 3134 710 τῆς
3180 638 3405 711 πρώτης
3447 638 3668 701 τάξεως

2072 734 2349 804 ἀναλόγως
2382 737 2415 807 ἠ
2445 735 2691 807 δευτέρα,
2711 736 2803 788 καὶ
2828 733 2977 807 παρὰ
3003 734 3102 804 τῆς
3123 733 3378 803 δευτέρας
3410 733 3444 802 ή
3468 732 3661 803 τρίτη,

2070 826 2163 878 καὶ
2199 825 2349 896 παρὰ
2382 826 2481 897 τῆς
2502 826 2691 897 τρίτης
2720 827 2753 896 ή
2783 826 2903 879 καθ’
2932 827 3082 896 ἡμᾶς
3107 823 3247 893 αὐτη
3273 822 3549 894 ἰεραρχία,
3591 823 3664 891 ἦν

2069 918 2167 970 οὐκ
2203 917 2548 989 ἀνθρωπίνην
2582 920 2727 989 φημὶ
2757 916 2898 987 (θεία
2920 916 3030 986 γὰρ
3063 917 3157 969 καὶ
3188 915 3349 985 αῦτη,
3378 915 3471 967 καὶ
3504 914 3667 975 θείας

2068 1009 2360 1080 ἐλλάμψεις
2383 1009 2595 1079 δέχεται
2616 1010 2653 1080 ·)
2687 1009 2823 1063 ἀλλὰ
2850 1009 2951 1080 τὴν
2974 1008 3099 1062 καθ’
3128 1009 3275 1078 ἡμᾶς
3300 1009 3426 1069 τοὺς
3454 1003 3667 1075 ἀνθρὼ-

2068 1118 2203 1165 πους
2236 1102 2633 1172 ἐνεργουμένην
2674 1104 2739 1171 τῇ
2771 1100 2864 1153 τοῦ
2898 1099 3034 1152 Θεοῦ
3068 1102 3270 1171 χάριτι,
3312 1100 3375 1151 Τί
3419 1097 3476 1151 δὲ
3506 1098 3667 1167 παρὰ

2067 1191 2168 1261 τῆς
2210 1189 2433 1260 πρώτης
2473 1191 2506 1259 ἡ
2540 1190 2787 1260 δευτέρα,
2819 1190 2911 1242 καὶ¹
2942 1189 3071 1259 παρ’
3106 1187 3275 1257 αὐτῆς
3297 1188 3331 1257 ἡ
3352 1186 3536 1257 τρίτη,
3567 1183 3668 1237 καὶ

2067 1284 2196 1354 παρ’
2234 1284 2451 1355 ἐκείνης
2480 1285 2513 1354 ἡ
2547 1284 2665 1337 καθ’
2695 1284 2841 1353 ἡμᾶς
2871 1264 3174 1353 λαμϐάνεις
3211 1281 3437 1342 Πάντως
3472 1279 3669 1349 ίεραρ-

2066 1375 2262 1443 χεῖται.
2284 1372 2365 1425 Τὰ
2391 1374 2447 1426 δέ
2478 1374 2577 1443 τῆς
2608 1373 2884 1444 ἱεραρχίας
2913 1372 3073 1437 καλὰ,
3106 1372 3205 1441 τὴν
3238 1370 3532 1441 κάθαρσιν,
3568 1369 3667 1421 τὸν

2066 1466 2367 1535 φωτισμὸν,
2390 1466 2489 1536 τὴν
2528 1464 2826 1537 τελείωσιν,
2854 1465 3057 1536 ἑκάστη
3091 1462 3241 1537 παρὰ
3263 1462 3399 1515 Θεοῦ
3430 1463 3522 1517 διὰ
3550 1462 3669 1516 τῶν

2065 1556 2170 1627 πρὸ
2198 1556 2403 1627 ταύτης
2436 1554 2718 1625 λαμϐάνει.
2748 1556 2822 1609 Τὸ
2852 1556 2982 1624 γοῦν
3016 1555 3165 1627 παρὰ
3192 1555 3291 1626 τῆς
3328 1553 3559 1626 πρώτης
3589 1556 3671 1607 ἱε-

2068 1648 2382 1720 ραρχεῖσθαι
2413 1648 2511 1719 τὴν
2530 1647 2804 1719 δευτέραν,
2830 1647 3123 1716 ἀνάγεσθαι
3151 1642 3303 1700 εἶπεν
3333 1646 3672 1717 ίεραρχικῶς

398 1736 718 1794 bierarchiae
741 1741 1129 1809 expiationem,
1160 1744 1633 1810 illuminationem,
1671 1746 1964 1815 perfectio-

2074 1741 2200 1813 πρὸς
2232 1741 2399 1811 αὐτὴν
2432 1740 2529 1811 τὴν
2564 1741 2897 1811 ὐπεράρχιον
2924 1740 3118 1811 ἀρχὴν,
3155 1740 3250 1792 καὶ
3281 1740 3467 1808 πάσης
3493 1738 3667 1790 εὐκο-

398 1846 545 1895 nem,
568 1831 821 1899 quaelibet
850 1848 878 1887 a
909 1833 1016 1888 Deo
1036 1848 1132 1902 per
1158 1835 1388 1904 primam
1414 1837 1634 1905 accipit.
1660 1837 1964 1893 Secundam

399 1921 581 1988 itaque
610 1937 637 1973 a
671 1922 845 1985 prima
881 1923 933 1975 in
969 1924 1143 1979 sacris
1167 1925 1297 1994 regi,
1324 1934 1482 1981 vocat
1509 1926 1849 1983 hierarchice
1872 1931 1966 1983 ad-

397 2011 519 2065 duci
558 2012 625 2065 ad
657 2014 1126 2085 superprincipale
1172 2018 1521 2087 principium,
1576 2030 1740 2089 atque
1786 2020 1965 2075 omnis

401 2113 563 2158 rectae
628 2106 989 2162 ordinationis
1038 2110 1561 2164 consummationem
1632 2125 1648 2164 :
1714 2111 1958 2165 divinum

398 2196 542 2248 enim
566 2194 772 2251 Numen
805 2198 943 2252 bona
976 2210 1169 2255 cuncta
1202 2201 1474 2266 terminat,
1501 2216 1563 2256 ac
1590 2202 1797 2265 deliuit,
1821 2203 1955 2271 quia

401 2285 536 2341 nihil
566 2298 719 2342 extra
750 2289 927 2358 ipsum
957 2291 1084 2345 boni
1110 2300 1213 2355 est,
1246 2291 1330 2346 vel
1357 2292 1578 2359 dicitur,
1608 2295 1691 2349 vel
1722 2310 1959 2363 unquam

401 2379 693 2450 cogitatur.
734 2381 821 2436 Fit
854 2391 1034 2436 autem
1064 2384 1165 2439 hoc
1188 2384 1344 2453 juxta
1391 2387 1527 2440 bene
1552 2386 1788 2441 ordinati
1816 2386 1958 2443 orti-

401 2471 485 2524 nis
511 2470 851 2540 principatus
882 2475 1219 2529 sanctionem
1245 2491 1261 2529 :
1292 2476 1418 2545 quia
1444 2475 1567 2531 licet
1599 2478 1667 2533 ab
1694 2478 1779 2532 his
1803 2477 1970 2532 addu-

401 2570 612 2629 cantur,
646 2575 883 2619 attamen
912 2567 978 2620 ab
1009 2568 1128 2635 ipso
1166 2567 1396 2623 Numine
1427 2570 1701 2638 accipiunt
1732 2570 1970 2625 illustra-

404 2654 601 2720 tiones,
633 2657 774 2725 quod
806 2666 890 2711 est
922 2659 1246 2727 principium
1277 2670 1331 2713 et
1351 2676 1515 2715 causa
1539 2662 1715 2717 omnis
1735 2663 1968 2729 ordinis,

402 2762 509 2799 non
544 2756 753 2802 tantum
796 2750 983 2818 primi,
1030 2755 1127 2806 sed
1183 2762 1238 2806 et
1275 2756 1522 2817 secundi,
1554 2765 1609 2810 et
1636 2756 1803 2822 tertii,
1846 2762 1902 2809 et
1924 2755 1971 2811 si

401 2838 521 2904 quis
552 2838 620 2892 sit
654 2839 809 2893 alius.
843 2838 951 2894 Ista
981 2842 1127 2895 enim
1156 2842 1235 2896 lex
1271 2852 1375 2908 est,
1419 2853 1477 2896 ut
1525 2845 1597 2897 ita
1637 2847 1760 2911 quis
1800 2846 1971 2911 dicat,

2071 1831 2235 1901 σμίας
2269 1831 2576 1901 περάτωσιν
2596 1847 2608 1859 ·
2648 1831 2823 1883 πάντα
2857 1829 2965 1902 γάρ
2996 1830 3068 1883 τὰ
3090 1830 3268 1897 ἀγαθὰ
3301 1831 3536 1899 περατοῖ
3570 1830 3671 1881 καὶ

2068 1923 2239 1993 ὁρίζει
2271 1923 2332 1976 τὸ
2357 1922 2531 1987 Θεῖον,
2557 1924 2638 1976 ὅτι
2661 1921 2815 1975 οὐδὲν
2842 1922 3043 1990 ἀγαθὸν
3076 1921 3272 1988 ἔξωθεν
3297 1921 3457 1975 τοῦτὸ
3483 1922 3668 1983 ἐστιν,

2068 2015 2101 2085 ἢ
2136 2015 2371 2083 λέγεται,
2406 2015 2519 2068 οὐδ’·
2542 2014 2609 2068 ἂν
2642 2014 2916 2085 ἐννοηθείη
2954 2013 3103 2067 ποτέ.
3141 2014 3353 2065 Γίνεται
3389 2013 3447 2064 δὲ
3478 2011 3669 2074 τοῦτο,

2067 2106 2207 2160 κατὰ
2237 2106 2328 2160 τὸν
2351 2107 2510 2160 αὐτὸν
2535 2106 2733 2177 θεσμὸν
2765 2106 2867 2175 τῆς
2892 2106 3169 2176 εὐκόσμου
3194 2104 3541 2175 ταξιαρχίας·
3580 2105 3671 2156 ὃτι

2068 2199 2117 2251 εί
2145 2200 2235 2253 καὶ
2267 2197 2354 2251 διὰ
2378 2196 2582 2250 τούτων
2604 2196 2912 2265 ἀνάγονται,
2940 2195 3078 2249 ἀλλὰ
3103 2195 3255 2267 παρὰ
3282 2194 3376 2247 τοῦ
3399 2195 3563 2247 Θείου
3586 2194 3673 2246 δέ·

2069 2308 2252 2360 χονται
2283 2289 2384 2353 τὰς
2418 2289 2731 2361 ἐλλάμψεις,
2765 2286 2865 2356 τῆς
2899 2287 3074 2358 ἀρχῆς
3124 2289 3217 2341 καὶ
3260 2288 3440 2350 αἰτίας
3480 2288 3673 2355 πάσης

2068 2384 2295 2449 τάξεως,
2335 2384 2410 2455 μὴ
2447 2384 2607 2455 μόνον
2639 2382 2740 2452 τῆς
2772 2380 2995 2453 πρώτης
3022 2421 3037 2445 ,
3073 2379 3207 2435 ἀλλὰ
3240 2379 3457 2449 καὶτῆς
3482 2378 3674 2432 δευτέ-

2075 2493 2196 2547 ρας,
2222 2476 2316 2528 καὶ
2348 2474 2449 2545 τῆς
2481 2474 2690 2545 τρίτης,
2726 2476 2816 2526 καὶ
2842 2473 3000 2535 εἴτις
3026 2471 3159 2542 άλλη
3194 2471 3322 2527 ἐστί.
3349 2468 3521 2522 Τοῦτο
3554 2469 3673 2540 γάρ

2072 2570 2189 2621 ἐστι
2223 2568 2407 2637 νόμος,
2454 2566 2529 2628 ὡς
2562 2565 2626 2618 ἄν
2658 2582 2743 2628 τις
2775 2563 2938 2627 εἴποι,
2971 2561 3066 2615 τοῦ
3103 2560 3479 2631 παραγωγέως
3527 2559 3674 2628 ἀμε-

2070 2657 2293 2719 τάθετός
2324 2673 2384 2708 τε
2409 2655 2500 2707 καὶ
2524 2654 2814 2724 εὐκοσμος,
2850 2654 2909 2707 τὸ
2939 2653 3008 2707 τὰ
3040 2654 3343 2723 πράγματα
3377 2650 3674 2721 συντηρεῖν

2072 2767 2133 2803 τε
2168 2750 2259 2802 καὶ
2290 2746 2533 2801 τελειοῦν
2575 2746 2666 2815 ἀφ’
2720 2745 2935 2809 ἑαυτοῦ,
2970 2746 3018 2797 εί
3050 2745 3143 2797 καί
3174 2744 3265 2799 διά
3299 2759 3461 2797 τινων
3488 2740 3673 2795 ἄλλων

2072 2849 2135 2904 τὸ
2164 2848 2403 2903 τοιοῦτον
2429 2848 2519 2902 ἐπί
2545 2863 2653 2901 τισι
2683 2846 2918 2915 γίνεται.

402 2932 744 2987 adductionis
784 2933 1137 2988 immutabilis
1191 2944 1247 2990 et
1294 2936 1430 2991 bene
1483 2936 1753 3007 ordinata,
1805 2948 1866 2993 ut
1899 2940 1967 2995 ab
2002 2940 2122 3012 ipsa
2162 2957 2251 2998 res
2273 2953 2670 2998 conserventur
2715 2956 2781 2997 ac
2810 2938 3184 3009 perﬁciantur,
3212 2938 3318 2993 etsi
3373 2951 3474 3007 per
3527 2933 3676 2989 alias

401 3026 662 3093 quasdam
697 3025 747 3079 id
778 3026 832 3080 in
860 3027 991 3097 ipsis
1017 3027 1131 3081 liat.

476 3119 504 3194 §
537 3118 601 3174 ll.
644 3120 1062 3176 Manifestatorii
1086 3131 1266 3178 autem
1291 3132 1418 3179 sunt
1444 3139 1657 3187 omnes,
1684 3124 1848 3178 etiam
1874 3122 1972 3191 ipsi

2154 3119 2183 3192 ᾗ
2217 3118 2283 3173 ll.
2336 3118 2749 3189 Ἑκιραντορικο)¹
2791 3116 2849 3169 δὲ
2895 3115 3097 3178 πάντες
3142 3115 3253 3168 εἰσὶ
3296 3116 3392 3168 καὶ
3438 3115 3675 3169 αὐτοὶοῑ

404 3210 605 3281 angeli,
633 3213 744 3267 sive
775 3213 910 3267 ordo
942 3224 1284 3284 postremus;
1310 3216 1709 3285 progrediendo
1734 3216 1878 3269 enim
1906 3218 1975 3270 de

401 3303 540 3374 ipsis
572 3305 783 3375 angelis
826 3306 957 3360 solis
999 3306 1259 3375 loquitur,
1308 3308 1468 3361 modo
1506 3315 1686 3361 autem
1713 3308 1879 3361 etiam
1906 3306 1975 3362 de

406 3397 580 3452 tribus
608 3396 917 3453 ordinibus.
942 3396 1272 3469 luterpretes
1303 3399 1486 3469 itaque
1516 3408 1643 3453 sunt
1668 3413 1856 3453 eorum
1881 3401 1974 3468 qui

403 3490 757 3556 praecedunt;
791 3489 1148 3545 manifestam
1178 3490 1319 3545 enim
1344 3506 1441 3559 per
1468 3490 1604 3545 alios
1642 3490 1973 3545 voluntatem

407 3582 523 3647 Dei,
559 3596 679 3651 quae
707 3582 838 3650 ipsis
868 3598 898 3634 a
925 3582 1197 3651 prioribus
1230 3593 1348 3635 erat
1377 3582 1748 3650 manifesmta,
1804 3592 1860 3636 et
1892 3584 1975 3637 bis

406 3675 601 3729 iterum
628 3689 723 3742 per
744 3674 899 3728 alios.
929 3672 1008 3728 Ac
1046 3674 1207 3743 primi
1249 3674 1465 3742 quidem
1495 3674 1814 3729 intermmtii
1846 3683 1977 3729 sunt

406 3763 636 3817 motoris
663 3763 743 3816 sui
780 3763 907 3826 Dei;
950 3773 1238 3831 sequentes
1272 3763 1383 3832 99
1428 3778 1554 3817 vero
1607 3779 1743 3831 quos
1770 3776 1823 3817 et
1848 3766 1975 3819 reli-

403 3867 541 3923 quos
570 3864 724 3908 vocat
751 3854 987 3924 (scilicet
1014 3856 1145 3909 ordo
1170 3857 1461 3924 secundus)
1497 3856 1825 3925 interpretes
1852 3867 1980 3913 sunt

407 3962 596 4000 eorum
632 3947 721 4014 qui
748 3962 813 4000 ex
845 3946 956 4000 Deo
986 3948 1116 4000 moti
1147 3958 1294 4001 sunt.
1323 3948 1498 4002 Habes
1535 3949 1721 4018 itaque
1755 3958 1862 4003 tres
1890 3966 1979 4002 or-

406 4040 563 4092 dines
589 4036 891 4091 ccclestium
933 4037 1215 4090 virtutum.
1250 4036 1480 4091 Tantum
1507 4049 1686 4093 autem
1714 4054 1858 4094 cura:
1879 4041 1980 4093 fuit

408 4132 549 4184 bono
583 4130 715 4192 Deo,
746 4129 1209 4199 superessentiali,
1254 4130 1498 4198 inquam,
1527 4131 1880 4185 concinnitati
1925 4140 1980 4185 et

406 4220 584 4274 ordini
617 4220 915 4291 {principes
945 4220 1088 4274 enim
1111 4235 1241 4275 suos
1265 4219 1657 4275 Lacedaemonii
1688 4224 1981 4277 concinua-

407 4319 553 4364 tores
584 4308 946 4379 appellabant,
982 4316 1239 4376 tanquam
1289 4308 1555 4376 quidlibet
1590 4309 1980 4362 concinuantes

408 4418 473 4456 ac
517 4401 860 4470 ordinantes)
914 4401 1290 4455 universorum
1337 4400 1520 4469 itaque
1562 4401 1695 4467 Deo,
1720 4401 1835 4469 (qui
1868 4416 1977 4453 non

2074 3220 2313 3289 ἄγγελοι,
2340 3222 2505 3291 ἧγουν
2529 3220 2561 3289 ἡ
2585 3218 2791 3288 ἐσχάτη
2810 3215 2981 3280 τάξις*
3008 3213 3363 3285 παρακατιὼν
3386 3214 3497 3285 γὰρ
3521 3215 3677 3281 λέγει

2074 3312 2201 3382 περὶ
2233 3312 2413 3365 αὐτῶν
2451 3310 2624 3380 μόνων
2656 3307 2765 3362 τῶν
2810 3306 3079 3375 ἀγγέλων,
3130 3304 3227 3358 νῦν
3274 3304 3331 3356 δὲ
3385 3306 3520 3375 περὶ
3559 3305 3676 3358 τῶν

2075 3401 2247 3473 τριῶν
2282 3418 2414 3471 φησι
2446 3400 2670 3464 τάξεων,
2714 3397 3127 3468 Ἐκφαντορικοὶ
3147 3395 3279 3463 γοῦν
3303 3394 3412 3450 τῶν
3444 3396 3554 3466 πρὸ
3578 3398 3680 3449 αὐ-

2073 3493 2181 3546 τῶν
2200 3511 2212 3522 ·
2250 3492 2563 3561 ἐκφαίνουσι
2587 3490 2696 3562 γάρ
2718 3490 2780 3543 τὸ
2810 3489 2899 3543 διά
2930 3488 3038 3541 τῶν
3062 3489 3168 3559 πρὸ
3198 3487 3405 3541 τούτων
3429 3488 3674 3556 ἐκφανὲν

2078 3586 2241 3640 πάλιν
2274 3584 2502 3647 ἐκείνοις
2534 3584 2598 3636 δι’
2625 3584 2821 3648 ἄλλων,
2857 3585 2949 3636 καὶ
2973 3582 3184 3643 τούτοις
3210 3580 3277 3633 δι’
3311 3578 3512 3643 ἄλλων,
3545 3579 3677 3649 βού-

2076 3675 2224 3747 λημα
2251 3675 2344 3728 τοῦ
2378 3675 2534 3728 Θεοῦ.
2566 3674 2677 3728 Καὶ
2710 3676 2757 3727 οἱ
2795 3674 2893 3743 μὲν
2918 3673 3126 3744 πρῶτοι
3158 3673 3225 3742 τῇ
3258 3669 3431 3734 τάξει,
3469 3672 3679 3739 ἐκφαν-

2076 3769 2284 3838 τορικοὶ
2321 3767 2415 3819 τοῦ
2467 3765 2743 3827 κινοῦντος
2774 3765 3003 3828 τούτους
3034 3762 3200 3816 Θεοῦ·
3237 3764 3287 3815 οἱ
3318 3761 3376 3814 δέ
3417 3763 3535 3832 μετ’
3572 3762 3679 3814 αὐ-

2077 3857 2222 3919 τοὺς,
2252 3856 2343 3918 οὒς
2368 3856 2514 3924 λέγει
2552 3857 2645 3909 καὶ
2682 3856 2904 3918 λοιποὺς
2942 3854 3144 3925 (ἦγουν
3164 3855 3197 3923 ἡ
3222 3852 3454 3922 δευτέρα
3484 3851 3679 3921 τάξις)

2077 3948 2280 4001 τούτων
2323 3948 2386 4019 δὴ
2431 3946 2538 4001 τῶν
2572 3948 2637 3999 ἐκ
2670 3946 2804 3999 Θεοῦ
2845 3946 3218 4017 κεκινημένων
3264 3944 3677 4013 ἐκφαντορικοί.

2083 4040 2265 4109 Ἔχεις
2296 4036 2582 4108 τοιγαροῦν
2620 4036 2719 4099 τὰς
2752 4039 2901 4106 τρεῖς
2924 4033 3105 4100 τάξεις
3137 4035 3247 4088 τῶν
3272 4034 3542 4106 οὐρανίων
3580 4035 3678 4088 δυ-

2079 4133 2315 4201 νάμεων.
2349 4127 2614 4183 Τοσοῦτον
2660 4126 2717 4178 δὲ
2764 4124 3001 4196 ἐμέλησε
3047 4123 3128 4194 τῷ
3175 4123 3367 4194 ἀγαθῷ
3412 4122 3556 4192 Θεῷ,
3609 4126 3680 4194 τῇ

2081 4220 2388 4293 ὐπερουσίῳ
2418 4219 2561 4287 λέγω
2591 4216 2823 4289 ἁρμονίᾳ
2857 4218 2950 4269 καὶ
2981 4215 3131 4281 τάξει
3168 4215 3484 4288 (ἁρμοστὰς
3523 4214 3638 4286 γὰρ
3659 4254 3676 4277 ,

2079 4310 2205 4371 τοὺς
2238 4308 2501 4377 ἄρχοντας
2532 4307 2581 4358 οἱ
2608 4304 3021 4374 Λακεδαιμόνιοι
3056 4303 3260 4372 ἔλεγον,
3294 4304 3370 4366 ὡς
3404 4302 3682 4375 ἁρμόζον-

2081 4416 2179 4461 τας
2228 4401 2320 4451 καὶ
2364 4399 2655 4458 τάττοντας
2702 4394 2972 4465 ἐκαστον)·
3028 4394 3106 4464 τῷ
3153 4393 3286 4461 γοῦν
3326 4394 3421 4446 ἐπὶ
3458 4394 3682 4448 πάντων

409 4494 634 4561 simplex
665 4493 1021 4548 concinnator
1050 4503 1157 4556 est,
1212 4494 1307 4547 sed
1356 4493 1588 4560 ipsamet
1633 4492 1972 4546 concinnitas

2082 4489 2219 4559 Θεῷ,
2271 4488 2372 4559 (τῷ
2420 4488 2494 4559 μὴ
2540 4486 2727 4549 ἁπλῶς
2770 4489 3039 4558 ἁρμοστῇ,
3084 4485 3222 4538 ἀλλὰ
3264 4488 3332 4555 τῇ
3368 4486 3683 4557 ὑπερουσίῳ

407 4584 904 4655 superessentialis)
963 4596 1110 4639 tanta
1167 4600 1299 4639 cura
1344 4584 1445 4637 fuit
1477 4583 1763 4653 cujuslibet
1804 4596 1977 4636 sacra:

408 4678 712 4732 ctelestium
743 4676 1123 4741 ordinationis,
1173 4684 1230 4728 ut
1286 4674 1607 4728 etordiuem
1642 4672 1877 4726 habeant
1922 4682 1979 4725 et

412 4768 811 4828 adductionem,
838 4777 897 4820 ut
916 4782 1009 4835 per
1039 4766 1249 4834 priores
1273 4765 1599 4834 posteriores
1618 4765 1975 4817 adducantur:

411 4859 671 4930 quoniam
707 4859 998 4926 unicuique
1022 4858 1339 4911 hierarcbiae
1393 4869 1502 4910 tres
1546 4870 1730 4910 sacros
1761 4855 1979 4908 ordines

413 4951 720 5006 constituit.
755 4948 928 5003 Habet
955 4949 1099 5002 enim
1130 4950 1300 5017 prima
1338 4948 1583 5009 thronos,
1617 4945 1899 5000 cherubim
1927 4952 1981 4998 et

411 5042 711 5111 serapbim,
744 5050 800 5094 et
835 5048 1128 5107 sequentes
1158 5038 1274 5091 alia:
1318 5038 1569 5092 similiter
1602 5037 1894 5097 exsistunt,
1924 5041 1982 5085 et

414 5133 827 5201 distinguuntur
884 5129 936 5180 in
987 5130 1191 5197 primas
1238 5138 1291 5182 et
1336 5128 1543 5181 medias
1587 5136 1645 5179 et
1682 5134 1987 5195 postremas

412 5219 660 5271 virtutes.
685 5217 765 5269 Ad
790 5218 903 5269 haec
926 5216 1231 5279 considera,
1261 5216 1601 5269 minutiorem
1623 5231 1743 5268 esse
1770 5214 1983 5267 illarum

414 5310 901 5369 distributionem;
971 5307 1227 5371 quoniam
1282 5306 1476 5357 iterum
1545 5319 1983 5373 unamquamque

414 5400 766 5467 peculiariter
811 5397 1223 5464 dispositionem
1274 5394 1495 5448 abusive
1544 5395 1981 5447 distributionem

414 5490 739 5558 appellavit;
769 5489 884 5540 sive
915 5500 1358 5553 unumquemque
1407 5486 1652 5538 ordinem
1698 5483 1983 5551 cujuslibet

418 5584 543 5635 trini
576 5583 786 5637 ordinis
832 5581 1021 5633 iisdem
1065 5579 1431 5646 congruentiis
1454 5576 1843 5643 ordinibusque
1875 5576 1985 5629 dis-

418 5673 595 5726 tinxit
649 5671 762 5727 Hoc
808 5681 988 5725 autem
1036 5679 1258 5741 sanctus
1300 5669 1514 5733 asserit,
1558 5668 1979 5722 demonstratio-

2082 4578 2440 4649 αὐθαρμονίᾳ)
2502 4576 2755 4629 τοσοῦτον
2809 4577 3043 4647 ἐμέλησε
3087 4576 3188 4646 τῆς
3242 4576 3395 4646 ἱερᾶς
3443 4578 3680 4630 ἑκάστου

2080 4671 2190 4724 τῶν
2231 4670 2492 4741 οὐρανίων
2526 4668 2837 4737 εὐκοσμίας,
2871 4666 3051 4728 καθὼς
3086 4666 3273 4735 έχουσι
3306 4665 3540 4729 τάξεως,
3588 4666 3684 4719 καὶ

2082 4758 2387 4827 ἀναγωγῆς,
2433 4756 2611 4819 καθὼς
2657 4755 2945 4821 ἀνάγονται
2991 4753 3081 4806 διὰ
3120 4754 3231 4806 τῶν
3280 4756 3574 4825 προτέρων
3615 4754 3685 4807 τά

2086 4848 2313 4919 ῦστερα’
2344 4850 2427 4901 ὅτι
2462 4848 2555 4900 καὶ
2591 4849 2689 4918 μιᾷ
2711 4848 2912 4916 ἑκάστῃ
2951 4846 3205 4918 ἱεραρχίᾳ
3239 4849 3389 4917 τρεῖς
3416 4844 3573 4916 ἱερὰς
3596 4846 3684 4900 τά-

2085 4939 2194 5005 ξεις
2234 4939 2403 4991 ἔθετο.
2444 4941 2595 5008 Ἔχει
2643 4937 2750 5008 γάρ
2784 4940 2817 5007 ἡ
2852 4937 3041 5008 πρώτη
3096 4938 3341 5009 θρόνους,
3389 4939 3680 5009 χερουϐιμ,

2081 5034 2173 5085 καὶ
2208 5033 2479 5103 σεραφίμ’
2525 5031 2617 5083 καὶ⁸
2658 5031 2892 5100 καθεξῆς
2938 5032 2993 5083 αἱ
3031 5029 3186 5083 ἄλλαι
3220 5029 3395 5091 οὕτως
3421 5031 3553 5093 εἰσὶ,
3591 5032 3684 5084 καὶ

2083 5122 2410 5194 διαιροῦνται
2457 5124 2537 5185 εἰς
2587 5123 2809 5194 πρώτας
2859 5125 2954 5177 καὶ
3004 5124 3177 5193 μέσας
3222 5124 3317 5176 καὶ
3361 5124 3683 5187 τελευταίας

2085 5214 2357 5284 δυνάμεις.
2398 5214 2507 5266 Kal.
2529 5214 2607 5265 ἔτι
2640 5214 2747 5266 νόει
2779 5214 3107 5283 λεπτοτέραν
3126 5214 3225 5284 τὴν
3246 5213 3551 5283 εὐκοσμίαν
3588 5215 3684 5266 αὐ-

2086 5305 2215 5369 τῶν,
2251 5307 2332 5357 ὅτι
2378 5305 2537 5359 πάλιν
2597 5306 2722 5375 μίαν
2770 5307 3007 5377 ἑκάστην
3055 5305 3240 5369 ίδικῶς
3289 5306 3683 5375 διακόσμησιν,

2087 5398 2533 5467 καταχρηστικῶς
2554 5392 2674 5448 εἷπε
2695 5396 2756 5448 τὸ
2778 5397 3158 5467 διακόσμησιν,
3185 5398 3351 5467 ῆγουν
3368 5396 3426 5448 ἓν
3448 5398 3681 5449 ἕκαστον

2086 5490 2270 5559 τάγμα
2296 5489 2394 5558 τῆς
2421 5492 2547 5559 μιᾶς
2570 5489 2848 5563 τριαδικῆς
2870 5487 3094 5554 τάξεως,
3131 5491 3253 5550 ταῖς
3284 5489 3479 5551 αὐταῖς
3500 5486 3686 5557 διεχώ-

2091 5596 2240 5647 ρισεν
2268 5580 2553 5649 ἁρμονίαις
2579 5581 2671 5632 καὶ
2702 5576 3043 5649 εὐκοσμίαις.
3074 5579 3247 5632 Τοῦτο
3280 5579 3337 5631 δὲ
3371 5578 3521 5647 λέγει
3555 5582 3585 5632 ὁ
3620 5578 3682 5630 ἆ-

2034 5695 2039 5701 ~
2087 5685 2222 5735 γιος.
2268 5670 2554 5740 λαμϐανων
2604 5673 2699 5741 τὴν
2740 5669 3013 5736 ἀπόδειξιν
3053 5672 3118 5723 ἐκ
3157 5672 3257 5741 τῆς
3303 5670 3398 5723 τοῦ
3455 5671 3680 5725 Ἰἰσαῖου
