3908 6232
256 286 361 340 εει

778 289 867 346 DE
901 291 1228 349 COELESTI
1262 293 1713 359 HIERARCHIA,
1747 296 1904 353 CAP.
1943 297 2009 354 Χ.
2045 328 2117 338 ο-
2149 297 2499 357 PARAPHR.
2537 301 3015 360 PACHYMERrE.

3427 309 3534 363 282

260 401 633 472 προφητείας·
663 404 714 458 οἱ
754 404 863 477 γὰρ
895 406 1161 462 θειότατοι
1201 411 1446 482 σεραφὶμ
1493 411 1680 483 ἕτερος
1721 413 1851 484 πρὸς

1960 429 2082 467 nem
2112 416 2410 470 mutuando
2438 431 2502 470 ex
2532 418 2814 486 prophetia
2837 417 2990 472 Isaia:
3014 435 3026 482 ;
3051 421 3308 489 quoniam
3343 423 3416 477 ibi
3449 425 3534 478 di-

254 493 350 544 τὺν
399 496 589 565 ἕτερον
622 499 817 568 κράζει
849 501 950 572 τὴν
979 501 1400 557 ἀκατάπαυστον
1446 506 1660 575 ἐκείνην
1693 507 1851 577 ὕμνο-

254 585 468 655 λογίαν,
502 590 793 660 δηλοῦντος
825 595 1075 654 ἐντεῦθεν
1105 598 1200 652 τοῦ
1231 599 1411 667 λόγου,
1437 600 1520 653 ὅτι
1550 601 1646 652 καὶ⁹
1669 601 1849 654 αὐτῶν

254 679 370 733 τῶν
418 679 748 750 θεολογικῶν
801 687 1052 755 γνώσεων
1085 693 1135 744 oi
1167 692 1375 764 πρῶτοι
1415 696 1528 756 τοῖς
1576 693 1852 766 δευτέροις

260 777 626 844 μεταδιδόασι.
681 781 1007 857 Θεολογικὴν
1059 785 1123 857 δὴ
1174 786 1375 854 γνῶσιν
1421 787 1512 840 τὸν
1565 789 1851 858 τρισάγιον

258 866 432 940 ὕμνον
465 870 614 940 λέγει
634 890 649 903 ο
687 876 779 928 καὶ
802 874 911 948 γὰρ
930 877 1030 940 τὰς
1043 881 1192 949 τρεῖς
1212 879 1372 947 ἁγίας
1387 879 1745 942 ’Υποστάσεις
1771 881 1852 942 εἰς

260 961 394 1029 μίαν
428 965 730 1037 κυριότητα
756 967 850 1020 καὶ
865 969 1106 1040 Θεὸτητα
1127 969 1432 1034 συνιούσας,
1455 972 1695 1024 κάκεῖνοι
1718 970 1743 1022 ἕ
1751 988 1854 1040 μα-

254 1051 374 1117 θον,
403 1055 500 1107 καὶ
522 1058 685 1127 ἡμεῖς
706 1057 774 1110 δι’
805 1057 1029 1113 ἐκείνων
1065 1059 1425 1132 μανθάνομεν.

331 1240 362 1311 ς
402 1241 490 1294 ΙΙΙ.
534 1244 656 1298 Ἔτι
706 1247 1028 1319 προστίθησι
1079 1249 1172 1304 καὶ
1207 1250 1538 1323 λεπτοτέραν
1577 1251 1853 1320 ἀπόδειξιν

255 1332 362 1401 τῆς
394 1333 663 1388 εὐτάκτου
696 1337 790 1391 ἐπὶ
821 1340 958 1392 πᾶσι
990 1343 1394 1408 καταστάσεως,
1422 1342 1515 1396 καί
1541 1361 1726 1413 φησιν,
1763 1345 1849 1397 ὅτι

258 1426 354 1477 καὶ
396 1425 520 1479 καθ’
549 1428 717 1481 αὐτὸν
750 1430 982 1495 ἕκαστος
1009 1434 1262 1504 οὐράνιός
1291 1452 1353 1488 τε
1386 1437 1479 1488 καὶ
1514 1435 1855 1506 ἀνθρώπινος

255 1515 384 1579 νοῦς
407 1517 587 1581 ίδικὰς
609 1519 736 1590 ἔχει*
751 1522 971 1593 πρώτας
1003 1526 1094 1577 καὶ
1123 1525 1291 1596 μέσας
1317 1526 1412 1578 καὶ
1438 1525 1752 1590 τελευταίας
1773 1528 1856 1580 δυ-

254 1607 458 1678 νάμεις
485 1611 624 1682 πρὸς
656 1611 756 1676 τὰς
781 1615 1076 1686 εἰρημένας
1109 1617 1398 1684 ἁναγωγὰς
1425 1618 1518 1670 καὶ
1541 1619 1850 1687 ἐκφάνσεις·

257 1699 370 1753 νόει
400 1703 462 1756 δὲ
494 1703 596 1774 τὴν
628 1705 912 1776 κάθαρσιν,
961 1706 1052 1760 τὸν
1085 1707 1385 1778 φωτισμὸν,
1419 1708 1520 1779 τὴν
1542 1709 1849 1762 τελείωσινο

252 1793 401 1846 οὕτω
446 1794 559 1867 γὰρ
603 1797 696 1849 καὶ
745 1797 1021 1866 ἀναλόγως
1057 1801 1114 1852 αί
1155 1798 1452 1870 ὲλλάμψεις
1496 1801 1861 1869 ὲκφαίνονται,

255 1887 378 1941 καθ’
411 1889 484 1950 ἃς
515 1890 745 1953 ἕκαστος
783 1893 844 1943 έν
879 1891 1138 1962 μετουσίᾳ
1163 1893 1373 1960 γίνεται
1421 1893 1562 1946 κατὰ
1606 1895 1667 1947 τὸ
1699 1895 1846 1966 αὑτῷ

257 1982 485 2052 θεμιτὸν
509 1985 604 2036 καὶ
635 1983 876 2053 ἐφικτόν.
915 1985 1081 2037 Ὅσον
1117 1984 1227 2057 γὰρ
1261 1985 1450 2057 ἀνήκει
1489 1989 1555 2058 τῇ
1586 1986 1692 2057 ἰδίᾳ
1719 1987 1848 2040 ἑκά-

255 2091 383 2127 στου
410 2075 590 2141 τάξει,
616 2075 774 2129 τόσον
799 2076 894 2128 καὶ
927 2077 1226 2145 ἐφικνεῖται
1257 2077 1357 2148 τῆς
1381 2078 1718 2150 καθάρσεως,
1751 2077 1845 2132 τοῦ

254 2167 571 2235 φωτισμοῦ,
609 2168 702 2220 καὶ
732 2169 832 2238 τῆς
857 2166 1206 2233 τελειώσεως,
1241 2168 1404 2223 αὐτοῦ
1429 2171 1490 2242 δὴ
1516 2171 1609 2225 τοῦ
1643 2171 1845 2240 ἀγαθοῦ

253 2258 415 2312 Θεοῦ.
441 2259 668 2323 Τέωςδέ
693 2261 810 2312 ἐστι
833 2262 926 2313 καὶ
949 2263 982 2330 ἠ
1009 2260 1272 2332 κάθαρσις
1296 2262 1728 2336 ὑπεραγνοτάτη,
1755 2265 1848 2318 καὶ

252 2351 317 2404 τὸ
373 2351 495 2420 φῶς
533 2351 911 2424 ὑπερπλῆρες,
963 2353 1056 2405 καὶ
1111 2353 1424 2425 προτέλειος
1467 2357 1500 2427 ὴ
1550 2356 1844 2420 τελείωσις.

265 2444 423 2496 Ἐπεὶ
454 2443 512 2496 δὲ
556 2445 614 2496 αἱ
647 2443 853 2497 εὐθεῖαι
906 2443 1200 2514 ἐλλάμψεις
1243 2445 1476 2518 ἄπειροι,
1534 2447 1673 2501 κατὰ
1722 2449 1848 2520 μίαν

253 2535 499 2607 ἑκάστην
554 2536 820 2608 έλλαμψιν
871 2537 1100 2598 ἕκαστος
1148 2537 1399 2608 οὐράνιος
1450 2539 1578 2604 νοῦς
1632 2541 1849 2611 πρῶτον

254 2629 602 2700 καθαίρεται,
628 2627 748 2683 εἶτα
775 2635 1085 2700 φωτίζεται,
1115 2636 1304 2692 ἔπειτα
1322 2634 1648 2688 τελειοῦται.
1683 2632 1850 2687 Οὐδὲν

253 2722 368 2793 γὰρ
398 2723 648 2788 ἀπεικὸς,
673 2725 723 2777 εί
747 2726 776 2778 6
796 2726 938 2780 κατά
967 2745 1021 2780 τι
1046 2727 1269 2792 τέλειος,
1297 2728 1415 2781 κατ’
1449 2727 1575 2782 ἄλλο
1596 2727 1852 2798 καθαίρε-

253 2833 377 2869 ται·
414 2816 510 2868 καὶ
549 2817 598 2868 εἰ
635 2817 665 2869 6
701 2818 847 2870 κατά
871 2835 923 2871 τι
960 2821 1392 2892 πεφωτισμένος,
1429 2823 1548 2875 κατ’
1583 2821 1714 2876 αὐτὸ
1751 2821 1850 2892 μὲν

251 2908 583 2972 τελειοῦται,
620 2911 742 2962 κατ’
777 2910 904 2964 ἄλλο
935 2911 993 2964 δὲ
1027 2913 1189 2966 πάλιν
1213 2913 1508 2983 καθαρθεὶς
1531 2913 1841 2982 φωτίζεται·

250 2999 406 3051 οὐδὲν
432 2999 544 3070 γὰρ
580 2999 924 3071 αὐτοτελὲςῆ
958 3001 1258 3074 ἀπροσδεὲς
1289 3001 1640 3071 τελειότητος,
1691 3001 1740 3052 ει
1776 2998 1850 3072 μὴ

249 3094 314 3146 τὸ
347 3094 522 3157 ὅντως
551 3094 857 3158 αὐτοτελὲς,
892 3096 953 3148 τὸ
987 3094 1155 3158 ὅντως
1188 3094 1519 3167 προτέλειον.
1554 3093 1664 3147 Καὶ
1708 3092 1850 3146 οὕτω

255 3187 361 3257 μὲν
392 3189 421 3240 6
453 3187 706 3258 οὐράνιος
727 3186 853 3251 νοῦς
881 3187 1054 3251 ίδικὰς
1080 3187 1193 3258 ἔχει
1219 3188 1317 3251 τὰς
1349 3191 1500 3258 τρεῖς
1522 3186 1722 3249 ταύτας
1754 3186 1848 3238 τά-

252 3282 371 3346 ξεις
393 3295 455 3330 τε
483 3279 579 3331 καὶ
607 3278 884 3350 δυνάμεις.
920 3279 1045 3342 Πῶς
1070 3279 1128 3332 δὲ
1168 3278 1263 3332 καὶ
1294 3281 1322 3332 6
1354 3277 1689 3350 ἀνθρώπειος
1727 3275 1853 3341 νοῦς

250 3368 461 3432 ταύτας
493 3369 628 3440 ἔχει,
657 3369 795 3440 πλὴν
821 3370 915 3422 καὶ
948 3369 1108 3432 αὐτὸς
1142 3370 1223 3430 εἰς
1253 3368 1352 3440 τὴν
1377 3367 1518 3421 κατὰ
1540 3367 1673 3420 Θεὸν
1698 3368 1852 3438 κίνη-

252 3476 380 3524 σιν;
414 3459 538 3511 οὐδὲ
579 3456 690 3529 γὰρ
724 3459 855 3530 περὶ
890 3457 999 3511 τῶν
1036 3457 1321 3530 κοσμικῶν
1353 3460 1621 3530 κινήσεων
1646 3459 1674 3510 6
1697 3456 1853 3525 λόγος

253 3557 406 3610 ἐστὶν
437 3558 596 3626 ἡμῖν.
628 3555 769 3626 Ἤδη
789 3555 1039 3626 λέγομεν,
1058 3555 1166 3618 πᾶς
1191 3552 1314 3617 νοῦς
1341 3553 1454 3625 ἔχει
1487 3555 1694 3618 οὐσίαν,
1730 3553 1851 3607 καθ’

249 3648 321 3718 ἦν
347 3646 570 3719 πρῶτόν
597 3649 744 3699 ὲστιν
763 3661 777 3676 '
815 3641 935 3700 εἶτα
965 3646 1064 3699 καὶ
1096 3647 1351 3719 δύναμιν,
1377 3646 1498 3700 καθ’
1521 3647 1587 3717 ἢν
1611 3647 1848 3718 διαρκεῖο

249 3739 577 3794 τελευταίαν
614 3739 674 3794 δὲ
693 3738 997 3812 ἐνέργειαν,
1033 3739 1226 3811 καθ’ἥν
1269 3739 1341 3793 τὰ
1383 3741 1556 3794 οἰκεῖα
1597 3739 1853 3812 πράττων

252 3837 508 3888 εὐσεϐεῖ*
543 3833 717 3887 ταῦτα
742 3833 838 3886 καὶ
875 3834 934 3886 ἐν
967 3831 1046 3902 τῷ
1079 3831 1208 3902 ἑξῆς
1244 3830 1524 3902 κεφαλαίῳ
1546 3829 1850 3902 σαφηνίζει.

257 3927 476 3991 Ἄλλως
508 3943 570 3979 τε
596 3927 651 3980 δὲ
685 3926 876 3979 οὐδένα
898 3924 1007 3980 τῶν
1043 3925 1346 3996 ἀνθρώπων
1382 3924 1539 3994 ἴσμεν
1560 3923 1682 3977 οὔτε
1716 3940 1852 3993 προ-

251 4026 459 4097 φήτην,
487 4022 613 4075 οὔτε
634 4022 862 4086 δίκαιον,
902 4023 976 4094 μὴ
997 4020 1256 4092 δεηθέντα
1279 4020 1378 4090 τῆς
1409 4017 1616 4080 οἰκείας
1643 4016 1854 4088 προφά-

254 4132 396 4178 σεως
415 4115 498 4177 είς
519 4115 582 4167 τὸ
616 4113 914 4186 πλησιάσαι
948 4112 1088 4184 Θεῷ.
1119 4113 1260 4185 Ὅρα
1291 4111 1399 4181 γὰρ
1420 4111 1472 4163 τί
1497 4127 1662 4181 φησιν
1700 4111 1728 4161 6
1751 4109 1854 4172 ἕως

249 4206 445 4278 τρίτου
472 4206 707 4278 οὐρανοῦ
743 4205 988 4276 φθάσαςο
1036 4204 1374 4265 ’Υπωπιὰζω
1409 4221 1528 4273 μου
1564 4201 1628 4255 τὸ
1659 4201 1851 4269 σῶμα,

251 4302 356 4354 καί
408 4298 805 4370 δουλαγωγῶ,
833 4297 1048 4370 μήπως
1095 4298 1311 4364 ἄλλοις
1357 4295 1642 4364 κηρύξας,
1672 4292 1854 4360 αὐτὸς

251 4392 545 4460 ἀδόκιμος
579 4391 853 4461 γένωμαι.
889 4391 999 4444 Καὶ
1021 4389 1197 4444 ταῦτά
1226 4392 1363 4443 εἰσιν
1397 4392 1430 4461 ή
1476 4388 1672 4460 πρώτη
1701 4386 1856 4453 τάξις

1957 505 2224 561 vinissimi
2252 507 2530 576 seraphim
2561 509 2702 564 alter
2729 511 2795 562 ad
2824 510 3055 566 alterum
3089 512 3329 566 clamant
3351 515 3534 568 inces-

1952 598 2179 653 sabilem
2209 599 2354 653 illam
2378 601 2806 672 hymnologiam,
2845 602 3126 673 Scriptura
3155 604 3283 658 hinc
3313 603 3535 658 demon-

1953 702 2180 759 strante,
2237 694 2444 763 primos
2475 697 2833 764 sequentibus
2878 699 3213 765 theologicas
3250 699 3398 768 ipsas
3437 714 3535 752 no-

1953 785 2130 839 tiones
2158 787 2590 842 counnunicare.
2624 789 3011 860 Thenlogicam
3035 799 3213 844 autem
3246 790 3531 844 notionem

1951 887 2112 931 vdeat
2142 879 2401 948 hymnum
2428 878 2598 946 illum,
2629 881 2681 935 in
2709 896 2816 950 quo
2847 893 2930 936 ter
2957 881 3195 936 Sanctus
3219 881 3536 952 pronuntia-

1954 975 2042 1021 tur
2083 984 2097 1021 :
2148 969 2349 1024 etenim
2398 979 2508 1025 tres
2558 982 2778 1026 sanctas
2831 971 3160 1042 llypostases
3213 974 3268 1026 in
3315 972 3543 1026 unicam

1952 1059 2378 1114 dominationem
2407 1078 2471 1117 ac
2497 1063 2765 1119 Deitatem
2799 1073 3057 1120 coeuntes
3077 1065 3175 1138 ipsi
3197 1065 3528 1128 didicerunt,

1952 1160 2009 1205 et
2037 1167 2132 1206 nos
2157 1167 2255 1223 per
2283 1153 2401 1208 illos
2433 1155 2718 1210 discimus.

2027 1247 2053 1319 ς
2088 1247 2172 1301 Ill.
2207 1247 2286 1301 Ad
2305 1247 2420 1302 haec
2445 1249 2592 1302 addit
2619 1251 2785 1304 etiam
2815 1250 3154 1306 subtiliorem
3193 1251 3536 1306 demonstra-

1955 1340 2157 1394 tionem
2208 1341 2348 1395 bene
2393 1340 2660 1396 ordinata:
2704 1343 2757 1396 in
2805 1343 3059 1396 omnibus
3104 1343 3530 1409 constitutionis,

1955 1433 2161 1502 aitque,
2210 1432 2514 1502 quamlibet
2552 1448 2649 1504 per
2693 1447 2751 1488 se
2795 1435 3074 1489 ccelestem
3129 1449 3192 1489 ac
3241 1435 3531 1489 humanam

1955 1532 2192 1577 mentem
2245 1522 2550 1593 peculiares
2614 1522 2815 1579 habere
2867 1525 3073 1594 primas
3111 1535 3168 1578 et
3209 1524 3418 1578 medias
3469 1541 3533 1579 ac

1955 1623 2262 1682 postremas
2287 1615 2540 1682 virtutes,
2574 1615 2626 1669 in
2666 1617 2862 1670 ordine
2893 1618 2960 1669 ad
2988 1617 3162 1670 dictas
3183 1617 3534 1671 adductiones

1955 1714 2018 1753 ac
2043 1701 2514 1757 manifestatioues
2547 1721 2563 1757 :
2600 1704 2844 1775 intellige
2892 1706 3281 1773 expiationem,
3332 1706 3533 1760 illumi-

1894 1790 1936 1846 Β
1967 1796 2243 1848 nationem
2276 1808 2341 1848 ac
2369 1794 2794 1862 perfectionem;
2821 1796 2900 1850 sic
2931 1797 3076 1851 enim
3109 1797 3273 1851 etiam
3307 1809 3534 1865 pr0por-

1950 1887 2100 1941 tione
2123 1897 2386 1954 apparent
2413 1885 2834 1952 illustrationes,
2876 1889 3176 1942 secundum
3202 1903 3340 1956 quas
3369 1887 3533 1956 quili-

1949 1979 2061 2043 bet,
2085 1978 2264 2047 quoad
2299 1976 2374 2031 illi
2407 1976 2490 2031 fas
2518 1993 2582 2031 ac
2613 1978 2874 2047 possibile
2904 1989 3008 2042 est,
3036 1979 3305 2049 particeps
3332 1979 3390 2032 lit
3412 1980 3528 2034 Dei.

1949 2066 2224 2133 Quantum
2279 2067 2424 2120 enim
2475 2068 2700 2136 proprio
2757 2068 2954 2136 cuique
3011 2070 3190 2122 ordini
3244 2069 3530 2139 competit,

1951 2159 2288 2214 tantumdem
2314 2160 2482 2214 etiam
2511 2158 2581 2213 de
2615 2159 2895 2229 ipsiusmet
2921 2160 3047 2215 boui
3080 2161 3171 2214 Dei
3195 2161 3526 2229 expiatione,

1950 2253 2372 2316 illuminatione,
2419 2267 2483 2307 ac
2514 2253 2848 2322 perfectione
2873 2254 3247 2322 consequitur.
3295 2253 3391 2306 Est
3429 2255 3532 2306 ita-

1949 2360 2060 2414 que
2093 2344 2188 2399 Dei
2219 2360 2437 2414 quoque
2465 2345 2713 2414 expiatio
2748 2345 2865 2414 plus
2890 2363 3054 2418 quam
3084 2346 3395 2414 purissima,
3452 2345 3532 2397 lu-

1951 2452 2184 2508 meuque
2210 2453 2376 2507 supra
2407 2453 2571 2504 quam
2604 2439 2844 2508 plenum,
2876 2436 3256 2507 perfectioque
3296 2452 3531 2506 praepet-

1949 2532 2117 2588 fecta.
2142 2531 2275 2587 Cum
2303 2546 2484 2587 autem
2511 2541 2677 2586 recta:
2720 2532 3116 2587 illustrationes
3150 2530 3378 2584 inﬁnita:
3402 2530 3530 2597 sint,

1951 2626 2251 2682 secundum
2281 2626 2440 2695 100
2463 2639 2906 2695 unamquamque
2935 2623 3349 2677 illustrationem
3379 2637 3532 2695 qua:-

1951 2720 2084 2775 libet
2131 2735 2284 2774 meus
2313 2718 2553 2774 caelestis
2591 2719 2825 2787 primum
2861 2717 3134 2786 expiatur,
3178 2715 3370 2770 deinde
3409 2715 3534 2769 illii-

1951 2821 2181 2876 stratur,
2208 2825 2273 2865 ac
2301 2819 2488 2880 postea
2517 2807 2814 2879 perficitur.
2842 2805 2988 2860 Nihil
3013 2806 3157 2859 enim
3182 2803 3400 2860 absurdi
3427 2812 3528 2867 est,

1951 2903 1998 2959 si
2035 2903 2081 2956 is
2121 2901 2214 2972 qui
2257 2900 2558 2956 secundum
2607 2897 2736 2970 quid
2777 2897 3053 2968 perfectus
3093 2905 3196 2960 est,
3232 2894 3532 2950 secundum

1953 2995 2102 3050 aliud
2158 2993 2452 3063 expiatur;
2501 3000 2558 3045 et
2597 2991 2640 3045 si
2689 2991 2988 3048 secundum
3035 2986 3165 3056 quid
3209 2985 3530 3051 illustratus,

1957 3086 2259 3141 secundum
2299 3084 2441 3138 idem
2467 3083 2686 3152 quidem
2720 3082 3022 3150 perlicitur,
3055 3079 3354 3133 secundum
3388 3077 3532 3130 aliud

1953 3192 2084 3232 vero
2137 3177 2334 3232 iterum
2384 3175 2632 3243 expiatus
2678 3173 3043 3240 tllumiuatur;
3104 3172 3407 3228 nihilenim
3439 3188 3537 3242 per

1952 3285 2012 3324 se
2073 3269 2392 3339 perfectum,
2449 3269 2534 3322 vel
2577 3266 2723 3336 quod
2764 3283 2869 3321 non
2912 3266 3148 3335 indigeat
3200 3265 3536 3335 perfectione

1953 3363 2058 3416 nisi
2083 3362 2226 3430 quod
2251 3375 2346 3430 per
2374 3376 2434 3415 se
2460 3373 2586 3414 vere
2613 3357 2939 3428 perfectum,
2967 3373 3095 3412 vere
3117 3357 3532 3426 praeperfectum

1953 3465 2058 3511 est.
2107 3456 2287 3523 Atque
2330 3455 2402 3507 ita
2437 3454 2655 3522 quidem
2711 3468 2864 3507 meus
2907 3453 3146 3508 cmlestis
3177 3452 3535 3520 particularcs

1955 3550 2055 3604 hos
2085 3561 2194 3602 tres
2221 3549 2442 3602 ordines
2481 3547 2647 3600 habet
2675 3557 2838 3615 atque
2863 3547 3113 3600 virtutes.
3158 3545 3226 3599 At
3265 3545 3536 3614 quomodo

1953 3639 2116 3694 etiam
2168 3653 2321 3692 meus
2365 3638 2598 3691 humana
2641 3635 2708 3689 iis
2751 3633 2976 3704 prredita
3019 3642 3126 3700 est,
3155 3648 3276 3688 cum
3305 3631 3536 3687 exsistat

1956 3744 2172 3800 quoque
2197 3729 2498 3783 secundum
2535 3737 2738 3780 motum
2765 3725 2901 3778 Dei?
2927 3739 3100 3794 neque
3124 3723 3268 3778 enim
3291 3723 3357 3777 de
3379 3738 3537 3776 mun-

1955 3823 2112 3877 danis
2168 3819 2402 3874 motibus
2458 3817 2617 3872 nobis
2676 3830 2856 3870 sermo
2905 3827 3008 3870 est.
3063 3815 3221 3869 Modo
3279 3815 3534 3878 dicimus,

1954 3930 2172 3969 omnem
2202 3922 2438 3967 mentem
2465 3913 2670 3965 habere
2695 3908 3011 3972 essentiam,
3043 3908 3344 3962 secundum
3372 3922 3534 3976 quam

1955 4011 2193 4080 primum
2254 4019 2370 4074 est;
2423 4008 2620 4064 deinde
2665 4009 2836 4062 etiam
2892 4008 3170 4073 virtutem,
3238 4009 3534 4062 secundum

1955 4120 2116 4174 quam
2165 4115 2360 4174 potens
2410 4111 2514 4166 est,
2567 4112 2904 4172 postremum
2962 4115 3094 4155 vero
3139 4101 3529 4167 operationem,

1956 4198 2254 4253 secundum
2282 4210 2467 4263 quam,
2507 4207 2570 4248 ea
2612 4207 2733 4262 qua:
2755 4193 2855 4246 sibi
2889 4192 3106 4261 propria
3137 4199 3265 4246 sunt
3305 4189 3532 4260 agendo,

1956 4291 2042 4359 pia
2073 4299 2185 4354 est;
2217 4289 2333 4342 hace
2367 4287 2533 4343 etiam
2565 4287 2618 4341 in
2652 4287 2898 4355 sequenti
2932 4285 3109 4354 capite
3134 4283 3394 4338 declarat.
3429 4283 3539 4336 Cae-

1959 4393 2134 4437 terum
2169 4383 2440 4436 nemiuem
2472 4379 2716 4446 omnino,
2762 4394 2938 4449 neque
2984 4379 3326 4449 prophetam,
3363 4389 3539 4444 neque

251 4485 352 4538 καὶ
392 4483 534 4554 μέση
557 4501 570 4511 ⁸
608 4485 636 4535 ό
668 4482 778 4554 γὰρ
813 4481 1173 4552 ὑπωπιασμὸς
1206 4483 1305 4553 τῆς
1339 4481 1538 4553 σαρκὸς
1572 4477 1782 4549 πρώτη,
1818 4479 1851 4548 ἡ

1956 4473 2157 4543 justum
2201 4475 2602 4542 cognoscimus,
2656 4471 2749 4541 qui
2783 4487 2887 4525 non
2918 4486 3056 4539 opus
3086 4471 3284 4523 habeat
3317 4468 3538 4536 prepria

345 4536 693 4641 δουλαγωγία
711 4536 809 4643 της
831 4536 1114 4643 ὲμπαθοῦις
1142 4536 1397 4643 όρέέεως,
1413 4536 1679 4640 ’δευτέρα
1705 4536 1780 4620 τό,
1797 4536 1851 4620 δέ

1957 4567 2344 4634 cooperatione
2370 4575 2535 4634 atque
2565 4563 2837 4628 oratione,
2875 4573 2934 4616 ut
2975 4563 3372 4631 appropinquct
3403 4561 3538 4614 Deo.

250 4667 502 4736 δόκιμον,
523 4664 833 4732 τελευταῖον
863 4665 957 4717 καὶ
978 4662 1201 4717 τέλειον.
1233 4664 1307 4716 ’Ἠ
1328 4663 1410 4715 ὅτι
1433 4662 1498 4714 ὲκ
1520 4661 1630 4714 τῶν
1652 4660 1856 4713 ἁπλου-

255 4758 472 4829 στέρων
507 4757 784 4827 μυήσεων,
812 4757 949 4827 ὅπερ
990 4756 1260 4824 γάλακτος
1304 4753 1566 4825 ποτισμὸν
1598 4753 1855 4806 ἐκάλεσεν

251 4853 280 4903 6
319 4849 668 4913 ’Λπὸστολος,
712 4852 839 4922 περὶ
869 4850 938 4904 τὰ
975 4851 1136 4921 μέσα,
1173 4849 1269 4902 καὶ
1307 4850 1374 4900 ὲκ
1400 4847 1602 4902 τούτων
1629 4847 1767 4919 πρὸς
1789 4845 1859 4899 τὰ

259 4941 508 5011 μείζονα,
535 4943 704 5012 ἧγουν
746 4944 844 5012 τὴν
876 4942 986 4995 τῶν
1021 4941 1244 4995 τελείων
1279 4940 1486 5014 τροφὴν
1519 4938 1857 5010 ἀναγόμεθα,

251 5036 281 5088 ὃ
314 5038 412 5088 καὶ
436 5038 496 5088 ὲν
513 5035 869 5103 Εὐαγγελὶοις
890 5037 918 5088 ὁ
942 5035 1146 5107 Κύριος
1169 5035 1338 5107 δηλοῖ,
1367 5034 1542 5102 λέγων
1567 5032 1704 5104 πρὸς
1727 5031 1857 5094 τοὺς

252 5127 450 5193 ἁγίους
475 5125 831 5188 ἀποστόλους.
863 5126 1070 5178 Πολλὰ
1089 5125 1208 5192 ἔχω
1226 5124 1428 5194 λέγειν
1443 5123 1607 5192 ἡμῖν,
1625 5123 1762 5176 ἀλλ’
1783 5123 1854 5175 οὐ

252 5217 529 5271 δύνασθε
557 5215 886 5281 ,ϐαστάζειν
918 5215 1068 5284 ἄρτι.
1107 5218 1170 5270 El.
1194 5217 1251 5270 δὲ
1281 5215 1476 5280 θέλεις,
1505 5215 1607 5286 ὅρα
1640 5213 1734 5266 καὶ
1757 5213 1855 5283 τὴν

253 5308 581 5379 παραδοχὴν
613 5307 709 5361 τοῦ
738 5308 1005 5377 παναγίου
1034 5307 1352 5378 Πνεῦματος
1383 5308 1442 5358 ἐν
1471 5308 1586 5368 τοῖς
1617 5305 1852 5358 ἀποστό-

251 5405 397 5466 λοις·
436 5402 596 5471 ἐδόθη
631 5401 740 5472 γάρ
763 5401 940 5465 τοῦτο,
976 5401 1193 5472 πρῶτον
1231 5402 1328 5470 μὲν
1359 5400 1440 5462 εἰς
1475 5402 1698 5471 σημεῖα,
1738 5398 1858 5452 δεύ-

254 5513 418 5568 τερον
467 5495 524 5548 δὲ
571 5495 639 5547 δι’
685 5496 1077 5567 ὲμφυσήσεως,
1131 5494 1227 5547 καὶ
1270 5492 1450 5564 τρίτον
1496 5493 1554 5546 ὲν
1605 5493 1860 5564 πυρίναις

258 5588 563 5659 γλώσσαις,
597 5587 907 5655 οὐσιωδῶς,
941 5589 1017 5652 ὼς
1049 5588 1115 5644 ἂν
1149 5589 1292 5642 εἴποι
1325 5605 1429 5654 τις,
1467 5586 1607 5640 κατὰ
1637 5587 1728 5640 τὸν
1765 5585 1860 5658 μέ-

343 5769 408 5821 xi
444 5767 574 5822 Cur.
626 5783 703 5834 Ix,
751 5766 843 5823 9.7.

1956 4661 2200 4715 Adverte
2232 4657 2376 4713 enim
2419 4658 2551 4727 quid
2602 4657 2746 4710 dicat
2789 4656 2835 4710 is
2861 4657 2951 4724 qui
2993 4657 3059 4708 ad
3110 4657 3326 4708 tertium
3367 4669 3540 4722 usque

1961 4753 2160 4807 caalum
2185 4762 2554 4819 pervenerat:
2584 4748 2797 4813 Castigo
2832 4762 3020 4812 corpus
3046 4763 3242 4812 meum,
3276 4756 3322 4799 el
3345 4747 3399 4798 in
3428 4761 3538 4798 ser-

1959 4846 2176 4898 vitalem
2202 4843 2418 4910 redigo;
2446 4857 2508 4894 ne
2543 4839 2679 4908 forte
2704 4855 2820 4892 cum
2843 4837 2965 4892 aliis
2987 4837 3402 4906 pra'dicaverint,
3431 4824 3541 4906 ipse

1965 4940 2216 4998 reprobus
2242 4935 2438 5004 eﬁiciar
2470 4945 2518 4986 ι.
2551 4933 2727 5000 Atque
2761 4931 2847 4984 hic
2879 4941 2964 4985 est
2992 4930 3199 5000 primus
3247 4938 3302 4982 et
3329 4931 3538 4984 medius

1964 5029 2099 5083 ordo
2134 5043 2149 5082 :
2196 5045 2320 5081 nam
2365 5028 2651 5096 castigatio
2677 5026 2858 5081 carnis
2898 5025 3103 5094 primus
3127 5030 3229 5085 est,
3261 5022 3537 5076 secundus

1962 5138 2094 5178 vero
2130 5121 2382 5176 subactio
2408 5120 2687 5175 ctTrenatte
2717 5119 3056 5188 cupiditatis,
3109 5117 3352 5187 probitas
3405 5130 3535 5170 vero

1963 5222 2274 5283 postremus
2304 5221 2469 5281 atque
2498 5210 2794 5280 perfectus.
2830 5208 2924 5263 Vel
2957 5209 3121 5261 etiam
3146 5206 3236 5274 qui
3264 5221 3291 5258 a
3327 5205 3534 5273 simpli-

1963 5307 2206 5361 cioribus
2251 5303 2535 5366 doctrinis,
2586 5316 2723 5371 quas
2755 5301 2910 5353 lactis
2940 5301 3214 5370 potionem
3242 5295 3532 5365 Apostolus

1965 5399 2200 5463 vocavit,
2230 5398 2296 5451 ad
2325 5397 2555 5461 medias,
2581 5405 2636 5448 et
2661 5409 2728 5448 ex
2754 5395 2860 5458 his,
2895 5393 2959 5447 ad
2995 5394 3226 5460 majores
3259 5394 3373 5443 sive
3406 5403 3528 5456 per-

1965 5492 2232 5547 fectorum
2258 5488 2440 5544 cibum
2469 5488 2820 5554 adducimur;
2851 5485 2995 5557 quod
3021 5485 3182 5539 etiam
3207 5483 3258 5537 iu
3287 5483 3529 5548 Evange—

1963 5587 2051 5643 liis
2075 5584 2341 5641 Dominus
2365 5581 2638 5654 signiﬁcat
2662 5580 2729 5635 ad
2760 5589 2978 5634 sanctos
3006 5577 3274 5641 apostolos
3304 5575 3531 5628 dicens:
