3908 6232
323 257 430 313 285

1427 275 1431 279 ·
1519 260 1575 318 S.
1617 260 1920 317 DIONYSII
1955 261 2424 318 AREOPAGITE-

3487 264 3599 318 288

329 373 500 428 ﬁnita
541 375 706 428 habeo
754 375 899 430 vobis
951 377 1146 442 dicere,
1191 377 1282 430 sed
1315 393 1419 430 non
1445 377 1665 444 potestis
1690 388 1906 445 portare

2021 399 2114 449 γαν
2139 380 2400 448 Θεολόγον
2430 375 2749 450 Γρηγὸριον.
2781 378 2949 433 Τοῦτο
2976 378 3032 432 δὲ
3054 379 3087 449 ἡ
3111 378 3409 442 τελείωσις.
3437 379 3601 432 Ἐστι

325 469 482 521 modo
504 473 556 520 γ.
573 468 816 524 Observa
834 485 1074 539 quoque.
1091 470 1134 524 si
1161 471 1360 540 placet.
1376 472 1718 526 sacrosancti
1744 472 1912 542 Spiri-

332 567 416 612 tus
451 558 506 611 in
532 559 793 625 apostolis
820 562 1258 629 susceptionem;
1293 563 1453 615 datus
1476 564 1621 615 enim
1652 563 1755 616 fuit
1791 565 1909 632 pri-

329 665 474 702 mum
507 661 729 720 propter
757 653 936 722 signa,
960 655 1156 708 deinde
1180 669 1311 708 vero
1339 670 1434 724 per
1468 654 1907 721 insulilationem,

332 757 398 795 ac
420 746 578 797 tertia
609 745 727 798 vice
753 744 807 799 in
840 746 1038 814 linguis
1070 748 1242 814 igneis
1271 750 1725 811 substantialiter.
1749 761 1804 804 ιιι
1827 753 1912 816 ita

329 835 453 904 quis
483 836 650 902 dicat,
682 839 981 893 secundum
1017 855 1276 910 magnum
1305 839 1639 911 Tlieologum
1697 841 1908 913 Grego-

331 927 494 980 rium.
542 927 668 982 Hzec
716 937 896 984 autem
944 941 1029 986 est
1072 931 1357 1001 perfectio.
1395 933 1583 989 Liceat
1615 936 1668 988 id
1693 950 1910 1004 quoque

329 1019 491 1074 aliter
528 1021 901 1089 considerare,
930 1039 996 1078 ac
1030 1026 1263 1093 primum
1293 1029 1510 1094 quidem
1547 1026 1793 1080 ordinem
1824 1027 1909 1081 di-

329 1125 478 1173 cere,
513 1113 580 1164 ad
629 1112 681 1166 id
738 1114 882 1182 quod
939 1116 1194 1184 superius
1222 1126 1329 1183 est,
1360 1117 1768 1184 extensionem;
1800 1131 1913 1171 me-

329 1207 478 1262 dium
509 1223 662 1274 vero,
699 1211 765 1264 ad
797 1211 937 1266 idem
969 1211 1385 1266 conversionem
1426 1221 1589 1282 atque
1629 1212 1912 1267 collectio-

329 1313 482 1364 nem;
517 1309 852 1369 postremum
881 1317 1008 1357 vero
1039 1318 1183 1368 eum,
1211 1301 1302 1372 qui
1327 1303 1471 1371 quod
1492 1303 1781 1358 demissius
1805 1314 1911 1368 est,

325 1389 510 1459 erigit.
545 1388 660 1446 Nisi
681 1393 827 1447 enim
858 1395 981 1462 quis
1002 1394 1234 1450 amando
1264 1396 1330 1448 ad
1354 1395 1538 1449 divina
1559 1397 1909 1458 extendatur,

328 1496 437 1536 non
480 1483 548 1538 ad
597 1485 689 1539 illa
737 1496 1090 1542 convertatur
1126 1502 1192 1542 ac
1233 1487 1542 1556 colligetur,
1574 1500 1739 1557 atque
1774 1489 1911 1543 adeo

327 1573 492 1628 etiam
512 1591 618 1631 non
651 1578 802 1648 101
829 1579 1146 1633 adducetur.
1177 1577 1311 1632 Nam
1339 1579 1441 1632 nisi
1469 1594 1565 1634 cor
1585 1579 1906 1635 calefactum

2014 472 2072 525 δὲ
2105 472 2200 525 καὶ
2232 471 2434 543 ἑτέρως
2468 469 2627 523 τοῦτο
2652 470 2858 540 νοῆσαι,
2894 470 2990 523 καὶ
3015 465 3237 540 πρώτην
3273 469 3370 538 μὲν
3396 468 3602 532 είπῖν,

2015 565 2114 634 τὴν
2147 562 2283 634 πρὸς
2309 562 2372 615 τὸ
2406 562 2797 633 ὑπερκείμενον
2843 561 3102 615 ἀνάτασιν
3183 561 3356 632 μέσην
3399 558 3478 619 δὲ,
3500 558 3603 628 τὴν

2019 659 2148 729 περὶ¹
2180 656 2311 710 αὐτὸ
2347 656 2583 726 στροφὴν
2611 654 2703 707 καὶ
2737 652 3027 715 συνέλιξιν·
3055 651 3368 706 τελευταίαν
3386 649 3464 713 δὲ,
3499 649 3604 718 τὴν

2015 753 2076 804 τὸ
2107 751 2493 822 ὑποδεέστερον
2519 751 2844 817 άνάγουσαν.
2876 751 2938 802 El
2969 749 3041 819 μὴ
3069 747 3178 819 γὰρ
3200 747 3491 814 ἀγαπήσας
3514 761 3602 805 τις

2017 844 2307 916 ἁναταΘείη
2343 844 2476 914 πρὸς
2508 843 2575 896 τὰ
2608 843 2758 905 θεῖα,
2806 843 2906 895 οὐκ
2940 841 3005 894 ἂν
3039 841 3166 911 περί
3215 840 3395 891 ἐκεῖνα
3431 852 3601 906 στρα-

2017 937 2141 1007 φείη
2177 938 2270 989 καὶ
2305 934 2669 1005 συνελιχθείη·
2721 935 2770 986 εἰ
2802 932 2857 985 δὲ
2907 932 2980 1003 μὴ
3016 930 3193 995 τοῦτο,
3232 930 3332 981 οὐκ
3370 929 3435 981 ἂν
3469 928 3607 978 ἁνα-

2017 1027 2193 1098 χΟείη.
2222 1028 2285 1078 Εἰ
2323 1026 2395 1098 μὴ
2434 1025 2542 1096 γὰρ
2580 1026 2613 1095 ἡ
2647 1023 2841 1095 καρδία
2876 1021 3201 1092 θερμανθείη
3245 1023 3310 1072 ὲκ
3343 1018 3442 1087 τῆς
3475 1033 3607 1068 συν-

2019 1117 2176 1188 εχοῦς
2211 1119 2340 1190 περὶ
2370 1117 2430 1170 τὸ
2457 1115 2821 1185 ἀγαπώμενον
2851 1114 3076 1185 μελέτης
3102 1113 3197 1164 καὶ
3232 1108 3472 1180 στροφῆς
3507 1107 3607 1158 καὶ

2020 1210 2258 1275 ἑλίξεως,
2294 1211 2393 1262 οὐκ
2428 1209 2493 1262 ἂν
2525 1208 2816 1279 ὲγκαυθείη
2850 1207 2911 1259 τὸ
2936 1207 3035 1276 τῆς
3066 1201 3358 1271 ἀναγωγῆς
3390 1201 3485 1252 καὶ
3515 1215 3610 1251 τε·

2019 1301 2286 1364 λειώσεως
2317 1300 2449 1371 πῦρ,
2481 1299 2622 1352 κατὰ
2647 1299 2736 1359 τὸ,
2787 1295 3145 1366 Ἐθερμὰνθη
3176 1296 3214 1362 ἡ
3250 1292 3464 1360 καρδία
3480 1307 3609 1360 μου

2017 1395 2192 1460 ἐντός
2217 1410 2357 1462 μου,
2399 1391 2497 1444 καὶ
2528 1392 2598 1444 ἐν
2629 1389 2704 1458 τῇ
2737 1388 2960 1459 μελέτῃ
3001 1405 3120 1456 μου
3167 1383 3612 1454 ἐγκαυθῆσεται

2019 1487 2168 1554 πῦρ·
2247 1485 2403 1538 τοῦτο
2462 1483 2698 1555 ἁρμόσαι
2765 1481 2831 1535 ἂν
2893 1480 2989 1549 καὶ
3038 1479 3131 1531 ἐπὶ
3184 1475 3279 1530 τοῦ
3345 1473 3608 1545 οὐρανίου

2016 1595 2155 1640 νοος.

329 1667 496 1721 fuerit
525 1683 591 1722 ex
622 1671 841 1725 assidua
877 1671 1020 1726 circa
1049 1685 1160 1726 rem
1186 1671 1439 1726 dilectam
1497 1673 1854 1728 meditatione
1903 1681 1960 1726 et
1994 1669 2349 1725 conversione
2409 1667 2857 1736 collectioneque,
2925 1680 3032 1720 non
3076 1661 3407 1718 accendetur
3465 1660 3612 1730 ignis

329 1758 655 1816 elevationis
688 1778 752 1817 ac
791 1762 1160 1831 perfectionis,
1193 1765 1348 1834 juxta
1383 1764 1514 1819 illud
1554 1781 1568 1820 :
1614 1764 1939 1832 Calefactum
1969 1772 2044 1817 est
2082 1779 2173 1815 cor
2220 1779 2392 1816 meum
2430 1763 2572 1815 intra
2624 1778 2725 1824 me,
2785 1769 2834 1815 et
2879 1762 2931 1813 in
2973 1756 3310 1812 meditatione
3358 1769 3475 1806 mea
3507 1766 3613 1804 ex.

330 1852 564 1906 ardescat
598 1853 732 1923 ignis
762 1863 784 1891 ι
819 1869 835 1908 :
866 1857 1009 1925 quod
1068 1858 1235 1910 tuenti
1281 1871 1496 1926 quoque
1533 1857 1739 1911 cmleSIi
1774 1855 2086 1926 quadrabit.

361 1993 3561 2027 *ιι-,Μ

809 2165 1188 2256 CAPUT
1253 2166 1434 2254 XI.

338 2298 447 2354 Cur
475 2316 650 2353 omnes
675 2305 904 2354 celestes
968 2311 1171 2354 natura:
1201 2303 1466 2356 communi
1504 2303 1711 2358 nomine
1749 2302 1908 2357 virtu-

766 2380 841 2424 tes
881 2370 1111 2424 cazlestes
1136 2373 1491 2440 appellantur.

2395 2156 3040 2251 ΚΕΦΑΛΑΙΟΝ
3081 2152 3241 2238 ΙΑ’.

2021 2294 2125 2350 Διὰ
2170 2294 2227 2349 τί
2270 2293 2458 2347 πᾶσαι
2501 2296 2559 2346 αἱ
2605 2291 2874 2358 οὐράνιαι
2916 2291 3151 2354 οὐσίαι,
3203 2293 3353 2342 κατά
3398 2284 3614 2341 κοινοῦ

2339 2365 2620 2434 δύναμεις
2641 2361 2910 2430 οὐράνιαι
2937 2362 3282 2416 καλοῦνται.

1642 2501 1973 2558 SYNOPSIS
2012 2498 2303 2559 CAPITIS.

334 2687 372 2738 1.
404 2687 566 2752 Docet,
591 2685 802 2737 caelestes
825 2700 988 2752 omnes
1008 2685 1212 2752 spiritus
1244 2701 1338 2738 non
1361 2687 1533 2738 eodem
1554 2685 1740 2752 ratione
1761 2683 1978 2752 virtutes,
1997 2697 2092 2749 qua
2113 2679 2308 2748 angelos
2327 2681 2506 2752 vocari.
2526 2682 2594 2752 _ll.
2618 2684 2807 2752 Nomen
2838 2677 2940 2752 hoc.
2952 2689 3206 2752 commune
3220 2751 3224 2752 γ
3239 2673 3492 2752 uirtutum,
3516 2689 3619 2752 non

399 2740 704 2813 introducere
725 2740 1050 2813 confusionem
1068 2749 1298 2813 ordinum
1315 2763 1374 2798 ac
1394 2748 1766 2813 proprietatum,
1789 2748 1874 2798 sed
1909 2740 2032 2813 sicut
2054 2740 2218 2798 omne}
2239 2743 2465 2802 essentia,
2488 2744 2663 2795 virtute
2685 2749 2729 2794 et
2751 2740 3032 2806 operatione
3071 2743 3308 2798 constant,
3357 2740 3426 2784 ita
3465 2740 3617 2787 nde

395 2807 591 2874 quidem
610 2807 859 2872 essentias,
883 2810 1028 2861 modo
1049 2824 1162 2862 vero
1186 2807 1454 2863 virtutes'et
1475 2807 1698 2875 energies
1725 2812 2014 2876 nuncupari.

1898 2961 2009 3034 §l.

415 3108 510 3162 llis
562 3107 636 3160 ita
687 3104 951 3170 delinitis,
1012 3105 1143 3160 illud
1194 3104 1642 3162 consideratione
1673 3105 1918 3175 dignum,

338 3217 436 3255 cur
491 3213 684 3254 omnes
739 3197 908 3252 simul
959 3197 1237 3267 angelicas
1310 3199 1617 3264 essentias,
1683 3197 1919 3252 virtutes

336 3295 588 3349 cmlestes
635 3292 907 3360 appellare
957 3291 1226 3346 soleamus
1244 3303 1294 3346 ι.
1329 3290 1514 3361 Neque
1567 3291 1736 3357 enim,
1775 3290 1915 3343 utin

341 3387 552 3454 angelis
577 3385 761 3440 dicere
789 3399 1104 3452 possumus,
1128 3393 1443 3438 sanctarum
1475 3383 1622 3438 illam
1651 3385 1913 3436 virtutum

341 3483 691 3538 novissimam
721 3495 840 3535 esse
870 3479 1305 3534 distributionem
1343 3498 1357 3534 :
1390 3487 1551 3549 atque
1574 3480 1914 3549 superiorum

338 3577 555 3646 quidem
595 3575 956 3630 essentiarum
1006 3572 1415 3640 dispositiones,
1445 3581 1695 3627 sanctam
1738 3583 1792 3628 et
1819 3561 1915 3627 de-

338 3683 525 3721 coram
583 3668 1005 3721 novissimarum
1077 3665 1496 3720 illustratiouem
1559 3667 1914 3735 participare,

336 3775 494 3813 secus
520 3774 684 3828 quam
715 3759 917 3812 ultima:
948 3757 1269 3826 primarum.
1304 3757 1384 3812 Oh
1408 3773 1640 3826 eamque
1671 3773 1914 3822 causam,

340 3852 601 3905 t-mlestcs
632 3851 853 3920 quidem
900 3850 1131 3903 virtutes
1173 3864 1388 3914 onmes,
1439 3850 1652 3905 divinos
1690 3850 1916 3917 spiritus

338 3941 621 4010 appellari,
651 3940 928 4007 seraphim
962 3949 1144 3992 autem
1173 3948 1227 3993 et
1259 3941 1488 3995 thronos
1530 3950 1695 4009 atque
1740 3941 1919 3996 domi-

339 4033 598 4087 nationes
629 4032 780 4086 nullo
813 4032 1002 4097 modo;
1038 4032 1346 4087 novissimae
1371 4033 1638 4102 siquidem
1671 4035 1920 4102 superio-

342 4142 464 4179 rum
492 4126 859 4196 proprietates
892 4124 1035 4180 haud
1071 4125 1368 4179 universim
1399 4127 1746 4196 participant.
1804 4125 1920 4180 An-

338 4217 441 4284 geli
473 4218 680 4287 itaque,
710 4225 765 4271 et
795 4223 923 4271 ante
947 4216 1179 4285 angelos
1216 4216 1527 4283 archangeli
1562 4228 1617 4270 et
1645 4218 1921 4286 principa-

251 4351 260 4360 .
342 4315 429 4359 tus
476 4321 540 4360 ac
596 4316 918 4376 potestates,
969 4320 1093 4360 cum
1132 4315 1258 4374 post
1289 4306 1518 4359 virtutes
1559 4322 1589 4358 ιι
1650 4306 1916 4376 theologia

342 4397 696 4464 collocentur,
736 4397 1054 4466 frequenter
1105 4412 1133 4448 a
1167 4395 1321 4450 nobis
1359 4411 1461 4448 una
1504 4412 1627 4450 cum
1667 4397 1789 4450 aliis
1818 4414 1916 4451 ua-

343 4488 479 4543 turis
505 4491 734 4557 sanctis,
761 4489 1011 4544 ccelesles
1043 4487 1246 4559 passim
1281 4486 1523 4541 Virtutes
1553 4487 1916 4556 appellantur.

2096 3101 2311 3155 Τούτων
2342 3101 2399 3154 δὲ
2431 3100 2822 3173 διωρισμένων,
2856 3103 3034 3156 ἐκεῖνο
3065 3103 3214 3170 ἄξιον
3244 3105 3518 3174 ἐννοῆσαι,
3544 3107 3619 3160 δι’

2021 3195 2088 3266 ἣν
2120 3195 2296 3248 αἰτίαν
2325 3195 2542 3256 ἁπάσας
2581 3193 2716 3264 ὁμοῦ
2746 3193 2844 3257 τὰς
2883 3196 3182 3264 ἀγγελικὰς
3222 3197 3409 3260 οὐσίας
3447 3198 3619 3251 δυνά-

2023 3305 2147 3358 μεις
2179 3286 2430 3357 οὐρανίας
2465 3285 2648 3338 καλεῖν
2681 3284 2971 3355 εἰώθαμεν.
3000 3288 3074 3340 Οὐ
3109 3288 3218 3358 γὰρ
3239 3288 3387 3341 ἐστιν
3410 3291 3619 3352 εἰπεῖν,

2019 3378 2093 3440 ὡς
2125 3379 2218 3430 ἐπὶ
2248 3377 2356 3430 τῶν
2388 3377 2653 3446 ἀγγέλων,
2701 3379 2784 3430 ὅτι
2836 3379 3027 3431 πασῶν
3076 3381 3224 3432 ἐστιν
3257 3381 3463 3453 ἐσχάτη
3497 3383 3624 3435 δια-

2022 3469 2308 3539 κόσμησις,
2341 3469 2374 3538 ἠ
2409 3468 2516 3520 τῶν
2548 3469 2717 3536 ἁγίων
2749 3469 3050 3540 δυνάμεων,
3094 3471 3186 3523 καὶ
3219 3472 3320 3541 τῆς
3357 3472 3455 3542 μὲν
3504 3472 3620 3526 τῶν

2021 3558 2266 3628 ἐσχάτων
2301 3555 2668 3628 ἁγιοπρεποῦς
2702 3557 3020 3628 ἐλλάμψεως
3044 3599 3058 3622 ,
3114 3563 3169 3614 αἱ
3203 3561 3311 3614 τῶν
3347 3563 3620 3632 ὑπερκειη

2024 3651 2199 3720 μένων
2249 3649 2444 3702 οὐσιῶν
2485 3649 2873 3719 διακοσμήσεις
2913 3651 3264 3722 μετέχουσιν,
3317 3655 3372 3706 αἱ
3423 3655 3620 3707 τελευ-

2018 3745 2167 3795 ταῖαι
2206 3741 2263 3794 δὲ
2304 3739 2414 3792 τῶν
2455 3739 2685 3810 πρώτων
2730 3741 3009 3810 οὐδαμῶς·
3055 3744 3150 3795 καὶ
3195 3745 3388 3797 τούτου
3428 3746 3622 3816 χάριν,

2018 3833 2267 3904 οὐράνιαι
2303 3831 2400 3901 μὲν
2432 3831 2708 3901 δυνάμεις,
2743 3831 2982 3896 ἅπαντες
3015 3835 3061 3886 oi
3097 3833 3231 3887 θεῖοι
3265 3835 3384 3898 νόες
3411 3837 3622 3906 ὀνομά-

2019 3924 2222 3987 ζονται,
2255 3923 2498 3993 σεραφὶμ
2529 3922 2605 3986 δὲ,
2642 3924 2738 3976 καὶ
2779 3922 2980 3994 Θρόνοι,
3017 3925 3112 3978 καὶ
3147 3927 3492 3998 κυριότητες,
3527 3930 3624 3980 οὐ-

2017 4013 2204 4083 δαμῶς
2223 4030 2236 4043 ·
2274 4013 2565 4082 ἁμέθεκτοι
2597 4012 2707 4084 γὰρ
2733 4016 2789 4066 αἱ
2817 4015 3121 4068 τελευταῖαι
3150 4017 3261 4068 τῶν
3292 4019 3622 4088 ὐπερτάτων

2018 4106 2158 4158 εἰσὶν
2190 4104 2386 4157 δλικῶν
2423 4104 2719 4175 ίδιοτήτων.
2761 4108 2822 4158 Οἱ
2850 4106 2960 4176 γὰρ
2986 4105 3206 4174 ἄγγελοι
3236 4110 3330 4161 καὶ
3367 4109 3474 4179 πρὸ
3507 4110 3623 4162 τῶν

2019 4193 2262 4263 ἀγγέλων
2289 4195 2617 4264 ἀρχάγγελοι
2643 4234 2658 4258 ,
2695 4196 2790 4248 καὶ
2815 4196 3008 4267 ἀρχαὶ,
3063 4198 3157 4251 καὶ
3200 4198 3440 4263 ἐξουσίαι
3477 4199 3625 4269 μετὰ

2017 4287 2115 4349 τὰς
2157 4287 2424 4355 Δυνάμεις
2457 4287 2560 4338 ὑπὸ
2597 4286 2698 4355 τῆς
2740 4287 3016 4356 θεολογίας
3063 4289 3418 4359 ταττόμενοι,
3471 4289 3624 4344 κατὰ

2027 4376 2203 4428 κοινοῦ
2231 4374 2486 4438 πολλάκις
2519 4377 2610 4446 ὐφ’
2653 4377 2808 4446 ἡμῶν
2855 4377 2990 4448 ὁμοῦ
3037 4382 3160 4441 ταῖς
3205 4379 3395 4443 ἄλλαις
3433 4379 3623 4449 ἁγίαις

2027 4467 2241 4529 οὐσίαις
2265 4505 2280 4531 ,
2323 4465 2567 4537 οὐράνιαι
2599 4465 2856 4537 δυνάμεις
2889 4467 3313 4522 ἁποκαλοῦνται.

1879 4648 2019 4721 §ll.

415 4789 793 4846 Verumtamen
833 4805 1117 4861 negamus,
1151 4807 1270 4860 nos,
1314 4807 1438 4847 cum
1486 4791 1764 4846 communi
1802 4805 1912 4845 ca:-

2088 4789 2270 4859 Φαμὲν
2293 4789 2370 4853 δὲ,
2397 4790 2478 4842 ὅτι
2511 4790 2705 4854 κοινῶς
2756 4793 2849 4845 ἐπὶ
2882 4795 3083 4859 πάσαις
3103 4796 3144 4828 θ’
3183 4797 3521 4868 κεχρημένοι
3551 4803 3622 4873 τῇ

343 4883 559 4937 lestium
597 4885 855 4936 virtutum
887 4885 1104 4938 nomine
1137 4885 1191 4937 in
1226 4885 1484 4938 omnibus
1512 4884 1735 4944 utimur,
1781 4896 1914 4935 con-

345 4974 612 5028 fusionem
636 4973 797 5026 ullam
822 4975 1084 5042 cujusque
1103 4973 1310 5030 ordinis
1333 4975 1723 5044 proprietatum
1747 4973 1916 5028 intro-

345 5066 583 5129 ducere;
611 5066 704 5118 sed
743 5067 1000 5133 quoniam
1039 5067 1090 5118 in
1121 5068 1223 5120 tria
1254 5082 1445 5121 omnes
1472 5067 1668 5120 divinae
1708 5075 1917 5118 mentes

346 5155 554 5210 caelesti
594 5155 806 5209 ratione
830 5170 925 5209 sua
950 5157 1138 5210 divisae
1166 5166 1315 5220 sunt,
1349 5158 1398 5210 in
1442 5157 1734 5210 essentiam
1776 5153 1921 5207 vide-

347 5243 496 5309 licet,
523 5253 578 5297 ct
602 5244 656 5298 in
682 5244 958 5307 virtutem,
978 5255 1030 5298 et
1061 5246 1112 5296 in
1140 5245 1534 5311 operationem,
1561 5262 1682 5299 cum
1700 5259 1913 5306 omnes,

349 5342 442 5385 aut
473 5332 686 5402 aliquas
710 5349 920 5396 earum,
950 5333 1422 5388 ittdiscritniuatim
1453 5335 1702 5389 caelestes
1726 5348 1916 5388 esseu-

454 5459 484 5500 y
511 5449 666 5506 Juan.
693 5465 806 5515 xvt,
845 5449 928 5504 l2.
1006 5455 1030 5484 ³
1071 5447 1214 5501 Psnl.
1250 5463 1478 5511 xxxvm,
1509 5447 1564 5501 4.

2018 4883 2126 4935 τῶν
2160 4883 2422 4953 οὐρανίων
2450 4884 2736 4954 ἐπωνυμίᾳ
2759 4884 3062 4955 δυνάμεων,
3095 4887 3155 4938 οὐ
3198 4887 3467 4958 σύγχυσίν
3497 4907 3624 4944 τινα

2018 4971 2126 5022 τῶν
2192 4972 2428 5042 ἑκάστης
2484 4971 2896 5043 διακοσμήσεως
2955 4975 3231 5045 ίδιοτήτων
3285 4978 3622 5049 είσάγομενυ

2019 5061 2132 5114 ἀλλ’
2168 5062 2354 5130 ἐπειδὴ
2382 5063 2461 5124 είς
2492 5063 2620 5130 τρία
2646 5062 2935 5133 διῄρηνται
2961 5063 3040 5134 τῷ
3067 5066 3190 5119 κατ’
3217 5068 3420 5130 αὐτοὺς
3447 5071 3627 5142 ὑπερ-

2020 5152 2229 5222 κοσμίῳ
2256 5153 2398 5222 λόγῳ
2425 5152 2624 5215 πάντες
2665 5153 2797 5206 θεῖοι
2830 5156 2982 5219 νόες,
3020 5159 3100 5217 εἰς
3138 5158 3351 5222 οὐσίαν,
3392 5161 3491 5212 καὶ
3526 5161 3622 5214 δύ-

2021 5261 2203 5312 ναμιν,
2241 5246 2332 5296 καὶ
2365 5243 2663 5313 ἐνέργειαν,
2700 5245 2827 5298 ὅταν
2855 5246 3103 5312 ἅπαντας
3123 5291 3137 5313 ,
3183 5249 3216 5319 ἢ
3246 5251 3402 5314 τινὰς
3437 5253 3626 5306 αὐτῶν

2021 5335 2456 5405 ἀπαρατηρήτως
2482 5336 2736 5407 οὐρανίας
2759 5337 2966 5405 οὐσίας,
3001 5338 3038 5410 ἢ
3063 5340 3323 5411 οὐρανίας
3356 5341 3626 5415 δυνάμεις

1677 5459 1703 5486 ο
1738 5445 1882 5499 Psal.
1914 5460 2069 5508 xxut,
2101 5461 2284 5509 ωδεχ,
2335 5461 2427 5502 cu.

1646 5602 1880 5658 VARLE
1898 5611 1901 5613 ’
1917 5601 2315 5659 LECTIONES.

433 5720 476 5752 "
513 5720 632 5776 Alia
675 5721 837 5777 lectio
885 5730 1099 5777 notatur
1137 5721 1190 5777 iu
1231 5721 1328 5778 Ch.
1362 5722 1455 5776 ἐπὶ
1490 5723 1643 5776 πᾶσι.
