3908 6232
278 317 393 375 935

846 295 857 305 ’
948 317 1035 373 DE
1067 317 1391 375 C(ELESTI
1425 317 1872 384 HIERARCHIA,
1905 320 2064 376 CAP.
2102 318 2195 375 XI.
2231 350 2300 359 —
2334 318 2661 375 CORDERII
2689 318 2920 376 NOTAE.

3455 320 3564 376 2‘36

280 435 672 507 ἄποπαλοῦμεν
694 436 763 499 ⁸⁸,
799 434 995 499 αὐτοὺς
1029 436 1475 507 περιφραστικῶς
1504 438 1629 499 τοὺς
1654 438 1783 508 περὶ
1807 429 1879 489 ὧν

1987 436 2115 500 tias,
2172 434 2259 489 vel
2312 434 2570 490 caelestes
2621 435 2852 490 virtutes
2907 434 3261 505 appellamus,
3317 450 3430 499 cas,
3494 440 3565 491 di:

277 532 311 582 ὁ
330 529 493 597 λόγος
523 528 814 601 ἐμφαίνειν
845 529 992 599 ἡμᾶς
1025 529 1235 598 οἰητέον
1267 530 1331 582 ὲκ
1360 530 1459 599 τῆς
1497 529 1620 581 καθ’
1646 529 1876 581 ἕκαστον

279 621 465 674 αὐτῶν
498 621 745 692 οὐσίαςῆ
774 621 1084 691 δυνάμεως’
1115 621 1236 673 οὐδὲ
1278 621 1387 692 γὰρ
1419 623 1518 692 τὴν
1547 623 1879 694 ὑπερκειμέ-

280 731 381 783 νην
440 713 679 785 ἰδιότητα
733 714 843 767 τῶν
888 714 988 785 ἤδη
1046 713 1225 776 καλῶς
1272 716 1403 784 ἡμῖν
1447 715 1877 785 διακεκριμένων

283 804 461 871 ἁγίων
489 802 797 873 δυνάμεων,
833 804 927 855 καὶ
966 806 1086 866 ταῖς
1130 804 1446 874 ὑφειμέναις
1477 804 1673 867 ὑλικῶς
1705 821 1879 876 προσ·-

284 895 485 948 άπτειν
528 895 773 961 οὐσίαις,
825 896 913 947 ἐπ’
948 896 1227 966 ἀνατροπῇ
1274 896 1373 967 τῆς
1418 895 1722 965 ἀσυγχύτου
1770 896 1878 948 τῶν

283 987 599 1056 ἀγγελικῶν
649 986 957 1055 διακόσμων
1005 988 1347 1058 ταξιαρχίας.
1406 986 1563 1039 Κατὰ
1624 986 1734 1057 γὰρ
1790 987 1881 1039 τὸν

284 1080 553 1144 πολλάκις
602 1083 736 1151 ἡμῖν
785 1080 963 1152 ὀρθῶς
1008 1080 1341 1134 ἀποδοθέντα
1392 1081 1548 1149 λόγον
1574 1122 1588 1146 ,
1661 1083 1717 1134 αἱ
1781 1081 1879 1152 μὲν

286 1172 730 1245 ὑπερϐεϐηκυῖαι
778 1174 1167 1244 διακοσμήσεις
1224 1174 1497 1245 περισσῶς
1540 1173 1725 1244 ἔχουσι
1760 1164 1881 1226 καὶ

283 1266 389 1328 τὰς
426 1265 537 1317 τῶν
573 1265 881 1336 ὑφειμένων
908 1264 1056 1335 ἱερὰς
1088 1264 1374 1336 ἰδιότητας,
1410 1266 1465 1318 αἱ
1495 1265 1552 1317 δὲ
1574 1265 1882 1319 τελευταῖαι

284 1357 392 1420 τὰς
438 1356 552 1410 τῶν
597 1356 983 1427 πρεσϐυτέρων
1028 1357 1428 1428 ὑπερκειμένας
1473 1357 1729 1428 ὁλότητας
1778 1358 1879 1410 οὐκ

286 1450 506 1520 ἔχουσι,
546 1449 788 1521 μερικῶς
824 1450 904 1512 εἰς
933 1448 1103 1513 αὐτὰς
1135 1448 1244 1501 τῶν
1278 1449 1648 1520 πριιιτοφανῶν
1677 1449 1878 1519 ἐλλάμ-

283 1542 437 1611 ψεων
469 1542 560 1595 διὰ
591 1541 700 1596 τῶν
733 1539 964 1613 πρώτων
997 1540 1273 1610 ἀναλόγως
1295 1542 1485 1603 αὑταῖς
1510 1541 1880 1613 διαπορθμευ-

288 1637 520 1706 ομένων.

1980 529 2179 598 quibus
2224 541 2406 582 sermo
2436 536 2542 591 est,
2593 527 2923 580 circuitione
2969 526 3281 582 describere
3336 532 3561 598 putandi

1980 633 2190 684 sumus,
2212 632 2277 672 ex
2308 633 2370 672 ea
2404 632 2526 687 quze
2557 617 2714 687 102
2746 615 2975 686 singulis
2998 632 3184 673 earum
3213 620 3350 673 inest
3376 635 3559 675 essen-

1983 713 2078 774 tia,
2133 711 2221 765 vel
2281 711 2498 763 virtute.
2548 708 2737 775 Neque
2781 707 2927 762 enim
2983 708 3065 763 l'as
3114 710 3185 763 sit
3229 712 3558 766 eminentem

1982 804 2130 857 illam
2182 812 2500 857 sanctarum
2563 804 2825 854 virtutum
2875 802 3261 871 proprietatem
3320 818 3347 855 a
3407 805 3566 859 nobis

1982 894 2090 957 iam
2122 895 2228 949 rite
2273 896 2561 964 digestam,
2606 891 2958 949 inferioribus
3005 895 3216 948 naturis
3263 895 3559 951 universim

1986 986 2311 1049 attribuere,
2336 983 2480 1040 unde
2513 986 2831 1042 inconfusus
2861 987 2948 1040 ille
2974 988 3342 1056 angelicarum
3369 988 3564 1042 distin-

1984 1079 2225 1133 ctionum
2258 1077 2392 1131 ordo
2424 1078 2862 1146 perturbaretnr.
2899 1076 3060 1131 Juxta
3100 1078 3245 1131 enim
3295 1079 3560 1131 rationein

1983 1168 2093 1239 jam
2126 1185 2155 1224 a
2183 1169 2339 1223 nobis
2369 1184 2511 1237 saepe
2542 1170 2833 1234 redditam,
2872 1168 3185 1239 superiores
3221 1170 3338 1224 istae
3364 1170 3565 1225 distin—

1986 1262 2198 1316 ctiones
2227 1261 2546 1315 inferiorum
2583 1275 2801 1330 quoque
2833 1275 3023 1315 sacras
3060 1262 3421 1330 proprietates
3464 1262 3568 1317 ab-

1988 1354 2131 1409 unde
2170 1355 2475 1418 continent,
2508 1354 2820 1409 novissimte
2850 1368 2981 1409 vero
3008 1355 3376 1423 antiquiorum
3423 1358 3555 1410 emi-

1988 1448 2244 1503 nentibus
2266 1449 2387 1503 istis
2410 1448 2859 1502 universitatibus
2883 1463 2945 1502 ca
2957 1458 3099 1512 rent,
3132 1449 3424 1518 primitivis
3443 1451 3561 1507 istis

1991 1541 2445 1598 illustrationibus
2491 1542 2543 1597 in
2578 1541 2702 1597 illas
2740 1556 2839 1610 pro
2867 1540 3129 1611 cujusque
3157 1553 3318 1611 captu
3351 1542 3553 1611 partili-

1992 1642 2078 1689 ter
2104 1633 2387 1689 derivatis.

1463 1881 2007 1939 ADNOTATIONES
2042 1883 2392 1940 CORDERII.

364 2021 393 2094 ς
421 2020 477 2094 l._
497 2018 809 2094 Notandum
840 2018 930 2094 hic
960 2033 1028 2073 ex
1059 2018 1343 2094 Dionysio,
1375 2019 1522 2094 quod
1574 2021 1802 2094 virtutes
1849 2022 1901 2075 in
1933 2020 2142 2093 angelis
2181 2022 2437 2076 dicantur
2460 2021 2752 2089 dupliciter
2785 2037 2801 2076 :
2832 2022 3162 2093 quandoque
3184 2022 3329 2078 enim
3366 2038 3561 2094 nomen

288 2089 512 2148 vir'tutis
551 2092 643 2145 uni
676 2089 854 2144 ordini
884 2090 1271 2161 appropriatur
1298 2092 1389 2158 qui
1423 2092 1723 2144 secundum
1755 2092 1928 2161 ipsum
1958 2089 2042 2145 est
2084 2094 2296 2147 medius
2323 2094 2512 2146 inedia:
2543 2089 2887 2155 hierarcliiaé,
2912 2089 3213 2148 secundum
3266 2108 3396 2147 vero
3427 2093 3546 2149 Gre

290 2165 534 2235 gorium,
562 2162 711 2235 hom.
738 2161 827 2235 {4,
858 2160 1264 2235 iq_Evangeliq_,
1293 2169 1376 2214 est
1396 2175 1694 2231 supremus
1720 2163 1918 2235 intimae
1946 2163 2297 2235 hierarcliim.
2331 2162 2452 2235 Alio
2491 2165 2651 2217 modo
2674 2165 2908 2217 sumitur
2936 2165 3322 2235 communiter,
3357 2165 3569 2219 scilicet

290 2229 393 2304 pro
422 2232 680 2288 omnibus
712 2229 1363 2304 c«e|e_slibus__spiritib_us,
1392 2242 1661 2304 quatenus
1709 2234 1967 2286 nimirum
1999 2242 2126 2286 sunt
2158 2233 2211 2285 in
2243 2234 2661 2304 participatione
2696 2234 2912 2304 virtutis
2939 2233 3157 2287 divinze.
3191 2233 3341 2288 Hanc
3372 2236 3551 2304 distin-

288 2299 533 2361 ctionem
566 2311 793 2373 secutus
816 2301 972 2354 divus
1012 2299 1247 2373 Thomas
1275 2301 1328 2353 in
1365 2301 1537 2373 prima
1567 2312 1750 2370 parte,
1784 2312 1978 2370 quaest.
2042 2304 2164 2362 108.
2203 2299 2362 2358 artic.
2406 2299 2460 2363 5,
2495 2306 2563 2356 :id
2610 2304 2632 2356 l
2675 2322 2688 2357 :
2728 2324 2745 2354 ι
2793 2303 2997 2367 Virtus,
3051 2304 3250 2373 inquit,
3276 2303 3561 2372 dupliciter

290 2376 466 2444 accipi
507 2370 870 2444 potest._Uno
908 2371 1071 2444 modo
1128 2372 1511 2444 communiter,
1568 2374 1869 2444 secundum
1920 2376 2063 2441 quod
2118 2382 2202 2426 est
2245 2374 2417 2427 media
2453 2374 2920 2444 interessentiam
2956 2382 3012 2426 et
3050 2370 3428 2442 operationem
3469 2385 3561 2431 :et

289 2449 375 2502 sic
413 2441 611 2498 omnes
643 2442 895 2496 ccelestes
938 2441 1184 2510 spiritus,
1224 2441 1475 2496 caelestes
1529 2442 1761 2497 virtutes
1809 2453 2213 2507 nuncupantur,
2267 2444 2411 2497 sicut
2436 2453 2492 2497 et
2525 2443 2776 2498 caelestes
2800 2441 3238 2500 essentimJAlio
3263 2446 3444 2506 modo.
3479 2462 3566 2500 se—

288 2518 531 2572 cundum
590 2514 734 2582 quod
783 2512 1040 2581 importat
1087 2511 1375 2580 quemdam
1422 2526 1707 2566 excessum
1774 2512 2108 2567 fortitudinis
2156 2531 2171 2567 :
2213 2521 2285 2583 et
2337 2514 2415 2568 sic
2445 2522 2529 2567 est
2576 2516 2852 2583 proprium
2889 2530 3083 2570 nomen
3128 2517 3359 2571 ordinis.
3410 2514 3562 2571 Unde

290 2586 611 2656 Dionysius
636 2598 764 2656 cap.
813 2583 870 2645 8,
914 2585 1052 2637 dixit
1101 2596 1301 2656 nomen
1346 2583 1603 2656 virtutum
1663 2584 1973 2656 signiﬁcare
2029 2582 2316 2656 quamdam
2362 2582 2672 2656 virilemiet
2729 2587 3107 2640 inconcussam
3157 2586 3568 2650 fortitudinem,

290 2652 471 2727 primo
520 2653 739 2727 quidem
786 2655 852 2707 ad
904 2667 1093 2727 omnes
1139 2652 1353 2707 divinas
1389 2653 1733 2727 opera‘tiones
1766 2654 1900 2722 ipsis
1923 2655 2316 2727 convenientes
2346 2672 2359 2706 :
2386 2654 2628 2727 secundo
2667 2657 2739 2727 ad
2778 2657 2963 2710 divina
2994 2658 3362 2725 suscipienda,
3393 2667 3559 2727 atque

292 2723 371 2782 ita
421 2724 699 2794 signiﬁcat
745 2737 842 2778 eas
878 2725 998 2780 sine
1041 2725 1237 2778 timore
1262 2724 1483 2793 aggredi
1513 2723 1693 2779 divina
1722 2739 1843 2793 qua:
1869 2725 1937 2779 ad
1975 2724 2123 2794 ipsas
2146 2725 2441 2794 pertinent,
2476 2725 2621 2794 quod
2644 2725 2861 2782 videtur
2888 2728 2957 2781 ad
2983 2723 3361 2781 fortitudinem
3397 2723 3568 2779 animi

363 2798 594 2852 rtinere.
638 2812 659 2846 ι

571 2834 594 2851 .
638 2816 659 2846 ι

290 2816 686 2940 Ρυξᾝῗὶξοιε,
733 2879 832 2933 per
855 2864 1089 2940 virtutes
1117 2876 1175 2940 et
1198 2864 1455 2940 energies
1498 2881 1592 2920 seu
1625 2866 2002 2940 operationes,
2039 2879 2146 2940 non
2178 2874 2239 2940 ut
2283 2864 2337 2918 in
2382 2865 2540 2940 nobis
2568 2867 2865 2940 qualitates
2919 2867 3134 2936 aliquas
3166 2867 3569 2940 accidentarias

291 2936 553 3005 intelligi,
581 2936 675 2990 sed
704 2944 765 3007 ut
789 2945 1010 3007 sanctus
1043 2937 1307 3005 Maximus
1336 2937 1403 2989 ad
1444 2946 1605 3005 caput
1631 2946 1883 3006 quartum
1912 2937 1989 2989 De
2020 2936 2216 2990 divinis
2269 2937 2571 2989 nominibus
2610 2940 2709 3002 ait,
2744 2938 2989 3007 ipsaemet
3018 2953 3209 2991 omnes
3238 2947 3446 2992 mentes
3484 2938 3555 2990 in-

292 3008 607 3071 tellectiles,
636 3012 693 3058 et
717 3006 1108 3078 intelligentes,
1135 3019 1191 3062 et
1213 3007 1556 3068 siibstantiai,
1589 3019 1644 3060 et
1668 3008 1922 3069 virtutes,
1946 3016 2000 3060 et
2032 3009 2267 3077 energiae
2295 3016 2421 3060 sunt
2457 3023 2471 3058 :
2505 3006 2811 3077 intelligunt
2833 3010 2975 3062 enim
3008 3018 3064 3061 et
3110 3008 3262 3075 ipsae,
3287 3010 3415 3077 quia
3448 3023 3565 3061 oin—

291 3096 389 3134 nes
424 3085 554 3132 suiit
575 3085 807 3149 mentes,
838 3080 1279 3149 CIWSUbSlalllliE,
1314 3079 1458 3149 vita.
1492 3093 1521 3129 a
1554 3088 1737 3149 mente
1784 3091 2035 3149 suprema
2070 3078 2430 3149 creatagJiiio
2457 3086 2512 3131 et
2542 3080 2780 3149 energise
2830 3079 2939 3132 illic
2974 3094 3071 3147 per
3113 3093 3171 3149 se
3203 3079 3567 3131 subsistentes

290 3162 423 3205 sunt
446 3157 502 3201 et
527 3146 871 3217 substantiae.
904 3148 971 3202 Et
1000 3150 1067 3201 ad
1096 3165 1227 3217 cap..
1249 3149 1279 3201 7
1333 3146 1566 3201 Caelestis
1599 3147 1908 3200 hieran/tia:
1955 3151 2033 3200 ait
2069 3148 2212 3203 idem
2254 3146 2539 3209 Maximus,
2576 3146 2830 3203 non'esse
2859 3146 3081 3202 habitus
3114 3148 3168 3200 in
3206 3150 3420 3217 angelis
3448 3160 3551 3200 tati-

289 3234 460 3289 quam
494 3217 753 3289 accidens
776 3216 828 3269 in
861 3220 1141 3287 subjecm;
1168 3216 1315 3288 quod
1354 3232 1460 3270 non
1491 3219 1666 3271 solum
1702 3234 1890 3272 verum
1917 3227 2001 3289 est
2046 3217 2100 3270 in
2148 3218 2430 3272 liabitibns
2459 3221 2867 3284 inaterialibus,
2889 3229 2945 3271 ut
2971 3228 3199 3272 sanctus
3245 3216 3484 3271 Thomas
3510 3219 3562 3271 iu

290 3285 349 3355 1⁷,
383 3305 445 3354 ιι,
494 3286 654 3357 (1.,5,
688 3285 743 3339 in
782 3302 924 3355 resp.
955 3285 1021 3342 ad
1054 3290 1106 3356 1,
1146 3285 1542 3356 interpretatus
1573 3299 1676 3353 est,
1703 3290 1830 3356 quia
1864 3288 2171 3354 hujusmodi
2229 3290 2468 3352 habitus,
2506 3299 2562 3341 ut
2595 3291 2734 3344 idem
2769 3290 2865 3354 ait,
2912 3300 3039 3343 sunt
3071 3289 3463 3357 diSpositiones
3496 3289 3563 3341 ad

287 3376 414 3416 esse
440 3356 725 3423 naturale;
761 3357 1061 3425 cuiusmodi
1096 3360 1316 3413 habitus
1346 3373 1448 3410 non
1478 3360 1679 3413 habent
1707 3359 1883 3412 locum
1929 3360 1983 3411 in
2017 3360 2247 3427 angelis,
2281 3361 2408 3427 quia
2442 3362 2671 3412 materia
2694 3358 2910 3420 'cai-ent,
2945 3359 3133 3428 quales
3161 3356 3289 3412 Sunt
3319 3359 3560 3428 proprie-

292 3442 436 3486 tates
470 3430 720 3497 quzedam
764 3430 1068 3492 naturales,
1121 3444 1241 3498 quae
1269 3430 1321 3481 in
1373 3430 1627 3482 animatis
1658 3439 1713 3482 et
1757 3430 2070 3482 inaniinatis
2104 3429 2472 3498 reperiuntur,
2505 3440 2561 3483 et
2591 3435 2657 3483 ad
2700 3431 2993 3484 secundani
3023 3430 3259 3496 speciem
3283 3429 3562 3498 qualitatis

289 3501 592 3572 pertinent,
616 3512 737 3566 qua:
775 3499 1030 3572 potentiae
1069 3504 1233 3554 etiam
1266 3500 1545 3572 naturales
1576 3501 1875 3572 dicuntur;
1903 3516 2006 3553 non
2038 3500 2235 3572 solum,
2289 3500 2533 3569 inquam,
2578 3502 2627 3553 in
2676 3500 2983 3566 hujusmodi
3020 3499 3297 3552 liabitibus
3320 3509 3375 3551 et
3406 3500 3558 3553 acci-

289 3570 550 3626 dentibus
574 3583 763 3641 verum
786 3578 903 3633 est,
929 3571 1025 3623 sed
1052 3572 1216 3624 etiam
1272 3570 1326 3623 in
1359 3571 1640 3641 habilibus
1683 3571 1773 3641 qui
1805 3580 1930 3623 sunt
1966 3571 2281 3637 qualitates,
2313 3582 2370 3623 et
2407 3572 2473 3623 ad
2501 3572 2727 3641 primani
2770 3573 3010 3638 speciem
3042 3571 3095 3641 iii
3139 3571 3566 3641 prtedicamcnto

288 3641 577 3712 qualitatis
602 3640 920 3712 pertinent;
954 3655 1103 3712 quos,
1124 3642 1263 3695 idem
1309 3653 1533 3695 sanctus
1564 3639 1805 3693 Thomas
1832 3641 1973 3692 dixit
2010 3641 2235 3712 excludi
2256 3657 2286 3693 a
2331 3652 2525 3694 sancto
2556 3639 2793 3694 Maximo
2822 3642 2873 3694 in
2904 3640 3310 3712 angelis._Quod
3337 3641 3560 3712 quidem

290 3708 400 3766 iioii
430 3713 505 3763 ita
530 3722 673 3771 esse,
697 3725 762 3763 ex
800 3708 1034 3763 Scholiis
1060 3711 1300 3777 ejusdem
1351 3712 1528 3765 sancti
1560 3712 1777 3765 Maximi
1825 3713 1881 3763 iit
1915 3714 2163 3765 eumdem
2200 3710 2522 3779 Dionysium
2583 3712 2821 3780 perspici
2858 3721 3054 3780 potest.
3114 3710 3211 3765 Ubi
3246 3713 3394 3763 enim
3428 3709 3563 3763 dicit

293 3781 613 3852 Dionysius,
642 3796 802 3852 quem
830 3782 985 3834 divus
1013 3780 1257 3852 Thomas
1275 3783 1428 3844 citat,
1464 3782 1517 3835 in
1547 3780 2099 3852 Calestihierarc/iia
2146 3781 2358 3852 cap.i7,
2391 3796 2513 3852 esse
2562 3783 2781 3835 habitus
2814 3783 2866 3852 in
2923 3781 3129 3852 angelis
3160 3781 3563 3852 deil'ormcs,‘id

287 3867 379 3905 est
409 3847 614 3920 quibus
649 3847 760 3921 Deo
807 3852 1200 3921 assiinilatilur,
1240 3851 1521 3905 Scholiutn
1562 3856 1645 3906 his
1674 3851 1854 3906 verbis

1988 3853 2115 3919 ipsit
2155 3871 2165 3904 :
2196 3847 2591 3921 (ﬁngebam,
2628 3852 2709 3903 ὅτι
2742 3852 2798 3903 αἱ
2833 3847 3263 3921 θεῖαιόυνάμεις
3296 3850 3415 3902 καθ’
3450 3847 3562 3916 ἓξιν

294 3942 313 3973 ι
360 3918 546 3993 έχουσι
580 3921 641 3972 τὸ
674 3919 1073 3993 esseea-egi;
1104 3922 1301 3993 Secari.
1336 3921 1557 3992 ποιότης
1597 3922 1850 3993 ἔμμονος.
1900 3918 2185 3993 Ἐντεῦθεν
2211 3918 2302 3973 οὖν
2327 3918 2607 3993 δηλοῦται,
2649 3923 2729 3974 ὅτι
2764 3920 3096 3986 αὐτεξούσιοί
3137 3918 3293 3985 εἰσιν,
3325 3922 3435 3987 ἕξει
3465 3936 3566 3993 ταις

292 4014 314 4045 ι
355 3989 891 4065 ἀρετὰς-κτώ-μεναι.
928 3992 1098 4045 Τοῦτο
1130 3992 1464 4065 πλατύτερον
1498 3989 1737 4065 τιαριστᾷ
1764 3992 2004 4065 ,Ἄμμων
2037 3993 2065 4043 ὁ
2111 3989 2577 4065 Ἀδριανοπολίτης
2617 3994 2675 4045 ὲν
2706 3996 2819 4055 τοῖς
2863 3993 3003 4065 *περὶ
3044 3992 3390 4053 ἀναστάσεως
3416 3991 3562 4057 αὺτῲ

294 4085 314 4115 ι
356 4062 503 4116 κατὰ
539 4062 846 4131 Ὠριγένους
867 4063 1272 4133 γεγραμμένοις
1293 4062 1490 4132 λόγοις.
1520 4082 1541 4115 ι
1573 4062 1731 4127 Nola,
1760 4064 1879 4131 inqu

1984 4066 2125 4130 quod
2149 4064 2342 4116 diviiuc
2365 4062 2663 4134 potestates
2692 4062 2940 4134 (angelos
2954 4062 3117 4130 dicit)
3146 4064 3567 4117 siiiiilituilineni

290 4136 387 4188 Dei
432 4134 740 4189 secundum
790 4135 1036 4187 habitum
1075 4135 1307 4198 habent;
1334 4136 1553 4189 habitus
1578 4145 1757 4188 autem
1784 4144 1868 4188 est
1884 4134 2349 4203 quatitasstabihs
2367 4142 2421 4185 et
2451 4135 2577 4185 lixa.
2609 4133 2744 4187 llinc
2768 4135 2934 4203 igitur
2956 4136 3167 4203 patelit,
3202 4135 3562 4199 quemadmo-

288 4214 421 4257 ttuin
472 4204 629 4257 liberi
662 4203 875 4257 arbitrii
916 4212 1063 4271 sunt,
1095 4206 1363 4273 siquidem
1408 4204 1640 4259 virtutes
1692 4198 2210 4257 habentseCundum
2261 4203 2478 4257 habitus
2510 4198 2830 4273 acquisitas.
2857 4198 3011 4271 Quod
3036 4198 3305 4271 copiosius
3334 4206 3562 4273 Ammon

284 4274 815 4344 Adrianopolitauus
860 4276 1019 4328 docet
1046 4278 1096 4328 in
1143 4272 1207 4329 iis
1242 4291 1365 4344 quae
1412 4286 1603 4328 contra
1629 4274 1920 4343 Origeneiii
1953 4276 2018 4327 de
2050 4276 2450 4327 resurrectione
2475 4277 2695 4344 scripsit
2728 4316 2741 4329 .
2782 4294 2801 4326 ι
2834 4274 3113 4329 Hactenus
3138 4285 3360 4327 sanctus
3389 4272 3555 4325 Maxi-

289 4362 437 4401 uius.
473 4343 587 4398 llos
612 4360 744 4413 ergo
774 4345 993 4397 habitus
1025 4346 1159 4401 dicit
1186 4343 1409 4401 sanctus
1442 4345 1708 4398 Maximus
1756 4359 1864 4398 non
1917 4359 2039 4398 esse
2069 4355 2331 4412 tanquam
2362 4343 2622 4399 accidens
2652 4346 2702 4398 in
2728 4346 2998 4414 subjecto,
3031 4346 3175 4397 sicut
3203 4344 3255 4396 in
3286 4344 3481 4406 nobis;
3509 4353 3562 4396 et

288 4417 569 4469 rationem
604 4415 877 4487 reddidit,
903 4415 1030 4483 quia
1060 4417 1239 4487 angeli
1266 4427 1458 4470 carent
1487 4417 1714 4469 materia
1754 4426 1808 4469 et
1843 4417 1989 4468 omni
2033 4415 2319 4487 tiiateriali:
2343 4417 2757 4483 compositione.
2825 4415 2982 4484 103
3024 4416 3337 4487 Dicendum
3364 4484 3371 4487 Α
3398 4416 3563 4487 igitur

286 4495 375 4540 est
421 4484 773 4555 summatim,
828 4489 1102 4553 quomodo
1140 4484 1199 4539 in
1253 4487 1409 4541 nobis
1455 4487 1565 4540 sint
1608 4487 1825 4540 habitus
1874 4486 2113 4538 scientiae
2155 4495 2212 4538 et
2256 4488 2536 4551 virtutum,
2597 4497 2850 4555 tanquam
2882 4486 3185 4540 accidentia
3214 4484 3560 4549 insubjecto,

287 4566 351 4608 ut
380 4565 609 4609 sanctus
642 4553 911 4609 Maximus
937 4564 1087 4610 recte
1110 4557 1266 4610 dixit.
1297 4557 1523 4610 llabitus
1550 4558 1792 4611 scientiae
1824 4558 1875 4608 in
1908 4556 2066 4609 nobis
2099 4555 2401 4622 acquiritur
2424 4553 2809 4626 priiicipioper
2831 4556 3248 4611 conversionem
3285 4556 3350 4606 ad
3384 4557 3561 4620 phan-

292 4637 553 4685 tasmata,
598 4642 718 4693 quin
747 4636 873 4678 sunt
906 4627 957 4679 in
1006 4629 1266 4692 potentiis
1313 4628 1689 4681 materialibus
1740 4642 2015 4686 sensuum,
2070 4628 2211 4679 unde
2260 4627 2614 4681 materialiter
2639 4637 2694 4681 et
2730 4627 3070 4697 dispositive,
3116 4635 3173 4678 ut
3202 4626 3299 4697 ait
3331 4634 3558 4697 sanctus

289 4698 561 4760 Thomas,
595 4706 771 4767 actus,
800 4713 866 4750 ex
904 4711 1011 4765 quo
1044 4698 1260 4753 habitus
1290 4710 1603 4767 generatur,
1632 4700 1685 4751 in
1730 4697 1987 4766 potentiis
2032 4697 2305 4750 sensitivis
2332 4706 2433 4750 est.
2472 4697 2675 4752 Idcirco
2698 4694 2969 4765 corruian
2997 4708 3173 4765 potest
3199 4695 3251 4747 in
3283 4694 3561 4767 intellectu

292 4769 516 4821 habitus
552 4766 796 4819 scientiae
829 4764 927 4835 per
955 4764 1376 4822 oblivioneiii'ex
1422 4782 1580 4836 parte
1628 4764 1926 4833 memoriae,
1958 4768 2011 4819 in
2046 4783 2153 4835 qua
2199 4776 2488 4820 servantur
2529 4764 2929 4835 phantasmata
2962 4764 3265 4827 seiisiliuin,
3298 4783 3326 4816 ιι
3362 4764 3563 4833 quibus

288 4838 509 4902 species
540 4836 882 4907 intellectiles
912 4840 1306 4892 abstraliuntur
1338 4862 1349 4893 ;
1381 4851 1437 4893 et
1466 4854 1562 4907 per
1610 4841 1986 4907 deceptionein
2035 4840 2184 4890 falsa:
2228 4840 2740 4906 argumentationis,
2775 4854 2879 4905 qua
2905 4842 3166 4893 suadetur
3218 4836 3556 4890 contrarium

286 4912 407 4977 eius
442 4906 588 4976 quod
619 4909 774 4975 prius
800 4910 1101 4978 sciebatur.
1128 4911 1391 4962 Neutrum
1424 4906 1604 4963 autem
1652 4906 1847 4962 horum
1883 4910 1936 4961 iii
1966 4910 2161 4976 angelo
2196 4910 2421 4961 evenire
2455 4919 2659 4978 potest,
2689 4912 2779 4977 qui
2815 4926 2913 4963 nec
2941 4908 3190 4963 oblivisci
3239 4914 3434 4974 potest,
3465 4920 3562 4978 nc-

286 4975 397 5045 q'iie
421 4975 635 5049 decipi;
667 4978 795 5046 quia
828 4977 967 5032 liber
991 4982 1055 5033 ab
1090 4981 1237 5033 omni
1274 4983 1499 5034 materia
1525 4996 1624 5049 per
1650 4982 1858 5049 Species
1889 4975 2070 5031 rerum
2105 4993 2134 5030 a
2177 4978 2289 5032 Deo
2336 4975 2535 5034 indiias
2564 4989 2617 5033 et
2644 4975 3004 5048 icungenitas,
3035 4981 3233 5047 quibus
3264 4975 3559 5049 habituali-

288 5062 401 5111 tcr,
438 5057 500 5099 ut
544 5048 630 5119 ait
673 5058 898 5103 sanctus
950 5050 1213 5115 Thomas,
1264 5047 1567 5119 perﬁcitur,
1616 5047 1806 5104 omnes
1847 5058 2068 5101 naturas
2115 5064 2295 5119 rerum
2347 5052 2491 5103 scire
2527 5060 2725 5118 potest.
2767 5047 2948 5116 Quare
3002 5050 3308 5116 hujusmodi
3344 5047 3566 5099 habitus

288 5136 399 5171 non
430 5128 516 5171 est
539 5118 593 5170 in
616 5133 682 5173 eo
704 5123 817 5193 tale
845 5122 1100 5193 accidens
1123 5118 1282 5188 quale
1312 5126 1367 5174 in
1403 5124 1579 5185 nobis,
1612 5133 1670 5174 ut
1701 5122 1840 5174 dixit
1871 5132 2094 5193 sanctus
2124 5118 2413 5193 Maximus,
2446 5138 2546 5175 nec
2591 5124 2706 5191 ipse
2738 5123 2962 5193 angelus
2990 5120 3303 5193 huiusmodi
3329 5119 3561 5193 habitus

290 5200 557 5256 tanquam
599 5190 897 5261 accidentis
923 5187 1229 5260 subjectum
1258 5202 1379 5257 est;
1425 5195 1518 5247 sed
1551 5194 1733 5261 potius
1780 5194 1861 5245 sic
1886 5190 2193 5259 hujusmodi
2228 5192 2447 5245 habitus
2477 5194 2533 5245 in
2575 5187 2642 5247 eo
2674 5204 2776 5255 est,
2818 5187 2878 5246 ῐιι
2917 5196 3090 5245 virtus
3115 5187 3468 5243 calefaciendi
3498 5202 3563 5238 in

288 5274 437 5333 igne,
475 5269 535 5333 ut
567 5262 645 5313 ait
672 5260 829 5333 idem,
851 5274 1073 5333 sanctus
1102 5261 1395 5317 Maximus.
1438 5260 1704 5317 Similiter
1737 5263 1956 5316 habitus
1984 5271 2240 5333 virtutum
2281 5276 2417 5329 quas
2448 5279 2544 5333 per
2572 5281 2790 5317 sensum
2840 5266 3103 5331 capimus,
3142 5274 3201 5313 ut
3224 5264 3299 5311 ait
3334 5268 3561 5311 saucies

289 5329 631 5394 Uiadoclius,
666 5332 720 5383 in
776 5330 917 5383 libro
942 5331 1016 5385 De.
1044 5333 1368 5400 perfectione
1397 5335 1653 5398 spiritali,
1685 5336 1735 5386 id
1772 5344 1853 5387 est
1895 5348 1992 5401 per
2024 5331 2232 5398 justum
2275 5350 2428 5385 usum
2449 5329 2758 5394 'scusuum,
2787 5345 2841 5387 et
2872 5329 3059 5387 earum
3093 5347 3273 5384 rerum
3307 5344 3427 5395 qua:
3453 5334 3558 5380 sub

290 5414 489 5477 sensus
540 5404 768 5477 cadunt,
799 5416 936 5468 quas
966 5405 1120 5477 Isaac
1172 5404 1345 5474 Syrus
1378 5404 1652 5477 ἐξωτέρας
1684 5403 1914 5469 τάξεως,
1964 5404 2017 5477 id
2041 5413 2168 5477 __est,
2218 5407 2499 5459 exterioris
2553 5408 2753 5458 ordinis
2788 5416 2964 5468 vocat,
3002 5404 3055 5456 in
3092 5406 3250 5455 nobis
3296 5413 3558 5465 tanquam

291 5471 596 5524 accidentia
630 5474 824 5526 adesse
870 5484 927 5527 et
954 5476 1147 5529 abesse
1174 5471 1442 5545 pessum;
1475 5471 1600 5546 quia
1641 5488 1769 5533 sunt
1800 5473 2164 5530 iiiaterialitei-
2202 5478 2257 5530 in
2311 5478 2564 5546 potentiis
2595 5477 2874 5534 sensitivis
2896 5515 2914 5543 ,
2967 5486 3024 5530 et
3054 5482 3307 5542 tanquam
3342 5486 3395 5522 in
3425 5480 3558 5523 sub-

1615 5637 1845 5695 VABIAS
1886 5641 2063 5697 LECT
2069 5639 2177 5696 1οΝ
2186 5639 2289 5695 ES.

363 5791 412 5822 ”
463 5792 579 5856 lege
624 5790 1011 5858 ἀποκαλῶμεν.
