3908 6232
786 320 873 375 DE
905 318 1233 377 C(ELESTI
1269 319 1716 391 lllEliARCIllA,
1752 323 1903 380 CAP.
1942 323 2032 378 XI.
2069 355 2139 365 --
2172 324 2524 381 PARAPHR.
2562 326 3041 383 PACIIYMERIE.

3462 326 3568 380 290

281 440 468 513 ἱερεὺς
502 440 732 493 δύναται
773 442 945 492 ποιεῖν
982 440 1078 493 ὅλα
1113 442 1265 512 ποιρά
1306 440 1377 493 τά
1422 440 1531 493 τῶν
1568 439 1873 493 ὑποδεεστέ

1992 440 2113 494 chia
2167 440 2447 497 caelestem
2504 442 2757 497 ordinem
2816 443 3086 497 imitatur.
3116 440 3249 496 Nam
3310 444 3568 495 sacerdos

282 551 413 605 ρων,
450 534 618 602 ήγουν
640 530 905 584 διακόνων
940 534 1031 585 καὶ
1061 533 1171 585 τῶν
1202 532 1348 603 ἑξῆς·
1384 536 1413 585 ὁ
1444 532 1499 585 δὲ
1532 532 1777 593 διάκονος
1816 530 1885 583 τὰ

279 623 391 677 τῶν
436 623 630 695 ίερέων
663 624 767 675 οὐκ
815 623 1210 693 ἐπιτέτραπται
1255 626 1449 677 ποιεῖν.
1491 623 1584 694 Μὴ
1632 622 1763 691 γοῦν
1798 621 1885 675 διὰ

279 713 442 764 τοῦτο
474 711 684 783 οἰηθείη
712 730 815 775 τις,
852 713 1073 776 ἁπάσας
1104 712 1204 775 τὰς
1240 713 1539 781 ἀγγελικάς
1573 713 1763 766 οὐσίας
1788 712 1884 763 δυ·-

279 804 475 871 νάμεις
499 801 777 870 λέγεσθαι,
820 802 900 854 ὅτι
923 802 1063 871 τάχα
1098 806 1151 855 αἱ
1189 803 1452 873 δυνάμεις
1483 804 1673 873 τάγμα
1694 803 1882 855 τελευ-

276 896 426 947 ταῖόν
452 896 620 947 ἐστιν’
657 897 706 947 οί
731 896 838 966 γὰρ
856 895 1098 963 ἄγγελοι,
1117 897 1210 949 καὶ
1232 896 1337 967 πρὸ
1360 896 1567 948 τούτων
1589 898 1637 948 οί
1668 896 1883 965 ἀρχάγ-

277 996 447 1062 γελοι,
485 996 579 1048 καὶ
612 997 666 1049 αί
692 997 875 1066 ἀρχαὶ,
894 997 985 1048 καὶ
1010 995 1089 1048 ἔτι
1126 996 1231 1049 ἀπὸ
1255 997 1352 1067 τῆς
1372 997 1629 1067 δευτέρας
1660 997 1881 1067 τριάδος

278 1091 336 1139 αἱ
372 1088 608 1153 ἐξουσίαι
634 1129 647 1151 ,
689 1088 827 1159 μετὰ
874 1089 973 1151 τὰς
1008 1089 1267 1159 δυνάμεις
1304 1091 1409 1142 ὑπὸ
1458 1091 1558 1160 τῆς
1601 1089 1883 1157 θεολογίας

278 1181 588 1233 τάττονται’
616 1180 730 1233 ἀλλ’
762 1182 912 1251 ὅμως
947 1181 1141 1244 κοινῶς
1172 1184 1265 1235 καὶ
1296 1180 1470 1235 ταῦτα
1505 1181 1575 1234 τά
1616 1182 1875 1235 ὑποκάτω

277 1273 538 1341 τάγματα
560 1272 817 1343 δυνάμεις
847 1270 1165 1325 καλοῦνται.

354 1453 382 1525 ς
418 1456 487 1507 ll.
522 1455 769 1526 Λέγομεν
792 1454 990 1519 τοίνυν,
1014 1455 1118 1519 ὅτι,
1144 1454 1342 1518 κοινῶς
1366 1455 1461 1508 ἐπὶ
1494 1457 1627 1509 πᾶσι
1664 1473 1880 1528 κεχρη-

283 1548 434 1617 μένοι
474 1547 553 1619 τῷ
597 1548 695 1619 τῆς
739 1548 1022 1619 δυνάμεως
1056 1548 1319 1619 ὀνόματι,
1364 1550 1424 1603 οὐ
1462 1549 1724 1620 σύγχυσίν
1756 1568 1875 1603 τινα

280 1642 512 1695 ἑκάστου
540 1640 831 1711 εἰσάγομεν
858 1641 1160 1712 τάγματος,
1182 1641 1258 1705 ὡς
1278 1642 1410 1713 φέρε
1445 1643 1643 1705 εἰπεῖν,
1663 1642 1758 1695 νῦν
1780 1644 1876 1713 μὲν

278 1728 536 1798 λέγεσθαι
567 1728 710 1793 ίδίως
741 1728 840 1793 τὰς
878 1730 937 1782 ὲν
970 1732 1038 1800 τῇ
1071 1729 1302 1802 δευτέρᾳ.
1333 1732 1511 1802 τριάδι
1558 1731 1701 1785 κατά
1726 1730 1876 1795 τάξιν

1986 539 2167 599 potest
2196 529 2380 584 facere
2408 545 2744 601 quaecunque
2770 533 2993 586 ordines
3020 530 3332 594 inferiores,
3359 530 3567 583 scilicet

1986 622 2201 676 diaconi
2243 630 2300 676 et
2329 632 2617 693 sequentes
2650 662 2664 687 ,
2718 639 2906 677 verum
2956 639 3059 676 non
3117 622 3438 692 permissum
3484 630 3569 676 est

1986 712 2219 766 diacono
2249 714 2594 766 sacerdotum
2625 712 2808 768 munia
2862 728 3152 783 peragere.
3208 712 3325 766 Non
3379 712 3563 779 itaque

1986 802 2191 856 idcirco
2219 805 2344 871 quis
2367 803 2643 858 existimet
2669 843 2683 867 ,
2736 820 2930 860 omnes
2976 805 3250 875 angelieas
3292 803 3566 859 essentias

1984 893 2218 948 virtutes
2251 896 2536 965 appellari,
2578 898 2721 967 quod
2766 898 2908 952 forte
2952 898 3181 951 virtutes
3224 896 3401 950 ultimi
3449 894 3558 950 sint

1984 984 2232 1043 ordinis;
2266 1001 2393 1040 nam
2441 988 2664 1057 angeli,
2706 996 2763 1043 et
2818 996 2943 1041 ante
2996 988 3096 1043 hos
3147 987 3459 1058 archangeli
3506 998 3564 1043 et

1986 1078 2364 1147 principatus,
2422 1091 2588 1150 atque
2644 1083 2868 1151 insuper
2919 1083 2972 1136 in
3026 1084 3269 1138 secundo
3324 1085 3564 1137 ternario

1984 1181 2306 1238 potestates,
2339 1182 2457 1242 post
2484 1175 2715 1229 virtutes
2763 1190 2792 1227 a
2846 1175 3117 1245 theologia
3170 1177 3560 1247 collocantur;

1984 1274 2226 1319 attamen
2262 1267 2313 1319 iu
2344 1269 2621 1323 communi
2660 1267 2823 1323 etiam
2877 1267 2931 1322 hi
2982 1270 3203 1324 ordines
3250 1270 3560 1339 inferiores,

1986 1372 2005 1407 \
2019 1355 2215 1412 irtutes
2243 1358 2610 1427 appellantur.

2056 1446 2169 1517 §ll.
2213 1448 2451 1502 Dicimus
2475 1449 2662 1518 itaque
2699 1464 2797 1502 nos
2823 1489 2836 1512 ,
2868 1464 2989 1502 cum
3029 1452 3297 1505 communi
3341 1453 3562 1509 virtutis

1983 1538 2200 1591 nomine
2257 1539 2310 1591 in
2366 1540 2623 1594 omnibus
2685 1540 2931 1605 utimur,
2991 1542 3195 1596 nullam
3282 1546 3559 1601 confusio-

1984 1643 2108 1681 nem
2161 1628 2372 1683 ordinis
2438 1630 2764 1698 cujusquam
2848 1632 3234 1700 introducere,
3293 1646 3352 1691 ut
3406 1642 3558 1696 verbi

1981 1720 2195 1787 gratia,
2250 1721 2411 1775 modo
2488 1723 2706 1790 quidem
2781 1724 3000 1792 proprie
3072 1711 3304 1782 virtutes
3370 1732 3559 1799 appel—

278 1817 708 1888 δευτερευούσας
737 1819 1015 1889 δυνάμεις,
1056 1819 1151 1873 νῦν
1184 1820 1241 1873 δὲ
1282 1821 1497 1875 ἅπαντα
1538 1821 1608 1875 τά
1649 1822 1873 1894 οὐράνια

1979 1810 2153 1864 lenius
2203 1809 2359 1879 105
2422 1826 2515 1866 eas
2540 1826 2661 1880 qua:
2694 1813 2746 1866 in
2781 1816 3019 1870 secundo
3068 1817 3261 1871 ordine
3308 1823 3561 1875 secunda:

277 1909 558 1979 τάγματα·
598 1908 712 1962 ἀλλ’
736 1909 1024 1981 ὁμώνυμόν
1050 1912 1196 1965 ἐστιν
1221 1912 1389 1983 ὄνομα
1415 1915 1469 1965 αἱ
1492 1913 1767 1984 δυνάμεις
1786 1915 1875 1968 λέ·-

278 2017 443 2068 γεται
488 2000 600 2071 γάρ
651 2000 794 2055 οὑτω
839 2003 933 2055 καὶ
976 2002 1038 2056 τὸ
1088 2004 1253 2057 ίδικὸν
1304 2006 1508 2076 τάγμα,
1555 2007 1646 2060 καὶ
1680 2008 1874 2071 κοινῶς

279 2090 465 2143 πάντα
494 2091 565 2144 τὰ
596 2092 870 2161 τάγματα,
904 2092 980 2156 ὡς
1011 2092 1239 2164 δύναμιν
1268 2094 1459 2163 ἔχοντά
1481 2112 1619 2147 τινα.
1661 2096 1876 2168 Ἐπειδὴ

277 2190 466 2242 τοίνυν
499 2191 580 2253 εἰς
604 2190 732 2261 τρία
761 2190 1049 2261 διῄρηνται
1083 2189 1161 2261 τῷ
1189 2191 1308 2243 κατ’
1338 2190 1539 2254 αὐτοὺς
1565 2191 1753 2264 ὑψηλῷ
1785 2191 1873 2244 λό-

278 2298 366 2351 γῳ
391 2282 482 2351 (τά
507 2281 618 2352 γάρ
653 2281 835 2353 ὑψηλά
858 2282 1101 2353 ὑψηλῶς,
1138 2285 1234 2335 καὶ
1254 2281 1323 2335 τά
1345 2283 1690 2354 ὑπερκόσμια
1707 2285 1877 2356 ὑπερ-

280 2372 528 2443 κοσμίως
574 2373 845 2442 ὀφείλουσι
888 2373 1226 2445 λέγεσθαι),
1262 2373 1553 2445 διῄρηνται
1596 2375 1776 2427 τοίνυν
1826 2378 1873 2427 οἱ

281 2463 413 2516 θεῖοι
448 2463 568 2528 νόες
601 2465 680 2528 είς
712 2465 921 2529 οὐσίαν,
951 2465 1031 2527 είς
1062 2464 1309 2534 δύναμιν,
1340 2464 1432 2518 καὶ
1468 2464 1769 2536 ἐνέργειαν,
1798 2464 1875 2529 ὡς

280 2555 344 2607 ὲν
368 2554 751 2624 ὑποδείγματι,
784 2555 975 2609 οὐσίαν
1014 2555 1111 2625 μὲν
1143 2551 1280 2608 εἶναι
1314 2555 1413 2625 τὴν
1449 2554 1543 2607 τοῦ
1580 2555 1749 2626 πυρὸς
1770 2555 1873 2624 φύ-

285 2661 392 2708 σιν,
417 2644 648 2717 δύναμιν
670 2647 727 2699 δὲ
759 2647 966 2717 ταύτης
991 2646 1052 2699 τὸ
1089 2646 1414 2716 φωτιστικὸν
1442 2648 1533 2699 καὶ
1559 2646 1619 2699 τὸ
1652 2664 1875 2700 καυστι-

282 2740 400 2807 κὺν,
428 2742 707 2814 ἐνέργειαν
733 2743 788 2796 δὲ
820 2743 882 2796 τὸ
912 2742 1011 2812 τῆς
1055 2742 1335 2812 δυνάμεως
1369 2741 1734 2812 ἀποτέλεσμα,
1765 2735 1874 2795 οἷον

280 2835 349 2886 τὸ
380 2834 639 2903 φωτίζειν
685 2836 781 2887 καὶ
823 2834 885 2887 τὸ
930 2835 1128 2887 καίειν.
1178 2834 1392 2905 Ἐπειδὴ
1424 2832 1598 2886 ταῦτα
1649 2836 1875 2887 καὶκα-

281 2924 506 2977 λοῦνται
541 2923 801 2988 πολλάκις
846 2924 941 2976 καὶ
977 2925 1042 2976 ὲκ
1077 2924 1177 2994 τῆς
1221 2924 1441 2988 οὐσίας,
1495 2924 1583 2976 ὅτε
1630 2923 1875 2992 λέγονται

286 3016 458 3086 νόεςῆ
485 3016 789 3087 πνεύματα·
837 3015 1126 3069 καλοῦνται
1168 3016 1260 3068 xal.
1298 3014 1405 3068 ἀπὸ
1439 3016 1539 3086 τῆς
1572 3015 1872 3087 ἐνεργείας,

284 3112 376 3163 ὅτε
410 3109 633 3178 ἄγγελοι
675 3110 945 3178 λέγονται·
982 3110 1083 3162 οὐκ
1116 3108 1420 3171 ἀπεικότως
1452 3108 1740 3163 καλοῦνται
1780 3109 1874 3163 καὶ

285 3200 397 3255 ἀπὺ
428 3201 527 3270 τῆς
551 3199 836 3270 δυνάμεως
866 3199 1144 3269 δυνάμεις.
1184 3200 1313 3250 Ὅτε
1343 3197 1521 3251 τοίνυν
1564 3198 1807 3259 ἅπαντας
1837 3195 1870 3267 ἢ

282 3291 440 3354 τινὰς
473 3290 673 3355 αὐτῶν,
701 3290 824 3360 δίχα
854 3290 997 3353 τινὸς
1030 3290 1482 3361 παρατηρήσεως,
1506 3287 1763 3359 οὐρανίας
1785 3287 1876 3339 οὐ-

287 3382 410 3447 σίας
452 3384 485 3454 ῆ
513 3382 772 3454 οὐρανίας
811 3382 1068 3453 δυνάμεις
1099 3378 1482 3450 ἁποκαλοὺμεν
1501 3418 1515 3442 ,
1554 3379 1760 3449 οἰητέον
1784 3380 1876 3449 ἐμ-

285 3476 504 3544 φαίνειν
537 3475 634 3527 καὶ
656 3473 987 3553 ἐκδεικνὺειν
1022 3474 1169 3544 ἡμᾶς
1202 3473 1399 3535 αὐτοὺς
1430 3472 1557 3535 τοὺς
1582 3471 1710 3542 περὶ
1740 3464 1813 3524 ὧν
1846 3472 1875 3523 ό

286 3565 463 3635 λόγος,
499 3567 643 3620 κατά
667 3583 787 3619 τινα
817 3566 1081 3637 περισσὴν
1108 3564 1329 3635 φράσιν·
1372 3564 1491 3617 ἀντὶ
1524 3562 1631 3633 γάρ
1664 3561 1757 3614 τοῦ
1798 3563 1876 3614 εί-

289 3665 411 3714 πεῖν
442 3660 729 3728 ἀγγέλους,
763 3659 993 3729 λέγομεν
1024 3656 1279 3729 οὐρανίας
1311 3656 1516 3718 οὐσίας,
1552 3654 1585 3725 ἢ
1618 3654 1876 3724 οὐρανίας

284 3742 568 3826 δυνάμεις,
608 3754 673 3806 ὲκ
704 3753 802 3823 τῆς
842 3752 1029 3821 κοινῆς
1067 3750 1247 3804 αὐτῶν
1283 3748 1491 3812 οὐσίας,
1529 3747 1562 3818 ἢ
1600 3748 1693 3799 καὶ
1715 3746 1874 3799 δυνά-

288 3863 458 3917 μεως,
484 3846 584 3916 τῆς
609 3843 730 3896 καθ’
755 3844 983 3896 ἕκαστον
1013 3841 1416 3911 ἐμφαινομένης
1449 3838 1646 3892 αὐτῶν.
1672 3839 1745 3890 Οὐ
1770 3837 1875 3909 μὴν

282 3940 343 3993 δὲ
367 3938 603 4009 οἰητέον,
641 3936 976 4007 προσάπτειν
1011 3933 1157 4003 ἡμᾶς
1187 3935 1305 3995 ταῖς
1341 3929 1767 4000 ὑποϐεϐηκυίαις
1786 3928 1876 3981 οὐ-

286 4031 436 4094 σίαις
478 4029 577 4101 τὴν
616 4028 852 4097 ἰδιότητα
892 4025 1001 4078 τῶν
1033 4025 1214 4088 καλῶς
1243 4024 1673 4095 διακεκριμένων
1707 4022 1875 4089 ἁγίων

283 4124 573 4194 δυνάμεων
620 4121 715 4194 (αἳ
751 4121 816 4191 δὴ
851 4120 1004 4188 ἆγιαι
1050 4117 1307 4188 δυνάμεις
1338 4114 1730 4188 ὑπερκείμεναί
1769 4114 1874 4166 είσι

454 4214 524 4267 τά
563 4210 872 4283 ὑφειμένα).
915 4211 1085 4264 Τοῦτο
1120 4209 1229 4282 γάρ
1276 4209 1398 4280 ἐμοὶ
1451 4208 1627 4276 λόγος,
1670 4207 1759 4258 ἵνα
1798 4203 1874 4276 μὴ

281 4306 493 4378 οἰηθείη
520 4305 604 4367 τίς
640 4321 694 4356 τι
730 4301 989 4365 τοιοῦτον,
1026 4301 1107 4353 ὅτι
1141 4298 1530 4370 προσάπτομεν
1565 4298 1685 4357 ταῖς
1720 4294 1873 4363 ὑφει-

284 4401 480 4475 μέναις
502 4397 572 4450 τά
605 4396 995 4467 ὑπερκείμενα.
1020 4395 1127 4447 Καὶ
1150 4392 1347 4463 λύομεν
1364 4389 1609 4443 ἐντεῦθεν
1632 4389 1731 4458 τὴν
1748 4386 1875 4457 περὶ

279 4492 398 4555 τοῦ,
438 4490 555 4551 πῶς
587 4487 781 4551 κοινῶς
812 4487 881 4540 τά
911 4486 1134 4558 οὐράνια
1154 4486 1406 4555 τάγματα
1428 4483 1673 4551 λέγονται
1705 4482 1870 4549 ἄγγεέ
1901 4509 1948 4567 D

280 4582 397 4641 λοι,
444 4575 811 4631 διδασκαλίαν.
854 4575 989 4646 Περὶ
1041 4574 1097 4627 δὲ
1143 4573 1253 4627 τῶν
1301 4571 1711 4644 ὑπερκειμένων
1774 4568 1867 4620 καὶ

282 4671 456 4733 αὐτάς
488 4670 587 4732 τὰς
615 4668 891 4738 δυνάμεις,
925 4667 1099 4731 οὐδείς
1139 4684 1229 4738 μοι
1268 4666 1444 4734 λόγος,
1484 4665 1533 4716 εἰ
1570 4664 1663 4715 καὶ
1695 4659 1866 4713 ταῦτα

278 4761 544 4829 δυνάμεις
586 4756 895 4810 καλοῦνται·
946 4756 1083 4809 αὐτά
1123 4756 1232 4828 γάρ
1263 4756 1339 4818 ὡς
1386 4754 1755 4825 ὑπερκείμενα
1799 4751 1869 4803 τά

278 4849 556 4920 προσόντα
588 4849 701 4909 τοῖς
735 4846 1045 4915 ὑφειμένοις
1069 4846 1264 4909 ὑλικῶς
1299 4845 1500 4915 ἔχουσι,
1534 4843 1603 4895 τά
1624 4842 1681 4896 δὲ
1717 4844 1870 4911 ὑφει-

282 4941 425 5010 μένα
448 4939 518 4991 τά
550 4937 659 4990 τῶν
692 4937 1104 5009 ὑπερκειμένων
1136 4938 1234 5008 οὐχ
1256 4935 1448 5000 ὑλικῶς
1474 4936 1707 5005 ἔχουσιν,
1734 4932 1868 4987 ἀλλά

282 5031 550 5104 μερικῶς.
571 5032 731 5083 Ὅθεν
756 5031 855 5082 οὐκ
878 5029 1255 5099 ἀνατρέπομεν
1270 5030 1415 5100 τὴνὴ
1428 5029 1551 5099 μετὲ
1562 5046 1659 5100 ραν
1685 5030 1866 5081 όπωσ-

278 5126 375 5178 οἷον
408 5123 779 5178 διδασκαλίαν·
818 5122 959 5174 κατὰ
995 5122 1103 5193 γάρ
1146 5122 1236 5174 τὸν
1272 5121 1530 5184 πολλάκις
1556 5123 1686 5192 ἡμῖν
1728 5122 1867 5173 ἀπο-

277 5216 507 5269 δοθέντα
539 5215 693 5282 λόγον
721 5214 849 5284 περὶ
882 5211 1081 5275 αὐτῶν,
1118 5214 1171 5264 αἱ
1192 5212 1289 5283 μὲν
1317 5212 1746 5283 ὑπερϐεϐηκυῖαι
1766 5210 1865 5275 τὰς

277 5308 392 5362 τῶν
428 5306 735 5377 ὑφειμένων
754 5305 966 5375 ἔχουσιν
996 5304 1283 5375 ἰδιότητας,
1313 5304 1448 5357 ἀλλά
1471 5304 1768 5376 περισσῶς,
1792 5304 1868 5367 ὼς

280 5401 377 5453 καὶ
411 5398 570 5451 πλέον
597 5415 649 5449 τι
676 5396 915 5467 ἕχουσαι’
944 5398 998 5448 αἱ
1022 5396 1079 5448 δὲ
1100 5395 1408 5448 τελευταῖαι
1427 5396 1526 5459 τὰς
1559 5394 1668 5448 τῶν
1697 5398 1867 5467 ὑπερ-

280 5499 591 5570 εεϐηκυιῶν
614 5497 871 5567 όλότητας
902 5496 1170 5566 οὐδαμῶς,
1211 5497 1449 5568 μερικῶς
1485 5499 1542 5551 δὲ
1576 5500 1654 5563 είς
1699 5498 1867 5562 αὐτάς

278 5596 336 5646 αἱ
365 5588 743 5663 πρωτοφανεῖς
775 5588 1071 5658 ὲλλάμψεις
1092 5587 1179 5639 διὰ
1198 5587 1321 5640 τῶν.
1343 5588 1573 5660 πρώτων
1589 5590 1865 5659 ἀναλόγως

280 5688 392 5746 τῆς
428 5685 808 5754 ὑποκειμένοις
829 5681 1335 5754 διαπορθμεύονται.
1362 5686 1521 5737 Δοκεί
1542 5685 1598 5737 δέ
1626 5702 1743 5748 πως
1777 5687 1863 5737 ὲν-

282 5775 455 5828 ταῦθα
476 5776 675 5844 λέγειν,
711 5777 790 5829 ὅτι
825 5780 944 5830 κατ’
978 5777 1132 5844 ἀξίαν
1167 5779 1219 5830 αἱ
1255 5777 1541 5845 ἀγγελικαὶ
1566 5778 1866 5848 διακοσμή-

1979 1911 2129 1966 sunt,
2155 1904 2316 1958 modo
2344 1918 2475 1958 vero
2517 1919 2708 1961 omnes
2750 1907 2971 1963 ordines
3019 1909 3315 1965 ctelestes:
3365 1927 3557 1969 verum

1980 1996 2082 2050 hoc
2113 2012 2313 2053 nomen
2360 1998 2581 2052 virtutis
2608 2009 2691 2054 est
2718 2001 3098 2069 mquivocum;
3132 2018 3255 2057 nam
3289 2013 3396 2059 tam
3422 2010 3556 2060 ordo

1977 2087 2230 2157 proprius
2260 2102 2425 2158 quam
2467 2089 2521 2142 in
2558 2090 2840 2144 communi
2873 2104 3065 2146 omnes
3091 2093 3311 2149 ordines
3344 2096 3416 2149 ita
3452 2112 3551 2150 uo-

1977 2179 2276 2245 minantur,
2304 2189 2491 2249 utpote
2515 2180 2695 2249 aliqua
2722 2182 2929 2237 virtute
2953 2183 3185 2251 prwdili.
3211 2184 3343 2240 Cum
3373 2189 3557 2258 itaque

1975 2286 2076 2340 pro
2107 2272 2329 2326 sublimi
2361 2289 2457 2327 sua
2492 2274 2707 2330 ratione
2757 2276 2809 2329 in
2869 2276 2973 2330 tria
3024 2276 3360 2345 dividantur,
3393 2277 3553 2349 (nam

1974 2363 2229 2417 sublimia
2280 2365 2592 2420 sublimiter
2623 2378 2676 2421 et
2720 2368 3165 2436 supermundalia
3220 2386 3554 2440 supramun-

1974 2454 2192 2510 dialiter
2222 2456 2482 2526 distingui
2513 2456 2748 2529 debent)
2780 2460 3098 2514 dividuntur
3125 2501 3139 2525 ,
3171 2461 3391 2530 inquam
3417 2502 3434 2528 ,
3467 2463 3553 2516 di-

1974 2554 2116 2606 vinae
2140 2561 2356 2609 mentes
2418 2554 2473 2607 in
2526 2554 2843 2620 essentiam,
2876 2555 2929 2609 in
2962 2556 3243 2621 virtutem,
3273 2565 3330 2612 et
3358 2572 3554 2626 opera-

1976 2645 2213 2711 tionem;
2252 2646 2325 2699 ita
2364 2654 2445 2709 ut,
2475 2646 2707 2716 exempli
2740 2648 2937 2717 gratia,
2971 2651 3207 2703 essentia
3233 2650 3451 2718 quidem
3483 2651 3556 2705 sit

1975 2748 2171 2793 natura
2199 2738 2365 2809 ignis,
2396 2740 2570 2794 virtus
2597 2755 2727 2794 vero
2763 2742 2845 2795 vis
2873 2741 3219 2795 illuminandi
3252 2752 3308 2796 et
3338 2745 3551 2810 urendi,

1973 2832 2220 2899 operatio
2250 2832 2487 2899 denique
2520 2832 2739 2886 virtutis
2771 2833 3258 2902 complementum,
3288 2834 3446 2904 quale
3467 2845 3552 2889 est

1974 2923 2285 2977 illuminare
2312 2932 2367 2977 et
2397 2938 2578 2977 urere.
2606 2923 2742 2978 Cum
2776 2925 2959 2993 itaque
2988 2940 3362 2992 saepenumero
3387 2929 3553 2981 etiam

1977 3016 2043 3069 ab
2069 3015 2305 3070 essentia
2342 3030 2535 3069 nomen
2570 3016 2866 3085 accipiant,
2896 3026 2953 3069 ut
2977 3019 3196 3086 quando
3230 3032 3442 3075 mentes
3467 3023 3552 3076 vel

1901 3144 1942 3200 Ο
1978 3108 2205 3177 spiritus
2235 3115 2502 3167 vocatur;
2536 3107 2865 3175 quandoque
2902 3108 3066 3161 etiam
3119 3110 3187 3163 ab
3234 3113 3554 3180 operatione

1978 3201 2351 3267 nominentur,
2384 3210 2441 3254 ut
2468 3216 2589 3254 cum
2619 3199 2795 3268 angeli
2847 3210 3269 3267 nuncupantur:
3312 3219 3417 3256 non
3454 3204 3555 3257 im-

1979 3292 2176 3347 merito
2202 3293 2367 3347 etiam
2402 3308 2431 3347 a
2457 3293 2659 3346 virtute
2686 3292 2916 3345 virtutes
2942 3292 3300 3362 appellantur.
3328 3294 3555 3361 Quando

1977 3388 2147 3458 igitur
2178 3401 2371 3441 omnes
2404 3386 2491 3440 vel
2519 3386 2729 3455 aliquas
2759 3398 2948 3437 earum
2986 3386 3105 3440 sine
3141 3386 3247 3439 ulla
3288 3388 3553 3443 observa-

1981 3480 2127 3534 tione
2153 3478 2407 3535 ceelestes
2428 3479 2696 3533 essentias
2727 3478 2811 3531 vel
2842 3476 3097 3531 caelestes
3131 3478 3367 3531 virtutes
3388 3486 3572 3551 appel-

1978 3568 2186 3635 lamus,
2223 3567 2645 3622 existimandum
2696 3574 2813 3629 est,
2846 3581 2943 3620 nos
2988 3566 3109 3621 illos
3157 3566 3440 3622 insinuare
3487 3583 3553 3622 ac

1976 3661 2355 3714 demonstrare
2379 3660 2444 3713 de
2472 3659 2670 3728 quibus
2701 3658 2855 3711 nobis
2890 3673 3070 3712 sermo
3094 3669 3175 3712 est
3199 3701 3214 3727 ,
3249 3661 3549 3713 secundum

1976 3751 2217 3820 phrasim
2262 3749 2501 3819 aliquam
2551 3748 2917 3802 abundantem
2948 3760 2965 3799 :
3000 3763 3099 3817 pro
3128 3764 3194 3804 eo
3227 3752 3368 3804 enim
3407 3754 3551 3820 quod

1975 3843 2282 3897 diceremus
2316 3841 2559 3910 angelos,
2596 3841 2832 3895 dicimus
2856 3841 3108 3896 caelestes
3140 3843 3434 3908 essentias,
3468 3845 3551 3898 vel

1978 3938 2230 3992 caelestes
2262 3938 2597 3998 virtutes,ex
2630 3936 2902 3989 communi
2934 3936 3149 3990 illorum
3184 3942 3443 4003 essentia,
3469 3941 3547 3995 vel

1975 4030 2140 4083 etiam
2189 4028 2393 4083 virtute
2417 4042 2538 4097 qua:
2573 4028 2624 4081 itt
2657 4028 2887 4098 singulis
2931 4028 3161 4082 relucet.
3192 4028 3550 4099 Nequaquam

1976 4130 2157 4175 autem
2192 4119 2620 4175 existimandum
2655 4127 2758 4185 est,
2790 4132 2887 4172 nos
2916 4118 3015 4174 rite
3044 4120 3382 4189 digestarum
3414 4138 3545 4175 san—

1976 4222 2186 4266 ctarum
2218 4216 2480 4266 virtutum
2511 4212 2902 4281 proprietatem
2928 4212 3275 4266 inferioribus
3297 4215 3551 4271 essentiis

1976 4304 2282 4357 attribuere
2309 4302 2688 4373 (superpositae
2717 4302 2904 4369 utique
2935 4310 3063 4355 sunt
3096 4304 3408 4371 superiores
3434 4306 3545 4358 vir-

1980 4404 2121 4450 tutes
2149 4393 2563 4464 inferioribus).
2592 4392 2706 4447 Hoc
2737 4395 2881 4446 enim
2926 4394 3046 4446 dico
3072 4434 3086 4460 ,
3124 4409 3192 4448 ne
3243 4397 3365 4463 quis
3417 4396 3547 4467 quid

1978 4487 2157 4541 simile
2179 4486 2475 4551 existimet,
2504 4486 2659 4554 quasi
2690 4485 3038 4540 inferioribus
3071 4488 3380 4555 superiores
3406 4505 3548 4544 eoa:-

1976 4594 2229 4649 quemus.
2278 4579 2456 4647 Atque
2509 4578 2635 4632 hinc
2682 4577 2943 4631 solvimus
2986 4577 3128 4630 illam
3187 4580 3546 4646 qumstionem

1972 4674 2086 4726 sive
2123 4671 2460 4734 doctrinam,
2494 4668 2769 4738 quomodo
2813 4669 3064 4722 cmlestes
3118 4669 3338 4725 ordines
3389 4672 3547 4740 vulgo

1972 4762 2151 4834 angeli
2183 4762 2542 4832 appellentur.
2570 4761 2643 4814 De
2680 4760 3055 4830 superioribus
3078 4772 3279 4822 autem,
3303 4765 3547 4832 adeoque

1973 4859 2038 4913 de
2070 4857 2201 4927 ipsis
2232 4855 2552 4921 virtutibus,
2589 4853 2768 4908 nullus
2801 4855 2929 4908 mihi
2964 4870 3145 4910 sermo
3173 4865 3294 4922 est,
3330 4858 3542 4911 tametsi

1974 4950 2054 5003 lue
2087 4964 2305 5018 quoque
2344 4949 2575 5000 virtutes
2621 4957 3047 5014 nuncupentur:
3098 4948 3226 5016 ipsa:
3274 4949 3542 5018 siquidem

1976 5051 2232 5107 tanquam
2261 5038 2570 5106 superiores
2621 5051 2686 5089 ea
2740 5052 2859 5105 quae
2911 5046 3038 5090 sunt
3089 5037 3142 5090 in
3192 5037 3544 5091 inferioribus

1974 5131 2275 5184 universim
2323 5131 2563 5195 habent,
2614 5145 2804 5183 verum
2862 5128 3147 5187 inferiores
3200 5145 3538 5199 nequaquam

1975 5221 2299 5283 uuiversim,
2324 5220 2416 5273 sed
2448 5230 2655 5271 tantum
2688 5235 2755 5273 ex
2788 5228 2941 5289 parte
2974 5221 3177 5274 habent
3204 5236 3265 5275 ea
3299 5237 3419 5289 quze
3449 5237 3542 5274 su-

1971 5315 2243 5384 periorum
2290 5322 2437 5368 sunt.
2474 5312 2628 5367 Unde
2664 5328 2767 5367 non
2801 5314 3098 5368 evertimus
3131 5315 3271 5369 hanc
3302 5315 3542 5368 nostram

1970 5407 2406 5476 qualemcunque
2477 5405 2833 5472 doctrinam;
2903 5422 3025 5459 nam
3067 5408 3218 5475 juxta
3277 5407 3540 5459 rationem

1972 5515 2135 5568 quam
2171 5513 2314 5566 sazpe
2348 5497 2414 5551 de
2446 5497 2530 5551 his
2556 5498 2800 5552 dedimus
2821 5538 2834 5561 ,
2866 5498 3177 5567 superiores
3207 5496 3422 5565 quidem
3456 5497 3541 5549 iu-

1973 5592 2233 5645 ferioruni
2280 5590 2647 5658 proprietates
2675 5590 2902 5655 habent,
2921 5604 3105 5642 verum
3134 5589 3458 5655 etniuenter,
3483 5597 3538 5641 ut

1970 5682 2133 5735 etiam
2167 5680 2295 5749 quid
2329 5682 2567 5750 amplius
2599 5682 2875 5737 habeant:
2923 5691 3213 5751 postremae
3237 5690 3415 5735 autem
3444 5697 3538 5736 su-

1971 5777 2245 5846 periorum
2290 5775 2531 5831 totalitet'
2588 5790 2933 5845 nequaquam
2976 5777 3264 5843 obtinent,
3302 5777 3394 5830 sed
3443 5791 3542 5844 per
