3908 6232
384 302 485 359 εθι
1601 306 1657 363 S.
1697 306 1997 363 DIONYSII
2033 305 2498 366 AREOPAGITE
3545 318 3663 373 292

386 420 590 489 primas
621 419 929 488 primilucaa
976 417 1376 473 illusmtiones
1417 419 1470 472 in
1521 418 1812 476 inferiores
1863 438 1929 491 pr

2117 438 2181 485 εις·
2196 422 2601 495 δημιουργικῶς
2619 427 2945 500 ἐτάχθησαν,
2960 428 3021 481 οὐ
3045 430 3233 498 σαφῶς
3252 430 3311 485 δέ
3328 431 3491 486 τοῦτο
3510 452 3660 507 παρ-

386 527 578 564 earum
606 523 771 581 captu
806 512 1285 566 trausfundunlur.
1323 512 1551 567 Videtur
1595 525 1778 568 autem
1827 530 1929 585 quo

2119 529 2317 583 l‘t'ch'
2352 516 2464 568 ἄνω
2497 517 2605 588 γάρ
2653 519 2712 571 ἐν
2754 519 2831 590 τῷ
2860 521 2966 593 πρὸ
3007 522 3199 575 τούτου
3232 525 3515 596 κεφαλαίῳ
3554 544 3662 595 φα·-

386 605 678 658 dammodo
712 604 802 657 hic
826 603 1011 657 dicere
1035 643 1051 667 ,
1089 606 1387 657 secundum
1437 604 1757 676 dignitatem
1802 622 1929 677 auge

2121 605 2242 676 ;ρῶς
2272 607 2370 677 τὴν
2403 608 2585 663 αὐτῶν
2608 609 2791 679 ἔφεσιν
2818 615 2911 666 καὶ
2942 614 3041 685 τὴν
3085 615 3269 686 νόησιν
3294 616 3443 685 λέγει
3477 618 3664 684 αίτίας

386 693 519 749 licas
556 694 941 763 dispositiones
974 709 1070 763 per
1103 695 1263 764 106
1311 695 1647 749 creationem
1682 698 1929 751 ordinata

2119 698 2247 752 31th
2289 696 2428 752 εἶναι
2474 702 2573 772 τῆς
2620 704 2926 776 ὑπερτέρας
2971 708 3149 759 αὐτῶν
3193 708 3419 773 τάξεως,
3463 713 3662 781 ἀμέλει

384 799 529 850 esse,
554 802 660 840 non
693 795 871 841 tamen
901 786 1190 839 manifeste
1220 787 1323 840 hoc
1349 787 1610 855 exponit;
1634 802 1797 857 supra
1819 788 1927 842 enit

2120 795 2161 846 ιὶ
2192 793 2549 865 καθαίρεσθαι
2584 797 2678 849 καὶ
2700 800 3048 867 φωτίζεσθαι,
3083 804 3175 855 καὶ
3207 804 3547 859 τελειοῦσθαι
3579 804 3663 859 εί-

385 879 713 948 ριτιιοθάοηιί
745 879 924 946 capite
948 878 1093 933 clare
1118 878 1275 941 dicit,
1305 894 1497 934 earum
1531 878 1877 933 affectionem
1908 895 1928 935 ε

2117 903 2165 938 εν
2191 888 2378 951 αὐτάς.
2413 891 2600 943 Ἔστιν
2626 888 2717 945 οὖν
2739 895 3164 967 ἐπιχειρήσαντα
3184 899 3362 950 εἰπεῖν
3386 900 3660 964 εὐσεϐῶς,

386 968 807 1039 intelligentiam
839 983 961 1024 esse
990 984 1187 1023 causas
1219 971 1535 1039 lsuperioris
1578 972 1819 1040 ipsarum
1867 988 1929 1026 or

2118 996 2143 1031 rt
2174 980 2203 1031 ό
2226 980 2376 1045 Θεὸς,
2412 983 2675 1053 προειδὼς
2698 986 2875 1038 αὐτῶν
2898 988 2994 1059 τὴν
3018 989 3120 1059 τῆς
3150 990 3391 1059 ἐφέσεως
3414 992 3661 1063 κίνησιν.

385 1062 547 1124 diuis,
579 1063 833 1115 videlicet
861 1064 988 1131 quia
1015 1062 1151 1117 dixit
1176 1062 1320 1131 ipsas
1343 1064 1578 1131 expiari,
1598 1074 1651 1119 et
1673 1065 1928 1120 illustrari

2120 1071 2156 1124 ιὶ
2178 1072 2277 1136 τὰς
2299 1074 2479 1126 αὐτῶν
2512 1076 2693 1141 τάξεις
2720 1078 2878 1144 ἀξίας
2910 1080 3089 1133 αὐτῶν
3116 1084 3458 1154 παρήγαγεν,
3498 1062 3558 1148 ἐξ
3584 1079 3663 1136 ὧν

383 1161 441 1207 et
467 1154 674 1222 perlici.
706 1153 858 1209 Licet
887 1156 1069 1223 itaque
1102 1169 1198 1223 per
1224 1153 1600 1221 conjecturam
1633 1157 1719 1225 pie
1755 1158 1926 1212 dicere

2116 1181 2160 1216 »κ
2194 1165 2259 1218 ἂν
2283 1165 2425 1219 εἴποι
2451 1184 2536 1231 τις
2567 1169 2736 1234 αὐτάς
2758 1172 3018 1225 δύνασθαι
3045 1176 3320 1240 ἐκπεσεῖν,
3354 1175 3443 1229 διὰ
3464 1176 3527 1229 τὸ
3541 1176 3659 1243 ἕξιν

383 1241 586 1309 Deum,
639 1243 943 1299 alicctionis
998 1261 1190 1300 eorum
1245 1256 1393 1300 motu
1446 1248 1716 1315 praaviso,
1771 1250 1926 1321 digno

2116 1258 2181 1311 νὰ
2217 1259 2521 1331 κτήσασθαι
2567 1265 2705 1333 πρὸς
2739 1265 2800 1317 τὸ
2833 1266 3034 1333 ἀγαθὸν
3058 1267 3146 1320 διὰ
3180 1269 3283 1339 τῆς
3314 1270 3454 1338 ἄγαν
3489 1241 3659 1342 621i;-

384 1335 626 1403 ipsarum
657 1338 880 1391 ordines
914 1339 1273 1406 produxisse,
1308 1353 1374 1391 ex
1418 1339 1617 1407 quibus
1667 1358 1826 1397 nemo
1877 1344 1927 1397 di

2117 1368 2216 1413 mg.
2255 1352 2424 1406 Τοῦτό
2446 1355 2591 1407 ἐστιν
2627 1356 2690 1407 ἐκ
2715 1355 2823 1408 τῶν
2854 1356 2948 1408 τοῦ
2974 1357 3129 1424 ἁγίου
3152 1335 3248 1411 καί
3275 1335 3515 1430 μεγάλου
3533 1335 3660 1415 Μα-

382 1430 558 1492 xerit,
614 1428 761 1496 ipsas
817 1429 981 1483 dilabi
1036 1432 1317 1498 potuisse,
1378 1448 1444 1488 eo
1498 1435 1643 1503 quod
1705 1434 1925 1490 affectum

2117 1458 2237 1510 μου.
2274 1444 2412 1507 Τοὺς
2442 1445 2499 1498 δέ
2532 1446 2830 1515 ἀγγέλους,
2866 1448 3111 1500 τουτέστι
3144 1428 3285 1514 τοὺς
3303 1453 3660 1517 τελευταίους

381 1522 677 1589 quemdam
710 1522 777 1577 ad
810 1524 1011 1578 bonum
1044 1526 1337 1580 habuerint
1368 1542 1465 1597 per
1492 1529 1786 1584 vehemens
1811 1530 1923 1584 desi

2085 1535 2401 1605 ιακόσμους,
2438 1539 2713 1609 ἐνεδέχετο
2747 1539 2875 1603 ἴσως
2909 1542 3002 1592 καὶ
3025 1542 3117 1593 ἐπὶ
3140 1542 3201 1594 τὸ
3232 1546 3420 1614 χεῖρον
3439 1545 3628 1615 τραπῆ

381 1614 615 1668 derium.
654 1612 769 1669 [loc
794 1624 878 1669 est
908 1630 975 1669 ex
999 1627 1192 1671 sancto
1222 1628 1277 1672 et
1310 1634 1507 1688 magno
1556 1619 1811 1674 Maximo.
1841 1621 1921 1673 An

2118 1643 2164 1677 ,ι’
2195 1623 2313 1679 εἷπε
2348 1629 2457 1699 γὰρ
2490 1631 2687 1694 αὐτοὺς
2719 1634 3132 1703 περικοσμίους’
3174 1634 3231 1701 ἐξ
3264 1612 3340 1689 ὧν
3363 1612 3521 1706 οἶμαι
3557 1612 3661 1690 καὶ

381 1706 530 1774 gelos
559 1716 769 1772 autem,
803 1707 855 1761 id
906 1718 989 1763 est
1015 1749 1029 1774 ,
1060 1720 1368 1779 postremos
1408 1724 1638 1766 ornatus
1665 1752 1680 1778 ,
1710 1714 1924 1781 permisi

2120 1735 2147 1768 ν
2170 1718 2414 1773 διάϐολόν
2442 1740 2574 1775 ποτε
2608 1720 2747 1777 εἶναι
2787 1727 2890 1796 πρὸ
2923 1727 3017 1780 τοῦ
3044 1729 3318 1780 ἐκπεσεῖν.
3346 1727 3455 1781 Καὶ
3490 1729 3545 1781 εἴ
3568 1746 3660 1791 τις

378 1798 631 1853 fortassis
658 1804 823 1854 etiam
854 1802 920 1855 ad
948 1802 1149 1857 malum
1185 1805 1428 1859 converti
1456 1821 1469 1871 ;
1504 1805 1642 1859 dixit
1671 1804 1815 1858 enim
1860 1820 1921 1857 eo

2112 1808 2263 1862 lti1wv
2281 1812 2612 1885 τελειότερον
2636 1811 2794 1881 οἶδεν,
2812 1819 2947 1871 αίτῶ
2968 1819 3181 1889 μαθεῖν.
3208 1819 3379 1873 Τοῦτο
3397 1820 3453 1873 δέ
3479 1823 3655 1883 ἐστιν,

376 1893 524 1948 circa
553 1897 811 1950 mundum
841 1896 1032 1953 allici:
1077 1914 1106 1953 e
1154 1900 1350 1969 quibus
1395 1901 1634 1954 arbitror
1679 1898 1915 1956 diabolur

2119 1921 2235 1973 μαι,
2273 1905 2367 1958 τοῦ
2398 1905 2593 1958 πολλοῦ
2625 1908 2695 1960 τὰ
2732 1910 2849 1963 θεῖα
2883 1913 2978 1964 καὶ
3018 1914 3329 1981 σοφωτάτου
3363 1913 3656 1984 Μαξίμου.

380 1988 546 2039 etiam
574 1986 738 2040 fuisse
764 1997 1056 2054 antequam
1092 1990 1415 2043 corruisset.
1441 1988 1497 2044 Si
1524 1990 1743 2058 quidem
1797 1990 1997 2058 aliquis
2046 1992 2346 2058 perfectius
2398 1996 2516 2051 istis
2560 2000 2692 2067 quid
2739 2001 2955 2054 noverit
2993 2003 3203 2057 discere
3250 2005 3488 2073 postulo.
3532 2004 3657 2058 iloc

386 2082 551 2135 etiam
587 2097 707 2137 esse
744 2090 875 2151 puto
922 2083 1253 2137 divinissimi
1306 2082 1813 2154 sapientissimique
1857 2084 2102 2143 Maximi.

377 2236 3629 2272 ————-—————————___—______________

832 2405 1219 2492 CAPUT
1270 2405 1503 2492 ΧΠ.

2423 2408 3068 2494 ΚΕΦΑΛΑΙΟΝ
3124 2406 3268 2493 ΙΒ’.

553 2549 661 2602 Cur
688 2550 957 2603 hominum
988 2549 1250 2602 antistites
1291 2549 1465 2618 angeli
1506 2560 1771 2605 vocentur.

2131 2547 2233 2602 Διὰ
2266 2549 2323 2600 τί
2364 2550 2419 2601 οἱ
2452 2544 2602 2601 κατὰ
2635 2547 2982 2613 ἀνθρώπους
3025 2545 3289 2615 Ιεράρχαι
3330 2547 3576 2617 ἄγγελοι

2682 2618 3025 2671 καλοῦνται.

2801 2634 3025 2671 ουνται.

1659 2773 1993 2829 SYNOPSIS
2029 2774 2322 2829 CAPITIS.

376 2912 410 2962 ι.
441 2908 586 2979 Petit.
614 2923 729 2979 cum
745 2907 998 2979 inferiores
1024 2908 1556 2979 ordinessuperiorunt
1576 2909 1889 2979 perfectiones
1908 2924 2003 2960 non
2027 2911 2277 2979 nttingant.
2296 2924 2383 2958 cur
2404 2922 2434 2957 a
2459 2908 2701 2978 Malacliia
2724 2922 2834 2971 cap.
2859 2922 2908 2979 ιι,
2933 2911 2980 2979 7,
2999 2909 3247 2979 sacerdos
3262 2909 3458 2978 dicatur
3493 2923 3650 2975 ange-

433 2974 510 3022 tus
542 2971 729 3020 Domini
754 2970 1108 3041 omnipotentis.
1137 2972 1203 3041 ΙΙ..
1222 2970 1508 3041 Ιίςέροιιιιθι.
1535 2970 1816 3041 inferiores.
1842 2971 1951 3041 licet
1974 2973 2054 3041 _nd
2080 2970 2406 3041 a'rﬁtrilitrnein
2430 2970 2739 3041 superiorum
2779 2970 3095 3041 perfectiones
3127 2970 3329 3041 minime
3366 2970 3606 3041 attingant
3632 3012 3645 3033 ,

433 2985 510 3022 rus
542 2985 729 3020 uommi
754 2985 1108 3036 omnipotentis.
1137 2985 1196 3020 ιι.
1222 2985 1508 3034 uesponuet.
1535 2985 1816 3041 nqenorcs.
1842 2985 1951 3041 me:
1974 2985 2053 3041 _na
2080 2985 2406 3039 a'qumuaiem
2430 2985 2739 3040 superiorum
2779 2985 3095 3043 perlectimres
3127 2986 3327 3023 mnume
3366 2985 3487 3021 aum
3523 2985 3606 3022 ant
3632 3012 3645 3033 ,

427 3047 595 3098 eorum
620 3040 775 3084 lumen
795 3032 1168 3098 similitudinem
1188 3031 1425 3098 imitando
1439 3047 1743 3098 exprimere.
1774 3041 1823 3098 iet
1851 3033 2067 3097 amotum
2092 3032 2336 3098 wrnulqrt,
2358 3039 2401 3082 et
2423 3034 2534 3098 ideo
2555 3040 2701 3098 etiam
2723 3046 2893 3098 nomen
2919 3041 3234 3097 pui'tmpare.
3264 3036 3347 3085 ιιι.
3375 2985 3649 3098 Con/gnua:

427 3095 481 3145 id
502 3109 567 3148 ea:
586 3109 659 3156 eo,
677 3095 803 3159 quod
829 3104 927 3145 tam
949 3095 1129 3160 angeli,
1152 3108 1297 3157 quam
1317 3092 1535 3146 homines
1562 3094 1621 3145 ob
1638 3097 1861 3147 eamdem
1882 3092 2081 3145 causam
2108 3096 2398 3160 quandoque
2422 3092 2655 3145 etiamdii
2678 3092 2999 3157 appellentur.

1940 3245 2061 3318 ιι.

413 3429 707 3486 Ὀιειθι-ιιιιι
731 3438 786 3485 et
814 3430 918 3485 hoc
940 3444 969 3483 a
999 3427 1205 3484 sedulis
1221 3428 1560 3497 eloquiorum
1585 3428 1947 3499 spiritualium

2127 3431 2375 3500 Ζητεῖται
2423 3428 2479 3482 δὲ
2541 3431 2633 3482 καὶ
2686 3429 2843 3483 τοῦτο
2893 3433 3005 3494 τοῖς
3053 3432 3162 3484 τῶν
3199 3433 3407 3505 νοητῶν
3440 3434 3646 3503 λογίων

363 3526 898 3594 contemplatoribus
933 3526 1236 3595 quzeritur;
1273 3526 1473 3579 etenim
1500 3525 1542 3579 si
1591 3540 1711 3593 qua:
1763 3524 1906 3579 novis

2097 3522 2399 3592 ιλοθεάμοσι
2425 3540 2438 3552 ο
2476 3523 2709 3593 καὶγὰρ
2766 3522 3043 3593 ἀμέθεκτα
3059 3525 3104 3555 ⁸³
3155 3525 3265 3578 τῶν
3311 3528 3640 3600 ὑπερτέρων

362 3622 501 3675 sima
526 3630 677 3684 sunt,
713 3628 856 3674 totas
899 3620 1246 3686 superiorum
1282 3635 1509 3674 suorum
1558 3620 1799 3673 rationes
1843 3618 1905 3671 mi

2100 3617 2314 3685 ,οτήτων
2344 3616 2451 3667 εἰσὶ
2475 3613 2545 3667 τὰ
2569 3614 2874 3679 τελευταῖα,
2897 3617 2964 3669 δι’
2999 3618 3065 3688 ἢν
3089 3619 3269 3671 αἰτίαν
3291 3620 3458 3673 ὀκαθ’
3486 3624 3643 3691 ἡμᾶς

362 3712 511 3765 nime
534 3711 1038 3779 attingunt,quam
1084 3710 1154 3763 ob
1205 3725 1427 3765 causam
1480 3720 1667 3763 noster
1714 3710 1905 3763 antistc

2101 3708 2307 3778 ράρχης
2330 3708 2557 3775 ἄγγελος
2582 3710 2785 3782 Κυρίου
2821 3712 3261 3783 παντοκράτορος
3296 3712 3402 3765 ὑπὸ
3422 3713 3532 3766 τῶν
3555 3713 3640 3766 λο-

362 3804 586 3874 angelus
632 3803 847 3856 Domini
897 3803 1290 3871 omnipotentis
1328 3804 1395 3857 ali
1435 3802 1668 3873 eloquiis
1696 3801 1942 3857 denomi-
2045 3800 2178 3868 γίων
2199 3799 2609 3870 ⁸⁸ὠνόμασται;

360 3906 522 3951 netur
552 3904 575 3932 ο
603 3894 627 3949 ?

1940 4011 1968 4082 §
2003 4007 2086 4067 ιι.

431 4150 554 4204 Haec
580 4159 760 4205 autem
791 4164 930 4206 ratio
958 4169 1062 4207 non
1090 4155 1414 4211 adversatur
1447 4155 1511 4210 iis
1537 4170 1657 4224 qua:
1682 4164 1809 4210 ante
1840 4158 1935 4208 oe-

2115 4152 2268 4204 Ἔστι
2317 4150 2372 4203 δὲ
2430 4151 2529 4203 οὐκ
2588 4152 2825 4215 ἐναντίος
2877 4154 2905 4205 ὁ
2934 4151 3107 4221 λόγος,
3156 4154 3232 4216 ὡς
3278 4150 3455 4225 οἶμαι,
3496 4175 3637 4230 προ-

359 4240 510 4295 ﬁnita
544 4252 710 4296 sunt:
745 4244 982 4299 dicimus
1009 4247 1177 4311 enim,
1212 4248 1536 4302 novissimas
1561 4247 1902 4317 antiquiorum

2062 4243 2410 4314 ιιωρισμένοις
2428 4244 2493 4273 δι”
2524 4245 2704 4313 φαμὲν
2737 4246 2864 4317 γὰρ,
2887 4246 2968 4299 ὅτι
2987 4247 3089 4316 τῆς
3108 4246 3300 4317 όλικῆς
3334 4249 3429 4301 καὶ
3457 4252 3605 4322 ὑπερ

356 4333 770 4403 dispositionum
806 4339 1072 4406 integram
1098 4348 1153 4392 et
1181 4340 1514 4394 eminentem
1540 4341 1796 4394 virtutem
1825 4355 1899 4393 uol

2089 4334 2294 4405 ειμένης
2312 4333 2422 4386 τῶν
2441 4335 2822 4405 πρεσὸυτέρων
2837 4336 3145 4407 διακόσμων
3176 4339 3462 4409 δυνάμεως
3488 4342 3632 4396 ἀπο-

354 4426 662 4497 attingere;
694 4444 815 4482 nam
850 4430 1027 4499 partis
1079 4431 1243 4485 etiam
1298 4446 1396 4501 pro
1441 4442 1602 4502 captu
1651 4447 1751 4487 suo
1803 4447 1897 4486 sun

2086 4428 2242 4481 ἱουσιν
2271 4430 2318 4481 οί
2351 4427 2668 4480 τελευταῖοι·
2705 4428 2806 4497 τῆς
2837 4428 2945 4499 γὰρ
2982 4431 3214 4501 μερικῆς
3235 4432 3328 4485 καὶ
3358 4433 3629 4503 ἀναλόγου

354 4518 691 4587 participes,
750 4523 1051 4577 secundum
1097 4538 1257 4577 unam
1310 4525 1554 4577 omnium
1608 4524 1897 4578 concinnat

2090 4519 2343 4588 ετέχουσι,
2391 4518 2532 4570 κατὰ
2577 4517 2674 4587 τὴν
2718 4520 2844 4589 μίαν
2877 4522 3134 4575 ἁπάντων
3168 4523 3492 4593 ἐναρμόνιον
3532 4530 3633 4581 καὶ

353 4608 747 4679 collectamque
774 4615 1236 4669 communionem.
1270 4615 1511 4683 Exempli
1547 4616 1723 4684 gratia
1752 4657 1766 4681 ,
1801 4632 1896 4671 san

2090 4608 2347 4679 »νδετικὴν
2392 4610 2697 4661 κοινωνίαν.
2738 4606 2881 4673 Οἷον,
2923 4613 2956 4681 ἡ
2997 4611 3107 4665 τῶν
3141 4614 3313 4680 ἁγίων
3357 4615 3633 4686 χερουϐὶμ

353 4704 566 4750 clorum
593 4701 878 4756 cherubim
913 4704 1049 4759 ordo
1102 4704 1387 4774 sapientia:
1438 4705 1792 4775 scientiaeque
1845 4706 1894 4760 al

2087 4698 2185 4764 ὶξις
2214 4699 2429 4768 μετέχει
2461 4701 2653 4769 σοφίας
2685 4702 2778 4753 καὶ
2809 4701 3060 4769 γνώσεως
3096 4703 3461 4777 ὑψηλοτέρας,
3489 4708 3545 4759 αἱ
3568 4708 3630 4760 δὲ

356 4789 513 4844 tioris
536 4801 620 4845 est
645 4796 939 4863 particeps,
975 4806 1296 4853 naturarum
1348 4809 1532 4852 autem
1587 4798 1693 4854 illis
1738 4799 1899 4855 subdi

2086 4790 2136 4845 ὸν
2171 4791 2261 4844 ὑπ’
2298 4792 2497 4854 αὐτοὺς
2535 4792 2733 4845 οὐσιῶν
2766 4793 3153 4864 διακοσμήσεις
3188 4796 3481 4866 μετέχουσι
3524 4800 3629 4868 μὲν

355 4891 531 4936 tarum
611 4884 1027 4943 distributiones
1082 4890 1364 4959 sapientia:
1424 4892 1645 4961 quidem
1692 4903 1747 4946 et
1794 4894 1898 4961 ipsa

2086 4886 2122 4937 ιὶ
2144 4886 2304 4938 αὐταὶ
2318 4886 2363 4916 ⁸⁸
2388 4887 2580 4954 σοφίας
2605 4888 2699 4939 καὶ
2732 4887 3002 4955 γνώσεως,
3032 4891 3262 4960 μερικῆς
3292 4890 3349 4941 δὲ
3374 4892 3528 4960 ὅμως
3549 4893 3629 4955 ὡς

349 4975 786 5044 cognitionisque
833 4988 1113 5046 compotes
1169 4982 1484 5047 exsistunt,
1542 4992 1892 5036 verumtamei

2086 4976 2167 5045 σὸς
2194 4976 2458 5039 ἐκείνους,
2501 4977 2594 5028 καὶ
2630 4978 2946 5048 ὑφειμένης.
3006 4979 3116 5031 Καὶ
3154 4979 3215 5030 τὸ
3253 4980 3351 5050 μὲν
3392 4980 3533 5043 ὅλως
3568 4983 3629 5033 ἐν

352 5066 620 5118 duntaxat
653 5066 899 5132 partialis
926 5067 1082 5136 107
1116 5082 1215 5137 pro
1240 5080 1399 5138 captu
1433 5084 1532 5124 suo
1562 5079 1616 5124 et
1650 5069 1890 5124 inferiori

2082 5066 2294 5137 ετουσίᾳ
2325 5068 2512 5135 σοφίας
2540 5064 2676 5120 εἶναι
2712 5072 2805 5121 καὶ
2845 5069 3098 5137 γνώσεως
3124 5072 3302 5124 κοινόν
3337 5074 3454 5124 ἐστι
3488 5074 3625 5125 πᾶσι

348 5156 576 5213 ordinis.
606 5155 783 5226 Atque
816 5158 1112 5212 universim
1141 5161 1361 5228 quidem
1394 5161 1679 5231 sapientia:
1730 5161 1890 5230 cogni

2077 5161 2141 5221 >ἰς
2171 5158 2429 5212 θεοειδέσι
2462 5158 2571 5213 τῶν
2588 5160 2808 5230 νοερῶν·
2847 5162 2909 5214 τὸ
2937 5162 2994 5215 δὲ
3016 5162 3301 5234 προσεχῶς
3333 5163 3430 5216 καὶ
3462 5162 3620 5235 πρώ-

430 5353 454 5382 ι
479 5351 708 5407 Malacli.
742 5368 802 5419 ιι,
843 5353 1108 5422 7;Apoc.
1146 5370 1204 5410 ιι.

1629 5534 1865 5589 νΑΙῖΙΛΕ
1905 5535 2313 5594 LECTIONES.

417 5683 460 5715 "
490 5684 560 5736 ita
604 5686 829 5741 habebat
862 5687 930 5740 M.
984 5698 1031 5741 ct
1081 5688 1138 5742 S.
1186 5689 1287 5741 Alii
1320 5690 1535 5743 codices
1575 5693 1675 5745 (lli.
1718 5691 1780 5744 D.
1827 5694 1885 5747 P.
1932 5697 1978 5747 εἰ
2008 5696 2119 5796 γὰρ
2153 5696 2451 5788 ἀμέθεκτα.
2501 5698 2827 5773 lnterpreles
2872 5704 3145 5776 legerunt.
3223 5710 3267 5742 3"
3307 5711 3445 5765 Ὑπὸ
3498 5711 3611 5767 τῶν

417 5753 501 5796 ἱιιιν
535 5753 851 5796 law/huul‘d.
952 5758 996 5789 8⁸
1021 5762 1131 5796 τοῖα
1171 5760 1545 5796 κιιηηστηέυησρ
1592 5763 1669 5796 l‘l.
1727 5762 1766 5796 n
1838 5765 1874 5796 ς
1929 5766 1964 5796 D
2062 5769 2083 5796 ιι
2147 5778 2303 5796 ιη--.
2367 5770 2404 5796 n
2467 5770 2500 5796 ρ
2560 5771 2597 5796 ιι

345 5753 501 5805 θείων
535 5753 748 5823 λογίων,
776 5758 875 5813 0-1ι.
952 5758 996 5789 ⁸⁵
1021 5762 1131 5823 τοῖς
1171 5760 1565 5830 διωρισμένως,
1592 5763 1690 5817 Cll.
1725 5762 1787 5816 ι).
1838 5765 1894 5818 S.
1927 5766 1984 5819 P.
2024 5753 2108 5798 ’δδ
2147 5753 2329 5837 αὗται,
2367 5770 2424 5823 υ.
2467 5770 2524 5827 5.
2559 5753 2674 5837 1).:
