3908 6232
238 328 357 383 293·

875 322 965 376 DE
997 320 1319 378 C(ELESTI
1352 317 1797 384 I'IIERARCHIA,
1832 317 1985 374 CAP.
2021 316 2137 373 ΧΠ.
2172 347 2242 360 —-
2272 317 2603 373 CORDERII
2632 294 2866 376 ΝΟΤᾸΞ.

3398 322 3508 378 ΞΜ

236 459 345 504 τως
372 442 408 511 ἢ
441 440 712 510 δευτέρως
750 438 844 492 καὶ
873 437 1179 508 ὑφειμένως
1207 436 1391 489 οὐκέτι
1411 436 1454 467 ⁸⁷
1484 435 1682 498 κοινὸν,
1711 434 1825 486 ἀλλ’

1943 433 2210 502 lionisque
2223 435 2543 503 participem
2559 434 2842 499 exsistere,
2862 449 3152 490 commune
3165 449 3246 491 est
3261 439 3512 493 omnibus

235 536 311 598 ὡς
332 533 559 603 ἑκάστῳ
578 531 715 604 πρὸς
734 532 833 601 τῆς
855 532 1063 595 οἰκείας
1082 530 1372 598 ἀναλογίας
1388 528 1637 599 ὥρισται.
1661 527 1835 580 Τοῦτο

235 628 291 682 ἃ
316 629 417 681 καὶ
440 625 572 697 περὶ
602 626 820 678 πάντων
854 624 962 677 τῶν
986 624 1145 678 Θείων
1171 622 1307 676 νοῶν
1336 623 1434 675 οὑκ
1447 623 1518 676 ἂν
1546 639 1629 683 τις
1661 621 1830 692 ἡμαρ-

235 717 495 788 τημένως
526 717 789 789 ὁρίσαιτο·
821 716 915 768 καὶ
948 715 1057 784 γὰρ
1087 714 1275 785 ὥσπερ
1313 715 1361 766 οί
1397 711 1602 784 πρῶτοι
1638 728 1831 783 περισ-

239 808 348 872 σῶς
376 808 566 878 ἔχουσι
592 807 692 871 τὰς
719 806 827 859 τῶν
850 806 1155 877 ὑφειμένων
1171 808 1526 877 ἀγιοπρεπεῖς
1544 804 1831 875 ἰδιότητας,

236 899 415 963 οὕτως
462 900 678 968 ἔχουσιν
722 900 771 951 οί
800 897 1097 950 τελευταῖοι
1134 896 1233 959 τὰς
1265 895 1375 948 τῶν
1418 894 1720 966 προτέρων,
1769 893 1831 947 οὐ

241 989 348 1060 μὴν
372 990 602 1059 ὁμοίως,
634 988 750 1041 ἀλλ’
779 979 1107 1058 ὑφειμένως.
1135 988 1300 1041 Οὐδὲν
1326 983 1441 1051 οὖν,
1475 986 1551 1050 ὼς
1571 981 1744 1056 οἶμαι,
1771 985 1833 1039 τὸ

236 1084 465 1147 ἄτοπον,
503 1085 555 1135 εἰ
593 1082 688 1136 καὶ
724 1082 816 1135 τὸν
852 1083 973 1135 καθ’
1018 1084 1164 1153 ἡμᾶς
1203 1082 1485 1154 ἱεράρχην,
1536 1081 1766 1149 ἄγγελον
1799 1082 1833 1152 ὴ

242 1175 498 1244 θεολοτία
536 1176 695 1229 καλεῖ
724 1176 816 1228 τὸν
852 1173 995 1227 κατὰ
1037 1175 1265 1245 δύναμιν
1304 1173 1510 1227 οἰκείαν
1543 1173 1837 1244 μετέχοντα

236 1268 339 1338 τῆς
372 1266 488 1320 τῶν
518 1266 765 1335 ἀγγέλων
790 1265 1135 1336 ὑποφητικῆς
1159 1265 1441 1336 ἰδιότητος,
1466 1266 1561 1318 καλ⁵
1588 1265 1723 1336 πρὸς
1739 1264 1837 1335 τὴν

239 1361 650 1431 ἐκφαντορικὴν
680 1358 860 1411 αὐτῶν
875 1358 1154 1430 ὁμοίωσιν,
1171 1359 1245 1422 ὡς
1269 1358 1490 1428 ἐφικτὸν
1506 1356 1834 1429 ἀνθρώποις,

240 1453 685 1523 ἀνατεινόμενον.

1941 528 2300 582 deiformibus
2349 527 2765 597 intelligentiis;
2822 542 3009 581 verum
3069 532 3417 584 continenter
3453 542 3510 585 et

1940 618 2295 683 immediate,
2364 618 2610 686 primove
2683 618 2770 671 vel
2837 619 3079 673 secundo
3148 621 3510 689 inleriorique

1938 712 2135 779 gradu,
2167 727 2272 765 non
2307 723 2391 767 est
2414 712 2526 782 jam
2561 705 2858 766 commune
2880 754 2894 778 ,
2947 714 3039 767 sed
3086 722 3246 780 prout
3285 713 3511 768 cuilibet

1938 817 2040 871 pro
2077 805 2339 873 cujusque
2374 813 2535 874 captu
2572 804 2738 859 fuerit
2770 806 3150 859 distributum.
3182 805 3295 861 Hoc
3324 807 3511 875 utique

1940 896 2007 951 de
2033 898 2286 951 omnibus
2315 911 2530 967 quoque
2565 899 2842 952 mentibus
2871 898 3070 953 divinis
3100 898 3191 967 qui
3223 897 3509 962 statuerit,

1940 988 2163 1043 minime
2188 990 2427 1055 errabit;
2462 989 2604 1044 sicut
2630 991 2773 1043 enim
2826 990 3014 1059 prima:
3063 990 3369 1044 eminenter
3418 1004 3513 1043 sa-

1941 1093 2264 1139 crosanctas
2305 1082 2624 1137 inferiorum
2675 1083 2963 1137 continent
3014 1085 3395 1152 proprietates,
3429 1083 3507 1137 ita

1936 1192 2151 1246 quoque
2171 1175 2375 1229 ultima:
2403 1177 2668 1244 priurum,
2689 1174 2815 1228 licet
2839 1190 2943 1228 non
2970 1174 3109 1242 pari,
3134 1174 3233 1228 sed
3263 1172 3507 1228 infcriori

1936 1270 2133 1337 gradu.
2163 1268 2309 1323 Nihil
2341 1269 2509 1339 igitur
2542 1268 2765 1322 absurdi
2789 1268 2897 1335 sit,
2944 1276 3002 1321 ut
3039 1279 3172 1336 puto
3195 1307 3210 1333 ,
3253 1268 3297 1320 si
3338 1266 3508 1321 nostri

1936 1361 2149 1416 ordinis
2179 1362 2485 1415 antistitem
2521 1361 2792 1430 theologia
2845 1375 3060 1429 quoque
3108 1360 3358 1428 angelum
3409 1374 3509 1428 ap-

1937 1451 2123 1520 pellet,
2160 1460 2219 1503 ut
2250 1453 2340 1521 qui
2375 1466 2475 1521 pro
2504 1452 2650 1505 virili
2685 1461 2841 1521 parte
2882 1450 3179 1521 angelicam
3221 1451 3384 1505 etiam
3415 1450 3513 1503 do-

243 1546 432 1600 cendo
512 1546 810 1615 participet
862 1543 1294 1614 proprietatem,
1353 1552 1517 1611 atque
1565 1540 1632 1595 ad
1681 1555 1869 1595 eorum
1902 1542 2359 1610 similitudinem,
2417 1552 2681 1613 quantum
2733 1542 2789 1597 in
2858 1542 3173 1598 hominibus
3234 1550 3362 1607 est,
3416 1554 3513 1610 per

242 1636 653 1706 interpretandi
700 1650 898 1690 nmnns
941 1636 1188 1689 accedat.

1808 1790 1835 1863 ἓ
1876 1786 1993 1849 ΙΙΙ.

314 1939 594 2010 Εὑρήσεις
632 1937 710 2002 δὲ,
729 1938 812 1991 ὅτι
842 1938 939 1992 καὶ
964 1938 1122 2001 θεοὺς
1147 1938 1180 2009 ἡ
1212 1936 1459 2006 θεολογία
1484 1936 1639 1989 καλεῖ
1665 1936 1765 1997 τάς
1777 1952 1835 1987 τε

241 2032 508 2103 οὐρανίας
537 2031 633 2084 καὶ
650 2032 793 2102 ὑπὲρ
809 2033 955 2101 ἡμᾶς
970 2032 1178 2094 οὐσίας,
1208 2030 1302 2083 καὶ
1322 2030 1450 2092 τοὺς
1466 2029 1595 2099 παρ’
1620 2026 1775 2098 ἡμῶν
1790 2027 1835 2058 ⁸⁸

243 2123 682 2193 φιλοθεωτάτους
750 2126 844 2177 καὶ
904 2126 1083 2197 ἱεροὺς
1147 2125 1379 2196 ἄνδρας,
1440 2124 1534 2177 καί
1600 2142 1680 2177 τοι
1738 2122 1838 2194 τῆς

244 2214 551 2286 θεαρχικῆς
574 2216 936 2288 κρυφιότητος
980 2218 1316 2290 ὑπερουσίως
1360 2217 1613 2271 ἁπάντων
1638 2213 1838 2288 ἐξῃρη-

248 2305 421 2377 μένης
445 2323 507 2358 τε
540 2308 636 2359 καὶ
676 2307 1134 2379 ὑπεριδρυμένης,
1166 2309 1259 2362 καὶ
1302 2308 1529 2380 μηδενὸς
1557 2308 1694 2379 αὐτῇ
1728 2306 1839 2359 τῶν

246 2398 415 2450 ὄντων
458 2397 737 2469 ἐμφεροῦς
766 2399 1125 2470 ὀνομάζεσθαι
1164 2399 1366 2471 κυρίως
1395 2401 1486 2453 καὶ
1527 2398 1723 2462 ὑλικῶς
1751 2398 1841 2451 δυ·-

198 2562 201 2563 ,
249 2492 509 2561 ναμένου*
550 2491 689 2562 πλὴν
724 2493 825 2545 ὅσα
852 2492 959 2545 τῶν
990 2491 1191 2563 νοερῶν
1216 2508 1275 2544 τε
1306 2492 1400 2544 καὶ
1435 2489 1668 2559 λογικῶν
1702 2490 1839 2562 πρὸς

250 2583 349 2653 τὴν
374 2582 576 2635 ἕνωσιν
598 2583 791 2653 αὐτῆς,
816 2584 913 2655 ὅση
940 2574 1190 2654 δύναμις,
1228 2582 1422 2647 ὑλικῶς
1444 2582 1837 2652 ὲπέστραπται,

252 2677 345 2728 καὶ
375 2674 519 2746 πρὸς
542 2674 644 2739 τὰς
685 2676 836 2739 θείας
881 2676 1053 2746 αὐτῆς
1092 2675 1421 2746 ὲλλάμψεις,
1472 2674 1548 2738 ὼς
1597 2673 1837 2742 ἐφικτὸν,

252 2766 653 2839 ἀκαταλήκτως
674 2768 1031 2831 ἀνατείνεται,
1064 2770 1131 2839 τῇ
1162 2765 1303 2820 κατὰ
1326 2766 1574 2837 δύναμιν,
1602 2767 1650 2818 εί
1684 2764 1841 2834 θέμις

254 2856 453 2923 εἰπεῖν,
473 2858 830 2932 Θεομιμησίᾳ,
854 2859 1063 2929 καὶτῆς
1079 2858 1266 2929 Θεῐκῆς
1281 2858 1325 2890 ⁸⁹
1342 2856 1662 2929 ὁμωνυμίας
1681 2856 1844 2926 ἠξίω-

252 2966 365 3003 ται.

2009 1932 2268 1999 Quinimo
2300 1933 2542 2002 reperias
2566 1932 2593 1972 ά
2614 1975 2628 1999 ,
2662 1934 2984 2005 theologiam
3018 1951 3232 2006 quoque
3263 1939 3394 1994 deos
3416 1955 3512 2008 ap-

1941 2025 2142 2096 pellare
2170 2026 2420 2079 caelestes
2452 2026 2570 2080 illas
2599 2042 2971 2098 supernasque
3006 2028 3341 2085 substantias
3369 2072 3385 2097 ,
3411 2034 3511 2086 -uti

1939 2125 1996 2173 et
2027 2127 2267 2181 sanctos,
2302 2118 2395 2186 qui
2424 2119 2567 2186 apud
2600 2133 2699 2172 nos
2735 2130 2894 2184 sunt,
2930 2121 3073 2174 viros
3110 2121 3328 2191 Deoque
3374 2126 3512 2179 ami-

1939 2210 2189 2265 cissimos
2217 2227 2232 2273 ;
2265 2226 2386 2263 cum
2421 2219 2603 2265 tamen
2636 2226 2868 2266 arcanus
2902 2211 2990 2267 ille
3035 2213 3128 2267 Dei
3177 2217 3516 2285 principatus

1942 2304 2479 2374 superessentialiter
2505 2304 2758 2359 omnibus
2783 2306 3043 2374 emineat,
3070 2315 3129 2360 ιιι
3149 2323 3307 2378 supra
3335 2310 3514 2362 omnia

1941 2396 2173 2461 locatus,
2208 2395 2450 2465 nihilque
2477 2396 2552 2449 illi
2589 2399 2808 2465 proprie
2849 2409 3011 2466 atque
3060 2415 3129 2454 ex
3175 2409 3291 2455 tuto
3340 2402 3518 2456 simile

1941 2489 1993 2543 in
2021 2490 2183 2543 rebus
2213 2488 2297 2542 vel
2329 2504 2469 2552 esse,
2503 2488 2586 2541 Vel
2618 2491 2888 2544 nominari
2916 2492 3116 2561 possit;
3148 2504 3516 2547 verumtamen

1942 2595 2281 2650 quaecunque
2308 2596 2401 2636 seu
2430 2581 2761 2650 spiritalium
2791 2598 2885 2637 seu
2917 2585 3267 2639 rationalium
3300 2597 3518 2640 creatu-

1943 2686 2127 2726 rarum
2159 2674 2223 2727 ad
2254 2674 2370 2743 ejus
2418 2676 2676 2730 unionem
2706 2718 2720 2742 ,
2753 2686 3018 2746 quantum
3069 2676 3254 2741 valet,
3305 2678 3520 2745 integre

1941 2776 2205 2817 conversa
2251 2763 2449 2827 fuerit,
2484 2776 2539 2820 et
2569 2768 2634 2820 ad
2680 2769 2894 2821 divinas
2936 2764 3054 2834 ejus
3100 2767 3519 2832 illustrationes,

1950 2857 2128 2924 quoad
2158 2868 2355 2926 potest,
2387 2858 2759 2916 indesinenter
2788 2859 3102 2923 intenderit,
3144 2859 3288 2928 quod
3318 2874 3415 2929 pro
3443 2858 3521 2912 vi-

1953 2949 2063 3014 rili,
2097 2949 2141 3004 si
2174 2950 2322 3004 dictu
2358 2951 2438 3005 l'as
2470 2961 2570 3016 est,
2612 2950 2782 3006 Deum
2814 2952 3079 3017 imitetur,
3104 2952 3286 3007 divino
3307 2965 3522 3023 quoque

1953 3044 2171 3097 nomine
2200 3046 2614 3099 condecoratur.

1450 3194 1986 3253 ADNOTATIONES
2022 3197 2372 3253 CORDERII.

331 3355 362 3428 ς
398 3359 442 3410 1.
484 3355 620 3411 Nota
653 3370 718 3410 ex
750 3355 809 3410 P.
837 3355 1092 3412 Cornelio
1137 3357 1203 3413 ad
1254 3356 1436 3413 locum
1483 3358 1764 3414 Malachia:
1811 3360 2036 3413 citatum
2092 3367 2298 3429 septem
2343 3357 2612 3425 rationes,
2639 3360 2708 3414 oh
2736 3375 2873 3430 quas
2900 3361 3158 3417 sacerdos
3185 3361 3398 3417 dicatur
3424 3379 3525 3417 an-

257 3436 419 3499 gelus
456 3429 577 3483 Dei.

331 3496 539 3571 Prima,
570 3498 698 3571 quia
732 3505 817 3551 est
850 3499 1078 3571 nuntius?
1106 3497 1201 3554 Dei
1233 3499 1299 3554 ad
1335 3499 1626 3565 homines;
1659 3503 1801 3556 unde
1831 3500 2095 3571 Tigurina
2128 3501 2293 3571 vertit
2321 3519 2335 3555 :
2370 3500 2595 3571 Legatus
2647 3500 2785 3553 enim
2813 3512 2887 3555 est
2921 3502 3137 3556 Domini
3173 3503 3521 3560 exercituum.

257 3570 419 3623 Sicut
448 3569 595 3623 enim
627 3568 843 3640 legatus
874 3584 978 3622 non
1012 3570 1158 3625 aliud
1190 3586 1350 3640 quam
1401 3571 1661 3640 principis
1690 3587 1747 3625 se
1778 3568 2010 3640 legantis
2053 3569 2387 3625 voluntatem
2436 3568 2762 3636 annuntiat,
2793 3572 2957 3639 eique
3005 3574 3136 3627 nihil
3187 3575 3385 3628 addere
3429 3585 3523 3627 aut

256 3644 486 3711 demere
531 3649 751 3711 potest;
782 3639 855 3692 ita
885 3650 942 3693 et
961 3639 1219 3695 sacerdos
1252 3642 1341 3695 Dei
1370 3639 1702 3697 voluntatem
1753 3639 2038 3695 annuntiat
2083 3644 2299 3709 populo,
2329 3642 2490 3711 eique
2522 3642 2653 3696 nihil
2684 3643 2884 3696 addere
2928 3653 3021 3695 aut
3062 3647 3282 3697 demere
3325 3654 3522 3710 potest,

257 3710 339 3763 ait
367 3719 595 3763 sanctus
617 3708 1042 3782 Chrysqstomus
1068 3712 1216 3765 hom.
1246 3712 1300 3772 2,
1325 3713 1379 3777 in
1413 3711 1585 3780 Epist.
1608 3713 1679 3782 ad
1713 3712 1863 3766 Rom.
1890 3712 1967 3765 Ac
1998 3708 2232 3765 vicissim
2261 3721 2381 3766 vota
2401 3708 2594 3782 populi
2632 3713 2797 3765 refert
2820 3713 2886 3765 ad
2925 3712 3111 3766 Deum.
3145 3712 3239 3766 Est
3260 3708 3387 3782 ergo
3412 3708 3522 3767 tam

258 3783 473 3850 legatus
504 3780 686 3848 populi
717 3781 782 3851 ad
814 3779 1004 3845 Deum,
1037 3797 1199 3850 quam
1234 3783 1326 3837 Dei
1360 3784 1424 3835 ad
1457 3779 1739 3851 p0pulum,
1766 3793 1894 3851 puta
1928 3784 2071 3837 inter
2100 3793 2389 3851 utrumque
2414 3779 2806 3846 internuntius,
2841 3783 3106 3836 mediator
3134 3791 3190 3835 et
3215 3779 3516 3850 sequester.

334 3850 591 3906 Secunda
621 3889 637 3913 ,
678 3850 804 3918 quia
849 3852 991 3905 sicut
1023 3852 1202 3920 angeli
1248 3850 1563 3907 ministrant
1605 3851 1716 3906 Deo
1741 3894 1754 3918 ,
1791 3854 1862 3906 ita
1897 3862 1951 3907 et
1980 3854 2331 3917 sacerdotes;
2370 3856 2512 3907 Unde
2560 3853 2845 3907 Chaldaeus
2874 3856 3033 3906 vertit
3062 3870 3075 3906 :
3117 3854 3255 3917 Quia
3286 3855 3525 3907 minister

256 3931 334 3975 est
356 3937 541 3974 coram
573 3920 800 3974 Domino
827 3925 1167 3977 exercituum.
1199 3923 1340 3977 Deus
1374 3934 1574 3988 autem,
1609 3925 1783 3992 inquit
1815 3923 2178 3978 Tertullianus
2210 3925 2302 3979 lib.
2341 3933 2522 3978 contra
2551 3921 2798 3989 Judwoe,
2827 3939 2948 3992 cap.
2973 3924 3026 3988 9,
3047 3939 3139 3978 eos
3167 3937 3362 3979 vocare
3395 3940 3525 3980 con-

259 3992 451 4047 suevit
480 3992 727 4060 angelos,
763 4007 901 4060 quos
933 3993 1152 4047 virtutis
1180 4009 1294 4048 sua:
1324 3994 1603 4048 ministros
1642 3994 1906 4060 praefecit.

1636 4011 1924 4119 Eximi}:
1952 4063 2351 4130 collaudantes,
2387 4064 2460 4118 ita
2492 4074 2547 4119 et
2577 4064 2833 4119 sacerdos
2857 4063 3062 4135 jugiter
3085 4078 3246 4118 orare
3288 4073 3344 4119 et
3376 4064 3520 4134 psal—

334 4062 549 4125 Tertia,
580 4063 710 4130 quia
741 4064 883 4117 sicut
910 4064 1090 4133 angeli
1115 4063 1319 4133 jugiter
1347 4065 1611 4118 assistunt

259 4131 375 4187 lere
403 4132 592 4196 debet,
618 4134 772 4201 juxta
804 4132 931 4186 illud
962 4132 1106 4187 Psal.
1140 4131 1399 4189 cixxvn:
1433 4134 1497 4188 In
1528 4144 1807 4203 conspectu
1838 4135 2142 4203 angelorum
2168 4136 2394 4203 psallunt
2419 4136 2535 4190 tibi.

332 4204 573 4271 Quarta,
604 4205 731 4271 quia
759 4205 1077 4271 angelorum
1126 4209 1382 4275 virtutem
1437 4221 1499 4259 ac
1544 4206 1835 4274 puritatem
1891 4206 2089 4258 itnitari
2143 4206 2342 4275 debet;
2397 4210 2537 4260 unde
2583 4205 2860 4271 Isidorus,
2915 4203 3171 4259 Dorothei
3222 4204 3524 4275 presbyteri

264 4275 547 4329 levitatem
576 4277 872 4341 castigans,
906 4275 1004 4347 l_ib.
1032 4288 1079 4341 ι,
1102 4276 1264 4344 epist.
1293 4274 1422 4340 519,
1456 4277 1570 4329 ait:
1611 4293 1630 4325 ι
1663 4275 1930 4347 Sacerdos
1950 4277 2093 4329 enim
2140 4274 2356 4330 Domini
2404 4278 2793 4346 ontnipotcntis
2852 4278 3075 4347 angelus
3124 4286 3248 4341 est;
3298 4274 3524 4344 angelus

268 4356 449 4400 autem
483 4347 652 4398 risum
679 4347 876 4408 nescit,
904 4344 1017 4400 Deo
1049 4362 1171 4399 cum
1208 4356 1352 4399 metu
1387 4358 1441 4399 et
1472 4360 1671 4413 pavore
1696 4346 2032 4400 ministrans.
2059 4363 2079 4396 ι
2556 4344 2572 4346 ⁷
2934 4344 2949 4347 ⁷
3534 4378 3537 4379 ν

341 4414 507 4485 108
528 4415 750 4487 Quinta,
782 4422 1041 4471 sacerdos
1065 4416 1291 4485 angelus
1308 4429 1391 4469 est
1410 4418 1821 4470 consecratione
1847 4417 2056 4487 divina,
2088 4431 2219 4487 _qua
2272 4417 2531 4486 majorem
2564 4428 2884 4486 potestatem
2907 4418 3115 4487 accepit
3136 4431 3296 4487 quam
3323 4414 3523 4486 angeli,

267 4496 327 4537 ut
358 4491 593 4554 pulchre
625 4500 689 4538 ac
727 4485 845 4538 fuse
875 4489 1070 4554 prohat
1092 4497 1319 4540 sanctus
1348 4487 1774 4556 Chrysostomns
1809 4489 1860 4539 in
1891 4486 2045 4541 libris
2080 4485 2151 4538 De
2210 4485 2530 4543 sacerdotio.

337 4558 555 4629 Sexta,
580 4556 708 4625 quia
744 4558 1059 4624 angelorum
1093 4560 1196 4613 tria
1220 4568 1349 4611 sunt
1382 4559 1589 4623 munia,
1621 4558 1829 4612 scilicet
1850 4571 2105 4627 purgare,
2139 4556 2464 4623 illuminare,
2482 4569 2538 4612 et
2566 4558 2851 4629 perlicere,
2878 4573 2999 4628 qua:
3031 4557 3161 4613 item
3186 4565 3313 4612 sunt
3344 4557 3526 4610 munia

270 4627 596 4683 sacerdotis.

338 4698 612 4768 Septima,
638 4699 764 4767 quia
790 4699 1105 4767 angelorum
1149 4707 1233 4754 est
1266 4713 1618 4767 perseverare
1670 4699 1722 4752 in
1772 4697 2064 4753 sanctitate
2111 4714 2174 4754 ac
2223 4700 2656 4755 sanctiﬁcatione
2680 4741 2695 4767 ,
2723 4711 2780 4754 ut
2810 4700 2888 4753 ait
2932 4700 3184 4763 Basilius,
3217 4696 3405 4751 homil.
3449 4694 3527 4748 De

268 4770 475 4837 Spiritu
504 4780 732 4840 sancto;
758 4772 848 4838 qui
877 4770 1022 4823 enim
1050 4770 1104 4823 in
1133 4786 1194 4824 ea
1230 4785 1334 4823 non
1364 4778 1869 4840 perseveraverunt,
1899 4770 2026 4822 facti
2060 4782 2185 4824 sunt
2212 4772 2484 4825 daemones
2509 4789 2523 4836 ;
2554 4772 2629 4825 ita
2659 4771 2930 4824 sacerdoti
2964 4772 3269 4824 necessaria
3301 4778 3384 4840 est
3412 4782 3538 4835 per-

268 4839 582 4910 severantia
613 4840 668 4893 in
697 4836 797 4894 suo
826 4854 992 4907 opere
1017 4851 1074 4893 et
1099 4841 1282 4894 ol'licio
1310 4856 1326 4903 ;
1356 4836 1422 4895 de
1453 4839 1653 4909 quibus
1674 4856 1840 4893 aurea
1890 4851 1974 4892 est
2015 4843 2283 4895 sententia
2333 4844 2507 4895 sancti
2551 4841 2798 4910 Gregorii
2838 4841 3164 4894 Nazianzent
3198 4842 3251 4910 in
3287 4836 3441 4910 Apot.
3469 4852 3485 4889 ι
3515 4849 3529 4886 :

269 4929 289 4961 ι
332 4909 614 4974 Veritatis,
646 4910 744 4974 ait,
781 4906 1013 4965 antistes
1044 4920 1100 4965 et
1128 4906 1501 4980 propugnator
1530 4925 1656 4964 cum
1686 4910 2006 4980 angelorum
2034 4912 2207 4966 classe
2232 4921 2395 4980 atque
2430 4912 2622 4966 ordine
2653 4906 2736 4966 est
2758 4950 2773 4973 ,
2802 4927 2926 4964 cum
2970 4909 3313 4979 archangelis
3360 4906 3525 4958 Deum

265 4982 534 5044 celebrat,
565 4982 634 5055 ad
664 4996 963 5055 supernum
995 4982 1171 5055 altare
1204 4984 1475 5055 sacrihcia
1508 4982 1856 5041 transmittit,
1890 4982 2159 5050 simulque
2188 4998 2310 5055 cum
2340 4982 2557 5036 Christo
2580 4983 2819 5052 fungitur
2845 4982 3172 5055 sacerdotio,
3213 4980 3525 5055 ﬁgmentum

263 5062 579 5117 Instaurat,
623 5052 1022 5122 imaginemque
1067 5052 1333 5123 Creatori
1359 5052 1543 5117 sistit,
1587 5061 1642 5106 et
1694 5065 1991 5120 supernum
2036 5054 2238 5107 mundo
2294 5055 2543 5121 Opilicem
2593 5051 2742 5123 agit,
2788 5063 2880 5118 et,
2920 5051 3147 5117 utquod
3199 5051 3374 5115 majus
3420 5054 3525 5108 est,

264 5124 476 5193 dicam,
505 5123 649 5175 Deus
675 5121 779 5187 est,
814 5121 1062 5193 alioSque
1100 5125 1230 5178 deos
1257 5121 1469 5177 efﬁcit.»

340 5192 372 5267 ί
405 5185 475 5247 ll.
507 5185 832 5248 Sanctorum
860 5185 1128 5267 cherubim
1154 5194 1580 5267 ordo_sapientia:
1596 5193 1930 5267 scientiaeque
1952 5190 2160 5247 altioris
2185 5204 2259 5246 est
2283 5196 2565 5261 particeps,
2601 5203 2707 5251 etc.
2734 5195 2811 5249 Ex
2838 5192 2939 5249 hoc
2968 5190 3087 5247 loco
3110 5190 3268 5267 divus
3292 5185 3529 5267 Thomas

264 5258 446 5334 pinna
469 5279 650 5333 parte,
669 5268 970 5334 quaestione
997 5265 1087 5331 55,
1108 5267 1263 5319 artic.
1283 5264 1338 5327 3,
1362 5258 1556 5333 probat
1572 5264 1815 5332 angelos,
1834 5258 2038 5329 quanto
2061 5258 2374 5332 superiores
2405 5258 2554 5329 sunt,
2581 5275 2732 5319 tanto
2752 5281 2847 5334 per
2878 5267 3085 5333 species
3102 5258 3526 5334 universaliOI‘CS

265 5330 602 5404 intelligere.
636 5330 662 5387 't
685 5330 809 5392 ’lluc
837 5339 1008 5402 enim,
1036 5339 1235 5406 inquit,
1264 5330 1391 5389 sunt
1417 5337 1471 5388 in
1513 5330 1678 5389 rebus
1708 5335 1891 5403 aliqua
1920 5330 2227 5401 superidta,
2254 5350 2361 5406 quo
2387 5346 2514 5391 sunt
2546 5337 2635 5390 un't
2666 5330 2841 5406 prtino
2860 5375 2875 5403 ,
2906 5330 3050 5406 quod
3097 5333 3236 5387 Deus
3259 5338 3363 5396 est,
3398 5338 3527 5395 pro-

335 5429 362 5466 ἀ
389 5429 539 5483 Ρξὶιι.
568 5445 714 5498 xcnv,
741 5446 905 5485 Lxut
927 5447 942 5498 ;
966 5430 1105 5485 Gen.
1145 5445 1298 5485 xm!
1327 5447 1340 5497 ;
1368 5428 1541 5487 Exod.
1573 5442 1670 5483 vn.

1532 5585 1764 5642 νΑιιυΕ
1804 5582 2208 5642 LECTIONES.

334 5715 381 5749 ⁸⁷
416 5728 511 5784 γρ.
566 5712 669 5765 οὐκ
694 5710 827 5765 ἔστι.
904 5710 949 5744 ⁸⁸
982 5709 1114 5782 παρ’
1148 5709 1300 5782 ἡμῖν,
1334 5706 1433 5765 Ch.
1464 5706 1565 5765 δι’.
1595 5707 1661 5763 D.
1692 5706 1782 5762 Sc.
1814 5704 1937 5761 Sat.
1964 5703 2088 5760 Ver.
2164 5702 2208 5736 ⁸⁸
2242 5700 2342 5757 Ch.
2374 5699 2467 5753 καί⁵
2488 5696 2589 5769 τῆς
2622 5693 2792 5755 θείας.
