  <div class='ocr_page' id='page_1' title='image "/cluster/home/n/w/nwhite01/storage/ocr_20150623/3/nnc1.0046978666/169.png"; bbox 0 0 3908 6232; ppageno 0'>
   <div class='ocr_carea' id='block_1_1' title="bbox 382 312 3645 378">
    <p class='ocr_par' dir='ltr' id='par_1_1' title="bbox 382 312 3645 378">
     <span class='ocr_line' id='line_1_1' title="bbox 382 312 3645 378; baseline -0.003 -3"><span class='ocrx_word' id='word_1_1' title='bbox 382 322 491 378; x_wconf 73' lang='lat'><strong>‘295</strong></span> <span class='ocrx_word' id='word_1_2' title='bbox 1574 316 1633 371; x_wconf 90' lang='lat' dir='ltr'><strong>S.</strong></span> <span class='ocrx_word' id='word_1_3' title='bbox 1672 314 1831 369; x_wconf 82' lang='lat' dir='ltr'><strong>DION</strong></span> <span class='ocrx_word' id='word_1_4' title='bbox 1842 314 1973 369; x_wconf 77' lang='grc' dir='ltr'>ι’διι</span> <span class='ocrx_word' id='word_1_5' title='bbox 2007 312 2476 370; x_wconf 72' lang='grc' dir='ltr'><strong>ΑΠΕΟΡΑΟΙΤᾸΞ</strong></span> <span class='ocrx_word' id='word_1_6' title='bbox 3540 314 3645 368; x_wconf 73' lang='lat' dir='ltr'><strong>29ft</strong></span> 
     </span>
    </p>
   </div>
   <div class='ocr_carea' id='block_1_2' title="bbox 420 429 3618 503">
    <p class='ocr_par' dir='ltr' id='par_1_2' title="bbox 420 429 3618 503">
     <span class='ocr_line' id='line_1_2' title="bbox 420 429 3618 503; baseline -0.001 -15"><span class='ocrx_word' id='word_1_7' title='bbox 420 435 670 503; x_wconf 88' lang='lat' dir='ltr'><strong>inquiora</strong></span> <span class='ocrx_word' id='word_1_8' title='bbox 726 440 780 486; x_wconf 89' lang='lat' dir='ltr'><strong>et</strong></span> <span class='ocrx_word' id='word_1_9' title='bbox 814 432 1100 486; x_wconf 83' lang='lat' dir='ltr'><strong>similiora.</strong></span> <span class='ocrx_word' id='word_1_10' title='bbox 1124 452 1142 484; x_wconf 84' lang='grc' dir='ltr'>ι</span> <span class='ocrx_word' id='word_1_11' title='bbox 1174 431 1228 485; x_wconf 82' lang='lat' dir='ltr'><strong>Ia</strong></span> <span class='ocrx_word' id='word_1_12' title='bbox 1258 430 1367 484; x_wconf 88' lang='lat' dir='ltr'><strong>Deo</strong></span> <span class='ocrx_word' id='word_1_13' title='bbox 1395 439 1574 503; x_wconf 80' lang='lat' dir='ltr'><strong>autem</strong></span> <span class='ocrx_word' id='word_1_14' title='bbox 1612 440 1719 483; x_wconf 83' lang='lat' dir='ltr'><strong>tota</strong></span> <span class='ocrx_word' id='word_1_15' title='bbox 1754 429 2032 498; x_wconf 86' lang='lat' dir='ltr'><strong>plenitudo</strong></span> <span class='ocrx_word' id='word_1_16' title='bbox 2072 430 2450 486; x_wconf 77' lang='lat' dir='ltr'><strong>intellectualis</strong></span> <span class='ocrx_word' id='word_1_17' title='bbox 2498 430 2824 499; x_wconf 79' lang='lat' dir='ltr'><strong>cognitionis</strong></span> <span class='ocrx_word' id='word_1_18' title='bbox 2871 432 3183 487; x_wconf 70' lang='lat' dir='ltr'><strong>continetur</strong></span> <span class='ocrx_word' id='word_1_19' title='bbox 3226 431 3288 503; x_wconf 90' lang='lat' dir='ltr'><strong>in</strong></span> <span class='ocrx_word' id='word_1_20' title='bbox 3321 445 3450 503; x_wconf 60' lang='grc' dir='ltr'><strong>Διιιιο</strong></span> <span class='ocrx_word' id='word_1_21' title='bbox 3478 472 3493 497; x_wconf 90' lang='grc'><strong>,</strong></span> <span class='ocrx_word' id='word_1_22' title='bbox 3538 434 3618 486; x_wconf 72' lang='lat' dir='ltr'><strong>sci</strong></span> 
     </span>
    </p>
   </div>
   <div class='ocr_carea' id='block_1_3' title="bbox 380 453 3643 572">
    <p class='ocr_par' dir='ltr' id='par_1_3' title="bbox 380 453 3643 572">
     <span class='ocr_line' id='line_1_3' title="bbox 422 453 3618 503; baseline -0.001 -17"><span class='ocrx_word' id='word_1_23' title='bbox 422 453 670 503; x_wconf 69' lang='lat' dir='ltr'><strong>Illqulnra</strong></span> <span class='ocrx_word' id='word_1_24' title='bbox 726 453 780 486; x_wconf 71' lang='grc' dir='ltr'><strong>ει</strong></span> <span class='ocrx_word' id='word_1_25' title='bbox 814 453 1100 486; x_wconf 73' lang='grc' dir='ltr'><strong>8111111101Ἧ.</strong></span> <span class='ocrx_word' id='word_1_26' title='bbox 1124 453 1142 484; x_wconf 71' lang='grc' dir='ltr'>ι</span> <span class='ocrx_word' id='word_1_27' title='bbox 1177 453 1228 485; x_wconf 86' lang='lat' dir='ltr'><strong>Iil</strong></span> <span class='ocrx_word' id='word_1_28' title='bbox 1261 453 1367 484; x_wconf 74' lang='lat' dir='ltr'><strong>HC&quot;</strong></span> <span class='ocrx_word' id='word_1_29' title='bbox 1395 453 1574 484; x_wconf 72' lang='lat' dir='ltr'><strong>ﬂlllClll</strong></span> <span class='ocrx_word' id='word_1_30' title='bbox 1612 453 1719 483; x_wconf 75' lang='grc' dir='ltr'><strong>ιυιδ</strong></span> <span class='ocrx_word' id='word_1_31' title='bbox 1754 453 2032 498; x_wconf 70' lang='grc' dir='ltr'>ιιιιξιιιιιιιιυ</span> <span class='ocrx_word' id='word_1_32' title='bbox 2073 453 2450 486; x_wconf 66' lang='grc' dir='ltr'><strong>ιιιιυιιεστιιιειιιδ</strong></span> <span class='ocrx_word' id='word_1_33' title='bbox 2498 453 2824 499; x_wconf 69' lang='lat' dir='ltr'><strong>cognitionis</strong></span> <span class='ocrx_word' id='word_1_34' title='bbox 2871 453 3182 487; x_wconf 73' lang='grc' dir='ltr'><strong>ΓΟΙΙΙΙΙΙΕΙΙΙΓ</strong></span> <span class='ocrx_word' id='word_1_35' title='bbox 3236 453 3288 483; x_wconf 88' lang='grc' dir='ltr'><strong>ΙΙΙ</strong></span> <span class='ocrx_word' id='word_1_36' title='bbox 3341 453 3450 483; x_wconf 76' lang='grc'><strong>11110</strong></span> <span class='ocrx_word' id='word_1_37' title='bbox 3478 472 3493 497; x_wconf 72' lang='lat'><strong>,</strong></span> <span class='ocrx_word' id='word_1_38' title='bbox 3538 453 3618 486; x_wconf 64' lang='lat' dir='ltr'><strong>SPI</strong></span> 
     </span>
     <span class='ocr_line' id='line_1_4' title="bbox 380 453 3643 572; baseline -0.001 -13"><span class='ocrx_word' id='word_1_39' title='bbox 380 453 511 559; x_wconf 63' lang='lat' dir='ltr'><strong>licet</strong></span> <span class='ocrx_word' id='word_1_40' title='bbox 566 506 617 556; x_wconf 91' lang='lat' dir='ltr'><strong>in</strong></span> <span class='ocrx_word' id='word_1_41' title='bbox 650 504 887 557; x_wconf 77' lang='lat' dir='ltr'><strong>essentia</strong></span> <span class='ocrx_word' id='word_1_42' title='bbox 940 503 1147 561; x_wconf 78' lang='lat' dir='ltr'><strong>divina.</strong></span> <span class='ocrx_word' id='word_1_43' title='bbox 1186 519 1280 569; x_wconf 77' lang='lat' dir='ltr'><strong>per</strong></span> <span class='ocrx_word' id='word_1_44' title='bbox 1316 519 1477 569; x_wconf 89' lang='lat' dir='ltr'><strong>quam</strong></span> <span class='ocrx_word' id='word_1_45' title='bbox 1510 501 1651 553; x_wconf 88' lang='lat' dir='ltr'><strong>Deus</strong></span> <span class='ocrx_word' id='word_1_46' title='bbox 1703 503 1885 553; x_wconf 84' lang='lat' dir='ltr'><strong>omnia</strong></span> <span class='ocrx_word' id='word_1_47' title='bbox 1932 503 2233 572; x_wconf 72' lang='lat' dir='ltr'><strong>cognoscit.</strong></span> <span class='ocrx_word' id='word_1_48' title='bbox 2264 503 2396 567; x_wconf 72' lang='lat' dir='ltr'><strong>Quae</strong></span> <span class='ocrx_word' id='word_1_49' title='bbox 2429 504 2648 572; x_wconf 78' lang='lat' dir='ltr'><strong>quidem</strong></span> <span class='ocrx_word' id='word_1_50' title='bbox 2700 503 3059 571; x_wconf 81' lang='lat' dir='ltr'><strong>intelligibilis</strong></span> <span class='ocrx_word' id='word_1_51' title='bbox 3092 500 3371 572; x_wconf 85' lang='lat' dir='ltr'><strong>plenitudo</strong></span> <span class='ocrx_word' id='word_1_52' title='bbox 3395 502 3447 555; x_wconf 84' lang='lat' dir='ltr'><strong>in</strong></span> <span class='ocrx_word' id='word_1_53' title='bbox 3480 503 3643 556; x_wconf 89' lang='lat' dir='ltr'><strong>intel-</strong></span> 
     </span>
    </p>
   </div>
   <div class='ocr_carea' id='block_1_4' title="bbox 383 571 3643 641">
    <p class='ocr_par' dir='ltr' id='par_1_4' title="bbox 383 571 3643 641">
     <span class='ocr_line' id='line_1_5' title="bbox 383 571 3643 641; baseline -0.002 -13"><span class='ocrx_word' id='word_1_54' title='bbox 383 575 686 641; x_wconf 81' lang='lat' dir='ltr'><strong>ligihilihus</strong></span> <span class='ocrx_word' id='word_1_55' title='bbox 714 574 988 628; x_wconf 72' lang='lat' dir='ltr'><strong>creaturis</strong></span> <span class='ocrx_word' id='word_1_56' title='bbox 1021 574 1263 626; x_wconf 78' lang='lat' dir='ltr'><strong>inferiori</strong></span> <span class='ocrx_word' id='word_1_57' title='bbox 1311 574 1470 626; x_wconf 84' lang='lat' dir='ltr'><strong>Inodo</strong></span> <span class='ocrx_word' id='word_1_58' title='bbox 1501 582 1555 626; x_wconf 91' lang='lat' dir='ltr'><strong>et</strong></span> <span class='ocrx_word' id='word_1_59' title='bbox 1594 572 1774 624; x_wconf 77' lang='lat' dir='ltr'><strong>lllillllS</strong></span> <span class='ocrx_word' id='word_1_60' title='bbox 1802 571 2132 639; x_wconf 79' lang='lat' dir='ltr'><strong>simpliciter</strong></span> <span class='ocrx_word' id='word_1_61' title='bbox 2166 571 2456 639; x_wconf 71' lang='lat' dir='ltr'><strong>reperitur.</strong></span> <span class='ocrx_word' id='word_1_62' title='bbox 2496 573 2647 627; x_wconf 87' lang='lat' dir='ltr'><strong>Unde</strong></span> <span class='ocrx_word' id='word_1_63' title='bbox 2676 584 2888 639; x_wconf 79' lang='lat' dir='ltr'><strong>oportet</strong></span> <span class='ocrx_word' id='word_1_64' title='bbox 2924 590 2985 626; x_wconf 88' lang='lat' dir='ltr'><strong>ea</strong></span> <span class='ocrx_word' id='word_1_65' title='bbox 3020 589 3139 640; x_wconf 63' lang='lat' dir='ltr'><strong>qua?</strong></span> <span class='ocrx_word' id='word_1_66' title='bbox 3172 571 3316 624; x_wconf 84' lang='lat' dir='ltr'><strong>Deus</strong></span> <span class='ocrx_word' id='word_1_67' title='bbox 3359 575 3643 640; x_wconf 76' lang='lat' dir='ltr'><strong>cognoscit</strong></span> 
     </span>
    </p>
   </div>
   <div class='ocr_carea' id='block_1_5' title="bbox 422 641 3637 712">
    <p class='ocr_par' dir='ltr' id='par_1_5' title="bbox 422 641 3637 712">
     <span class='ocr_line' id='line_1_6' title="bbox 422 641 3637 712; baseline -0.002 -15"><span class='ocrx_word' id='word_1_68' title='bbox 422 662 480 697; x_wconf 87' lang='lat' dir='ltr'><strong>er</strong></span> <span class='ocrx_word' id='word_1_69' title='bbox 507 660 700 707; x_wconf 90' lang='lat' dir='ltr'><strong>unum,</strong></span> <span class='ocrx_word' id='word_1_70' title='bbox 733 643 1048 697; x_wconf 87' lang='lat' dir='ltr'><strong>inferiorem</strong></span> <span class='ocrx_word' id='word_1_71' title='bbox 1100 642 1432 695; x_wconf 85' lang='lat' dir='ltr'><strong>intellectum</strong></span> <span class='ocrx_word' id='word_1_72' title='bbox 1474 658 1807 711; x_wconf 78' lang='lat' dir='ltr'><strong>cognoscere</strong></span> <span class='ocrx_word' id='word_1_73' title='bbox 1836 657 1933 708; x_wconf 71' lang='lat' dir='ltr'><strong>per</strong></span> <span class='ocrx_word' id='word_1_74' title='bbox 1965 642 2157 703; x_wconf 81' lang='lat' dir='ltr'><strong>inulta,</strong></span> <span class='ocrx_word' id='word_1_75' title='bbox 2189 654 2241 695; x_wconf 92' lang='lat' dir='ltr'><strong>et</strong></span> <span class='ocrx_word' id='word_1_76' title='bbox 2271 660 2366 709; x_wconf 80' lang='lat' dir='ltr'><strong>per</strong></span> <span class='ocrx_word' id='word_1_77' title='bbox 2400 656 2550 699; x_wconf 85' lang='lat' dir='ltr'><strong>tanto</strong></span> <span class='ocrx_word' id='word_1_78' title='bbox 2578 643 2757 709; x_wconf 88' lang='lat' dir='ltr'><strong>plura,</strong></span> <span class='ocrx_word' id='word_1_79' title='bbox 2788 656 2993 712; x_wconf 87' lang='lat' dir='ltr'><strong>quanto</strong></span> <span class='ocrx_word' id='word_1_80' title='bbox 3028 641 3451 712; x_wconf 65' lang='lat' dir='ltr'><strong>interioriucrtt</strong></span> <span class='ocrx_word' id='word_1_81' title='bbox 3478 642 3637 693; x_wconf 82' lang='lat' dir='ltr'><strong>intel-</strong></span> 
     </span>
    </p>
   </div>
   <div class='ocr_carea' id='block_1_6' title="bbox 330 708 3648 783">
    <p class='ocr_par' dir='ltr' id='par_1_6' title="bbox 330 708 3648 783">
     <span class='ocr_line' id='line_1_7' title="bbox 330 708 3648 783; baseline -0.002 -15"><span class='ocrx_word' id='word_1_82' title='bbox 330 766 343 783; x_wconf 56' lang='grc'><strong>,,</strong></span> <span class='ocrx_word' id='word_1_83' title='bbox 384 708 580 769; x_wconf 81' lang='lat' dir='ltr'><strong>lectus.</strong></span> <span class='ocrx_word' id='word_1_84' title='bbox 614 714 703 767; x_wconf 89' lang='lat' dir='ltr'><strong>Sic</strong></span> <span class='ocrx_word' id='word_1_85' title='bbox 731 714 929 781; x_wconf 80' lang='lat' dir='ltr'><strong>igitur,</strong></span> <span class='ocrx_word' id='word_1_86' title='bbox 966 725 1172 783; x_wconf 89' lang='lat' dir='ltr'><strong>quanto</strong></span> <span class='ocrx_word' id='word_1_87' title='bbox 1202 713 1425 781; x_wconf 85' lang='lat' dir='ltr'><strong>angelus</strong></span> <span class='ocrx_word' id='word_1_88' title='bbox 1480 708 1642 767; x_wconf 81' lang='lat' dir='ltr'><strong>fuerit</strong></span> <span class='ocrx_word' id='word_1_89' title='bbox 1688 714 1959 779; x_wconf 82' lang='lat' dir='ltr'><strong>superior;</strong></span> <span class='ocrx_word' id='word_1_90' title='bbox 1993 722 2143 765; x_wconf 86' lang='lat' dir='ltr'><strong>tanto</strong></span> <span class='ocrx_word' id='word_1_91' title='bbox 2169 708 2815 782; x_wconf 77' lang='lat' dir='ltr'><strong>perpaucioresspecies</strong></span> <span class='ocrx_word' id='word_1_92' title='bbox 2847 730 3024 766; x_wconf 90' lang='lat' dir='ltr'><strong>rerum</strong></span> <span class='ocrx_word' id='word_1_93' title='bbox 3060 708 3483 778; x_wconf 84' lang='lat' dir='ltr'><strong>intelligibiliuin</strong></span> <span class='ocrx_word' id='word_1_94' title='bbox 3519 714 3648 764; x_wconf 84' lang='lat' dir='ltr'><strong>nni-</strong></span> 
     </span>
    </p>
   </div>
   <div class='ocr_carea' id='block_1_7' title="bbox 386 782 3649 851">
    <p class='ocr_par' dir='ltr' id='par_1_7' title="bbox 386 782 3649 851">
     <span class='ocr_line' id='line_1_8' title="bbox 386 782 3649 851; baseline -0.001 -14"><span class='ocrx_word' id='word_1_95' title='bbox 386 786 703 839; x_wconf 80' lang='lat' dir='ltr'><strong>versitatem</strong></span> <span class='ocrx_word' id='word_1_96' title='bbox 755 784 952 850; x_wconf 86' lang='lat' dir='ltr'><strong>poterit</strong></span> <span class='ocrx_word' id='word_1_97' title='bbox 986 782 1445 851; x_wconf 72' lang='lat' dir='ltr'><strong>apprehendere,</strong></span> <span class='ocrx_word' id='word_1_98' title='bbox 1477 793 1641 850; x_wconf 86' lang='lat' dir='ltr'><strong>atque</strong></span> <span class='ocrx_word' id='word_1_99' title='bbox 1670 782 1791 835; x_wconf 91' lang='lat' dir='ltr'><strong>ideo</strong></span> <span class='ocrx_word' id='word_1_100' title='bbox 1827 794 2043 851; x_wconf 90' lang='lat' dir='ltr'><strong>oportet</strong></span> <span class='ocrx_word' id='word_1_101' title='bbox 2078 784 2195 850; x_wconf 87' lang='lat' dir='ltr'><strong>ejus</strong></span> <span class='ocrx_word' id='word_1_102' title='bbox 2226 788 2430 839; x_wconf 82' lang='lat' dir='ltr'><strong>formas</strong></span> <span class='ocrx_word' id='word_1_103' title='bbox 2457 802 2554 839; x_wconf 90' lang='lat' dir='ltr'><strong>seu</strong></span> <span class='ocrx_word' id='word_1_104' title='bbox 2584 786 2796 850; x_wconf 85' lang='lat' dir='ltr'><strong>species</strong></span> <span class='ocrx_word' id='word_1_105' title='bbox 2824 798 2944 838; x_wconf 84' lang='lat' dir='ltr'><strong>esse</strong></span> <span class='ocrx_word' id='word_1_106' title='bbox 2977 783 3421 843; x_wconf 76' lang='lat' dir='ltr'><strong>uuiversaliores,</strong></span> <span class='ocrx_word' id='word_1_107' title='bbox 3454 792 3649 849; x_wconf 87' lang='lat' dir='ltr'><strong>utpote</strong></span> 
     </span>
    </p>
   </div>
   <div class='ocr_carea' id='block_1_8' title="bbox 386 853 3645 922">
    <p class='ocr_par' dir='ltr' id='par_1_8' title="bbox 386 853 3645 922">
     <span class='ocr_line' id='line_1_9' title="bbox 386 853 3645 922; baseline -0.002 -14"><span class='ocrx_word' id='word_1_108' title='bbox 386 856 451 908; x_wconf 90' lang='lat' dir='ltr'><strong>ad</strong></span> <span class='ocrx_word' id='word_1_109' title='bbox 506 856 660 922; x_wconf 90' lang='lat' dir='ltr'><strong>plura</strong></span> <span class='ocrx_word' id='word_1_110' title='bbox 713 869 771 907; x_wconf 88' lang='lat' dir='ltr'><strong>se</strong></span> <span class='ocrx_word' id='word_1_111' title='bbox 813 858 1188 907; x_wconf 71' lang='lat' dir='ltr'><strong>extendentes.</strong></span> <span class='ocrx_word' id='word_1_112' title='bbox 1224 855 1290 907; x_wconf 72' lang='lat' dir='ltr'><strong>lit</strong></span> <span class='ocrx_word' id='word_1_113' title='bbox 1324 853 1483 920; x_wconf 86' lang='lat' dir='ltr'><strong>hujus</strong></span> <span class='ocrx_word' id='word_1_114' title='bbox 1512 855 1587 906; x_wconf 85' lang='lat' dir='ltr'><strong>rei</strong></span> <span class='ocrx_word' id='word_1_115' title='bbox 1617 853 1836 922; x_wconf 84' lang='lat' dir='ltr'><strong>aliquod</strong></span> <span class='ocrx_word' id='word_1_116' title='bbox 1872 854 1923 906; x_wconf 89' lang='lat' dir='ltr'><strong>in</strong></span> <span class='ocrx_word' id='word_1_117' title='bbox 1959 853 2117 906; x_wconf 84' lang='lat' dir='ltr'><strong>nobis</strong></span> <span class='ocrx_word' id='word_1_118' title='bbox 2149 855 2454 921; x_wconf 77' lang='lat' dir='ltr'><strong>exemplum</strong></span> <span class='ocrx_word' id='word_1_119' title='bbox 2513 857 2713 909; x_wconf 83' lang='lat' dir='ltr'><strong>habere</strong></span> <span class='ocrx_word' id='word_1_120' title='bbox 2769 855 3040 907; x_wconf 77' lang='lat' dir='ltr'><strong>videmur.</strong></span> <span class='ocrx_word' id='word_1_121' title='bbox 3075 853 3215 906; x_wconf 90' lang='lat' dir='ltr'><strong>Sunt</strong></span> <span class='ocrx_word' id='word_1_122' title='bbox 3243 853 3385 905; x_wconf 92' lang='lat' dir='ltr'><strong>enim</strong></span> <span class='ocrx_word' id='word_1_123' title='bbox 3418 853 3645 922; x_wconf 85' lang='lat' dir='ltr'><strong>quidam</strong></span> 
     </span>
    </p>
   </div>
   <div class='ocr_carea' id='block_1_9' title="bbox 384 921 3647 996">
    <p class='ocr_par' dir='ltr' id='par_1_9' title="bbox 384 921 3647 996">
     <span class='ocr_line' id='line_1_10' title="bbox 384 921 3647 996; baseline -0.001 -20"><span class='ocrx_word' id='word_1_124' title='bbox 384 926 477 993; x_wconf 89' lang='lat' dir='ltr'><strong>qui</strong></span> <span class='ocrx_word' id='word_1_125' title='bbox 508 921 799 996; x_wconf 71' lang='lat' dir='ltr'><strong>veritatem</strong></span> <span class='ocrx_word' id='word_1_126' title='bbox 841 925 1233 996; x_wconf 81' lang='lat' dir='ltr'><strong>intelligibilem</strong></span> <span class='ocrx_word' id='word_1_127' title='bbox 1284 940 1481 991; x_wconf 86' lang='lat' dir='ltr'><strong>capere</strong></span> <span class='ocrx_word' id='word_1_128' title='bbox 1506 940 1610 976; x_wconf 88' lang='lat' dir='ltr'><strong>non</strong></span> <span class='ocrx_word' id='word_1_129' title='bbox 1645 921 1870 992; x_wconf 86' lang='lat' dir='ltr'><strong>possunt</strong></span> <span class='ocrx_word' id='word_1_130' title='bbox 1898 963 1915 996; x_wconf 17' lang='grc' dir='ltr'>,ν</span> <span class='ocrx_word' id='word_1_131' title='bbox 1944 926 2045 996; x_wconf 87' lang='lat' dir='ltr'><strong>nisi</strong></span> <span class='ocrx_word' id='word_1_132' title='bbox 2094 924 2172 976; x_wconf 81' lang='lat' dir='ltr'><strong>eis</strong></span> <span class='ocrx_word' id='word_1_133' title='bbox 2226 927 2592 993; x_wconf 70' lang='lat' dir='ltr'><strong>put‘lifltlzllim</strong></span> <span class='ocrx_word' id='word_1_134' title='bbox 2644 941 2739 993; x_wconf 81' lang='lat' dir='ltr'><strong>per</strong></span> <span class='ocrx_word' id='word_1_135' title='bbox 2787 926 2994 996; x_wconf 82' lang='lat' dir='ltr'><strong>singula</strong></span> <span class='ocrx_word' id='word_1_136' title='bbox 3046 921 3489 996; x_wconf 68' lang='lat' dir='ltr'><strong>explicetur._l£t</strong></span> <span class='ocrx_word' id='word_1_137' title='bbox 3539 923 3647 996; x_wconf 83' lang='lat' dir='ltr'><strong>hoc</strong></span> 
     </span>
    </p>
   </div>
   <div class='ocr_carea' id='block_1_10' title="bbox 383 993 3646 1065">
    <p class='ocr_par' dir='ltr' id='par_1_10' title="bbox 383 993 3646 1065">
     <span class='ocr_line' id='line_1_11' title="bbox 383 993 3646 1065; baseline -0 -19"><span class='ocrx_word' id='word_1_138' title='bbox 383 996 602 1061; x_wconf 81' lang='lat' dir='ltr'><strong>quidem</strong></span> <span class='ocrx_word' id='word_1_139' title='bbox 638 1010 702 1047; x_wconf 75' lang='lat' dir='ltr'><strong>ex</strong></span> <span class='ocrx_word' id='word_1_140' title='bbox 736 993 1035 1049; x_wconf 77' lang='lat' dir='ltr'><strong>debilitate</strong></span> <span class='ocrx_word' id='word_1_141' title='bbox 1073 995 1378 1049; x_wconf 86' lang='lat' dir='ltr'><strong>intellectus</strong></span> <span class='ocrx_word' id='word_1_142' title='bbox 1420 1011 1607 1048; x_wconf 90' lang='lat' dir='ltr'><strong>eorum</strong></span> <span class='ocrx_word' id='word_1_143' title='bbox 1642 996 1859 1047; x_wconf 80' lang='lat' dir='ltr'><strong>accidit.</strong></span> <span class='ocrx_word' id='word_1_144' title='bbox 1892 995 1997 1047; x_wconf 83' lang='lat' dir='ltr'><strong>Alii</strong></span> <span class='ocrx_word' id='word_1_145' title='bbox 2035 1010 2165 1047; x_wconf 91' lang='lat' dir='ltr'><strong>vero</strong></span> <span class='ocrx_word' id='word_1_146' title='bbox 2200 998 2289 1065; x_wconf 86' lang='lat' dir='ltr'><strong>qui</strong></span> <span class='ocrx_word' id='word_1_147' title='bbox 2328 1008 2453 1049; x_wconf 87' lang='lat' dir='ltr'><strong>sunt</strong></span> <span class='ocrx_word' id='word_1_148' title='bbox 2486 997 2732 1050; x_wconf 79' lang='lat' dir='ltr'><strong>fortioris</strong></span> <span class='ocrx_word' id='word_1_149' title='bbox 2765 993 3104 1061; x_wconf 84' lang='lat' dir='ltr'><strong>intellectus,</strong></span> <span class='ocrx_word' id='word_1_150' title='bbox 3136 1008 3203 1048; x_wconf 81' lang='lat' dir='ltr'><strong>ex</strong></span> <span class='ocrx_word' id='word_1_151' title='bbox 3244 993 3430 1063; x_wconf 82' lang='lat' dir='ltr'><strong>paucis</strong></span> <span class='ocrx_word' id='word_1_152' title='bbox 3474 993 3646 1045; x_wconf 79' lang='lat' dir='ltr'><strong>multa</strong></span> 
     </span>
    </p>
   </div>
   <div class='ocr_carea' id='block_1_11' title="bbox 385 1073 864 1133">
    <p class='ocr_par' dir='ltr' id='par_1_11' title="bbox 385 1073 864 1133">
     <span class='ocr_line' id='line_1_12' title="bbox 385 1073 864 1133; baseline -0.004 -14"><span class='ocrx_word' id='word_1_153' title='bbox 385 1080 582 1133; x_wconf 83' lang='lat' dir='ltr'><strong>capere</strong></span> <span class='ocrx_word' id='word_1_154' title='bbox 616 1073 864 1131; x_wconf 88' lang='lat' dir='ltr'><strong>possunt.</strong></span> 
     </span>
    </p>
   </div>
   <div class='ocr_carea' id='block_1_12' title="bbox 468 1134 3645 1207">
    <p class='ocr_par' dir='ltr' id='par_1_12' title="bbox 468 1134 3645 1207">
     <span class='ocr_line' id='line_1_13' title="bbox 468 1134 3645 1207; baseline -0.002 -18"><span class='ocrx_word' id='word_1_155' title='bbox 468 1136 663 1189; x_wconf 85' lang='lat' dir='ltr'><strong>Verum</strong></span> <span class='ocrx_word' id='word_1_156' title='bbox 704 1136 747 1188; x_wconf 88' lang='lat' dir='ltr'><strong>si</strong></span> <span class='ocrx_word' id='word_1_157' title='bbox 780 1136 958 1189; x_wconf 84' lang='lat' dir='ltr'><strong>sancti</strong></span> <span class='ocrx_word' id='word_1_158' title='bbox 1012 1135 1251 1205; x_wconf 83' lang='lat' dir='ltr'><strong>Dionysii</strong></span> <span class='ocrx_word' id='word_1_159' title='bbox 1286 1135 1436 1190; x_wconf 92' lang='lat' dir='ltr'><strong>locus</strong></span> <span class='ocrx_word' id='word_1_160' title='bbox 1468 1136 1556 1189; x_wconf 88' lang='lat' dir='ltr'><strong>hic</strong></span> <span class='ocrx_word' id='word_1_161' title='bbox 1583 1137 1831 1189; x_wconf 75' lang='lat' dir='ltr'><strong>exactius</strong></span> <span class='ocrx_word' id='word_1_162' title='bbox 1865 1134 2265 1207; x_wconf 75' lang='lat' dir='ltr'><strong>consideretur,</strong></span> <span class='ocrx_word' id='word_1_163' title='bbox 2310 1146 2519 1193; x_wconf 88' lang='lat' dir='ltr'><strong>tantum</strong></span> <span class='ocrx_word' id='word_1_164' title='bbox 2558 1138 2749 1200; x_wconf 88' lang='lat' dir='ltr'><strong>docet,</strong></span> <span class='ocrx_word' id='word_1_165' title='bbox 2783 1137 3067 1193; x_wconf 87' lang='lat' dir='ltr'><strong>inferiores</strong></span> <span class='ocrx_word' id='word_1_166' title='bbox 3109 1136 3331 1207; x_wconf 76' lang='lat' dir='ltr'><strong>angelos</strong></span> <span class='ocrx_word' id='word_1_167' title='bbox 3383 1134 3645 1202; x_wconf 85' lang='lat' dir='ltr'><strong>pauciora</strong></span> 
     </span>
    </p>
   </div>
   <div class='ocr_carea' id='block_1_13' title="bbox 389 1206 3641 1276">
    <p class='ocr_par' dir='ltr' id='par_1_13' title="bbox 389 1206 3641 1276">
     <span class='ocr_line' id='line_1_14' title="bbox 389 1206 3641 1276; baseline -0.001 -19"><span class='ocrx_word' id='word_1_168' title='bbox 389 1206 528 1258; x_wconf 86' lang='lat' dir='ltr'><strong>scire</strong></span> <span class='ocrx_word' id='word_1_169' title='bbox 559 1220 718 1274; x_wconf 61' lang='lat' dir='ltr'><strong>rinam</strong></span> <span class='ocrx_word' id='word_1_170' title='bbox 752 1208 1103 1275; x_wconf 78' lang='lat' dir='ltr'><strong>superiores;</strong></span> <span class='ocrx_word' id='word_1_171' title='bbox 1156 1208 1387 1275; x_wconf 87' lang='lat' dir='ltr'><strong>ideoque</strong></span> <span class='ocrx_word' id='word_1_172' title='bbox 1438 1208 1723 1260; x_wconf 74' lang='lat' dir='ltr'><strong>scientiam</strong></span> <span class='ocrx_word' id='word_1_173' title='bbox 1773 1224 1959 1258; x_wconf 85' lang='lat' dir='ltr'><strong>eorum</strong></span> <span class='ocrx_word' id='word_1_174' title='bbox 2010 1206 2301 1272; x_wconf 84' lang='lat' dir='ltr'><strong>appellavit</strong></span> <span class='ocrx_word' id='word_1_175' title='bbox 2342 1210 2625 1276; x_wconf 80' lang='lat' dir='ltr'><strong>partialem</strong></span> <span class='ocrx_word' id='word_1_176' title='bbox 2678 1220 2924 1275; x_wconf 71' lang='lat' dir='ltr'><strong>respectu</strong></span> <span class='ocrx_word' id='word_1_177' title='bbox 2976 1206 3219 1261; x_wconf 72' lang='lat' dir='ltr'><strong>scientia:</strong></span> <span class='ocrx_word' id='word_1_178' title='bbox 3272 1206 3641 1276; x_wconf 66' lang='lat' dir='ltr'><strong>superiorum.</strong></span> 
     </span>
    </p>
   </div>
   <div class='ocr_carea' id='block_1_14' title="bbox 387 1275 3645 1348">
    <p class='ocr_par' dir='ltr' id='par_1_14' title="bbox 387 1275 3645 1348">
     <span class='ocr_line' id='line_1_15' title="bbox 387 1275 3645 1348; baseline -0.001 -21"><span class='ocrx_word' id='word_1_179' title='bbox 387 1275 461 1329; x_wconf 89' lang='lat' dir='ltr'><strong>De</strong></span> <span class='ocrx_word' id='word_1_180' title='bbox 501 1277 789 1345; x_wconf 85' lang='lat' dir='ltr'><strong>speciebus</strong></span> <span class='ocrx_word' id='word_1_181' title='bbox 835 1286 1017 1329; x_wconf 88' lang='lat' dir='ltr'><strong>autem</strong></span> <span class='ocrx_word' id='word_1_182' title='bbox 1044 1317 1059 1341; x_wconf 97' lang='lat'><strong>,</strong></span> <span class='ocrx_word' id='word_1_183' title='bbox 1090 1292 1226 1345; x_wconf 82' lang='lat' dir='ltr'><strong>quas</strong></span> <span class='ocrx_word' id='word_1_184' title='bbox 1281 1278 1596 1332; x_wconf 81' lang='lat' dir='ltr'><strong>scholastici</strong></span> <span class='ocrx_word' id='word_1_185' title='bbox 1646 1277 1892 1329; x_wconf 91' lang='lat' dir='ltr'><strong>tribuunt</strong></span> <span class='ocrx_word' id='word_1_186' title='bbox 1938 1277 2146 1345; x_wconf 79' lang='lat' dir='ltr'><strong>angelis</strong></span> <span class='ocrx_word' id='word_1_187' title='bbox 2171 1318 2185 1339; x_wconf 94' lang='lat'><strong>,</strong></span> <span class='ocrx_word' id='word_1_188' title='bbox 2219 1288 2277 1331; x_wconf 92' lang='lat' dir='ltr'><strong>ut</strong></span> <span class='ocrx_word' id='word_1_189' title='bbox 2316 1275 2644 1347; x_wconf 82' lang='lat' dir='ltr'><strong>principium</strong></span> <span class='ocrx_word' id='word_1_190' title='bbox 2692 1278 2805 1329; x_wconf 89' lang='lat' dir='ltr'><strong>sint</strong></span> <span class='ocrx_word' id='word_1_191' title='bbox 2849 1280 3197 1348; x_wconf 84' lang='lat' dir='ltr'><strong>cognitionis,</strong></span> <span class='ocrx_word' id='word_1_192' title='bbox 3233 1276 3526 1332; x_wconf 77' lang='lat' dir='ltr'><strong>Dionvsius</strong></span> <span class='ocrx_word' id='word_1_193' title='bbox 3552 1275 3645 1326; x_wconf 87' lang='lat' dir='ltr'><strong>hic</strong></span> 
     </span>
    </p>
   </div>
   <div class='ocr_carea' id='block_1_15' title="bbox 383 1348 651 1399">
    <p class='ocr_par' dir='ltr' id='par_1_15' title="bbox 383 1348 651 1399">
     <span class='ocr_line' id='line_1_16' title="bbox 383 1348 651 1399; baseline 0.007 -2"><span class='ocrx_word' id='word_1_194' title='bbox 383 1361 489 1399; x_wconf 93' lang='lat' dir='ltr'><strong>non</strong></span> <span class='ocrx_word' id='word_1_195' title='bbox 522 1348 651 1399; x_wconf 74' lang='lat' dir='ltr'><strong>aait.</strong></span> 
     </span>
    </p>
   </div>
   <div class='ocr_carea' id='block_1_16' title="bbox 452 1363 3645 1487">
    <p class='ocr_par' dir='ltr' id='par_1_16' title="bbox 452 1363 3645 1487">
     <span class='ocr_line' id='line_1_17' title="bbox 452 1363 3645 1487; baseline -0.002 -18"><span class='ocrx_word' id='word_1_196' title='bbox 452 1363 851 1487; x_wconf 49' lang='grc' dir='ltr'><strong>ἓιῗιὸἷιόιιίηἰηιο</strong></span> <span class='ocrx_word' id='word_1_197' title='bbox 870 1418 1094 1484; x_wconf 74' lang='lat' dir='ltr'><strong>reperiar</strong></span> <span class='ocrx_word' id='word_1_198' title='bbox 1116 1416 1428 1487; x_wconf 84' lang='lat' dir='ltr'><strong>theologiam</strong></span> <span class='ocrx_word' id='word_1_199' title='bbox 1446 1432 1647 1487; x_wconf 84' lang='lat' dir='ltr'><strong>quoque</strong></span> <span class='ocrx_word' id='word_1_200' title='bbox 1668 1417 1791 1469; x_wconf 75' lang='lat' dir='ltr'><strong>deos</strong></span> <span class='ocrx_word' id='word_1_201' title='bbox 1814 1418 2093 1482; x_wconf 82' lang='lat' dir='ltr'><strong>appellare,</strong></span> <span class='ocrx_word' id='word_1_202' title='bbox 2116 1427 2220 1472; x_wconf 92' lang='lat' dir='ltr'><strong>etc.</strong></span> <span class='ocrx_word' id='word_1_203' title='bbox 2244 1416 2332 1470; x_wconf 89' lang='lat' dir='ltr'><strong>Sic</strong></span> <span class='ocrx_word' id='word_1_204' title='bbox 2351 1418 2550 1471; x_wconf 87' lang='lat' dir='ltr'><strong>Psalm.</strong></span> <span class='ocrx_word' id='word_1_205' title='bbox 2576 1433 2716 1482; x_wconf 66' lang='grc' dir='ltr'>χειν,</span> <span class='ocrx_word' id='word_1_206' title='bbox 2736 1418 2960 1473; x_wconf 88' lang='lat' dir='ltr'><strong>dicitur:</strong></span> <span class='ocrx_word' id='word_1_207' title='bbox 2983 1417 3241 1482; x_wconf 82' lang='lat' dir='ltr'><strong>Quoniam</strong></span> <span class='ocrx_word' id='word_1_208' title='bbox 3262 1415 3399 1471; x_wconf 75' lang='lat' dir='ltr'><strong>Deus</strong></span> <span class='ocrx_word' id='word_1_209' title='bbox 3416 1430 3645 1481; x_wconf 67' lang='lat' dir='ltr'><strong>magna:</strong></span> 
     </span>
    </p>
   </div>
   <div class='ocr_carea' id='block_1_17' title="bbox 383 1486 3643 1557">
    <p class='ocr_par' dir='ltr' id='par_1_17' title="bbox 383 1486 3643 1557">
     <span class='ocr_line' id='line_1_18' title="bbox 383 1486 3643 1557; baseline -0 -20"><span class='ocrx_word' id='word_1_210' title='bbox 383 1486 662 1549; x_wconf 77' lang='lat' dir='ltr'><strong>Dominus,</strong></span> <span class='ocrx_word' id='word_1_211' title='bbox 689 1498 735 1538; x_wconf 88' lang='lat' dir='ltr'><strong>et</strong></span> <span class='ocrx_word' id='word_1_212' title='bbox 778 1503 867 1539; x_wconf 76' lang='lat' dir='ltr'><strong>rex</strong></span> <span class='ocrx_word' id='word_1_213' title='bbox 894 1504 1114 1555; x_wconf 76' lang='lat' dir='ltr'><strong>magnus</strong></span> <span class='ocrx_word' id='word_1_214' title='bbox 1142 1486 1301 1553; x_wconf 74' lang='lat' dir='ltr'><strong>super</strong></span> <span class='ocrx_word' id='word_1_215' title='bbox 1330 1486 1505 1541; x_wconf 75' lang='lat' dir='ltr'><strong>omnes</strong></span> <span class='ocrx_word' id='word_1_216' title='bbox 1533 1494 1679 1550; x_wconf 78' lang='lat' dir='ltr'><strong>deos,</strong></span> <span class='ocrx_word' id='word_1_217' title='bbox 1710 1488 1801 1557; x_wconf 85' lang='lat' dir='ltr'><strong>ubi</strong></span> <span class='ocrx_word' id='word_1_218' title='bbox 1827 1491 1988 1540; x_wconf 85' lang='lat' dir='ltr'><strong>etiam</strong></span> <span class='ocrx_word' id='word_1_219' title='bbox 2039 1489 2261 1557; x_wconf 77' lang='lat' dir='ltr'><strong>angelos</strong></span> <span class='ocrx_word' id='word_1_220' title='bbox 2310 1489 2580 1557; x_wconf 70' lang='lat' dir='ltr'><strong>intelligit.</strong></span> <span class='ocrx_word' id='word_1_221' title='bbox 2615 1490 2680 1541; x_wconf 76' lang='lat' dir='ltr'><strong>Et</strong></span> <span class='ocrx_word' id='word_1_222' title='bbox 2727 1489 2947 1556; x_wconf 77' lang='lat' dir='ltr'><strong>angelus</strong></span> <span class='ocrx_word' id='word_1_223' title='bbox 2995 1490 3314 1541; x_wconf 82' lang='lat' dir='ltr'><strong>Colluctator</strong></span> <span class='ocrx_word' id='word_1_224' title='bbox 3360 1502 3417 1539; x_wconf 88' lang='lat' dir='ltr'><strong>se</strong></span> <span class='ocrx_word' id='word_1_225' title='bbox 3474 1487 3643 1536; x_wconf 68' lang='lat' dir='ltr'><strong>Deum</strong></span> 
     </span>
    </p>
   </div>
   <div class='ocr_carea' id='block_1_18' title="bbox 383 1556 3644 1628">
    <p class='ocr_par' dir='ltr' id='par_1_18' title="bbox 383 1556 3644 1628">
     <span class='ocr_line' id='line_1_19' title="bbox 383 1556 3644 1628; baseline 0 -22"><span class='ocrx_word' id='word_1_226' title='bbox 383 1559 637 1628; x_wconf 76' lang='lat' dir='ltr'><strong>appellat,</strong></span> <span class='ocrx_word' id='word_1_227' title='bbox 668 1564 803 1611; x_wconf 70' lang='lat' dir='ltr'><strong>Gen.</strong></span> <span class='ocrx_word' id='word_1_228' title='bbox 835 1574 1068 1628; x_wconf 25' lang='lat' dir='ltr'><strong>censu</strong></span> <span class='ocrx_word' id='word_1_229' title='bbox 1099 1578 1112 1613; x_wconf 89' lang='lat'><strong>:</strong></span> <span class='ocrx_word' id='word_1_230' title='bbox 1148 1557 1517 1628; x_wconf 82' lang='lat' dir='ltr'><strong>Nequaquam,</strong></span> <span class='ocrx_word' id='word_1_231' title='bbox 1548 1558 1739 1625; x_wconf 80' lang='lat' dir='ltr'><strong>inquit,</strong></span> <span class='ocrx_word' id='word_1_232' title='bbox 1771 1556 1938 1609; x_wconf 75' lang='lat' dir='ltr'><strong>Iacob</strong></span> <span class='ocrx_word' id='word_1_233' title='bbox 1971 1556 2321 1624; x_wconf 72' lang='lat' dir='ltr'><strong>appellabitur</strong></span> <span class='ocrx_word' id='word_1_234' title='bbox 2345 1556 2531 1612; x_wconf 71' lang='lat' dir='ltr'><strong>nomen</strong></span> <span class='ocrx_word' id='word_1_235' title='bbox 2564 1573 2732 1617; x_wconf 85' lang='lat' dir='ltr'><strong>tuum,</strong></span> <span class='ocrx_word' id='word_1_236' title='bbox 2762 1561 2853 1612; x_wconf 77' lang='lat' dir='ltr'><strong>sed</strong></span> <span class='ocrx_word' id='word_1_237' title='bbox 2875 1558 3043 1610; x_wconf 82' lang='lat' dir='ltr'><strong>Israel</strong></span> <span class='ocrx_word' id='word_1_238' title='bbox 3067 1574 3085 1612; x_wconf 94' lang='lat'><em>:</em></span> <span class='ocrx_word' id='word_1_239' title='bbox 3107 1560 3355 1627; x_wconf 85' lang='lat' dir='ltr'><strong>quoniam</strong></span> <span class='ocrx_word' id='word_1_240' title='bbox 3379 1558 3425 1609; x_wconf 72' lang='lat' dir='ltr'><strong>si</strong></span> <span class='ocrx_word' id='word_1_241' title='bbox 3453 1565 3644 1606; x_wconf 81' lang='lat' dir='ltr'><strong>contra</strong></span> 
     </span>
    </p>
   </div>
   <div class='ocr_carea' id='block_1_19' title="bbox 384 1626 2219 1696">
    <p class='ocr_par' dir='ltr' id='par_1_19' title="bbox 384 1626 2219 1696">
     <span class='ocr_line' id='line_1_20' title="bbox 384 1626 2219 1696; baseline 0.002 -19"><span class='ocrx_word' id='word_1_242' title='bbox 384 1626 542 1678; x_wconf 60' lang='lat' dir='ltr'><strong>Dum:</strong></span> <span class='ocrx_word' id='word_1_243' title='bbox 576 1628 727 1696; x_wconf 77' lang='lat' dir='ltr'><strong>fortis</strong></span> <span class='ocrx_word' id='word_1_244' title='bbox 758 1626 931 1696; x_wconf 75' lang='lat' dir='ltr'><strong>fuisti,</strong></span> <span class='ocrx_word' id='word_1_245' title='bbox 962 1640 1156 1696; x_wconf 82' lang='lat' dir='ltr'><strong>quanto</strong></span> <span class='ocrx_word' id='word_1_246' title='bbox 1190 1626 1357 1696; x_wconf 81' lang='lat' dir='ltr'><strong>magis</strong></span> <span class='ocrx_word' id='word_1_247' title='bbox 1386 1644 1568 1681; x_wconf 81' lang='lat' dir='ltr'><strong>contra</strong></span> <span class='ocrx_word' id='word_1_248' title='bbox 1599 1629 1832 1679; x_wconf 78' lang='lat' dir='ltr'><strong>homines</strong></span> <span class='ocrx_word' id='word_1_249' title='bbox 1860 1629 2171 1692; x_wconf 65' lang='lat' dir='ltr'><strong>pramatebis</strong></span> <span class='ocrx_word' id='word_1_250' title='bbox 2194 1630 2219 1679; x_wconf 66' lang='lat'><strong>.9</strong></span> 
     </span>
    </p>
   </div>
   <div class='ocr_carea' id='block_1_20' title="bbox 448 1696 3640 1769">
    <p class='ocr_par' dir='ltr' id='par_1_20' title="bbox 448 1696 3640 1769">
     <span class='ocr_line' id='line_1_21' title="bbox 448 1696 3640 1769; baseline -0 -20"><span class='ocrx_word' id='word_1_251' title='bbox 448 1696 648 1769; x_wconf 85' lang='lat' dir='ltr'><strong>Ibidem</strong></span> <span class='ocrx_word' id='word_1_252' title='bbox 676 1715 689 1751; x_wconf 90' lang='lat'><strong>:</strong></span> <span class='ocrx_word' id='word_1_253' title='bbox 730 1696 815 1750; x_wconf 90' lang='lat' dir='ltr'><strong>Uti</strong></span> <span class='ocrx_word' id='word_1_254' title='bbox 845 1709 893 1749; x_wconf 86' lang='lat' dir='ltr'><strong>et</strong></span> <span class='ocrx_word' id='word_1_255' title='bbox 928 1709 1136 1751; x_wconf 57' lang='lat' dir='ltr'><strong>sanctos</strong></span> <span class='ocrx_word' id='word_1_256' title='bbox 1166 1700 1255 1769; x_wconf 86' lang='lat' dir='ltr'><strong>qui</strong></span> <span class='ocrx_word' id='word_1_257' title='bbox 1283 1702 1423 1762; x_wconf 78' lang='lat' dir='ltr'><strong>apud</strong></span> <span class='ocrx_word' id='word_1_258' title='bbox 1457 1716 1549 1753; x_wconf 77' lang='lat' dir='ltr'><strong>nos</strong></span> <span class='ocrx_word' id='word_1_259' title='bbox 1582 1708 1703 1751; x_wconf 75' lang='lat' dir='ltr'><strong>sunt</strong></span> <span class='ocrx_word' id='word_1_260' title='bbox 1749 1699 1906 1769; x_wconf 59' lang='lat' dir='ltr'><strong>viros.</strong></span> <span class='ocrx_word' id='word_1_261' title='bbox 1942 1697 2154 1769; x_wconf 70' lang='lat' dir='ltr'><strong>Psalliio</strong></span> <span class='ocrx_word' id='word_1_262' title='bbox 2184 1715 2345 1752; x_wconf 70' lang='lat' dir='ltr'><strong>LXXXI</strong></span> <span class='ocrx_word' id='word_1_263' title='bbox 2376 1715 2389 1752; x_wconf 89' lang='lat'><strong>:</strong></span> <span class='ocrx_word' id='word_1_264' title='bbox 2425 1698 2536 1769; x_wconf 83' lang='lat' dir='ltr'><strong>Ego</strong></span> <span class='ocrx_word' id='word_1_265' title='bbox 2560 1700 2693 1762; x_wconf 74' lang='lat' dir='ltr'><strong>dixi,</strong></span> <span class='ocrx_word' id='word_1_266' title='bbox 2724 1700 2800 1751; x_wconf 80' lang='lat' dir='ltr'><strong>dii</strong></span> <span class='ocrx_word' id='word_1_267' title='bbox 2832 1700 3031 1769; x_wconf 12' lang='lat' dir='ltr'><strong>erlisiet</strong></span> <span class='ocrx_word' id='word_1_268' title='bbox 3058 1700 3161 1767; x_wconf 76' lang='lat' dir='ltr'><strong>filii</strong></span> <span class='ocrx_word' id='word_1_269' title='bbox 3188 1697 3393 1753; x_wconf 71' lang='lat' dir='ltr'><strong>Excelsi</strong></span> <span class='ocrx_word' id='word_1_270' title='bbox 3434 1710 3640 1769; x_wconf 70' lang='lat' dir='ltr'><strong>omnes.</strong></span> 
     </span>
    </p>
   </div>
   <div class='ocr_carea' id='block_1_21' title="bbox 379 1766 3643 1839">
    <p class='ocr_par' dir='ltr' id='par_1_21' title="bbox 379 1766 3643 1839">
     <span class='ocr_line' id='line_1_22' title="bbox 379 1766 3643 1839; baseline -0 -20"><span class='ocrx_word' id='word_1_271' title='bbox 379 1766 531 1839; x_wconf 84' lang='lat' dir='ltr'><strong>Quod</strong></span> <span class='ocrx_word' id='word_1_272' title='bbox 569 1768 797 1837; x_wconf 85' lang='lat' dir='ltr'><strong>ipsemet</strong></span> <span class='ocrx_word' id='word_1_273' title='bbox 829 1769 1079 1822; x_wconf 75' lang='lat' dir='ltr'><strong>Christus</strong></span> <span class='ocrx_word' id='word_1_274' title='bbox 1117 1766 1186 1823; x_wconf 84' lang='lat' dir='ltr'><strong>de</strong></span> <span class='ocrx_word' id='word_1_275' title='bbox 1219 1771 1553 1833; x_wconf 88' lang='lat' dir='ltr'><strong>hominibus,</strong></span> <span class='ocrx_word' id='word_1_276' title='bbox 1587 1769 1654 1821; x_wconf 89' lang='lat' dir='ltr'><strong>ad</strong></span> <span class='ocrx_word' id='word_1_277' title='bbox 1686 1784 1821 1839; x_wconf 69' lang='grc' dir='ltr'>(ιιιυε</span> <span class='ocrx_word' id='word_1_278' title='bbox 1855 1768 1950 1821; x_wconf 87' lang='lat' dir='ltr'><strong>Dei</strong></span> <span class='ocrx_word' id='word_1_279' title='bbox 1980 1783 2164 1839; x_wconf 87' lang='lat' dir='ltr'><strong>sermo</strong></span> <span class='ocrx_word' id='word_1_280' title='bbox 2196 1771 2371 1823; x_wconf 73' lang='lat' dir='ltr'><strong>fat-tus</strong></span> <span class='ocrx_word' id='word_1_281' title='bbox 2402 1766 2509 1839; x_wconf 82' lang='lat' dir='ltr'><strong>est,</strong></span> <span class='ocrx_word' id='word_1_282' title='bbox 2542 1773 2929 1839; x_wconf 84' lang='lat' dir='ltr'><strong>interpretetur</strong></span> <span class='ocrx_word' id='word_1_283' title='bbox 2949 1766 3172 1825; x_wconf 77' lang='lat' dir='ltr'><strong>Joannis</strong></span> <span class='ocrx_word' id='word_1_284' title='bbox 3202 1785 3235 1822; x_wconf 72' lang='grc' dir='ltr'><strong>Χ</strong></span> <span class='ocrx_word' id='word_1_285' title='bbox 3272 1770 3470 1838; x_wconf 82' lang='lat' dir='ltr'><strong>capite.</strong></span> <span class='ocrx_word' id='word_1_286' title='bbox 3497 1767 3564 1819; x_wconf 73' lang='lat' dir='ltr'><strong>LI.</strong></span> <span class='ocrx_word' id='word_1_287' title='bbox 3587 1782 3643 1817; x_wconf 91' lang='grc' dir='ltr'>ιιι</span> 
     </span>
    </p>
   </div>
   <div class='ocr_carea' id='block_1_22' title="bbox 381 1837 2711 1911">
    <p class='ocr_par' dir='ltr' id='par_1_22' title="bbox 381 1837 2711 1911">
     <span class='ocr_line' id='line_1_23' title="bbox 381 1837 2711 1911; baseline 0.002 -21"><span class='ocrx_word' id='word_1_288' title='bbox 381 1838 562 1891; x_wconf 75' lang='lat' dir='ltr'><strong>Exodo</strong></span> <span class='ocrx_word' id='word_1_289' title='bbox 593 1854 710 1910; x_wconf 84' lang='lat' dir='ltr'><strong>cap.</strong></span> <span class='ocrx_word' id='word_1_290' title='bbox 743 1855 819 1892; x_wconf 88' lang='lat' dir='ltr'><strong>vn</strong></span> <span class='ocrx_word' id='word_1_291' title='bbox 848 1855 861 1892; x_wconf 93' lang='lat'><strong>:</strong></span> <span class='ocrx_word' id='word_1_292' title='bbox 898 1840 967 1893; x_wconf 85' lang='lat' dir='ltr'><strong>ad</strong></span> <span class='ocrx_word' id='word_1_293' title='bbox 999 1839 1216 1911; x_wconf 85' lang='lat' dir='ltr'><strong>Moysen</strong></span> <span class='ocrx_word' id='word_1_294' title='bbox 1247 1841 1514 1894; x_wconf 80' lang='lat' dir='ltr'><strong>Dominus</strong></span> <span class='ocrx_word' id='word_1_295' title='bbox 1545 1840 1660 1893; x_wconf 88' lang='lat' dir='ltr'><strong>ait:</strong></span> <span class='ocrx_word' id='word_1_296' title='bbox 1692 1837 1825 1891; x_wconf 77' lang='lat' dir='ltr'><strong>Ecce</strong></span> <span class='ocrx_word' id='word_1_297' title='bbox 1856 1838 2107 1891; x_wconf 78' lang='lat' dir='ltr'><strong>constitui</strong></span> <span class='ocrx_word' id='word_1_298' title='bbox 2139 1851 2187 1892; x_wconf 83' lang='lat' dir='ltr'><strong>te</strong></span> <span class='ocrx_word' id='word_1_299' title='bbox 2210 1841 2364 1893; x_wconf 84' lang='lat' dir='ltr'><strong>deum</strong></span> <span class='ocrx_word' id='word_1_300' title='bbox 2390 1837 2711 1894; x_wconf 64' lang='lat' dir='ltr'><strong>Pharaonis.</strong></span> 
     </span>
    </p>
   </div>
   <div class='ocr_carea' id='block_1_23' title="bbox 1441 2212 2591 2285">
    <p class='ocr_par' dir='ltr' id='par_1_23' title="bbox 1441 2212 2591 2285">
     <span class='ocr_line' id='line_1_24' title="bbox 1441 2212 2591 2285; baseline 0 -15"><span class='ocrx_word' id='word_1_301' title='bbox 1441 2212 1933 2271; x_wconf 80' lang='lat' dir='ltr'><strong>PARAPHRASIS</strong></span> <span class='ocrx_word' id='word_1_302' title='bbox 1966 2212 2418 2271; x_wconf 70' lang='lat' dir='ltr'><strong>PACHYMERAS</strong></span> <span class='ocrx_word' id='word_1_303' title='bbox 2456 2214 2591 2285; x_wconf 80' lang='grc' dir='ltr'><strong>(Π).</strong></span> 
     </span>
    </p>
   </div>
   <div class='ocr_carea' id='block_1_24' title="bbox 447 2410 1943 2491">
    <p class='ocr_par' dir='ltr' id='par_1_24' title="bbox 447 2415 1943 2491">
     <span class='ocr_line' id='line_1_25' title="bbox 447 2415 1943 2491; baseline -0.003 -20"><span class='ocrx_word' id='word_1_304' title='bbox 447 2417 476 2491; x_wconf 67' lang='grc' dir='ltr'><strong>ς</strong></span> <span class='ocrx_word' id='word_1_305' title='bbox 505 2419 544 2471; x_wconf 96' lang='lat' dir='ltr'><strong>l.</strong></span> <span class='ocrx_word' id='word_1_306' title='bbox 580 2418 801 2487; x_wconf 79' lang='lat' dir='ltr'><strong>Reperit</strong></span> <span class='ocrx_word' id='word_1_307' title='bbox 832 2417 921 2471; x_wconf 88' lang='lat' dir='ltr'><strong>hic</strong></span> <span class='ocrx_word' id='word_1_308' title='bbox 956 2426 1177 2472; x_wconf 88' lang='lat' dir='ltr'><strong>sanctus</strong></span> <span class='ocrx_word' id='word_1_309' title='bbox 1202 2456 1217 2480; x_wconf 95' lang='lat'><strong>,</strong></span> <span class='ocrx_word' id='word_1_310' title='bbox 1265 2433 1293 2471; x_wconf 92' lang='lat' dir='ltr'><strong>a</strong></span> <span class='ocrx_word' id='word_1_311' title='bbox 1327 2417 1667 2471; x_wconf 84' lang='lat' dir='ltr'><strong>divinissimo</strong></span> <span class='ocrx_word' id='word_1_312' title='bbox 1692 2415 1943 2470; x_wconf 77' lang='lat' dir='ltr'><strong>Malaehi:</strong></span> 
     </span>
    </p>
   </div>
   <div class='ocr_carea' id='block_1_25' title="bbox 2045 2410 3643 2491">
    <p class='ocr_par' dir='ltr' id='par_1_25' title="bbox 2138 2410 3643 2486">
     <span class='ocr_line' id='line_1_26' title="bbox 2138 2410 3643 2486; baseline -0.003 -20"><span class='ocrx_word' id='word_1_313' title='bbox 2138 2413 2164 2486; x_wconf 83' lang='lat'>§</span> <span class='ocrx_word' id='word_1_314' title='bbox 2198 2415 2237 2467; x_wconf 89' lang='lat' dir='ltr'><strong>l.</strong></span> <span class='ocrx_word' id='word_1_315' title='bbox 2271 2413 2526 2484; x_wconf 80' lang='grc' dir='ltr'>Εὑρίσκει</span> <span class='ocrx_word' id='word_1_316' title='bbox 2572 2414 2599 2464; x_wconf 84' lang='grc' dir='ltr'>ὁ</span> <span class='ocrx_word' id='word_1_317' title='bbox 2648 2411 2801 2479; x_wconf 86' lang='grc' dir='ltr'>ἆγιος</span> <span class='ocrx_word' id='word_1_318' title='bbox 2845 2410 2993 2481; x_wconf 74' lang='grc' dir='ltr'>παρὰ</span> <span class='ocrx_word' id='word_1_319' title='bbox 3036 2411 3113 2483; x_wconf 86' lang='grc' dir='ltr'>τῷ</span> <span class='ocrx_word' id='word_1_320' title='bbox 3152 2410 3643 2482; x_wconf 76' lang='grc' dir='ltr'>θεοληπτικωτάτῳ</span> 
     </span>
    </p>
   </div>
   <div class='ocr_carea' id='block_1_26' title="bbox 373 2508 1950 2580">
    <p class='ocr_par' dir='ltr' id='par_1_26' title="bbox 373 2508 1950 2580">
     <span class='ocr_line' id='line_1_27' title="bbox 373 2508 1950 2580; baseline -0.002 -17"><span class='ocrx_word' id='word_1_321' title='bbox 373 2525 591 2580; x_wconf 89' lang='lat' dir='ltr'><strong>quoque</strong></span> <span class='ocrx_word' id='word_1_322' title='bbox 620 2518 865 2563; x_wconf 89' lang='lat' dir='ltr'><strong>nostrum</strong></span> <span class='ocrx_word' id='word_1_323' title='bbox 912 2510 1221 2578; x_wconf 80' lang='lat' dir='ltr'><strong>pontiﬁcem</strong></span> <span class='ocrx_word' id='word_1_324' title='bbox 1256 2509 1508 2578; x_wconf 89' lang='lat' dir='ltr'><strong>angelum</strong></span> <span class='ocrx_word' id='word_1_325' title='bbox 1556 2508 1769 2561; x_wconf 89' lang='lat' dir='ltr'><strong>Domini</strong></span> <span class='ocrx_word' id='word_1_326' title='bbox 1823 2522 1950 2563; x_wconf 82' lang='lat' dir='ltr'><strong>esse</strong></span> 
     </span>
    </p>
   </div>
   <div class='ocr_carea' id='block_1_27' title="bbox 376 2598 1954 2670">
    <p class='ocr_par' dir='ltr' id='par_1_27' title="bbox 376 2598 1954 2670">
     <span class='ocr_line' id='line_1_28' title="bbox 376 2598 1954 2670; baseline -0.003 -14"><span class='ocrx_word' id='word_1_327' title='bbox 376 2613 747 2670; x_wconf 85' lang='lat' dir='ltr'><strong>nuncupatum</strong></span> <span class='ocrx_word' id='word_1_328' title='bbox 775 2618 789 2667; x_wconf 89' lang='lat'><strong>;</strong></span> <span class='ocrx_word' id='word_1_329' title='bbox 824 2600 987 2665; x_wconf 83' lang='lat' dir='ltr'><strong>Quia,</strong></span> <span class='ocrx_word' id='word_1_330' title='bbox 1021 2602 1327 2668; x_wconf 88' lang='lat' dir='ltr'><strong>inquiente,</strong></span> <span class='ocrx_word' id='word_1_331' title='bbox 1354 2599 1571 2669; x_wconf 76' lang='lat' dir='ltr'><strong>angelus</strong></span> <span class='ocrx_word' id='word_1_332' title='bbox 1598 2598 1814 2653; x_wconf 83' lang='lat' dir='ltr'><strong>Domini</strong></span> <span class='ocrx_word' id='word_1_333' title='bbox 1842 2616 1954 2653; x_wconf 82' lang='lat' dir='ltr'><strong>om-</strong></span> 
     </span>
    </p>
   </div>
   <div class='ocr_carea' id='block_1_28' title="bbox 373 2696 1950 2767">
    <p class='ocr_par' dir='ltr' id='par_1_28' title="bbox 373 2696 1950 2767">
     <span class='ocr_line' id='line_1_29' title="bbox 373 2696 1950 2767; baseline -0.001 -14"><span class='ocrx_word' id='word_1_334' title='bbox 373 2700 651 2767; x_wconf 84' lang='lat' dir='ltr'><strong>nipotentis</strong></span> <span class='ocrx_word' id='word_1_335' title='bbox 706 2709 779 2752; x_wconf 76' lang='lat' dir='ltr'><strong>est</strong></span> <span class='ocrx_word' id='word_1_336' title='bbox 812 2709 858 2751; x_wconf 77' lang='grc' dir='ltr'>ε.</span> <span class='ocrx_word' id='word_1_337' title='bbox 918 2696 1049 2751; x_wconf 91' lang='lat' dir='ltr'><strong>Cum</strong></span> <span class='ocrx_word' id='word_1_338' title='bbox 1114 2700 1292 2765; x_wconf 86' lang='lat' dir='ltr'><strong>itaque</strong></span> <span class='ocrx_word' id='word_1_339' title='bbox 1342 2697 1583 2751; x_wconf 90' lang='lat' dir='ltr'><strong>ostendit</strong></span> <span class='ocrx_word' id='word_1_340' title='bbox 1634 2696 1950 2752; x_wconf 82' lang='lat' dir='ltr'><strong>inferiorum</strong></span> 
     </span>
    </p>
   </div>
   <div class='ocr_carea' id='block_1_29' title="bbox 375 2790 1949 2860">
    <p class='ocr_par' dir='ltr' id='par_1_29' title="bbox 375 2790 1949 2860">
     <span class='ocr_line' id='line_1_30' title="bbox 375 2790 1949 2860; baseline 0 -15"><span class='ocrx_word' id='word_1_341' title='bbox 375 2792 593 2847; x_wconf 88' lang='lat' dir='ltr'><strong>nomine</strong></span> <span class='ocrx_word' id='word_1_342' title='bbox 622 2792 934 2860; x_wconf 89' lang='lat' dir='ltr'><strong>superiores</strong></span> <span class='ocrx_word' id='word_1_343' title='bbox 959 2792 1152 2845; x_wconf 86' lang='lat' dir='ltr'><strong>merito</strong></span> <span class='ocrx_word' id='word_1_344' title='bbox 1184 2791 1479 2854; x_wconf 85' lang='lat' dir='ltr'><strong>nominari,</strong></span> <span class='ocrx_word' id='word_1_345' title='bbox 1500 2790 1949 2857; x_wconf 88' lang='lat' dir='ltr'><strong>demonstrando,</strong></span> 
     </span>
    </p>
   </div>
   <div class='ocr_carea' id='block_1_30' title="bbox 369 2883 1951 2953">
    <p class='ocr_par' dir='ltr' id='par_1_30' title="bbox 369 2883 1951 2953">
     <span class='ocr_line' id='line_1_31' title="bbox 369 2883 1951 2953; baseline 0 -16"><span class='ocrx_word' id='word_1_346' title='bbox 369 2900 601 2953; x_wconf 89' lang='lat' dir='ltr'><strong>quanam</strong></span> <span class='ocrx_word' id='word_1_347' title='bbox 634 2885 847 2938; x_wconf 85' lang='lat' dir='ltr'><strong>ratione</strong></span> <span class='ocrx_word' id='word_1_348' title='bbox 867 2884 1121 2939; x_wconf 65' lang='lat' dir='ltr'><strong>caelestes</strong></span> <span class='ocrx_word' id='word_1_349' title='bbox 1140 2898 1330 2937; x_wconf 91' lang='lat' dir='ltr'><strong>omnes</strong></span> <span class='ocrx_word' id='word_1_350' title='bbox 1353 2883 1575 2937; x_wconf 87' lang='lat' dir='ltr'><strong>ordines</strong></span> <span class='ocrx_word' id='word_1_351' title='bbox 1603 2883 1655 2936; x_wconf 94' lang='lat' dir='ltr'><strong>in</strong></span> <span class='ocrx_word' id='word_1_352' title='bbox 1678 2884 1951 2938; x_wconf 88' lang='lat' dir='ltr'><strong>communi</strong></span> 
     </span>
    </p>
   </div>
   <div class='ocr_carea' id='block_1_31' title="bbox 372 2974 1952 3044">
    <p class='ocr_par' dir='ltr' id='par_1_31' title="bbox 372 2974 1952 3044">
     <span class='ocr_line' id='line_1_32' title="bbox 372 2974 1952 3044; baseline -0.001 -14"><span class='ocrx_word' id='word_1_353' title='bbox 372 2977 553 3044; x_wconf 87' lang='lat' dir='ltr'><strong>angeli</strong></span> <span class='ocrx_word' id='word_1_354' title='bbox 611 2986 910 3041; x_wconf 90' lang='lat' dir='ltr'><strong>vocentur;</strong></span> <span class='ocrx_word' id='word_1_355' title='bbox 970 2976 1060 3029; x_wconf 91' lang='lat' dir='ltr'><strong>ubi</strong></span> <span class='ocrx_word' id='word_1_356' title='bbox 1118 2976 1478 3043; x_wconf 84' lang='lat' dir='ltr'><strong>quorumdam</strong></span> <span class='ocrx_word' id='word_1_357' title='bbox 1523 2976 1589 3028; x_wconf 91' lang='lat' dir='ltr'><strong>de</strong></span> <span class='ocrx_word' id='word_1_358' title='bbox 1640 2974 1952 3030; x_wconf 60' lang='lat' dir='ltr'><strong>caelestibus</strong></span> 
     </span>
    </p>
   </div>
   <div class='ocr_carea' id='block_1_32' title="bbox 370 3066 1947 3136">
    <p class='ocr_par' dir='ltr' id='par_1_32' title="bbox 370 3066 1947 3136">
     <span class='ocr_line' id='line_1_33' title="bbox 370 3066 1947 3136; baseline -0.002 -15"><span class='ocrx_word' id='word_1_359' title='bbox 370 3068 669 3121; x_wconf 88' lang='lat' dir='ltr'><strong>virtutibus</strong></span> <span class='ocrx_word' id='word_1_360' title='bbox 699 3068 1008 3136; x_wconf 90' lang='lat' dir='ltr'><strong>opinionem</strong></span> <span class='ocrx_word' id='word_1_361' title='bbox 1041 3066 1224 3131; x_wconf 79' lang='lat' dir='ltr'><strong>solvit,</strong></span> <span class='ocrx_word' id='word_1_362' title='bbox 1256 3067 1400 3135; x_wconf 91' lang='lat' dir='ltr'><strong>quod</strong></span> <span class='ocrx_word' id='word_1_363' title='bbox 1430 3066 1596 3119; x_wconf 87' lang='lat' dir='ltr'><strong>etiam</strong></span> <span class='ocrx_word' id='word_1_364' title='bbox 1648 3067 1947 3119; x_wconf 88' lang='lat' dir='ltr'><strong>secundum</strong></span> 
     </span>
    </p>
   </div>
   <div class='ocr_carea' id='block_1_33' title="bbox 368 3158 1949 3229">
    <p class='ocr_par' dir='ltr' id='par_1_33' title="bbox 368 3158 1949 3229">
     <span class='ocr_line' id='line_1_34' title="bbox 368 3158 1949 3229; baseline -0.001 -17"><span class='ocrx_word' id='word_1_365' title='bbox 368 3160 659 3229; x_wconf 83' lang='lat' dir='ltr'><strong>quamdam</strong></span> <span class='ocrx_word' id='word_1_366' title='bbox 700 3161 864 3214; x_wconf 90' lang='lat' dir='ltr'><strong>aliam</strong></span> <span class='ocrx_word' id='word_1_367' title='bbox 898 3160 1235 3229; x_wconf 74' lang='lat' dir='ltr'><strong>azquivocam</strong></span> <span class='ocrx_word' id='word_1_368' title='bbox 1273 3160 1533 3212; x_wconf 90' lang='lat' dir='ltr'><strong>virtutem</strong></span> <span class='ocrx_word' id='word_1_369' title='bbox 1570 3172 1677 3228; x_wconf 88' lang='lat' dir='ltr'><strong>qua</strong></span> <span class='ocrx_word' id='word_1_370' title='bbox 1721 3158 1949 3227; x_wconf 83' lang='lat' dir='ltr'><strong>pollent,</strong></span> 
     </span>
    </p>
   </div>
   <div class='ocr_carea' id='block_1_34' title="bbox 368 3251 1947 3321">
    <p class='ocr_par' dir='ltr' id='par_1_34' title="bbox 368 3251 1947 3321">
     <span class='ocr_line' id='line_1_35' title="bbox 368 3251 1947 3321; baseline 0.001 -16"><span class='ocrx_word' id='word_1_371' title='bbox 368 3268 559 3306; x_wconf 89' lang='lat' dir='ltr'><strong>omnes</strong></span> <span class='ocrx_word' id='word_1_372' title='bbox 590 3252 810 3306; x_wconf 87' lang='lat' dir='ltr'><strong>ordines</strong></span> <span class='ocrx_word' id='word_1_373' title='bbox 838 3294 853 3318; x_wconf 93' lang='lat'><strong>,</strong></span> <span class='ocrx_word' id='word_1_374' title='bbox 890 3261 1000 3305; x_wconf 88' lang='lat' dir='ltr'><strong>tam</strong></span> <span class='ocrx_word' id='word_1_375' title='bbox 1029 3254 1339 3321; x_wconf 81' lang='lat' dir='ltr'><strong>superiores</strong></span> <span class='ocrx_word' id='word_1_376' title='bbox 1362 3290 1378 3316; x_wconf 91' lang='lat'><strong>,</strong></span> <span class='ocrx_word' id='word_1_377' title='bbox 1425 3267 1589 3320; x_wconf 82' lang='lat' dir='ltr'><strong>quam</strong></span> <span class='ocrx_word' id='word_1_378' title='bbox 1637 3251 1947 3317; x_wconf 86' lang='lat' dir='ltr'><strong>inferiores,</strong></span> 
     </span>
    </p>
   </div>
   <div class='ocr_carea' id='block_1_35' title="bbox 370 3345 1949 3416">
    <p class='ocr_par' dir='ltr' id='par_1_35' title="bbox 370 3345 1949 3416">
     <span class='ocr_line' id='line_1_36' title="bbox 370 3345 1949 3416; baseline 0.001 -19"><span class='ocrx_word' id='word_1_379' title='bbox 370 3348 596 3403; x_wconf 82' lang='lat' dir='ltr'><strong>virtutes</strong></span> <span class='ocrx_word' id='word_1_380' title='bbox 638 3346 1010 3416; x_wconf 87' lang='lat' dir='ltr'><strong>appellentur;</strong></span> <span class='ocrx_word' id='word_1_381' title='bbox 1066 3347 1261 3413; x_wconf 66' lang='lat' dir='ltr'><strong>quaerit</strong></span> <span class='ocrx_word' id='word_1_382' title='bbox 1303 3345 1393 3399; x_wconf 91' lang='lat' dir='ltr'><strong>hic</strong></span> <span class='ocrx_word' id='word_1_383' title='bbox 1435 3346 1597 3399; x_wconf 84' lang='lat' dir='ltr'><strong>etiam</strong></span> <span class='ocrx_word' id='word_1_384' title='bbox 1625 3384 1642 3410; x_wconf 93' lang='lat'><strong>,</strong></span> <span class='ocrx_word' id='word_1_385' title='bbox 1674 3347 1949 3414; x_wconf 90' lang='lat' dir='ltr'><strong>quomodo</strong></span> 
     </span>
    </p>
   </div>
   <div class='ocr_carea' id='block_1_36' title="bbox 370 3426 1949 3509">
    <p class='ocr_par' dir='ltr' id='par_1_36' title="bbox 370 3426 1949 3509">
     <span class='ocr_line' id='line_1_37' title="bbox 370 3426 1949 3509; baseline 0.001 -16"><span class='ocrx_word' id='word_1_386' title='bbox 370 3426 557 3496; x_wconf 74' lang='lat' dir='ltr'><strong>noster</strong></span> <span class='ocrx_word' id='word_1_387' title='bbox 593 3440 855 3509; x_wconf 73' lang='lat' dir='ltr'><strong>pontifex,</strong></span> <span class='ocrx_word' id='word_1_388' title='bbox 890 3455 1013 3493; x_wconf 91' lang='lat' dir='ltr'><strong>cum</strong></span> <span class='ocrx_word' id='word_1_389' title='bbox 1048 3439 1191 3494; x_wconf 87' lang='lat' dir='ltr'><strong>inter</strong></span> <span class='ocrx_word' id='word_1_390' title='bbox 1214 3438 1472 3493; x_wconf 64' lang='lat' dir='ltr'><strong>caelestes</strong></span> <span class='ocrx_word' id='word_1_391' title='bbox 1503 3452 1695 3492; x_wconf 87' lang='lat' dir='ltr'><strong>omnes</strong></span> <span class='ocrx_word' id='word_1_392' title='bbox 1723 3440 1949 3494; x_wconf 83' lang='lat' dir='ltr'><strong>ordines</strong></span> 
     </span>
    </p>
   </div>
   <div class='ocr_carea' id='block_1_37' title="bbox 368 3531 1947 3602">
    <p class='ocr_par' dir='ltr' id='par_1_37' title="bbox 368 3531 1947 3602">
     <span class='ocr_line' id='line_1_38' title="bbox 368 3531 1947 3602; baseline -0.001 -14"><span class='ocrx_word' id='word_1_393' title='bbox 368 3543 676 3602; x_wconf 85' lang='lat' dir='ltr'><strong>postremus</strong></span> <span class='ocrx_word' id='word_1_394' title='bbox 705 3535 796 3599; x_wconf 91' lang='lat' dir='ltr'><strong>sit,</strong></span> <span class='ocrx_word' id='word_1_395' title='bbox 834 3531 993 3602; x_wconf 81' lang='lat'><strong>109</strong></span> <span class='ocrx_word' id='word_1_396' title='bbox 1029 3532 1328 3598; x_wconf 86' lang='lat' dir='ltr'><strong>superioris</strong></span> <span class='ocrx_word' id='word_1_397' title='bbox 1352 3545 1569 3600; x_wconf 92' lang='lat' dir='ltr'><strong>quoque</strong></span> <span class='ocrx_word' id='word_1_398' title='bbox 1598 3532 1819 3586; x_wconf 89' lang='lat' dir='ltr'><strong>nomine</strong></span> <span class='ocrx_word' id='word_1_399' title='bbox 1850 3547 1947 3587; x_wconf 87' lang='lat' dir='ltr'><strong>vo-</strong></span> 
     </span>
    </p>
   </div>
   <div class='ocr_carea' id='block_1_38' title="bbox 365 3623 1947 3696">
    <p class='ocr_par' dir='ltr' id='par_1_38' title="bbox 365 3623 1947 3696">
     <span class='ocr_line' id='line_1_39' title="bbox 365 3623 1947 3696; baseline -0.001 -14"><span class='ocrx_word' id='word_1_400' title='bbox 365 3639 541 3688; x_wconf 89' lang='lat' dir='ltr'><strong>cetur,</strong></span> <span class='ocrx_word' id='word_1_401' title='bbox 574 3636 739 3696; x_wconf 89' lang='lat' dir='ltr'><strong>atque</strong></span> <span class='ocrx_word' id='word_1_402' title='bbox 766 3626 993 3694; x_wconf 86' lang='lat' dir='ltr'><strong>angelus</strong></span> <span class='ocrx_word' id='word_1_403' title='bbox 1023 3624 1352 3693; x_wconf 83' lang='lat' dir='ltr'><strong>appelletur.</strong></span> <span class='ocrx_word' id='word_1_404' title='bbox 1386 3623 1664 3689; x_wconf 70' lang='lat' dir='ltr'><strong>Quaeritur</strong></span> <span class='ocrx_word' id='word_1_405' title='bbox 1698 3625 1887 3694; x_wconf 89' lang='lat' dir='ltr'><strong>itaque</strong></span> <span class='ocrx_word' id='word_1_406' title='bbox 1916 3641 1947 3681; x_wconf 85' lang='lat' dir='ltr'><strong>a</strong></span> 
     </span>
    </p>
   </div>
   <div class='ocr_carea' id='block_1_39' title="bbox 365 3717 1939 3788">
    <p class='ocr_par' dir='ltr' id='par_1_39' title="bbox 365 3717 1939 3788">
     <span class='ocr_line' id='line_1_40' title="bbox 365 3717 1939 3788; baseline -0.002 -15"><span class='ocrx_word' id='word_1_407' title='bbox 365 3719 568 3775; x_wconf 88' lang='lat' dir='ltr'><strong>sedulis</strong></span> <span class='ocrx_word' id='word_1_408' title='bbox 619 3717 1165 3788; x_wconf 85' lang='lat' dir='ltr'><strong>contemplatoribus&#39;</strong></span> <span class='ocrx_word' id='word_1_409' title='bbox 1221 3730 1505 3770; x_wconf 88' lang='lat' dir='ltr'><strong>sacrorum</strong></span> <span class='ocrx_word' id='word_1_410' title='bbox 1563 3717 1939 3785; x_wconf 86' lang='lat' dir='ltr'><strong>oraculorum,</strong></span> 
     </span>
    </p>
   </div>
   <div class='ocr_carea' id='block_1_40' title="bbox 2056 2502 3641 2577">
    <p class='ocr_par' dir='ltr' id='par_1_40' title="bbox 2056 2502 3641 2577">
     <span class='ocr_line' id='line_1_41' title="bbox 2056 2502 3641 2577; baseline -0.001 -18"><span class='ocrx_word' id='word_1_411' title='bbox 2056 2507 2333 2577; x_wconf 73' lang='grc' dir='ltr'>Μαλαχίᾳ,</span> <span class='ocrx_word' id='word_1_412' title='bbox 2376 2505 2466 2557; x_wconf 81' lang='grc' dir='ltr'><strong>τὸν</strong></span> <span class='ocrx_word' id='word_1_413' title='bbox 2507 2502 2626 2556; x_wconf 78' lang='grc' dir='ltr'>καθ’</span> <span class='ocrx_word' id='word_1_414' title='bbox 2662 2505 2810 2573; x_wconf 79' lang='grc' dir='ltr'><strong>ἡμᾶς</strong></span> <span class='ocrx_word' id='word_1_415' title='bbox 2853 2504 3111 2575; x_wconf 77' lang='grc' dir='ltr'>ίεράρχην</span> <span class='ocrx_word' id='word_1_416' title='bbox 3151 2503 3381 2571; x_wconf 78' lang='grc' dir='ltr'>ἄγγελον</span> <span class='ocrx_word' id='word_1_417' title='bbox 3428 2505 3641 2574; x_wconf 78' lang='grc' dir='ltr'><strong>Κυρίου</strong></span> 
     </span>
    </p>
   </div>
   <div class='ocr_carea' id='block_1_41' title="bbox 2055 2595 3643 2668">
    <p class='ocr_par' dir='ltr' id='par_1_41' title="bbox 2055 2595 3643 2668">
     <span class='ocr_line' id='line_1_42' title="bbox 2055 2595 3643 2668; baseline -0.002 -17"><span class='ocrx_word' id='word_1_418' title='bbox 2055 2597 2472 2668; x_wconf 75' lang='grc' dir='ltr'>ὀνομαζόμενον,</span> <span class='ocrx_word' id='word_1_419' title='bbox 2519 2596 2636 2646; x_wconf 82' lang='grc' dir='ltr'>’Ότι</span> <span class='ocrx_word' id='word_1_420' title='bbox 2686 2595 2937 2663; x_wconf 54' lang='grc' dir='ltr'><strong>ἄγην-ἴλαις</strong></span> <span class='ocrx_word' id='word_1_421' title='bbox 2969 2596 3190 2661; x_wconf 77' lang='grc' dir='ltr'><strong>Κυρίου</strong></span> <span class='ocrx_word' id='word_1_422' title='bbox 3236 2595 3643 2663; x_wconf 73' lang='grc' dir='ltr'>παντοκράτι-</span> 
     </span>
    </p>
   </div>
   <div class='ocr_carea' id='block_1_42' title="bbox 2047 2685 3645 2758">
    <p class='ocr_par' dir='ltr' id='par_1_42' title="bbox 2047 2685 3645 2758">
     <span class='ocr_line' id='line_1_43' title="bbox 2047 2685 3645 2758; baseline 0.003 -19"><span class='ocrx_word' id='word_1_423' title='bbox 2047 2692 2155 2758; x_wconf 70' lang='grc' dir='ltr'><strong>ρός</strong></span> <span class='ocrx_word' id='word_1_424' title='bbox 2175 2690 2325 2751; x_wconf 75' lang='grc' dir='ltr'>ἐστι,</span> <span class='ocrx_word' id='word_1_425' title='bbox 2360 2687 2590 2755; x_wconf 82' lang='grc' dir='ltr'>λέγοντι.</span> <span class='ocrx_word' id='word_1_426' title='bbox 2633 2687 2783 2737; x_wconf 76' lang='grc' dir='ltr'>Ἐπεὶ</span> <span class='ocrx_word' id='word_1_427' title='bbox 2810 2687 2987 2738; x_wconf 81' lang='grc' dir='ltr'>τοίνυν</span> <span class='ocrx_word' id='word_1_428' title='bbox 3004 2685 3283 2753; x_wconf 82' lang='grc' dir='ltr'><strong>ἀπέδειξεν</strong></span> <span class='ocrx_word' id='word_1_429' title='bbox 3305 2687 3387 2740; x_wconf 81' lang='grc' dir='ltr'><strong>ὅτι</strong></span> <span class='ocrx_word' id='word_1_430' title='bbox 3413 2688 3645 2754; x_wconf 78' lang='grc' dir='ltr'><strong>δικαίως</strong></span> 
     </span>
    </p>
   </div>
   <div class='ocr_carea' id='block_1_43' title="bbox 2053 2780 3639 2854">
    <p class='ocr_par' dir='ltr' id='par_1_43' title="bbox 2053 2780 3639 2854">
     <span class='ocr_line' id='line_1_44' title="bbox 2053 2780 3639 2854; baseline 0.001 -21"><span class='ocrx_word' id='word_1_431' title='bbox 2053 2783 2129 2854; x_wconf 80' lang='grc' dir='ltr'>τῷ</span> <span class='ocrx_word' id='word_1_432' title='bbox 2166 2782 2273 2833; x_wconf 83' lang='grc' dir='ltr'>τῶν</span> <span class='ocrx_word' id='word_1_433' title='bbox 2316 2781 2719 2853; x_wconf 76' lang='grc' dir='ltr'><strong>ὑποδεεστέρων</strong></span> <span class='ocrx_word' id='word_1_434' title='bbox 2757 2780 2977 2853; x_wconf 79' lang='grc' dir='ltr'>ὀνόματι</span> <span class='ocrx_word' id='word_1_435' title='bbox 3006 2784 3057 2835; x_wconf 83' lang='lat' dir='ltr'><strong>oi.</strong></span> <span class='ocrx_word' id='word_1_436' title='bbox 3097 2782 3487 2854; x_wconf 85' lang='grc' dir='ltr'>ὑπερκείμενοι</span> <span class='ocrx_word' id='word_1_437' title='bbox 3516 2782 3639 2834; x_wconf 78' lang='grc' dir='ltr'>ὀνο-</span> 
     </span>
    </p>
   </div>
   <div class='ocr_carea' id='block_1_44' title="bbox 2056 2873 3641 2949">
    <p class='ocr_par' dir='ltr' id='par_1_44' title="bbox 2056 2873 3641 2949">
     <span class='ocr_line' id='line_1_45' title="bbox 2056 2873 3641 2949; baseline -0.002 -20"><span class='ocrx_word' id='word_1_438' title='bbox 2056 2874 2335 2946; x_wconf 74' lang='grc' dir='ltr'>μάζονται,</span> <span class='ocrx_word' id='word_1_439' title='bbox 2365 2874 2426 2927; x_wconf 76' lang='grc' dir='ltr'><em>ἐκ</em></span> <span class='ocrx_word' id='word_1_440' title='bbox 2454 2892 2512 2926; x_wconf 89' lang='grc' dir='ltr'><strong>τε</strong></span> <span class='ocrx_word' id='word_1_441' title='bbox 2540 2873 2633 2925; x_wconf 74' lang='grc' dir='ltr'>τοῦ</span> <span class='ocrx_word' id='word_1_442' title='bbox 2676 2873 2844 2940; x_wconf 80' lang='grc' dir='ltr'>δεῖξαι</span> <span class='ocrx_word' id='word_1_443' title='bbox 2888 2875 3005 2939; x_wconf 81' lang='grc' dir='ltr'><strong>πῶς</strong></span> <span class='ocrx_word' id='word_1_444' title='bbox 3051 2875 3267 2929; x_wconf 77' lang='grc' dir='ltr'>ἅπαντα</span> <span class='ocrx_word' id='word_1_445' title='bbox 3307 2875 3375 2927; x_wconf 78' lang='grc' dir='ltr'>τὰ</span> <span class='ocrx_word' id='word_1_446' title='bbox 3406 2874 3641 2949; x_wconf 76' lang='grc' dir='ltr'>οὐράνια</span> 
     </span>
    </p>
   </div>
   <div class='ocr_carea' id='block_1_45' title="bbox 2053 2967 3641 3039">
    <p class='ocr_par' dir='ltr' id='par_1_45' title="bbox 2053 2967 3641 3039">
     <span class='ocr_line' id='line_1_46' title="bbox 2053 2967 3641 3039; baseline -0.003 -16"><span class='ocrx_word' id='word_1_447' title='bbox 2053 2968 2193 3023; x_wconf 82' lang='grc' dir='ltr'>κατὰ</span> <span class='ocrx_word' id='word_1_448' title='bbox 2223 2969 2399 3021; x_wconf 81' lang='grc' dir='ltr'>κοινοῦ</span> <span class='ocrx_word' id='word_1_449' title='bbox 2426 2968 2641 3036; x_wconf 82' lang='grc' dir='ltr'>ἄγγελοι</span> <span class='ocrx_word' id='word_1_450' title='bbox 2667 2967 2931 3037; x_wconf 83' lang='grc' dir='ltr'>λέγονται,</span> <span class='ocrx_word' id='word_1_451' title='bbox 2964 2970 3029 3022; x_wconf 81' lang='grc' dir='ltr'><strong>ἐκ</strong></span> <span class='ocrx_word' id='word_1_452' title='bbox 3053 2967 3147 3022; x_wconf 83' lang='grc' dir='ltr'>τοῦ</span> <span class='ocrx_word' id='word_1_453' title='bbox 3171 2970 3329 3023; x_wconf 82' lang='grc' dir='ltr'>λῦσαι</span> <span class='ocrx_word' id='word_1_454' title='bbox 3354 2970 3454 3039; x_wconf 87' lang='grc' dir='ltr'>τήν</span> <span class='ocrx_word' id='word_1_455' title='bbox 3474 2986 3641 3021; x_wconf 89' lang='grc' dir='ltr'>τινων</span> 
     </span>
    </p>
   </div>
   <div class='ocr_carea' id='block_1_46' title="bbox 2053 3070 3637 3144">
    <p class='ocr_par' dir='ltr' id='par_1_46' title="bbox 2053 3070 3637 3144">
     <span class='ocr_line' id='line_1_47' title="bbox 2053 3070 3637 3144; baseline 0 -19"><span class='ocrx_word' id='word_1_456' title='bbox 2053 3070 2318 3143; x_wconf 73' lang='grc' dir='ltr'><strong>ὑπόληψιν</strong></span> <span class='ocrx_word' id='word_1_457' title='bbox 2342 3074 2468 3144; x_wconf 79' lang='grc' dir='ltr'>περὶ</span> <span class='ocrx_word' id='word_1_458' title='bbox 2498 3072 2605 3125; x_wconf 80' lang='grc' dir='ltr'>τῶν</span> <span class='ocrx_word' id='word_1_459' title='bbox 2626 3071 2893 3141; x_wconf 83' lang='grc' dir='ltr'>οὐρανίων</span> <span class='ocrx_word' id='word_1_460' title='bbox 2916 3072 3217 3143; x_wconf 79' lang='grc' dir='ltr'>δυνάμεων,</span> <span class='ocrx_word' id='word_1_461' title='bbox 3241 3073 3322 3127; x_wconf 83' lang='grc' dir='ltr'>ὃτι</span> <span class='ocrx_word' id='word_1_462' title='bbox 3348 3072 3492 3126; x_wconf 82' lang='grc' dir='ltr'><strong>κατά</strong></span> <span class='ocrx_word' id='word_1_463' title='bbox 3512 3090 3637 3125; x_wconf 90' lang='grc' dir='ltr'>τινα</span> 
     </span>
    </p>
   </div>
   <div class='ocr_carea' id='block_1_47' title="bbox 2052 3164 3639 3236">
    <p class='ocr_par' dir='ltr' id='par_1_47' title="bbox 2052 3164 3639 3236">
     <span class='ocr_line' id='line_1_48' title="bbox 2052 3164 3639 3236; baseline 0.001 -19"><span class='ocrx_word' id='word_1_464' title='bbox 2052 3165 2241 3234; x_wconf 79' lang='grc' dir='ltr'>ἑτέραν</span> <span class='ocrx_word' id='word_1_465' title='bbox 2273 3164 2560 3236; x_wconf 85' lang='grc' dir='ltr'>ὁμώνυμον</span> <span class='ocrx_word' id='word_1_466' title='bbox 2596 3165 2844 3235; x_wconf 78' lang='grc' dir='ltr'>δύναμιν,</span> <span class='ocrx_word' id='word_1_467' title='bbox 2888 3164 3008 3218; x_wconf 79' lang='grc' dir='ltr'>καθ’</span> <span class='ocrx_word' id='word_1_468' title='bbox 3039 3166 3104 3236; x_wconf 76' lang='grc' dir='ltr'>ἢν</span> <span class='ocrx_word' id='word_1_469' title='bbox 3138 3165 3427 3231; x_wconf 79' lang='grc' dir='ltr'>δύνανται,</span> <span class='ocrx_word' id='word_1_470' title='bbox 3472 3166 3639 3219; x_wconf 74' lang='grc' dir='ltr'>δυνά-</span> 
     </span>
    </p>
   </div>
   <div class='ocr_carea' id='block_1_48' title="bbox 2054 3256 3640 3328">
    <p class='ocr_par' dir='ltr' id='par_1_48' title="bbox 2054 3256 3640 3328">
     <span class='ocr_line' id='line_1_49' title="bbox 2054 3256 3640 3328; baseline 0.001 -20"><span class='ocrx_word' id='word_1_471' title='bbox 2054 3275 2173 3327; x_wconf 82' lang='grc' dir='ltr'>μεις</span> <span class='ocrx_word' id='word_1_472' title='bbox 2202 3257 2377 3311; x_wconf 85' lang='grc' dir='ltr'>πάντα</span> <span class='ocrx_word' id='word_1_473' title='bbox 2396 3257 2462 3310; x_wconf 83' lang='grc' dir='ltr'>τὰ</span> <span class='ocrx_word' id='word_1_474' title='bbox 2490 3258 2744 3327; x_wconf 84' lang='grc' dir='ltr'><strong>τάγματα</strong></span> <span class='ocrx_word' id='word_1_475' title='bbox 2761 3256 3133 3325; x_wconf 73' lang='grc' dir='ltr'>λέγονται,καὶ</span> <span class='ocrx_word' id='word_1_476' title='bbox 3167 3256 3234 3310; x_wconf 83' lang='grc' dir='ltr'>τὰ</span> <span class='ocrx_word' id='word_1_477' title='bbox 3261 3257 3640 3328; x_wconf 81' lang='grc' dir='ltr'>ὑπερκείμενα</span> 
     </span>
    </p>
   </div>
   <div class='ocr_carea' id='block_1_49' title="bbox 2051 3348 3631 3422">
    <p class='ocr_par' dir='ltr' id='par_1_49' title="bbox 2051 3348 3631 3422">
     <span class='ocr_line' id='line_1_50' title="bbox 2051 3348 3631 3422; baseline 0.001 -22"><span class='ocrx_word' id='word_1_478' title='bbox 2051 3349 2147 3401; x_wconf 72' lang='grc' dir='ltr'><strong>καὶ</strong></span> <span class='ocrx_word' id='word_1_479' title='bbox 2171 3349 2241 3401; x_wconf 76' lang='grc' dir='ltr'>τὰ</span> <span class='ocrx_word' id='word_1_480' title='bbox 2275 3350 2677 3418; x_wconf 73' lang='grc' dir='ltr'>ὑποϐεϐηκόταο</span> <span class='ocrx_word' id='word_1_481' title='bbox 2711 3350 2864 3422; x_wconf 81' lang='grc' dir='ltr'><strong>ζητεί</strong></span> <span class='ocrx_word' id='word_1_482' title='bbox 2890 3350 3125 3403; x_wconf 81' lang='grc' dir='ltr'>ἐνταῦθα</span> <span class='ocrx_word' id='word_1_483' title='bbox 3160 3349 3257 3402; x_wconf 82' lang='grc' dir='ltr'>καὶ</span> <span class='ocrx_word' id='word_1_484' title='bbox 3298 3349 3418 3413; x_wconf 83' lang='grc' dir='ltr'><strong>πῶς</strong></span> <span class='ocrx_word' id='word_1_485' title='bbox 3444 3350 3474 3401; x_wconf 87' lang='grc' dir='ltr'>ὁ</span> <span class='ocrx_word' id='word_1_486' title='bbox 3506 3348 3631 3402; x_wconf 75' lang='grc' dir='ltr'>καθ’</span> 
     </span>
    </p>
   </div>
   <div class='ocr_carea' id='block_1_50' title="bbox 2048 3441 3638 3515">
    <p class='ocr_par' dir='ltr' id='par_1_50' title="bbox 2048 3441 3638 3515">
     <span class='ocr_line' id='line_1_51' title="bbox 2048 3441 3638 3515; baseline 0 -21"><span class='ocrx_word' id='word_1_487' title='bbox 2048 3444 2196 3512; x_wconf 75' lang='grc' dir='ltr'><strong>ἡμᾶς</strong></span> <span class='ocrx_word' id='word_1_488' title='bbox 2225 3441 2484 3514; x_wconf 82' lang='grc' dir='ltr'>ἱεράρχης</span> <span class='ocrx_word' id='word_1_489' title='bbox 2507 3482 2521 3506; x_wconf 94' lang='grc'><strong>,</strong></span> <span class='ocrx_word' id='word_1_490' title='bbox 2552 3442 2782 3512; x_wconf 77' lang='grc' dir='ltr'><strong>ἔσχατος</strong></span> <span class='ocrx_word' id='word_1_491' title='bbox 2815 3442 2888 3496; x_wconf 84' lang='grc' dir='ltr'>ὢν</span> <span class='ocrx_word' id='word_1_492' title='bbox 2917 3442 3025 3496; x_wconf 82' lang='grc' dir='ltr'><strong>τῶν</strong></span> <span class='ocrx_word' id='word_1_493' title='bbox 3063 3442 3331 3515; x_wconf 80' lang='grc' dir='ltr'>οὐρανίων</span> <span class='ocrx_word' id='word_1_494' title='bbox 3373 3442 3638 3495; x_wconf 77' lang='grc' dir='ltr'>ἁπάντων</span> 
     </span>
    </p>
   </div>
   <div class='ocr_carea' id='block_1_51' title="bbox 2047 3532 3633 3605">
    <p class='ocr_par' dir='ltr' id='par_1_51' title="bbox 2047 3532 3633 3605">
     <span class='ocr_line' id='line_1_52' title="bbox 2047 3532 3633 3605; baseline 0.001 -21"><span class='ocrx_word' id='word_1_495' title='bbox 2047 3532 2361 3603; x_wconf 80' lang='grc' dir='ltr'>ταγμάτων,</span> <span class='ocrx_word' id='word_1_496' title='bbox 2389 3533 2465 3603; x_wconf 81' lang='grc' dir='ltr'><strong>τῷ</strong></span> <span class='ocrx_word' id='word_1_497' title='bbox 2489 3532 2583 3586; x_wconf 79' lang='grc' dir='ltr'><strong>τοῦ</strong></span> <span class='ocrx_word' id='word_1_498' title='bbox 2610 3534 3005 3605; x_wconf 79' lang='grc' dir='ltr'>ὑπερκειμένου</span> <span class='ocrx_word' id='word_1_499' title='bbox 3032 3534 3253 3605; x_wconf 82' lang='grc' dir='ltr'>ὀνόματι</span> <span class='ocrx_word' id='word_1_500' title='bbox 3282 3532 3633 3604; x_wconf 77' lang='grc' dir='ltr'>ὀνομάζεται,</span> 
     </span>
    </p>
   </div>
   <div class='ocr_carea' id='block_1_52' title="bbox 2048 3625 3638 3696">
    <p class='ocr_par' dir='ltr' id='par_1_52' title="bbox 2048 3625 3638 3696">
     <span class='ocr_line' id='line_1_53' title="bbox 2048 3625 3638 3696; baseline 0 -18"><span class='ocrx_word' id='word_1_501' title='bbox 2048 3626 2142 3678; x_wconf 78' lang='grc' dir='ltr'>καὶ</span> <span class='ocrx_word' id='word_1_502' title='bbox 2172 3625 2412 3679; x_wconf 79' lang='grc' dir='ltr'>καλεῖται</span> <span class='ocrx_word' id='word_1_503' title='bbox 2432 3625 2678 3694; x_wconf 82' lang='grc' dir='ltr'>ἄγγελος.</span> <span class='ocrx_word' id='word_1_504' title='bbox 2712 3629 2964 3696; x_wconf 83' lang='grc' dir='ltr'>Ζητεῖται</span> <span class='ocrx_word' id='word_1_505' title='bbox 3006 3626 3184 3679; x_wconf 83' lang='grc' dir='ltr'>τοίνυν</span> <span class='ocrx_word' id='word_1_506' title='bbox 3208 3625 3369 3679; x_wconf 81' lang='grc' dir='ltr'>τοῦτο</span> <span class='ocrx_word' id='word_1_507' title='bbox 3394 3630 3510 3690; x_wconf 83' lang='grc' dir='ltr'>τοῖς</span> <span class='ocrx_word' id='word_1_508' title='bbox 3542 3644 3638 3695; x_wconf 78' lang='grc' dir='ltr'><strong>φι-</strong></span> 
     </span>
    </p>
   </div>
   <div class='ocr_carea' id='block_1_53' title="bbox 2046 3716 3635 3789">
    <p class='ocr_par' dir='ltr' id='par_1_53' title="bbox 2046 3716 3635 3789">
     <span class='ocr_line' id='line_1_54' title="bbox 2046 3716 3635 3789; baseline 0 -19"><span class='ocrx_word' id='word_1_509' title='bbox 2046 3717 2334 3789; x_wconf 82' lang='grc' dir='ltr'>λοθεάμοσι</span> <span class='ocrx_word' id='word_1_510' title='bbox 2362 3717 2469 3770; x_wconf 86' lang='grc' dir='ltr'><strong>τῶν</strong></span> <span class='ocrx_word' id='word_1_511' title='bbox 2488 3717 2649 3789; x_wconf 83' lang='grc' dir='ltr'>ἱερῶν</span> <span class='ocrx_word' id='word_1_512' title='bbox 2674 3717 2888 3784; x_wconf 84' lang='grc' dir='ltr'>λογίων,</span> <span class='ocrx_word' id='word_1_513' title='bbox 2911 3717 3020 3770; x_wconf 84' lang='grc' dir='ltr'>τῶν</span> <span class='ocrx_word' id='word_1_514' title='bbox 3036 3718 3161 3788; x_wconf 85' lang='grc' dir='ltr'>περὶ</span> <span class='ocrx_word' id='word_1_515' title='bbox 3181 3716 3291 3770; x_wconf 86' lang='grc' dir='ltr'>τῶν</span> <span class='ocrx_word' id='word_1_516' title='bbox 3310 3718 3518 3788; x_wconf 79' lang='grc' dir='ltr'>νοητῶν</span> <span class='ocrx_word' id='word_1_517' title='bbox 3543 3717 3635 3770; x_wconf 89' lang='grc' dir='ltr'>λε-</span> 
     </span>
    </p>
   </div>
   <div class='ocr_carea' id='block_1_54' title="bbox 368 3801 1943 3882">
    <p class='ocr_par' dir='ltr' id='par_1_54' title="bbox 368 3809 1943 3881">
     <span class='ocr_line' id='line_1_55' title="bbox 368 3809 1943 3881; baseline 0.002 -19"><span class='ocrx_word' id='word_1_518' title='bbox 368 3827 489 3881; x_wconf 70' lang='lat' dir='ltr'><strong>qua:</strong></span> <span class='ocrx_word' id='word_1_519' title='bbox 522 3813 589 3866; x_wconf 91' lang='lat' dir='ltr'><strong>de</strong></span> <span class='ocrx_word' id='word_1_520' title='bbox 621 3810 783 3865; x_wconf 86' lang='lat' dir='ltr'><strong>rebus</strong></span> <span class='ocrx_word' id='word_1_521' title='bbox 814 3810 1222 3865; x_wconf 84' lang='lat' dir='ltr'><strong>intellectilibus</strong></span> <span class='ocrx_word' id='word_1_522' title='bbox 1253 3809 1943 3879; x_wconf 85' lang='lat' dir='ltr'><strong>loquuntur,quemadmo-</strong></span> 
     </span>
    </p>
   </div>
   <div class='ocr_carea' id='block_1_55' title="bbox 2045 3801 3633 3882">
    <p class='ocr_par' dir='ltr' id='par_1_55' title="bbox 2045 3809 3633 3882">
     <span class='ocr_line' id='line_1_56' title="bbox 2045 3809 3633 3882; baseline -0.001 -19"><span class='ocrx_word' id='word_1_523' title='bbox 2045 3811 2269 3879; x_wconf 86' lang='grc' dir='ltr'>γόντων,</span> <span class='ocrx_word' id='word_1_524' title='bbox 2307 3810 2494 3880; x_wconf 83' lang='grc' dir='ltr'>ὥσπερ</span> <span class='ocrx_word' id='word_1_525' title='bbox 2514 3812 2571 3863; x_wconf 81' lang='grc' dir='ltr'><strong>ἐν</strong></span> <span class='ocrx_word' id='word_1_526' title='bbox 2594 3810 2671 3882; x_wconf 82' lang='grc' dir='ltr'>τῷ</span> <span class='ocrx_word' id='word_1_527' title='bbox 2708 3809 2768 3862; x_wconf 85' lang='grc' dir='ltr'><strong>ιδ’</strong></span> <span class='ocrx_word' id='word_1_528' title='bbox 2800 3810 3077 3881; x_wconf 76' lang='grc' dir='ltr'>κεφαλαίῳ</span> <span class='ocrx_word' id='word_1_529' title='bbox 3099 3809 3290 3881; x_wconf 84' lang='grc' dir='ltr'>νοερὰν</span> <span class='ocrx_word' id='word_1_530' title='bbox 3306 3810 3633 3863; x_wconf 77' lang='grc' dir='ltr'>ἐπιστασίαν</span> 
     </span>
    </p>
   </div>
   <div class='ocr_carea' id='block_1_56' title="bbox 364 3900 1943 3972">
    <p class='ocr_par' dir='ltr' id='par_1_56' title="bbox 364 3900 1943 3972">
     <span class='ocr_line' id='line_1_57' title="bbox 364 3900 1943 3972; baseline 0 -16"><span class='ocrx_word' id='word_1_531' title='bbox 364 3904 496 3956; x_wconf 88' lang='lat' dir='ltr'><strong>dum</strong></span> <span class='ocrx_word' id='word_1_532' title='bbox 552 3903 605 3956; x_wconf 91' lang='lat' dir='ltr'><strong>in</strong></span> <span class='ocrx_word' id='word_1_533' title='bbox 654 3902 867 3956; x_wconf 88' lang='lat' dir='ltr'><strong>decimo</strong></span> <span class='ocrx_word' id='word_1_534' title='bbox 904 3909 1099 3970; x_wconf 88' lang='lat' dir='ltr'><strong>quarto</strong></span> <span class='ocrx_word' id='word_1_535' title='bbox 1141 3900 1319 3968; x_wconf 88' lang='lat' dir='ltr'><strong>capite</strong></span> <span class='ocrx_word' id='word_1_536' title='bbox 1366 3901 1704 3970; x_wconf 86' lang='lat' dir='ltr'><strong>spiritualem</strong></span> <span class='ocrx_word' id='word_1_537' title='bbox 1748 3902 1943 3972; x_wconf 67' lang='lat' dir='ltr'><strong>prude—</strong></span> 
     </span>
    </p>
   </div>
   <div class='ocr_carea' id='block_1_57' title="bbox 366 3990 1945 4061">
    <p class='ocr_par' dir='ltr' id='par_1_57' title="bbox 366 3990 1945 4061">
     <span class='ocr_line' id='line_1_58' title="bbox 366 3990 1945 4061; baseline 0 -13"><span class='ocrx_word' id='word_1_538' title='bbox 366 4004 579 4049; x_wconf 84' lang='lat' dir='ltr'><strong>cturam</strong></span> <span class='ocrx_word' id='word_1_539' title='bbox 613 4000 791 4056; x_wconf 92' lang='lat' dir='ltr'><strong>vocat,</strong></span> <span class='ocrx_word' id='word_1_540' title='bbox 813 3990 1193 4061; x_wconf 65' lang='lat' dir='ltr'><strong>praefecturam</strong></span> <span class='ocrx_word' id='word_1_541' title='bbox 1222 4006 1399 4045; x_wconf 90' lang='lat' dir='ltr'><strong>rerum</strong></span> <span class='ocrx_word' id='word_1_542' title='bbox 1424 3992 1809 4059; x_wconf 87' lang='lat' dir='ltr'><strong>spiritualium.</strong></span> <span class='ocrx_word' id='word_1_543' title='bbox 1834 3992 1945 4047; x_wconf 85' lang='lat' dir='ltr'><strong>Cur</strong></span> 
     </span>
    </p>
   </div>
   <div class='ocr_carea' id='block_1_58' title="bbox 364 4082 1941 4154">
    <p class='ocr_par' dir='ltr' id='par_1_58' title="bbox 364 4082 1941 4154">
     <span class='ocr_line' id='line_1_59' title="bbox 364 4082 1941 4154; baseline 0.003 -19"><span class='ocrx_word' id='word_1_544' title='bbox 364 4094 547 4137; x_wconf 89' lang='lat' dir='ltr'><strong>autem</strong></span> <span class='ocrx_word' id='word_1_545' title='bbox 578 4082 667 4136; x_wconf 89' lang='lat' dir='ltr'><strong>hic</strong></span> <span class='ocrx_word' id='word_1_546' title='bbox 692 4082 917 4137; x_wconf 91' lang='lat' dir='ltr'><strong>oracula</strong></span> <span class='ocrx_word' id='word_1_547' title='bbox 948 4093 1107 4137; x_wconf 88' lang='lat' dir='ltr'><strong>vocat</strong></span> <span class='ocrx_word' id='word_1_548' title='bbox 1142 4083 1500 4150; x_wconf 85' lang='lat' dir='ltr'><strong>intellectilia,</strong></span> <span class='ocrx_word' id='word_1_549' title='bbox 1536 4083 1611 4139; x_wconf 91' lang='lat' dir='ltr'><strong>ibi</strong></span> <span class='ocrx_word' id='word_1_550' title='bbox 1641 4099 1770 4139; x_wconf 84' lang='lat' dir='ltr'><strong>vero</strong></span> <span class='ocrx_word' id='word_1_551' title='bbox 1801 4100 1941 4154; x_wconf 72' lang='lat' dir='ltr'><strong>prte-</strong></span> 
     </span>
    </p>
   </div>
   <div class='ocr_carea' id='block_1_59' title="bbox 363 4175 1943 4244">
    <p class='ocr_par' dir='ltr' id='par_1_59' title="bbox 363 4175 1943 4244">
     <span class='ocr_line' id='line_1_60' title="bbox 363 4175 1943 4244; baseline 0.004 -17"><span class='ocrx_word' id='word_1_552' title='bbox 363 4176 633 4228; x_wconf 81' lang='lat' dir='ltr'><strong>fecturam</strong></span> <span class='ocrx_word' id='word_1_553' title='bbox 683 4175 1211 4244; x_wconf 87' lang='lat' dir='ltr'><strong>spiritalem?quia,</strong></span> <span class='ocrx_word' id='word_1_554' title='bbox 1255 4175 1386 4231; x_wconf 88' lang='lat' dir='ltr'><strong>licet.</strong></span> <span class='ocrx_word' id='word_1_555' title='bbox 1431 4177 1655 4232; x_wconf 89' lang='lat' dir='ltr'><strong>oracula</strong></span> <span class='ocrx_word' id='word_1_556' title='bbox 1705 4178 1816 4232; x_wconf 90' lang='lat' dir='ltr'><strong>sint</strong></span> <span class='ocrx_word' id='word_1_557' title='bbox 1874 4178 1943 4233; x_wconf 82' lang='lat' dir='ltr'><strong>de</strong></span> 
     </span>
    </p>
   </div>
   <div class='ocr_carea' id='block_1_60' title="bbox 366 4267 1938 4340">
    <p class='ocr_par' dir='ltr' id='par_1_60' title="bbox 366 4267 1938 4340">
     <span class='ocr_line' id='line_1_61' title="bbox 366 4267 1938 4340; baseline 0.003 -21"><span class='ocrx_word' id='word_1_558' title='bbox 366 4268 529 4324; x_wconf 80' lang='lat' dir='ltr'><strong>rebus</strong></span> <span class='ocrx_word' id='word_1_559' title='bbox 556 4267 917 4338; x_wconf 85' lang='lat' dir='ltr'><strong>Spiritalibus,</strong></span> <span class='ocrx_word' id='word_1_560' title='bbox 952 4284 1058 4323; x_wconf 89' lang='lat' dir='ltr'><strong>non</strong></span> <span class='ocrx_word' id='word_1_561' title='bbox 1090 4278 1270 4323; x_wconf 81' lang='lat' dir='ltr'><strong>tamen</strong></span> <span class='ocrx_word' id='word_1_562' title='bbox 1303 4280 1451 4323; x_wconf 87' lang='lat' dir='ltr'><strong>recte</strong></span> <span class='ocrx_word' id='word_1_563' title='bbox 1479 4278 1743 4325; x_wconf 86' lang='lat' dir='ltr'><strong>vocantur</strong></span> <span class='ocrx_word' id='word_1_564' title='bbox 1775 4270 1938 4340; x_wconf 88' lang='lat' dir='ltr'><strong>spiri-</strong></span> 
     </span>
    </p>
   </div>
   <div class='ocr_carea' id='block_1_61' title="bbox 364 4360 1940 4430">
    <p class='ocr_par' dir='ltr' id='par_1_61' title="bbox 364 4360 1940 4430">
     <span class='ocr_line' id='line_1_62' title="bbox 364 4360 1940 4430; baseline 0.004 -17"><span class='ocrx_word' id='word_1_565' title='bbox 364 4360 490 4414; x_wconf 86' lang='lat' dir='ltr'><strong>talia</strong></span> <span class='ocrx_word' id='word_1_566' title='bbox 523 4362 606 4415; x_wconf 88' lang='lat' dir='ltr'><strong>vel</strong></span> <span class='ocrx_word' id='word_1_567' title='bbox 640 4361 896 4416; x_wconf 82' lang='lat' dir='ltr'><strong>mentalia</strong></span> <span class='ocrx_word' id='word_1_568' title='bbox 929 4377 944 4427; x_wconf 90' lang='lat'><strong>;</strong></span> <span class='ocrx_word' id='word_1_569' title='bbox 996 4364 1254 4429; x_wconf 90' lang='lat' dir='ltr'><strong>quoniam</strong></span> <span class='ocrx_word' id='word_1_570' title='bbox 1288 4377 1393 4415; x_wconf 93' lang='lat' dir='ltr'><strong>non</strong></span> <span class='ocrx_word' id='word_1_571' title='bbox 1429 4372 1555 4417; x_wconf 90' lang='lat' dir='ltr'><strong>sunt</strong></span> <span class='ocrx_word' id='word_1_572' title='bbox 1605 4363 1831 4430; x_wconf 90' lang='lat' dir='ltr'><strong>spiritus</strong></span> <span class='ocrx_word' id='word_1_573' title='bbox 1874 4378 1940 4419; x_wconf 89' lang='lat' dir='ltr'><strong>ac</strong></span> 
     </span>
    </p>
   </div>
   <div class='ocr_carea' id='block_1_62' title="bbox 364 4456 1937 4527">
    <p class='ocr_par' dir='ltr' id='par_1_62' title="bbox 364 4456 1937 4527">
     <span class='ocr_line' id='line_1_63' title="bbox 364 4456 1937 4527; baseline 0.003 -20"><span class='ocrx_word' id='word_1_574' title='bbox 364 4465 591 4521; x_wconf 90' lang='lat' dir='ltr'><strong>mentes,</strong></span> <span class='ocrx_word' id='word_1_575' title='bbox 619 4467 673 4509; x_wconf 91' lang='lat' dir='ltr'><strong>et</strong></span> <span class='ocrx_word' id='word_1_576' title='bbox 697 4456 917 4511; x_wconf 87' lang='lat' dir='ltr'><strong>oracula</strong></span> <span class='ocrx_word' id='word_1_577' title='bbox 980 4467 1161 4511; x_wconf 89' lang='lat' dir='ltr'><strong>mente</strong></span> <span class='ocrx_word' id='word_1_578' title='bbox 1214 4456 1545 4527; x_wconf 86' lang='lat' dir='ltr'><strong>diriguntur.</strong></span> <span class='ocrx_word' id='word_1_579' title='bbox 1602 4457 1937 4527; x_wconf 86' lang='lat' dir='ltr'><strong>Angelorum</strong></span> 
     </span>
    </p>
   </div>
   <div class='ocr_carea' id='block_1_63' title="bbox 364 4551 1940 4620">
    <p class='ocr_par' dir='ltr' id='par_1_63' title="bbox 364 4551 1940 4620">
     <span class='ocr_line' id='line_1_64' title="bbox 364 4551 1940 4620; baseline 0.005 -22"><span class='ocrx_word' id='word_1_580' title='bbox 364 4559 545 4602; x_wconf 87' lang='lat' dir='ltr'><strong>autem</strong></span> <span class='ocrx_word' id='word_1_581' title='bbox 576 4552 955 4617; x_wconf 74' lang='lat' dir='ltr'><strong>praefecturam</strong></span> <span class='ocrx_word' id='word_1_582' title='bbox 1006 4562 1168 4605; x_wconf 87' lang='lat' dir='ltr'><strong>vocat</strong></span> <span class='ocrx_word' id='word_1_583' title='bbox 1210 4551 1509 4620; x_wconf 84' lang='lat' dir='ltr'><strong>spiritalem</strong></span> <span class='ocrx_word' id='word_1_584' title='bbox 1536 4592 1551 4615; x_wconf 97' lang='lat'><strong>,</strong></span> <span class='ocrx_word' id='word_1_585' title='bbox 1600 4553 1725 4619; x_wconf 88' lang='lat' dir='ltr'><strong>quia</strong></span> <span class='ocrx_word' id='word_1_586' title='bbox 1774 4554 1940 4606; x_wconf 88' lang='lat' dir='ltr'><strong>rebus</strong></span> 
     </span>
    </p>
   </div>
   <div class='ocr_carea' id='block_1_64' title="bbox 362 4638 1937 4711">
    <p class='ocr_par' dir='ltr' id='par_1_64' title="bbox 362 4638 1937 4711">
     <span class='ocr_line' id='line_1_65' title="bbox 362 4638 1937 4711; baseline 0.006 -21"><span class='ocrx_word' id='word_1_587' title='bbox 362 4638 701 4706; x_wconf 86' lang='lat' dir='ltr'><strong>spiritalibus</strong></span> <span class='ocrx_word' id='word_1_588' title='bbox 730 4640 985 4703; x_wconf 89' lang='lat' dir='ltr'><strong>intendit,</strong></span> <span class='ocrx_word' id='word_1_589' title='bbox 1014 4650 1069 4695; x_wconf 91' lang='lat' dir='ltr'><strong>et</strong></span> <span class='ocrx_word' id='word_1_590' title='bbox 1102 4657 1257 4695; x_wconf 91' lang='lat' dir='ltr'><strong>mens</strong></span> <span class='ocrx_word' id='word_1_591' title='bbox 1281 4657 1400 4710; x_wconf 69' lang='lat' dir='ltr'><strong>qua:</strong></span> <span class='ocrx_word' id='word_1_592' title='bbox 1427 4643 1937 4711; x_wconf 86' lang='lat' dir='ltr'><strong>intemlitspiritalis</strong></span> 
     </span>
    </p>
   </div>
   <div class='ocr_carea' id='block_1_65' title="bbox 362 4729 1934 4802">
    <p class='ocr_par' dir='ltr' id='par_1_65' title="bbox 362 4729 1934 4802">
     <span class='ocr_line' id='line_1_66' title="bbox 362 4729 1934 4802; baseline 0.007 -20"><span class='ocrx_word' id='word_1_593' title='bbox 362 4738 465 4783; x_wconf 87' lang='lat' dir='ltr'><strong>est.</strong></span> <span class='ocrx_word' id='word_1_594' title='bbox 498 4729 772 4796; x_wconf 64' lang='lat' dir='ltr'><strong>Quaeritur</strong></span> <span class='ocrx_word' id='word_1_595' title='bbox 821 4732 1007 4802; x_wconf 74' lang='lat' dir='ltr'><strong>itaque</strong></span> <span class='ocrx_word' id='word_1_596' title='bbox 1036 4749 1065 4788; x_wconf 87' lang='lat' dir='ltr'><strong>a</strong></span> <span class='ocrx_word' id='word_1_597' title='bbox 1100 4736 1361 4790; x_wconf 88' lang='lat' dir='ltr'><strong>studiosis</strong></span> <span class='ocrx_word' id='word_1_598' title='bbox 1406 4736 1751 4790; x_wconf 85' lang='lat' dir='ltr'><strong>oraculorum</strong></span> <span class='ocrx_word' id='word_1_599' title='bbox 1800 4753 1934 4792; x_wconf 85' lang='lat' dir='ltr'><strong>con-</strong></span> 
     </span>
    </p>
   </div>
   <div class='ocr_carea' id='block_1_66' title="bbox 365 4822 1937 4899">
    <p class='ocr_par' dir='ltr' id='par_1_66' title="bbox 365 4822 1937 4899">
     <span class='ocr_line' id='line_1_67' title="bbox 365 4822 1937 4899; baseline 0.006 -26"><span class='ocrx_word' id='word_1_600' title='bbox 365 4822 795 4890; x_wconf 89' lang='lat' dir='ltr'><strong>templatoribus,</strong></span> <span class='ocrx_word' id='word_1_601' title='bbox 826 4825 917 4892; x_wconf 89' lang='lat' dir='ltr'><strong>qui</strong></span> <span class='ocrx_word' id='word_1_602' title='bbox 946 4827 1174 4879; x_wconf 88' lang='lat' dir='ltr'><strong>oumino</strong></span> <span class='ocrx_word' id='word_1_603' title='bbox 1210 4827 1305 4880; x_wconf 89' lang='lat' dir='ltr'><strong>illo</strong></span> <span class='ocrx_word' id='word_1_604' title='bbox 1347 4826 1491 4896; x_wconf 89' lang='lat' dir='ltr'><strong>quod</strong></span> <span class='ocrx_word' id='word_1_605' title='bbox 1535 4838 1763 4896; x_wconf 87' lang='lat' dir='ltr'><strong>apparet</strong></span> <span class='ocrx_word' id='word_1_606' title='bbox 1807 4844 1937 4899; x_wconf 90' lang='lat' dir='ltr'><strong>pro-</strong></span> 
     </span>
    </p>
   </div>
   <div class='ocr_carea' id='block_1_67' title="bbox 363 4910 1933 4989">
    <p class='ocr_par' dir='ltr' id='par_1_67' title="bbox 363 4910 1933 4989">
     <span class='ocr_line' id='line_1_68' title="bbox 363 4910 1933 4989; baseline 0.008 -26"><span class='ocrx_word' id='word_1_607' title='bbox 363 4910 612 4965; x_wconf 90' lang='lat' dir='ltr'><strong>fundiora</strong></span> <span class='ocrx_word' id='word_1_608' title='bbox 646 4914 951 4969; x_wconf 86' lang='lat' dir='ltr'><strong>rimantur:</strong></span> <span class='ocrx_word' id='word_1_609' title='bbox 982 4917 1250 4985; x_wconf 85' lang='lat' dir='ltr'><strong>siquidem</strong></span> <span class='ocrx_word' id='word_1_610' title='bbox 1283 4928 1621 4988; x_wconf 86' lang='lat' dir='ltr'><strong>spectatores</strong></span> <span class='ocrx_word' id='word_1_611' title='bbox 1666 4929 1791 4973; x_wconf 92' lang='lat' dir='ltr'><strong>sunt</strong></span> <span class='ocrx_word' id='word_1_612' title='bbox 1840 4921 1933 4989; x_wconf 88' lang='lat' dir='ltr'><strong>qui</strong></span> 
     </span>
    </p>
   </div>
   <div class='ocr_carea' id='block_1_68' title="bbox 363 5005 1932 5080">
    <p class='ocr_par' dir='ltr' id='par_1_68' title="bbox 363 5005 1932 5080">
     <span class='ocr_line' id='line_1_69' title="bbox 363 5005 1932 5080; baseline 0.007 -23"><span class='ocrx_word' id='word_1_613' title='bbox 363 5005 491 5059; x_wconf 89' lang='lat' dir='ltr'><strong>illud</strong></span> <span class='ocrx_word' id='word_1_614' title='bbox 528 5015 736 5059; x_wconf 90' lang='lat' dir='ltr'><strong>tantum</strong></span> <span class='ocrx_word' id='word_1_615' title='bbox 765 5008 907 5076; x_wconf 89' lang='lat' dir='ltr'><strong>quod</strong></span> <span class='ocrx_word' id='word_1_616' title='bbox 940 5010 1161 5063; x_wconf 86' lang='lat' dir='ltr'><strong>obvium</strong></span> <span class='ocrx_word' id='word_1_617' title='bbox 1186 5018 1268 5064; x_wconf 90' lang='lat' dir='ltr'><strong>est</strong></span> <span class='ocrx_word' id='word_1_618' title='bbox 1296 5012 1668 5080; x_wconf 81' lang='lat' dir='ltr'><strong>Speculantur,</strong></span> <span class='ocrx_word' id='word_1_619' title='bbox 1704 5014 1932 5068; x_wconf 86' lang='lat' dir='ltr'><strong>studiosi</strong></span> 
     </span>
    </p>
   </div>
   <div class='ocr_carea' id='block_1_69' title="bbox 363 5101 1934 5172">
    <p class='ocr_par' dir='ltr' id='par_1_69' title="bbox 363 5101 1934 5172">
     <span class='ocr_line' id='line_1_70' title="bbox 363 5101 1934 5172; baseline 0.007 -21"><span class='ocrx_word' id='word_1_620' title='bbox 363 5115 490 5155; x_wconf 88' lang='lat' dir='ltr'><strong>vero</strong></span> <span class='ocrx_word' id='word_1_621' title='bbox 522 5101 980 5170; x_wconf 78' lang='lat' dir='ltr'><strong>contemplatores</strong></span> <span class='ocrx_word' id='word_1_622' title='bbox 1014 5113 1160 5168; x_wconf 89' lang='lat' dir='ltr'><strong>sunt,</strong></span> <span class='ocrx_word' id='word_1_623' title='bbox 1191 5106 1280 5172; x_wconf 92' lang='lat' dir='ltr'><strong>qni</strong></span> <span class='ocrx_word' id='word_1_624' title='bbox 1308 5120 1561 5161; x_wconf 85' lang='lat' dir='ltr'><strong>amorose</strong></span> <span class='ocrx_word' id='word_1_625' title='bbox 1592 5108 1737 5161; x_wconf 85' lang='lat' dir='ltr'><strong>circa</strong></span> <span class='ocrx_word' id='word_1_626' title='bbox 1770 5108 1934 5162; x_wconf 85' lang='lat' dir='ltr'><strong>visio-</strong></span> 
     </span>
    </p>
   </div>
   <div class='ocr_carea' id='block_1_70' title="bbox 2048 3902 3629 3976">
    <p class='ocr_par' dir='ltr' id='par_1_70' title="bbox 2048 3902 3629 3976">
     <span class='ocr_line' id='line_1_71' title="bbox 2048 3902 3629 3976; baseline 0.001 -19"><span class='ocrx_word' id='word_1_627' title='bbox 2048 3905 2201 3975; x_wconf 71' lang='grc' dir='ltr'>φησὶ,</span> <span class='ocrx_word' id='word_1_628' title='bbox 2228 3904 2328 3975; x_wconf 83' lang='grc' dir='ltr'><strong>τὴν</strong></span> <span class='ocrx_word' id='word_1_629' title='bbox 2353 3906 2481 3975; x_wconf 78' lang='grc' dir='ltr'>περὶ</span> <span class='ocrx_word' id='word_1_630' title='bbox 2501 3905 2609 3957; x_wconf 86' lang='grc' dir='ltr'><strong>τῶν</strong></span> <span class='ocrx_word' id='word_1_631' title='bbox 2638 3904 2841 3976; x_wconf 86' lang='grc' dir='ltr'>νοερῶν</span> <span class='ocrx_word' id='word_1_632' title='bbox 2877 3902 3219 3957; x_wconf 78' lang='grc' dir='ltr'>ἐπιστασίαν.</span> <span class='ocrx_word' id='word_1_633' title='bbox 3249 3902 3350 3957; x_wconf 85' lang='grc' dir='ltr'><strong>Διὰ</strong></span> <span class='ocrx_word' id='word_1_634' title='bbox 3374 3905 3427 3957; x_wconf 88' lang='grc' dir='ltr'><strong>τί</strong></span> <span class='ocrx_word' id='word_1_635' title='bbox 3448 3904 3511 3957; x_wconf 80' lang='grc' dir='ltr'><strong>δὲ</strong></span> <span class='ocrx_word' id='word_1_636' title='bbox 3536 3905 3629 3958; x_wconf 54' lang='grc' dir='ltr'><strong>ὲν-</strong></span> 
     </span>
    </p>
   </div>
   <div class='ocr_carea' id='block_1_71' title="bbox 2043 3996 3633 4069">
    <p class='ocr_par' dir='ltr' id='par_1_71' title="bbox 2043 3996 3633 4069">
     <span class='ocr_line' id='line_1_72' title="bbox 2043 3996 3633 4069; baseline 0.001 -18"><span class='ocrx_word' id='word_1_637' title='bbox 2043 3999 2217 4052; x_wconf 80' lang='grc' dir='ltr'>ταῦθα</span> <span class='ocrx_word' id='word_1_638' title='bbox 2248 3998 2413 4069; x_wconf 80' lang='grc' dir='ltr'>νοητὰ</span> <span class='ocrx_word' id='word_1_639' title='bbox 2442 3999 2595 4067; x_wconf 82' lang='grc' dir='ltr'>λόγια</span> <span class='ocrx_word' id='word_1_640' title='bbox 2636 3998 2818 4066; x_wconf 87' lang='grc' dir='ltr'>λέγει,</span> <span class='ocrx_word' id='word_1_641' title='bbox 2857 3998 3035 4050; x_wconf 76' lang='grc' dir='ltr'>ἐκεῖσε</span> <span class='ocrx_word' id='word_1_642' title='bbox 3060 3997 3137 4063; x_wconf 80' lang='grc' dir='ltr'><strong>δὲ,</strong></span> <span class='ocrx_word' id='word_1_643' title='bbox 3166 3996 3266 4068; x_wconf 84' lang='grc' dir='ltr'><strong>τὴν</strong></span> <span class='ocrx_word' id='word_1_644' title='bbox 3301 3997 3633 4052; x_wconf 76' lang='grc' dir='ltr'>ἐπιστασίαν</span> 
     </span>
    </p>
   </div>
   <div class='ocr_carea' id='block_1_72' title="bbox 2043 4086 3607 4163">
    <p class='ocr_par' dir='ltr' id='par_1_72' title="bbox 2043 4086 3607 4163">
     <span class='ocr_line' id='line_1_73' title="bbox 2043 4086 3607 4163; baseline -0.003 -18"><span class='ocrx_word' id='word_1_645' title='bbox 2043 4092 2268 4163; x_wconf 85' lang='grc' dir='ltr'>νοεράν;</span> <span class='ocrx_word' id='word_1_646' title='bbox 2297 4091 2379 4143; x_wconf 83' lang='grc' dir='ltr'><strong>ὅτι</strong></span> <span class='ocrx_word' id='word_1_647' title='bbox 2410 4092 2458 4143; x_wconf 83' lang='grc' dir='ltr'>εἰ</span> <span class='ocrx_word' id='word_1_648' title='bbox 2493 4091 2586 4144; x_wconf 79' lang='grc' dir='ltr'>καὶ</span> <span class='ocrx_word' id='word_1_649' title='bbox 2613 4091 2741 4161; x_wconf 73' lang='grc' dir='ltr'>περὶ</span> <span class='ocrx_word' id='word_1_650' title='bbox 2770 4089 2878 4142; x_wconf 84' lang='grc' dir='ltr'><strong>τῶν</strong></span> <span class='ocrx_word' id='word_1_651' title='bbox 2913 4087 3116 4159; x_wconf 85' lang='grc' dir='ltr'>νοερῶν</span> <span class='ocrx_word' id='word_1_652' title='bbox 3154 4086 3223 4141; x_wconf 80' lang='grc' dir='ltr'>τὰ</span> <span class='ocrx_word' id='word_1_653' title='bbox 3262 4087 3421 4155; x_wconf 80' lang='grc' dir='ltr'>λόγιά</span> <span class='ocrx_word' id='word_1_654' title='bbox 3464 4088 3607 4140; x_wconf 78' lang='grc' dir='ltr'>εἰσιν</span> 
     </span>
    </p>
   </div>
   <div class='ocr_carea' id='block_1_73' title="bbox 2044 4178 3631 4252">
    <p class='ocr_par' dir='ltr' id='par_1_73' title="bbox 2044 4178 3631 4252">
     <span class='ocr_line' id='line_1_74' title="bbox 2044 4178 3631 4252; baseline -0.003 -18"><span class='ocrx_word' id='word_1_655' title='bbox 2044 4182 2158 4235; x_wconf 86' lang='grc' dir='ltr'>ἀλλ’</span> <span class='ocrx_word' id='word_1_656' title='bbox 2187 4184 2249 4234; x_wconf 87' lang='grc' dir='ltr'><strong>οὑ</strong></span> <span class='ocrx_word' id='word_1_657' title='bbox 2282 4181 2459 4243; x_wconf 83' lang='grc' dir='ltr'>καλῶς</span> <span class='ocrx_word' id='word_1_658' title='bbox 2505 4182 2752 4252; x_wconf 82' lang='grc' dir='ltr'>κληθεῖεν</span> <span class='ocrx_word' id='word_1_659' title='bbox 2780 4180 2845 4234; x_wconf 83' lang='grc' dir='ltr'><strong>ἂν</strong></span> <span class='ocrx_word' id='word_1_660' title='bbox 2868 4179 3049 4250; x_wconf 83' lang='grc' dir='ltr'>νοερά·</span> <span class='ocrx_word' id='word_1_661' title='bbox 3092 4180 3152 4233; x_wconf 88' lang='grc' dir='ltr'><strong>οὑ</strong></span> <span class='ocrx_word' id='word_1_662' title='bbox 3194 4178 3303 4250; x_wconf 84' lang='grc' dir='ltr'>γὰρ</span> <span class='ocrx_word' id='word_1_663' title='bbox 3329 4178 3447 4241; x_wconf 81' lang='grc' dir='ltr'>νόες</span> <span class='ocrx_word' id='word_1_664' title='bbox 3496 4178 3631 4240; x_wconf 76' lang='grc' dir='ltr'>εἰσὶ,</span> 
     </span>
    </p>
   </div>
   <div class='ocr_carea' id='block_1_74' title="bbox 2043 4269 3629 4345">
    <p class='ocr_par' dir='ltr' id='par_1_74' title="bbox 2043 4269 3629 4345">
     <span class='ocr_line' id='line_1_75' title="bbox 2043 4269 3629 4345; baseline -0.005 -16"><span class='ocrx_word' id='word_1_665' title='bbox 2043 4275 2229 4345; x_wconf 75' lang='grc' dir='ltr'>καὶτῷ</span> <span class='ocrx_word' id='word_1_666' title='bbox 2246 4275 2320 4345; x_wconf 79' lang='grc' dir='ltr'><strong>νῷ</strong></span> <span class='ocrx_word' id='word_1_667' title='bbox 2335 4274 2659 4327; x_wconf 78' lang='grc' dir='ltr'>διοικοῦνται</span> <span class='ocrx_word' id='word_1_668' title='bbox 2685 4272 2753 4325; x_wconf 81' lang='grc' dir='ltr'>τὰ</span> <span class='ocrx_word' id='word_1_669' title='bbox 2768 4274 2943 4341; x_wconf 77' lang='grc' dir='ltr'>λόγια.</span> <span class='ocrx_word' id='word_1_670' title='bbox 2972 4273 3083 4341; x_wconf 79' lang='grc' dir='ltr'>Τὴν</span> <span class='ocrx_word' id='word_1_671' title='bbox 3104 4271 3160 4323; x_wconf 83' lang='grc' dir='ltr'><strong>δὲ</strong></span> <span class='ocrx_word' id='word_1_672' title='bbox 3180 4271 3435 4339; x_wconf 77' lang='grc' dir='ltr'>περὶτῶν</span> <span class='ocrx_word' id='word_1_673' title='bbox 3457 4269 3629 4337; x_wconf 82' lang='grc' dir='ltr'>ἀγγέ-</span> 
     </span>
    </p>
   </div>
   <div class='ocr_carea' id='block_1_75' title="bbox 2040 4358 3628 4433">
    <p class='ocr_par' dir='ltr' id='par_1_75' title="bbox 2040 4358 3628 4433">
     <span class='ocr_line' id='line_1_76' title="bbox 2040 4358 3628 4433; baseline -0.004 -17"><span class='ocrx_word' id='word_1_674' title='bbox 2040 4364 2146 4418; x_wconf 87' lang='grc' dir='ltr'><strong>λων</strong></span> <span class='ocrx_word' id='word_1_675' title='bbox 2176 4364 2517 4425; x_wconf 83' lang='grc' dir='ltr'>ὲπιστασίαν,</span> <span class='ocrx_word' id='word_1_676' title='bbox 2546 4362 2739 4433; x_wconf 79' lang='grc' dir='ltr'>νοεράν</span> <span class='ocrx_word' id='word_1_677' title='bbox 2779 4380 2964 4433; x_wconf 75' lang='grc' dir='ltr'>φησιν,</span> <span class='ocrx_word' id='word_1_678' title='bbox 3003 4361 3085 4413; x_wconf 85' lang='grc' dir='ltr'><strong>ὅτι</strong></span> <span class='ocrx_word' id='word_1_679' title='bbox 3116 4360 3207 4412; x_wconf 73' lang='grc' dir='ltr'>καὶ</span> <span class='ocrx_word' id='word_1_680' title='bbox 3252 4360 3379 4429; x_wconf 77' lang='grc' dir='ltr'>περὶ</span> <span class='ocrx_word' id='word_1_681' title='bbox 3420 4358 3628 4428; x_wconf 87' lang='grc' dir='ltr'>νοερῶν</span> 
     </span>
    </p>
   </div>
   <div class='ocr_carea' id='block_1_76' title="bbox 2041 4448 3629 4526">
    <p class='ocr_par' dir='ltr' id='par_1_76' title="bbox 2041 4448 3629 4526">
     <span class='ocr_line' id='line_1_77' title="bbox 2041 4448 3629 4526; baseline -0.005 -18"><span class='ocrx_word' id='word_1_682' title='bbox 2041 4458 2255 4526; x_wconf 70' lang='grc' dir='ltr'>ὲφιστᾷ,</span> <span class='ocrx_word' id='word_1_683' title='bbox 2306 4454 2453 4507; x_wconf 76' lang='grc' dir='ltr'><strong>καὶὸ</strong></span> <span class='ocrx_word' id='word_1_684' title='bbox 2496 4452 2732 4522; x_wconf 78' lang='grc' dir='ltr'>ὲφιστῶν</span> <span class='ocrx_word' id='word_1_685' title='bbox 2772 4450 2917 4515; x_wconf 81' lang='grc' dir='ltr'>νοῦς,</span> <span class='ocrx_word' id='word_1_686' title='bbox 2966 4450 3149 4520; x_wconf 79' lang='grc' dir='ltr'>νοερός</span> <span class='ocrx_word' id='word_1_687' title='bbox 3196 4450 3332 4501; x_wconf 79' lang='grc' dir='ltr'>ἐστι.</span> <span class='ocrx_word' id='word_1_688' title='bbox 3369 4448 3629 4518; x_wconf 75' lang='grc' dir='ltr'>Ζητείται</span> 
     </span>
    </p>
   </div>
   <div class='ocr_carea' id='block_1_77' title="bbox 2039 4538 3627 4616">
    <p class='ocr_par' dir='ltr' id='par_1_77' title="bbox 2039 4538 3627 4616">
     <span class='ocr_line' id='line_1_78' title="bbox 2039 4538 3627 4616; baseline -0.007 -13"><span class='ocrx_word' id='word_1_689' title='bbox 2039 4550 2217 4603; x_wconf 87' lang='grc' dir='ltr'>τοίνυν</span> <span class='ocrx_word' id='word_1_690' title='bbox 2264 4552 2377 4611; x_wconf 86' lang='grc' dir='ltr'>τοῖς</span> <span class='ocrx_word' id='word_1_691' title='bbox 2434 4546 2781 4616; x_wconf 77' lang='grc' dir='ltr'>φιλοθεάμοσι</span> <span class='ocrx_word' id='word_1_692' title='bbox 2827 4544 2935 4596; x_wconf 82' lang='grc' dir='ltr'><strong>τῶν</strong></span> <span class='ocrx_word' id='word_1_693' title='bbox 2975 4542 3191 4609; x_wconf 86' lang='grc' dir='ltr'>λογίων,</span> <span class='ocrx_word' id='word_1_694' title='bbox 3238 4543 3353 4603; x_wconf 81' lang='grc' dir='ltr'>τοῖς</span> <span class='ocrx_word' id='word_1_695' title='bbox 3398 4538 3627 4607; x_wconf 75' lang='grc' dir='ltr'>ζητοῦσι</span> 
     </span>
    </p>
   </div>
   <div class='ocr_carea' id='block_1_78' title="bbox 2040 4630 3628 4707">
    <p class='ocr_par' dir='ltr' id='par_1_78' title="bbox 2040 4630 3628 4707">
     <span class='ocr_line' id='line_1_79' title="bbox 2040 4630 3628 4707; baseline -0.009 -13"><span class='ocrx_word' id='word_1_696' title='bbox 2040 4644 2255 4706; x_wconf 80' lang='grc' dir='ltr'>πάντως</span> <span class='ocrx_word' id='word_1_697' title='bbox 2292 4640 2479 4695; x_wconf 79' lang='grc' dir='ltr'>καὶτὰ</span> <span class='ocrx_word' id='word_1_698' title='bbox 2506 4638 2598 4691; x_wconf 80' lang='grc' dir='ltr'>τοῦ</span> <span class='ocrx_word' id='word_1_699' title='bbox 2632 4636 2949 4707; x_wconf 63' lang='grc' dir='ltr'>φαινομένου</span> <span class='ocrx_word' id='word_1_700' title='bbox 2984 4632 3270 4703; x_wconf 74' lang='grc' dir='ltr'>βαθύτερα·</span> <span class='ocrx_word' id='word_1_701' title='bbox 3292 4630 3483 4682; x_wconf 77' lang='grc' dir='ltr'>θεαταὶ</span> <span class='ocrx_word' id='word_1_702' title='bbox 3515 4631 3628 4701; x_wconf 77' lang='grc' dir='ltr'>γάρ</span> 
     </span>
    </p>
   </div>
   <div class='ocr_carea' id='block_1_79' title="bbox 2038 4720 3621 4804">
    <p class='ocr_par' dir='ltr' id='par_1_79' title="bbox 2038 4720 3621 4804">
     <span class='ocr_line' id='line_1_80' title="bbox 2038 4720 3621 4804; baseline -0.009 -15"><span class='ocrx_word' id='word_1_703' title='bbox 2038 4739 2175 4789; x_wconf 84' lang='grc' dir='ltr'>εἰσιν</span> <span class='ocrx_word' id='word_1_704' title='bbox 2197 4737 2246 4787; x_wconf 90' lang='grc' dir='ltr'>οἱ</span> <span class='ocrx_word' id='word_1_705' title='bbox 2278 4734 2435 4804; x_wconf 83' lang='grc' dir='ltr'>μόνον</span> <span class='ocrx_word' id='word_1_706' title='bbox 2462 4732 2521 4785; x_wconf 86' lang='grc' dir='ltr'><strong>τὸ</strong></span> <span class='ocrx_word' id='word_1_707' title='bbox 2553 4732 2939 4801; x_wconf 79' lang='grc' dir='ltr'>παρεμπῖπτον</span> <span class='ocrx_word' id='word_1_708' title='bbox 2967 4726 3277 4797; x_wconf 81' lang='grc' dir='ltr'>βλέποντες,</span> <span class='ocrx_word' id='word_1_709' title='bbox 3303 4720 3621 4793; x_wconf 78' lang='grc' dir='ltr'>φιλοθεάμο-</span> 
     </span>
    </p>
   </div>
   <div class='ocr_carea' id='block_1_80' title="bbox 2038 4820 3628 4899">
    <p class='ocr_par' dir='ltr' id='par_1_80' title="bbox 2038 4820 3628 4899">
     <span class='ocr_line' id='line_1_81' title="bbox 2038 4820 3628 4899; baseline -0.009 -15"><span class='ocrx_word' id='word_1_710' title='bbox 2038 4850 2126 4895; x_wconf 85' lang='grc' dir='ltr'>νες</span> <span class='ocrx_word' id='word_1_711' title='bbox 2147 4831 2203 4883; x_wconf 85' lang='grc' dir='ltr'><strong>δὲ</strong></span> <span class='ocrx_word' id='word_1_712' title='bbox 2238 4832 2285 4883; x_wconf 82' lang='grc' dir='ltr'>οἱ</span> <span class='ocrx_word' id='word_1_713' title='bbox 2319 4825 2676 4899; x_wconf 80' lang='grc' dir='ltr'>ἁγαπητικῶς</span> <span class='ocrx_word' id='word_1_714' title='bbox 2704 4826 2829 4896; x_wconf 81' lang='grc' dir='ltr'>περὶ</span> <span class='ocrx_word' id='word_1_715' title='bbox 2852 4823 2950 4893; x_wconf 85' lang='grc' dir='ltr'><strong>τὴν</strong></span> <span class='ocrx_word' id='word_1_716' title='bbox 2979 4822 3105 4875; x_wconf 85' lang='grc' dir='ltr'>θέαν</span> <span class='ocrx_word' id='word_1_717' title='bbox 3138 4820 3373 4890; x_wconf 78' lang='grc' dir='ltr'>ἔχοντες,</span> <span class='ocrx_word' id='word_1_718' title='bbox 3404 4820 3498 4872; x_wconf 73' lang='grc' dir='ltr'><strong>καὶ</strong></span> <span class='ocrx_word' id='word_1_719' title='bbox 3519 4836 3628 4888; x_wconf 86' lang='grc' dir='ltr'>μα-</span> 
     </span>
    </p>
   </div>
   <div class='ocr_carea' id='block_1_81' title="bbox 2037 4909 3626 4985">
    <p class='ocr_par' dir='ltr' id='par_1_81' title="bbox 2037 4909 3626 4985">
     <span class='ocr_line' id='line_1_82' title="bbox 2037 4909 3626 4985; baseline -0.01 -10"><span class='ocrx_word' id='word_1_720' title='bbox 2037 4922 2148 4975; x_wconf 84' lang='grc' dir='ltr'>θεῖν</span> <span class='ocrx_word' id='word_1_721' title='bbox 2176 4921 2270 4973; x_wconf 63' lang='lat' dir='ltr'><strong>xui.</strong></span> <span class='ocrx_word' id='word_1_722' title='bbox 2305 4917 2464 4971; x_wconf 86' lang='grc' dir='ltr'>πλέον</span> <span class='ocrx_word' id='word_1_723' title='bbox 2496 4934 2548 4969; x_wconf 88' lang='grc' dir='ltr'><strong>τι</strong></span> <span class='ocrx_word' id='word_1_724' title='bbox 2580 4915 2872 4985; x_wconf 78' lang='grc' dir='ltr'>ἐφιέμενοι.</span> <span class='ocrx_word' id='word_1_725' title='bbox 2918 4912 3027 4964; x_wconf 73' lang='grc' dir='ltr'><strong>Καὶ</strong></span> <span class='ocrx_word' id='word_1_726' title='bbox 3068 4912 3101 4982; x_wconf 80' lang='grc' dir='ltr'>ἡ</span> <span class='ocrx_word' id='word_1_727' title='bbox 3142 4910 3369 4980; x_wconf 81' lang='grc' dir='ltr'><strong>ζήτησις</strong></span> <span class='ocrx_word' id='word_1_728' title='bbox 3403 4909 3520 4979; x_wconf 74' lang='grc' dir='ltr'><strong>ἥδε·</strong></span> <span class='ocrx_word' id='word_1_729' title='bbox 3560 4909 3626 4960; x_wconf 81' lang='lat' dir='ltr'><strong>Ei</strong></span> 
     </span>
    </p>
   </div>
   <div class='ocr_carea' id='block_1_82' title="bbox 2034 5000 3626 5085">
    <p class='ocr_par' dir='ltr' id='par_1_82' title="bbox 2034 5000 3626 5085">
     <span class='ocr_line' id='line_1_83' title="bbox 2034 5000 3626 5085; baseline -0.011 -17"><span class='ocrx_word' id='word_1_730' title='bbox 2034 5013 2140 5085; x_wconf 81' lang='grc' dir='ltr'>γὰρ</span> <span class='ocrx_word' id='word_1_731' title='bbox 2179 5012 2458 5083; x_wconf 83' lang='grc' dir='ltr'>ἀμέθεκτα</span> <span class='ocrx_word' id='word_1_732' title='bbox 2495 5009 2604 5062; x_wconf 84' lang='grc' dir='ltr'><strong>τῶν</strong></span> <span class='ocrx_word' id='word_1_733' title='bbox 2635 5006 2953 5078; x_wconf 87' lang='grc' dir='ltr'>ὑπερτέρων</span> <span class='ocrx_word' id='word_1_734' title='bbox 2984 5003 3078 5057; x_wconf 70' lang='grc' dir='ltr'><strong>καὶ</strong></span> <span class='ocrx_word' id='word_1_735' title='bbox 3110 5002 3453 5073; x_wconf 76' lang='grc' dir='ltr'>ὁλικωτέρων</span> <span class='ocrx_word' id='word_1_736' title='bbox 3498 5000 3626 5052; x_wconf 81' lang='grc' dir='ltr'>ἰδιο-</span> 
     </span>
    </p>
   </div>
   <div class='ocr_carea' id='block_1_83' title="bbox 2034 5091 3625 5177">
    <p class='ocr_par' dir='ltr' id='par_1_83' title="bbox 2034 5091 3625 5177">
     <span class='ocr_line' id='line_1_84' title="bbox 2034 5091 3625 5177; baseline -0.009 -20"><span class='ocrx_word' id='word_1_737' title='bbox 2034 5108 2211 5177; x_wconf 81' lang='grc' dir='ltr'>τήτων</span> <span class='ocrx_word' id='word_1_738' title='bbox 2236 5102 2306 5156; x_wconf 83' lang='grc' dir='ltr'>τὰ</span> <span class='ocrx_word' id='word_1_739' title='bbox 2347 5101 2633 5155; x_wconf 84' lang='grc' dir='ltr'>τελευταῖὰ</span> <span class='ocrx_word' id='word_1_740' title='bbox 2674 5101 2800 5161; x_wconf 85' lang='grc' dir='ltr'>εἰσι,</span> <span class='ocrx_word' id='word_1_741' title='bbox 2848 5097 2935 5151; x_wconf 80' lang='grc' dir='ltr'><strong>διὰ</strong></span> <span class='ocrx_word' id='word_1_742' title='bbox 2976 5098 3029 5150; x_wconf 86' lang='grc' dir='ltr'><strong>τί</strong></span> <span class='ocrx_word' id='word_1_743' title='bbox 3078 5095 3307 5164; x_wconf 83' lang='grc' dir='ltr'>ἄγγελος</span> <span class='ocrx_word' id='word_1_744' title='bbox 3347 5094 3558 5165; x_wconf 78' lang='grc' dir='ltr'>Κυρίου</span> <span class='ocrx_word' id='word_1_745' title='bbox 3593 5091 3625 5143; x_wconf 83' lang='grc' dir='ltr'>ὁ</span> 
     </span>
    </p>
   </div>
   <div class='ocr_carea' id='block_1_84' title="bbox 362 5192 1943 5271">
    <p class='ocr_par' dir='ltr' id='par_1_84' title="bbox 362 5194 1928 5271">
     <span class='ocr_line' id='line_1_85' title="bbox 362 5194 1928 5271; baseline 0.004 -25"><span class='ocrx_word' id='word_1_746' title='bbox 362 5210 482 5248; x_wconf 90' lang='lat' dir='ltr'><strong>nem</strong></span> <span class='ocrx_word' id='word_1_747' title='bbox 510 5194 840 5261; x_wconf 78' lang='lat' dir='ltr'><strong>aﬂiciuntur,</strong></span> <span class='ocrx_word' id='word_1_748' title='bbox 874 5194 1105 5264; x_wconf 73' lang='lat' dir='ltr'><strong>ejusque</strong></span> <span class='ocrx_word' id='word_1_749' title='bbox 1154 5208 1209 5250; x_wconf 90' lang='lat' dir='ltr'><strong>et</strong></span> <span class='ocrx_word' id='word_1_750' title='bbox 1251 5198 1382 5266; x_wconf 90' lang='lat' dir='ltr'><strong>quid</strong></span> <span class='ocrx_word' id='word_1_751' title='bbox 1435 5201 1670 5268; x_wconf 85' lang='lat' dir='ltr'><strong>amplius</strong></span> <span class='ocrx_word' id='word_1_752' title='bbox 1726 5216 1928 5271; x_wconf 87' lang='lat' dir='ltr'><strong>cogno—</strong></span> 
     </span>
    </p>
   </div>
   <div class='ocr_carea' id='block_1_85' title="bbox 2045 5192 2877 5271">
    <p class='ocr_par' dir='ltr' id='par_1_85' title="bbox 2045 5192 2877 5269">
     <span class='ocr_line' id='line_1_86' title="bbox 2045 5192 2877 5269; baseline -0.01 -18"><span class='ocrx_word' id='word_1_753' title='bbox 2045 5197 2155 5251; x_wconf 69' lang='lat' dir='ltr'><strong>mB‘</strong></span> <span class='ocrx_word' id='word_1_754' title='bbox 2184 5198 2330 5269; x_wconf 78' lang='grc' dir='ltr'>ἡμᾶς</span> <span class='ocrx_word' id='word_1_755' title='bbox 2354 5195 2615 5266; x_wconf 79' lang='grc' dir='ltr'><strong>ἱεράρχης</strong></span> <span class='ocrx_word' id='word_1_756' title='bbox 2639 5192 2877 5260; x_wconf 84' lang='grc' dir='ltr'>λέγεται.</span> 
     </span>
    </p>
   </div>
   <div class='ocr_carea' id='block_1_86' title="bbox 360 5282 3618 5363">
    <p class='ocr_par' dir='ltr' id='par_1_86' title="bbox 360 5282 3618 5363">
     <span class='ocr_line' id='line_1_87' title="bbox 360 5282 3618 5363; baseline -0.002 -22"><span class='ocrx_word' id='word_1_757' title='bbox 360 5289 541 5345; x_wconf 85' lang='lat' dir='ltr'><strong>scendi</strong></span> <span class='ocrx_word' id='word_1_758' title='bbox 577 5290 851 5344; x_wconf 81' lang='lat' dir='ltr'><strong>desiderio</strong></span> <span class='ocrx_word' id='word_1_759' title='bbox 881 5299 1154 5345; x_wconf 89' lang='lat' dir='ltr'><strong>tenentur.</strong></span> <span class='ocrx_word' id='word_1_760' title='bbox 1190 5292 1315 5345; x_wconf 53' lang='lat' dir='ltr'><strong>nec</strong></span> <span class='ocrx_word' id='word_1_761' title='bbox 1360 5308 1489 5363; x_wconf 88' lang='lat' dir='ltr'><strong>ergo</strong></span> <span class='ocrx_word' id='word_1_762' title='bbox 1538 5295 1767 5363; x_wconf 69' lang='lat' dir='ltr'><strong>quaestio</strong></span> <span class='ocrx_word' id='word_1_763' title='bbox 1815 5304 1900 5349; x_wconf 88' lang='lat' dir='ltr'><strong>est</strong></span> <span class='ocrx_word' id='word_1_764' title='bbox 1929 5312 1943 5349; x_wconf 90' lang='lat'><strong>:</strong></span> <span class='ocrx_word' id='word_1_765' title='bbox 1972 5294 2029 5348; x_wconf 89' lang='lat' dir='ltr'><strong>Si</strong></span> <span class='ocrx_word' id='word_1_766' title='bbox 2055 5308 2115 5347; x_wconf 89' lang='lat' dir='ltr'><strong>ea</strong></span> <span class='ocrx_word' id='word_1_767' title='bbox 2149 5307 2270 5361; x_wconf 82' lang='lat' dir='ltr'><strong>qua:</strong></span> <span class='ocrx_word' id='word_1_768' title='bbox 2297 5290 2589 5344; x_wconf 83' lang='lat' dir='ltr'><strong>novissima</strong></span> <span class='ocrx_word' id='word_1_769' title='bbox 2621 5296 2745 5342; x_wconf 90' lang='lat' dir='ltr'><strong>sunt</strong></span> <span class='ocrx_word' id='word_1_770' title='bbox 2806 5285 3148 5354; x_wconf 83' lang='lat' dir='ltr'><strong>superiorum</strong></span> <span class='ocrx_word' id='word_1_771' title='bbox 3200 5282 3439 5352; x_wconf 85' lang='lat' dir='ltr'><strong>integras</strong></span> <span class='ocrx_word' id='word_1_772' title='bbox 3482 5292 3618 5348; x_wconf 83' lang='lat' dir='ltr'><strong>pro--</strong></span> 
     </span>
    </p>
   </div>
   <div class='ocr_carea' id='block_1_87' title="bbox 361 5380 2963 5453">
    <p class='ocr_par' dir='ltr' id='par_1_87' title="bbox 361 5380 2963 5453">
     <span class='ocr_line' id='line_1_88' title="bbox 361 5380 2963 5453; baseline -0.001 -20"><span class='ocrx_word' id='word_1_773' title='bbox 361 5384 618 5451; x_wconf 84' lang='lat' dir='ltr'><strong>prietates</strong></span> <span class='ocrx_word' id='word_1_774' title='bbox 642 5384 865 5438; x_wconf 91' lang='lat' dir='ltr'><strong>minime</strong></span> <span class='ocrx_word' id='word_1_775' title='bbox 892 5382 1186 5451; x_wconf 86' lang='lat' dir='ltr'><strong>attingant,</strong></span> <span class='ocrx_word' id='word_1_776' title='bbox 1223 5398 1381 5452; x_wconf 87' lang='lat' dir='ltr'><strong>quam</strong></span> <span class='ocrx_word' id='word_1_777' title='bbox 1409 5388 1478 5441; x_wconf 90' lang='lat' dir='ltr'><strong>ob</strong></span> <span class='ocrx_word' id='word_1_778' title='bbox 1502 5401 1721 5440; x_wconf 87' lang='lat' dir='ltr'><strong>causam</strong></span> <span class='ocrx_word' id='word_1_779' title='bbox 1750 5395 1931 5441; x_wconf 84' lang='lat' dir='ltr'><strong>noster</strong></span> <span class='ocrx_word' id='word_1_780' title='bbox 1960 5384 2188 5439; x_wconf 86' lang='lat' dir='ltr'><strong>antistes</strong></span> <span class='ocrx_word' id='word_1_781' title='bbox 2224 5381 2446 5453; x_wconf 79' lang='lat' dir='ltr'><strong>angelus</strong></span> <span class='ocrx_word' id='word_1_782' title='bbox 2484 5380 2691 5434; x_wconf 90' lang='lat' dir='ltr'><strong>Domini</strong></span> <span class='ocrx_word' id='word_1_783' title='bbox 2720 5388 2963 5433; x_wconf 78' lang='lat' dir='ltr'><strong>vocatur.</strong></span> 
     </span>
    </p>
   </div>
   <div class='ocr_carea' id='block_1_88' title="bbox 437 5560 906 5625">
    <p class='ocr_par' dir='ltr' id='par_1_88' title="bbox 437 5560 906 5625">
     <span class='ocr_line' id='line_1_89' title="bbox 437 5560 906 5625; baseline 0.004 -12"><span class='ocrx_word' id='word_1_784' title='bbox 437 5576 459 5600; x_wconf 72' lang='grc' dir='ltr'><strong>ι’</strong></span> <span class='ocrx_word' id='word_1_785' title='bbox 494 5562 719 5617; x_wconf 82' lang='lat' dir='ltr'><strong>Malarh.</strong></span> <span class='ocrx_word' id='word_1_786' title='bbox 751 5575 813 5625; x_wconf 90' lang='grc' dir='ltr'>ιι,</span> <span class='ocrx_word' id='word_1_787' title='bbox 851 5560 906 5615; x_wconf 88' lang='lat'><strong>7.</strong></span> 
     </span>
    </p>
   </div>
   <div class='ocr_carea' id='block_1_89' title="bbox 433 5761 1773 5833">
    <p class='ocr_par' dir='ltr' id='par_1_89' title="bbox 433 5761 1773 5833">
     <span class='ocr_line' id='line_1_90' title="bbox 433 5761 1773 5833; baseline 0.001 -21"><span class='ocrx_word' id='word_1_788' title='bbox 433 5763 543 5833; x_wconf 74' lang='grc' dir='ltr'><strong>(Π)</strong></span> <span class='ocrx_word' id='word_1_789' title='bbox 575 5762 701 5817; x_wconf 76' lang='lat' dir='ltr'><strong>Vide</strong></span> <span class='ocrx_word' id='word_1_790' title='bbox 718 5764 891 5818; x_wconf 88' lang='lat' dir='ltr'><strong>Schol.</strong></span> <span class='ocrx_word' id='word_1_791' title='bbox 924 5762 979 5817; x_wconf 89' lang='lat' dir='ltr'><strong>S.</strong></span> <span class='ocrx_word' id='word_1_792' title='bbox 1009 5762 1223 5817; x_wconf 60' lang='lat' dir='ltr'><strong>Maximi</strong></span> <span class='ocrx_word' id='word_1_793' title='bbox 1273 5772 1397 5817; x_wconf 89' lang='lat' dir='ltr'><strong>tom.</strong></span> <span class='ocrx_word' id='word_1_794' title='bbox 1436 5762 1500 5829; x_wconf 86' lang='lat' dir='ltr'><strong>ll,</strong></span> <span class='ocrx_word' id='word_1_795' title='bbox 1533 5777 1649 5830; x_wconf 89' lang='lat' dir='ltr'><strong>cap.</strong></span> <span class='ocrx_word' id='word_1_796' title='bbox 1686 5761 1773 5815; x_wconf 71' lang='grc'><strong>12.</strong></span> 
     </span>
    </p>
   </div>
  </div>
