3908 6232
160 410 262 466 297

674 408 771 464 DE
803 406 1126 466 C(ELESTI
1165 403 1583 461 HIERABCHIA
1622 401 1774 458 CAP.
1814 400 1925 456 XII.
1964 431 2031 439 —
2065 398 2411 454 PA'RAPIlR.
2447 395 2920 452 PACHYMERE.

3320 398 3432 453 298

224 526 251 597 §
272 526 341 579 ll.
361 524 497 578 Λὺει
517 524 695 577 τοίνυν
717 521 1039 575 ὲντεῦθεντὸ
1063 520 1303 592 ζήτημα,
1315 519 1412 572 καὶ
1432 517 1579 585 λέγει
1601 534 1612 545 ·
1632 516 1747 569 υὺκ

1926 509 2033 582 §ll.
2065 509 2238 565 Solvit
2266 510 2358 566 hic
2387 510 2553 579 igitur
2571 509 2949 578 quaestionem,
2969 516 3021 562 et
3043 506 3173 562 dicit
3194 509 3299 565 huc
3327 526 3433 565 non

158 618 402 673 ἐναντίον
454 617 573 670 ἐστὶ
620 613 781 668 τοῦτο
827 616 942 677 τοῖς
992 611 1520 684 προδιωρισμένοις,
1569 607 1755 672 καθὼς

159 714 265 784 ἄρα
290 710 722 769 κατασκευάσει.
769 708 958 779 ⁴ιαμὲν
988 705 1118 777 γὰρ,
1158 706 1243 758 ὅτι
1271 703 1373 773 τῆς
1409 702 1599 772 ὑλικῆς
1633 701 1756 754 ίδιό-

156 823 314 876 τητος
354 806 471 861 τῶν
506 804 823 877 ὑπερτέρων
863 803 933 856 τὰ
973 802 1253 855 τελευταῖα
1299 799 1623 857 ἀποδέουσι,
1656 795 1757 865 τῆς

156 899 212 952 δὲ
242 898 486 970 {aspexi-5
529 897 870 969 μετέχουσιν,
913 896 990 959 ὡς
1020 895 1282 963 ἀναλόγου
1306 895 1428 956 ταῖς
1457 892 1754 961 δυνάμεσιν

159 990 333 1045 αὐτῶν
354 1009 368 1021 ·
405 990 540 1044 διότι
572 991 677 1044 ὑπὸ
707 989 837 1061 μίαν
864 988 1181 1044 δεσποτείαν
1212 988 1349 1042 εἰσὶν
1390 986 1627 1047 ἅπαντα,
1663 984 1756 1038 καὶ

159 1085 277 1138 καθ’
305 1086 377 1155 ἣν
424 1086 520 1139 καὶ
551 1084 945 1157 ἐναρμόζονται
984 1085 1077 1138 καὶ
1126 1085 1454 1137 συνδέονται.
1499 1077 1623 1138 Οἷον
1662 1085 1757 1136 ἐπὶ

156 1180 627 1250 παραδείγματος,
660 1177 731 1232 τὰ
771 1176 1040 1250 χερουϐὶμ
1076 1177 1292 1249 μετέχει
1338 1175 1529 1244 σοφίας
1556 1174 1759 1245 ὑψηλο-

157 1271 318 1343 τέρας
358 1273 460 1326 καὶ
503 1272 779 1340 γνώσεως,
826 1271 883 1325 αἱ
927 1270 985 1324 δὲ
1032 1268 1426 1339 ὑποϐεϐηκυῖαι
1469 1268 1757 1339 μετέχουσι

159 1367 248 1417 καὶ
276 1365 444 1418 αὑταὶ
470 1364 662 1433 σοφίας
690 1363 785 1417 καὶ
812 1361 1086 1431 γνώσεως,
1117 1360 1349 1432 μερικῆς
1372 1360 1427 1414 δὲ
1450 1360 1586 1432 πρὸς
1616 1360 1759 1413 ἐκεῖ·

152 1474 237 1508 να.
268 1458 383 1510 Καὶ
409 1456 472 1509 τὸ
509 1457 605 1527 μὲν
629 1457 764 1517 ὅλως
785 1456 843 1508 ὲν
876 1454 1135 1525 μετουσίᾳ
1161 1452 1368 1524 ταύτης
1408 1447 1547 1506 εἶναι
1577 1452 1755 1505 κοινόν

157 1550 270 1600 ἐστι
301 1548 399 1600 καί
428 1550 542 1610 τοῖς
572 1546 836 1618 χερουῦηι
864 1547 957 1600 καὶ
985 1548 1098 1609 τοῖς
1119 1544 1298 1608 ἄλλοις
1318 1562 1330 1574 ’
1354 1545 1414 1597 τὸ
1437 1544 1493 1598 δὲ
1523 1543 1756 1615 πρώτως

160 1643 247 1694 καί
270 1640 639 1712 προσεχῶς,ἢ
670 1639 830 1693 πάλιν
858 1640 1123 1711 δευτέρως
1152 1640 1246 1692 καὶ
1270 1638 1594 1710 ὑφειμένως,
1626 1639 1756 1691 οὑκ-

160 1733 235 1786 έτι
264 1733 470 1795 κοινὸν,
510 1732 647 1786 ἀλλά
686 1732 868 1796 καθὼς
889 1731 955 1786 ἂν
986 1732 1210 1801 ἑκάστῳ
1239 1729 1391 1802 παρὰ
1424 1731 1523 1801 τῆς
1553 1731 1761 1795 οἰκείας

152 1824 452 1893 ¹ἀναλογίας
466 1824 719 1896 ὥρισται.
737 1825 985 1896 Ὦρισται
1001 1824 1055 1878 δὲ
1076 1820 1248 1886 εἶπεν,
1267 1824 1328 1876 οὑ
1358 1822 1532 1895 δηλῶν
1560 1825 1757 1895 εἱμαρ-

162 1917 324 1989 μένην
354 1919 483 1970 τινὰ
519 1918 615 1971 καὶ
650 1917 1014 1989 ’ἀπαράϐατον
1072 1918 1318 1988 ἀνάγκην
1343 1956 1358 1981 ,
1402 1917 1479 1981 ὡς
1508 1917 1761 1971 εἰώθασιν

148 2010 203 2062 -οί
232 2010 426 2063 πολλοὶ
448 2010 656 2078 λέγειν’
690 2010 824 2065 ἀλλά
851 2011 1292 2083 περιωρισμένην
1321 2010 1442 2063 τινὰ
1462 2009 1760 2079 ἀναλογίαν

159 2102 461 2172 δυνάμεως,
491 2101 587 2155 τοῦ
627 2100 719 2155 νοῦ
767 2103 949 2173 τυχὸν,
999 2103 1141 2174 ὑπὲρ
1194 2104 1261 2174 ἦν
1291 2103 1482 2172 νοῆσαι
1522 2103 1584 2156 οὑ
1626 2104 1754 2175 χρή.

160 2193 329 2247 Τοῦτο
354 2194 417 2247 δὲ
463 2192 525 2247 τὺ
553 2193 845 2264 λεγόμενον
884 2194 1014 2265 περὶ
1060 2194 1170 2247 τῶν
1214 2194 1481 2266 χερουϐὶμ
1514 2194 1608 2247 καὶ
1650 2194 1758 2248 τῶν

161 2286 545 2357 ὑποκειμένων
582 2288 769 2350 αὑτοῖς
806 2287 907 2339 οὑκ
948 2286 1012 2339 ἄν
1046 2304 1130 2350 τις
1162 2286 1568 2359 ἡμαρτημένως
1616 2288 1758 2341 εἴποι

156 2379 251 2433 καὶ
276 2380 411 2451 περὶ
428 2378 538 2431 τῶν
566 2378 760 2433 ἄλλων.
775 2379 886 2431 Καὶ
916 2378 1026 2449 γάρ
1046 2377 1236 2450 ὥσπερ
1256 2380 1305 2432 οἱ
1331 2380 1534 2451 πρῶτοι
1558 2378 1759 2450 πληρε-

162 2472 369 2535 στάτως
403 2470 591 2542 έχουσι
620 2470 689 2524 τά
715 2471 823 2524 τῶν
852 2472 1180 2542 ὑφειμένων,
1208 2470 1381 2535 οὑτως
1396 2474 1446 2525 οί
1466 2472 1760 2527 τελευταῖοι

162 2564 227 2616 τὰ
254 2564 364 2617 τῶν
395 2563 700 2635 προτέρων,
725 2563 865 2635 πλὴν
892 2563 993 2635 οὑχ
1024 2564 1251 2635 ὁμοίως,
1282 2564 1396 2618 ἀλλ’
1430 2565 1756 2636 ὑφειμένως.

150 2655 323 2708 ιοὺδὲν
346 2652 470 2718 οὖν,
499 2656 577 2719 ὡς
603 2651 781 2727 οἶμαι,
808 2656 871 2709 τὺ
915 2656 1138 2720 ἄτοπον,
1174 2659 1223 2710 εἰ
1268 2658 1363 2711 καὶ
1390 2658 1419 2710 6
1446 2657 1567 2712 καθ’
1610 2659 1757 2729 ἡμᾶς

167 2750 433 2822 ίεράρχης
459 2749 693 2819 ἄγγελος
719 2748 951 2818 λέγοιτο,
981 2749 1277 2805 διότικατά
1297 2751 1525 2822 δύναμιν
1554 2751 1761 2805 οἰκείαν

169 2843 383 2913 μετέχει
431 2843 529 2913 τῆς
565 2842 673 2895 τῶν
701 2842 948 2911 ἀγγέλων
976 2842 1398 2914 ίδιότητος,ἤτις
1434 2844 1582 2896 ἐστὶν
1626 2844 1761 2897 ὑπο-

167 2935 368 3005 φητικὴ
397 2934 508 2987 τῶν
539 2933 719 2997 Θείων,
752 2935 811 2987 ὲν
830 2927 873 3002 ᾧ
898 2934 1307 3006 διαπράττεται,
1344 2937 1438 2989 καὶ
1466 2935 1597 2988 διότι
1626 2936 1759 2989 ἀνα-

163 3027 422 3089 τείνεται,
455 3026 533 3090 ὠς
559 3026 779 3096 ἐφικτὸν
807 3026 863 3081 δὲ
892 3024 1219 3098 ἀνθρώποις,
1257 3028 1349 3081 καὶ
1380 3028 1440 3081 οὑ
1466 3028 1607 3081 κατὰ
1634 3030 1763 3093 τοὺς

159 3119 433 3187 ἀγγέλους
474 3120 615 3191 πρὸς
643 3120 745 3192 τὴν
788 3120 1192 3193 ἐκφαντορικὴν
1235 3121 1495 3191 ὁμοίωσιν
1524 3119 1633 3174 τῶν
1660 3123 1760 3189 ἀγ-

161 3214 355 3281 γέλων.
400 3214 490 3277 Ὠς
530 3212 638 3283 γὰρ
668 3214 719 3267 oi
750 3213 969 3282 ἄγγελοι
1018 3215 1338 3283 ἐκφαίνουσι
1369 3214 1430 3267 τὸ
1466 3212 1607 3267 Θεῖον
1639 3212 1762 3283 βού-

158 3306 332 3377 λημα.
391 3305 539 3360 οὕτω
586 3308 681 3361 καὶ
729 3308 780 3359 οί
831 3306 1082 3378 ίεράρχαι
1130 3306 1220 3359 διά
1265 3307 1366 3377 τῆς
1413 3305 1761 3370 διδασκαλίας

160 3398 362 3452 αὐτῶν.
414 3400 479 3452 El
520 3398 578 3452 δὲ
618 3399 713 3452 καὶ
756 3398 843 3452 διά
875 3399 976 3469 τῆς
1005 3398 1260 3471 πράξεως
1304 3398 1446 3453 κατὰ
1486 3398 1567 3451 τό·
1600 3399 1759 3451 Ὅσα

158 3491 485 3557 ἐποίησαν,
516 3493 613 3546 καὶ
644 3491 764 3546 ὅσα
787 3490 1073 3555 ἐδίδαξαν
1094 3530 1110 3554 ,
1162 3491 1321 3544 τοῦτο
1366 3494 1613 3563 κρεῖττον
1664 3491 1763 3544 καὶ

162 3584 387 3638 τέλειον.

232 3833 261 3905 §
288 3831 377 3887 111.
412 3833 686 3905 Εὑρήσεις
710 3834 767 3887 δὲ
795 3837 888 3888 καὶ
927 3836 1056 3891 ἀλλο
1085 3838 1262 3891 κοινὸν
1294 3837 1467 3909 ὄνομα
1489 3838 1767 3911 ὑπερύψη-

164 3924 252 3977 λον
274 3926 504 3996 ἔχοντας
530 3926 658 3990 τούς
678 3944 739 3979 τε
766 3928 1033 3997 ἀγγέλους
1052 3930 1147 3983 καὶ
1176 3932 1304 3995 τοὺς
1336 3931 1764 4001 φιλοθεωτάτους

165 4018 489 4090 ἀνθρώπους
509 4019 619 4073 ἀπὸ
633 4020 728 4074 τοῦ
747 4022 1093 4094 ἀσυγκρίτως
1110 4024 1549 4097 ὑπερϐεϐηκότος
1568 4025 1765 4089 αὑτοὺς

166 4110 298 4164 Θεοῦ
318 4129 331 4140 ·
368 4113 404 4183 ὴ
436 4116 548 4183 γὰρ
590 4112 856 4186 θεαρχικὴ
885 4114 1185 4188 κρυφιὸτης
1218 4118 1559 4189 ὑπερουσίως
1588 4117 1761 4171 ἁπάν-

167 4220 271 4255 των
300 4204 592 4276 ὲξῂρηται,
612 4207 707 4260 καὶ
737 4208 1112 4280 ὑπερίδρυται,
1140 4210 1235 4263 καὶ
1254 4210 1355 4263 οὑκ
1372 4209 1486 4263 ἐστι
1514 4210 1762 4282 τοιαύτη,

166 4297 240 4360 ('0;
278 4298 546 4352 δύνασθαί
574 4317 627 4352 τι
658 4301 768 4354 τῶν
815 4303 1131 4374 κτισμάτων
1176 4306 1413 4377 ἐμφερὲς
1452 4302 1621 4370 εἶναι,
1673 4308 1765 4360 καὶ

166 4390 358 4455 ὁλικῶς
411 4391 473 4458 ἐξ
502 4392 721 4465 ἐκείνης
748 4395 1145 4465 ὀνομάζεσθαι,
1194 4396 1378 4461 καθὼς
1429 4399 1463 4468 ή
1510 4398 1768 4459 ὑπόθεσις

170 4483 297 4555 ἔχει,
327 4487 412 4540 ὅτι
457 4487 569 4541 ἀπὸ
593 4486 703 4540 τῶν
733 4486 1152 4558 ὑποϐεϐηκότων
1184 4488 1562 4561 ὀνομάζονται.
1616 4492 1681 4543 Τί
1708 4491 1765 4543 δὲ

170 4577 225 4629 τὸ
249 4578 455 4650 haud;
501 4579 651 4650 Ἐγὼ
681 4580 842 4648 εἶπα,
883 4581 1017 4637 Θεοί
1046 4582 1209 4647 ἐστε,
1272 4583 1374 4637 καὶ
1409 4582 1529 4638 υἱοὶ
1590 4584 1762 4652 Ὑψί-

1860 616 1979 656 esse
2001 599 2336 656 contrarium
2368 599 2435 655 iis
2457 613 2579 668 qua:
2603 606 2730 652 ante
2753 597 2974 652 delinita
3008 607 3155 652 sunt.
3197 597 3435 657 Dicimus

1861 693 2030 762 enim,
2066 701 2374 761 postremas
2415 690 2757 761 superiorum
2809 689 3051 760 integras
3078 692 3440 761 proprietates

1863 803 1969 840 non
2020 784 2290 850 obtinere.
2338 784 2431 838 sed
2477 798 2545 836 ex
2589 792 2777 851 parte,
2827 796 2928 849 pro
2978 780 3171 834 virium
3218 796 3438 836 suarmn

1861 887 2062 945 caput,
2128 877 2443 931 earumdem
2508 876 2798 944 participes
2842 875 3117 940 existere;
3182 882 3436 944 quoniam

1861 983 2049 1024 omnes
2076 970 2178 1025 sub
2210 968 2369 1022 unius
2397 978 2523 1021 sunt
2550 967 2849 1029 dominatu,
2885 976 2938 1021 et
2965 967 3260 1021 secundum
3294 969 3435 1024 hunc

1859 1077 2048 1117 omnes
2068 1070 2468 1131 componuntur
2496 1074 2560 1114 ac
2587 1061 3010 1129 conjungnntnr.
3045 1060 3286 1131 Exempli
3313 1076 3439 1130 gra-

1864 1154 1960 1221 tia,
1992 1155 2274 1210 cherubim
2304 1154 2595 1223 participes
2625 1162 2753 1207 sunt
2785 1153 3063 1221 sapientiae
3102 1152 3439 1208 sublimioris

1862 1256 2026 1315 atque
2062 1247 2323 1310 scientizn,
2353 1243 2640 1300 inferiores
2668 1260 2815 1313 vero,
2854 1255 2908 1300 et
2951 1248 3079 1314 ipsae
3116 1245 3439 1315 sapientiam

1862 1337 2335 1409 cognitionemque
2380 1337 2729 1406 participant,
2781 1337 2877 1393 sed
2915 1347 3163 1405 respectu
3223 1337 3441 1394 illorum

1862 1430 2173 1498 partialem.
2216 1432 2394 1500 Atque
2432 1430 2726 1485 universim
2761 1431 2981 1499 quidem
3030 1432 3170 1485 hanc
3217 1433 3442 1501 partici-

1863 1539 2030 1593 pare,
2074 1539 2363 1579 commune
2408 1533 2491 1577 est
2546 1534 2653 1577 tam
2712 1524 2997 1579 cherubim
3048 1540 3214 1593 quam
3273 1525 3440 1580 aliis:

1864 1632 2049 1671 verum
2088 1617 2339 1686 primitus
2381 1625 2437 1671 et
2482 1616 2852 1679 continenter,
2900 1615 2980 1669 vel
3032 1616 3197 1671 etiam
3242 1631 3442 1672 secun-

1863 1708 2016 1762 dario
2044 1718 2100 1764 et
2130 1708 2373 1763 inferiori
2399 1710 2588 1779 gradu,
2624 1724 2729 1764 non
2759 1719 2843 1764 est
2870 1710 2982 1779 jam
3014 1725 3322 1774 commune,
3349 1712 3445 1765 sed

1864 1812 2024 1870 prout
2048 1802 2289 1866 cuilibet,
2315 1816 2415 1871 pro
2438 1801 2699 1872 cujusque
2725 1812 2909 1871 captu,
2942 1802 3107 1857 fuerit
3135 1804 3442 1859 deﬁnitum.

1791 1880 1833 1933 Β
1866 1892 2009 1947 Dixit
2037 1905 2217 1948 autem
2248 1893 2552 1961 deﬁnitum,
2596 1909 2701 1948 non
2748 1893 2917 1949 fatum
2956 1894 3173 1965 aliquod
3203 1907 3297 1950 aut
3327 1897 3444 1950 itte-

1861 1987 2137 2041 vitabilem
2200 1988 2580 2042 necessitatem
2648 1989 2925 2054 indicans,
2985 1990 3446 2060 quemadmodum

1863 2076 2018 2135 multi
2043 2079 2227 2136 dicere
2271 2088 2704 2145 consueverunt;
2754 2081 2851 2137 sed
2893 2081 3176 2136 limitatam
3209 2081 3445 2150 aliquam

1860 2171 2098 2238 virtutis,
2144 2172 2282 2227 forte
2333 2173 2569 2238 mentis,
2616 2177 3021 2243 proportionem
3069 2190 3235 2244 sepra
3279 2191 3444 2246 quam

1864 2264 1999 2318 nihil
2027 2273 2276 2333 oporteat
2302 2264 2563 2335 cogitare.
2605 2264 2718 2319 Hoc
2755 2276 2938 2321 autem
2978 2269 3121 2337 quod
3150 2269 3217 2323 de
3246 2270 3446 2323 cheru-

1864 2358 2001 2419 bim,
2048 2367 2103 2412 et
2146 2358 2227 2413 eis
2255 2357 2349 2427 qui
2393 2360 2496 2414 sub
2528 2359 2659 2428 ipsis
2697 2368 2846 2424 sunt,
2896 2361 3099 2415 dictum
3140 2370 3245 2427 est,
3284 2363 3330 2418 si
3377 2363 3447 2418 de

1862 2448 1985 2503 aliis
2030 2462 2249 2517 quoque
2292 2448 2414 2518 quis
2460 2449 2696 2514 dixerit,
2746 2465 2853 2503 non
2893 2450 3123 2505 errabit.
3172 2451 3446 2520 Quemad-

1865 2540 2082 2595 modum
2116 2541 2261 2595 enim
2286 2540 2449 2611 primi
2480 2542 2795 2611 plenissime
2825 2542 3023 2599 habent
3062 2560 3123 2599 ea
3155 2561 3277 2615 qua:
3305 2544 3445 2601 infe-

1864 2633 2067 2686 riorum
2116 2641 2264 2697 sunt,
2318 2634 2393 2686 ita
2438 2648 2655 2704 quoque
2709 2635 2885 2689 ultimi
2930 2636 3214 2706 priorum,
3259 2652 3445 2692 verum

1869 2719 2029 2789 110
2064 2735 2168 2776 non
2198 2719 2416 2790 mquali,
2455 2722 2549 2777 sed
2600 2723 2843 2778 inferiori
2875 2728 3066 2795 gradu.
3108 2725 3251 2782 Nihil
3283 2727 3450 2798 igitur

1872 2813 2096 2867 absurdi
2120 2813 2211 2880 sit,
2241 2822 2294 2867 ut
2340 2825 2493 2883 puto,
2527 2816 2573 2870 si
2602 2826 2788 2871 noster
2824 2832 3044 2888 quoque
3070 2820 3309 2889 pontifex
3340 2837 3448 2876 an-

1866 2903 2021 2973 gelus
2057 2905 2294 2971 dicatur,
2321 2915 2383 2960 ut
2412 2908 2505 2977 qui
2546 2910 2846 2964 secundum
2883 2913 3140 2966 virtutem
3172 2917 3447 2984 propriam

1866 2998 2184 3069 angelorum
2215 3001 2505 3071 participet
2530 3003 3078 3074 proprietatem,qu:e
3118 3022 3206 3062 res
3237 3009 3450 3065 divinas

1868 3091 2291 3162 interpretatur;
2333 3093 2387 3147 in
2427 3107 2536 3163 quo
2579 3109 2803 3150 munere
2844 3097 3160 3167 perﬁcitur,
3207 3100 3450 3171 adeoque

1864 3185 1933 3240 ad
1959 3184 2274 3257 angelorum
2305 3186 2716 3255 interpretandi
2756 3188 3167 3245 similitudinem
3193 3199 3447 3248 extendi—

1790 3295 1833 3353 ο
1870 3289 1978 3344 tur,
2018 3288 2279 3349 quantum
2331 3279 2583 3335 videlicet
2634 3281 2947 3337 hominibus
2992 3282 3075 3337 las
3114 3293 3219 3350 est,
3252 3292 3447 3340 etnon

1869 3381 2131 3441 quantum
2188 3370 2395 3443 angelis
2443 3374 2725 3443 competit.
2777 3373 3245 3441 Quemadmodum
3303 3379 3447 3432 enim

1867 3464 2043 3536 angeli
2097 3466 2336 3519 divinant
2395 3473 2675 3534 exponunt
2724 3466 3103 3529 voluntatem,
3154 3469 3233 3521 sic
3281 3470 3448 3522 etiam

1870 3554 2154 3626 pontillces
2178 3568 2274 3624 per
2305 3555 2581 3610 doctrinas
2618 3570 2768 3609 suas.
2818 3555 2970 3621 Quod
3010 3555 3056 3610 si
3091 3556 3256 3609 etiam
3284 3570 3451 3625 ορειο

1863 3659 2021 3715 juxta
2052 3646 2235 3702 illud:
2282 3646 2619 3717 Quaecunque
2655 3648 2915 3717 fecerunt,
2965 3657 3017 3703 et
3077 3665 3196 3718 quae
3247 3650 3448 3703 docue-

1869 3754 2016 3808 runt,
2048 3743 2153 3798 hoc
2185 3743 2379 3799 melius
2408 3753 2575 3813 atque
2605 3742 2908 3812 perlectum
2939 3753 3043 3799 est.

1938 3835 2067 3906 §lll.
2089 3835 2228 3903 Quin
2249 3836 2411 3889 etiam
2436 3840 2677 3905 reperies
2699 3835 2845 3890 aliud
2892 3837 3161 3905 quoddam
3187 3853 3447 3909 perquam

1867 3928 2095 3984 sublime
2140 3943 2336 3983 nomen
2386 3939 2495 3983 tam
2554 3927 2778 3999 angelos
2824 3944 2987 3998 quam
3044 3930 3294 3986 homines
3340 3930 3455 3988 Deo

1866 4021 2210 4091 gratissimos
2237 4021 2462 4085 habere,
2497 4020 2565 4075 ab
2607 4021 2726 4089 ipso
2757 4020 3019 4077 nimirum
3064 4023 3174 4079 Deo
3217 4025 3309 4095 qui
3345 4024 3452 4080 illis

1866 4114 1986 4171 sine
2009 4114 2422 4185 comparatione
2454 4114 2715 4185 praecellit
2751 4134 2762 4169 :
2794 4130 2917 4168 nam
2957 4131 3197 4171 arcanus
3236 4118 3325 4173 ille
3352 4118 3450 4174 Dei

1867 4207 2205 4277 principatus
2234 4206 2768 4278 superessentialiter
2795 4208 3050 4265 omnibus
3078 4211 3302 4276 eminet,
3349 4228 3413 4267 su
3432 4246 3451 4253 ς

1868 4313 2071 4367 praque
2098 4297 2283 4353 omnia
2325 4298 2538 4353 locatus
2571 4306 2689 4363 est,
2725 4298 3058 4369 minimeque
3100 4300 3221 4357 talis
3256 4312 3361 4369 est,
3393 4312 3454 4358 nt

1866 4405 1937 4443 ex
1986 4392 2150 4445 rebus
2198 4391 2402 4445 creatis
2442 4391 2723 4460 quidpiam
2774 4391 2825 4445 ei
2876 4392 3056 4447 simile
3089 4391 3177 4447 vel
3211 4408 3333 4449 esse
3364 4396 3450 4449 vel

1865 4485 2091 4537 omnino
2121 4483 2231 4538 dici
2279 4492 2464 4553 queat,
2511 4494 2672 4554 prout
2703 4498 2770 4539 ea
2807 4484 2876 4539 ab
2902 4484 3255 4542 interioribus
3278 4487 3449 4541 deno-

1869 4574 2065 4630 minari
2093 4578 2442 4647 supponitur.
2474 4576 2757 4643 Quodnam
2788 4592 2920 4633 vero
2940 4588 3026 4633 est
3064 4579 3301 4635 nomen?
3334 4579 3450 4649 Ego

168 4683 314 4722 στου
339 4670 570 4737 πάντες
588 4688 602 4701 ·
625 4673 785 4728 τοῦτο
809 4676 939 4748 περὶ
964 4675 1073 4729 τῶν
1093 4676 1190 4729 ἀνθ
1199 4675 1424 4748 ρώπων.
1460 4677 1571 4731 Καὶ
1600 4676 1760 4730 πάλιν

1867 4670 1982 4725 dixi
2002 4685 2022 4726 :
2045 4670 2139 4725 Dii
2163 4672 2309 4737 estis,
2355 4680 2406 4727 et
2429 4672 2758 4741 ﬁliiExeelsi
2782 4689 2960 4729 omnes
2993 4672 3012 4712 τ
3048 4686 3065 4727 :
3112 4674 3218 4729 hoc
3247 4672 3318 4729 de
3349 4676 3451 4729 ho-

172 4759 259 4811 καὶ
286 4762 418 4833 περὶ
444 4762 557 4816 τῶν
585 4766 854 4835 ἀγγέλων,
882 4769 978 4821 καὶ
1005 4768 1135 4839 περὶ
1159 4768 1269 4823 τῶν
1313 4768 1637 4840 ἀνθρώπωνο
1701 4770 1763 4822 Ὁ

174 4858 308 4923 Θεὸς
331 4857 488 4924 ἔστη
519 4858 591 4911 ἐν
618 4858 943 4929 συναγωγῇ
971 4860 1122 4915 θεῶν
1142 4901 1156 4925 ,
1199 4862 1269 4915 ἐν
1297 4861 1467 4930 μέσῳ
1503 4862 1572 4915 δὲ
1613 4863 1762 4917 θεῶν

172 4952 336 5017 θεοὺς
373 4948 687 5019 διακρινεῖ.
726 4951 791 5003 Τί
821 4953 1066 5024 φήσομεν
1096 4956 1225 5025 περὶ
1245 4954 1458 5018 τούτου,
1490 4956 1539 5009 εί
1575 4956 1651 5028 μὴ
1680 4956 1761 5009 ὅτι

170 5041 265 5095 ὅσα
291 5044 400 5096 τῶν
424 5042 629 5115 νοερῶν
657 5043 876 5097 πάντων
902 5042 1150 5113 ἀγγέλων
1170 5047 1265 5099 καὶ
1290 5045 1525 5115 λογικῶν
1550 5045 1762 5119 ἀνθρώ·

170 5153 282 5189 πων
326 5137 472 5208 πρὸς
519 5136 619 5208 τὴν
658 5135 853 5190 ἕνωσιν
902 5137 1075 5208 αὐτῆς
1118 5138 1495 5209 ἐπέστραπταί
1537 5140 1760 5205 ὁλικῶς,

170 5228 564 5297 (Ἀγαπήσεις
602 5229 712 5298 γὰρ
757 5230 865 5283 τὸν
907 5230 1087 5295 Θεὸν,
1131 5232 1265 5301 φησι
1308 5230 1377 5285 τά
1422 5231 1517 5285 τοῦ
1557 5232 1724 5303 νόμου
1750 5274 1764 5297 ,

168 5322 230 5385 ἐξ
248 5322 400 5389 ὅλης
430 5319 543 5389 τῆς
570 5321 780 5391 ψυχῆς
800 5339 937 5387 σου,
968 5324 1065 5379 καὶ
1086 5324 1155 5388 ἐξ
1179 5324 1332 5393 ὅλης
1358 5324 1470 5395 τῆς
1489 5326 1761 5393 διανοίας

167 5431 297 5479 σου,
336 5416 439 5469 καὶ
478 5415 549 5480 ἐξ
594 5416 744 5484 ὅλης
782 5416 891 5485 τῆς
922 5420 1135 5487 ἰσχύος
1169 5418 1333 5489 σουο)
1362 5422 1457 5473 καὶ
1493 5421 1631 5491 πρὸς
1665 5420 1764 5486 τάς

167 5506 309 5571 θείας
330 5508 506 5579 αὑτῆς
537 5508 853 5580 ὲλλάμψεις,
875 5510 1014 5583 πλὴν
1036 5512 1160 5565 ὅσον
1190 5513 1338 5565 ἐστὶν
1359 5513 1604 5583 ἐφικτὸν,
1622 5514 1761 5568 ἀνα-

164 5601 425 5654 τείνονται
448 5618 460 5629 ·
513 5600 651 5654 ἀλλά
692 5604 786 5656 καὶ
818 5604 1232 5676 ἀκαταλήκτως,
1280 5606 1369 5659 ἵνα
1417 5607 1492 5679 μή
1543 5624 1659 5667 πως
1699 5606 1761 5659 τὸ

162 5692 361 5760 ἀγαθὸν
395 5693 797 5767 μεσολαϐηθείη
828 5696 906 5767 τῷ
935 5698 1163 5771 ἐναντίῳ
1185 5716 1199 5765 ;
1224 5699 1400 5771 πέρας
1420 5699 1529 5772 γὰρ
1558 5699 1761 5772 ἀρετῆς

232 5875 245 5913 ί
286 5873 436 5931 Psal.
465 5890 655 5941 Lxxn,
678 5875 732 5930 6.
812 5878 837 5917 ε
864 5877 1023 5943 lbid.,
1058 5880 1109 5938 1.
1146 5880 1212 5967 ,ιι
1240 5880 1395 5938 Deut.
1424 5894 1496 5949 τι,
1528 5879 1579 5933 5.

396 5970 676 6034 Pereat.
744 5970 862 6034 Gtt.
918 5971 1033 6037 ΙΙΙ.

1869 4765 2109 4821 minibus
2140 4766 2369 4834 dictum,
2399 4776 2455 4821 et
2498 4767 2699 4822 iterum
2740 4768 2905 4822 etiam
2948 4766 3017 4822 de
3044 4768 3257 4836 angelis
3304 4777 3361 4823 et
3383 4767 3452 4822 da

1867 4858 2181 4914 hominibus
2206 4877 2220 4915 :
2256 4861 2395 4914 Deus
2424 4862 2566 4914 stetit
2598 4862 2651 4915 in
2694 4877 2962 4931 synagoga
2988 4861 3229 4926 deorum,
3258 4862 3310 4915 in
3338 4879 3442 4914 me.

1866 4952 1955 5006 dio
1991 4964 2168 5008 autem
2228 4955 2447 5007 deorum
2486 4956 2610 5008 deos
2641 4954 2901 5023 dijudicat
2937 4956 2982 5007 ⁸.
3009 4954 3147 5022 Quid
3206 4955 3451 5011 ditemns

1867 5046 1935 5101 de
1964 5047 2089 5112 hoc,
2120 5046 2227 5101 nisi
2273 5048 2421 5117 quod
2452 5046 2725 5117 spiritales
2751 5060 2940 5100 omnes
2963 5048 3143 5117 angeli
3168 5049 3448 5103 homines-

1875 5155 1981 5209 qne
2025 5140 2323 5195 rationales
2357 5141 2424 5194 ad
2476 5140 2733 5196 unionem
2766 5140 2884 5210 ejus
2914 5138 3160 5194 totaliter
3198 5141 3450 5197 conversi

1876 5234 1985 5287 sint
2020 5231 2243 5303 (Diliges
2271 5230 2439 5310 enim,
2469 5230 2643 5300 inquit
2672 5230 2779 5295 lex,
2822 5229 2990 5284 Deum
3027 5246 3093 5284 ea:
3119 5241 3231 5286 tota
3268 5232 3451 5283 anima

1870 5335 1987 5391 tua,
2006 5334 2054 5378 et
2084 5341 2151 5379 ea;
2187 5334 2297 5377 tota
2332 5332 2501 5377 mente
2531 5334 2645 5391 tua,
2673 5332 2720 5378 et
2750 5340 2816 5377 ea:
2846 5326 2967 5378 tatis
3008 5326 3205 5378 viribus
3231 5323 3334 5377 luis
3369 5322 3448 5392 ιι).

1870 5429 1931 5473 et
1976 5420 2044 5474 ad
2089 5418 2303 5474 divinas
2351 5416 2469 5486 ejus
2520 5416 2930 5481 illustrationes,
2982 5426 3245 5486 quantum
3299 5413 3451 5469 scil.-

1871 5523 1960 5570 cet
1995 5513 2113 5570 ﬁeri
2153 5524 2354 5583 potest,
2385 5514 2800 5583 expanduntur,
2850 5512 3015 5581 idque
3053 5509 3445 5571 indesinenter,

1872 5622 1939 5663 ne
1968 5608 2249 5664 contrario
2280 5608 2463 5677 aliquo
2486 5605 2686 5662 bonum
2723 5602 3149 5674 intercipiatur?
3181 5599 3446 5655 terminus

1870 5701 2014 5759 enim
2042 5702 2260 5758 virtutis
2290 5700 2499 5757 malitia
2532 5707 2636 5765 est,
2679 5697 2831 5769 juxta
2870 5696 3001 5753 illud
3032 5712 3046 5751 :
3084 5692 3268 5749 Omnis
3318 5704 3448 5745 con-

3053 5965 3121 6026 1t)
