3908 6232
251 348 359 404 301

1248 340 1344 395 DE
1376 338 1700 397 COELESTI
1737 332 2178 400 lllEﬂARCHIA,
2214 334 2364 389 CAP.
2402 331 2533 397 Xlll,

3414 327 3526 383 302

255 468 352 520 ἐπὶ
392 463 572 517 πάντα
601 461 847 531 φοιτῶσαν
868 463 1056 532 χωρεῖ,
1103 462 1197 513 καὶ
1223 459 1311 512 διὰ
1357 460 1574 512 πάντων
1606 454 1852 526 ἀσχέτως

1962 452 2227 520 quomodo
2257 453 2338 505 vis
2382 450 2473 504 illa
2527 449 2620 502 Dei
2668 448 3012 517 principalis,
3068 462 3191 501 cum
3240 448 3307 501 ad
3347 450 3529 502 omnia

256 560 459 628 διήκει,
496 560 593 611 καὶ
627 557 795 609 πᾶσιν
844 552 1002 618 αὖθίς
1046 557 1197 607 ἐστιν
1227 554 1462 624 ἀφανὴς,
1491 550 1552 604 οὐ
1589 550 1747 621 μόνον
1779 549 1854 611 ὡς

258 652 481 704 πάντων
513 649 849 720 ὑπερουσίως
880 646 1214 719 ἐξῃρημένη,
1232 644 1367 697 ἀλλά
1397 644 1491 697 καὶ
1510 644 1585 706 ὡς
1609 641 1856 713 κρυφίως

257 746 353 797 ἐπὶ
374 745 584 806 πάντας
605 744 651 774 ⁸⁸
666 743 838 795 διείσα
860 740 956 803 τὰς
978 736 1343 809 προνοητικὰς
1359 736 1531 806 αὐτῆς
1553 734 1853 805 ἐνεργείας,

220 882 225 883 κ
259 837 399 890 ἀλλά
428 837 535 907 μὴν
566 839 657 889 καὶ
696 838 831 888 πᾶσι
870 837 981 898 τοῖς
1016 835 1221 904 νοεροῖς
1260 830 1535 897 ἀναλόγως
1574 827 1856 895 ἐπιφαίνε-

257 948 371 991 ται,
405 932 501 983 καί
528 929 625 1000 τὴν
654 928 860 981 οἰκείαν
890 926 1221 997 φωτοδοσίαν
1249 926 1292 955 ³⁷
1326 919 1708 993 ἐγχειρίζουσα
1734 922 1854 982 ταῖς

259 1022 670 1093 πρεσϐυτάταις
697 1021 907 1084 οὐσίαις
926 1060 940 1082 ,
981 1020 1047 1073 δι’
1077 1017 1255 1072 αὐτῶν
1285 1018 1361 1079 ὼς
1389 1013 1628 1086 πρώτων
1650 1015 1728 1076 εἰς
1759 1012 1857 1074 τὰς

260 1111 672 1182 υποὸεὸηκυίας
700 1111 839 1181 αὐτὴ
862 1109 1144 1179 εὐκόσμως
1174 1107 1446 1160 διαδίδωσι
1476 1105 1546 1167 ³⁸,
1586 1102 1727 1156 κατά
1756 1101 1854 1171 τὴν

262 1204 503 1274 ἑκάστης
530 1203 943 1273 διακοσμήσεως
973 1200 1262 1270 θεοπτικὴν
1303 1198 1674 1269 συμμετρίαν·
1701 1196 1732 1265 ἢ
1767 1196 1854 1248 ἵνα

261 1299 598 1369 σαφέστερον
625 1298 784 1360 εἴπω,
817 1297 911 1349 καὶ
937 1295 1001 1347 δι’
1025 1295 1239 1347 οἰκείων
1262 1290 1742 1364 παραδειγμάτων,
1783 1288 1854 1358 (εἰ

259 1392 356 1445 καὶ
395 1389 728 1443 ἀποδεόντων
755 1389 889 1442 Θεοῦ
920 1386 1014 1442 τοῦ
1044 1388 1258 1441 πάντων
1309 1383 1675 1458 ἐξῃρημένου,
1718 1381 1857 1451 πλὴν

257 1487 392 1555 ἡμῖν
427 1481 869 1554 ἐμφανεστέρων)
904 1483 937 1551 ἡ
968 1481 1069 1551 τῆς
1096 1480 1329 1551 ἡλιακῆς
1360 1479 1404 1510 ⁹⁹
1438 1478 1653 1538 ἀκτῖνος
1681 1473 1855 1528 διάδο-

261 1594 347 1639 σις
376 1577 459 1639 εἰς
504 1574 726 1646 πρώτην
771 1574 903 1644 ὕλην
930 1573 1243 1635 εὐδιαδότως
1280 1571 1484 1641 χωρεῖ,
1522 1568 1622 1639 τὴν
1666 1564 1855 1618 πασῶν

256 1670 644 1739 διειδεστέραν,
687 1670 779 1722 καὶ
804 1669 869 1721 δι’
907 1667 1074 1737 αὐτῆς
1101 1664 1505 1743 ἐμφανέστερον
1542 1659 1855 1729 ἀναλάμπει

254 1762 357 1824 τὰς
386 1762 596 1824 οἰκείας
630 1759 999 1831 μαρμαρυγὰς
1018 1776 1031 1788 ⁸
1066 1756 1482 1828 προσϐάλλουσα
1509 1752 1566 1806 δὲ
1595 1754 1715 1815 ταῖς
1748 1769 1855 1804 πα-

1964 543 2266 596 emanando
2290 542 2653 610 pertingeret,
2673 539 2953 609 libereque
2975 547 3170 593 cuncta
3200 552 3527 608 permearet,

1965 634 2128 687 etiam
2159 643 2270 686 tum
2304 642 2482 685 tamen
2513 630 2769 686 omnibus
2808 628 3213 698 inaspectabilis
3244 628 3528 693 existeret,

1966 741 2073 780 non
2132 724 2304 778 solum
2368 709 2637 793 quatenus
2698 720 3231 790 superessentialiter
3278 720 3528 774 omnibus

1966 816 2257 878 antecellit,
2292 831 2477 870 verum
2515 816 2676 869 etiam
2712 813 2765 866 in
2798 822 3057 881 quantum
3102 812 3317 867 occulte
3348 813 3528 866 omnia

1964 909 2319 979 providentia:
2348 924 2458 963 sua:
2489 916 2733 976 penetrat
2766 905 2922 975 112
2942 904 3256 973 Operatione
3285 927 3294 959 :
3320 906 3532 958 cunctis

1966 1001 2095 1055 item
2125 1000 2336 1055 naturis
2363 999 2701 1068 spiritalibus
2727 1012 2825 1066 pro
2851 997 3117 1065 cujusque
3152 995 3369 1050 modulo
3404 995 3530 1049 illu—

1963 1104 2073 1156 cet,
2107 1092 2341 1161 dumque
2375 1090 2770 1161 antiquissimis
2798 1088 2905 1142 illis
2944 1088 3228 1158 spiritibus
3256 1088 3395 1143 lucis
3421 1103 3534 1142 sua:

1967 1184 2147 1238 radios
2189 1185 2455 1249 immittit,
2488 1199 2586 1253 per
2636 1185 2876 1242 eosdem,
2904 1190 3087 1247 utpote
3127 1182 3356 1250 primos,
3393 1179 3533 1235 infe-

1966 1276 2202 1331 rioribus
2242 1291 2501 1347 perquam
2535 1276 2782 1332 ordinate
2811 1292 2870 1332 se
2907 1277 2975 1331 ad
3019 1286 3237 1345 captum
3271 1275 3535 1343 cujusque

1963 1371 2173 1426 ordinis
2215 1386 2279 1425 ac
2329 1371 2729 1439 contemplandi
2782 1370 3093 1425 facultatem
3140 1371 3408 1438 dispertit.
3462 1367 3536 1423 Ut

1964 1469 2145 1516 autem
2183 1463 2359 1516 dicam
2406 1462 2649 1527 clarius,
2695 1464 2959 1532 exemplis
3004 1472 3129 1517 utar
3173 1461 3534 1516 familiaribus

1964 1552 2108 1619 (qua:
2136 1552 2347 1607 tametsi
2396 1552 2526 1618 Deo,
2559 1553 2650 1622 qui
2679 1555 2897 1609 cunctis
2922 1554 3144 1618 eminet,
3172 1570 3274 1609 nou
3304 1556 3376 1607 ita
3403 1568 3524 1607 con-

1963 1652 2180 1713 gruant,
2199 1645 2354 1699 nobis
2384 1652 2561 1698 tamen
2588 1644 2830 1713 planiora
2856 1646 3026 1714 sunt),
3045 1645 3256 1714 solaris,
3288 1646 3530 1715 inquam,

1964 1735 2098 1788 radii
2135 1734 2348 1789 diffusio
2379 1737 2660 1790 materiam
2685 1738 2786 1791 sibi
2832 1738 3133 1806 proximam
3156 1778 3170 1803 ,
3198 1738 3397 1807 quippe
3426 1754 3533 1792 cat-

257 1813 521 1923 χυτέραις
573 1813 764 1914 ὑλαιξ,
814 1813 1189 1922 ἀμὺδροτέραν
1246 1846 1357 1918 ἔχει
1400 1845 1498 1916 τὴν
1550 1813 1854 1913 διαδοτικὴν

1962 1828 2088 1881 teris
2142 1826 2510 1895 liquidiorem,
2568 1828 2825 1884 facillime
2875 1830 3115 1899 trajicit,
3164 1840 3219 1884 et
3266 1844 3361 1899 per
3406 1846 3527 1885 eam

257 1944 609 2012 ἐπιφάνειαν,
642 1944 707 1996 ἐκ
731 1943 830 2013 τῆς
854 1942 963 1995 τῶν
994 1940 1377 2011 φωτιζομένων
1402 1936 1543 1992 ὑλῶν
1566 1937 1702 2009 πρὸς
1740 1954 1854 2005 φω-

252 2038 511 2090 τοδοσίαν
542 2037 619 2068 ¹⁰⁰
646 2034 1146 2107 διαπορθμευτικὴν
1176 2033 1288 2097 ἕξιν
1332 2031 1853 2101 ἀνεπιτηδειότητος,

256 2128 355 2182 καὶ
375 2126 524 2180 κατά
555 2126 784 2197 σμικρὸν
818 2128 881 2178 ἐκ
908 2124 1100 2178 τούτου
1130 2124 1267 2195 πρὸς
1290 2122 1350 2175 τὸ
1374 2122 1592 2185 τελείως
1622 2122 1637 2152 ⁸
1674 2120 1857 2191 σχεδὸν

256 2219 542 2272 ἀδιάδοτον
609 2217 976 2271 συστέλλεται.
1040 2216 1210 2269 Πάλιν
1265 2218 1299 2286 ἡ
1358 2215 1528 2287 πυρὸς
1589 2213 1857 2286 Θερμότης

261 2312 466 2383 μᾶλλον
509 2310 708 2381 ἑαυτὴν
753 2310 1055 2363 διαδίδωσιν
1094 2312 1173 2374 εἰς
1219 2309 1289 2362 τὰ
1328 2308 1716 2379 δεκτικώτερα,
1766 2308 1859 2360 καὶ

258 2404 399 2475 πρὸς
440 2403 543 2474 τὴν
583 2402 755 2471 αὐτῆς
794 2401 1131 2471 ἀφομοίωσιν
1177 2399 1395 2453 εὐεικτα
1436 2401 1529 2453 καὶ
1564 2400 1852 2467 ἀνάγωγοι·

258 2496 398 2567 ⁸πρὸς
440 2494 497 2546 δὲ
536 2492 635 2556 τὰς
678 2493 990 2553 ἀντιτυπεῖς
1027 2490 1277 2553 ἐναντίας
1316 2490 1336 2519 ³
1362 2487 1600 2558 οὐσίαςῆ
1632 2488 1780 2540 οὐδὲν
1824 2488 1855 2558 ἢ

258 2584 502 2656 ἀμυδρόν
547 2601 599 2635 τι
632 2582 735 2651 τῆς
783 2580 1166 2652 ἐκπυρωτικῆς
1202 2579 1483 2649 ἐνεργείας
1530 2577 1674 2648 ῐχνος
1723 2578 1857 2630 ἀνα-

260 2677 548 2746 φαίνεται·
583 2676 679 2728 καί
719 2673 781 2726 τὸ
816 2673 1009 2726 τούτου
1041 2689 1105 2741 γε
1149 2672 1352 2733 πλεῖον,
1396 2672 1476 2723 ὅτι
1504 2673 1625 2735 ταῖς
1665 2687 1860 2739 συγγε-

256 2772 375 2824 νέσι
405 2769 495 2822 διὰ
525 2770 635 2821 τῶν
663 2767 879 2829 οἰκείως
934 2763 1073 2837 πρὸς
1103 2764 1273 2835 αὐτὴν
1318 2764 1549 2833 ἐχόντων
1590 2763 1860 2834 προσϐάλ-

259 2860 364 2925 λει,
423 2859 681 2931 πρῶτον,
737 2860 786 2911 εἰ
845 2854 999 2927 τύχοι
1049 2854 1271 2926 πυρώδη
1326 2852 1557 2908 ποιοῦσα
1602 2854 1671 2907 τά
1726 2855 1861 2927 πρὸς

258 2952 576 3023 ἐκπύρωσιν
612 2948 963 3008 εὐαλλοίωτα,
991 2945 1087 2999 καὶ
1110 2945 1176 2998 δι’
1209 2943 1388 2998 αὐτῶν
1416 2944 1448 3015 ἢ
1477 2944 1640 3015 ὓδωρ,
1677 2943 1710 3015 ἢ
1747 2944 1863 2997 ἐτε-

263 3046 357 3116 ρόν
386 3063 440 3097 τι
486 3043 598 3096 τῶν
657 3042 757 3095 οὐκ
816 3039 1053 3102 εὐκόλως
1104 3036 1523 3108 ἐκπυρουμένων
1586 3036 1861 3104 ἀναλόγως

1954 1917 2365 1973 coruscationes
2394 1932 2524 1973 suas
2555 1920 2758 1974 clarius
2786 1920 3063 1975 succendit
3089 1936 3103 1984 ;
3134 1934 3322 1975 verum
3357 1922 3449 1975 ubi
3475 1923 3529 1975 in

1958 2011 2237 2065 densiores
2276 2010 2489 2079 aliquas
2530 2010 2787 2066 materias
2826 2011 3110 2078 inciderit,
3158 2012 3529 2066 ohscuriorem

1957 2102 2200 2156 cernitur
2228 2102 2427 2156 habere
2476 2102 2701 2157 luminis
2744 2102 3117 2169 dimisionem,
3162 2105 3230 2158 ob
3271 2103 3531 2158 materia-

1961 2208 2102 2259 rum,
2136 2208 2255 2261 quat
2296 2192 2666 2249 illuminanda:
2704 2204 2852 2260 sunt,
2904 2195 2970 2247 ad
3005 2194 3186 2247 lumen
3222 2192 3531 2249 diﬂ‘unilen-

1959 2283 2085 2336 dum
2121 2284 2571 2353 ineptitudinem;
2604 2296 2766 2355 atque
2791 2287 2913 2341 inde
2940 2287 3138 2341 sensim
3171 2287 3236 2341 ad
3271 2288 3372 2341 hoc
3401 2301 3532 2342 con-

1962 2375 2221 2439 trahitur,
2253 2386 2311 2430 ut
2340 2379 2429 2431 vix
2475 2378 2616 2432 ultra
2659 2379 2907 2433 distribui
2948 2378 3057 2446 jam
3103 2380 3293 2448 possit.
3330 2380 3526 2434 Eodem

1962 2468 2119 2522 modo
2147 2469 2297 2523 calor
2320 2470 2456 2540 ignis
2490 2472 2661 2541 magis
2685 2485 2743 2525 se
2768 2470 3015 2526 diffundit
3045 2472 3098 2525 in
3128 2485 3191 2526 ea
3217 2487 3332 2540 quae
3361 2473 3533 2542 ipsius

1959 2570 2087 2613 sunt
2118 2561 2432 2629 capaciora,
2469 2571 2526 2616 et
2558 2562 2625 2616 ad
2656 2562 2776 2632 ejus
2812 2563 3223 2617 similitudinem
3251 2563 3411 2619 facile
3440 2580 3531 2620 ce-

1960 2651 2115 2718 dunt,
2155 2664 2212 2707 et
2259 2653 2639 2719 adducuntur;
2675 2668 2863 2707 verum
2899 2654 2955 2708 in
3008 2656 3220 2710 naturis
3260 2656 3334 2710 illi
3388 2657 3533 2710 relu-

1961 2749 2239 2804 ctantibus
2256 2751 2649 2826 contrariisve.
2677 2751 2759 2805 vel
2784 2750 2987 2805 nullum
3014 2762 3107 2807 aut
3134 2754 3275 2808 exile
3301 2753 3534 2811 elllcaci-

1965 2839 2095 2892 tatis
2123 2839 2241 2909 ejus
2274 2840 2445 2911 igneae
2492 2841 2781 2911 vestigium
2825 2853 3082 2912 apparet;
3133 2846 3384 2914 quodque
3428 2848 3533 2903 hoc

1965 2930 2138 3000 majus
2165 2941 2267 2997 est,
2298 2934 2352 2986 in
2395 2947 2457 2987 ea
2503 2949 2622 3003 qua:
2668 2948 2774 2988 non
2824 2944 2952 2989 sunt
3003 2936 3246 3006 ejusdem
3293 2943 3534 3008 generis,

1965 3039 2063 3094 per
2090 3024 2181 3078 illa
2206 3040 2327 3094 qua:
2353 3026 2452 3094 ipsi
2473 3025 2585 3092 jam
2615 3027 3020 3081 accommodata
3051 3038 3177 3082 sunt
3206 3045 3265 3085 se
3310 3034 3532 3101 ingerit,

261 3138 654 3209 θερμαίνουσα.
687 3134 844 3188 Κατά
867 3133 957 3186 τὸν
984 3131 1145 3185 αὐτὸν
1169 3127 1261 3185 οὖν
1290 3130 1389 3200 τῆς
1434 3130 1669 3200 φυσικῆς
1702 3130 1856 3181 εὐτα-

1968 3117 2038 3169 ita
2074 3126 2135 3171 ut
2159 3118 2419 3187 primum,
2448 3118 2493 3173 si
2525 3118 2597 3171 ita
2628 3134 2715 3173 res
2749 3116 2906 3184 ferat,
2944 3119 3097 3190 ignea
3128 3118 3293 3175 faciat
3319 3137 3381 3176 ea
3415 3139 3535 3192 qua:

262 3231 381 3296 ξίας
429 3231 586 3298 λόγον
630 3226 923 3299 ὑπερφυῶς
970 3228 1003 3297 ἡ
1064 3224 1245 3295 πάσης
1319 3222 1616 3293 εὐκοσμίας
1658 3221 1859 3293 ὁρατῆς

259 3325 355 3378 καὶ
395 3323 632 3394 ἀοράτου
678 3319 969 3390 ταξιαρχία
1026 3317 1124 3389 τὴν
1154 3316 1254 3386 τῆς
1286 3315 1492 3378 οἰκείας
1531 3314 1859 3383 φωτοδοσίας

259 3414 624 3485 λαμπρότητα
666 3407 1039 3481 πρωτοφανῶς
1067 3410 1124 3461 ἐν
1156 3405 1473 3468 πανολϐίαις
1508 3404 1700 3475 χύσεσι
1738 3406 1859 3467 ταῖς

262 3502 600 3574 ὑπερτάταις
623 3501 835 3563 οὐσίαις
864 3497 1171 3567 ἀναφαίνει,
1204 3497 1298 3550 καὶ
1318 3495 1409 3549 διὰ
1437 3495 1640 3549 τούτων
1661 3495 1717 3546 αἰ
1742 3497 1857 3564 μετ’

261 3596 437 3659 αὐτὰς
480 3594 661 3648 οὐσίαι
703 3594 803 3664 τῆς
851 3591 1003 3656 θείας
1043 3591 1263 3653 ἀκτῖνος
1306 3588 1643 3659 μετέχουσιν.
1692 3582 1859 3640 Αὑται

262 3689 393 3761 γὰρ,
448 3685 775 3755 ἐπιγνοῦσαι
829 3683 1048 3756 πρῶται
1102 3682 1270 3745 Θεὸν,
1316 3680 1409 3734 καὶ
1459 3679 1611 3743 θείας
1660 3680 1858 3750 ἀρετῆς

263 3779 679 3852 ὑπερκειμένως
721 3777 1037 3848 ἐφιέμεναι,
1088 3774 1183 3828 καὶ
1214 3773 1557 3843 πρωτουργοὶ
1604 3768 1856 3838 γενέσθαι

262 3873 381 3942 τῆς,
406 3873 484 3934 ὠς
512 3870 754 3940 ἐφικτὸν,
786 3868 1121 3939 θεομιμήτου
1151 3866 1430 3936 δυνάμεως
1457 3866 1552 3920 καὶ
1577 3864 1857 3934 ἐνεργείας

262 3964 547 4034 ἠξίωνται,
574 3962 671 4016 καί
703 3962 800 4026 τὰς
834 3963 951 4033 μετ’
980 3960 1150 4023 αὐτὰς
1179 3959 1366 4021 οὐσίας
1391 3958 1553 4012 αὐταὶ
1582 3958 1603 3987 ⁸
1631 3957 1767 4028 πρὸς
1796 3956 1857 4009 τὸ

264 4056 597 4128 ἐφάμιλλον,
643 4056 744 4125 ὅση
790 4054 1040 4125 δύναμις,
1086 4050 1419 4121 ἀγαθοειδῶς
1465 4049 1855 4113 ἀνατείνουσιν,

264 4148 516 4219 ἀφθόνως
544 4148 736 4210 αὐταῖς
786 4144 1162 4217 μεταδιδοῦσαι
1187 4144 1287 4215 τῆς
1327 4145 1407 4206 εἰς
1448 4141 1615 4206 αὐτὰς
1644 4144 1857 4210 ἐπιφοι-

263 4244 513 4315 τησάσης
544 4240 758 4312 αἴγλης,
793 4241 889 4295 καὶ
916 4236 1074 4303 αὖθις
1101 4240 1309 4292 ἐκεῖναι
1344 4240 1466 4300 ταῖς
1499 4237 1819 4306 ὑφειμέναις
1839 4252 1850 4263 ·

265 4337 359 4388 καὶ
383 4334 510 4389 καθ’
533 4335 770 4404 ἑκάστην
800 4335 834 4403 ἡ
878 4331 1071 4403 πρώτη
1095 4332 1162 4400 τῇ
1198 4330 1317 4400 μετ’
1342 4327 1511 4399 αὐτὴν
1535 4326 1857 4397 μεταδίδωσι

265 4435 357 4489 τοῦ
382 4434 730 4507 δωρουμένου
750 4473 764 4497 ,
796 4434 889 4486 καὶ
928 4434 1008 4495 εἰς
1040 4432 1220 4493 πάσας
1263 4427 1538 4497 ἀναλόγως
1567 4428 1588 4458 ⁸
1632 4426 1855 4499 προνοίᾳ

265 4528 654 4600 διαφοιτῶντος
692 4526 836 4580 θείου
876 4525 1073 4595 φωτός.
1122 4525 1309 4576 Ἔστιν
1354 4518 1448 4575 οὑν
1492 4522 1512 4552 ⁸
1549 4521 1719 4574 ἅπασι
1744 4521 1856 4582 τοῖς

268 4620 665 4695 φωτιζομένοις
694 4619 840 4692 ἀρχὴ
865 4618 961 4671 τοῦ
994 4615 1331 4687 φωτίζεσθαι
1368 4613 1500 4677 Θεὸς
1536 4614 1633 4684 μέν
1675 4611 1856 4681 φύσει,

268 4715 361 4768 καὶ
390 4711 588 4773 ὅντως,
632 4710 725 4762 καὶ
767 4708 994 4780 κυρίως,
1022 4707 1098 4770 ὡς
1140 4705 1318 4775 φωτὸς
1347 4704 1523 4767 οὐσία,
1550 4702 1645 4756 καὶ
1688 4699 1854 4754 αὐτοῦ

268 4811 360 4864 τοῦ
401 4805 544 4864 εἶναι
575 4810 670 4862 καὶ
705 4810 839 4879 ὁρᾷν
897 4808 1095 4870 αἴτιος·
1142 4805 1290 4859 θέσει
1328 4803 1385 4856 δὲ
1436 4803 1529 4856 καὶ
1586 4800 1855 4871 θεομιμή-

268 4920 375 4967 τως
406 4905 429 4934 ⁶
462 4905 496 4974 ἡ
527 4900 668 4956 κατὰ
698 4901 862 4971 μέρος
888 4897 1258 4970 ὑπερκειμένη
1287 4897 1354 4965 τῇ
1385 4892 1501 4965 μετ’
1529 4892 1697 4963 αὐτὴν
1728 4890 1855 4943 ἐκά-

272 5013 392 5071 στῃ,
432 4996 514 5067 τῷ
555 4994 626 5048 τά
655 4994 774 5047 θεῖα
817 4992 971 5062 φῶτα
1007 4992 1072 5044 δι’
1103 4990 1272 5060 αὐτῆς
1305 4989 1386 5051 εἰς
1424 4986 1637 5056 ἐκείνην
1666 4985 1858 5052 ἐποχε-

272 5089 546 5143 τεύεσθαι.
565 5086 678 5158 Τὴν
698 5085 793 5139 οὖν
818 5084 1129 5157 ὑπερτάτην
1151 5081 1260 5134 τῶν
1288 5078 1554 5150 οὐρανίων
1577 5075 1712 5130 νοῶν
1746 5074 1860 5126 δια-

275 5184 544 5254 κόσμησιν
582 5181 640 5234 αἱ
684 5179 792 5234 τῶν
836 5178 1036 5231 λοιπῶν
1085 5175 1336 5229 ἁπάντων
1389 5170 1637 5240 ἀγγέλων
1682 5168 1860 5221 οὐσίαι

276 5276 415 5329 κατά
461 5276 527 5328 τὸ
570 5274 721 5337 εἰκὸς
776 5272 915 5343 μετά
958 5269 1090 5322 Θεὸν
1132 5268 1306 5339 ἀρχὴν
1342 5265 1603 5336 ἡγοῦνται
1678 5260 1861 5329 πάσης

1964 3207 2122 3264 facile
2168 3210 2475 3280 ignescunt,
2511 3219 2678 3279 atque
2724 3211 2791 3265 iis
2835 3210 3123 3278 adhibitis,
3169 3221 3264 3267 aut
3310 3227 3531 3283 aquam,

1961 3309 2057 3354 aut
2093 3301 2299 3370 aliquid
2350 3302 2497 3356 aliud
2545 3317 2735 3357 eorum
2797 3318 2917 3373 qum
2964 3303 3530 3375 dimcileiignescunt,

1963 3395 2154 3448 eodem
2176 3395 2334 3449 modo
2352 3395 2658 3449 calefaciat.
2690 3395 2997 3451 Secundum
3025 3398 3163 3451 lianc
3191 3398 3352 3469 igitur
3375 3412 3533 3455 natu-

1962 3485 2091 3541 ralis
2119 3487 2327 3541 ordinis
2355 3487 2649 3552 rationem,
2685 3489 3176 3556 supernamrditer
3206 3491 3326 3544 fons
3354 3494 3536 3550 omnis

1960 3577 2189 3644 ordinis,
2223 3592 2348 3633 cum
2379 3577 2611 3634 visibilis
2639 3585 2752 3633 tum
2782 3579 3077 3636 invisibilis
3107 3580 3531 3651 (iislribmionis,

1960 3671 2197 3739 pr0priae
2263 3670 2611 3740 splendorem
2672 3670 3054 3727 illustrationis
3107 3674 3537 3743 piiinordialitcr

1960 3779 2058 3832 per
2097 3762 2332 3818 inﬂuxus
2380 3763 2728 3818 beatissimos
2780 3764 3053 3832 supremis
3108 3763 3228 3821 istis
3279 3769 3533 3825 essentiis

1961 3856 2299 3922 manifestat,
2330 3864 2385 3910 et
2414 3870 2511 3924 per
2552 3855 2671 3909 illas
2708 3855 2935 3924 reliquae
2988 3856 3242 3928 deinceps
3286 3860 3527 3915 divinum

1960 3952 2126 4006 istum
2174 3950 2388 4006 radium
2439 3950 2792 4020 participant.
2845 3949 2938 4005 Hae
2987 3956 3133 4006 cum
3185 3968 3309 4007 cum
3341 3955 3532 4026 prima

1962 4044 2131 4099 Deum
2163 4052 2550 4114 agnoscerent,
2590 4044 2899 4111 diviuzeque
2946 4045 3161 4099 virtutis
3216 4044 3334 4113 ejus
3379 4047 3525 4104 desi-

1960 4136 2113 4191 derio
2142 4149 2356 4189 summo
2387 4142 2722 4199 tenerentur,
2766 4135 2867 4190 hoc
2889 4136 3054 4189 etiam
3088 4146 3348 4190 assecutae
3377 4150 3527 4205 sunt,

1962 4235 2020 4280 ut
2044 4228 2237 4296 primae
2260 4228 2328 4281 ad
2358 4227 2558 4281 divinae
2589 4227 2877 4296 potestatis
2924 4234 3088 4296 atque
3124 4227 3357 4282 actionis
3404 4228 3531 4284 imi-

1960 4321 2221 4375 tationem
2268 4333 2367 4389 pro
2416 4328 2577 4387 captu
2639 4332 2737 4372 suo
2790 4319 3170 4387 pervenirent;
3219 4321 3529 4390 eaedemque

1962 4412 2251 4467 inferiores
2292 4412 2360 4464 ad
2390 4410 2637 4464 eamdem
2679 4408 3056 4472 imitationem,
3099 4421 3357 4479 quantum
3400 4428 3525 4482 pos-

1962 4515 2107 4571 sent,
2136 4503 2369 4572 benigne
2415 4511 2821 4572 promoverent,
2855 4501 2979 4556 dim
3006 4501 3210 4569 absque
3242 4503 3441 4556 invidia
3477 4505 3527 4555 in

1964 4598 2084 4653 illas
2127 4597 2312 4652 indita:
2358 4595 2461 4651 sibi
2510 4594 2646 4649 lucis
2692 4605 2899 4665 partem
2950 4595 3238 4659 derivant,
3292 4597 3530 4666 ipsasque

1961 4691 2206 4745 vicissim
2254 4689 2308 4743 iit
2340 4688 2661 4753 inferiores;
2709 4696 2872 4756 atque
2913 4688 2984 4740 ita
3015 4688 3324 4756 sigillatim,
3356 4688 3526 4757 prima

1961 4784 2063 4840 sibi
2095 4785 2401 4855 proximam
2428 4784 2545 4852 ejus
2581 4783 2722 4852 quod
2754 4782 2855 4836 sibi
2882 4782 3064 4833 datum
3093 4790 3177 4835 est
3207 4781 3525 4851 participem

1959 4878 2114 4944 facit,
2149 4884 2338 4947 sicque
2368 4892 2464 4948 per
2491 4876 2889 4945 providentiam
2923 4875 2974 4927 in
3004 4888 3192 4927 omnes
3220 4888 3315 4942 pio
3344 4876 3527 4940 injus-

1964 4988 2069 5042 que
2090 4982 2251 5039 captu
2276 4971 2458 5023 divina
2488 4968 2575 5021 lux
2601 4966 2963 5023 distribuitur.
2991 4966 3081 5019 Est
3105 4966 3266 5034 igitur
3287 4979 3527 5018 multum

1965 5082 2086 5136 qua:
2118 5065 2462 5118 illustrantur
2505 5060 2846 5114 illuminandi
2882 5058 3209 5127 principium
3241 5057 3379 5111 Deus
3406 5059 3528 5125 qui-

1968 5161 2090 5212 dem
2159 5166 2376 5219 natura,
2425 5163 2481 5207 et
2529 5165 2716 5208 revera
2766 5151 2979 5220 prOprie
3016 5159 3073 5203 ut
3107 5150 3241 5205 lucis
3278 5150 3533 5211 essentia,

1971 5253 2253 5322 ipsiusque
2274 5258 2447 5304 status
2460 5255 2515 5303 et
2535 5247 2837 5317 aspectusl
2850 5244 2951 5314 13
2968 5255 3159 5299 auctor
3177 5263 3188 5296 :
3205 5259 3268 5297 ex
3286 5244 3531 5298 instituto

1570 5410 1807 5467 VARI/E
1847 5404 2252 5465 LECTIONES.

292 5596 300 5605 .
340 5550 384 5581 ³⁸
413 5565 505 5619 γρ.
536 5546 761 5619 πάντα.-
821 5614 831 5619 Α
861 5546 906 5573 ⁹⁷
936 5546 1036 5619 καὶἶ
1054 5546 1380 5619 τὴνρικειαν
1406 5603 1418 5614 .

278 5604 568 5679 διαδίδὼσι,
611 5619 671 5668 υ.
704 5614 895 5685 αὐτήν,
920 5611 992 5685 _S.
1019 5604 1242 5685 ἑαυτήν,
1274 5605 1333 5685 1⁵ἐ
1361 5604 1498 5685 αὐτὴ

279 5692 320 5721 θ’
347 5691 428 5742 ὃτι
452 5691 487 5759 ἡ
509 5689 610 5757 τῆς
634 5681 887 5756 ἡλιακῆς,
912 5681 1022 5759 _P.”
1061 5681 1127 5710 ³⁰⁰
1160 5681 1502 5759 φωτρδοσίας,

280 5762 333 5813 S.
361 5761 422 5812 P.
467 5745 528 5811 ί).
569 5745 670 5811 Ειιῖ
707 5745 855 5809 δορί
910 5753 931 5783 ³
959 5746 1140 5809 αὗται,
1176 5745 1244 5801 ⁷5.
1282 5749 1339 5799 Ρ.
1381 5745 1440 5798 υ.
1465 5746 1567 5795 (lli.

275 5831 395 5899 δὼς,
425 5830 497 5886 Μ.
525 5825 771 5890 θεοειδῶς
803 5824 859 5880 δὲ
885 5825 977 5877 καὶ
1009 5820 1373 5892 θεομιμήτως,
1408 5816 1464 5869 ὃ.
1504 5816 1595 5868 Sc.

1061 5658 1127 5710 ἶδο
1160 5658 1507 5729 φωτοδοσίαςξ
1542 5674 1598 5723 S.
1634 5658 1917 5723 l’foSc.
1953 5658 2072 5716 Sar.
2106 5706 2119 5719 .
2152 5659 2410 5721 ¹τελέω;,
2448 5658 2511 5711 D-

1160 5695 1507 5746 φωτοοοσιας,
1542 5695 1598 5723 D.
1634 5695 1692 5723 r.
1728 5695 1789 5720 υ.
1830 5695 1917 5719 ου.
1954 5695 2072 5716 uate
2106 5706 2119 5719 .
2202 5695 2410 5721 ianua”
2449 5695 2511 5711 ν.
2624 5722 2647 5741 τ
2676 5695 3115 5739 ..ηπ-πνυηπης
3178 5695 3206 5733 ξ,
3266 5695 3377 5699 -.-η
3403 5695 3532 5711 ,m"

1189 5750 1244 5801 S.
1282 5749 1339 5799 P.
1381 5745 1440 5798 υ,
1465 5746 1567 5795 (ιιι.
1644 5740 1664 5768 ⁸
1695 5736 1962 5806 ἀναλόγῳ,
1995 5732 2056 5789 D.
2086 5732 2185 5786 Ub.
2262 5730 2282 5759 "
2320 5729 2435 5781 ἐστι
2466 5728 2565 5799 μὲν
2593 5743 2704 5793 ουν,
2741 5726 2841 5779 (λιι.
2918 5722 2938 5752 ⁸
2962 5722 3118 5775 Θεσει
3145 5718 3221 5783 δε,
3250 5717 3539 5790 καὶ-θεοει-

861 5542 906 5573 ⁹⁷
936 5542 1030 5593 καὶ
1054 5539 1150 5608 τὴν
1173 5532 1380 5587 οἰκείαν
1406 5603 1417 5608 _
1435 5533 1549 5600 ἃμα
1571 5521 2180 5608 ’φωτοδοσίανηϐἰιῆῐλ
2255 5518 2302 5549 9⁸
2330 5520 2409 5608 εἰς
2430 5516 2530 5608 τὰς
2547 5512 2965 5608 ’ὐποόεϐηικυίας
3242 5506 3535 5608 εὐκόσμως

1533 5584 1819 5669 εὐκόσμως
1846 5595 2037 5663 αὐτὴν,
2071 5590 2139 5645 Μ.
2173 5591 2386 5669 ειιιιχι).
2435 5591 2632 5669 ξὶροιιιξ
2688 5588 2838 5669 facit,
2900 5599 3022 5663 CU'III
3083 5584 3349 5662 impresso
3404 5584 3532 5660 bar.

2613 5657 2632 5685 ²
2666 5654 2764 5714 τὰς
2796 5651 3118 5711 ἀντιτύπους
3174 5648 3206 5717 ἢ
3262 5647 3533 5711 ἐναντίας,
