3908 6232
374 365 475 421 ’506

1552 362 1608 418 S.
1647 361 1943 419 DlONYSll
1976 363 2436 422 AREOPAGITE

3522 373 3632 428 504

374 491 557 537 autem
619 478 823 549 Deique
867 478 1172 536 imitatione
1199 520 1214 547 ,
1263 479 1517 551 quzelibet
1583 481 1837 551 superior
1872 476 1926 537 ὀι

2054 486 2203 557 ἱερᾶς
2233 486 2560 555 θεογνωσίας
2582 505 2639 542 τε
2667 490 2759 543 καὶ
2786 489 3167 562 θεομιμησίας,
3192 491 3267 555 ὡς
3300 491 3369 544 δι’
3403 493 3636 548 ἐκείνων

373 584 529 644 parte
558 570 848 640 cujuslibet
880 572 1181 640 inferioris,
1208 575 1274 628 ad
1302 588 1465 642 quam
1490 574 1610 644 ejus
1642 573 1943 630 interventu

373 667 558 722 divina
591 665 795 720 lumina
829 666 1199 735 trajiciuntur.
1235 667 1557 735 Supremam
1590 668 1750 737 igitur
1775 666 1944 723 coele-

370 759 534 815 stium
586 758 1067 829 iutelligentiarum
1120 758 1571 827 dispositionem,
1618 769 1940 813 caaterorum

369 850 690 921 angelorum
742 852 982 905 omnium
1044 851 1335 916 essentiaz,
1396 849 1521 918 jure
1574 851 1766 906 merito
1824 859 1945 919 post

369 944 561 1009 Deum,
591 942 771 998 omnis
800 954 1161 997 sacrosanctae
1198 942 1291 996 Dei
1317 942 1644 1010 cognitionis
1679 941 1940 997 imitatio-

370 1036 565 1103 nisque
615 1034 941 1103 principium
968 1047 1090 1088 esse
1119 1041 1386 1099 censent,
1425 1033 1567 1101 quod
1614 1048 1710 1101 per
1736 1033 1856 1086 illas
1886 1033 1939 1087 in

367 1144 561 1183 omnes
584 1127 652 1182 ad
684 1141 782 1181 nos
812 1141 983 1196 usque
1026 1126 1121 1180 Dei
1156 1126 1476 1196 principalis
1517 1126 1813 1180 illustratio
1847 1127 1940 1179 dc-

367 1220 610 1285 rivetur;
645 1226 979 1288 quaprOpter
1010 1232 1223 1273 sacram
1256 1230 1475 1273 omnem
1511 1217 1714 1287 Deique
1755 1217 1939 1271 imita-

368 1313 558 1367 tricem
616 1310 888 1367 actionem
946 1310 1013 1363 atl
1067 1308 1234 1363 Deum
1281 1308 1498 1380 quidem
1551 1318 1611 1362 ttt
1660 1317 1937 1363 auctorem

367 1403 634 1469 referunt,
668 1404 735 1459 ad
786 1405 996 1474 primas
1035 1411 1218 1457 autem
1264 1418 1328 1457 ac
1370 1401 1667 1457 delformes
1706 1410 1935 1465 mentes,

367 1505 425 1550 ut
450 1495 743 1567 primarios
781 1493 1075 1549 effectores
1115 1492 1423 1548 divinorum
1456 1507 1681 1561 operum
1729 1507 1792 1547 ac
1820 1508 1938 1545 ma-

2047 578 2127 641 είς
2161 578 2342 642 πάσας
2386 581 2480 633 καὶ
2509 581 2590 644 είς
2618 582 2767 652 ἡμᾶς
2796 582 2817 611 ’¹
2842 582 2942 653 τῆς
2985 582 3280 653 θεαρχικῆς
3312 582 3636 654 magna»;

2044 669 2443 741 διαδιδομένης·
2496 672 2575 725 διδ
2615 673 2707 726 καὶ
2758 676 2937 728 πᾶσαν
2980 674 3129 746 ἱερὰν
3162 675 3256 728 καὶ
3302 674 3654 746 θεομίμητον

2045 762 2324 834 ἐνέργειαν
2353 766 2443 817 ἐπὶ
2482 765 2614 818 Θεὸν
2664 766 2762 837 μὲν
2796 767 2869 830 ὡς
2907 766 3079 820 αίτιον
3116 766 3500 838 ἀναφέρουσιν,
3532 767 3635 818 ἐπὶ

2043 853 2100 906 δὲ
2154 856 2280 919 τοὺς
2330 855 2580 927 πρώτους
2648 858 2897 922 θεοειδεῖς
2948 858 3073 922 νόας
3114 859 3190 922 ὡς
3242 858 3634 930 πρωτουργοὺς

2043 945 2150 998 τῶν
2189 946 2348 1000 θείων
2398 950 2491 1002 καὶ
2530 949 2901 1015 διδασκάλους.
2952 949 3162 1004 Οὐκοῦν
3200 951 3234 1021 ἠ
3283 950 3473 1022 πρώτη
3519 949 3649 1002 τῶν

2044 1040 2212 1108 ἁγίων
2240 1041 2487 1110 ἀγγέλων
2514 1041 2874 1113 διακόσμησις
2901 1041 3099 1113 μᾶλλον
3128 1041 3356 1095 ἀπασῶν
3380 1042 3494 1111 ἔχει
3528 1040 3635 1109 τὴν

2042 1133 2311 1205 ἐμπόριον
2345 1133 2600 1205 ἰδιότητα,
2628 1135 2722 1188 καὶ
2746 1134 2843 1205 τὴν
2871 1135 3176 1205 κεχυμένην
3204 1133 3304 1203 τῆς
3332 1131 3633 1203 θεαρχικῆς

2044 1224 2235 1294 σοφίας
2270 1224 2582 1295 μετάδοσιν,
2627 1227 2721 1279 καὶ
2749 1226 2810 1279 τὸ
2838 1227 3139 1296 γνωστικὸν
3179 1226 3279 1296 τῆς
3316 1225 3633 1296 ὑπερτάτης

2040 1315 2149 1368 τῶν
2196 1316 2356 1371 θείων
2397 1317 2713 1389 ὲλλάμψεων
2751 1320 3080 1389 ἐπιστήμης,
3130 1318 3223 1371 καὶ
3263 1316 3362 1388 τὴν
3409 1316 3633 1388 θρονίαν

2046 1410 2279 1481 ἰδιότητα
2300 1412 2399 1482 τὴν
2428 1412 2887 1484 ἀναπεπταμένην
2917 1411 3191 1481 θεοδοχίαν
3218 1409 3593 1482 ἐμφαίνουσαν
3613 1425 3646 1440 ·’

2040 1500 2096 1552 αἱ
2120 1500 2177 1553 δὲ
2204 1500 2313 1553 τῶν
2338 1501 2644 1572 ὑφειμένων
2672 1500 2871 1553 οὐσιῶν
2898 1498 3289 1569 διακοσμήσεις
3321 1496 3421 1565 τῆς
3447 1496 3633 1565 ἐμπν-

363 1592 585 1660 gistros.
620 1587 803 1643 Prima
829 1588 1015 1658 itaque
1046 1597 1363 1642 sanctorum
1398 1587 1720 1657 angelorum
1752 1586 1926 1640 distri-

2044 1592 2177 1663 ρίου,
2204 1592 2306 1663 τῆς
2343 1593 2533 1663 σοφῆς,
2567 1592 2667 1661 τῆς
2697 1591 3020 1661 γνωστικῆς,
3049 1588 3151 1660 τῆς
3178 1587 3424 1658 θεοδόχου
3464 1584 3634 1640 δυνά-

365 1680 515 1735 butio
576 1677 750 1748 magis
817 1692 929 1747 pra!
984 1676 1211 1746 reliquis
1275 1675 1489 1747 igneam
1550 1675 1926 1745 proprietatem

2043 1702 2187 1755 μεως
2233 1683 2520 1755 μετέχουσι
2574 1685 2691 1755 μὲν,
2743 1684 3049 1754 ὑφειμένως
3089 1681 3167 1747 δὲ,
3217 1680 3314 1733 καὶ
3352 1678 3491 1750 πρὸς
3526 1678 3635 1742 τὰς

362 1773 639 1836 continet,
694 1768 985 1837 fusamqne
1023 1767 1221 1822 divina:
1270 1767 1551 1837 sapientiae
1597 1768 1926 1821 communio-

2040 1775 2261 1847 πρώτας
2291 1776 2516 1846 ὁρῶσαι,
2550 1775 2645 1827 καὶ
2692 1774 2758 1827 δι’
2806 1772 2987 1827 αὐτῶν
3033 1773 3109 1835 ὡς
3148 1770 3246 1824 τοῦ
3294 1769 3633 1839 θεομιμήτου

362 1880 506 1930 nem,
536 1880 601 1921 ac
624 1878 853 1919 summa:
887 1861 1197 1917 divinarum
1238 1860 1661 1915 illustrationum
1690 1858 1926 1913 scientia

2040 1839 2404 1938 πρωτουργῶς
2432 1864 2749 1936 ἠξιωμένων
2783 1864 2876 1917 ἐπὶ
2900 1864 2961 1916 τὸ
2985 1862 3079 1915 τοῦ
3111 1860 3377 1923 θεοειδοῦς
3406 1857 3634 1926 ἐφικτὸν

361 1975 517 2016 usum
548 1968 710 2029 atque
764 1956 1041 2028 peritiam,
1081 1953 1315 2024 soliique
1366 1953 1776 2023 proprietatem,
1816 1966 1926 2021 qua

2036 1957 2388 2028 ἁναγόμεναι.
2415 1957 2527 2020 Τὰς
2568 1956 2865 2028 είρημένας
2900 1952 2995 2009 οὖν
3035 1954 3195 2023 ἁγίας
3229 1952 3517 2020 ἰδιότητας,
3550 1942 3635 2002 ὧν

359 2056 600 2122 patulam
629 2053 696 2107 ad
723 2049 890 2113 Deum
913 2048 1293 2120 excipiendum
1319 2048 1675 2116 capacitatem
1701 2047 1894 2103 indicat
1918 2063 1926 2100 :

2034 2051 2092 2104 ἐν
2126 2050 2383 2121 μετουσίᾳ
2412 2048 2502 2102 διὰ
2542 2050 2652 2102 τῶν
2703 2048 2937 2120 πρώτων
2980 2047 3036 2099 αἱ
3080 2045 3217 2116 μετά
3246 2042 3412 2106 αὐτὰς
3444 2042 3634 2095 οὐσίαι

355 2147 680 2203 inferiorum
714 2152 898 2200 autem
945 2141 1313 2197 essentiarum
1357 2140 1743 2210 diSpositiones
1776 2139 1926 2207 hujus

2033 2141 2338 2209 γεγόνασιν,
2374 2141 2565 2205 αὐταῖς
2600 2141 2837 2204 ἐκείναις
2884 2138 3022 2211 μετὰ
3059 2137 3192 2190 Θεὸν
3230 2136 3306 2200 ὠς
3343 2135 3629 2206 ίεράρχαις

356 2237 552 2308 igneae,
584 2234 852 2306 sapientis
874 2275 889 2299 ,
940 2232 1190 2295 scientis,
1247 2245 1311 2285 ac
1347 2230 1442 2285 Dei
1471 2231 1691 2299 capacis
1718 2230 1926 2286 virtutis

2033 2233 2397 2287 ἀνατιθέασιν.

357 2328 653 2399 participes
680 2326 896 2398 quidem
921 2334 1049 2380 sunt
1073 2333 1129 2380 et
1153 2323 1310 2394 ipsae,
1333 2324 1428 2378 sed
1461 2321 1707 2378 inferiori
1763 2323 1959 2393 gradu,
2016 2333 2071 2380 et
2122 2341 2243 2381 cum
2290 2335 2541 2395 respectu
2596 2329 2663 2381 ad
2716 2326 2927 2396 priores
2971 2340 3068 2396 per
3105 2340 3264 2396 quas,
3312 2334 3374 2379 ut
3424 2323 3631 2379 divinae

358 2419 677 2476 imitationis
701 2416 1185 2488 prmformatrices,
1234 2414 1301 2470 ad
1350 2413 1779 2470 deiformitatem
1834 2431 1930 2484 pro
1957 2424 2119 2484 captu
2161 2433 2260 2473 suo
2313 2427 2726 2485 promoventur.
2783 2420 2964 2474 Dictas
3019 2421 3203 2489 itaque
3260 2417 3630 2489 proprietate:

355 2521 759 2578 sacrosanctae,
802 2526 1035 2581 quarum
1074 2511 1325 2565 secunda:
1382 2521 1589 2564 natura:
1621 2524 1717 2579 per
1752 2509 1956 2580 primas
1999 2513 2296 2582 participes
2346 2512 2556 2569 effecta:
2614 2523 2767 2579 sunt,
2817 2514 2886 2568 iis
2938 2513 3069 2584 ipsis
3097 2522 3220 2585 post
3261 2512 3456 2576 Deum,
3503 2520 3630 2565 tau-

354 2622 517 2677 quam
542 2604 850 2677 praepositis
882 2605 1016 2671 suis,
1046 2612 1304 2674 acceptas
1339 2601 1545 2658 ferunt.

1912 2695 1941 2769 ᾗ
1978 2695 2088 2758 ιν.

421 2805 620 2861 Aiebat
648 2805 831 2872 itaque
866 2801 957 2870 qui
990 2802 1106 2857 hac
1157 2800 1457 2867 referebat,
1499 2799 1765 2856 visionem
1806 2798 1929 2869 qui-

353 2903 475 2957 dem
543 2899 692 2953 illam
767 2894 1068 2950 exltibitam
1120 2909 1241 2949 esse
1300 2894 1553 2965 theologo
1609 2908 1639 2947 a
1694 2892 1926 2963 quodam

2036 2918 2133 2971 νην
2180 2902 2564 2972 ὑποδειχθῆναι
2595 2900 2674 2971 τῷ
2707 2902 2940 2972 θεολόγῳ
2990 2902 3057 2956 δι’
3089 2902 3207 2966 ἐνὸς
3243 2902 3352 2956 τῶν
3398 2902 3627 2958 ἐπιστα-

352 3007 566 3056 eorum,
604 2989 697 3060 qui
730 2986 891 3042 nobis
918 2996 1181 3055 praesunt,
1212 2997 1525 3041 sanctorum
1553 3002 1617 3041 ac
1648 2986 1926 3041 beatorum

2037 2992 2271 3046 τούντων
2298 2994 2428 3062 ἡμῖν
2448 2992 2616 3061 ἁγίων
2639 2994 2731 3045 καὶ
2766 2992 3048 3063 μακαρίων
3072 2992 3337 3061 ἀγγέλων,
3363 2994 3457 3045 καὶ
3483 2993 3626 3065 πρὸς

354 3082 709 3153 angelorum,
759 3080 913 3147 cujus
959 3076 1348 3132 illuminatricc
1398 3074 1822 3130 manuductione
1862 3074 1926 3127 ad

2038 3082 2143 3151 τῆς
2176 3083 2509 3153 φωτιστικῆς
2532 3080 2695 3135 αὐτοῦ
2727 3084 3098 3155 χειραγωγίας
3147 3085 3239 3137 ἐπὶ
3272 3085 3371 3155 τὴν
3393 3084 3626 3155 νωράν⁸

2110 2809 2335 2879 Ἔλεγεν
2357 2805 2449 2863 οὖν
2482 2808 2509 2860 ό
2546 2808 2718 2863 ταῦτα
2752 2810 2949 2881 φήσας,
2985 2810 3083 2881 τὴν
3124 2809 3221 2881 μὲν
3257 2810 3445 2881 ὅρασιν
3475 2809 3627 2866 ἐκεί-

355 3174 657 3247 spiritalem
720 3174 876 3229 istam
923 3169 1437 3239 contemplationem
1481 3167 1660 3223 fuerat
1686 3174 1928 3231 evectus,

348 3268 403 3323 in
436 3283 541 3338 qua
583 3281 869 3337 supremas
893 3266 1015 3321 illas
1045 3261 1317 3319 essentias
1346 3261 1526 3332 (quasi
1554 3259 1609 3314 in
1641 3259 1927 3333 symbolis,

349 3368 408 3415 ut
451 3360 532 3414 sic
581 3356 798 3429 loquar)
831 3356 967 3412 vidit
1017 3355 1158 3410 infra
1195 3352 1363 3407 Deum
1407 3350 1638 3418 etjuxta
1673 3351 1841 3406 Deum
1874 3360 1929 3405 et

347 3453 493 3505 circa
525 3451 693 3505 Deum
725 3451 1041 3515 collocatas,
1073 3456 1239 3516 atque
1264 3444 1507 3499 omnium
1538 3442 1760 3513 insuper
1785 3443 1927 3513 ipsa-

348 3559 471 3598 rum
496 3541 1016 3612 superineﬂabiliter
1042 3540 1374 3595 eminentem
1399 3535 1924 3606 superprincipalem

347 3638 640 3701 verticem,
674 3636 726 3691 in
760 3635 941 3691 medio
968 3631 1500 3704 supereminentium
1542 3630 1801 3683 virtutum
1836 3646 1923 3683 su-

345 3728 706 3797 perpositum.
742 3724 941 3780 Didicit
967 3724 1151 3795 itaque
1172 3737 1242 3777 ex
1259 3720 1416 3777 ‘bisce
1438 3719 1741 3775 visionibus
1772 3720 1927 3774 theo-

346 3820 524 3890 logus,
554 3818 933 3879 Divinitatem,
964 3816 1261 3870 secundum
1286 3828 1504 3869 omnem
1530 3822 1924 3883 supcrnatura-

344 3912 450 3966 lem
475 3908 887 3971 excellentiam,
914 3909 1035 3963 sine
1056 3907 1464 3977 comparatione
1483 3918 1744 3976 praestare
1774 3906 1919 3961 omni

342 4000 546 4057 visibili
592 4008 650 4055 et
709 3998 969 4054 invisibili
1023 3999 1255 4063 virtuti,
1288 3997 1650 4066 omnibusque
1702 3998 1923 4067 insuper

341 4100 651 4162 exemptam
690 4105 836 4153 esse,
869 4099 929 4145 ut
953 4104 1074 4159 qua:
1109 4105 1178 4146 ne
1221 4088 1412 4159 primis
1436 4080 1655 4158 quidem
1687 4089 1808 4146 istis
1834 4106 1923 4146 es-

342 4182 537 4239 sentiis
589 4182 698 4237 ullo
735 4181 897 4236 modo
936 4179 1131 4236 similis
1179 4180 1421 4234 existat:
1461 4180 1529 4233 ad
1564 4181 1712 4246 haec,
1744 4178 1918 4248 ipsam

343 4280 585 4334 omnium
610 4291 735 4333 esse
764 4274 1093 4346 principium
1124 4284 1180 4329 et
1205 4288 1425 4329 causam
1458 4275 1915 4343 substantiﬁcam,

2034 3172 2252 3242 ἐκείνην
2284 3172 2515 3244 θεωρίαν
2541 3171 2886 3242 ἀνατεθῆναι,
2923 3173 3044 3225 καθ’
3064 3174 3129 3243 ἣν
3155 3173 3301 3246 ἐώρα
3320 3173 3418 3238 τὰς
3452 3176 3626 3246 ὑπερ-

2032 3265 2201 3327 τάτας
2228 3264 2415 3327 οὐσίας
2449 3264 2543 3335 (ὡς
2576 3266 2633 3316 ἐν
2660 3264 2949 3334 συμϐόλοις
2982 3265 3176 3337 εἰπεῖν)
3228 3265 3333 3319 ὑπὸ
3362 3267 3494 3319 Θεὸν
3524 3267 3625 3319 καὶ

2035 3356 2171 3427 μετὰ
2204 3355 2339 3408 Θεοῦ
2362 3358 2383 3387 ⁹
2410 3358 2502 3408 καὶ
2530 3358 2657 3426 περὶ
2686 3358 2817 3411 Θεὸν
2855 3357 3161 3428 ἱδρυμένας,
3198 3357 3291 3409 καὶ
3323 3357 3420 3428 τὴν
3453 3358 3626 3412 ἁπάν-

2029 3464 2137 3500 των
2171 3448 2263 3501 καὶ
2295 3446 2474 3500 αὐτῶν
2504 3448 2900 3520 ὑπεραρρήτως
2921 3446 3263 3520 ἐξῃρημένην
3285 3449 3629 3520 ὑπεράρχιον

2030 3538 2307 3611 ἀκρότητα
2342 3541 2400 3592 ἐν
2436 3539 2585 3609 μέσῳ
2624 3539 2735 3593 τῶν
2779 3540 3230 3612 ὑπερϐεϐηκυιῶν
3255 3542 3297 3572 ¹⁰
3329 3541 3625 3613 δυνάμεων

2030 3629 2487 3701 ὑπεριδρυμένην.
2539 3628 2873 3701 Ἐμάνθανεν
2919 3626 3013 3684 οὖν
3055 3634 3167 3695 τοῖς
3198 3633 3554 3703 ὁρωμένοις¹¹
3591 3636 3623 3688 ό

2029 3721 2294 3791 θεολόγος,
2318 3724 2399 3775 ὅτι
2425 3722 2565 3775 κατὰ
2587 3725 2765 3777 πᾶσαν
2791 3725 3111 3795 ὑπερούσιον
3135 3725 3408 3797 ὑπεροχὴν
3440 3727 3618 3795 ἀσυγ-

2028 3815 2229 3884 κρίτως
2258 3816 2646 3888 ὑπερίδρυτο¹¹
2694 3816 2754 3870 τὸ
2797 3815 2979 3881 Θεῖον,
3017 3817 3237 3888 ἀπάσης
3284 3817 3489 3889 ὁρατῆς
3520 3820 3620 3872 καὶ

2027 3906 2256 3975 ἀοράτου
2285 3906 2584 3976 δυνάμεως,
2621 3908 2714 3961 καὶ
2750 3906 2856 3978 μὴν
2884 3907 2967 3961 ὅτι
2994 3908 3211 3961 πάντων
3245 3910 3391 3961 ἐστὶν
3416 3909 3621 3983 ἐξῃρη-

2029 3999 2187 4068 μένον
2215 3999 2290 4063 ὡς
2313 4000 2563 4066 καθόλου,
2605 4003 2739 4074 μηδὲ
2762 4006 2883 4067 ταῖς
2913 4003 3157 4076 πρώταις
3186 4004 3297 4057 τῶν
3321 4004 3491 4057 ὄντων
3519 4006 3617 4057 οὑ-

2027 4089 2165 4151 σίαις
2199 4091 2436 4163 ἐμφερές
2461 4110 2474 4121 ·
2512 4093 2736 4164 προσέτι
2765 4095 2938 4149 καὶτὸ
2960 4095 3175 4149 πάντων
3209 4096 3341 4148 αὐτὸ
3373 4096 3549 4168 ἀρχὴν
3572 4098 3621 4130 ⁸³

2024 4181 2117 4232 καὶ
2148 4182 2323 4233 αἰτίαν
2355 4184 2663 4236 οὑσιοποιὸν
2706 4180 2865 4251 εἶναι,
2893 4187 2987 4239 καὶ
3016 4186 3115 4257 τῆς
3132 4185 3238 4238 τῶν
3264 4185 3433 4239 ὄντων
3456 4187 3614 4240 ἀδια-

2022 4271 2181 4325 λύτου
2237 4275 2403 4345 μονῆς
2451 4275 2808 4330 ἀναλλοίωτον
2855 4278 3097 4350 ἵδρυσιν,
3144 4279 3233 4346 ὑφ’
3280 4274 3348 4349 ἧς
3399 4281 3493 4333 καὶ
3550 4282 3615 4332 τὺ

343 4370 849 4440 indissolubilisque
872 4384 1058 4424 rerum
1092 4367 1399 4422 mansionis
1436 4367 1775 4423 immutabile
1824 4368 1917 4423 tir-

2033 4360 2165 4418 εἶναι
2202 4368 2296 4419 καὶ
2344 4368 2405 4419 τὸ
2450 4363 2507 4420 εὖ
2559 4365 2732 4433 εἶναι,
2774 4370 2869 4423 καὶ
2901 4371 3091 4433 αὑταῖς
3133 4373 3255 4433 ταῖς
3301 4370 3615 4442 ὑπερϐεϐη-

343 4472 702 4527 mamentum,
736 4477 803 4517 ex
849 4477 957 4531 quo
1002 4468 1062 4515 ut
1099 4470 1307 4525 essent,
1335 4468 1390 4515 et
1422 4460 1563 4515 bene
1597 4470 1802 4526 essent,
1826 4476 1918 4515 su-

339 4572 541 4623 premar.
602 4556 767 4609 etiam
829 4554 991 4626 114
1060 4555 1289 4609 virtutes
1351 4553 1670 4609 habuissent
1713 4570 1727 4605 :
1770 4552 1917 4622 ipsas

340 4649 538 4703 deinde
598 4648 893 4701 deiformes
930 4646 1404 4702 sanctissimorum
1437 4644 1710 4713 seraphim
1747 4644 1918 4698 virtu-

342 4750 426 4794 tes
455 4739 777 4803 docebatur,
803 4754 1035 4809 quorum
1069 4754 1285 4793 sacrum
1317 4751 1509 4791 nomen
1544 4736 1670 4805 quid
1697 4736 1909 4807 igneum

337 4832 589 4903 designat
612 4829 771 4901 (ιτ),
790 4833 858 4887 de
880 4847 987 4901 quo
1011 4846 1108 4886 nos
1135 4830 1296 4901 paulo
1318 4839 1439 4900 post
1463 4830 1729 4897 dicemus,
1756 4841 1916 4897 prout

334 4924 643 4993 poterimus
673 4923 1049 4992 interpretari,
1084 4923 1242 4977 istius
1277 4922 1452 4994 igneae
1482 4922 1698 4977 virtutis
1728 4922 1795 4975 ad
1826 4921 1912 4975 di-

335 5014 521 5068 vinam
555 5014 977 5069 similitudinem
1031 5016 1314 5082 impulsus.
1364 5015 1536 5069 Porro
1577 5029 1699 5068 cum
1749 5028 1911 5068 sena-

334 5121 456 5161 rum
494 5106 705 5159 alarum
739 5120 910 5159 sacrae
936 5105 1170 5159 ﬁctionis
1198 5106 1501 5161 absolutam
1533 5121 1911 5174 summamque

333 5199 388 5254 in
419 5199 591 5255 Deum
622 5199 675 5254 in
708 5198 905 5268 primis
936 5212 1001 5250 ac
1029 5198 1221 5252 mediis
1260 5199 1683 5267 uovissimisque
1714 5200 1912 5252 menti-

2025 4456 2201 4520 κυίαις
2231 4460 2348 4512 ἐστὶ
2398 4460 2723 4531 δυνάμεσιν·
2762 4457 2878 4514 εἶτα
2917 4462 3017 4526 τὰς
3059 4462 3238 4517 αὐτῶν
3285 4463 3396 4517 τῶν
3435 4465 3613 4532 ἁγιω-

2021 4549 2197 4603 τάτων
2234 4553 2476 4622 σεραφὶμ
2515 4554 2733 4624 ἐμυεῖτο
2775 4553 3029 4617 θεοειδεῖς
3060 4554 3337 4625 δυνάμεις,
3368 4554 3470 4625 τῆς
3508 4555 3617 4625 μὲν

2024 4641 2173 4712 ἱερᾶς
2205 4642 2381 4695 αὐτῶν
2416 4645 2733 4715 ἐπωνυμίας
2773 4645 2835 4697 τὸ
2881 4646 3149 4717 ὲμπύριον
3198 4644 3611 4716 σημαινούσης,

2020 4734 2152 4805 περὶ
2192 4729 2253 4788 οὗ
2306 4736 2500 4806 μικρὸν
2550 4736 2777 4810 ὕστερον
2825 4739 2987 4808 ἡμεῖς
3030 4737 3304 4808 ἐροῦμεν,
3353 4738 3429 4800 ὡς
3472 4738 3613 4808 ἡμῖν

2020 4826 2241 4895 ἐφικτὸν
2268 4828 2653 4898 ὑφηγήσασθαι
2685 4830 2785 4893 τὰς
2818 4832 2911 4884 ἐπὶ
2932 4831 2993 4884 τὸ
3026 4830 3259 4892 θεοειδὲς
3291 4828 3395 4899 τῆς
3426 4829 3611 4898 ἐμπυ-

2020 4918 2135 4988 ρίου
2169 4919 2449 4990 δυνάμεως
2491 4923 2801 4991 ἀναγωγὰς,
2841 4922 2953 4992 Τῆς
2991 4922 3047 4974 δέ
3079 4921 3187 4975 τῶν
3226 4921 3446 4990 πτερῶν
3480 4917 3609 4982 ἐξα-

2019 5012 2159 5084 πλῆς
2201 5014 2582 5084 ἱεροπλαστίας
2608 5017 2706 5087 τὴν
2745 5016 2835 5066 ἐπὶ
2865 5015 2927 5067 τὸ
2958 5015 3113 5067 Θεῖον
3150 5016 3209 5065 ἐν
3245 5011 3515 5082 πρώταις,
3547 5011 3608 5062 ἐν

2020 5107 2241 5177 μέσαις,
2274 5108 2331 5159 ὲν
2361 5106 2694 5171 τελευταίαις
2731 5108 2979 5177 νοήσεσιν
3012 5106 3275 5160 ἀπόλυτον
3307 5107 3401 5159 καὶ
3435 5106 3609 5175 ὑπερ-

2014 5197 2184 5265 τάτην
2233 5199 2527 5252 ἀνάστασιν
2555 5237 2569 5261 ,
2614 5196 2751 5249 ἁλλά
2792 5198 2885 5250 καὶ
2933 5198 2992 5250 τὸ
3038 5198 3370 5267 ἁπειρόπουν
3423 5198 3608 5252 αὐτῶν

1626 5353 1857 5410 νΑῐιιλΕ
1895 5352 2302 5410 LECTIONES.

449 5497 528 5557 είς
557 5510 669 5566 non
713 5505 796 5547 est
836 5494 896 5566 in»
943 5492 1003 5545 Ι).
1159 5493 1259 5566 (llr.
1334 5494 1356 5524 ⁸
1387 5492 1488 5566 τὴν
1516 5493 1688 5563 ίεράν,
1719 5494 1821 5546 Ch.
1856 5492 1918 5566 ρ.
1963 5492 2209 5566 ScaSrar.
2261 5495 2613 5566 ἀναταθῆναι,
2652 5496 2719 5549 Μ.
2758 5495 2814 5550 S.
2865 5496 2922 5551 P.
2974 5497 3036 5551 D.
3076 5497 3178 5549 Ch.
3230 5496 3357 5550 Sar.

330 5575 536 5617 tantum
589 5565 770 5618 habet.
817 5564 909 5616 καὶ
968 5560 1104 5632 μετά
1157 5562 1309 5625 Θεόν,
1348 5560 1493 5632 qunti
1528 5560 1779 5631 sequitur
1846 5563 1934 5616 Sc.

332 5636 371 5663 “
400 5635 773 5706 ὑπερίδρυται,
807 5634 904 5688 CII.
987 5634 1026 5663 ¹³
1067 5634 1160 5685 καὶ
1207 5635 1403 5705 ἀρχήν,
1443 5634 1508 5686 ι).
1534 5633 1634 5687 Ch.

2045 5564 2085 5594 ¹⁰
2114 5564 2544 5636 ὑποϐεϐηκυιών,
2592 5568 2651 5624 P.
2706 5569 2769 5622 ι).
2831 5566 2952 5623 Sar.
3057 5568 3098 5598 “
3145 5568 3483 5637 εἰρημένοις,
3528 5568 3596 5619 υ.

398 5766 533 5847 (IT).
560 5766 761 5821 Nomen
788 5766 995 5847 scilicet
1035 5767 1299 5823 llebraice
1350 5783 1701 5839 expressum,
1753 5776 1952 5829 omne:
1997 5773 2139 5840 quod
2168 5771 2460 5844 signiﬁcat,
2487 5774 2753 5841 ardentes,
2803 5776 3097 5847 fulgentes;
3126 5790 3157 5831 a
3194 5775 3377 5832 radtcs
3421 5784 3598 5845 ιτπατ,

326 5837 578 5902 incendit,
612 5840 896 5893 succendit.
935 5837 1135 5893 Dmcu.
