3908 6232
249 353 361 410 305

255 468 350 522 ut
393 462 823 534 πολυπρόσωπον
870 457 1011 529 ὁρῶν
1051 459 1081 511 ὁ

250 563 367 622 τοῖς
402 558 621 628 πτεροῖς
659 548 1172 607 ἀποδιαστέλλεσθαι
1240 543 1341 613 τὴν
1369 540 1472 595 ὑπὸ
1502 540 1628 602 τοὺς
1677 536 1841 603 πόδας

255 652 351 704 καὶ
378 650 482 720 τὴν
515 648 657 718 ὑπὲρ
688 644 761 698 τὰ
783 644 1052 716 πρόσωπα
1083 638 1339 708 θεωρίαν,
1370 634 1464 687 καὶ
1495 632 1594 703 τὴν
1632 632 1689 682 ὲν
1730 630 1842 690 τοῖς

258 743 449 815 μέσοις
494 741 714 812 πτεροῖς
760 735 1138 805 ἀεικινησίαν,
1177 729 1316 802 πρὸς
1351 727 1451 798 τὴν
1498 724 1697 795 νοητὴν
1733 720 1842 773 τῶν

252 811 551 903 δρωμένων
584 829 815 899 ἀνήγετο
861 826 1083 899 γνῶσιν,
1112 818 1511 890 ὲκφαινομένης
1554 812 1703 883 αὐτῷ
1743 811 1844 881 τῆς

255 923 368 976 τῶν
411 921 731 992 ὑπερτάτων
784 918 919 971 νοῶν
969 914 1277 986 πολυπόρου
1314 913 1406 964 καὶ
1446 907 1845 976 πολυθεάμονος

256 1014 565 1083 δυνάμεως,
598 1014 691 1065 καί
717 1010 818 1079 τῆς
846 1008 998 1080 ἱερᾶς
1032 1005 1211 1060 αὐτῶν
1243 1002 1556 1065 εὐλαϐείας,
1593 999 1662 1069 ἢν
1695 996 1847 1067 έχου-

258 1123 344 1159 σιν
379 1102 768 1175 ὐπερκοσμίως
795 1101 875 1163 εἰς
905 1100 1005 1171 τὴν
1032 1098 1143 1152 τῶν
1178 1096 1522 1168 ὑψηλοτέρων
1545 1092 1589 1124 ¹⁸
1620 1092 1714 1145 καὶ
1757 1091 1850 1161 βα-

258 1197 504 1268 θυτέρων
525 1195 731 1264 αὐθάδη
760 1196 853 1247 καί
875 1193 1131 1265 θρασεῖαν
1162 1190 1256 1243 καὶ
1285 1188 1573 1257 ἀνέφικτον
1605 1185 1847 1256 ἔρευναν,

260 1289 355 1340 καὶ
397 1286 500 1357 τῆς
548 1288 605 1338 έν
654 1284 967 1357 συμμετρίᾳ
1014 1281 1127 1335 τῶν
1170 1280 1515 1351 θεομιμήτων
1559 1274 1850 1348 ἐνεργειῶν

259 1378 644 1449 ἀκαταλήκτου
680 1378 774 1431 καὶ
808 1374 1108 1446 ὑψιπετοῦς
1152 1370 1511 1443 ἀεικινησίας.
1555 1366 1715 1421 Ἀλλὰ
1757 1367 1850 1419 καὶ

258 1471 361 1540 τὴν
411 1469 707 1539 θεαρχικὴν
752 1467 968 1537 ἐκείνην
1014 1466 1108 1519 καὶ
1157 1462 1521 1533 πολυτίμητον
1578 1457 1848 1529 ὑμνῳδίαν

260 1561 710 1630 ἑμυσταγωγείτο
730 1598 745 1621 ,
780 1558 874 1612 τοῦ
907 1556 1206 1618 τυποῦντος
1247 1555 1346 1625 τὴν
1394 1555 1581 1624 ὅρασιν
1616 1548 1846 1619 ἀγγέλου

261 1651 406 1707 κατά
453 1652 684 1723 δύναμιν
716 1650 795 1722 τῷ
825 1650 1059 1721 θεολόγῳ
1104 1648 1470 1722 μεταδιδόντος
1514 1644 1614 1714 τῆς
1644 1641 1849 1705 οἰκείας

263 1743 641 1814 ἱεροψωσίας.
690 1743 998 1796 Ἐδίδασκεν
1023 1736 1115 1794 οὖν
1142 1739 1305 1794 αὐτὸν
1330 1735 1616 1799 καὶτοῦτο,
1646 1734 1728 1787 ὄτι
1751 1732 1850 1785 κά-

1239 333 1330 387 DE
1364 326 1696 387 CUELESTI
1731 318 2176 385 IIIERARCIIIA,
2213 313 2364 371 CAP.
2400 309 2534 366 XIII.
3409 292 3513 351 5οῖ

1132 453 1277 525 ἱερὸς
1312 448 1594 516 θεολόγος,
1646 446 1741 497 καὶ
1783 440 1844 494 τδ

1954 438 2050 494 bus
2099 431 2528 493 excitationem,
2561 438 2661 479 nec
2704 436 2809 476 non
2857 414 3279 474 innumerabiles
3326 427 3514 466 eorum

1947 532 2137 602 pedes,
2167 526 2483 593 multasque
2526 518 2696 574 facies
2723 523 2944 571 sanctus
2988 512 3076 566 ille
3117 508 3398 578 theologus
3431 507 3515 560 vi-

1948 627 2122 687 deret,
2155 630 2323 690 utque
2356 617 2456 671 alis
2492 624 2602 667 tam
2636 610 2829 681 pedum
2868 621 3030 676 quam
3069 602 3328 657 facierum
3359 613 3518 669 aspe-

1946 726 2065 770 ctus
2095 719 2436 769 arcerentur,
2466 707 2681 773 ala-que
2708 699 2900 755 mediae
2927 703 3189 766 perpetuo
3232 703 3522 747 moverer.-

1948 816 2056 869 tur,
2098 802 2165 856 ad
2214 796 2605 868 intelligibilem
2654 806 2843 846 eorum
2874 803 2994 858 quae
3036 785 3299 840 cernebat
3340 781 3520 835 scien-

1950 898 2078 951 tiam
2109 891 2503 951 adducebatur,
2546 883 2811 954 explicata
2845 879 2921 934 illi
2953 888 3329 946 supremorum
3359 870 3523 942 spiri-

1950 999 2099 1043 tuum
2134 984 2428 1049 multivaga
2461 980 2800 1052 plurimaque
2840 969 3093 1028 cernendi
3126 966 3403 1028 facultate,
3434 978 3529 1018 sa-r

1949 1094 2151 1149 craque
2175 1091 2365 1133 eormn
2400 1069 2709 1128 reverentia
2739 1109 2753 1133 ,
2795 1081 2957 1136 quam
3011 1056 3523 1130 supermundialiter

1950 1174 2212 1229 exhibent
2254 1170 2308 1223 in
2358 1164 2734 1221 sublimiorum
2766 1155 3288 1229 profundiorumque
3317 1156 3522 1221 myste-

1951 1267 2157 1322 riorum
2184 1258 2439 1317 insolenti
2465 1272 2526 1311 ac
2557 1252 2849 1309 temeraria
2881 1242 3386 1319 impenetrabilique
3407 1254 3526 1309 per—

1949 1356 2311 1418 scrutatione,
2346 1367 2446 1407 nec
2480 1364 2593 1403 non
2636 1345 2842 1417 optime
2868 1342 3073 1412 digesta
3106 1338 3273 1391 Deum
3307 1333 3524 1386 imitan-

1950 1455 2083 1509 tium
2112 1449 2391 1505 actionum
2440 1438 2750 1496 incessabili
2799 1446 2855 1491 et
2899 1430 3221 1489 altivolante
3265 1432 3529 1496 perpetua

1949 1547 2213 1601 motione.
2242 1541 2384 1611 Quin
2430 1549 2484 1596 et
2520 1538 2763 1596 divinum
2807 1533 2938 1588 illud
2983 1524 3528 1602 praestantissimum-

1949 1655 2055 1710 que
2089 1637 2267 1692 laudis
2297 1635 2571 1692 canticum
2613 1628 2878 1691 discebat,
2918 1622 3107 1694 angelo
3136 1619 3230 1690 qui
3260 1616 3530 1671 visionem

1952 1729 2317 1793 eﬂ‘ormabat,
2367 1735 2527 1798 prout
2577 1730 2826 1795 poterat,
2874 1717 2974 1788 ipsi
3016 1714 3267 1783 tlteologo
3313 1722 3524 1765 sacram

262 1802 455 1905 θάρσίς
488 1802 746 1898 ἑστι-τοίς
777 1832 1028 1887 ὁπωσοῦν
1062 1832 1321 1904 καθαροῖς
1356 1828 1514 1900 ἡτῆς
1553 1824 1850 1897 θεαρχικῆς

1954 1838 2105 1878 suam
2137 1820 2418 1878 scientiam
2453 1814 2914 1871 communicante.
2944 1807 3083 1875 Quin
3119 1812 3173 1859 et
3214 1805 3316 1858 hoc
3348 1802 3525 1869 ipsum

258 1890 542 1995 διάυγέίας
591 1890 951 1996 ἁγνότητοςη
992 1926 1071 1989 ὡς
1112 1890 1333 1994 ἐφικτὸν
1378 1890 1669 1991 μετουσία..
1690 1890 1849 1989 ’Ᾱύτὴ

1954 1914 2230 1977 edocebat,
2263 1911 2538 1982 quomodo
2590 1906 2787 1962 divinas
2833 1898 3100 1957 claritatis
3137 1909 3202 1950 ac
3244 1890 3527 1948 munditiei

258 2020 315 2073 δὲ
339 2019 403 2083 ⁸⁸,
442 2018 581 2091 πρὸς
618 2018 790 2087 αὐτῆς
833 2018 1091 2090 θεαρχίας
1132 2014 1496 2089 ὲξῃρημέναις
1528 2012 1730 2075 αἰτίαις
1770 2012 1850 2075 είς

262 2112 472 2172 πάντας
492 2112 621 2175 τοὺς
649 2110 830 2180 ἱεροὺς
862 2110 987 2173 νόας
1018 2108 1328 2179 ὑπερουσίῳ
1351 2105 1677 2178 κρυφιότητι
1703 2103 1852 2157 τελε-

259 2200 640 2272 τουργουμένη
670 2201 709 2231 ¹⁷
742 2202 863 2263 ταῖς
904 2202 1033 2271 περὶ
1071 2198 1239 2269 αὐτὴν
1273 2198 1349 2261 ὼς
1389 2197 1719 2269 ὑπερτάταις
1758 2194 1852 2246 δυ-

262 2294 517 2363 νάμεσιν,
549 2291 918 2363 ὲκφανεστέρα
953 2291 1070 2358 πώς
1111 2293 1227 2345 ἐστι
1268 2291 1362 2343 καὶ
1406 2289 1604 2360 μᾶλλον
1655 2288 1853 2359 ἑαυτὴν

260 2382 512 2451 ἐκφαίνει
536 2384 630 2437 καὶ
661 2384 960 2438 διαδίδωσιν
980 2401 992 2413 ’
1032 2383 1124 2437 ἐπὶ
1150 2383 1207 2437 δὲ
1230 2382 1337 2435 τῶν
1380 2381 1647 2453 δευτέρων
1679 2380 1712 2452 ῆ
1742 2378 1853 2433 τῶν

263 2477 511 2547 ἐσχάτων
558 2478 716 2549 ἡμῶν
749 2477 949 2550 νοερῶν
970 2480 1014 2511 ¹⁸
1055 2479 1335 2549 δυνάμεων
1358 2517 1372 2543 ,
1423 2477 1497 2540 ὡς
1535 2476 1702 2547 αὐτῆς
1728 2475 1853 2528 ἐκά-

265 2586 365 2639 στη
410 2569 557 2622 κατά
585 2570 647 2623 τὸ
692 2570 923 2634 θεοειδὲς
961 2569 1261 2641 διέστηκεν,
1297 2569 1439 2623 οὕτω
1464 2569 1563 2640 τὴν
1591 2568 1765 2637 φανὴν
1810 2567 1853 2598 ¹⁹

264 2661 438 2731 αὐτῆς
479 2660 746 2731 ἕλλαμψιν
795 2663 1015 2731 συνάγει
1053 2663 1191 2735 πρὸς
1230 2662 1292 2715 τὸ
1318 2660 1421 2731 τῆς
1478 2660 1683 2723 οἰκείας
1723 2676 1847 2731 κρυ·

266 2754 527 2824 φιότητος
568 2754 766 2807 ένιαῖον
808 2754 1108 2823 ἄγνωστον.
1163 2752 1458 2825 Ἐλλάμπει
1501 2751 1558 2805 δὲ
1588 2753 1702 2814 τοῖς
1733 2749 1855 2805 καθ’

262 2838 500 2893 ἕκαστον
531 2839 803 2911 δευτέροις
827 2838 916 2895 διὰ
942 2838 1051 2891 τῶν
1078 2838 1329 2911 πρώτων,
1363 2838 1476 2900 καὶ,
1504 2838 1551 2890 εί
1571 2836 1652 2889 δεῖ
1668 2835 1856 2890 συντό-

274 2946 389 2997 μως
431 2930 640 2992 εἰπεῖν,
673 2928 905 2999 πρώτως
942 2929 1007 2982 ὲκ
1038 2929 1131 2982 τοῦ
1164 2930 1396 3001 κρυφίου
1427 2928 1564 2998 πρὸς
1588 2927 1649 2980 τὸ
1674 2928 1855 2998 ἐμφα-

269 3019 359 3081 νὲς
390 3019 583 3087 ἄγεται
611 3020 700 3073 διὰ
720 3021 828 3074 τῶν
866 3019 1098 3093 πρώτων
1127 3021 1430 3091 δυνάμεων.
1466 3018 1640 3079 Τοῦτο
1667 3018 1800 3088 γοῦν
1828 3020 1857 3072 ό

270 3110 524 3180 θεολόγοις
563 3111 878 3167 ἐδιδάσκετο
912 3115 1049 3186 πρὸς
1083 3112 1176 3167 τοῦ
1208 3111 1670 3183 φωαγωγοῦπος
1692 3109 1855 3164 αὐτὸν

1955 2023 2053 2080 pro
2110 2005 2374 2074 cujusque
2428 2011 2592 2069 captu
2649 1994 3040 2069 participatio,
3092 2002 3314 2059 quoquo
3368 1982 3530 2080 modo

1954 2074 2169 2149 mundis
2193 2092 2357 2148 etiam
2389 2097 2533 2145 esset
2564 2084 2884 2157 expiationi.
2918 2081 3049 2149 Quae
3082 2093 3205 2133 cum
3240 2074 3526 2147 prtecipuis

1954 2187 2023 2242 de
2052 2188 2239 2241 causis
2268 2200 2297 2238 a
2332 2184 2424 2239 Dei
2454 2181 2759 2254 principatu
2792 2178 2846 2232 in
2881 2175 3097 2231 cunctis
3126 2172 3301 2229 sacris
3332 2167 3526 2224 menti-

1954 2279 2058 2333 bus
2088 2273 2537 2347 superessentiali
2588 2271 2823 2342 quodam
2870 2278 3081 2324 secreto
3123 2272 3395 2336 operatur,
3438 2274 3532 2315 su-

1956 2370 2158 2441 premis
2196 2378 2373 2424 tamen
2424 2366 2719 2421 virtutibus
2771 2361 2990 2433 Deoque
3032 2355 3301 2429 proximis
3351 2354 3532 2408 mani-

1954 2462 2146 2517 festior
2192 2458 2594 2531 quodammodo
2639 2457 2857 2522 existit;
2912 2455 3094 2524 iisque
3145 2450 3318 2520 magis
3342 2465 3404 2505 se
3433 2464 3534 2504 ex-

1955 2554 2142 2611 planat
2192 2562 2248 2607 et
2318 2551 2609 2613 insinuat;
2644 2548 2904 2605 secundis
2961 2559 3091 2599 vero
3148 2541 3534 2599 novissimisve

1956 2644 2165 2699 nostris
2195 2642 2493 2698 virtutibus
2524 2642 2674 2696 hisce
2702 2638 3065 2710 spiritalibus,
3111 2645 3275 2705 prout
3304 2647 3533 2703 quaeque

1955 2750 1985 2787 a
2019 2733 2389 2790 deiformitate
2420 2733 2535 2803 ipsa
2565 2732 2768 2797 distat,
2805 2731 2880 2785 ita
2909 2730 3114 2785 claram
3147 2727 3265 2797 ejus
3298 2726 3533 2783 illustra-

1957 2828 2159 2882 tionem
2190 2829 2258 2881 ad
2289 2826 2490 2881 secreti
2530 2823 2613 2878 sui
2641 2823 2968 2894 singularem
2995 2820 3209 2876 confert
3238 2818 3533 2888 ignoratio-

1957 2934 2100 2973 nem.
2128 2917 2412 2973 Secundas
2436 2929 2601 2986 porro
2621 2911 2901 2981 sigillatim
2923 2925 3020 2980 per
3044 2910 3250 2980 primas
3272 2907 3531 2969 illustrat,

1956 3020 2013 3067 et
2042 3019 2102 3065 ut
2129 3008 2444 3065 summatim
2477 3008 2676 3071 dicam,
2704 3005 2954 3076 primitus
2982 3018 3047 3057 ex
3072 3002 3285 3057 occulto
3313 3002 3364 3054 in
3384 3016 3536 3070 aper-

1959 3113 2072 3158 tum
2105 3100 2325 3157 ducitur
2361 3115 2459 3172 per
2492 3100 2724 3154 virtutes
2773 3097 3002 3167 primas.
3046 3092 3158 3149 IIoc
3179 3092 3346 3164 igitur
3377 3093 3532 3147 theo-

270 3201 531 3270 ἀγγέλου,
565 3203 627 3257 τὸ
669 3204 769 3277 τὴν
816 3182 1081 3277 κάθαρσιν
1109 3205 1201 3258 καὶ
1230 3204 1409 3268 πάσας
1429 3203 1527 3267 τὰς
1551 3203 1848 3274 θεαρχικὰς

1954 3195 2111 3265 legus
2147 3194 2214 3249 ab
2262 3192 2476 3263 angelo,
2524 3191 2617 3262 qui
2651 3190 2830 3259 ipsum
2867 3187 3215 3252 illustrabat,
3264 3182 3532 3245 discebat,

271 3294 587 3366 ἐνεργείας,
623 3296 712 3349 διά
752 3296 863 3351 τῶν
896 3295 1126 3368 πρώτων
1165 3296 1360 3350 οὐσιῶν
1410 3295 1852 3367 ἀναλαμπούσας,

273 3386 353 3447 είς
384 3387 565 3451 πάσας
594 3387 693 3451 τὰς
720 3386 912 3451 λοιπὰς
944 3387 1266 3441 διαδίδοσθαι
1313 3386 1455 3441 κατά
1487 3388 1586 3459 τὴν
1618 3385 1857 3455 ἑκάστης

274 3476 413 3547 πρὸς
454 3476 555 3542 τὰς
589 3477 914 3549 θεουργικάς
952 3478 1244 3549 μετουσίας
1283 3477 1601 3547 ἀναλογίαν·
1644 3475 1725 3529 διὸ
1765 3475 1859 3528 καὶ⁸

272 3569 372 3640 τὴν
413 3570 701 3640 ὲμπυρίως
732 3571 1069 3643 καθαρτικὴν
1108 3571 1347 3641 ἰδιότητα
1372 3574 1487 3634 τοῖς
1515 3570 1756 3641 σεραφὶμ
1784 3568 1861 3619 εί-

274 3662 451 3725 κότως
481 3662 624 3733 μετά
655 3664 786 3717 Θεὸν
822 3664 1186 3720 ἀνατέθεικεν.
1226 3664 1392 3719 Οὐδὲν
1423 3657 1517 3716 οὖν
1552 3664 1770 3724 ἄτοπον,
1811 3662 1859 3714 εἰ

276 3754 566 3826 καθαίρειν
605 3755 820 3825 λέγεται
853 3757 945 3811 τὸν
979 3758 1226 3826 θεολόγον
1258 3758 1287 3812 6
1330 3756 1590 3829 σεραφίμ.
1632 3754 1719 3817 Ὠς
1752 3752 1861 3823 γὰρ

274 3848 304 3899 ὁ
333 3846 468 3909 Θεὸς
507 3847 758 3918 καθαίρει
796 3849 1006 3912 πάντας
1042 3848 1121 3918 τῷ
1163 3847 1344 3918 πάσης
1375 3845 1694 3918 καθάρσεως
1725 3839 1861 3897 εἶναι

273 3938 452 4001 αἰτίας
473 3939 542 4004 ⁸⁸,
576 3938 774 4010 μᾶλλον
807 3940 864 3992 δὲ
914 3939 1302 4012 (παραπλησίῳ
1327 3938 1437 4011 γὰρ
1460 3938 1733 4009 χρήσομαι
1760 3952 1863 3989 πα-

278 4030 653 4102 ραδείγματι),
680 4030 930 4103 καθάπερ
963 4032 991 4083 ὁ
1018 4031 1139 4084 καθ’
1169 4032 1315 4102 ἡμᾶς
1346 4030 1605 4101 ίεράρχης
1630 4026 1718 4079 διὰ
1752 4026 1862 4079 τῶν

278 4121 445 4175 αὐτοῦ
492 4121 823 4194 λειτουργῶν
860 4121 894 4192 ἢ
955 4121 1145 4194 ἱερέων
1190 4120 1469 4193 καθαίρων
1512 4119 1546 4191 ἢ
1592 4116 1861 4188 φωτίζων,

276 4214 439 4276 αὐτὸς
503 4213 724 4283 λέγεται
783 4213 1067 4285 καθαίρειν
1131 4214 1226 4267 καὶ
1300 4210 1556 4283 φωτίζειν
1624 4210 1733 4264 τῶν
1794 4209 1864 4262 δι’

275 4304 442 4359 αὐτοῦ
500 4306 922 4378 καθιερωμένων
978 4305 1185 4371 τάξεων
1240 4305 1328 4357 ἐπ’
1380 4302 1541 4357 αὐτὸν
1591 4301 1863 4355 ἀνατιθει-

279 4398 387 4451 σῶν
431 4397 534 4462 τὰς
573 4396 776 4459 οἰκείας
840 4395 991 4468 ἱερὰς
1035 4394 1339 4465 ἐνεργείαςο
1412 4392 1554 4447 οὕτω
1618 4392 1713 4446 καὶ
1768 4390 1865 4463 τὴν

277 4489 488 4542 οἰκείαν
542 4488 880 4561 καθαρτικὴν
928 4488 1239 4558 ἐπιστήμην
1288 4486 1383 4539 καὶ
1422 4484 1653 4557 δύναμιν
1694 4485 1723 4537 6
1766 4484 1866 4556 τὴν

1953 3284 2226 3355 quomodo
2251 3301 2375 3339 cum
2407 3285 2640 3353 ipsamet
2672 3281 2952 3352 expiatio,
3005 3291 3120 3333 tum
3168 3287 3383 3333 caetera:
3432 3273 3532 3329 Dei

1953 3374 2284 3447 principales
2300 3375 2646 3446 operationes
2674 3386 2885 3436 omnes,
2924 3385 3022 3439 per
3042 3370 3245 3441 primas
3265 3366 3533 3422 essentias

1954 3468 2257 3533 elucentes,
2306 3468 2358 3522 in
2406 3481 2599 3522 omnes
2648 3465 2890 3533 reliquas
2937 3460 3354 3524 distribuantur,
3380 3458 3533 3529 juxta

1955 3560 2251 3630 cujuslibet
2282 3560 2348 3614 ad
2390 3560 2617 3614 deiﬁcas
2647 3556 3109 3630 participationes
3135 3553 3528 3622 capacitatem:

1955 3666 2293 3727 quapropter
2342 3669 2442 3726 per
2489 3654 2672 3723 ignem
2702 3651 2965 3721 expiandi
3003 3649 3392 3720 proprietatem
3419 3662 3534 3702 nte-

1957 3752 2063 3805 rito
2094 3751 2229 3820 ipsis
2261 3749 2540 3819 seraphim
2592 3745 2892 3801 secundum
2943 3742 3114 3797 Deum
3162 3743 3374 3797 tribuit.
3423 3739 3531 3795 Ne-

1957 3857 2233 3912 quaquam
2264 3842 2431 3913 igitur
2461 3836 2759 3895 absurdum
2792 3836 2882 3901 sit,
2908 3836 2951 3890 si
2979 3834 3289 3905 theologum
3314 3833 3536 3903 expiare

1959 3935 2238 4005 seraphim
2268 3933 2609 4006 perhibetur.
2638 3930 2706 3986 Ut
2737 3930 2884 3986 enim
2917 3930 3083 3993 Deus,
3109 3929 3212 3983 hoc
3242 3929 3359 3997 ipso
3390 3928 3533 3998 quod

1959 4030 2140 4087 omnis
2173 4026 2506 4100 expiationis
2534 4040 2703 4081 causa
2735 4025 2829 4092 sit,
2857 4038 3048 4079 omnes
3070 4022 3343 4093 puriﬁcat,
3376 4018 3536 4091 115

1959 4122 2046 4180 vel
2070 4126 2255 4193 potius
2282 4122 2367 4188 (ut
2396 4121 2568 4191 magis
2595 4118 2754 4174 obvio
2779 4115 3028 4187 exemplo
3050 4114 3193 4186 utar)
3226 4116 3367 4169 sicut
3393 4114 3534 4182 apud

1961 4234 2063 4275 nos
2101 4216 2371 4289 pontifex,
2404 4217 2531 4270 dum
2562 4230 2659 4285 per
2710 4212 3001 4268 ministros
3049 4225 3179 4266 suos
3211 4225 3305 4265 seu
3350 4222 3534 4264 sacer-

1960 4314 2116 4368 dotes
2158 4311 2368 4380 expiat,
2414 4308 2783 4368 illuminatve.
2829 4307 3059 4376 ipsemet
3087 4304 3312 4373 expiare
3334 4312 3389 4357 et
3414 4302 3536 4357 illu-

1961 4408 2172 4462 minare
2220 4405 2440 4468 dicitur,
2474 4403 2617 4473 quod
2650 4401 2723 4455 illi
2777 4401 3017 4463 ordines,
3059 4413 3195 4468 quos
3223 4407 3533 4461 consecrat,

1961 4505 2345 4554 sacrosanctos
2371 4511 2500 4553 suas
2532 4496 2585 4550 in
2618 4495 2794 4564 ipsum
2841 4493 3082 4548 referant
3129 4490 3379 4545 actiones
3412 4510 3423 4543 :
3455 4491 3537 4541 sic

277 4580 549 4652 κάθαρσιν
585 4580 681 4633 τοῦ
728 4580 976 4649 θεολόγου
1016 4578 1386 4651 τελετουργῶν
1407 4577 1451 4610 ’⁸
1480 4577 1741 4647 ἄγγελος,
1773 4576 1854 4628 ἐπὶ

1962 4591 2190 4661 angelus
2213 4602 2433 4659 quoque
2452 4587 2546 4657 qui
2578 4585 2891 4655 theologum
2944 4582 3228 4652 expiabat,
3260 4578 3534 4650 propriam

277 4672 409 4725 Θεὸν
435 4671 539 4742 μὲν
562 4671 639 4734 ὡς
658 4669 859 4753 αἴτιον,
889 4670 980 4722 ἐπὶ
1005 4667 1061 4721 δὲ
1080 4667 1186 4721 τῶν
1212 4667 1453 4739 σεραφὶμ
1474 4665 1550 4728 ὡς
1577 4680 1862 4736 πρωτουρ-

279 4762 371 4829 γὸν
408 4762 707 4833 ἱεράρχην,
757 4759 1089 4829 ἀνατίθησιν·
1127 4758 1203 4823 ὡς
1235 4759 1300 4812 ἄν
1331 4775 1414 4820 τις
1443 4756 1596 4827 φαίη,
1630 4756 1747 4826 μετ’
1772 4755 1863 4807 εὐ-

280 4851 501 4916 λαϐείας
532 4850 830 4921 ἀγγελικῆς
860 4850 954 4903 τὸν
983 4850 1075 4902 ὐπ’
1103 4847 1270 4902 αὐτοῦ
1304 4847 1696 4919 καθαιρόμενον
1724 4845 1864 4899 ἐκδι-

1962 4681 2232 4754 purgandi
2284 4682 2395 4735 vim
2452 4688 2617 4749 atque
2666 4675 2956 4733 scientiam
3014 4674 3126 4729 Deo
3179 4672 3423 4741 quidem,
3476 4678 3538 4722 ut

1959 4774 2195 4841 auctori,
2228 4772 2501 4842 seraphim
2536 4786 2688 4835 vero,
2722 4778 2978 4837 tanquam
3015 4765 3332 4837 primicerio
3362 4777 3543 4818 sacro-

1960 4886 2083 4925 rum
2130 4867 2393 4931 antistiti,
2430 4865 2706 4930 attribuit;
2741 4879 2804 4918 ac
2834 4864 2881 4917 si
2914 4862 3085 4927 dicat,
3120 4874 3245 4915 cum
3286 4856 3535 4925 angelica

277 4943 512 4997 δάσκων·
546 4942 667 4997 Ὀτι
693 4943 793 5014 τῆς
823 4942 903 5006 είς
927 4941 985 4995 σὲ
1010 4941 1147 5013 πρὸς
1173 4939 1306 5013 ἐμοῦ
1333 4936 1854 5010 τελετουργουμένης

1956 4961 2195 5030 quadam
2231 4957 2537 5013 reverentia
2566 4972 2691 5010 eum
2724 4956 2817 5024 qui
2844 4952 3182 5025 purgabatur
3208 4950 3534 5005 instituens:

282 5037 602 5108 καθάρσεως
648 5036 791 5108 ἀρχὴ
827 5036 926 5107 μέν
960 5038 1106 5089 ἐστιν
1151 5033 1497 5107 ἐξῃρημένη,
1529 5032 1624 5084 καὶ
1668 5028 1856 5091 οὐσία,

282 5131 375 5183 καὶ
412 5128 744 5200 δημιουργὸς
774 5130 869 5183 καὶ
900 5129 1090 5193 αἴτιος,
1125 5131 1153 5181 6
1186 5124 1399 5190 καὶτὰς
1423 5123 1645 5194 πρώτας
1676 5121 1862 5183 οὐσίας

1959 5054 2089 5124 Ejus
2133 5066 2255 5120 qna:
2287 5052 2340 5104 in
2374 5059 2424 5104 te
2456 5064 2578 5104 meo
2615 5046 2923 5102 ministerio
2950 5043 3236 5113 perﬁcitur
3271 5039 3538 5115 expiatio-

1966 5148 2053 5202 nis
2080 5185 2095 5210 ,
2130 5144 2461 5214 principium
2507 5140 2731 5212 quidem
2785 5138 3118 5209 praecipuum
3141 5175 3157 5201 ,
3185 5143 3242 5189 et
3288 5131 3532 5188 essentia

1555 5326 1790 5382 VARIJE
1830 5324 2233 5383 LECTIONES.

350 5486 398 5568 "’_
438 5487 520 5549 εἰς
549 5488 653 5568 ῖὴν
684 5484 799 5568 τῶκζ
827 5486 1196 5568 ὑψηλοτέρων,
1223 5488 1284 5543 D.
1366 5488 1408 5519 ¹⁵
1434 5487 1872 5568 καιάγνότητος,
1910 5489 1973 5543 D.
1997 5500 2053 5541 et
2080 5485 2217 5568 But].
2244 5481 2585 5568 Ἆηδιαυγίας
2627 5478 2947 5568 ἀγνότητος.
2992 5470 3274 5568 ἀγνρξλξος,
3297 5467 3531 5568 ἐξίοι-ξξὲ-

786 5558 799 5569 θ

280 5566 440 5627 rapte
485 5535 719 5627 opiu'or;
752 5535 891 5627 ejus1
916 5535 1161 5627 I'ectioItis
1183 5535 1382 5613 ,tamen
1411 5535 1700 5627 vestigium
1740 5535 2493 5627 ééi'i’nIiéﬁsis‘tibnéscqu;
2526 5535 2694 5627 vertit
2712 5535 3231 5627 ερίιὶι,“ἰηι;ρέιηξιὶε.’
3297 5538 3341 5627 ίξ
3370 5535 3529 5627 αὐτηᾶ

306 5625 355 5659 Ἰ.
408 5626 449 5659 n
549 5628 590 5659 l7
621 5625 1005 5659 ρεὶερὲιηι..λι-ι
1067 5626 1109 5659 n
1208 5628 1251 5659 18
1285 5630 1317 5659 ιι.
1349 5629 1459 5659 ...τιη
1502 5625 1660 5659 ἀιῖἰΐιυ
1708 5628 1753 5659 υ
1806 5628 1842 5659 ι)
1895 5628 1974 5659 ΡΙ.
2029 5628 2098 5659 αι.
2155 5626 2187 5659 Ω

279 5625 377 5704 Clu.
408 5626 468 5680 [ι.
525 5623 590 5659 ί¹⁷
621 5623 1029 5699 τελεσὶουμένη,
1066 5626 1130 5683 D.
1208 5628 1251 5660 “
1285 5630 1320 5699 ὴ
1349 5629 1459 5683 τῶν
1502 5623 1681 5700 ἡμῶν,
1708 5628 1779 5681 Μ.
1805 5628 1863 5680 Ρ.
1895 5628 2000 5685 Ch.
2029 5628 2120 5694 Sc.
2155 5626 2279 5680 Sar.
2306 5623 2339 5694 ἢ
2370 5623 2480 5675 τῶν
2515 5623 2623 5691 πρὸ
2666 5623 2843 5690 ἡμῶν,
2876 5623 2937 5669 1).
2984 5623 3042 5666 ν.
3066 5626 3175 5664 των
3215 5623 3455 5678 εσχατων
3496 5623 3527 5676 η

279 5710 385 5747 των
414 5697 595 5762 μέσων
629 5698 853 5762 νοερῶν.
979 5701 1019 5732 ⁸³
1047 5716 1136 5762 γρ.
1179 5700 1425 5762 φαεινήν.
1554 5700 1599 5732 ²⁰
1623 5694 1762 5753 εἶναι
1789 5698 1957 5762 αίτία,
1990 5700 2046 5754 υ.
2096 5696 2152 5752 S.
2183 5695 2245 5754 P.
2272 5692 2409 5748 εἶναι
2435 5692 2582 5747 αίτία
2610 5692 2700 5745 καὶ
2735 5688 2898 5759 ἀρχή,
2938 5685 3034 5738 Ch.
3080 5682 3141 5737 ν.
3166 5677 3301 5734 εἶναι
3338 5676 3527 5738 αἴτιος.

410 5697 595 5779 μέσων
629 5698 853 5779 vos

283 5700 869 5797 If’l'i‘fﬁ‘fli‘éifml'.
979 5701 1019 5732 "
1047 5716 1136 5771 γρ·
1179 5700 1425 5771 φαεινήν·

346 5767 762 5839 τελεσιουργῶν,
792 5767 893 5824 Ch.

2370 5606 2492 5675 τῶν
2515 5621 2623 5691 πρὸ
2666 5606 3175 5691 ήμῶν,-ἶ).ηγ.’τῷν
3194 5608 3455 5691 ’ἐσχάτων
3496 5606 3530 5676 ἦ
