3908 6232
240 253 358 310 509
760 254 847 309 DE
878 256 1208 313 C(ELESTI
1246 257 1672 315 HIERARCIIIA
1694 302 1708 326 ,
1742 259 1893 316 CAP.
1933 262 2070 317 XIII.
2109 296 2176 305 —-
2210 259 2554 317 PARAPIIR.
2590 259 3054 321 PACIIYMERE.
3425 268 3551 324 310*

242 366 785 508 gmiggtns‘pecies
815 386 1014 428 arcana
1050 376 1385 445 prophetiae,
1422 393 1527 431 non
1580 390 1804 447 possum
1857 376 2167 445 aﬂirmarc;
2218 378 2360 433 Deus
2411 379 2805 448 prophetarum
2852 378 3044 445 novit,
3083 384 3138 432 et
3176 379 3373 449 quibus
3400 381 3529 436 talia

615 475 631 491 ο
675 461 694 493 9
818 488 823 491 ,

324 507 463 562 Nota
506 520 694 590 autem
724 526 792 566 ex
826 513 898 581 ;P.
930 514 1185 590 Cornelio
1213 531 1487 590 congruas
1523 517 1735 588 aliquot
1767 519 2015 590 rationes
2045 518 2207 588 hujus
2249 520 2498 575 visionis.
2540 519 2746 583 Prima,
2778 530 2837 574 ιιι
2865 534 2963 589 per
2993 534 3112 574 eam
3145 520 3299 590 quasi
3330 536 3524 576 conse-

244 590 505 665 craretur
538 583 807 665 propheta
840 585 1227 665 etapostolus.
1257 583 1554 665 _Secunda.,_
1582 583 1639 641 ut
1671 605 1701 642 a
1740 589 2061 665 cmlestibus
2111 583 2399 665 spiritibus
2430 592 2688 665 disceret,
2720 583 2995 665 quonjodo
3024 583 3212 644 divina
3246 594 3525 665 tractanda

246 650 386 701 siut.
436 650 1164 730 'l‘_ertia',_ut_animaretur
1194 673 1222 710 a
1256 659 1368 730 Deo
1401 659 1466 712 ad
1501 650 1672 713 libere
1726 660 2080 730 arguendam
2121 650 2425 730 caecitatem
2470 650 2801 714 Judzeorum.
2845 660 3087 726 Quarta,
3140 671 3198 714 ut
3243 663 3528 717 doceretur

249 722 605 801 ιιιγειειῆιιηι⁸
633 720 740 801 SS_.
789 723 1116 801 Trinitatis,
1165 737 1219 801 et
1260 728 1419 783 nobis
1458 730 1607 801 idem
1653 720 2041 801 adumbraret.
2072 729 2235 784 Plura
2275 733 2398 786 vide
2439 734 2580 800 apud
2631 730 2688 782 P.
2740 720 3088 796 Cornelium,
3116 732 3208 801 qui
3254 736 3321 786 ad
3364 742 3530 801 caput.

246 789 660 916 :ﬁgmlflssaie
691 796 835 847 hanc
871 798 1140 851 visionem
1191 798 1311 854 fuse
1349 799 1630 870 explicat,
1677 809 1732 855 et
1775 799 1945 853 simul
1987 799 2079 853 illa
2125 814 2248 869 qua:
2296 789 2555 872 superius
2583 801 2651 856 ad
2686 812 2849 871 caput
2878 789 3089 857 sextum
3132 789 3191 858 et
3237 789 3524 872 septimum

1311 1071 1799 1129 PARAPHRASIS
1834 1072 2279 1129 PACHYMERAS
2317 1074 2450 1145 (18).

325 1223 355 1295 §
396 1222 440 1278 Ι.
482 1225 621 1296 Φέρε
661 1226 755 1279 καὶ
804 1227 1001 1298 ἑτέραν
1044 1226 1282 1299 ἀπορίαν
1316 1228 1681 1299 ζητήσωμεν,
1729 1226 1841 1281 ἐπεῖ

2034 1227 2061 1300 ς
2103 1226 2144 1281 1.
2184 1228 2426 1299 Agedum
2474 1230 2641 1284 etiam
2686 1229 2849 1284 aliam
2901 1231 3256 1300 quaestionem
3308 1231 3529 1299 indage-

245 1320 633 1388 ἐναντιοφανές
680 1316 820 1373 εῖναι
871 1321 1020 1375 δοκεῖ
1068 1326 1183 1386 τοῖς
1228 1322 1526 1393 λεχθεῖσιν·
1578 1324 1684 1395 ἔφη
1737 1324 1841 1396 γὰρ

1954 1336 2108 1385 mus,
2140 1321 2400 1389 quoniam
2438 1323 2649 1377 videtur
2692 1338 2816 1378 esse
2850 1324 3011 1379 dictis
3054 1324 3361 1378 contraria:
3390 1325 3530 1378 dixit

247 1412 357 1483 πρὸ
402 1410 635 1474 τούτων,
682 1412 764 1465 ὅτι
812 1411 883 1465 τὰ
923 1412 1208 1486 κατώτερα
1240 1416 1345 1468 ὑπὸ
1371 1416 1481 1469 τῶν
1514 1418 1844 1489 ὑπερκειμέ-

246 1522 377 1567 νων,
406 1504 468 1558 ού
502 1504 613 1576 μὴν
638 1505 746 1558 τῶν
772 1505 1035 1560 ἀνωτάτω
1059 1507 1341 1577 μυοῦνται.
1372 1509 1514 1579 Ὅρα
1542 1509 1621 1572 δέ,
1649 1510 1730 1562 ὅτι
1753 1511 1846 1563 καὶ

244 1594 369 1646 τότε
398 1594 645 1667 ἐζητήθη
661 1596 855 1661 ταῦτα,
880 1598 972 1651 καὶ
1006 1598 1279 1670 διαφόρως
1304 1601 1561 1673 ἐπελύθη.
1591 1603 1845 1671 Ζητείται

242 1686 379 1759 γὰρ,
408 1688 561 1752 τίνος
585 1687 753 1742 ἕνεκα
795 1690 936 1761 πρὸς
972 1690 1065 1745 τὸν
1098 1692 1326 1745 Ἡσαΐαν
1362 1694 1390 1745 6
1429 1695 1671 1764 σεραφὶμ
1710 1695 1845 1748 ἀπο-

245 1778 569 1843 στέλλεται,
622 1780 715 1833 καὶ
759 1781 860 1834 οὐκ
906 1782 972 1835 ἐκ
1006 1781 1117 1835 τῶν
1175 1783 1475 1837 κατωτάτω
1518 1783 1842 1853 ταγμάτων,

242 1870 369 1923 ἐπεὶ
396 1871 690 1942 ἐλέγομεν,
725 1871 1007 1936 εὐτάκτως
1050 1875 1085 1944 ἡ
1135 1872 1336 1944 μύησις
1358 1874 1566 1943 γίνεται
1606 1873 1695 1926 διὰ
1734 1873 1845 1928 τῶν

243 1962 485 2032 πρώτων
534 1964 617 2027 εἰς
650 1962 721 2017 τὰ
756 1963 1018 2036 δεύτερα·
1066 1964 1157 2019 διὰ
1186 1967 1240 2020 τί
1285 1965 1418 2036 γοῦν
1461 1966 1714 2039 καθαίρει
1752 1968 1844 2022 τὸν

244 2055 538 2125 ὑποφήτην
566 2057 595 2108 6
625 2058 744 2118 ταῖς
777 2056 1038 2110 ἀνωτάτω
1075 2056 1292 2122 τάξεσιν
1316 2058 1663 2131 ἐναρίθμιοςς

320 2145 350 2218 §
393 2146 457 2201 Il.
501 2148 662 2208 Τινὲς
696 2148 796 2218 μὲν
834 2144 929 2202 οὖν
977 2166 1173 2218 φασιν,
1215 2150 1298 2204 ὅτι
1335 2151 1429 2204 καὶ
1469 2153 1497 2204 6
1546 2154 1844 2226 κατωτέρω

239 2236 479 2305 ἄγγελος
529 2239 839 2309 ὁμωνύμως
873 2240 1114 2312 σεραφὶμ
1150 2239 1493 2311 ὀνομάζεται,
1538 2245 1657 2297 κατ’
1684 2245 1844 2298 αὐτὸν

240 2327 337 2379 τὸν
373 2327 479 2397 τῆς
512 2328 799 2393 κοινωνίας
824 2328 1002 2397 λόγον,
1037 2331 1096 2383 ὃν
1126 2332 1220 2385 καὶ
1262 2332 1529 2404 πρότερον
1561 2334 1840 2406 ἐλέγομεν,

239 2420 327 2473 ὅτι
364 2420 657 2491 μετέχουσι
691 2424 785 2477 καὶ
816 2423 886 2477 τά
911 2424 1062 2478 κάτω
1100 2425 1211 2479 τῶν
1244 2427 1720 2499 ὑπερϐεϐηκότων,
1750 2432 1843 2484 καὶ

240 2512 314 2565 τὰ
345 2514 771 2585 ὑπερϐεϐηκότα
812 2518 921 2571 τῶν
955 2520 1107 2572 κάτω
1127 2536 1140 2549 ·
1177 2521 1226 2572 εί
1267 2522 1362 2573 καὶ
1392 2520 1566 2574 ταῦτα
1603 2522 1703 2592 μὲν
1734 2521 1844 2574 ὀλι-

1949 1412 2094 1468 euim
2123 1424 2310 1479 antea,
2343 1412 2633 1469 inferiores
2663 1430 2690 1469 a
2723 1416 3182 1485 prmcedentibus,
3214 1431 3320 1471 non
3346 1427 3527 1472 autem

1951 1518 1981 1556 a
2014 1508 2284 1573 supremis
2314 1504 2522 1561 doceri.
2555 1507 2797 1563 Observa
2841 1519 3045 1575 autem,
3078 1517 3138 1563 ut
3170 1518 3225 1564 et
3259 1508 3374 1565 haec
3402 1518 3529 1565 tunc

1949 1596 2200 1663 quaesita,
2227 1606 2282 1652 et
2310 1596 2682 1654 diversimode
2704 1599 2882 1653 soluta
2906 1600 3035 1655 sint.
3061 1598 3338 1666 Quaaritur
3360 1601 3524 1667 enim,

1948 1702 2047 1740 cur
2075 1689 2140 1741 ad
2165 1685 2361 1742 Isaiam
2392 1691 2667 1760 seraphim
2700 1692 2976 1755 mittatur,
3003 1701 3057 1746 et
3094 1706 3201 1747 non
3228 1692 3430 1762 aliquis
3460 1708 3529 1748 ex

1948 1781 2236 1837 ordinibus
2278 1782 2661 1847 inferioribus,
2707 1784 3152 1854 quandoquidem
3200 1785 3525 1850 dixerimus,

1946 1875 2198 1932 ordinate
2225 1875 2539 1931 doctrinam
2586 1877 2727 1932 tradi
2770 1892 2869 1947 per
2896 1878 3102 1948 primos
3128 1878 3524 1933 inferioribus:

1946 1981 2118 2035 quare
2145 1982 2276 2037 ergo
2306 1968 2636 2037 prophetam
2685 1970 2871 2039 expiat
2915 1970 2964 2024 is
3010 1969 3103 2040 qui
3136 1969 3406 2040 supremis
3435 1985 3529 2026 or-

1947 2058 2165 2115 dinibus
2197 2061 2638 2115 annumeratur?

2018 2151 2047 2224 ς
2082 2151 2144 2206 ΙΙ.
2181 2153 2367 2224 Aliqui
2414 2154 2603 2223 itaque
2636 2153 2850 2221 dicunt,
2906 2154 3224 2211 inferiorem
3270 2155 3525 2225 angelum

1946 2247 2179 2301 univoce
2226 2248 2506 2317 serapbim
2554 2247 2867 2313 nominari,
2921 2249 3221 2304 secundum
3274 2252 3564 2304 eamdem-

1945 2338 2472 2393 communicationis
2502 2339 2766 2394 rationem
2797 2354 2959 2408 quam
3012 2350 3175 2395 antea
3227 2342 3528 2411 assignavi-

1946 2444 2071 2484 mus
2094 2468 2112 2495 ,
2143 2431 2304 2501 117
2336 2432 2480 2501 quod
2511 2430 2772 2486 nimirum
2821 2430 3114 2487 inferiores
3154 2447 3218 2487 ea
3263 2447 3385 2502 qua:
3432 2447 3527 2486 su-

1945 2523 2218 2592 periorum
2270 2535 2399 2580 sunt
2436 2524 2809 2594 participent,
2860 2524 2939 2579 uti
2987 2534 3042 2579 et
3094 2524 3407 2594 superiores
3460 2538 3525 2578 ea

242 2606 359 2669 κῶς
383 2648 398 2671 ,
436 2607 506 2660 τὰ
539 2608 596 2661 δὲ
629 2610 780 2663 κάτω
825 2609 935 2664 τῶν
990 2613 1447 2685 ὑπερϐεϐηκότων
1496 2615 1736 2686 μερικῶς
1781 2634 1840 2669 τε

1948 2630 2065 2684 quae
2095 2626 2221 2671 sunt
2264 2617 2620 2684 inferiorum;
2655 2618 2782 2673 licet
2805 2618 2861 2672 hi
2890 2618 3106 2688 quidem
3145 2618 3414 2682 totaliter,
3444 2618 3523 2672 illi

242 2699 341 2751 καὶ
372 2701 783 2773 ἁμυδροτέρως.
818 2703 917 2756 Διά
940 2703 1101 2757 τοῦτο
1124 2705 1221 2776 οὐχ
1248 2705 1344 2759 ἕνα
1374 2706 1484 2759 τῶν
1518 2708 1841 2779 πρωτίστων

245 2792 497 2864 σεραφὶμ
533 2794 791 2865 ὀνομάζει
828 2796 890 2849 τὸ
933 2796 1114 2866 λόγιον
1153 2800 1248 2853 ἐπὶ
1290 2800 1390 2872 τὴν
1436 2801 1704 2873 κάθαρσιν
1746 2803 1841 2857 τοῦ

242 2886 532 2956 προφήτου
567 2885 919 2956 ἐληλυθέναι,
952 2887 1079 2942 τινὰ
1114 2889 1173 2943 δέ
1214 2891 1323 2943 τῶν
1364 2894 1694 2947 κατωτάτων
1738 2895 1841 2964 ἀγν

243 2976 442 3043 γέλων,
477 2977 574 3029 καὶ
604 2980 719 3041 τοῖς
744 2978 1054 3050 ἀνθρώποις
1092 2982 1493 3053 ἐφεστηκότων,
1521 2985 1597 3048 ὡς
1632 2963 1843 3059 ἱερουρ-

242 3072 341 3139 γὸν
372 3070 478 3140 τῆς
510 3070 833 3143 καθάρσεως
856 3114 870 3138 ,
908 3076 1150 3146 σεραφὶμ
1181 3076 1488 3148 ὁμωνύμως
1538 3080 1801 3151 κληθῆναι
1823 3098 1838 3113 ο

244 3166 498 3235 σεραφὶμ
523 3163 634 3236 γὰρ
666 3166 995 3237 ἐμπρηστὴς
1021 3168 1053 3239 ἢ
1101 3169 1413 3240 θερμαίνων
1454 3173 1837 3244 ἑρμηνεύεται.

254 3255 415 3311 Ἐπεὶ
426 3254 520 3310 οὖν
539 3258 645 3311 ἔδει
661 3259 928 3331 πρότερον
949 3260 1058 3313 ἀπὸ
1074 3261 1181 3315 τῶν
1199 3263 1485 3335 ἁμαρτιῶν
1501 3265 1841 3337 καθαρθῆναι

242 3352 336 3401 τὸν
384 3351 708 3422 προφήτην,
746 3354 837 3406 καὶ
870 3348 987 3405 εἶτα
1014 3354 1291 3432 μυηθῆναι
1316 3355 1385 3409 τά
1417 3356 1553 3422 θεῖα,
1588 3357 1792 3429 ἐκλήθη
1813 3361 1842 3412 6

245 3443 533 3514 καθαίρων
566 3444 660 3496 καὶ
683 3441 1057 3516 ἀναζωπυριῖψ
1084 3447 1311 3515 ἄγγελος
1345 3447 1434 3501 διὰ
1459 3450 1558 3521 τὴν
1586 3450 1841 3523 τοιαύτην

243 3536 539 3605 ἐνέργειαν
572 3535 835 3608 σεραφίμ.
891 3535 981 3598 Ὠς
1018 3536 1146 3603 γοῦν
1178 3538 1500 3609 ἐμπρηστὴς
1531 3539 1629 3604 τὰς
1664 3540 1842 3612 ἀμαρ-

242 3627 364 3691 τίας
383 3628 730 3681 κατέκαυσεν
748 3644 761 3657 ο
784 3627 860 3690 ὡς
880 3627 936 3680 δὲ
958 3627 1266 3700 θερμαίνων
1290 3630 1388 3701 τὴν
1416 3631 1551 3702 πρὸς
1570 3631 1669 3702 τὴν
1690 3632 1840 3685 θείαν

245 3720 498 3792 ὑπακοὴν
532 3722 833 3793 ἐνήργησεν
865 3721 1307 3794 ἀναζωπύρησιν·
1352 3723 1505 3777 Ἰδοὺ
1544 3724 1656 3793 γὰρ
1693 3725 1837 3794 ἐγὼ,

246 3814 435 3885 φησίν.
466 3812 631 3866 Ὅθεν
653 3814 747 3867 καὶ
764 3813 872 3867 ἀπὸ
895 3813 993 3884 τῆς
1026 3815 1303 3885 ἐνεργείας
1332 3816 1535 3887 ἐκλήθη
1560 3817 1588 3868 6
1612 3816 1840 3884 ἄγγελος

250 3906 517 3978 σεραφὶμ,
545 3907 639 3960 καὶ
666 3906 767 3960 οὐκ
797 3902 866 3978 ἦν
903 3903 985 3970 εἷς
1017 3908 1126 3961 τῶν
1159 3907 1299 3980 πρὸς
1336 3908 1428 3961 τὸν
1452 3908 1583 3962 Θεὸν
1614 3910 1709 3962 καὶ
1739 3908 1840 3980 τῆς

247 4001 477 4072 πρώτης
514 3997 742 4065 τάξεως.

321 4192 351 4263 §
392 4192 489 4244 III.
535 4190 761 4260 Ἕτερος
790 4187 848 4241 δέ
882 4205 967 4253 τις
997 4188 1197 4245 δέδωκε
1230 4188 1381 4242 λύσιν
1431 4188 1532 4260 τῆς
1581 4189 1836 4260 τοιαύτης

250 4283 486 4353 ἀπορίας
511 4283 573 4334 ού
600 4283 807 4354 σφόδρα
839 4280 1060 4335 ἄτοπον.
1094 4283 1265 4335 Τοῦτο
1290 4282 1345 4335 δέ
1376 4283 1437 4335 ού
1465 4284 1682 4346 πάντως
1704 4283 1841 4354 πρὸς

252 4378 548 4447 σύγκρισιν
569 4375 665 4428 τοῦ
703 4375 924 4445 μετρίου
949 4374 1192 4444 εἴρηκεν,
1227 4375 1394 4445 ’ήγουν
1426 4376 1587 4446 τυχὸν
1642 4375 1842 4429 ἄτοπον

254 4470 375 4541 μὲν,
413 4467 613 4521 ἀλλὀὐ
649 4466 875 4537 σφόδρα,
910 4466 1049 4521 ἀλλὰ
1083 4465 1319 4537 μετρίως
1353 4466 1573 4521 ἄτοπον.
1611 4468 1686 4520 Οὐ
1720 4465 1843 4520 τοῦ-

248 4579 329 4627 το,
354 4560 497 4615 ἀλλὰ
530 4559 655 4613 οὔτε
691 4560 913 4623 ἄτοπον,
946 4558 1071 4612 οὔτε
1105 4559 1331 4630 σφόδρα,
1366 4559 1508 4613 κατὰ
1563 4561 1749 4631 σχῆμα
1780 4561 1843 4613 τὸ

250 4658 361 4714 ἀπὸ
373 4655 563 4710 κοινοῦ
582 4673 596 4685 ⁸
629 4654 813 4718 καθὼς
848 4655 944 4709 καὶ⁷
959 4656 987 4707 6
1014 4654 1188 4725 μέγας
1207 4653 1508 4726 Γρηγόριος
1531 4655 1559 4708 6
1582 4653 1843 4722 Θεολόγος

250 4748 307 4802 ἐν
336 4766 448 4802 τινι
472 4747 585 4799 τῶν
618 4746 785 4799 αὐτοῦ
819 4746 994 4814 λόγων
1026 4744 1288 4808 διδάσκει,
1328 4746 1404 4809 ὡς
1424 4745 1520 4799 τοῦ
1541 4762 1555 4776 ν
1598 4764 1616 4796 ‹
1646 4745 1720 4798 Οὐ
1754 4742 1842 4796 διὰ

248 4840 347 4904 τὰς
379 4839 732 4900 δικαιοσύνας
765 4836 921 4909 ἡμῶν
942 4837 1009 4900 ἃς
1041 4837 1376 4909 ἐποιήσαμεν
1395 4855 1411 4867 ·
1433 4837 1494 4889 οὐ
1518 4836 1627 4910 γὰρ
1658 4835 1843 4906 ἐποιή-

251 4950 447 5003 σαμεν.
474 4950 494 4982 ι
526 4930 637 4983 Καὶ
662 4929 851 4982 πάλιν·
878 4930 999 4982 Οὐκ
1026 4928 1095 4980 ἐκ
1113 4928 1334 4997 μέτρου
1360 4926 1609 4981 δίδωσιν
1631 4929 1664 4980 ό
1698 4924 1842 4989 Θεὸς

250 5025 315 5079 τὸ
365 5022 629 5091 πνεῦμα,
657 5019 838 5083 καθὼς
871 5018 1026 5091 παρὰ
1074 5018 1153 5089 τῷ
1202 5018 1577 5090 Εύαγγελιστῇ
1616 5018 1840 5088 Ἰωάννῃ

250 5116 503 5188 εὓρηται.
540 5109 678 5166 Εἶπε
711 5111 891 5164 τοίνυν
925 5112 1135 5173 ἐκεῖνος
1161 5109 1457 5180 ἀπολογίαν
1491 5110 1731 5179 εὔλογον,
1760 5110 1842 5163 ὅτι

1949 2724 2083 2764 vero
2109 2717 2319 2763 tantum
2344 2724 2411 2763 ex
2435 2719 2590 2777 parte
2612 2720 2668 2764 et
2693 2709 2996 2765 remissiori
3028 2709 3221 2779 gradu.
3255 2710 3525 2776 Quocirca

1946 2816 2055 2856 non
2089 2800 2225 2854 dicit
2271 2800 2579 2869 oraculum,
2618 2800 2920 2870 primorum
2957 2799 3195 2868 aliquem
3247 2798 3523 2867 serapbim

1944 2892 2011 2947 ad
2042 2892 2371 2963 prophetam
2393 2893 2724 2963 expiandum
2771 2892 3210 2952 advenisse.‘:sed
3235 2892 3524 2961 quemdam

1947 2997 2017 3037 ex
2070 2980 2430 3039 inferioribus
2476 2983 2689 3054 angelis
2746 2982 2838 3052 qui
2899 2981 3216 3037 hominibus
3263 2990 3523 3049 praesunt,

1946 3083 2207 3144 tanquam
2249 3076 2589 3144 expiationis
2620 3075 3036 3135 administrum,
3063 3073 3252 3126 eodem
3286 3087 3409 3126 cum
3440 3086 3526 3126 se-

1945 3168 2158 3237 raphim
2206 3169 2430 3222 nomine
2469 3177 2761 3223 vocatum:
2796 3165 3073 3234 seraphim
3101 3166 3245 3219 enim
3278 3166 3525 3218 incensor

1946 3259 2029 3315 vel
2060 3260 2352 3330 calefactor
2401 3262 2815 3329 interpretatur.
2865 3260 2998 3315 Cum
3052 3260 3238 3328 itaque
3288 3258 3523 3327 primum

1944 3362 2224 3423 oporteret
2254 3370 2282 3407 a
2320 3353 2563 3423 peccatis
2590 3352 2915 3424 prophetam
2950 3351 3162 3421 expiari
3184 3390 3199 3411 ,
3231 3365 3295 3404 ac
3328 3349 3524 3403 deinde

1944 3446 2130 3498 divina
2170 3446 2422 3509 edoceri,
2468 3446 2516 3501 is
2550 3446 2813 3515 angelus,
2847 3444 2940 3514 qui
2985 3457 3109 3497 eum
3160 3440 3414 3509 expiabat
3458 3455 3523 3495 ac

1945 3537 2308 3592 resuscitabat
2331 3577 2345 3601 ,
2379 3544 2601 3605 propter
2634 3536 2941 3590 istiusmodi
2972 3534 3343 3603 operationem
3372 3548 3524 3587 sera-

1945 3628 2095 3697 phim
2129 3629 2454 3683 vocabatur.
2483 3629 2768 3697 Tanquam
2804 3628 3059 3681 incensor
3090 3626 3274 3695 itaque
3298 3634 3522 3695 peccata

1944 3718 2324 3783 comburebat,
2372 3727 2631 3788 tanquam
2665 3716 2961 3771 calefactor
3014 3731 3143 3771 vero
3176 3716 3244 3770 ad
3279 3715 3521 3769 diviuam

1943 3813 2313 3869 obedientiam
2348 3813 2525 3882 ipsum
2553 3812 2849 3866 excitabat.
2880 3808 3019 3864 Ecce
3065 3810 3205 3863 enim
3249 3825 3329 3862 me
3356 3806 3403 3874 ἒ,
3440 3808 3522 3862 iu-

1945 3908 2086 3976 quit.
2113 3906 2295 3974 Quare
2319 3906 2482 3961 etiam
2516 3906 2583 3959 ab
2627 3905 2734 3960 isto
2784 3914 2909 3959 actu
2967 3903 3201 3974 angelus
3240 3903 3520 3971 scraphitn

1868 3986 1910 4043 (ἶ
1946 4008 2175 4055 vocatus
2210 4009 2314 4062 est.
2369 4015 2492 4054 cum
2542 4015 2649 4053 non
2702 4010 2848 4055 esset
2896 4016 3037 4055 unus
3088 4013 3156 4052 ex
3210 3999 3387 4069 primo
3417 3997 3521 4051 isto

1946 4095 2161 4158 ordine,
2193 4104 2248 4147 et
2276 4094 2365 4162 qui
2398 4093 2545 4147 circa
2576 4093 2744 4147 Deum
2772 4102 2921 4149 sunt.

2021 4186 2048 4258 §
2090 4185 2176 4240 ΙΙΙ.
2212 4185 2441 4252 Quidam
2490 4184 2628 4238 alius
2678 4184 2805 4239 item
2835 4199 2941 4238 non
2970 4182 3262 4237 admodum
3315 4182 3516 4235 incon-

1942 4295 2136 4350 gruam
2191 4280 2351 4347 hujus
2385 4276 2707 4348 quaastionis
2734 4276 3057 4331 solutionem
3091 4272 3343 4329 tradidit.
3378 4272 3518 4327 Illud

1943 4382 2125 4429 autem
2160 4386 2269 4426 non
2298 4371 2521 4428 omnino
2572 4371 2639 4424 ad
2667 4369 3136 4440 comparationem
3172 4368 3518 4422 mediocrita.

1947 4468 2016 4521 tis
2042 4464 2247 4529 retulit,
2280 4478 2345 4517 ac
2377 4463 2422 4517 si
2472 4463 2615 4516 forte
2648 4461 2948 4516 absurdum
2994 4460 3237 4530 quidem,
3273 4461 3366 4514 sed
3405 4476 3516 4514 nou

1943 4558 2122 4625 valde,
2154 4567 2211 4613 at
2235 4556 2589 4610 mediocriter
2613 4553 2906 4608 absurdum
2941 4560 3107 4609 esset.
3138 4551 3254 4608 Non
3280 4553 3390 4607 ita:
3419 4553 3515 4606 sed

1942 4665 2119 4720 neque
2173 4650 2494 4713 absurdum,
2544 4660 2721 4716 neque
2768 4645 2927 4700 valde
2980 4644 3297 4710 absurdum,
3356 4644 3513 4714 juxta

1942 4757 2289 4798 communem
2325 4740 2581 4810 loquendi
2619 4740 2875 4804 formam,
2902 4736 3368 4806 quemadmodum
3398 4752 3516 4790 ma-

1943 4849 2084 4902 gnus
2117 4832 2211 4887 ille
2243 4827 2858 4901 GregoriusTheologus
2891 4829 2947 4882 in
2976 4827 3214 4898 quodam
3262 4842 3514 4882 sermone

1943 4940 2042 4980 suo
2067 4925 2248 4989 docet,
2267 4932 2327 4977 ut
2348 4923 2402 4975 iu
2426 4921 2519 4976 illo
2548 4936 2564 4975 :
2593 4919 2741 4975 «Non
2774 4920 3069 4974 secundum
3091 4917 3511 4988 justiﬁcationes

1943 5025 2183 5083 nostras,
2211 5028 2348 5083 quas
2385 5012 2616 5068 fecimus
2649 5027 2785 5077 nos;
2815 5026 2993 5081 neque
3019 5012 3164 5065 enim
3189 5011 3452 5072 fecimus;
3484 5029 3507 5063 ι

1942 5117 1997 5162 et
2022 5108 2220 5161 iterum
2249 5123 2263 5158 :
2295 5104 2420 5158 Non
2462 5106 2532 5158 ad
2576 5120 2879 5158 mensuram
2902 5104 2990 5155 dat
3016 5102 3158 5156 Deus
3181 5103 3421 5170 spiritum
3444 5110 3507 5167 ⁸,

249 5208 363 5261 ούκλ
401 5204 632 5266 ἀπεικὸς
662 5198 752 5274 ἦν,
797 5201 889 5254 τὸν
940 5202 1039 5271 μὲν
1085 5202 1371 5272 προφήτην
1405 5201 1706 5272 ἀναχθῆναι
1753 5198 1841 5253 διά

1948 5199 2085 5254 sicut
2124 5198 2178 5251 in
2213 5196 2549 5268 evangelista
2583 5195 2794 5251 Joanne
2830 5195 3120 5263 reperitur.
3152 5192 3507 5247 Protulitita-

248 5314 397 5359 τινος
439 5296 552 5349 τῶν
605 5291 933 5363 ἐφεστώτων.
979 5292 1137 5363 ήμῶν
1186 5292 1451 5361 ἀγγέλων·
1513 5292 1651 5355 τέως
1713 5290 1771 5344 δέ
1811 5291 1840 5342 6

250 5391 498 5454 τοιοῦτος
530 5389 759 5459 ἄγγελος
792 5391 820 5442 6
851 5386 1151 5449 διαπλάσας
1194 5387 1293 5456 τὴν
1325 5384 1581 5456 τοιαύτην
1614 5384 1803 5456 ὅρασιν
1822 5399 1837 5414 ·

252 5485 316 5538 ού
372 5484 486 5555 γὰρ
517 5481 701 5554 γυμνά
732 5482 1035 5554 πράγματα
1088 5480 1184 5534 καὶ
1236 5479 1426 5542 οὐσίας
1468 5479 1518 5529 οί
1564 5477 1839 5549 προφῆται

332 5630 347 5670 ι
386 5631 489 5685 lsa.
524 5628 599 5685 vi.
676 5640 717 5668 ω
741 5628 899 5683 .Iouu.
928 5642 1014 5690 ut,
1047 5627 1135 5683 54.

329 5745 444 5815 us;
495 5726 627 5802 me
652 5744 835 5803 Schol.
863 5743 920 5802 s.
952 5742 1198 5811 Maximi,
1231 5751 1360 5798 ιοιιι.
1398 5739 1461 5807 u,
1492 5755 1606 5811 cap.
1652 5739 1735 5804 ιδ,

1942 5302 2048 5358 que
2100 5289 2389 5342 honestam
2424 5285 2871 5355 praecautionem,
2905 5282 3046 5351 quod
3099 5294 3206 5334 non
3257 5278 3508 5333 absimile

1942 5388 2107 5445 esset,
2145 5381 2463 5449 prophetam
2509 5376 2807 5431 adductum
2842 5388 2964 5428 esse
2996 5387 3093 5441 per
3119 5370 3354 5439 aliquem
3406 5384 3508 5423 uo-

1943 5474 2026 5530 bis
2063 5472 2479 5544 praapositorum
2511 5469 2854 5541 angelorum.
2900 5466 2999 5524 Hic
3052 5475 3233 5521 autem
3285 5465 3515 5535 angelus.
