3908 6232
255 232 368 289 Sili

762 229 855 284 DE
888 226 1225 285 C(ELESTI
1257 224 1711 292 HIERARCHIA,
1749 223 1905 281 CAP.
1942 221 2084 280 XIII.
2120 253 2190 265 —-
2220 218 2569 277 PARAPHR.
2604 215 3080 276 PACHYMERIE.

3443 178 3547 272 su

256 352 358 423 τὴν
390 347 662 420 ἔλλαμψιν
713 346 978 419 δέχονται,
1030 345 1214 411 καθὼς
1257 348 1358 402 καὶ
1389 341 1549 402 αὗται
1594 343 1749 414 παρά
1768 342 1853 397 τοῐ

1971 354 2239 409 supremae
2281 353 2405 393 cum
2460 341 2698 409 primum
2750 343 3032 391 auctorem
3080 346 3239 388 suum
3285 346 3549 404 agnosce-

256 444 395 496 Θεοῦ
420 442 630 513 ταύτην
649 441 895 511 δέχονται
915 457 929 470 ⁸
955 439 1296 493 ἀνατείνουσι
1322 439 1430 511 γὰρ
1444 438 1545 501 τάς
1578 437 1669 492 ὑπ’
1695 435 1865 498 αὑτὰς

257 532 599 602 ἀγαθωιδῶς
630 533 726 585 καὶ
759 531 884 602 δίχα
928 532 1130 594 παντὸς
1172 529 1368 599 φθόνου
1399 528 1608 601 (ἀγαθῷ
1636 528 1745 599 γὰρ
1768 527 1863 580 οὑ-

256 629 370 692 δεὶς
392 626 673 696 ἐγγίνεται
707 625 900 695 φθόνος
925 624 1067 678 κατά
1090 624 1181 677 τὸν
1208 623 1527 695 Πλάτωνα,)
1562 606 1671 693 τέλη
1684 620 1867 694 ρεστά-

256 740 369 785 τως
407 718 803 792 μεταδιδοῦσαι
826 720 928 789 τῆς
960 718 1176 788 αἴγλης,
1207 717 1313 771 κᾶν
1342 718 1572 778 ἐκεῖναι,
1598 716 1723 768 ὅσον
1756 731 1865 784 χω-

258 808 440 880 ροῦσι,
467 808 751 878 δέχωνται.
781 807 955 860 Τοῦτο
982 807 1191 875 γίνεται
1215 808 1311 861 καὶ
1357 806 1451 859 ἐπὶ
1500 809 1624 868 ταῖς
1651 804 1865 876 ἑτέραις

256 902 366 965 ἕως
411 901 509 954 καὶ
541 900 652 954 τῶν
702 900 971 971 ὲσχάτων.
1002 900 1192 952 Ἔστιν
1224 894 1321 953 οὖν
1354 901 1534 954 ἅπασι
1561 901 1677 961 τοῖς
1707 913 1865 966 φωτι-

256 988 513 1062 ζομένοις
568 992 712 1064 ἀρχὴ
774 991 871 1045 τοῦ
921 990 1249 1061 φωτίζεσθαι
1296 995 1326 1047 ὁ
1371 991 1523 1055 Θεὸς,
1570 990 1729 1060 φύσει
1771 989 1866 1042 καὶ

257 1086 437 1149 ὅντως
460 1086 668 1156 κυρίως
699 1084 776 1149 ώς
810 1086 989 1154 φωτὸς
1028 1088 1204 1157 πηγὴ,
1229 1088 1324 1141 καὶ¹
1350 1086 1620 1156 αὑτόφως,
1653 1084 1746 1138 καὶ
1773 1081 1861 1135 αἷ-

255 1194 373 1241 τιος
416 1179 552 1230 πᾶσι
602 1178 699 1230 καὶ
742 1176 838 1229 τοῦ
866 1172 1030 1240 εἶναι,
1059 1179 1154 1231 καὶ
1198 1178 1294 1231 τοῦ
1336 1180 1470 1250 ὁρᾷν
1536 1176 1668 1231 αὑτὸ
1701 1176 1764 1246 δὴ
1802 1174 1865 1228 τὸ

256 1268 372 1338 φῶς
392 1286 407 1298 ο
446 1268 596 1322 θέσει
649 1268 707 1321 δὲ
741 1270 838 1322 καὶ
868 1268 1014 1323 κατά
1038 1269 1199 1341 χάριν
1221 1270 1571 1341 θεομιμήτως
1599 1266 1739 1322 κατὰ
1768 1266 1864 1336 μέ-

264 1376 359 1432 ρος
396 1361 499 1431 μία
528 1363 595 1431 τῇ
622 1360 807 1432 ἑτέρᾳ,
833 1362 867 1431 ἡ
904 1360 1097 1432 πρώτη
1125 1363 1193 1432 τῇ
1248 1361 1364 1432 μετ’
1385 1360 1578 1431 αὑτὴν,
1605 1360 1662 1411 ὲν
1685 1356 1764 1427 τῷ
1794 1356 1861 1409 δι’

264 1452 446 1521 αὐτῆς
474 1454 558 1516 είς
580 1453 798 1524 ἐκείνην
816 1454 918 1523 τὴν
939 1453 1203 1525 ἐλλαμψιν
1227 1452 1558 1525 διέρχεσθαι,
1588 1452 1617 1505 ὃ
1638 1452 1702 1521 δὴ
1732 1454 1861 1504 sm-

258 1544 582 1615 χετεύεσθαι
613 1540 789 1610 εἶπεν,
831 1545 939 1598 ἀπὸ
975 1547 1286 1617 μεταφορᾶς
1331 1544 1427 1598 τοῦ
1474 1544 1565 1598 διά
1607 1544 1861 1616 σωλήνων

257 1637 619 1708 διερχομένου
662 1637 880 1702 ὓδατος.
919 1639 992 1691 Τὸ
1022 1639 1083 1693 δὲ
1124 1638 1195 1692 τὰ
1240 1639 1420 1691 οἰκεῖα
1467 1639 1731 1709 ἐνεργεῖν,
1766 1636 1861 1688 καὶ¹

259 1731 560 1792 ἀπαύστως
587 1729 947 1784 ἀνατετάσθαι
982 1730 1125 1802 πρὸς
1151 1730 1244 1783 τὸν
1284 1728 1440 1792 Θεὸν,
1480 1729 1574 1781 καὶ
1611 1729 1693 1790 εἰς
1725 1728 1855 1778 ἐαυ-

255 1822 383 1884 τοὺς
420 1819 816 1873 συστέλλεσθαι
862 1821 1049 1883 πάλιν,
1101 1821 1165 1874 τὸ
1216 1821 1316 1891 μὲν
1368 1823 1435 1892 τῇ
1467 1819 1672 1889 ἐφέσει,
1706 1818 1770 1872 τὸ
1801 1817 1857 1870 δὲ

253 1914 320 1982 τῇ
351 1914 602 1982 προσοχῇ
627 1913 722 1964 καὶ
751 1914 819 1982 τῇ
855 1911 1134 1983 εὐλαϐείᾳ,
1162 1912 1321 1965 τοῦτο
1364 1910 1432 1964 ἂν
1482 1909 1711 1981 κληθείη
1741 1908 1859 1963 θεο-

259 2005 503 2075 μίμητος
536 2004 730 2074 ἀρετή.
768 2001 935 2070 Τάξιν
960 2003 1016 2056 δὲ
1042 2005 1192 2074 ὅμως
1214 2002 1315 2073 τὴν
1342 2001 1420 2065 ὡς
1446 2000 1610 2055 ἀλλου
1631 2004 1689 2054 ὲν
1711 2000 1857 2071 ἄλλῳ

252 2094 641 2165 διαφυλάττειο
680 2094 756 2158 ὡς
801 2094 886 2148 τό·
938 2098 1014 2167 Ζῇ
1063 2096 1120 2148 ὲν
1167 2094 1293 2165 ἐμοὶ
1334 2094 1369 2165 ἡ
1418 2092 1566 2165 ψυχή
1597 2110 1713 2158 σου,
1736 2095 1858 2148 ἀντὶ

252 2185 370 2249 τοῦ,
399 2189 434 2256 ἡ
461 2186 787 2239 διδασκαλία
822 2202 936 2251 σου,
961 2187 1056 2240 καὶ
1080 2188 1113 2257 ἡ
1140 2186 1347 2254 ταύτης
1383 2184 1687 2256 μετάδοσις.
1707 2186 1858 2249 Τέως

253 2275 386 2329 δὲτὸ
408 2276 510 2347 μὲν
539 2274 686 2327 θέσει
709 2276 858 2328 ἐστὶν
891 2275 1026 2339 ἐκεῖ,
1061 2274 1124 2327 τὸ
1155 2274 1212 2328 δὲ
1241 2271 1586 2344 συμϐεϐηκὸς
1618 2274 1679 2325 οὺ
1715 2273 1855 2326 πάνυ

252 2384 303 2419 τι
360 2366 627 2437 κληθείη·
684 2366 746 2420 τὸ
802 2365 911 2438 γὰρ
977 2366 1326 2439 συμϐεϐηκὸς
1384 2366 1443 2420 ὲν
1507 2366 1855 2437 ὑποκειμένῳ

252 2457 435 2509 ἐστίν·
474 2456 747 2510 ἀσύνθετα
798 2459 857 2512 δὲ
908 2460 1004 2512 καὶ
1056 2458 1196 2512 ἀῡλα
1235 2460 1440 2522 ἐκεῖνα,
1478 2458 1576 2512 καὶ
1620 2459 1691 2511 τὰ
1734 2458 1853 2529 εἴδη

252 2547 457 2612 αὐτῶν,
492 2545 651 2613 ζωαὶ,
685 2548 783 2619 οὑχ
808 2548 883 2611 ὡς
906 2549 965 2605 ὲν
986 2548 1087 2621 ὑλῃ
1102 2550 1231 2602 εἰσί.
1254 2548 1365 2619 Τὴν
1381 2548 1510 2616 γοῦν
1531 2548 1843 2620 ὑπερτάτην

252 2637 622 2709 διακόσμησιν
658 2639 716 2691 αἰ
756 2639 942 2691 λοιπαὶ
980 2638 1231 2711 οὐράνιαι
1280 2639 1483 2701 οὐσίαι,
1524 2638 1664 2701 τέως
1713 2638 1854 2708 μετά

251 2728 385 2782 Θεὸν
417 2730 597 2801 ἀρχὴν
625 2728 886 2800 ἡγοῦνται
911 2729 1014 2801 τῆς
1040 2729 1373 2800 θεογνωσίας
1402 2729 1497 2783 καὶ
1527 2729 1627 2799 τῆς
1661 2727 1850 2798 θεομι-

255 2820 461 2891 μησίας
491 2819 695 2885 αὑτῶν,
720 2821 797 2885 ώς
816 2821 883 2874 δι’
906 2822 1133 2875 ἐκείνων
1164 2822 1248 2884 είς
1269 2820 1440 2884 αὑτὰς
1472 2819 1851 2890 διαδιδομένης

253 2910 355 2981 τῆς
394 2910 721 2982 ὲλλάμψεως
742 2930 756 2943 ·
786 2913 868 2967 διὸ
923 2914 1019 2968 καὶ
1056 2914 1239 2967 πᾶσαν
1277 2913 1559 2982 ἐνέργειαν
1590 2912 1686 2965 ἐπὶ
1713 2911 1847 2964 Θεὸν

260 3005 362 3077 μὲν
400 3005 789 3077 ἀναφέρουσιν,
831 3005 907 3071 ὡς
935 3007 1018 3070 είς
1045 3006 1288 3079 ἀρχηγὸν
1318 3006 1413 3059 καὶ
1455 3006 1648 3070 αῐτιον,
1694 2999 1849 3068 αὖθις
1875 3033 1917 3089 C

252 3096 309 3152 δὲ
340 3096 462 3168 μετ’
496 3096 658 3149 αὑτὸν
704 3098 800 3150 ἐπὶ
841 3098 973 3162 τοὺς
1024 3097 1297 3169 πρώτους,
1351 3098 1428 3162 ὡς
1479 3096 1713 3168 πρώτως
1770 3097 1850 3159 είς

253 3185 454 3249 αὐτοὺς
494 3185 566 3239 τὰ
618 3186 721 3257 τῆς
754 3185 1116 3260 θεομιμησίας
1150 3189 1542 3259 ἀναφαίνοντας
1589 3191 1684 3243 καὶ
1707 3187 1851 3243 διδά-

254 3294 505 3341 σκοντας.
545 3278 748 3331 Λοιπὸν
781 3279 816 3349 ἡ
849 3279 1043 3351 πρώτη
1066 3281 1239 3348 τάξις,
1277 3281 1479 3352 μᾶλλον
1518 3281 1629 3336 τῶν
1654 3282 1849 3349 ἄλλων,

252 3367 320 3420 τὰ
352 3367 633 3440 προσόντα
661 3370 829 3440 ἑαυτῇ
868 3369 981 3441 ἔχει
1020 3371 1082 3423 τὸ
1102 3371 1399 3443 ὲμπύριον,
1432 3372 1572 3445 ὅπερ
1603 3372 1720 3425 ἐστὶ
1741 3372 1851 3426 τῶν

262 3460 533 3531 σεραφὶμ,
564 3461 666 3532 τὴν
687 3460 791 3531 τῆς
816 3462 1008 3531 σοφίας
1036 3461 1214 3533 χύσιν,
1243 3462 1322 3515 ἔτι
1344 3462 1399 3515 δὲ
1423 3464 1516 3517 καὶ
1539 3463 1602 3517 τὸ
1623 3481 1854 3533 γνωστι-

256 3550 350 3605 ad»
376 3553 480 3622 τῆς
505 3555 821 3625 ἐπιστήμης
849 3554 957 3607 τῶν
979 3553 1140 3609 θείων
1175 3552 1517 3626 ἐλλάμψεων,
1548 3557 1603 3627 (ἡ
1627 3559 1852 3628 ἐπιστή-

257 3658 329 3712 μη
356 3640 469 3710 γὰρ
492 3640 633 3710 πρὸς
654 3642 725 3694 τά
748 3643 1018 3714 ὲπιστητά
1050 3643 1221 3715 ὲστι,)
1253 3645 1347 3697 καὶ
1374 3646 1475 3717 τὴν
1498 3646 1606 3700 τῶν
1639 3646 1851 3720 θρόνων

258 3730 522 3803 ἰδιότητα,
551 3732 615 3785 τὸ
643 3732 997 3805 ἀνεῳγμένην
1030 3734 1272 3806 δηλονότι
1290 3736 1390 3807 τὴν
1416 3738 1546 3809 περὶ
1570 3739 1665 3792 τοῦ
1693 3739 1849 3794 Θείου

254 3822 443 3892 νόησιν
470 3822 640 3892 ἔχειν,
663 3823 692 3876 ὃ
719 3824 783 3896 δὴ
820 3824 1065 3895 θεοδοχία
1119 3827 1236 3881 ἐστί
1277 3845 1338 3880 τε
1380 3830 1474 3885 καὶ
1500 3831 1845 3903 ὀνομάζεται.

264 3911 331 3965 Ἦ
360 3913 419 3964 δὲ
456 3914 576 3984 μετ’
598 3913 769 3985 αὑτὴν
810 3915 966 3982 τάξις
1013 3917 1237 3989 μετέχει
1282 3920 1381 3991 μὲν
1431 3920 1541 3973 τῶν
1595 3923 1851 3977 τοιούτων

254 4001 563 4074 δυνάμεων,
590 4006 903 4076 ὑφειμένως
930 4007 1009 4070 δὲ,
1045 4009 1139 4062 καὶ
1165 4009 1303 4081 πρὸς
1334 4011 1433 4075 τὰς
1461 4011 1685 4083 πρώτας
1712 4014 1852 4086 6ρῶ-

266 4111 377 4159 σαι,
410 4095 481 4148 δι’
504 4096 683 4150 αὐτῶν
722 4097 801 4161 ὡς
836 4097 1070 4170 πρώτως
1099 4101 1422 4174 ἠξιωμένων
1452 4107 1554 4177 τῆς
1582 4106 1850 4178 θεομιμη-

1968 438 2113 493 rent,
2191 428 2355 500 119
2408 427 2945 499 pulchritudinisque
2987 424 3217 494 ejusque
3271 424 3549 481 desiderio

1969 530 2304 585 tenerentur,
2348 524 2452 578 hoc
2476 522 2645 577 etiam
2676 530 2947 575 assecuta
2990 525 3143 579 sunt,
3166 526 3223 570 ut
3267 520 3455 586 prima:
3479 519 3549 575 ad

1967 614 2164 667 divina:
2195 614 2493 683 potestatis
2541 621 2706 682 atque
2754 610 2994 666 actionis
3040 609 3400 665 imitationem
3426 626 3549 680 per-

1967 706 2215 760 venirent
2249 721 2267 757 :
2301 715 2598 776 sequentes
2652 705 2798 759 enim
2848 703 3082 773 primum
3118 718 3215 773 per
3256 704 3403 773 ipsas
3426 703 3549 757 illu-

1966 799 2291 854 stratiouem
2344 799 2654 871 accipiunt,
2679 796 3138 867 quemadmodum
3192 797 3323 865 ipsa:
3377 812 3405 850 a
3440 797 3550 853 Deo

1966 891 2117 947 illam
2164 891 2473 963 accipiunt;
2506 891 2768 960 quoniam
2807 889 2893 944 his
2916 903 3035 943 eam
3086 888 3318 958 benigne
3343 898 3399 943 et
3424 890 3550 944 abs-

1966 998 2072 1054 que
2102 984 2209 1038 ulla
2244 983 2450 1038 invidia
2481 983 2812 1053 expandunt
2842 982 3007 1052 (bono
3041 982 3187 1036 enim
3236 980 3383 1036 nullo
3407 981 3550 1035 inest

1966 1077 2192 1140 invidia,
2224 1086 2288 1131 ut
2318 1075 2475 1130 Plato
2517 1076 2639 1146 ait),
2668 1074 2986 1145 plenissime
3016 1073 3359 1144 splendorem
3389 1089 3547 1129 suum

1967 1169 2436 1233 transfundeutcs,
2485 1168 2740 1238 quamvis
2802 1165 2932 1236 ipsa:
2992 1173 3226 1231 tantum,
3281 1174 3545 1235 quantum

1964 1263 2215 1331 capiunt,
2243 1262 2549 1331 accipiunt.
2581 1259 2745 1327 Quod
2774 1259 2946 1313 etiam
2972 1257 3195 1327 reliquis
3225 1258 3292 1312 ad
3332 1268 3548 1326 postre-

1963 1368 2082 1408 mas
2115 1368 2290 1424 usque
2319 1352 2601 1408 usuvenit.
2658 1351 2758 1406 Est
2805 1351 2973 1420 igitur
3000 1350 3245 1405 oumium
3278 1365 3398 1418 quae
3426 1349 3549 1403 illu-

1961 1454 2211 1500 strantur
2272 1444 2619 1500 illuminaudi
2703 1442 3044 1513 principium
3113 1440 3291 1506 Deus,
3351 1451 3545 1496 natura

1961 1538 2180 1607 quidem
2212 1548 2268 1593 et
2320 1551 2513 1592 revera
2562 1538 2786 1608 proprie
2831 1545 2890 1591 ut
2933 1536 3059 1593 fons
3087 1534 3244 1600 lucis,
3274 1541 3329 1588 et
3366 1548 3463 1603 per
3485 1546 3547 1588 se

1963 1628 2055 1682 lux
2090 1637 2145 1683 et
2173 1639 2370 1683 auctor
2396 1630 2652 1685 omnibus
2693 1639 2753 1685 ut
2780 1637 2833 1684 et
2864 1628 2997 1694 sint,
3033 1635 3087 1682 et
3137 1627 3315 1698 ipsum
3361 1626 3542 1681 lumen

1961 1721 2221 1788 videant;
2251 1737 2318 1777 ex
2352 1721 2606 1778 instituto
2636 1730 2845 1788 autem,
2878 1730 2934 1775 et
2974 1720 3274 1776 secundum
3311 1718 3542 1789 gratiam

1961 1813 2055 1868 Dei
2087 1814 2391 1870 imitatione
2410 1830 2478 1869 ex
2506 1822 2661 1885 parte
2689 1829 2796 1868 una
2834 1811 3020 1875 alteri,
3051 1813 3227 1883 prima
3267 1812 3540 1880 sequenti,

1958 1908 2086 1960 dum
2139 1922 2237 1977 per
2281 1907 2450 1976 ipsam
2505 1908 2571 1960 ad
2628 1906 2779 1960 illam
2830 1907 3027 1961 transit
3078 1904 3405 1971 illustratio;
3439 1905 3544 1959 hoc

1959 2000 2147 2070 utique
2202 1998 2489 2054 derivandi
2524 1998 2793 2054 vocabulo
2841 2014 2974 2055 usus
3010 2013 3111 2067 per
3137 1998 3541 2069 metaphoram,

1956 2106 1987 2144 a
2021 2090 2304 2146 canalibus
2339 2105 2438 2161 per
2480 2105 2620 2161 quos
2670 2104 2815 2160 aqua
2875 2090 3101 2145 transit.
3165 2088 3339 2144 Porro
3396 2089 3540 2158 quod

1956 2199 2076 2256 quae
2102 2197 2196 2238 sua
2232 2191 2361 2236 sunt
2384 2191 2573 2253 agant,
2611 2191 2668 2237 et
2695 2184 3039 2238 incessanter
3070 2184 3126 2238 in
3160 2181 3329 2236 Deum
3364 2181 3544 2235 intexto

1956 2270 2109 2338 dant,
2145 2280 2201 2325 ct
2246 2270 2302 2325 in
2336 2270 2618 2341 semetipsi
2652 2273 2834 2328 denuo
2869 2274 3224 2338 colligantur,
3256 2272 3385 2325 illud
3418 2271 3543 2341 qui—

1957 2360 2079 2415 dem
2109 2359 2330 2432 afl'ectu,
2357 2362 2462 2416 hoc
2493 2376 2621 2418 vero
2654 2365 2960 2419 attentione
2989 2380 3053 2419 ac
3080 2364 3412 2427 reverentia,
3441 2378 3540 2419 vo-

1953 2453 2064 2506 eari
2095 2453 2270 2521 possit
2297 2452 2494 2518 virtus,
2521 2468 2645 2524 qua:
2675 2453 2841 2509 Deum
2872 2454 3145 2509 imitatur.
3178 2454 3321 2522 Quin
3354 2465 3407 2510 et
3441 2469 3538 2509 or-

1954 2545 2135 2599 dinem
2160 2560 2381 2615 quoque
2415 2556 2475 2601 ut
2510 2547 2651 2602 alius
2674 2550 2729 2602 iu
2763 2548 2870 2604 alio
2891 2548 3170 2617 observat,
3191 2549 3346 2617 juxta
3381 2549 3536 2614 illud,

1953 2631 2102 2688 Vivit
2146 2634 2200 2689 in
2249 2652 2335 2691 nte
2364 2638 2549 2692 anima
2584 2649 2702 2705 tua,
2737 2641 2787 2692 id
2825 2650 2911 2693 est
2967 2641 3219 2695 doctrina
3259 2650 3372 2707 tua,
3401 2641 3542 2709 ejus-

1952 2740 2057 2794 que
2084 2729 2538 2783 communicatio.
2574 2730 2774 2785 Verum
2809 2731 3029 2799 quidem
3071 2731 3207 2786 illud
3256 2746 3323 2787 ex
3377 2733 3537 2788 iusti-

1952 2823 2071 2869 tuto
2093 2819 2173 2872 sic
2199 2832 2259 2871 se
2289 2816 2475 2882 habet,
2499 2830 2555 2873 at
2584 2834 2690 2874 non
2738 2822 2964 2875 omnino
3019 2836 3113 2892 per
3160 2821 3428 2877 accidens
3461 2823 3537 2876 ita

1950 2907 2152 2975 aliquid
2198 2908 2385 2962 vocari
2441 2918 2661 2978 posset;
2713 2925 2838 2963 nam
2876 2909 3132 2964 accidens
3180 2909 3234 2963 in
3289 2909 3541 2977 subjecto

1951 3013 2068 3069 est;
2097 3004 2188 3058 sed
2222 3002 2313 3057 illa
2343 3015 2469 3057 sunt
2495 3003 2860 3073 incomposita
2888 3012 2944 3057 et
2968 3002 3214 3057 materia:
3254 3004 3531 3071 expertia,

1949 3097 2275 3166 speciesque
2301 3096 2522 3150 illorum
2551 3096 2698 3163 vitaz,
2726 3111 2833 3149 non
2860 3098 3004 3149 sicut
3037 3095 3092 3149 in
3120 3097 3534 3161 ntateria,sunt.

1953 3185 2281 3255 Supremam
2332 3187 2502 3259 igitur
2539 3186 2845 3243 caelestium
2904 3186 3394 3256 iutelligentiarum
3433 3192 3557 3249 dis-

1951 3275 2280 3345 positionem
2350 3281 2574 3350 reliqum
2616 3280 2874 3335 cmlestes
2906 3281 3182 3343 essentiae,
3226 3281 3332 3334 huc
3360 3295 3542 3349 usque

1952 3378 2075 3439 post
2100 3367 2270 3423 Deum
2298 3369 2500 3423 divina:
2547 3368 2884 3438 cognitionis
2933 3368 3383 3437 imitationesque
3422 3381 3538 3421 sua:

1951 3461 2281 3532 principium
2321 3476 2446 3515 esse
2496 3469 2744 3527 censent,
2778 3461 2923 3527 quod
2982 3475 3078 3530 per
3119 3459 3238 3515 illas
3290 3459 3341 3513 itt
3390 3459 3543 3529 ipsas

1953 3552 2247 3608 illustratio
2314 3553 2623 3617 derivetur;
2673 3562 3008 3622 quapropter
3059 3552 3226 3605 etiam
3314 3564 3533 3605 onmem

1951 3645 2218 3698 actionem
2248 3658 2427 3707 suam,
2457 3643 2525 3697 ad
2560 3643 2730 3697 Deum
2762 3644 2982 3713 quidem
3035 3652 3090 3696 ut
3144 3641 3447 3712 principem
3479 3649 3534 3698 et

1953 3746 2235 3790 auctorem
2292 3736 2563 3800 referunt,
2608 3735 2809 3790 deinde
2869 3750 3001 3790 vero
3055 3746 3178 3805 post
3230 3735 3408 3804 ipsum
3465 3734 3543 3789 ad

1952 3830 2156 3898 primas
2189 3827 2308 3883 illas
2333 3837 2566 3893 mentes,
2588 3838 2848 3896 tanquam
2874 3842 2996 3896 qua:
3025 3829 3215 3898 prima:
3241 3826 3294 3881 itt
3324 3836 3531 3882 semet-

1954 3921 2086 3986 ipsis
2114 3918 2326 3975 divinas
2364 3919 2700 3973 imitationes
2744 3929 2799 3973 et
2840 3918 3139 3973 exhibeant
3189 3928 3245 3973 et
3273 3919 3531 3973 doceant.

1951 4013 2220 4065 Caeterum
2265 4012 2477 4082 primus
2511 3996 2603 4067 ille
2646 4013 2784 4068 ordo
2816 4013 2911 4082 qui
2945 4013 3223 4082 serapltim
3256 4022 3361 4079 est,
3397 4011 3539 4066 reli-.

1951 4106 2073 4172 quis
2103 4104 2277 4174 magis
2330 4105 2384 4159 itt
2435 4122 2493 4160 se
2523 4105 2741 4177 igneam
2789 4109 3032 4161 continet
3086 4122 3185 4161 seu
3245 4105 3529 4173 sapientia:

256 4187 377 4250 σίας
422 4189 518 4240 ἐπὶ
553 4188 617 4241 τὸ
656 4187 890 4253 θεοειδὲς
933 4190 1010 4254 ὡς
1046 4193 1271 4262 ἐφικτὸν
1302 4194 1629 4264 ἀνάγονταν
1665 4199 1850 4251 ἀνατι-

1958 4195 2247 4262 l'usionent,
2275 4206 2444 4267 atque
2481 4198 2707 4267 insuper
2749 4198 2998 4254 scientia:
3046 4198 3354 4253 divinarum
3405 4198 3532 4251 illu-

254 4279 413 4334 θέασι
436 4280 569 4351 γοῦν
592 4285 713 4345 ταῖς
736 4282 982 4355 πρώταις
1009 4284 1085 4348 ὡς
1117 4286 1400 4358 ἱεράρχαις
1432 4289 1572 4359 μετά
1592 4288 1725 4343 Θεὸν
1748 4289 1850 4355 τὰς

258 4369 534 4443 ἰδιότητας
560 4372 805 4439 ἐκείνων,
829 4367 905 4427 ὧν
933 4369 1093 4429 αὑται
1127 4376 1187 4429 ὲν
1222 4378 1487 4450 μετουσίᾳ
1512 4380 1774 4447 γίνονται.

255 4471 379 4514 rum
408 4461 650 4531 patulam
696 4464 764 4517 ad
825 4466 992 4519 Deum
1023 4464 1438 4537 intelligentiam
1490 4470 1672 4535 habet,
1700 4473 1846 4541 quod

1953 4289 2279 4343 stratiouum
2320 4289 2573 4359 peritiam
2604 4291 2858 4361 (scientia
2884 4292 3029 4345 enim
3080 4290 3149 4344 ad
3183 4304 3271 4343 res
3313 4290 3543 4347 scibiles

1960 4380 2214 4451 refertur)
2266 4381 2696 4450 thronorumque
2752 4383 3171 4451 proprietatem,
3208 4397 3333 4451 qua
3366 4384 3531 4436 uimi-

1956 4473 2052 4527 Dci
2082 4475 2361 4543 susceptio
2388 4483 2443 4528 et
2473 4484 2557 4527 est
2607 4484 2662 4528 et
2716 4475 3037 4543 appellatur.
3084 4473 3229 4529 Ordo
3253 4475 3343 4544 qui
3388 4476 3533 4529 hunc

254 4555 509 4622 sequitur
534 4553 843 4609 istiusmodi
876 4558 1096 4627 quidem
1146 4559 1377 4614 virtutes
1414 4562 1735 4631 participat,
1795 4564 1892 4618 sed
1934 4562 2183 4619 inferiori
2214 4566 2413 4634 gradu,
2441 4575 2495 4620 et
2530 4565 2691 4635 120
2724 4581 2847 4620 cum
2878 4576 3124 4634 respectu
3180 4567 3248 4621 ad
3295 4567 3536 4637 priores,

252 4659 353 4713 per
379 4661 542 4716 quos,
571 4656 835 4716 tanquam
879 4651 1081 4708 divina:
1134 4652 1464 4709 imitationis
1511 4656 1883 4725 primicerios,

1948 4659 2017 4711 ad
2071 4659 2501 4715 deifortnitatem
2561 4677 2661 4729 pro
2722 4669 2893 4728 captu
2945 4676 3044 4714 suo
3113 4672 3531 4730 promoventur;

253 4755 428 4810 quare
468 4740 635 4794 etiam
684 4742 879 4811 primis
910 4742 1041 4812 illis,
1082 4753 1346 4816 tanquam
1371 4746 1687 4817 praepositis
1716 4748 1852 4806 suis.
1893 4759 2017 4817 post
2045 4748 2211 4804 Deum
2256 4758 2507 4818 acceptas
2558 4752 2741 4805 l'erttnt
2793 4761 3162 4820 praprtetates
3216 4752 3349 4806 istas
3401 4767 3539 4822 qua-7

254 4848 379 4886 rum
414 4831 723 4902 participes
744 4832 870 4887 facti
897 4846 1047 4891 sunt.

326 4944 356 5017 §
393 4940 487 4997 IV.
530 4943 722 5012 Ἔλεγε
750 4944 882 5013 γοῦν
903 4948 932 4999 ὁ
961 4946 1167 5020 ταύτην
1190 4948 1290 5020 τὴν
1320 4949 1475 5004 λύσιν
1501 4951 1851 5023 ποιούμενος,

253 5032 432 5106 (οἶμαι
449 5034 530 5097 δὲ,
545 5037 571 5087 ὁ
595 5036 768 5106 μέγας
789 5032 858 5109 ἦν
884 5038 1159 5110 ’Ῑερόθεος,
1176 5041 1210 5113 ἢ
1227 5041 1281 5095 εἴ
1295 5059 1380 5106 τις
1396 5042 1555 5107 ἄλλος
1575 5044 1695 5097 κατ’
1720 5047 1859 5097 ἐκεῖ·

251 5128 392 5198 νον.)
410 5129 495 5181 ὅτι
515 5129 547 5199 ή
574 5128 679 5197 μὲν
704 5128 894 5198 ὅρασις
912 5131 1093 5202 ἐκείνη
1112 5133 1402 5206 ὑπεδείχθη
1420 5134 1498 5206 τῷ
1518 5138 1773 5210 προφήτῃ
1788 5137 1858 5190 δι’

257 5219 378 5282 ἑνὸς
398 5219 511 5271 τῶν
538 5218 809 5288 ἀγγέλων,
838 5221 1159 5276 ἀναταθέντι
1183 5225 1336 5297 παρά
1356 5227 1455 5298 τῆς
1489 5229 1857 5298 χειραγωγίας

246 5304 470 5361 ἐκείνου
486 5310 568 5371 είς
584 5310 682 5381 τὴν
698 5308 930 5383 θεωρίαν
950 5312 1186 5385 ἐκείνην,
1205 5314 1404 5387 καθ’ἥν
1421 5316 1569 5388 ἑώρα
1578 5317 1676 5381 τὰς
1693 5318 1854 5389 ὑπερ-

262 5402 437 5465 τάτας
451 5402 660 5465 οὐσίας,
682 5402 757 5465 ὡς
777 5402 834 5455 ὲν
853 5405 1159 5476 συμϐόλοις,
1183 5406 1380 5471 ὲξαπτε
1390 5407 1583 5481 ρὺγους
1602 5409 1707 5462 ὑπὸ
1719 5408 1852 5462 Θεὸν

256 5490 361 5562 (ὅτι
395 5494 541 5563 μέγα
567 5489 637 5564 ἦν
658 5493 721 5547 τὸ
753 5496 847 5550 τοῦ
892 5496 1205 5567 καθημένου
1259 5498 1722 5571 ὑπεξῃρημένον),
1755 5500 1850 5553 καὶ

261 5587 402 5657 μετά
415 5586 552 5641 Θεοῦ
571 5587 653 5658 (οὑ
667 5587 776 5660 γὰρ
791 5585 930 5660 ἦσαν
942 5591 1047 5661 πρὸ
1061 5592 1282 5644 ἐκείνων
1295 5593 1479 5663 ἕτεραι
1501 5593 1729 5662 τάξεις),
1755 5594 1850 5646 καὶ

261 5678 391 5749 περὶ
425 5675 587 5745 Θεὸν,
614 5679 695 5733 ὅτι
718 5679 900 5752 κύκλῳ
925 5681 1156 5737 ἵσταντο.
1188 5683 1261 5737 Τὸ
1302 5683 1356 5736 δὲ
1395 5683 1693 5756 ἱδρυμένων
1740 5685 1847 5737 τῶν

2028 4934 2055 5006 §
2083 4933 2174 4989 IV.
2209 4936 2406 4991 Aiebat
2430 4938 2615 5006 itaque
2637 4939 2729 5006 qui
2763 4938 2905 4993 hanc
2939 4942 3267 4996 solutionem
3296 4944 3540 5000 tradide-t

1958 5041 2046 5083 rat
2079 5035 2233 5099 (puto
2268 5042 2447 5087 autem
2478 5048 2731 5103 maguum
2766 5033 3120 5091 Hierotheuttt
3153 5036 3342 5106 fuisse,
3376 5040 3455 5093 vel
3486 5039 3535 5095 si

1962 5125 2087 5193 quis
2126 5125 2267 5181 alius
2293 5126 2369 5181 illi
2413 5137 2689 5183 secundus
2714 5128 2810 5200 sit)
2849 5129 3115 5183 visionem
3143 5132 3361 5200 quidem
3387 5133 3531 5186 illaut

1961 5217 2260 5272 exhibitam
2293 5220 2573 5289 propheta:
2627 5236 2727 5290 per
2781 5221 3021 5292 aliquem
3071 5223 3344 5290 angelum,
3377 5227 3534 5295 cujus

1961 5311 2386 5367 manuductiuue
2433 5314 2501 5367 ad
2556 5314 2715 5368 istaut
2778 5314 3292 5385 contemplationem
3352 5316 3532 5372 fuerat

1956 5414 2198 5467 evectus,
2233 5403 2287 5457 in
2328 5420 2433 5474 qtta
2485 5420 2772 5474 supremas
2815 5405 2937 5459 illas
2966 5407 3265 5471 essentias,
3288 5408 3443 5476 quasi
3476 5410 3533 5462 in

1961 5497 2244 5567 symbolis,
2268 5512 2363 5553 sex
2391 5497 2509 5553 alas
2538 5498 2805 5554 habentes
2841 5498 2975 5552 vidit
3006 5498 3146 5552 iul‘ra
3174 5499 3338 5553 Deum
3369 5500 3529 5569 (quo-

1961 5591 2106 5644 niam
2156 5606 2420 5661 perquam
2456 5591 2655 5647 eximia
2687 5600 2809 5645 erat
2859 5591 3116 5661 majestas
3152 5590 3445 5662 sedentis);
3474 5602 3531 5646 et

1954 5684 2108 5755 juxta
2136 5682 2306 5740 Deum
2326 5684 2473 5756 (quia
2499 5700 2603 5741 non
2632 5693 2791 5741 erant
2815 5683 2905 5739 alii
2930 5684 3152 5742 ordines
3176 5685 3385 5757 priores
3415 5683 3530 5756 iis),
