3908 6232
362 244 466 302 διδ
1530 249 1585 309 S.
1628 248 1928 306 DlONYSll
1964 250 2426 309 AREOPAGITA‘J
3521 258 3633 312 516

364 367 421 411 et
462 357 607 413 circa
648 357 841 422 Deum.
874 359 1131 425 quoniam
1157 359 1210 414 in
1236 360 1468 416 circuitu
1516 362 1759 419 stabant.
1792 364 1907 429 Quo

2101 365 2261 429 ἱξεων
2312 366 2373 418 τὸ
2405 366 2541 437 πρὸς
2590 365 2659 419 τά
2690 367 2853 421 ’κάτω
2891 366 3107 431 ἀκλινὲς
3138 366 3289 437 δηλοῖ
3314 370 3408 423 καὶ
3432 364 3644 441 ἀμετα-

368 462 552 507 antem
599 454 822 507 ordines
876 453 951 507 illi
1014 453 1215 508 ﬁrmati
1279 467 1484 519 essent,
1536 458 1782 527 designat
1832 458 1911 512 ille

2095 453 2294 523 ίνητον.
2331 453 2507 525 Ἐώρα
2534 454 2591 506 δὲ
2628 456 2721 508 καὶ
2753 456 2851 527 τὴν
2881 453 3221 526 ὲξῃρημένην
3262 456 3544 527 ἀκρὶπητα
3572 461 3637 511 ἐν

368 559 499 614 erga
532 538 794 601 inferiora
841 560 965 601 esse
1014 547 1337 604 iullexibiles
1374 559 1434 603 et
1487 551 1813 607 immobiles.
1867 555 1910 606 A

2100 543 2210 614 έσῳ
2233 544 2439 598 τούτων
2478 545 2941 616 ὑπεριδρυμένην’
2975 544 3266 598 κάντεῦθεν
3290 547 3356 599 ὲκ
3395 548 3495 619 τῆς
3543 549 3641 602 διὰ

370 637 490 691 haec
518 638 656 691 vidit
684 638 1016 694 eminentem
1052 643 1315 696 verticem
1355 643 1409 696 in
1443 644 1622 698 medio
1639 659 1827 698 eorum
1856 644 1913 698 de

2098 636 2159 689 Iw
2189 637 2470 708 συμϐόλων
2511 639 2754 710 ὁράσεως
2783 639 2864 701 είς
2903 638 3248 692 διδασκαλίαν
3278 640 3527 711 ἀνήγετο,
3550 643 3641 695 ὅτι

371 743 537 798 super
572 728 871 795 lirmatum,
902 747 967 785 ex
1016 746 1249 801 quorum
1305 734 1678 804 symbolorum
1728 736 1914 790 visioni

2099 729 2400 798 συγκρίτως
2438 730 2584 783 κατά
2627 732 2809 784 πᾶσαν
2857 730 3129 802 ὑπεροχὴν
3160 731 3255 784 καὶ
3291 732 3642 802 ὑπερουσίως

369 819 472 875 ltus
530 820 743 885 didicit,
803 823 1044 877 divinum
1101 825 1315 880 Numen
1365 829 1667 883 secundum
1730 843 1912 883 omnet

2095 820 2112 867 λδ
2140 819 2292 873 Θείον
2337 821 2657 892 ὑπέρκειται
2700 823 2883 894 πάσης
2918 822 3122 892 ὁρατῆς
3151 822 3245 875 καὶ⁴
3280 823 3513 894 ἀοράτου
3543 824 3638 874 οὺ-

368 914 843 981 supernaturalem
893 916 1303 984 excellentiam,
1362 920 1483 973 sine
1538 920 1911 990 comparatlon

2105 914 2174 975 Ῐας
2194 928 2210 942 ·
2244 912 2569 984 ἐμάνθανεν,
2602 915 2684 968 ὅτι
2723 916 2817 968 καὶ
2852 915 3069 969 πάντων
3104 915 3253 968 ἐστὶν
3296 915 3648 987 ἐξῃρημένον

374 1004 704 1060 antecellere
751 1005 1025 1061 visibilem
1073 1022 1293 1063 omnem
1324 1019 1382 1064 et
1413 1009 1746 1065 invisiltilem
1792 1021 1917 1067 natu

2095 1005 2112 1055 5
2141 1002 2316 1068 Θεϊον,
2339 1004 2415 1067 ὡς
2447 1003 2713 1076 δεσπότης
2744 1004 2970 1071 δούλων,
3005 1008 3100 1061 καὶ
3127 1008 3357 1078 ποιητὴς
3408 1009 3638 1079 κτισμά-

370 1109 512 1161 ram;
544 1096 757 1160 didicit,
792 1099 873 1150 ab.
893 1099 1151 1154 omnibus
1200 1100 1428 1169 insuper
1451 1102 1702 1156 divinum
1734 1102 1908 1159 Nume

2103 1112 2158 1148 υν
2178 1112 2191 1125 ·
2216 1096 2311 1149 καὶ
2358 1096 2460 1148 οὑκ
2493 1096 2755 1167 ἐμφερὲς,
2795 1097 2871 1168 μὴ
2918 1098 3078 1169 μόνον
3114 1101 3230 1163 τοῖς
3268 1098 3470 1165 ἀλλοις,
3516 1100 3646 1154 ἀλλ’

366 1198 680 1256 exemptum
726 1203 871 1254 esse,
923 1199 1184 1259 tanquam
1240 1194 1523 1247 dominum
1576 1210 1605 1248 a
1660 1197 1909 1263 servis,t

2095 1187 2171 1241 ὅδὲ
2215 1191 2334 1252 ταῖς
2366 1187 2613 1259 πρώταις
2665 1189 2856 1253 αὐταῖς
2883 1190 3133 1254 οὑσίαιςδ
3166 1191 3343 1244 ὲκεῖνο
3384 1192 3509 1262 μὲν,
3551 1194 3638 1246 ὅτι

367 1287 677 1333 creatorem
706 1293 736 1331 a
769 1280 1044 1335 creaturis
1074 1298 1087 1334 :
1117 1290 1172 1335 et
1208 1297 1315 1336 non
1347 1283 1524 1338 solum
1558 1285 1712 1350 aliis,
1743 1288 1838 1341 sed
1879 1304 1910 1341 tt

2095 1281 2112 1331 5
2138 1280 2237 1350 μὲν
2270 1280 2362 1333 ἐπὶ
2402 1279 2593 1351 θρόνου
2640 1279 2809 1351 ἑώρα,
2849 1279 2951 1344 τάς
2976 1281 3035 1335 δὲ
3076 1282 3261 1349 τάξεις
3293 1284 3434 1354 μετά
3464 1284 3638 1352 φόϐου

366 1370 565 1439 primis
612 1372 832 1440 quidem
888 1374 1214 1429 substantiis
1268 1375 1447 1431 simile
1505 1377 1786 1444 existere;
1834 1390 1909 1433 tut

2097 1372 2375 1441 πταμένας·
2434 1372 2622 1437 τοῦτο,
2666 1373 2749 1426 ὅτι
2820 1372 2922 1438 τάς
3000 1373 3217 1447 πρώτας
3275 1372 3383 1429 εἶδε
3426 1376 3640 1443 τάξεις.

366 1463 494 1532 quia
527 1463 659 1517 illud
691 1465 745 1519 in
783 1466 982 1520 throno
1026 1467 1361 1537 ordinesque
1418 1484 1543 1523 cum
1578 1480 1815 1526 tremore
1844 1472 1909 1526 cit

2159 1462 2267 1527 τοῦν
2292 1466 2416 1528 ταῖς
2447 1463 2693 1535 πρώταις
2718 1465 2819 1517 οὑκ
2844 1462 2912 1537 ἦν
2934 1466 3175 1538 ἐμφερὲς
3216 1467 3279 1520 τὸ
3326 1467 3505 1533 Θεῖον,
3543 1469 3644 1522 ἐπὶ
3698 1522 3702 1523 ν

368 1565 711 1611 cumstantes
762 1556 921 1623 vidit,
972 1566 1086 1613 tum
1121 1560 1250 1630 quia
1284 1562 1491 1629 primos
1531 1564 1753 1620 ordines
1784 1564 1911 1620 vidit

2100 1556 2162 1617 ›ῖς
2188 1553 2461 1627 δευτέροις
2487 1556 2540 1609 τί
2576 1556 2643 1609 ἂν
2672 1557 2910 1610 ἐννοοῖτὸ
2945 1574 3061 1624 τις;
3106 1560 3215 1613 Καὶ
3242 1559 3425 1632 τρίτον
3465 1561 3643 1631 ἐμάν-

367 1646 425 1702 Si
459 1646 645 1716 itaque
690 1648 935 1703 divinum
962 1648 1172 1707 Numen
1203 1667 1271 1708 ne
1300 1654 1492 1723 primis
1520 1657 1739 1726 quidem
1768 1657 1910 1711 simil

2099 1664 2201 1711 ινε,
2232 1647 2294 1701 τὸ
2333 1648 2553 1703 πάντων
2588 1650 2764 1721 ἀρχὴν
2814 1651 2910 1704 καὶ
2950 1652 3132 1706 αἰτίαν
3164 1648 3303 1706 εἶναι
3345 1653 3642 1709 ἀᾶάλυτὸν

367 1712 660 1802 existebat,
693 1742 824 1810 quid
853 1743 1123 1811 cogitabit
1157 1746 1280 1813 quis
1300 1712 1378 1801 'de
1397 1712 1787 1816 sequentibus?
1813 1748 1910 1803 Tel

2093 1758 2109 1793 ε
2140 1741 2236 1795 καὶ
2278 1712 2868 1814 ἀναλλοίωτον-,ὑφ’ἦς
2909 1744 3005 1796 καὶ
3045 1743 3107 1797 τὸ
3157 1740 3297 1800 εἶναι
3346 1747 3536 1800 καὶτὸ
3572 1742 3636 1802 εὖ

366 1833 445 1887 tio
473 1847 694 1903 quoque
740 1835 952 1897 didicit,
981 1835 1149 1891 Deum
1194 1839 1438 1893 omnium
1468 1855 1588 1896 esse
1619 1841 1909 1911 principiut

2099 1829 2193 1885 ’ναι
2235 1833 2518 1898 κάκείναις
2553 1835 2694 1888 ἐστί.
2732 1835 2904 1889 Πόθεν
2929 1836 2988 1889 δὲ
3028 1838 3120 1890 καὶ
3161 1838 3321 1891 τοῦτο
3364 1840 3642 1910 κατεμάν-

365 1936 421 1978 et
456 1938 703 1992 causam,
735 1926 1173 1983 indissolubilem
1212 1942 1270 1984 et
1295 1931 1721 1997 immutabilem,
1747 1947 1815 1987 ex
1837 1948 1908 2001 qu

2101 1940 2242 1989 tvsv;
2296 1926 2361 1979 ὲκ
2406 1924 2501 1978 τοῦ
2546 1926 2617 1979 τὰ
2658 1927 2837 1981 πάντα
2886 1928 3026 2000 πρὸς
3066 1928 3230 1982 αὑτὸν
3271 1931 3505 2002 ἀφορᾷν,
3540 1934 3643 1987 καὶ

367 2024 477 2070 tam
506 2030 630 2071 esse
652 2033 817 2087 quant
847 2020 987 2074 bene
1036 2034 1161 2074 esse
1189 2019 1297 2075 illis
1326 2020 1544 2093 obtigit.
1572 2020 1731 2078 Unde
1766 2033 1910 2078 autet

2096 2014 2231 2068 άντα
2270 2016 2407 2085 πρὸς
2448 2016 2609 2069 αὑτὸν
2643 2016 3040 2083 ἀνατείνεσθαι,
3073 2021 3427 2085 πανευλαόὦς
3451 2024 3636 2093 πάντη

363 2119 419 2164 et
448 2111 577 2166 iﬂttd
607 2113 773 2167 dicit?
795 2113 873 2167 Ex
892 2130 957 2169 eo
984 2116 1131 2184 quod
1156 2114 1338 2171 omnia
1373 2117 1439 2169 ad
1465 2117 1641 2185 ipsum
1674 2126 1906 2185 specten‘

2099 2107 2475 2180 ποπληροῦντα
2502 2110 2595 2163 τὸν
2628 2110 2916 2164 ἐπινίκιον.
2951 2111 3078 2176 Πῶς
3108 2112 3245 2183 μετὰ
3279 2114 3378 2183 τὴν
3406 2116 3539 2185 περὶ
3577 2115 3642 2167 τὸ

366 2201 665 2270 omniaque
692 2203 759 2257 ad
779 2218 904 2257 eum
937 2206 1189 2270 tendant,
1229 2216 1287 2260 ut
1316 2206 1409 2275 qui
1453 2207 1691 2277 benigne
1723 2207 1907 2260 omnin

2098 2198 2204 2251 εῖον
2231 2196 2485 2270 θεωρίαν,
2511 2196 2629 2254 εἶτα
2647 2200 2748 2264 τὰς
2772 2200 3027 2267 θεοειδεῖς
3049 2202 3307 2275 δυνάμεις
3333 2203 3442 2257 τῶν
3476 2221 3641 2275 σερα-

365 2292 611 2347 νὶυιυτίτε
667 2296 947 2363 prtemium
1006 2298 1232 2352 tribuat.
1275 2298 1558 2365 Quomodo
1629 2308 1751 2368 post
1814 2314 1908 2355 con

2103 2307 2156 2359 ιμ
2180 2291 2577 2362 κατεμάνθανε,
2612 2293 2706 2345 καὶ
2733 2294 2794 2347 ού
2844 2295 2987 2348 κατὰ
3027 2295 3179 2361 τάξιν
3209 2296 3483 2367 ἀνήγετο;
3524 2297 3646 2349 Καὶ

367 2384 777 2451 templationcm
822 2387 967 2443 circa
1056 2389 1265 2446 Numen
1318 2392 1564 2447 divinum
1650 2391 1910 2447 deil'orme

2097 2396 2195 2432 mv
2210 2381 2406 2446 εἰπεῖν,
2424 2382 2587 2435 ὅτιτὸ
2614 2382 2948 2455 ὑπερόάλλον
2967 2386 3068 2455 τῆς
3090 2384 3247 2457 δόξης
3269 2386 3363 2439 τοῦ
3386 2386 3640 2458 καθημέ-

366 2478 565 2534 deinde
622 2480 855 2536 virtutes
909 2498 975 2537 ac
1032 2484 1307 2554 serapbim
1367 2486 1665 2553 didicit,ct
1712 2502 1821 2542 non
1854 2501 1909 2543 se

2100 2488 2141 2523 tu
2170 2471 2441 2541 πεποίηκε
2464 2470 2652 2526 τοῦτον
2675 2474 2855 2527 ὲκείσε
2888 2473 3120 2547 πρώτως
3148 2475 3500 2547 ἀναταθῆναι,
3517 2473 3643 2530 εἶτα

365 2572 602 2626 cundum
638 2575 890 2630 ordinem
944 2577 1049 2632 ista
1099 2579 1369 2646 patefacta
1426 2580 1603 2635 sunt?
1628 2584 1705 2636 Ac
1762 2581 1908 2635 dicer

2100 2560 2169 2613 εθ’
2195 2561 2223 2613 ὃ
2240 2560 2408 2631 ἔμαθε
2432 2561 2494 2614 τὸ
2522 2563 2686 2633 μέσον
2708 2563 2801 2617 τοῦ
2824 2564 3085 2618 δεσπὰτου
3104 2565 3198 2618 καὶ
3224 2564 3333 2619 τῶν
3352 2565 3553 2619 δούλων
3576 2567 3643 2619 τὸ

366 2663 555 2727 liceat,
589 2666 732 2735 quod
769 2668 1185 2735 supereminens
1239 2669 1413 2740 gloria
1469 2672 1713 2726 sedentis
1768 2672 1909 2740 ipsut

2101 2652 2321 2724 άφορον,
2342 2655 2562 2735 ἐμυεῖτο
2577 2654 2676 2719 τὰς
2711 2656 2969 2728 δυνάμεις
2984 2659 3097 2712 τῶν
3112 2658 3373 2729 σεραφὶμ,
3389 2659 3470 2710 ὅτι
3486 2658 3640 2712 δυνά-

364 2755 558 2810 fecerit
610 2757 723 2811 illic
778 2760 1011 2826 primum
1058 2761 1308 2816 obtutum
1363 2762 1553 2832 ﬁgere,
1608 2780 1672 2819 ac
1720 2764 1907 2819 deinde

2098 2757 2172 2804 εις
2219 2741 2477 2812 ἐμπύριοί
2503 2744 2629 2808 είσι,
2662 2744 2809 2798 κατά
2852 2746 2951 2815 τὴν
2986 2745 3167 2799 αὐτῶν
3194 2747 3532 2817 ἐπωνυμίαν,
3560 2746 3641 2809 ὡς

365 2857 657 2915 postquam
687 2850 739 2903 id
785 2853 934 2919 quod
979 2853 1192 2908 Domini
1229 2865 1349 2909 erat
1398 2856 1636 2911 modium
1681 2871 1746 2912 ac
1777 2857 1908 2912 mini

2099 2834 2243 2905 ικρὸν
2266 2833 2490 2905 ὕστερον
2510 2838 2537 2888 ὁ
2554 2836 2705 2904 ἅγιος
2730 2837 2872 2890 εἴποι
2900 2839 2991 2891 καὶ
3019 2839 3354 2910 ὑφηγήσεται
3379 2839 3437 2890 ὲν
3462 2838 3545 2909 τῷ
3575 2846 3642 2891 ιε’

364 2948 604 2993 atrorum
680 2940 1055 2999 diversitatem
1135 2947 1439 3012 didicerat,
1502 2950 1729 3003 virtutes
1785 2965 1907 3004 sera

2105 2925 2345 2997 ,qaakaltp.
2391 2927 2686 2998 Ἑμάνθανε
2708 2929 2807 3000 τὴν
2846 2929 2955 2984 τῶν
2989 2929 3204 3002 πτερῶν
3237 2930 3473 3000 έξαπλῆν
3503 2932 3648 3001 ἱερο-

365 3034 515 3103 pltim
554 3036 805 3090 edoctum
831 3050 989 3103 esse;
1020 3038 1279 3107 quoniam
1311 3040 1543 3093 virtutes
1599 3039 1768 3108 ignea:
1792 3049 1908 3092 sunt

2099 3022 2334 3085 λαστίαν,
2361 3022 2442 3074 ὅτι
2467 3022 2647 3086 καθὼς
2670 3025 2763 3077 καὶ
2786 3023 3045 3093 πρότερον
3064 3023 3267 3092 ἔλεγεν,
3287 3024 3362 3087 ὡς
3388 3025 3493 3087 πᾶς
3511 3023 3642 3087 νοῦς

361 3127 513 3194 juxta
573 3128 1079 3185 denominationem
1160 3146 1354 3195 suam,
1412 3131 1491 3184 uti
1578 3130 1742 3198 paulo
1824 3144 1904 3199 p01

2097 3114 2140 3165 ιὶ
2168 3113 2411 3185 πρώτας,
2430 3116 2522 3168 καὶ
2540 3115 2728 3186 μέσας,
2746 3116 2841 3168 καὶ
2858 3116 3169 3180 τελευταίας
3191 3116 3304 3187 ἔχει
3321 3113 3640 3183 τάξειςῘΗν

366 3220 456 3274 hic
510 3232 729 3275 sanctus
791 3223 1014 3277 tradidit
1069 3232 1125 3278 et
1174 3223 1436 3290 explicuit
1483 3223 1666 3291 capite
1712 3222 1799 3276 15.
1852 3221 1909 3275 Di

2099 3203 2137 3260 iv
2167 3207 2391 3261 κάκεῖσε
2430 3205 2710 3279 ἡτοιαύτη
2752 3206 2941 3278 τριττὴ
2973 3207 3128 3273 τάξις
3171 3211 3228 3261 ὲν
3256 3212 3324 3281 τῇ
3355 3210 3642 3281 ὑπερτάτῃ

366 3312 501 3368 dicit
546 3329 760 3385 quoque
803 3330 1059 3369 senarum
1116 3314 1321 3369 alarutn
1373 3329 1586 3371 sacram
1647 3315 1909 3371 ﬁctionem

2100 3302 2139 3354 ιὶ
2155 3299 2412 3372 ἀπολύτῳ
2438 3302 2717 3355 ἀνατάσει·
2747 3304 2805 3355 αἱ
2838 3300 2947 3371 γὰρ
2972 3300 3064 3355 δύο
3094 3303 3363 3374 πτέρυγες
3382 3300 3643 3356 ἀπόλυτοι

372 3408 527 3481 121
565 3408 1022 3477 quemadmodum
1054 3409 1221 3465 etiam
1270 3421 1396 3465 ante
1437 3411 1672 3476 dixerat,
1706 3420 1915 3465 mentem

2100 3393 2453 3463 ιτεφαίνοντο.
2490 3392 2649 3445 Ἀλλὰ
2676 3396 2769 3447 καὶ
2800 3394 2860 3447 τὸ
2885 3394 3215 3465 ἀπειρόπουν
3236 3395 3328 3449 καὶ
3359 3393 3643 3447 πολύπουν

367 3514 586 3556 omnem
616 3510 671 3555 et
720 3503 927 3571 primos
970 3512 1026 3557 et
1067 3501 1278 3558 medios
1305 3512 1361 3558 et
1391 3515 1702 3573 postremos
1725 3504 1910 3559 ordine

2101 3484 2247 3549 ϋτῶν,
2290 3487 2383 3538 καὶ
2429 3485 2490 3537 τὸ
2542 3489 2654 3550 τοῖς
2710 3486 2808 3557 μὲν
2848 3487 2968 3540 δυσὶ
3025 3489 3245 3558 πτεροῖς
3294 3484 3644 3538 ἀποδιαστέλ-

371 3590 596 3649 habere.
630 3591 761 3646 Erat
805 3592 988 3662 itaque
1032 3593 1142 3648 illic
1184 3594 1353 3649 etiam
1400 3594 1712 3650 istiusmodi
1751 3594 1907 3664 triple

2111 3578 2235 3631 σθαι
2267 3578 2361 3631 καὶ
2410 3577 2707 3631 σκέπεσθαι
2733 3578 2833 3649 τήν
2870 3578 3012 3651 ὑπὲρ
3042 3580 3169 3641 τοὺς
3202 3577 3391 3641 πόδας,
3430 3578 3545 3638 τοῖς
3586 3576 3654 3631 δὲ

373 3682 513 3739 ordo
537 3684 588 3737 in
622 3699 877 3753 suprema
904 3695 958 3738 et
993 3685 1241 3740 absoluta
1292 3686 1596 3741 intentione
1639 3684 1916 3756 :siquidett

2118 3673 2174 3724 c‘t
2204 3672 2304 3742 τὴν
2347 3671 2489 3743 ὑπὲρ
2520 3671 2591 3723 τὰ
2624 3670 2895 3745 πρόσωπα
2929 3670 3183 3741 θεωρίαν,
3217 3673 3329 3734 τοῖς
3363 3670 3420 3723 δὲ
3457 3670 3660 3740 μέσοις,

370 3789 493 3843 qua:
522 3774 621 3828 alae
646 3776 834 3829 soluta:
880 3782 1233 3845 apparebant.
1263 3776 1404 3843 Quin
1451 3786 1507 3832 et
1557 3777 1801 3831 carentia
1849 3791 1913 3846 pe

2103 3765 2136 3815 εὶ
2156 3763 2446 3829 κινεῖσθαι,
2474 3762 2649 3817 ταῦτα
2677 3761 2833 3834 δὴτά
2861 3765 3003 3835 παρ’
3021 3765 3231 3818 ἐκείνου
3259 3763 3514 3837 ὁρώμενα
3563 3764 3646 3826 είς

373 3867 528 3933 dum,
562 3875 619 3921 et
641 3869 929 3924 multitudo
974 3871 1169 3939 pedum
1218 3884 1433 3936 eorum,
1474 3884 1539 3925 ac
1567 3870 1709 3940 quod
1742 3870 1916 3924 duabu

2124 3858 2251 3911 ὦσιν
2278 3858 2479 3929 ἀνῆγον
2514 3857 2705 3928 αὑτὴν,
2740 3858 3076 3931 δηλουμένης
3110 3857 3259 3929 αὑτῷ
3287 3857 3376 3911 διὰ
3414 3856 3667 3917 τούτων.-

373 3961 591 4031 quidem
636 3962 739 4017 alis
773 3964 1177 4020 absconderent
1202 3979 1266 4018 ac
1297 3974 1548 4035 tegerent
1586 3966 1752 4034 pedes
1799 3979 1916 4020 suos

2109 3950 2139 4003 ἀ
2168 3950 2266 4021 μὲν
2289 3950 2349 4003 τὸ
2384 3949 2834 4022 πολυπρόσωπον,
2878 3950 2979 4021 τῆς
3012 3948 3319 4021 πολυπύρου
3360 3950 3453 4004 καὶ
3479 3950 3652 4003 πολυφ

373 4053 587 4107 duabus
621 4054 749 4107 item
781 4065 1060 4124 aspectum
1095 4054 1361 4110 facierum
1395 4071 1621 4110 suarum
1662 4056 1916 4110 abderent

2117 4043 2315 4113 άμονος
2348 4042 2661 4113 δυνάμεως,
2682 4040 2769 4095 διὰ
2810 4041 2867 4094 δὲ
2904 4042 2966 4094 τὸ
3013 4041 3330 4105 σκέπεσθαι,
3360 4043 3458 4113 τῆς
3487 4040 3652 4094 εὐλα-

372 4144 584 4201 duabus
617 4160 744 4201 vero
783 4147 976 4201 mediis
1012 4161 1229 4215 semper
1274 4157 1659 4215 moverentur,
1692 4150 1832 4213 haec,
1863 4149 1915 4201 in

2107 4135 2225 4199 ;ίας,
2259 4136 2323 4207 ἢν
2354 4134 2568 4205 ἔχουσιν
2597 4135 2675 4197 είς
2698 4134 2798 4205 τὴν
2822 4133 2930 4187 τῶν
2954 4132 3301 4206 ὑψηλοτέρων
3344 4134 3438 4187 καὶ
3478 4133 3650 4203 βαθυ-

372 4255 559 4309 quam,
613 4242 682 4296 ab
732 4242 847 4311 ipso
878 4242 992 4296 visa
1021 4242 1088 4295 ad
1134 4242 1382 4295 notitiam
1427 4255 1549 4295 eam
1582 4244 1915 4297 adducebant

2200 4245 2227 4279 ν
2262 4226 2468 4296 αὐθάδη
2510 4226 2604 4278 καὶ
2638 4225 2928 4293 ἀνέφικτον
2960 4225 3184 4296 ἔρευναν
3214 4224 3344 4297 (τῶν
3378 4226 3476 4297 μὲν
3508 4226 3653 4299 ὑψη-
3737 4229 3740 4235 ’

374 4350 471 4405 per
504 4337 706 4392 multas
735 4335 954 4406 quidem
987 4335 1154 4390 facies
1172 4336 1284 4403 ,ipsi
1311 4335 1638 4390 declaranda
1674 4337 1785 4389 vim
1810 4336 1917 4391 mel

2115 4317 2288 4389 τέρων
2315 4317 2408 4371 διά
2444 4318 2505 4371 τὸ
2547 4318 2619 4371 τὰ
2646 4318 2936 4389 πρόσωπα,
2964 4318 3073 4372 τῶν
3111 4319 3168 4371 δὲ
3212 4318 3522 4391 βαθυτέρων
3560 4320 3655 4374 διὰ

374 4432 610 4502 tivagam
645 4432 986 4504 plurimaque
1019 4431 1276 4487 cernendi
1302 4431 1652 4498 facultatem;
1710 4448 1806 4501 per
1846 4432 1917 4487 ob

2112 4412 2267 4474 ιτοὺς
2306 4411 2471 4475 πόδας
2502 4410 2846 4482 σκέπεσθαι),
2890 4410 2977 4464 διά
3002 4411 3059 4464 δὲ
3091 4413 3153 4465 τὸ
3189 4413 3517 4483 ἀεικίνητον,
3548 4414 3655 4485 τῆς

369 4528 699 4583 velationem
730 4541 881 4594 vero,
913 4544 1033 4581 eam
1062 4543 1225 4597 quam
1270 4525 1530 4582 exhibent
1582 4524 1912 4580 reverentiat

2108 4503 2354 4572 ,ὑιπετοῦς
2400 4504 2495 4556 καὶ
2543 4502 2921 4574 ἀκαταλήκτου
2974 4503 3306 4577 θεομιμήτου
3345 4506 3651 4577 ἐνεργείας.

373 4617 428 4672 iu
482 4617 899 4686 sublimiorum,
957 4616 1491 4688 profundiorumque
1565 4618 1916 4687 tnysteriorut

2115 4598 2229 4652 ιλλὸ
2274 4599 2370 4652 καὶ
2408 4598 2508 4669 τὴν
2538 4597 2810 4669 ὑμνῳδίαν
2844 4598 3059 4669 ἐκείνην
3084 4598 3184 4669 τὴν
3214 4600 3278 4650 ὲκ
3312 4598 3447 4653 Θεοῦ
3489 4600 3658 4671 ἀρχο-

373 4709 566 4764 audaci
615 4718 669 4764 et
702 4710 1043 4766 inscrutabili
1093 4712 1515 4780 investigatione
1544 4713 1916 4781 (sublimiorur

2112 4701 2235 4773 ένην
2290 4699 2387 4753 καὶ
2427 4700 2507 4762 εἰς
2565 4698 2698 4752 Θεὸν
2733 4697 3023 4768 λήγουσαν,
3056 4698 3157 4768 τὴν
3193 4698 3405 4767 Ἄγιος,
3459 4697 3655 4768 ἅγιος,

374 4803 620 4871 quidem,
648 4804 773 4871 quia
822 4803 1017 4870 facies,
1054 4804 1468 4872 profundiorum
1510 4820 1664 4869 vero,
1696 4805 1917 4874 quoniat

2117 4809 2253 4861 γιος,
2290 4792 2732 4861 ὲμυσταγωγείτο
2757 4790 2785 4841 ὁ
2809 4790 3115 4861 προφήτης,
3146 4787 3240 4841 τοῦ
3284 4789 3519 4857 ἀγγέλου
3552 4806 3660 4859 μεκ

374 4896 542 4965 pedes
575 4898 785 4966 tegunt)
819 4912 916 4966 per
960 4900 1278 4952 continuam
1313 4913 1444 4955 vero
1473 4898 1795 4963 motionem,
1819 4898 1915 4952 alti

2120 4884 2368 4946 ιδιδόντος
2396 4882 2544 4955 αὑτῴ
2588 4882 2687 4952 τῆς
2732 4881 2989 4952 τοιαύτης
3031 4882 3182 4952 ἱερᾶς
3228 4881 3503 4949 γνώσεως·
3553 4883 3663 4953 τὴν

375 4985 609 5041 volantis
636 4994 694 5041 et
724 4988 1070 5042 incessabilis
1094 4987 1189 5043 Dei
1220 4989 1541 5044 imitationis
1578 4998 1918 5058 operatione:

2121 4976 2179 5048 ὶρ
2204 4975 2464 5046 τοιαύτην
2497 4974 2699 5043 γνῶσιν
2729 4974 2892 5038 αὐτὸς
2918 4974 3137 5046 πρῶτος
3174 4974 3264 5027 διά
3293 4974 3404 5027 τῶν
3430 4974 3539 5047 πρὸ
3566 4977 3664 5029 αὑ-

375 5082 518 5151 Quin
557 5093 611 5137 et
642 5082 817 5137 laudis
849 5082 982 5136 illud
1036 5083 1334 5149 canticum,
1366 5087 1510 5153 quod
1544 5098 1572 5137 a
1606 5083 1715 5137 Deo
1760 5082 1918 5151 incipi

2120 5069 2162 5122 δῦ
2202 5068 2516 5139 δεξάμενος,
2562 5067 2642 5138 τῷ
2671 5070 2925 5145 προφήτῃ
2954 5069 3308 5141 παρέπεμπε.
3352 5069 3499 5140 Πρὸς
3529 5070 3663 5123 τού-

376 5184 433 5231 et
479 5176 533 5231 in
572 5175 741 5230 Deum
777 5175 980 5229 desinit
1018 5188 1031 5225 :
1078 5174 1334 5240 Sanctus,
1385 5189 1624 5240 sanctus,
1658 5184 1873 5229 sanctus
1904 5184 1919 5213 ι

2121 5181 2191 5226 at;
2221 5163 2504 5217 ἐδίδασκεν
2531 5162 2693 5216 αὑτὸν
2726 5164 2821 5217 καὶ
2845 5164 3023 5229 τοῦτο,
3060 5164 3143 5216 ὅτι
3176 5164 3210 5233 ἡ
3239 5162 3336 5215 τοῦ
3358 5161 3496 5215 Θεοῦ
3528 5180 3664 5234 μετ-

375 5271 639 5340 propheta
691 5270 1024 5323 edocebatur
1076 5269 1144 5322 ab
1199 5269 1413 5339 angelo,
1460 5269 1560 5337 ipsi
1619 5269 1918 5337 ejuscemor

2124 5254 2227 5308 tela
2273 5256 2387 5318 τοῖς
2429 5253 2689 5326 καθαροῖς
2736 5253 2991 5308 ὁπωσοῦν
3025 5254 3291 5327 κάθαρσις
3338 5256 3506 5307 ἐστιν.
3564 5254 3667 5309 Ἐκ

376 5376 595 5416 sacram
646 5360 894 5415 notitiam
948 5361 1438 5417 communicaute;
1475 5376 1599 5416 naut
1649 5362 1919 5415 istiusmOt

2123 5376 2227 5412 νων
2268 5357 2325 5411 δὲ
2372 5357 2530 5411 τοῦτο
2559 5356 2866 5423 ὲδίδασκεν;
2906 5356 2965 5424 ἐξ
3006 5353 3084 5411 ὢν
3125 5359 3157 5411 ὁ
3201 5356 3453 5427 Σεραφὶμ
3494 5356 3666 5409 αὑτὸν

378 5452 665 5509 scientiam
718 5453 835 5523 ipse
879 5453 1090 5525 primus
1120 5471 1149 5509 a
1188 5455 1616 5525 prmcessoribus
1663 5456 1778 5511 suis
1817 5457 1921 5511 acci

2121 5450 2383 5521 ιάθαιρεν.
2422 5450 2479 5503 '0
2497 5448 2606 5522 γὰρ
2623 5449 2863 5521 καθαρὸς
2890 5449 3066 5513 ἄλλως
3093 5449 3193 5502 οὑκ
3210 5448 3322 5519 ἔχει
3350 5446 3664 5516 καθαίρειν,

380 5546 561 5617 piens,
592 5547 870 5617 prepltetze
896 5548 1149 5603 tradebat
1179 5547 1277 5603 :ad
1302 5549 1415 5605 bzec
1448 5549 1626 5618 ipsum
1670 5549 1923 5603 edocebat

2147 5547 2221 5619 μὴ
2252 5547 2413 5609 αὑτὸς
2440 5545 2831 5617 πληρεστάτως
2858 5545 2971 5617 ἔχει
3000 5545 3100 5615 τὴν
3133 5544 3421 5616 κάθαρσιν.
3452 5542 3582 5605 Πῶς
3604 5542 3667 5596 δέ

386 5638 481 5695 Dei
512 5640 993 5708 participationem
1019 5657 1237 5713 quoquo
1282 5642 1443 5701 modo
1486 5645 1635 5713 puris
1666 5643 1923 5713 expiatiOt

2124 5658 2191 5695 ττι
2224 5642 2337 5704 τοῖς
2382 5638 2629 5694 ὁπωσοῦν
2675 5638 2933 5711 καθαροῖς
2976 5640 3008 5709 ἡ
3044 5635 3299 5710 μετουσία
3345 5636 3442 5707 τῆς
3472 5634 3667 5707 θεῖκῆς

461 5741 488 5769 ο
515 5730 620 5789 lsa.
644 5748 724 5803 vt,
745 5732 798 5789 5.
