3908 6232
196 261 308 317 517

695 260 784 316 DE
817 260 1149 318 CCELESTI
1184 260 1630 329 lllERARCHlA,
1667 260 1819 318 CAP.
1858 260 1997 319 XIII.
2034 291 2104 303 —-
2143 261 2491 319 PARAPHR.
2525 252 2994 321 PACHYMERE;

3368 264 3481 322 318

194 376 485 444 διαυγείας
507 376 776 449 κάθαρσις
797 395 811 443 ;
837 378 1105 442 ὄτιάλλως
1118 380 1217 432 οὐκ
1237 378 1353 432 ἔστι
1371 382 1663 451 μετασχεῖν
1676 395 1794 431 τινα

1900 392 2041 433 esse.
2068 377 2222 433 Unde
2257 393 2385 433 vero
2411 377 2516 433 hoc
2543 378 2814 434 docebat?
2838 393 2903 433 ex
2934 380 3001 434 iis
3031 381 3173 435 unde
3200 384 3478 452 seraphim

192 466 295 519 τοῦ
331 466 483 519 θείου
522 467 721 536 φωτὸς,
754 467 787 536 ἢ
828 468 927 537 τῆς
976 466 1127 530 Θείας
1163 466 1505 539 καθάρσεως,
1550 471 1599 521 εἰ
1631 469 1703 539 μή
1732 483 1795 535 γε

194 558 388 621 ποσῶς
435 558 543 624 ἔξω
580 559 675 612 τοῦ
718 559 1000 631 ἐμπαθοῧς
1047 562 1139 613 καὶ
1186 560 1375 613 ὑλικοῦ
1425 561 1596 632 ῥύπου
1643 561 1798 613 πολι-

195 649 444 704 τεύεται.
491 651 635 704 Αὐτὸ
686 651 797 722 γὰρ
835 653 897 704 τὸ
944 652 1035 705 τὸν
1087 654 1373 724 προφήτην
1426 654 1796 724 κατανυγῆναι

198 744 298 795 καὶ
356 743 696 813 σχετλιάσαι,
739 746 843 808 ὅτι,
876 746 1186 818 ἀκάθαρτος
1218 748 1313 807 ὢν,
1364 748 1458 799 καὶ
1514 747 1797 820 ἀκάθαρτα

198 833 358 906 χείλη
404 836 569 905 ἔχων,
602 836 698 888 καὶ
745 837 911 906 μέσον
961 837 1275 910 ἀκαθάρτου
1318 838 1451 892 λαοῦ
1500 839 1793 904 κατοικῶν,

199 922 310 979 εἶδε
360 928 455 979 τὸν
490 927 695 997 Κύριον
724 928 975 994 Σαϐαὼθ,
999 925 1110 983 οἷον
1155 932 1353 1003 μερική
1393 948 1477 995 τις
1528 930 1796 1001 κάθαρσις

198 1017 449 1085 ἐγεγόνει
476 1017 558 1086 τῷ
597 1017 831 1086 λέγοντι,
873 1018 963 1072 διὰ
1004 1019 1167 1072 τοῦτο
1204 1022 1297 1074 καὶ
1332 1022 1391 1075 ἐν
1438 1021 1697 1091 μετουσίᾳ
1721 1020 1797 1089 γί-

197 1128 355 1164 νεται
424 1112 526 1182 τῆς
582 1112 922 1183 τελειοτέρας
985 1112 1326 1186 καθάρσεως.
1397 1115 1547 1186 Αὐτὴ
1631 1115 1710 1180 δὲ,
1760 1119 1793 1187 ή

196 1202 473 1275 κάθαρσις
508 1203 793 1276 δηλαδὴ,ή
836 1206 1117 1275 μετουσία,
1156 1205 1526 1279 ἐξῃρημέναις
1571 1208 1789 1271 αἰτίαις⁸

196 1297 259 1349 οὐ
291 1297 405 1368 γάρ
441 1298 519 1360 ὡς
545 1298 637 1350 ἐπὶ
666 1298 778 1350 τῶν
805 1297 1109 1371 ἀνθρώπων
1136 1302 1170 1371 ὴ
1211 1300 1500 1371 κάθαρσις,
1531 1299 1673 1353 οὕτω
1702 1303 1795 1355 καὶ

196 1390 292 1442 ἐπὶ
320 1389 437 1442 τῶν
455 1390 765 1460 ἀσωμάτων
789 1393 869 1455 εἰς
906 1393 1113 1455 πάντας
1146 1393 1270 1457 τοὺς
1304 1395 1523 1465 νοεροὺς
1557 1395 1684 1458 νόας
1705 1412 1795 1447 τε·

197 1478 663 1552 λετουργουμένη,
716 1483 881 1535 οἰονεὶ
935 1483 1216 1555 γινομένη,
1272 1484 1384 1539 ἀλλ’
1435 1488 1533 1557 οὐχ
1583 1487 1790 1552 ἁπλῶς,

198 1571 337 1623 άλλά
373 1572 518 1625 κατά
544 1573 699 1642 λόγον
732 1577 998 1648 μυστικῆς
1023 1577 1266 1649 τελετῆς,
1296 1580 1417 1643 ταῖς
1455 1581 1584 1651 περὶ
1625 1580 1793 1652 αὐτὴν

200 1666 291 1716 καὶ
318 1665 661 1735 πρωτίσταις
701 1667 910 1732 οὐσίαις
935 1671 1311 1741 ἐκφανεστέρα
1340 1671 1457 1735 πώς
1479 1674 1615 1725 ἐστι·
1650 1674 1712 1726 τὸ
1734 1673 1793 1726 δέ

198 1754 367 1817 ἐστιν,
401 1755 484 1808 ὅτι
530 1756 731 1827 μᾶλλον
772 1760 970 1831 ἑαυτὴν
1006 1762 1253 1832 ἐκφαίνει
1293 1767 1407 1829 τοῖς
1445 1768 1786 1837 προσεχέσιν.

211 1845 333 1899 Ἐπὶ
357 1847 421 1900 δὲ
450 1847 561 1900 τῶν
589 1849 880 1921 δευτέρων,
900 1852 932 1923 ἢ
955 1852 1065 1905 τῶν
1095 1854 1360 1926 ἐσχάτων,
1388 1856 1420 1927 ἢ
1447 1858 1541 1910 καὶ
1569 1858 1791 1914 ἐπὶτῶν

200 1936 404 2007 νοερῶν
432 1938 591 2009 ἡμῶν
621 1940 926 2012 δυνάμεων,
962 1943 1105 1997 κατά
1124 1945 1223 2016 τὴν
1251 1946 1481 2001 ἑκάστου
1499 1946 1651 2013 τάξιν
1677 1966 1794 2003 συν-

199 2032 427 2102 ημμένη
478 2050 599 2097 πως
638 2035 836 2105 μᾶλλον
898 2036 993 2089 καὶ
1038 2040 1441 2111 συνεσταλμένη
1487 2040 1789 2112 θεωρεῖται,

201 2124 333 2194 πρὸς
381 2126 485 2195 τὴν
521 2122 632 2179 οἷον
674 2130 753 2191 εἰς
810 2130 983 2200 μῆκος
1029 2130 1330 2185 ἀπόστασιν
1372 2133 1470 2203 τῆς
1521 2134 1657 2204 πρὸς
1701 2134 1793 2186 τὸν

201 2216 331 2268 Θεὸν
364 2216 736 2288 πλησιάσεως,
769 2221 1075 2289 συνάγουσα
1109 2225 1271 2277 οἱονεὶ
1315 2226 1452 2298 αὑτὴ
1490 2229 1522 2297 ή
1561 2225 1678 2279 θεία
1717 2226 1794 2279 ἕλ-

200 2308 407 2379 λαμψις
451 2312 553 2381 τὴν
595 2313 802 2367 οἰκείαν
834 2315 1141 2386 φανέρωσιν
1182 2318 1318 2390 πρὸς
1355 2320 1415 2373 τὸ
1456 2320 1653 2372 ἐνιαῖον
1702 2320 1795 2373 καὶ

199 2401 410 2453 ἁπλοῦν
450 2404 622 2473 αὐτῆς
680 2404 976 2474 ἄγνωστον,
1039 2410 1350 2478 Ἀγνωστος
1406 2412 1517 2484 γάρ
1574 2414 1722 2467 ἐστιν
1766 2417 1796 2469 0

201 2494 331 2555 Θεὸς
355 2496 420 2548 οὐ
438 2496 530 2549 διὰ
558 2499 828 2553 ποικιλίαν
859 2502 1234 2574 συλλογισμῶν
1256 2505 1624 2579 ἀγνοουμένην
1643 2511 1793 2580 ἡμῖν,

203 2587 339 2640 ἀλλά
370 2591 519 2642 κατὰ
551 2592 755 2645 ἑνιαίαν
774 2594 896 2647 τινὰ
925 2597 1020 2649 καὶ
1064 2598 1201 2668 πρὸς
1228 2598 1297 2651 τὰ
1335 2600 1455 2653 καθ’
1483 2603 1631 2671 ἡμᾶς
1672 2602 1797 2655 καθ-

200 2676 256 2728 ὲν
300 2678 399 2731 καὶ
443 2680 699 2748 καθάπαξ
726 2684 1109 2756 ἀκατάληπτον
1138 2689 1434 2756 ἀγνωσίαν.
1457 2692 1615 2745 Κατά
1636 2692 1796 2746 τοῦτο

200 2768 440 2836 λέγεται,
470 2773 553 2825 ὅτι
580 2775 674 2826 καὶ
705 2777 1063 2832 ἀναϐάλλεται
1100 2781 1216 2849 φῶς
1253 2782 1329 2847 ὡς
1364 2784 1595 2854 ἱμάτιον,
1635 2788 1797 2840 οἰονεὶ

200 2862 520 2917 ἀναστέλλει
541 2866 601 2918 τὸ
629 2867 740 2935 φῶς
777 2874 1169 2942 προνοητικῶς,
1200 2874 1285 2927 ἵνα
1314 2877 1563 2947 χωρητὸν
1588 2881 1654 2949 τῇ
1687 2878 1796 2944 ἔξει

200 2956 303 3008 τῶν
332 2957 747 3030 ὑποδεεστέρων
784 2964 1029 3034 γένηται,
1060 2965 1088 3018 ὃ
1116 2965 1181 3037 δὴ
1216 2966 1481 3038 ἐλλάμπει
1527 2973 1642 3034 τοῖς
1675 2970 1796 3025 καθ’

199 3047 433 3150 ἕκαστον
461 3049 848 3150 δευτέροις-διά
878 3056 988 3109 τῶν
1029 3058 1280 3130 πρώτων·
1311 3061 1405 3114 καὶ
1437 3063 1485 3115 εἰ
1505 3062 1587 3115 δεῖ
1620 3064 1796 3117 συντό-
1820 3089 1865 3150 C

202 3157 315 3207 μως
342 3142 542 3206 εἰπεῖν,
578 3143 643 3197 ἐκ
670 3144 765 3197 τοῦ
801 3148 1035 3218 κρυφίου
1064 3149 1125 3202 τὸ
1165 3148 1282 3219 φῶς
1311 3150 1670 3221 ἐμφανίζεται
1700 3155 1794 3206 καὶ

198 3233 309 3294 τοῖς
344 3233 578 3302 ἑτέροις,
614 3236 749 3288 ἀλλά
779 3236 868 3291 διὰ
894 3239 1005 3292 τῶν
1037 3239 1268 3313 πρώτων
1294 3242 1598 3314 δυνάμεων.
1624 3245 1796 3299 Τοῦτο

199 3319 327 3386 γοῦν
364 3322 459 3373 καὶ
508 3325 536 3375 0
580 3326 865 3397 προφήτης
909 3328 1220 3383 ὲδιδάσκετο
1264 3330 1343 3401 (ὃν
1403 3334 1495 3387 καὶ
1546 3333 1794 3405 θεολόγον

200 3414 387 3480 φησὶν,
416 3415 449 3484 ἢ
486 3414 562 3478 ὡς
595 3417 806 3490 μύστην
834 3420 941 3474 τῶν
973 3424 1240 3494 κρυφίων,
1271 3424 1403 3495 ῆώς
1431 3427 1567 3480 Θεοῦ
1603 3428 1795 3497 λόγους

200 3500 466 3575 λέγοντα)
500 3508 652 3578 παρά
687 3509 785 3564 τοῦ
816 3512 1047 3581 ἀγγέλου
1088 3514 1182 3566 τοῦ
1210 3516 1345 3587 πρὸς
1370 3516 1431 3569 τὸ
1461 3518 1576 3586 φῶς
1608 3518 1795 3573 τοῦτον

199 3593 448 3661 ἄγοντος,
478 3598 560 3651 ὅτι
587 3601 681 3652 καὶ
713 3603 1036 3676 ήκάθαρσις
1066 3605 1159 3659 καὶ
1186 3609 1335 3661 πᾶσα
1380 3609 1631 3681 ἐνέργεια
1676 3610 1795 3667 θεία

200 3685 267 3736 δι’
300 3688 484 3741 αὐτῶν
520 3691 883 3765 ἐνεργουμένη
906 3734 920 3758 ,
956 3696 1024 3749 ἂν
1107 3700 1201 3751 καὶ
1234 3699 1385 3770 παρά
1416 3701 1622 3756 τούτων
1651 3705 1793 3758 τισὶν

202 3776 665 3850 ἐπιχορηγῶνται.
708 3783 845 3837 Ἀλλ’
885 3784 978 3840 οὖν
1024 3791 1130 3844 εἰσι
1190 3791 1405 3863 πρῶται
1463 3795 1640 3849 οὐσίαι
1700 3798 1796 3851 καὶ

203 3875 515 3941 προσεχεῖς,
547 3873 619 3927 δι’
649 3871 725 3929 ὧν
752 3878 847 3930 καὶ
896 3882 1086 3945 αὐταῖς
1134 3884 1202 3937 τὰ
1240 3886 1464 3940 τοιαῦτα
1512 3888 1662 3959 παρά
1699 3889 1794 3942 τοῦ

200 3960 335 4014 Θεοῦ
390 3966 853 4037 ἐπιχορηγοῦνται
892 3970 1033 4025 κατά
1069 3974 1168 4045 τὴν
1206 3976 1491 4046 ἀναλογίαν
1528 3980 1629 4049 τῆς
1676 3981 1798 4036 ἑκά-

205 4070 330 4107 στου
356 4057 589 4122 τάξεως·
614 4059 695 4112 διὸ
724 4062 816 4113 καὶ
852 4063 950 4135 τὴν
991 4065 1332 4139 καθαρτικὴν
1366 4069 1623 4141 ἰδιότητα,
1656 4072 1793 4125 ἀλλὰ

164 4221 171 4229 _
202 4153 298 4221 τήν
320 4153 490 4205 οἰονεί
512 4152 600 4206 διά
620 4171 763 4219 τινος
801 4156 1081 4228 πυρώδους
1111 4160 1391 4231 ἐνεργείας
1419 4161 1548 4233 (εἰσί
1573 4162 1681 4235 γάρ
1703 4164 1796 4216 καὶ

204 4243 353 4297 ἄλλοι
387 4244 579 4314 τρόποι
618 4244 938 4317 καθάρσεων
975 4251 1087 4312 τοῖς
1134 4250 1398 4322 σεραφίμ)
1456 4251 1532 4316 ὡς
1576 4254 1669 4305 καὶ
1695 4253 1795 4323 τὴν

206 4337 531 4403 ἐπωνυμίαν
554 4338 790 4407 ἔχουσιν,
819 4340 1045 4405 εἰκότως
1086 4342 1226 4411 μετά
1261 4343 1394 4396 Θεὸν
1424 4344 1793 4403 ἀνατέθεικεν.

1900 472 2074 540 ipsum
2109 472 2383 541 expiabat.
2418 471 2519 538 Qui
2546 471 2691 525 enim
2727 486 2896 541 purus
2917 479 3000 526 est
3023 471 3184 527 aliter
3212 475 3483 529 mundare

1898 580 2007 618 non
2040 572 2244 632 potest,
2270 564 2374 618 nisi
2402 563 2518 633 ipse
2542 562 2734 633 plenus
2753 563 2826 616 sit
2856 562 3161 619 munditiei.
3196 562 3480 631 Quomodo

1898 669 2078 713 autem
2124 658 2549 712 communicatio
2597 656 2796 710 divina:
2839 656 3219 711 illustrationis
3258 672 3479 727 quoquo

1898 751 2059 803 modo
2091 749 2240 819 puris
2273 759 2357 803 est
2402 747 2684 818 expiatio?
2713 746 2837 813 quia
2895 762 3001 801 non
3053 747 3137 801 fas
3186 758 3271 802 est
3314 748 3477 801 aliter

1899 841 2095 895 divina:
2144 841 2282 895 lucis
2326 848 2629 909 compotem
2683 838 2822 904 ﬁeri,
2872 839 2976 894 nisi
3028 840 3150 906 quis
3204 840 3478 908 particeps

1897 935 1969 989 sit
1989 933 2183 987 divina:
2212 931 2562 1001 expiationis,
2594 938 2649 985 et
2700 930 2805 983 nisi
2848 943 3064 998 quoquo
3094 930 3256 983 modo
3294 930 3406 1000 jam
3445 945 3478 985 a

1897 1026 2208 1095 passionum
2260 1023 2615 1091 materiaeque
2661 1020 2918 1075 sordibus
2947 1020 3018 1075 sit
3053 1029 3316 1074 remotus.
3361 1018 3478 1073 Hoc

1898 1116 2014 1183 ipso
2041 1113 2186 1167 enim
2218 1126 2328 1180 quo
2377 1112 2640 1180 propheta
2683 1111 3157 1180 compungebatur
3187 1124 3253 1163 ac
3282 1110 3478 1177 deplo-

1897 1205 2075 1269 rabat,
2124 1217 2185 1257 se
2214 1202 2554 1257 immundum
2600 1216 2742 1268 esse,
2781 1210 2836 1256 et
2870 1200 3149 1255 itnmunda
3185 1200 3329 1253 labia
3381 1205 3478 1255 ha-

1895 1296 2048 1361 bere,
2077 1304 2134 1351 et
2172 1294 2227 1348 in
2271 1296 2456 1348 medio
2498 1294 2681 1363 populi
2715 1294 2984 1347 immundi
3037 1294 3310 1361 habitare,
3340 1294 3479 1347 vidit

1898 1388 2186 1443 Dominum
2218 1386 2491 1451 sabaoth;
2526 1387 2653 1455 quia
2703 1386 2806 1455 ipsi
2863 1387 2967 1441 hoc
2995 1386 3199 1441 dicenti
3233 1385 3479 1456 partialis

1894 1482 2141 1553 quzedam
2173 1480 2417 1550 expiatio
2453 1479 2747 1544 existebat,
2792 1481 3055 1549 quocirca
3100 1478 3265 1534 etiam
3303 1483 3476 1549 parti-

1896 1594 2025 1649 ceps
2059 1577 2119 1633 fit
2142 1577 2488 1648 perfectioris
2529 1576 2882 1647 expiationis.
2921 1576 3092 1631 Porro
3122 1576 3259 1641 haec,
3291 1558 3479 1629 exem-

1897 1675 2005 1743 ptis
2050 1674 2255 1735 causis,
2283 1673 2525 1741 expiatio
2576 1670 2789 1725 scilicet
2819 1679 2905 1724 est
2951 1668 3037 1723 vel
3082 1669 3474 1739 participatio:

1896 1778 2072 1837 neque
2100 1765 2245 1819 enim
2273 1774 2333 1818 ut
2363 1764 2416 1816 in
2450 1760 2788 1828 hominibus,
2827 1761 2907 1815 sic
2929 1770 2982 1814 et
3015 1760 3067 1815 in
3104 1761 3267 1817 rebus
3289 1762 3477 1816 incor-

1893 1856 2077 1925 poreis
2123 1863 2181 1909 et
2212 1868 2438 1909 omnino
2506 1852 2847 1922 spiritalibus
2899 1851 2987 1907 iis
3015 1853 3287 1908 mentibus
3312 1854 3479 1923 perfl-

1893 1950 2042 2005 citur
2067 1946 2369 2003 elliciturve
2390 1946 2656 2016 expiatio,
2693 1946 2787 2000 sed
2822 1946 2965 2000 haud
2995 1945 3228 2011 simplici
3258 1947 3477 2000 ratione

1893 2052 1950 2095 at
2004 2056 2100 2107 per
2131 2043 2348 2094 modum
2383 2040 2624 2111 mysticte
2670 2039 3019 2102 initiationis,
3054 2038 3121 2093 iis
3166 2053 3288 2107 quae
3323 2036 3476 2093 circa

1897 2133 2065 2189 Deum
2090 2141 2238 2196 sunt,
2264 2133 2565 2201 primisque
2598 2131 2854 2185 essentiis
2873 2130 3220 2185 manifestior
3235 2130 3469 2185 accidit:

1895 2225 2206 2280 boc'autem
2232 2224 2313 2287 fit,
2345 2222 2474 2291 quia
2514 2221 2687 2290 magis
2725 2236 2787 2275 se
2826 2221 3105 2290 proximis.
3136 2220 3474 2275 manifestat.

1894 2316 1949 2371 ln
1988 2316 2243 2371 secundis
2270 2329 2422 2375 vero,
2457 2312 2541 2366 vel
2576 2310 2896 2382 postremis,
2930 2310 3012 2363 vel
3036 2310 3205 2364 etiam
3256 2311 3479 2378 spirita-

1895 2408 2038 2463 libus
2091 2406 2294 2462 nostris
2345 2406 2581 2465 viribus,
2642 2404 2944 2459 secundum
2999 2403 3159 2472 122
3207 2401 3477 2472 cujusque

1894 2501 2142 2556 ordinem
2171 2499 2573 2569 quodammodo
2600 2497 2834 2553 collecta
2865 2497 3041 2566 magis
3070 2506 3127 2549 et
3178 2504 3471 2549 contracta

1895 2593 2252 2660 conspicitur,
2283 2594 2412 2645 dum
2456 2590 2643 2645 divina
2697 2588 2991 2643 illustratio
3047 2602 3146 2656 pro
3179 2586 3481 2642 intervallo

1895 2686 2189 2750 distantias,
2225 2699 2331 2754 qua
2365 2685 2433 2738 ad
2483 2683 2652 2737 Deum
2683 2681 2986 2747 acceditur,
3012 2694 3169 2734 suam
3210 2679 3477 2747 quodam—

1897 2780 2059 2833 modo
2109 2777 2316 2849 colligit
2358 2776 2866 2831 manifestationem
2898 2776 2966 2828 ad
2999 2774 3286 2843 ipsiusmet
3322 2771 3475 2825 inco-

1897 2872 2105 2941 gnitam
2157 2871 2426 2924 unitatem
2475 2884 2540 2922 ac
2587 2866 3018 2937 simplicitatem.
3070 2864 3291 2933 Ignotus
3329 2862 3474 2916 enim

1897 2973 1983 3018 est
2014 2961 2181 3028 Deus,
2225 2976 2331 3016 non
2366 2968 2592 3031 propter
2638 2959 2959 3014 varietatem
2996 2956 3474 3011 ratiocinationnm

1898 3058 2055 3113 nobis
2104 3060 2367 3127 ignotam,
2421 3054 2518 3109 sed
2571 3050 2875 3107 secundum
2933 3064 3100 3103 unam
3138 3047 3374 3116 aliquam
3421 3048 3476 3103 in

1898 3147 2054 3202 nobis
2103 3147 2425 3217 simpliciter
2468 3154 2524 3200 et
2570 3143 2820 3199 absolute
2865 3138 3473 3210 incomprehensibilem

1897 3239 2323 3308 ignorationem.
2355 3237 2662 3291 Secundum
2696 3235 2795 3289 hoc
2819 3233 3021 3288 dicitur
3052 3231 3219 3287 etiam
3244 3232 3477 3286 induero

1896 3334 2077 3388 lumen
2093 3332 2237 3387 sicut
2259 3330 2641 3385 vestimentum
2659 3338 2683 3365 ο
2712 3344 2798 3393 ,ac
2813 3328 2860 3383 si
2874 3326 3275 3398 quodammodo
3290 3326 3472 3379 lumen

1897 3423 2243 3495 providentia
2288 3437 2386 3477 sua
2416 3421 2720 3485 cohiberet,
2755 3431 2811 3474 ut
2844 3422 2911 3475 ab
2965 3418 3318 3473 inferioribus
3348 3418 3471 3486 capi

1896 3524 2079 3585 posset
2102 3513 2228 3567 dum
2253 3510 2507 3566 videlicet
2532 3510 2760 3579 singulis
2790 3508 3134 3578 sequentium
3167 3508 3352 3562 illucet
3376 3521 3474 3574 per

1899 3606 2126 3673 primos,
2154 3611 2228 3663 et,
2258 3603 2301 3655 si
2328 3599 2642 3653 summatim
2673 3599 2859 3652 dicere
2888 3606 3125 3667 oportet,
3159 3611 3223 3651 ex
3255 3595 3475 3649 occulto

1898 3698 2082 3753 lumen
2130 3693 2515 3749 manifestatur
2555 3692 2722 3746 etiam
2766 3690 2908 3755 aliis,
2958 3690 3053 3745 sed
3114 3703 3211 3757 per
3240 3688 3475 3741 virtutes

1896 3790 2126 3860 primas.
2188 3789 2301 3841 lloc
2367 3787 2553 3855 itaque
2607 3785 2773 3839 etiam
2838 3783 3106 3852 propheta
3171 3781 3471 3835 docebatur

1897 3886 2078 3955 (quem
2111 3891 2166 3935 et
2189 3880 2501 3949 theologum
2533 3878 2799 3943 nominat,
2827 3875 2911 3931 vel
2960 3883 3018 3929 ut
3056 3877 3335 3929 doctorem
3379 3888 3470 3926 re-

1900 3991 2021 4029 rum
2048 3973 2407 4038 occultarum,
2433 3970 2521 4027 vel
2557 3980 2616 4024 ut
2642 3971 2733 4024 Dei
2760 3983 3045 4024 sermones
3074 3966 3474 4038 proferentem)

1873 4064 1945 4122 ab
1975 4065 2172 4136 angelo
2205 4064 2296 4133 qui
2334 4064 2510 4133 ipsum
2538 4062 2604 4116 ad
2635 4061 2817 4114 lumen
2852 4062 2954 4117 hoc
2984 4062 3305 4126 adducebat,
3342 4077 3468 4116 cum

1878 4159 2172 4227 ipsammet
2200 4154 2591 4223 expiationem,
2623 4166 2737 4207 tum
2764 4168 2981 4207 omnem
3008 4153 3248 4207 divinam
3283 4169 3475 4224 opera—

1874 4252 2079 4305 tionem
2106 4264 2203 4317 per
2241 4248 2388 4316 ipsas
2412 4244 2572 4311 efﬁci,
2618 4244 3060 4315 quandoquidem
3093 4254 3148 4300 et
3179 4260 3277 4313 per
3321 4245 3475 4314 ipsas

1877 4343 1997 4396 haec
2031 4340 2447 4411 suppeditentur
2470 4337 2765 4407 aliquibus.
2792 4335 2932 4390 Sunt
2961 4336 3145 4406 itaque
3174 4336 3364 4405 primm
3384 4352 3472 4392 es-

205 4428 373 4483 υύδὲν
400 4426 494 4483 οὖν
532 4430 751 4495 ἄτοπον,
792 4434 841 4484 εἰ
869 4432 1153 4504 καθαίρειν
1195 4434 1288 4487 τὸν
1331 4436 1617 4507 προφήτην
1642 4439 1671 4489 0
1702 4454 1791 4489 σε-

1892 4434 2070 4489 sentiae
2093 4440 2147 4485 et
2184 4430 2439 4494 assiduae,
2472 4445 2567 4498 per
2590 4445 2727 4497 quas
2759 4429 2923 4482 etiam
2964 4428 3097 4497 ipsis
3121 4429 3247 4489 ista,
3277 4442 3467 4483 secun-

210 4524 388 4591 ραφὶμ
417 4522 654 4591 λέγεται.
708 4525 848 4595 Ὅρα
882 4524 991 4597 γὰρ
1034 4527 1128 4579 καὶ
1171 4527 1264 4581 ἐπὶ
1287 4527 1445 4592 Θεοῦ,
1495 4530 1598 4594 ὅτι,
1648 4531 1792 4601 παρ’

208 4614 384 4669 ἄλλων
432 4616 832 4687 καθαιρόμενοι,
874 4618 1144 4689 λεγόμεθα
1184 4620 1336 4689 παρά
1368 4620 1503 4673 Θεοῦ
1546 4621 1826 4701 καθαίρεη

210 4705 353 4769 σθαι,
391 4708 450 4758 ἐν
500 4706 578 4777 τῷ
612 4703 750 4761 εἶναι
785 4708 974 4762 τοῦτον
1021 4711 1202 4763 πᾶσαν
1229 4711 1408 4764 αἰτίαν
1446 4711 1785 4783 καθάρσεως.

208 4796 425 4849 Μᾶλλον
492 4796 548 4849 δὲ
596 4798 682 4851 ἵνα
736 4798 1144 4871 χθαμαλωτέρῳ
1198 4800 1263 4852 ἐκ
1318 4800 1419 4871 τῆς
1475 4801 1592 4854 καθ’
1644 4804 1792 4874 ἡμᾶς

209 4884 495 4956 ἰεραρχίας
528 4888 821 4958 χρήσωμαι
862 4888 1285 4959 παραδείγματι,
1327 4889 1578 4962 καθάπερ
1606 4895 1635 4945 0
1669 4892 1791 4945 καθ’

206 4977 356 5047 ἡμᾶς
388 4978 671 5049 ίεράρχης,
701 4979 789 5032 διὰ
807 4979 916 5033 τῶν
935 4980 1100 5033 αὐτοῦ
1114 4983 1463 5052 λειτουργῶν,
1478 4984 1595 5054 ήτοι
1623 4984 1796 5038 διακό-

210 5087 313 5123 νων
359 5070 395 5140 ἢ
448 5071 639 5141 ἱερέων
686 5072 1024 5145 καθαίρωνῆ
1054 5072 1325 5145 φωτίζων,
1372 5075 1534 5139 αὐτὸς
1575 5075 1793 5144 λέγεται

210 5161 495 5233 καθαίρειν
530 5164 625 5215 καὶ
652 5162 929 5232 φωτίζειν,
959 5165 1067 5219 τῶν
1095 5164 1164 5218 δι’
1192 5165 1356 5218 αὐτοῦ
1374 5164 1793 5237 καθιερωμένων

210 5253 437 5321 τάξεων,
487 5255 682 5327 δηλαδὴ
729 5257 1241 5329 χειροτονουμένων,
1287 5259 1376 5310 ἐπ’
1410 5257 1571 5311 αὐτὸν
1611 5260 1795 5313 ἀνατι-

212 5344 407 5400 θεισῶν
436 5346 509 5400 τά
546 5348 647 5420 τῆς
695 5351 900 5415 οἰκείας
939 5351 1239 5421 ἐνεργείαςο
1286 5350 1429 5404 οὕτω
1476 5351 1569 5403 καὶ
1613 5353 1642 5404 0
1693 5350 1794 5421 τὴν

213 5436 555 5509 meame
611 5440 922 5511 ἐπιστήμην
972 5442 1067 5495 τοῦ
1126 5441 1374 5511 θεολόγου
1422 5443 1791 5514 τελετουργῶν

214 5528 442 5599 ἄγγελος
473 5530 566 5582 ἐπὶ
593 5530 687 5585 τὸν
711 5532 843 5585 Θεὸν
874 5533 970 5603 μὲν
1010 5533 1085 5598 ὡς
1113 5534 1306 5599 αἴτιον,
1335 5535 1429 5588 ἐπὶ
1470 5535 1526 5589 δὲ
1563 5535 1655 5589 τὸν
1696 5553 1788 5588 σε-

217 5623 389 5693 ραφὶμ
414 5623 491 5685 ὡς
526 5622 757 5691 πρώτως
786 5622 853 5678 τὰ
890 5624 987 5695 τῆς
1032 5625 1347 5698 καθάρσεως
1375 5627 1660 5700 δεχόμενον
1695 5629 1787 5682 καί

282 5718 324 5751 °'
363 5714 454 5772 Ps.
484 5731 601 5782 cm,
632 5715 689 5770 2.

1879 4525 2009 4580 dum
2035 4533 2253 4593 captum
2277 4523 2546 4592 cujusque
2570 4521 2801 4583 ordinis,
2820 4536 2847 4573 a
2877 4520 2984 4574 Deo
3009 4521 3423 4588 suppeditantur
3453 4538 3467 4574 :

1877 4626 2041 4688 atque
2065 4618 2202 4671 adeo
2240 4617 2402 4671 etiam
2445 4614 2827 4683 proprietatem
2856 4613 3107 4682 expiandi
3135 4629 3229 4682 per
3254 4613 3467 4683 igneam

1876 4710 2036 4777 quasi
2058 4709 2296 4779 aliquam
2338 4707 2711 4776 operationem
2750 4706 2899 4774 (nam
2926 4716 2978 4759 et
3001 4705 3275 4773 seraphim
3300 4704 3468 4758 aliam

1878 4817 2097 4873 quoque
2120 4799 2373 4870 expiandi
2409 4799 2675 4852 rationem
2716 4797 2956 4865 habent),
2984 4812 3107 4849 cum
3134 4796 3241 4849 hoc
3264 4810 3466 4849 nomen

1876 4895 2138 4960 habeant,
2161 4892 2357 4947 merito
2378 4900 2503 4961 post
2526 4889 2695 4943 Deum
2725 4889 2793 4943 iis
2815 4888 3084 4943 attribuit.
3108 4886 3257 4944 Nihil
3282 4888 3469 4956 itaque

1878 4985 2103 5041 absurdi
2138 4994 2225 5038 est
2260 4984 2305 5038 si
2333 4982 2609 5051 seraphim
2644 4982 2963 5051 prophetam
2998 4980 3222 5050 expiare
3244 4979 3465 5033 dicitur.

1878 5075 2112 5129 Adverte
2132 5073 2276 5128 enim
2300 5080 2382 5137 ut,
2403 5071 2531 5125 dum
2558 5070 2627 5125 ab
2648 5070 2769 5125 aliis
2792 5071 2955 5124 etiam
2978 5069 3282 5139 expiamur,
3306 5085 3335 5123 a
3361 5068 3471 5122 Deo

1876 5183 2063 5223 tamen
2096 5166 2302 5236 expiari
2344 5165 2596 5224 dicimur,
2631 5164 2775 5234 qugd
2818 5164 2865 5218 is
2910 5164 3091 5216 omnis
3136 5160 3469 5235 expiationis

1896 5279 2061 5319 causa
2088 5263 2183 5317 sit.
2218 5261 2310 5315 Ven
2337 5260 2537 5328 potius,
2572 5268 2633 5313 ut
2663 5259 2836 5329 magis
2870 5257 3029 5313 obvio
3053 5265 3108 5311 et
3136 5266 3319 5310 nostra
3350 5253 3465 5307 hie-

1895 5355 2110 5410 rarchia
2163 5352 2411 5421 exetnplo
2445 5361 2570 5405 utar
2613 5369 2627 5405 :
2669 5351 3124 5420 quemadmodum
3174 5347 3313 5416 apud
3365 5361 3465 5401 nos

1895 5447 2137 5519 pontifex
2170 5448 2298 5502 dum
2333 5461 2428 5514 per
2460 5444 2740 5499 ministros
2783 5453 2877 5497 aut
2923 5442 3185 5496 diaconos
3236 5445 3331 5494 aut
3366 5450 3461 5490 sa-

1893 5540 2143 5594 cerdotes
2164 5537 2351 5604 expiat
2372 5535 2732 5596 illuminatve,
2764 5536 2992 5604 ipsemet
3014 5531 3214 5587 dicitur
3242 5527 3461 5597 expiare

1895 5643 1951 5690 ct
1995 5632 2327 5698 illuminare,
2364 5631 2506 5701 quod
2558 5630 2632 5685 illi
2678 5614 2920 5695 ordines,
2967 5640 3103 5695 quos
3154 5632 3461 5690 consecrat,
