3908 6232
434 242 547 302 τις

1602 241 1661 299 S.
1700 240 2004 299 DIO‘NYSII
2038 242 2386 301 AREOPAGI
2401 241 2518 300 TE

3610 240 3738 297 3‘10

435 377 566 418 suas
592 361 659 416 ad
699 359 875 431 ipsum
905 359 1149 417 referam
1188 360 1467 428 actiones;
1515 362 1595 417 sic
1621 364 1847 434 angelus
1879 378 2019 434 quo-

2139 362 2499 433 :xrrépmv'ra,
2528 360 2863 432 ἀνατίθησιν,
2902 359 2962 413 οὐ
3005 359 3452 430 σφετεριζόμενος
3497 358 3607 428 τὴν
3657 376 3742 411 τι·

435 470 544 527 que
573 454 665 525 qui
701 454 1011 523 theologum
1045 455 1327 525 expiabat,
1352 472 1505 513 suam
1535 460 1791 529 expiandi
1841 462 2022 515 scien-

441 550 571 602 tiam
614 548 723 602 Deo
749 549 965 617 quidem
993 559 1052 604 ut
1083 565 1267 607 causa!
1294 552 1543 617 ascribit,
1569 552 1844 621 serapbim
1871 567 2023 617 vero,

442 651 698 711 tanquam
742 642 817 695 illi
870 642 962 711 qni
995 645 1172 713 primo
1222 645 1342 699 loco
1387 646 1762 716 expiationem
1818 649 2025 716 excipit

437 742 495 787 et
523 733 747 799 emittit,
797 733 1061 790 honorem
1094 737 1257 791 istum
1292 738 1395 793 sibi
1441 740 1663 795 minime
1710 741 2019 806 vindicans,

438 836 497 882 et
534 827 689 896 quasi
724 830 1018 884 ambitiose
1066 846 1289 885 sumens
1323 832 1536 902 (procul
1586 834 1732 888 enim
1763 850 1794 889 a
1828 835 2028 890 divinis

442 920 748 976 istiusmodi
783 922 1011 977 ambitio
1038 924 1167 992 est),
1199 925 1294 979 sed
1320 940 1447 981 cum
1483 927 1727 998 angelica
1760 928 2028 999 quodam-

443 1014 606 1067 modo
634 1016 934 1070 reverentia
979 1017 1179 1072 docens
1211 1034 1274 1071 ac
1305 1020 1494 1073 dicens
1541 1019 1610 1072 ad
1653 1021 1975 1089 prophetam
2011 1038 2025 1075 :

442 1097 571 1168 Ejus
590 1115 711 1169 qua:
743 1116 839 1170 per
863 1119 947 1157 me
979 1104 1034 1159 in
1065 1114 1117 1162 te
1138 1106 1423 1173 perﬁcitur
1443 1110 1778 1177 expiationis
1814 1111 2025 1179 princi-

442 1192 595 1262 pium
620 1194 840 1262 quidem
875 1202 963 1250 cst
1014 1196 1177 1264 Deus,
1204 1213 1367 1269 quem
1416 1200 1470 1254 in
1516 1201 1716 1255 throno
1757 1201 2025 1257 elevatum

444 1286 648 1343 cernis.
675 1284 776 1342 Hic
822 1298 909 1341 est
959 1291 1073 1357 ipsa
1104 1304 1203 1359 per
1226 1306 1285 1346 se
1314 1292 1558 1361 expiatio
1592 1302 1649 1347 ct
1670 1293 1902 1347 essentia
1930 1308 2029 1348 ex-

444 1379 724 1449 piationis,
759 1380 918 1451 123
951 1391 1139 1450 utpote
1159 1384 1402 1438 essentia
1428 1384 1669 1440 luminis.
1705 1382 1805 1441 Hic
1831 1394 1914 1439 est
1938 1386 2031 1454 qui

445 1474 652 1541 primas
678 1480 967 1538 essentias,
1016 1491 1159 1545 quas
1188 1477 1338 1533 circa
1369 1493 1494 1533 eum
1523 1480 1701 1545 vides,
1751 1479 2030 1550 produxit,

446 1575 504 1621 et
546 1565 702 1634 juxta
751 1568 1158 1625 secollocando
1214 1570 1478 1635 continet,
1529 1581 1694 1639 atque
1739 1580 2034 1626 conservat

450 1658 521 1711 ab
552 1658 939 1715 immutatione
964 1669 1019 1715 et
1046 1660 1222 1731 lapsu.
1257 1661 1626 1717 lmmutabiles
1658 1671 1840 1716 autem
1886 1663 2035 1731 engi-

450 1750 631 1806 tanda:
656 1762 785 1807 sunt
816 1753 1116 1807 secundum
1143 1755 1467 1818 essentiam,
1511 1754 1660 1808 velut
1706 1754 1758 1808 in
1799 1754 2023 1809 immor-

451 1842 688 1908 talitate,
734 1844 787 1897 in
817 1844 951 1910 vita,
989 1845 1289 1900 secundum
1315 1860 1480 1913 quam
1510 1846 1746 1900 essentia
1775 1860 1873 1900 sua
1927 1848 2035 1899 ha-

451 1935 584 1989 bent
607 1944 665 1988 ut
691 1936 801 1990 sint
828 1934 1029 2004 lumen,
1055 1945 1109 1991 et
1152 1937 1221 1990 ad
1254 1946 1550 1991 extraneas
1577 1937 1787 2007 aliquas
1818 1938 2034 2007 cupidi-

455 2039 596 2083 tates
623 2030 865 2084 sonverti
916 2037 1210 2099 nequeant.
1250 2029 1407 2097 Quod
1455 2032 1601 2085 enim
1649 2032 1704 2086 in
1739 2031 1908 2085 Deum
1940 2046 2039 2087 ex-

455 2122 774 2187 tendantur,
804 2123 854 2177 id
884 2137 951 2176 ex
995 2137 1183 2177 eorum
1236 2122 1469 2193 spiritali
1510 2123 1707 2191 pendet
1737 2123 2033 2181 libertate:

453 2213 600 2281 quod
650 2223 835 2267 autem
890 2214 943 2267 in
978 2214 1084 2268 hoc
1118 2227 1339 2283 semper
1392 2225 1768 2283 perseverant,
1799 2215 1918 2285 opis
1954 2223 2039 2270 est

455 2304 810 2360 Deizomnia
842 2306 991 2360 enim
1041 2307 1137 2361 Dei
1189 2307 1396 2362 auxilio
1443 2322 1582 2376 opus
1636 2308 1863 2364 habent.
1922 2311 2038 2378 Ipse

455 2403 546 2451 est
575 2396 670 2465 qui
704 2396 869 2452 etiam
893 2397 1031 2452 alios
1065 2407 1247 2453 movet
1276 2399 1345 2453 ad
1383 2399 1588 2468 primas
1627 2414 1722 2456 eas
1742 2400 2038 2470 providen-

458 2486 550 2543 tias
573 2503 688 2544 sua:
716 2490 1066 2559 operationes
1096 2492 1525 2562 participandas,
1560 2508 1698 2564 quas
1741 2493 1904 2564 primi
1946 2508 2040 2549 or-

458 2580 617 2635 dines
669 2582 996 2651 susciplnnt,
1044 2591 1101 2637 et
1138 2583 1208 2638 ad
1235 2585 1456 2639 easdem
1507 2585 1706 2641 iterum
1754 2586 2038 2643 transfuno

460 2674 667 2728 «lendas
699 2690 717 2729 :
748 2676 849 2730 hoc
876 2674 1022 2729 enim
1076 2675 1391 2732 missionem
1432 2692 1529 2732 seu
1582 2677 1906 2746 legationem
1939 2680 2039 2734 de-

458 2767 677 2822 clarare
723 2768 882 2836 dixit,
919 2768 1009 2838 qui
1055 2768 1197 2823 hanc
1246 2769 1576 2825 solutionem
1633 2771 1880 2825 tradidit.
1931 2768 2038 2825 Sed

460 2860 553 2915 hic
585 2860 801 2930 quidem
842 2871 928 2917 est
981 2863 1311 2933 expiationis
1354 2874 1567 2928 auctor,
1603 2864 1817 2919 scilicet
1870 2864 2039 2931 Deus;

461 2966 583 3026 post
620 2956 789 3011 Deum
824 2969 954 3011 vero
1004 2957 1051 3011 is
1098 2957 1193 3028 qui
1242 2958 1533 3028 expiatioui
1588 2960 1912 3028 praepositus
1957 2966 2042 3014 est

2129 457 2237 529 μὴν
2262 456 2353 508 καὶ
2368 451 2480 509 οἷον
2506 454 2974 525 φιλοτιμούμενος,
3007 452 3219 523 (πόρρω
3244 450 3351 522 γὰρ
3380 450 3450 504 τὰ
3479 450 3609 503 θεῖα
3628 450 3742 521 τῆς

2126 548 2383 619 τοιαύτης
2417 546 2773 619 φιλοτιμίας,)
2798 546 2913 599 ἀλλ’
2940 540 3050 599 οἷον
3079 546 3195 616 μετ’
3222 544 3510 607 εὐλαϐείας
3549 545 3740 611 ἀγγε-

2128 643 2286 713 λικῆς
2334 642 2684 705 ἐκδιδάσκων,
2732 641 2827 695 καὶ
2872 640 3047 708 λέγων
3076 640 3213 711 πρὸς
3252 638 3345 692 τὸν
3387 639 3739 708 προφήτηνο

2133 738 2256 789 Ὅτι
2292 736 2392 806 τῆς
2437 737 2514 798 είς
2573 734 2633 788 σὲ
2678 735 2809 805 παρ’
2849 731 2984 803 ἐμοῦ
3024 731 3316 802 γινομένης
3366 729 3717 800 καθάρσεως

2130 826 2273 900 ἀρχὴ
2309 828 2407 899 μέν
2443 829 2591 880 ἐστιν
2636 826 2695 879 ὃν
2732 827 2865 898 ὁρᾷς
2911 825 3004 879 ἐπὶ
3034 823 3129 877 τοῦ
3169 824 3481 894 ἐπηρμένου
3524 824 3738 895 θρόνου

2131 919 2288 973 Θεόν.
2320 915 2489 983 Οὗτος
2517 916 2917 989 αὐτοκάθαρσίς
2937 919 3053 970 ἐστι
3081 918 3172 969 καὶ
3191 917 3348 969 οὐσία
3372 917 3737 987 καθάρσεως,

2130 1013 2206 1077 ὡς
2227 1012 2383 1067 οὐσία
2421 1011 2618 1080 φωτός.
2665 1005 2833 1074 Οὗτος
2863 1012 2892 1063 6
2926 1008 3143 1073 καὶτὰς
3170 1008 3390 1081 πρώτας
3419 1009 3619 1073 οὐσίας
3668 1008 3741 1071 ἃς

2134 1107 2263 1177 περὶ
2307 1105 2468 1159 αὐτὸν
2508 1104 2736 1175 θεωρεῖς
2778 1101 3137 1173 παραγαγὼν,
3164 1102 3258 1155 καὶ
3292 1104 3358 1172 τῇ
3390 1102 3521 1172 περὶ
3558 1101 3740 1155 αὐτὸν

2135 1197 2340 1270 ἱδρύσει
2375 1197 2635 1267 συνέχων,
2681 1197 2776 1249 καὶ
2807 1194 3076 1265 διατηρῶν
3130 1195 3266 1265 πρὸς
3310 1194 3578 1265 ἀτρεψίαν
3634 1197 3737 1248 καὶ

2135 1292 2577 1363 ἀμεταπτωσίαν.
2628 1290 2953 1361 Ἀτρέπτους
2974 1291 3030 1345 δὲ
3062 1292 3143 1344 δεῖ
3174 1292 3313 1343 νοεῖν
3364 1290 3567 1353 αὐτοὺς
3603 1292 3737 1343 κατ’

2135 1390 2315 1442 ἐκεῖνο
2345 1388 2466 1442 καθ’
2490 1388 2520 1441 ὃ
2560 1388 2719 1451 εἰσιν,
2752 1382 2864 1440 οἷον
2895 1385 2958 1439 τὸ
2991 1387 3261 1439 ἀθάνατον
3292 1386 3373 1448 είς
3407 1384 3506 1455 τὴν
3552 1383 3734 1453 ζωὴν,

2137 1478 2256 1532 καθ’
2289 1479 2357 1549 ἣν
2399 1478 2687 1532 οὑσίωνται
2730 1478 2809 1540 είς
2844 1476 2904 1529 τὸ
2936 1471 3073 1529 εἶναι
3116 1474 3252 1545 φῶς,
3297 1474 3389 1527 καὶ
3430 1476 3511 1537 είς
3550 1472 3616 1526 τὸ
3656 1472 3737 1543 μὴ

2134 1571 2429 1644 τρέπεσθαι
2452 1573 2531 1634 εἰς
2556 1570 2822 1640 ὲκφύλους
2854 1568 3005 1632 τινὰς
3038 1567 3351 1639 ἐπιθυμίας.
3378 1567 3453 1619 Τὸ
3487 1567 3593 1637 μὲν
3618 1566 3739 1638 γὰρ

2138 1666 2217 1730 είς
2250 1664 2384 1717 Θεὸν
2411 1662 2769 1717 ἀνατετάσθαι
2803 1662 2904 1731 τῆς
2939 1660 3116 1714 αὐτῶν
3149 1660 3264 1713 ἐστι
3297 1661 3488 1730 νοερᾶς
3528 1676 3738 1730 προαι-

2141 1761 2361 1833 ρέσεως·
2397 1760 2459 1813 τὸ
2488 1759 2545 1813 δὲ
2578 1759 2659 1821 είς
2691 1758 2779 1811 ἀεὶ
2814 1758 2941 1827 περὶ
2973 1755 3130 1809 τοῦτο
3170 1754 3413 1825 διαρκεῖν
3445 1752 3548 1824 τῆς
3577 1753 3739 1805 ἀντι-

2135 1851 2349 1925 λήψεως
2384 1853 2499 1904 ἐστι
2540 1849 2635 1903 τοῦ
2668 1847 2825 1903 Θεοῦ
2863 1848 3041 1901 πάντα
3068 1846 3176 1917 γὰρ
3208 1846 3378 1899 δεῖται
3424 1843 3565 1898 Θεοῦ
3606 1845 3739 1915 βοη-

2136 1946 2307 2009 θείας.
2336 1944 2506 2007 Αὐτός
2540 1945 2688 1996 ἐστιν
2718 1944 2747 1997 ὁ
2779 1942 3022 2004 καὶτοὺς
3056 1938 3248 2002 ἀλλους
3285 1936 3452 1991 κινῶν
3496 1938 3595 1989 ἐπὶ
3628 1936 3736 1999 τὰς

2142 2038 2430 2111 μετουσίας
2451 2036 2548 2099 τὰς
2570 2034 2792 2107 πρώτας
2814 2033 2924 2087 τῶν
2958 2032 3137 2086 αὐτῶν
3158 2028 3539 2103 προνοητικῶν
3577 2030 3740 2099 ἐνερ-

2138 2131 2323 2200 γειῶν,
2374 2128 2439 2194 ἃς
2490 2130 2545 2182 ai
2597 2127 2811 2200 πρῶται
2861 2126 3043 2193 τάξεις
3089 2124 3356 2195 δέχονται,
3414 2122 3508 2175 καὶ
3568 2119 3739 2175 πάλιν

2139 2224 2310 2287 αὑτὰς
2338 2224 2417 2286 είς
2451 2222 2511 2274 τὸ
2554 2219 2907 2293 μεταδιδόναι’
2944 2218 3102 2272 τοῦτο
3133 2217 3242 2289 γὰρ
3274 2214 3469 2286 δηλοῦν
3501 2215 3600 2267 καὶ
3635 2214 3737 2284 τὴν

2139 2315 2465 2388 ἀποστολὴν,
2488 2315 2517 2366 6
2540 2314 2639 2384 τὴν
2674 2312 2826 2365 λύσιν
2858 2310 3032 2379 λέγων
3064 2307 3359 2362 ἐδίδασκεν.
3407 2304 3550 2357 Ἀλλ’
3578 2300 3737 2365 οὗτος

2145 2408 2243 2480 μέν
2276 2409 2424 2460 ἐστιν
2458 2407 2486 2459 6
2517 2404 2617 2475 τῆς
2648 2402 2970 2475 καθάρσεως
3007 2399 3201 2464 αἴτιος,
3233 2399 3262 2449 6
3295 2396 3427 2460 Θεὸς
3460 2393 3736 2464 δηλονότι,

2143 2499 2283 2573 μετά
2312 2500 2369 2553 δὲ
2417 2498 2549 2551 Θεὸν
2583 2497 2844 2568 ἱεράρχης
2888 2494 2988 2564 τῆς
3022 2492 3364 2563 καθάρσεως,
3396 2490 3425 2542 6
3461 2486 3734 2558 σεραφὶμ.

2142 2595 2285 2666 παρ’
2315 2588 2374 2647 οὗ
2407 2590 2563 2660 κάγὼ
2578 2591 2637 2646 τὸ
2654 2589 2931 2660 καθαίρειν
2965 2584 3231 2658 ὲμυήθην.
3267 2578 3433 2645 Οὗτος
3454 2576 3550 2634 οὖν
3584 2581 3736 2632 ἐστιν

2142 2690 2171 2741 6
2209 2686 2473 2757 σεραφὶμ,
2506 2684 2535 2735 6
2562 2683 2630 2736 δι’
2665 2678 2801 2751 ὲμοῦ
2839 2696 2898 2732 σε
2944 2677 3245 2749 καθαίρων,
3278 2674 3345 2727 δι’
3382 2667 3557 2744 οὗπερ
3591 2672 3621 2723 6
3646 2671 3742 2742 δη-

2148 2778 2403 2852 μιουργὸς
2448 2777 2547 2847 τῆς
2589 2774 2961 2847 καθάρσεωςδ
2999 2772 3151 2835 Θεὸς,
3195 2769 3293 2833 τάς
3323 2769 3531 2831 οἰκείας
3579 2768 3742 2837 ὲνερ-

2144 2876 2299 2945 γείας
2335 2876 2399 2928 ὲκ
2433 2873 2527 2927 τοῦ
2582 2870 2778 2925 ἑαυτοῦ
2819 2871 3052 2941 κρυφίου
3107 2867 3188 2929 είς
3228 2865 3374 2935 ἡμᾶς
3423 2863 3739 2933 προήγαγε.

2145 2970 2329 3024 Ταῦτα
2365 2968 2462 3038 μὲν
2499 2968 2704 3028 ἐκεῖνος
2734 2967 2762 3018 6
2795 2962 2938 3034 ἱερὸς
2970 2960 3110 3032 ἀνὴρ
3142 2956 3387 3012 ἐδίδασκέ
3425 2972 3513 3026 με·
3554 2953 3639 3006 σοὶ
3656 2952 3739 3013 δὲ,

459 3051 765 3121 seraphim,
798 3067 825 3105 a
867 3067 978 3123 quo
1024 3060 1079 3106 et
1119 3066 1221 3125 ego
1246 3055 1470 3123 expiare
1512 3070 1629 3110 sum
1660 3055 1909 3111 edoctus.
1944 3053 2034 3109 Hic

2147 3059 2191 3117 ὣ
2237 3060 2489 3132 Τιμόθεε,
2538 3056 2650 3125 ἐγὼ
2704 3053 3058 3127 μεταδίδωμι,
3105 3048 3247 3105 κατά
3299 3049 3399 3119 τὴν
3438 3047 3627 3100 εἰκόνα
3671 3046 3743 3113 ἣν

462 3146 647 3217 itaque
669 3156 753 3201 est
776 3148 1055 3217 seraphim
1099 3149 1190 3218 qui
1226 3164 1322 3218 per
1353 3165 1442 3205 me
1475 3160 1527 3203 te
1552 3151 1737 3221 expiat
1764 3165 1860 3221 per
1879 3164 2041 3221 quem

462 3254 593 3294 suas
618 3243 967 3310 operationes
990 3257 1055 3297 ex
1095 3244 1277 3298 abdito
1306 3245 1373 3297 ad
1423 3258 1521 3299 nos
1573 3243 1717 3299 Deus
1749 3245 1863 3316 ipse
1912 3258 2043 3315 pro-

464 3333 641 3400 duxit,
695 3335 785 3403 qui
839 3344 923 3391 est
980 3347 1175 3391 auctor
1225 3337 1577 3407 expiationis.
1632 3335 1758 3393 Haec
1819 3339 2043 3407 quidem

463 3439 688 3481 salictus
716 3427 806 3483 ille
856 3429 942 3483 vir
988 3444 1077 3486 me
1109 3430 1328 3497 docuit;
1372 3431 1468 3486 tibi
1506 3442 1686 3487 autem
1722 3421 1842 3501 ipse
1865 3432 2044 3497 trado,

464 3537 501 3577 ο
530 3524 837 3589 'l‘imothee.
869 3528 1169 3582 secundum
1220 3529 1511 3600 imaginem
1540 3545 1702 3599 quam
1728 3529 1842 3601 jam
1874 3530 2047 3585 tradi—

468 3616 647 3670 dimus
677 3620 948 3689 seraphim
979 3630 1034 3675 et
1053 3622 1265 3693 angeli;
1300 3632 1405 3679 ture
1434 3634 1614 3679 autem
1645 3625 1891 3682 scientia:
1915 3627 2047 3690 erit.

2148 3162 2352 3235 ἀρτίως
2386 3160 2643 3230 ἐλέγομεν
2670 3156 2765 3209 τοῦ
2812 3153 3058 3226 σεραφὶμ
3089 3150 3184 3204 καὶ
3222 3148 3315 3203 τοῦ
3350 3147 3606 3216 ἀγγέλου·
3635 3145 3744 3214 τῆς

2152 3257 2249 3327 σῆς
2281 3255 2325 3308 δ’
2361 3253 2428 3307 ἂν
2465 3250 2549 3321 εἴη
2588 3247 2873 3311 συνέσεως,
2914 3244 2947 3317 ἢ
2988 3243 3223 3315 θατέραν
3271 3241 3382 3293 τῶν
3426 3235 3743 3327 εἰρημένων

2148 3326 2292 3404 δυοῖν
2325 3343 2513 3399 αἰτιῶν
2545 3338 2823 3404 δέξασθαι,
2850 3337 2945 3390 καὶ
2974 3333 3313 3401 ἀπολυθῆναι
3344 3330 3445 3398 τῆς
3479 3326 3740 3397 ἀπορίας·

2149 3441 2245 3494 καὶ
2281 3436 2478 3509 μᾶλλον
2508 3432 2606 3504 τὴν
2629 3430 2859 3502 ὑστέραν
2888 3428 3116 3499 τιμῆσαι
3143 3424 3219 3487 ὡς
3249 3424 3313 3475 τὸ
3343 3420 3563 3487 εὔλογον
3586 3416 3746 3509 ἐχου-

2152 3538 2341 3609 σαν,ἢ
2374 3535 2504 3605 παρ’
2541 3530 2736 3586 ἑαυτοῦ
2767 3546 2820 3581 τι
2857 3520 3283 3593 συγγενέστερον
3330 3514 3423 3609 xii
3468 3508 3745 3609 ἀρίξοξιίίν·

2149 3600 2307 3705 τερον
2329 3600 2599 3700 ’ἐξευ-ρεῖν,
2622 3625 2656 3695 ἢ
2682 3621 2809 3694 παρ’
2838 3618 3023 3689 ἐτέρου
3056 3607 3487 3705 πεπαιδευμένου
3520 3601 3598 3705 1&-
3619 3600 3743 3705 θεῖα

468 3719 566 3763 aut
590 3709 822 3764 alteram
853 3713 1125 3767 dictarmn
1160 3729 1450 3770 causarum
1483 3720 1795 3784 admittere,
1822 3730 1877 3773 et
1898 3734 2025 3774 omn

2156 3690 2533 3794 pdeeiv,'8soﬁ
2560 3690 2794 3775 διδὸντος
2831 3710 3003 3782 ῥῆμα,
3038 3703 3179 3759 κατά
3204 3701 3284 3794 τό·
3324 3690 3743 3794 [fugae-adiat;

471 3804 827 3874 ambiguitate
877 3806 1120 3872 liberari,
1150 3811 1283 3880 quin
1330 3813 1513 3879 potius
1543 3782 1902 3882 posteriorem
1946 3813 2034 3868 ho-

2145 3782 2313 3885 βῆμα
2344 3809 2469 3875 τοῖς
2500 3798 3075 3876 εὐαηοελιζομένοις,
3114 3788 3519 3894 προξενοιξγτων
3539 3782 3742 3894 δηλαδὴ

473 3908 676 3951 norare
703 3906 958 3966 tauquam
990 3875 1353 3969 probabilem,
1376 3902 1464 3957 vel
1512 3875 1609 3973 υἷϊ
1638 3914 1688 3960 te
1719 3906 1848 3975 quid
1880 3906 2034 3974 magi:

2291 3900 2682 3975 μεσιτευόντων
2736 3894 2830 3948 καὶ
2875 3891 2984 3944 τῶν
3028 3887 3189 3941 θείων
3241 3875 3743 3975 ἀγγέλωψδϋῌῶν

474 3986 635 4045 aliine
664 4004 730 4044 ac
775 3994 1115 4048 commodius
1165 3998 1429 4065 reperire,
1459 3997 1541 4052 vel
1586 3998 1656 4053 ab
1702 3998 1809 4053 alio
1868 4014 2031 4054 reruu

2155 3967 2306 4052 πᾶσα
2340 3990 2604 4064 ἐλλαμψις
2636 3989 2716 4050 είς
2746 3984 2897 4056 ἡμᾶς
2927 3970 3554 4076 διαπορθμεύεται.-Ιξαὶ
3578 3967 3743 4075 πάλιν

475 4086 783 4140 divinarum
816 4088 991 4152 perito
1043 4062 1345 4157 addiscere,
1381 4062 1491 4148 Deo
1540 4097 1765 4151 verbum
1798 4097 2034 4167 suppedi

2156 4092 2253 4163 τῆς
2289 4090 2387 4159 σῆς
2415 4062 2499 4156 εἴη
2535 4080 2866 4150 ἐπιστήμης,
2888 4077 2957 4128 ὲν
2979 4071 3057 4143 τῷ
3256 4064 3451 4171 ἑαυτοῦ
3472 4062 3740 4171 ἐξευρεῖν,

476 4186 649 4244 laute,
673 4177 831 4247 juxta
868 4180 997 4236 illud
1039 4204 1051 4237 :
1087 4182 1346 4240 Dominus
1383 4187 1530 4243 dabit
1583 4190 1790 4243 uerbum
1832 4151 2034 4261 cntingat

2158 4151 2380 4257 ἢᾚταρέ
2426 4151 2613 4249 ἑτερου
2665 4172 2874 4245 μαθεῖν,
2924 4163 3267 4233 ἀνακαλύψω
3319 4158 3415 4212 καὶ
3463 4154 3593 4266 ἡμῖν
3641 4151 3743 4266 τῂν

474 4269 760 4328 lisantibus
787 4278 858 4343 θ’,
883 4276 1309 4333 conciliantibus
1335 4279 1589 4334 nimirum
1621 4291 1678 4337 et
1715 4284 2034 4338 interceden‘

2158 4247 2413 4353 τοιαύτην
2446 4247 2683 4353 ἐραστὴν
2733 4272 2987 4343 θεωρίαν,
3024 4268 3100 4330 ὡς
3147 4258 3511 4353 φιλαγγέλοις,
3546 4251 3592 4353 εί
3630 4247 3744 4304 οἷόν

478 4364 625 4422 libus
661 4368 859 4422 divinis
904 4369 1128 4439 angelis,
1160 4385 1258 4443 per
1284 4387 1423 4443 quos
1450 4375 1628 4429 omnis
1664 4374 1955 4431 illustratio
1983 4394 2034 4431 at

2158 4378 2219 4431 τέ
2252 4346 2417 4430 ἐστιν.
2455 4346 2597 4443 Ὅρα
2641 4346 2685 4422 δ’
2721 4364 2969 4419 ἐντεῦθεν
3018 4359 3079 4413 τὸ
3122 4355 3217 4411 τοῦ
3258 4346 3741 4460 πατῴςῆμὶέτριονῖ

474 4472 580 4539 nos
636 4460 960 4519 traducitur.
995 4466 1172 4533 Atque
1214 4466 1411 4520 iterum
1473 4476 1578 4521 tua:
1627 4471 1735 4523 erit
1787 4470 2032 4524 scientia:

2163 4473 2281 4536 πῶς
2334 4441 2622 4529 διδάσκων,
2674 4462 2769 4515 καὶ
2813 4461 2878 4512 ὲκ
2931 4454 3129 4527 μέρους
3176 4447 3346 4552 ζητεῖ.
3390 4443 3599 4552 μαθεῖν’
3647 4441 3747 4492 καὶ

480 4552 610 4609 dum
659 4556 795 4609 vela
830 4560 1113 4628 temetipso
1147 4559 1381 4625 invenis,
1412 4560 1496 4615 vel
1542 4562 1610 4617 ab
1660 4562 1834 4616 altero
1861 4563 2030 4619 discis

2164 4562 2449 4633 πνεύματα
2492 4556 2602 4626 γὰρ
2638 4550 2934 4624 προφητῶν
2979 4547 3283 4619 προφήταις
3326 4542 3741 4634 υτςοτάσσονται,

481 4646 637 4704 nobis
664 4650 828 4703 etiam
849 4625 1188 4719 angelorum,
1218 4655 1261 4709 si
1291 4655 1437 4709 dictu
1461 4654 1544 4710 fas
1570 4657 1665 4722 sit,
1692 4656 2029 4711 amatoribus

2167 4654 2306 4709 κατά
2350 4652 2449 4724 τὴν
2481 4649 2771 4721 διήκουσαν
2818 4643 2910 4695 ἐπὶ
2958 4642 3121 4694 πᾶσιν
3171 4633 3423 4701 εὐταξίαν
3466 4625 3614 4699 παρά
3647 4641 3742 4677 του

480 4735 808 4806 ejuscemodi
877 4745 1161 4799 amabilem
1220 4748 1735 4818 contemplationem
1788 4749 2031 4805 revelare

2166 4742 2373 4815 ἀγαθοῦ
2405 4720 2538 4794 Θεοῦ
2558 4720 2657 4793 καὶ
2678 4735 2929 4806 Σωτῆρος
2961 4730 3117 4803 ἡμῶν
3154 4720 3655 4822 νομοθετουμένην..

482 4831 785 4890 Considera
840 4845 1021 4892 autem
1074 4839 1203 4895 hinc
1253 4842 1426 4910 patris
1477 4840 1639 4909 hujus
1699 4842 2045 4907 modestiam,
2071 4840 2366 4913 quomodo,
2413 4836 2541 4890 dum
2569 4832 2747 4891 docet,
2788 4829 2954 4882 etiam
2991 4839 3061 4880 ex
3096 4831 3252 4893 parte
3297 4817 3738 4923 discere-cupiat.

486 4928 699 4984 Etenim
742 4930 970 5000 spiritus
1039 4934 1427 5003 prophetarum
1483 4935 1763 5006 prophetis
1858 4935 2242 5007 subjiciuntur,
2300 4929 2599 4987 secundum
2658 4923 2806 4979 illam
2864 4932 2985 4990 quae
3050 4924 3247 4973 cuncta
3306 4912 3590 4983 pervadit.
3657 4923 3742 4963 τεο

478 5015 633 5082 ctam
686 5037 717 5077 a
783 5024 893 5078 Deo
926 5026 1065 5081 bono
1094 5042 1160 5082 ac
1208 5027 1494 5087 Salvatore
1525 5040 1710 5086 nostro
1740 5037 2001 5086 statutam
2038 5026 2458 5084 ordinationem.

564 5286 612 5317 τ’
654 5276 796 5334 Psal.
832 5291 999 5343 ιιι-ιι,
1032 5276 1117 5332 12.
