3908 6232
480 314 589 371 ΞΒ

1642 314 1708 371 S.
1748 312 2052 370 DlONYSll
2090 309 2557 367 AREOPAGITIE

3652 309 3786 364 διε

1534 432 2029 490 ῬΑΒΑΙἨΒΑΞΙΞ
2075 433 2514 488 ΡΑΟΙΙΥΜΕΙὶίΕ
2548 432 2683 503 (19).

550 592 777 660 Dignum
820 602 1007 647 censet
1044 591 1279 662 spiritali
1309 591 1670 663 indagatione,
1699 608 1818 660 quae
1856 593 2049 647 videli—
2080 602 2124 657 Α

477 692 586 746 cet,
621 692 679 736 ut
729 693 856 735 ante
900 682 1234 748 dicebamus,
1268 684 1427 739 rebus
1474 685 1812 753 spiritalibus
1858 700 2048 740 conve-

480 775 612 839 niat,
643 774 727 827 vel
761 790 881 844 quae
910 776 1139 845 spiritali
1182 786 1363 829 mente
1392 776 1697 841 coordinet,
1740 792 1806 831 ac
1845 777 2055 847 digerat

477 866 552 931 id,
579 868 722 936 quod
755 867 805 919 in
840 865 1138 935 Scripturis
1168 868 1237 921 de
1273 882 1501 922 numero
1548 867 1861 939 angelorum
1891 870 2059 923 tradi-

479 968 588 1015 tnr.
620 961 928 1016 Invenimus
980 962 1144 1031 igitur
1185 971 1239 1016 et
1284 964 1567 1018 duodecim
1622 963 1864 1033 legiones
1891 978 2057 1032 ange-

476 1050 678 1117 lorum,
708 1066 865 1121 quas,
900 1062 952 1106 et
996 1053 1084 1107 his
1126 1054 1328 1123 plures,
1364 1054 1625 1111 Dominus
1660 1069 1691 1108 a
1745 1054 1907 1109 Patre
1960 1070 2058 1109 suo

477 1144 644 1212 possit
684 1144 961 1212 postulare
998 1154 1049 1211 ιι,
1084 1154 1138 1199 et
1168 1146 1221 1199 in
1252 1147 1369 1200 acie
1416 1147 1689 1203 collocare
1717 1148 1785 1201 ad
1832 1148 2057 1201 insidia-

479 1243 628 1289 tores
662 1234 1017 1303 repellendos.
1058 1236 1293 1305 Exiguus
1324 1239 1513 1308 utique
1552 1238 1643 1293 hic
1680 1254 1959 1302 numerus,
1992 1241 2056 1291 ad

478 1328 717 1382 Danielis
742 1328 1005 1382 visionem
1031 1329 1283 1395 collatus,
1310 1331 1567 1399 qu0niam
1595 1331 1763 1384 millia
1802 1331 2056 1396 millium,

473 1426 529 1471 et
556 1417 739 1472 decies
767 1416 965 1472 millies
995 1419 1133 1473 dena
1160 1420 1323 1472 millia
1359 1418 1470 1475 Deo
1502 1420 1853 1476 assistebant.
1891 1420 2058 1491 Legio

476 1520 657 1562 autem
715 1508 850 1563 ordo
890 1518 975 1564 est
1010 1518 1268 1564 constans
1302 1510 1511 1580 aliquot
1544 1513 1670 1582 (hac
1721 1527 1855 1567 voce
1895 1513 2059 1566 nimi-

482 1614 603 1653 rum
632 1614 661 1652 a
711 1600 881 1654 verbo
926 1599 1040 1668 (ego
1067 1609 1122 1654 et
1149 1602 1340 1670 colligo
1370 1603 1637 1672 derivata)
1673 1618 1869 1673 :quem
1902 1605 1945 1657 si
1991 1618 2059 1657 ex

475 1698 694 1743 centum
728 1700 981 1745 constare
1009 1690 1329 1758 dixerimus,
1365 1692 1499 1746 nihil
1543 1693 1644 1747 hoc
1685 1695 1752 1746 ad
1786 1704 1861 1748 tot
1894 1694 2058 1747 millia

475 1784 894 1853 myriadesque;
930 1782 1175 1851 quinimo
1204 1784 1249 1836 si
1279 1799 1345 1838 ex
1396 1784 1541 1839 mille
1591 1786 1878 1840 collectum
1905 1788 2059 1841 dixe-

476 1876 663 1936 rimus,
706 1874 839 1928 nihil
889 1876 990 1929 hoc
1049 1877 1226 1930 adhuc
1281 1876 1345 1930 ad
1401 1877 1582 1931 decies
1644 1879 1841 1934 millies
1898 1884 2057 1934 toties

2228 591 2410 656 Ἀξιον
2444 590 2817 661 ὑπολαμϐάνει
2850 588 3129 660 ζητήσεως
3154 587 3366 658 νοερᾶς,
3394 587 3591 647 οἱονεὶ,
3621 586 3651 638 ὃ
3669 585 3790 637 xui

2161 684 2353 756 πρώην
2401 683 2679 755 ἐλέγομεν,
2730 682 3035 754 ἀνηκούσης
3080 683 3191 743 τοῖς
3234 683 3460 752 νοεροῖς,

2159 776 2239 830 νοῒ
2283 777 2659 848 διοικουμένης
2707 776 2801 829 xui
2850 775 3300 845 διευθετουμένης
3332 775 3431 845 τὴν
3473 772 3615 845 περὶ
3668 771 3788 823 τοῦ

2161 870 2395 940 ἀριθμοῦ
2448 869 2559 923 τῶν
2605 869 2853 937 ἀγγέλων
2906 871 2963 923 ὲν
3013 872 3125 933 τοῖς
3176 868 3378 935 λογίοις
3426 864 3785 937 παράδοσιν.

2160 964 2501 1036 Εὑρίσκομεν
2533 962 2664 1032 γοῦν
2696 965 2789 1017 xui
2820 962 3025 1016 δώδεκα
3057 963 3327 1031 λεγεῶνας
3372 962 3662 1030 ἀγγέλων,
3707 960 3791 1021 ἃς

2160 1056 2255 1109 xui
2283 1056 2444 1109 πλέον
2463 1055 2666 1110 τούτων
2677 1056 2765 1108 τὸν
2780 1055 2980 1127 Κύριον
2996 1055 3249 1110 δύνασθαι
3266 1053 3503 1123 ζητῆσαι
3518 1053 3616 1105 τὸν
3632 1052 3789 1104 ἴδιον

2161 1147 2380 1218 Πατέρα
2401 1187 2414 1210 ,
2455 1148 2549 1200 xui
2583 1147 2933 1218 παραστῆσαι
2960 1149 3039 1210 είς
3070 1146 3166 1217 τὴν
3200 1146 3307 1199 τῶν
3331 1143 3788 1216 ἐπηρεαζόντων

2160 1242 2497 1313 ἀποτροπήν.
2549 1242 2754 1309 Ὀλίγος
2788 1241 2918 1309 γοῦν
2960 1236 3114 1304 οὗτος
3152 1242 3180 1293 6
3214 1240 3443 1311 ἀριθμὸς
3481 1236 3631 1308 πρὸς
3666 1235 3785 1305 τὴν

2159 1332 2252 1385 τοῦ
2288 1333 2484 1405 Δανιὴλ
2531 1335 2741 1405 ὅρασιν,
2777 1336 2857 1387 ὅτι
2904 1334 3071 1405 χίλιαι
3120 1334 3374 1405 χιλιάδες,
3414 1332 3511 1385 xui
3566 1331 3785 1401 μύριαι

2164 1425 2423 1496 μυριάδες
2472 1425 2551 1496 τῷ
2594 1424 2711 1495 Θεῷ
2762 1428 3249 1497 παρειστήκεισαν.
3311 1425 3368 1477 ὐ
3391 1424 3505 1495 γὰρ
3554 1421 3784 1489 λεγεὼν

2162 1521 2352 1589 τάγμα
2398 1519 2547 1572 ἐστὶν
2593 1521 2661 1572 ὲκ
2708 1520 2880 1572 τόσων
2916 1520 3274 1591 συγκείμενον
3310 1519 3395 1589 (ἐκ
3436 1514 3539 1570 τοῦ
3578 1516 3780 1586 λέγων

2159 1612 2220 1665 τὸ
2253 1612 2533 1681 συλλέγω
2560 1611 3099 1683 ὲτυμολογούμενον),
3156 1613 3313 1683 ὅπερ,
3351 1612 3400 1663 εἰ
3434 1610 3497 1675 ἐξ
3560 1604 3784 1662 ἑκατὸν

2164 1706 2477 1776 συγκεῖσθαι
2521 1705 2786 1775 εἴποιμεν,
2816 1705 2966 1759 οὐδὲν
2999 1704 3136 1776 πρὸς
3166 1704 3264 1768 τὰς
3307 1704 3469 1766 τόσας
3509 1703 3782 1773 χιλιάδας

2160 1802 2255 1853 xui
2304 1798 2570 1871 μυριάδας
2614 1815 2627 1828 ·
2665 1799 2801 1851 εἰδὲ
2865 1798 2960 1850 xui.
3005 1798 3070 1849 ὲκ
3124 1798 3331 1869 μυρίων
3392 1794 3783 1864 συλλέγεσθαι

2161 1893 2429 1962 εἴποιμεν,
2463 1891 2616 1944 οὐδὲν
2642 1890 2804 1944 πάλιν
2839 1890 2997 1944 τοῦτο
3035 1890 3171 1962 πρὸς
3196 1890 3286 1942 τὸν
3320 1887 3459 1941 κατά
3481 1887 3558 1940 τὰ
3587 1884 3785 1959 μύρια

475 1964 847 2032 multiplicata.
891 1964 967 2018 De
1006 1965 1292 2019 duodecim
1343 1965 1561 2035 quidem
1594 1968 1895 2037 legionibus
1918 1968 2056 2025 alius

2167 1960 2694 2054 πολλαπλασιασμόν.
2742 1984 2879 2055 Περὶ
2927 1985 3023 2054 μὲν
3054 1960 3165 2037 τῶν
3210 1982 3413 2035 δώδεκα
3466 1977 3782 2050 λεγεώνων

475 2058 622 2111 aliud
671 2058 815 2109 forte
865 2056 1051 2111 alIeral
1116 2059 1400 2113 sublimius
1432 2061 1559 2129 quid
1615 2076 1678 2116 ac
1736 2062 2056 2131 sapientius,

468 2148 629 2216 juxta
658 2150 889 2218 gratiam
919 2166 946 2202 a
988 2150 1131 2203 bono
1162 2149 1279 2205 Deo
1302 2167 1364 2206 ac
1406 2152 1691 2208 Salvatore
1714 2165 1900 2209 n05tro
1928 2152 2056 2209 Jesu

476 2240 700 2293 Christo
728 2240 1220 2307 communicatam;
1267 2245 1396 2298 mihi
1445 2256 1625 2299 autem
1662 2246 2055 2314 impraesentia-

480 2348 621 2395 rum,
655 2332 699 2385 si
756 2343 1010 2401 oporteat
1061 2348 1145 2386 me
1182 2349 1399 2402 quoque
1446 2337 1513 2388 ad
1557 2337 1671 2391 hanc
1720 2337 1922 2405 aliquid
1964 2338 2061 2391 ad-

476 2424 628 2486 dere,
668 2426 881 2478 videtur
931 2424 1211 2494 Scriptura
1254 2442 1407 2481 sacra
1453 2443 1659 2497 magn?
1703 2430 2059 2485 humanitatis

476 2533 541 2569 ac
573 2516 963 2572 benevolentia:
1012 2518 1271 2573 iudiciuin
1319 2520 1599 2575 exhibere.
1644 2521 1755 2575 Etsi
1784 2525 1926 2576 enim
1957 2539 2060 2577 nn-

477 2610 651 2663 tlecitn
683 2620 841 2664 erant
872 2614 1048 2678 parati
1093 2627 1440 2677 succurrere,
1475 2612 1639 2666 Petro
1689 2616 1843 2682 quasi
1884 2617 2055 2679 duce;

480 2712 719 2758 attamen
748 2705 1057 2775 benignitas
1102 2705 1282 2774 magni
1328 2705 1421 2759 Dei
1456 2720 1520 2758 ac
1550 2706 1851 2759 Salvatoris
1887 2708 2057 2763 nostri

474 2794 606 2851 Jesu
630 2795 855 2861 Christi,
889 2812 1009 2864 quae
1041 2813 1257 2852 omnem
1292 2809 1514 2862 supcrat
1558 2799 1885 2863 orationem,
1924 2814 2059 2867 quo-

478 2892 774 2945 dummodo
818 2888 988 2945 eﬂusa
1039 2892 1309 2960 perditum
1348 2906 1568 2961 quoque
1613 2892 1852 2947 sodalem
1885 2892 2055 2959 illum,

476 2984 633 3053 cujus
665 2986 841 3041 adhuc
873 2986 1110 3041 sollicite
1159 3000 1343 3040 curam
1376 2987 1537 3055 gerit,
1590 2988 1659 3040 iis
1709 2995 2057 3055 annumerat,

477 3085 533 3131 et
564 3093 663 3147 pro
692 3093 1022 3147 unoquoque
1070 3079 1263 3131 horum
1321 3076 1589 3145 legionem
1633 3078 1948 3148 angelorum
2000 3091 2061 3131 se

481 3181 669 3239 petere
700 3186 861 3240 posse
886 3170 1042 3233 dicit,
1078 3183 1189 3222 tum
1229 3176 1288 3222 ut
1313 3171 1477 3223 etiam
1530 3172 1703 3239 magis
1737 3172 2057 3239 angelorum

2161 2080 2320 2142 ἄλλος
2358 2078 2455 2150 μὲν
2487 2078 2615 2134 ἄλλο
2662 2096 2713 2131 τι
2762 2078 2906 2131 εἴποι
2937 2078 3097 2147 τυχὸν
3137 2075 3468 2148 ὑψηλότερον
3527 2076 3631 2129 xui
3677 2090 3781 2128 στι-

2162 2174 2424 2246 φὼτερον,
2460 2172 2602 2227 κατά
2631 2171 2727 2243 τὴν
2759 2171 3041 2243 διδομένην
3075 2170 3227 2242 παρά
3257 2168 3351 2224 τοῦ
3385 2170 3603 2238 ἀγαθοῦ
3622 2168 3781 2223 Θεοῦ

2162 2266 2255 2318 xui
2273 2264 2524 2336 Σωτῆρος
2550 2265 2705 2335 ήμῶν
2738 2263 2912 2335 Ἰησοῦ
2936 2263 3172 2335 Χριστοῦ
3195 2263 3375 2334 χάρινο
3408 2258 3438 2315 6
3476 2261 3619 2329 γοῦν
3640 2262 3784 2332 ἐμοὶ

2160 2359 2297 2429 πρὸς
2328 2357 2390 2410 τὸ
2415 2355 2590 2428 παρὸν
2624 2356 3037 2425 καταφαίνεται,
3062 2356 3111 2408 εί
3146 2354 3250 2425 χρή
3284 2372 3337 2407 τι
3364 2350 3460 2406 xui
3501 2354 3611 2423 ἐμὲ
3651 2354 3784 2406 τολ-

2163 2451 2331 2521 μῆσαι
2367 2449 2505 2521 πρὸς
2549 2448 2741 2511 ταῦτα,
2780 2449 2861 2501 ὅτι
2912 2447 3153 2518 μεγάλης
3204 2444 3627 2515 φιλανθρωπίας
3678 2445 3779 2497 ἔνο

2158 2542 2327 2609 δειξιν
2360 2541 2471 2611 ἔχει
2504 2540 2563 2594 τὸ
2592 2537 2735 2611 ἱερὸν
2768 2538 2967 2606 λόγιον.
3006 2540 3068 2591 El
3103 2536 3212 2609 γὰρ
3246 2538 3341 2590 xui
3384 2536 3583 2589 ἕνδεκα
3616 2531 3783 2608 ἦσαν

2159 2638 2209 2689 οἱ
2240 2631 2402 2705 δῆθεν
2436 2633 2848 2704 ἑτοιμαζόμενοι
2879 2632 3109 2702 βοηθεῖν,
3138 2628 3231 2683 τοῦ
3265 2623 3607 2700 Πέτρουοῖον
3635 2646 3785 2699 προ-

2164 2726 2486 2799 μαχοῦντος,
2522 2726 2637 2781 ἀλλ’
2671 2722 2763 2779 οῦν
2796 2726 2829 2796 ή
2866 2725 3043 2778 πάντα
3074 2721 3232 2793 λόγον
3266 2723 3472 2775 νικῶσα
3504 2719 3606 2774 τοῦ
3665 2738 3780 2792 με-

2159 2821 2327 2889 γάλου
2372 2818 2507 2873 Θεοῦ
2543 2819 2639 2872 xui
2672 2817 2925 2889 Σωτῆρος
2969 2816 3126 2888 ήμῶν
3164 2810 3341 2887 Ἰησοῦ
3388 2812 3637 2886 Χριστοῦ
3679 2831 3781 2884 ερο-

2158 2912 2494 2985 λανθρωπία,
2543 2908 2655 2965 οἷον
2705 2909 3001 2981 ὲξεχομένη
3068 2908 3163 2962 xui
3216 2908 3313 2961 τοῦ
3362 2907 3615 2979 ἑταίρου,
3668 2908 3782 2961 xui

2159 3004 2238 3057 ἔτι
2272 3003 2645 3075 κηδεμονικῶς
2672 3002 2809 3073 πρὸς
2842 3004 3048 3054 ἐκεῖνον
3071 3001 3289 3071 ἔχουσα,
3314 2999 3405 3052 τὸν
3431 2998 3781 3053 ἀπολωλότα

2157 3094 2368 3159 τούτοις
2416 3093 2737 3165 συναριθμεῖ
2764 3110 2777 3123 ο
2814 3092 2909 3147 xui
2952 3092 3075 3145 καθ’
3110 3092 3207 3145 ἕνα
3261 3090 3467 3144 τούτων
3511 3090 3783 3159 λεγεῶνα

2159 3187 2406 3255 ἀγγέλων
2442 3185 2675 3255 ζητῆσαι
2710 3182 2858 3252 λέγει
2891 3181 3153 3235 δύνασθαι
3182 3197 3195 3210 ·
3234 3180 3313 3233 ἔτι
3354 3181 3413 3233 δὲ
3468 3179 3641 3233 πλέον
3688 3183 3782 3243 εἰς

485 3262 911 3329 multitudinem,
949 3278 1015 3317 ac
1052 3263 1380 3333 postulantis
1405 3264 1859 3334 magniﬁcentiam
1895 3264 2058 3337 126

2167 3277 2383 3343 ἔνδειξιν
2412 3276 2507 3330 τοῦ
2539 3275 2648 3329 τῶν
2673 3272 2921 3343 ἀγγέλων
2947 3272 3206 3343 πλήθους,
3232 3272 3328 3324 xui
3351 3272 3449 3341 τῆς
3471 3271 3570 3323 τοῦ
3596 3272 3780 3341 αἰτη-

480 3364 537 3409 et
565 3356 907 3409 divinitatem
946 3354 1274 3409 declararet.
1305 3358 1405 3411 Cui
1442 3359 1586 3412 enim
1638 3357 1793 3410 alteri
1845 3366 1923 3411 tot
1961 3374 2059 3413 un-

480 3463 644 3515 quam
680 3450 1110 3504 succurrerunt?
1136 3450 1213 3505 De
1233 3451 1317 3505 bis
1342 3453 1561 3520 quidem
1583 3450 1723 3506 alius
1737 3464 1821 3506 est
1844 3467 2057 3507 sermo:

480 3544 570 3595 hic
598 3556 730 3596 vero
760 3553 983 3598 sanctus
1011 3543 1077 3599 de
1116 3543 1261 3599 mille
1305 3544 1548 3599 millibus
1587 3553 1645 3599 et
1695 3545 1883 3601 decies
1912 3548 2059 3602 mille

481 3634 669 3689 decem
695 3630 935 3691 millibus
967 3635 1065 3701 ait,
1102 3635 1445 3705 Scripturam
1487 3648 1700 3691 sacram
1730 3650 1794 3690 ac
1821 3635 2059 3690 divinam

480 3743 724 3785 summos
758 3729 880 3785 illos
912 3730 1002 3798 qui
1037 3731 1177 3799 apud
1236 3746 1335 3787 nos
1379 3740 1528 3796 sunt,
1578 3747 1857 3796 numeros,
1892 3731 2060 3785 millia

482 3819 738 3874 videlicet
780 3829 837 3874 et
864 3822 1005 3875 dena
1038 3820 1230 3886 millia,
1276 3823 1330 3875 in
1367 3822 1696 3891 semetipsos
1731 3822 2063 3892 glomerasse

484 3927 549 3967 ac
579 3912 995 3981 multiplicasse,
1030 3927 1096 3968 ac
1123 3928 1219 3983 per
1254 3914 1357 3968 hoc
1380 3924 1567 3983 aperte
1593 3915 1922 3982 declarasse,
1949 3932 2063 3972 coe-

482 4004 701 4060 lestium
734 4006 991 4059 ordinum
1042 4007 1484 4064 coordinationes
1538 4008 1593 4063 id
1637 4017 1723 4063 est
1753 4010 2059 4065 cmlestium

481 4096 747 4150 virtutum
778 4097 1081 4165 supposita,
1112 4112 1141 4150 a
1174 4097 1331 4154 nobis
1366 4101 1711 4155 annumerari
1744 4115 1849 4155 non
1876 4117 2060 4170 posse.

481 4188 652 4246 Nobis
669 4201 850 4245 autem
877 4190 987 4244 dixi
1017 4191 1451 4248 innumerabiles
1477 4208 1623 4259 esse,
1659 4196 1912 4264 quoniam
1939 4196 2065 4252 licet

490 4286 650 4341 nobis
680 4283 846 4355 ignoti
882 4283 1016 4349 sint,
1050 4298 1154 4338 non
1190 4292 1368 4340 tamen
1398 4288 1621 4341 omnino
1648 4298 1839 4341 natura
1866 4287 2063 4342 infiniti

482 4385 631 4445 sunt,
662 4376 759 4434 sed
806 4392 995 4432 eorum
1026 4376 1315 4431 multitudo
1346 4385 1429 4431 est
1470 4377 1850 4434 determinata.
1882 4377 2065 4449 Nuper

485 4470 651 4522 etiam
684 4468 907 4537 quidam
934 4482 965 4521 e
997 4468 1335 4536 sapientibus
1367 4468 1571 4521 nostris
1600 4466 1831 4535 (Psellus
1855 4468 1901 4523 is
1924 4477 2062 4537 erat,

483 4559 782 4614 scientiﬁce
808 4571 863 4613 et
894 4559 1069 4627 logice
1121 4556 1304 4627 regula
1345 4558 1754 4613 dialecticorum
1790 4568 1971 4623 utens,
1999 4574 2065 4614 ac

2163 3367 2391 3437 σομένου
2428 3364 2841 3437 μεγαλειότητος
2874 3364 2967 3417 xui
2988 3362 3262 3431 θεότητος.
3292 3361 3419 3413 Τίνι
3446 3360 3560 3432 γὰρ
3585 3362 3782 3434 ἑτέρῳ

2161 3461 2310 3513 τόσοι
2338 3458 2703 3530 βεϐοηθήκασι
2737 3455 2995 3519 πώποτες
3031 3454 3167 3525 Περὶ
3202 3454 3299 3524 μὲν
3329 3451 3537 3506 τούτων
3572 3454 3781 3524 ἕτερος

2161 3551 2319 3621 λόγος
2343 3568 2355 3581 ’
2378 3551 2507 3621 περὶ
2538 3550 2596 3604 δὲ
2621 3549 2732 3603 τῶν
2766 3548 2953 3619 χιλίων
2986 3547 3241 3618 χιλιάδων
3277 3546 3372 3599 xui
3398 3546 3615 3617 μυρίων
3659 3565 3779 3617 μυ-

2166 3645 2361 3715 ριάδων
2396 3644 2560 3715 φησὶν
2592 3645 2620 3697 6
2655 3644 2830 3713 ἆγιος,
2880 3642 2962 3695 ὅτι
2995 3642 3124 3704 τοὺς
3172 3642 3304 3711 παρ’
3338 3640 3474 3711 ἡμῖν
3517 3640 3780 3710 ἀκροτά-

2160 3751 2286 3797 τους
2320 3733 2606 3806 ἀριθμοὺς,
2640 3732 2732 3785 τὸν
2764 3731 2909 3803 χίλια
2945 3731 3147 3801 δηλαδὴ
3198 3730 3294 3783 xui.
3319 3730 3412 3783 τὸν
3449 3728 3647 3800 μύρια,
3688 3732 3779 3794 εἰς

2163 3826 2390 3888 ἑαυτοὺς
2431 3823 2851 3879 ὲπανεκύκλωσε
2885 3824 2980 3878 xui.
3020 3821 3523 3876 ὲπολλαπλασίασεν
3559 3822 3594 3892 ή
3637 3822 3778 3893 ἱερὰ

2164 3918 2257 3969 xui
2281 3916 2401 3970 θεία
2437 3916 2651 3988 Γραφὴ,
2687 3915 2780 3969 xui.
2813 3914 2902 3967 διὰ
2946 3915 3139 3968 τούτου
3172 3912 3422 3985 ἐναργῶς
3455 3912 3555 3966 xui
3590 3930 3776 3983 φανε-

2168 4008 2274 4079 ρῶς
2307 4008 2537 4078 ἐνέφηνε
2582 4009 2675 4061 xui.
2707 4007 2993 4077 παρέδειξε
3024 4008 3123 4071 τὰς
3168 4008 3301 4078 ἡμῖν
3347 4006 3774 4077 ἀναριθμήτους

2164 4098 2272 4152 τῶν
2297 4098 2563 4170 οὐρανίων
2596 4099 2891 4169 ταγμάτων
2924 4098 3217 4165 διατάξεις,
3245 4096 3491 4167 δηλονότι
3521 4096 3628 4159 τὰς
3650 4097 3776 4150 τῶν

2163 4191 2427 4263 οὐρανίων
2451 4191 2735 4261 δυνάμεων
2762 4192 3107 4254 ὑποστάσεις.
3155 4192 3318 4262 Ἡμῖν
3349 4191 3406 4244 δὲ
3439 4187 3597 4245 εἷπον
3630 4192 3778 4245 ἀνα-

2165 4282 2483 4354 ριθμήτους,
2518 4284 2618 4347 ὅτι,
2653 4285 2702 4336 ει
2736 4285 2829 4338 καὶ
2862 4285 2994 4355 ἡμῖν
3024 4285 3293 4353 ἀγνωστοί
3325 4286 3483 4347 είσιν,
3516 4284 3582 4336 οὑ
3630 4286 3778 4338 πάν-

2164 4392 2271 4437 τως
2318 4374 2533 4445 ἄπειροι
2582 4374 2675 4426 καὶ
2731 4377 2798 4445 τῇ
2866 4374 3049 4444 φύσει,
3098 4374 3237 4427 ἀλλά
3297 4375 3649 4446 πεπέρασται
3710 4379 3777 4430 τὸ

2166 4464 2370 4533 πλῆθος
2402 4463 2599 4517 αὑτῶν.
2637 4463 2786 4526 Τέως
2810 4462 2867 4516 δὲ
2892 4464 3021 4535 περὶ
3053 4464 3259 4517 τούτων
3292 4481 3376 4528 τις
3407 4463 3475 4517 ἐκ
3508 4465 3623 4517 τῶν
3640 4468 3775 4520 καθ’

2167 4558 2314 4627 ἡμᾶς
2346 4556 2527 4626 σοφῶν
2576 4555 2625 4627 (6
2657 4555 2866 4619 Ψελλὸς
2902 4550 3057 4619 οὗτος
3088 4552 3177 4627 ἦν,
3212 4558 3652 4629 ὲπιστημονικὴν
3675 4561 3778 4611 xui

484 4650 889 4713 demonstrans,
942 4650 1031 4702 illa
1086 4664 1208 4718 qua:
1258 4648 1533 4718 principio
1592 4649 1858 4702 \iciniora
1915 4658 2059 4717 sunt,

2169 4648 2391 4719 λογικὴν
2424 4650 2747 4719 ποιούμενος
2775 4648 2877 4719 τὴν
2909 4649 3207 4715 ἀπόδειξιν,
3242 4650 3339 4702 xui
3379 4650 3574 4703 κανόνι
3618 4650 3775 4721 χρὼ-

488 4743 696 4795 tninora
747 4742 965 4809 quidem
1017 4754 1138 4795 esse
1184 4741 1481 4796 secundum
1538 4744 1922 4811 quantitatem,
1968 4744 2063 4809 sed

489 4834 746 4899 majorem
793 4833 1043 4885 virtutem
1099 4830 1355 4901 habere),
1390 4836 1695 4897 asserebat,
1734 4834 1975 4901 angelus,
2006 4841 2064 4886 ut

487 4922 605 4976 Deo
658 4923 1095 4990 pr0pinquiores,
1128 4924 1418 4991 pauciores
1444 4939 1565 4979 esse
1606 4925 2061 4993 bominibus..qni

487 5013 767 5084 sigillatint
800 5028 1015 5081 semper
1044 5026 1342 5068 nascuntur
1396 5026 1451 5071 et
1504 5018 1831 5082 moriuntur,
1860 5033 2058 5086 quem-

487 5094 777 5161 admOdum
824 5105 1074 5159 videlicet
1107 5122 1323 5176 quoque
1366 5124 1625 5163 numerus
1686 5110 1753 5162 ad
1795 5110 2061 5163 unitatem

489 5199 780 5260 accedens,
810 5199 989 5253 minor
1011 5208 1093 5254 est
1120 5200 1417 5254 remotiori.
1451 5199 1646 5254 Verum
1680 5201 1944 5271 Didymus
1974 5203 2063 5256 ille

487 5306 664 5346 caecus
719 5288 824 5343 alio
862 5290 1095 5358 quodam
1146 5291 1264 5346 loco
1306 5292 1579 5359 reperitur
1628 5291 1831 5355 chere,
1887 5308 2061 5344 nona-

487 5385 634 5454 g’nta
666 5397 861 5437 novem
892 5398 1019 5437 oves
1063 5396 1185 5437 esse
1229 5383 1473 5452 angelos,
1512 5400 1673 5437 unam
1723 5396 1905 5438 autem
1936 5401 2058 5453 qua:

559 5568 586 5606 ιι
623 5556 813 5612 Matth.
873 5574 1017 5623 xxvi,
1042 5557 1129 5611 53.

565 5732 680 5804 (l9)
714 5734 845 5789 Vide
872 5732 1146 5807 Schol._S.
1187 5732 1404 5789 Maximi
1438 5743 1569 5791 tom.
1598 5733 1663 5803 ll,
1697 5749 1820 5804 cap.
1859 5734 1946 5789 14.

2174 4756 2333 4809 μενος
2364 4736 2706 4808 διαλεκτικῷ,
2733 4738 2815 4790 ὅτι
2840 4736 2911 4790 τὰ
2940 4741 3007 4809 τῇ
3035 4741 3177 4809 ἀρχῇ
3204 4737 3579 4810 πλησιάζοντα
3609 4741 3777 4795 ἐλάτ-

2168 4848 2296 4884 τονα
2350 4832 2446 4903 μέν
2501 4834 2607 4884 εἱσι
2652 4832 2732 4902 τῷ
2788 4831 2959 4902 ποσῷ,
3012 4832 3236 4902 μείζονα
3279 4832 3338 4886 δὲ
3382 4834 3485 4903 τὴν
3533 4833 3777 4903 δύναμιν

2170 4924 2392 4997 ἔχουσι)
2431 4926 2541 4979 τῶν
2584 4928 2889 5000 ἑκασταχοῦ
2923 4928 3019 4982 xui
3051 4928 3139 4980 usi.
3163 4928 3469 4999 γινομένων
3504 4929 3603 4981 xui
3636 4930 3779 4983 ἀπο-

2169 5017 2467 5088 γινομένων
2494 5018 2797 5090 άνθρώπων
2845 5018 3101 5081 ἐλάττους
3126 5018 3281 5087 ἔλεγε
3315 5018 3443 5081 τοὺς
3473 5019 3775 5086 ἀγγέλους,

2165 5110 2241 5173 ὡς
2296 5110 2375 5181 τῷ
2420 5111 2539 5181 Θεῷ
2600 5109 3000 5181 πλησιάζοντας
3053 5127 3067 5140 ⁸
3117 5108 3309 5181 ὥσπερ
3357 5108 3552 5179 ἀμέλει
3603 5111 3703 5162 xui
3748 5112 3779 5161 6

2167 5204 2481 5273 πλησιάζων
2526 5204 2757 5276 ἀριθμὸς
2803 5206 2869 5276 τῇ
2908 5203 3097 5278 μονάδι
3140 5201 3237 5255 τοῦ
3290 5202 3485 5275 πόρρω
3526 5201 3777 5255 ἐλάττων

2166 5295 2333 5347 ἐστίν.
2393 5296 2450 5347 '0
2484 5294 2542 5347 δέ
2573 5311 2635 5363 γε
2670 5295 2898 5366 Δίδυμος
2943 5297 2971 5347 6
3003 5293 3203 5364 τυφλὸς
3248 5292 3487 5363 ἀλλαχοῦ
3535 5292 3775 5365 εὓρηται

2168 5384 2359 5452 λέγων,
2396 5384 2464 5439 τὰ
2494 5385 2592 5455 μὲν
2615 5386 2969 5457 ἐννενήκοντα
3004 5386 3100 5439 xui
3146 5384 3304 5440 ἐννέα
3332 5383 3585 5456 πρόϐατα
3630 5379 3776 5437 εἶναι
