3908 6232
214 331 319 391 39.9

1221 327 1305 387 DE
1334 325 1658 388 C(ELESTI
1691 323 2135 398 menalcam,
2167 327 2319 388 CAP.
2349 319 2470 386 'xv.

3352 332 3456 395 330

211 452 308 512 τὰς
332 451 622 521 οὐρανίους
655 445 839 513 οὐσίας
873 449 1078 522 σωροὺς
1108 449 1393 519 ἀνθράκων
1437 451 1608 522 πυρὸς
1635 466 1790 520 περι-

1904 450 2148 519 virosque
2194 449 2490 520 fulgureos,
2544 455 2598 503 et
2653 450 2858 506 circum
2888 451 3138 508 caelestes
3185 457 3457 510 essentias

209 544 477 606 τιθεῖσαν,
517 543 613 595 καὶ
661 542 940 613 ποταμοὺς
987 542 1200 612 άσχέτῳ
1250 541 1412 614 ῥοίζῳ
1468 542 1795 612 πυριφλεγέ-

210 633 402 696 θοντας
419 651 432 662 ·
462 632 601 686 ἀλλά
621 633 714 686 καὶ
739 634 866 696 τοὺς
885 632 1106 703 θρόνους
1122 633 1254 702 φησὶ
1286 633 1544 704 πυρίνους
1558 633 1604 664 ³³
1633 629 1792 695 εἶναι,

209 726 299 779 καὶ
327 725 533 789 αὐτοὺς
573 725 630 778 δὲ
657 725 783 788 τοὺς
809 723 1145 795 ὑπερτάτους
1189 723 1429 796 σεραφὶμ
1473 724 1794 797 ἐμπρηστὰς

206 816 370 879 ὄντας
389 855 405 879 ,
457 817 526 869 ἐκ
567 817 670 887 τῆς
697 816 1011 886 ἐπωνυμίας
1039 816 1315 886 ἐμφαίνει,
1372 817 1466 869 καὶ⁵
1494 815 1592 886 τὴν
1623 816 1796 885 πυρὸς

210 907 457 976 ἰδιότητα
481 907 577 960 καὶ
609 908 888 978 ἐνέργειαν
908 905 1091 970 αὐτοῖς
1105 906 1386 976 ἀπονέμει,
1406 907 1499 959 καὶ
1529 906 1666 970 ὅλως
1685 906 1796 960 ἄνω

208 998 302 1050 καὶ
329 997 486 1050 κάτω
501 997 600 1068 τὴν
625 996 893 1068 ἐμπύρων
913 999 1047 1068 τιμᾷ
1063 998 1332 1068 ἐκκρίτως
1364 995 1790 1049 τυποπλαστίαν.

208 1089 280 1142 Τὸ
310 1090 416 1159 μὲν
434 1084 530 1143 οὖν
557 1089 803 1160 πυρῶδες
821 1089 1101 1160 ἐμφαίνειν
1123 1088 1306 1160 οἴομαι
1327 1089 1388 1142 τὸ
1403 1089 1512 1143 τῶν
1529 1090 1794 1161 οὐρανίων

207 1184 345 1236 νοῶν
362 1182 762 1236 θεοειδέστατον
781 1200 794 1212 ·
825 1183 875 1234 οἱ
893 1183 1001 1254 γὰρ
1033 1183 1167 1254 ἱεροὶ
1185 1180 1422 1250 θεολόγοι
1443 1183 1540 1253 τὴν
1562 1179 1794 1254 ὑπερθύ-

211 1291 322 1329 σιον
334 1275 434 1328 καὶ
455 1275 780 1346 ἁμόρφωτον
796 1273 981 1328 οὐσίαν
993 1275 1050 1327 ἐν
1064 1291 1137 1326 πυ
1146 1273 1198 1346 pl.
1217 1255 1456 1346 πολλαχῆ
1469 1275 1796 1346 διαγράφου-

210 1385 314 1430 σιν,
334 1366 415 1431 ὡς
444 1367 623 1438 ἔχοντι
646 1366 847 1429 πολλὰς
863 1363 966 1437 τῆς
984 1358 1279 1440 θεαρχικῆς
1310 1365 1379 1438 (εί
1403 1366 1559 1438 θέμις
1596 1366 1794 1436 εἰπεῖν)

213 1459 478 1529 ἰδιότητος
513 1460 588 1523 ὡς
611 1460 655 1492 ³⁸
675 1461 736 1512 ἐν
777 1461 994 1530 ὁρατοῖς
1027 1459 1260 1524 εἰκόνας.
1298 1457 1372 1511 Τὸ
1405 1459 1513 1530 γὰρ
1539 1456 1796 1530 αἰσθητὸν

210 1550 323 1622 πῦρ
352 1551 470 1605 ἐστι
503 1552 600 1623 μὲν
621 1591 636 1614 ,
679 1551 756 1615 ὡς
780 1551 954 1604 εἰπεῖν
974 1593 989 1616 ,
1018 1554 1077 1605 ἐν
1110 1553 1244 1605 πᾶσι
1266 1591 1280 1614 ,
1311 1553 1406 1604 καὶ
1447 1551 1536 1604 διὰ
1577 1551 1794 1604 πάντων

212 1643 429 1713 ἀμιγῶς
462 1644 654 1713 φοιτᾷ,
689 1641 784 1696 καὶ
831 1639 1092 1714 ἐξῄρηται
1132 1643 1378 1697 πάντων·
1408 1642 1502 1695 καὶ
1539 1641 1798 1712 παμφαὲς

210 1737 290 1797 ὃν,
320 1736 440 1808 ἅμα
471 1736 566 1788 καὶ
603 1735 680 1798 ὡς
716 1734 967 1805 κρύφιον,
1003 1735 1279 1804 ἄγνωστον
1317 1728 1448 1787 αὐτὸ
1478 1732 1600 1787 καθ’
1644 1727 1795 1794 αὐτὸ,

214 1828 289 1898 μὴ
324 1827 699 1898 προκειμένης
740 1823 872 1896 ὕλης
914 1827 994 1889 είς
1028 1825 1094 1896 ἢν
1131 1824 1412 1894 ἀναφαίνοι
1453 1825 1552 1897 τὴν
1595 1825 1798 1878 οἰκείαν
1830 1810 1872 1863 Β

212 1919 495 1990 ἐνέργειαν
513 1937 527 1949 ·
554 1916 781 1987 ἄσχετόν
801 1935 860 1971 τε
884 1919 979 1972 καὶ
999 1916 1327 1989 ἀθεώρητον,
1341 1917 1799 1988 αὑτοκρατητικὸν

213 2013 494 2074 ἁπάντων,
538 2013 633 2065 καὶ
680 2011 750 2064 τά
787 2013 844 2064 ἐν
885 2004 965 2074 οἷς
1021 2009 1087 2063 ἂν
1126 2009 1416 2079 ἐγγένηται
1453 2047 1468 2071 ,
1514 2009 1649 2079 πρὸς
1701 2010 1800 2080 τὴν

211 2102 420 2156 οἰκείαν
448 2102 580 2171 ἄγον
607 2103 651 2134 ³⁵
679 2100 958 2174 ἐνέργειαν
981 2118 994 2130 ·
1025 2093 1403 2164 ἀλλοιωτικὸν,
1428 2101 1772 2171 μεταδοτικὸν

212 2191 408 2246 ἑαυτοῦ
441 2195 574 2246 πᾶσι
617 2195 730 2255 τοῖς
774 2190 1021 2246 ὁπωσοῦν
1051 2191 1437 2262 πλησιάζουσιν
1466 2201 1478 2220 "
1513 2193 1799 2245 ἀνανεωτι-

211 2286 306 2337 κὸν
365 2287 435 2355 τῇ
489 2283 757 2356 Catonum)
792 2285 836 2316 ⁸⁶
889 2283 1216 2356 θερμότητι,
1286 2283 1611 2348 φωτιστικὺν
1679 2286 1800 2347 ταῖς

211 2376 684 2449 ἁπερικαλύπτοις
729 2375 1056 2447 ἐλλάμψεσιν
1077 2385 1091 2406 ⁴
1152 2376 1460 2448 ἀκράτητον
1488 2413 1504 2440 ,
1561 2375 1759 2448 ἀμιγὲς
1782 2417 1796 2438 ,

211 2460 551 2539 διακριτικὸν
576 2507 591 2530 ,
641 2466 1029 2529 ἀναλλοίωτον,
1075 2466 1390 2538 ἀνωφόρον,
1434 2466 1694 2538 όξύπορον
1735 2466 1798 2530 ³⁷,

213 2560 454 2634 ὑψηλὸν,
493 2559 749 2631 οὐδεμιᾶς
801 2557 1124 2630 ἀνεχόμενον
1176 2555 1476 2622 ὑποπεζίας
1524 2558 1797 2628 ὑφέσεως,

220 2651 554 2720 ἀεικίνητον,
579 2649 984 2719 ταύτοκίνητον,
1020 2649 1293 2719 κινητικὸν
1326 2640 1546 2720 ἐτέρων,
1581 2647 1801 2720 περιλη-

215 2743 433 2804 πτικὸν,
466 2740 855 2813 ἀπερίληπτον,
881 2740 1180 2812 ἀπροσδεὲς
1203 2740 1412 2813 ἐτέρου,
1437 2740 1802 2804 λανθανόντως

214 2836 512 2906 αὐξητικὸν
557 2834 788 2899 ἑαυτοῦ,
838 2833 973 2906 πρὸς
1003 2833 1048 2866 ³⁸
1085 2833 1184 2897 τὰς
1227 2832 1627 2904 ὑποδεχομένας
1670 2831 1801 2898 ὔλας

216 2928 474 2994 ἐκφαῖνον
510 2926 609 2997 τὴν
639 2925 832 2979 ἐαυτοῦ
880 2923 1300 2996 μεγαλειότητα⁴
1328 2923 1682 2996 δραστήριον,
1708 2924 1799 2978 δυ-

217 3017 381 3070 νατὺν
402 3055 416 3080 ,
468 3017 638 3071 ἅπασι
692 3018 866 3088 παρὸν
919 3016 1185 3087 ἀοράτως.
1231 3014 1653 3084 Ἀμελούμενον,
1702 3015 1802 3068 οὐκ

218 3104 358 3162 εἶναι
406 3107 597 3162 δοκοῦν
623 3147 637 3172 ,
667 3110 734 3179 τῇ
784 3107 964 3179 τρίψει
1010 3107 1087 3169 δὲ,
1108 3105 1356 3177 καθάπερ
1395 3106 1500 3158 τινὶ
1542 3104 1798 3178 ζητήσει,

221 3199 490 3269 συμφυῶς
538 3200 632 3252 καὶ
670 3200 885 3264 οἰκείως
934 3199 1190 3271 ἐξαίφνης
1221 3198 1676 3268 ἀναφαινόμενον,
1708 3198 1802 3252 καὶ

217 3285 377 3352 αὖθις
405 3290 788 3354 ἀκαταλίπτως
818 3290 1188 3360 ἀφιπτάμενον
1216 3289 1282 3353 ³⁸,
1313 3288 1578 3359 ἀμείωτον
1607 3288 1666 3340 ἐν
1700 3289 1802 3341 πᾶ-

219 3398 276 3433 σι
296 3381 341 3412 “
358 3384 482 3444 ταῖς
509 3381 822 3446 πανολϐίαις
855 3379 1050 3436 ἑαυτοῦ
1084 3381 1421 3452 μεταδόσεσι.
1467 3379 1576 3432 Καὶ
1605 3378 1802 3442 πολλὰς

217 3474 284 3526 εν
326 3489 414 3536 τις
437 3472 587 3544 εὖροι
624 3472 718 3527 τοῦ
742 3473 910 3546 πυρὸς
939 3473 1204 3544 ἰδιότητας
1230 3473 1436 3535 οἰκείας
1454 3512 1469 3536 ,
1498 3471 1574 3535 ὡς
1617 3471 1674 3524 ἐν
1720 3471 1803 3524 αἱ·

221 3563 451 3633 σθηταξ
478 3565 682 3630 εἰκόσι,
715 3566 757 3598 δι
787 3565 1084 3639 θεαρχικῆς
1123 3563 1419 3637 ἐνεργείας.
1464 3562 1634 3616 Τοῦτο
1675 3562 1805 3632 γοῦν

219 3653 428 3716 stades;
470 3654 520 3706 οἱ
561 3653 838 3724 θεόσοφοι,
881 3654 980 3719 τὰς
1002 3653 1259 3726 οὐρανίας
1299 3652 1483 3715 οὐσίας
1526 3654 1590 3705 ἐκ
1635 3651 1805 3722 πυρὸς

217 3745 658 3812 διαπλάττουσιν,
703 3745 1054 3817 ἐμφαίνοντες
1081 3744 1260 3798 αὐτῶν
1298 3741 1359 3797 τὸ
1395 3743 1642 3808 θεοειδές,
1686 3743 1801 3806 καὶ,

217 3835 294 3899 ὡς
320 3837 564 3905 ἐφικτὸν,
590 3837 940 3915 θεομίμητον.

1893 555 2190 611 prunarum
2250 554 2474 595 acervos
2523 540 2828 608 collocare,
2867 543 3202 614 ﬂuminaque
3254 546 3460 616 ingenti

1894 631 2110 702 fragore
2158 631 2610 702 ﬂammigera‘ntia
2655 649 2674 700 ;
2713 635 2960 704 quinimo
2999 638 3224 694 thronos
3271 639 3462 711 igneos

1895 736 2015 778 esse
2046 725 2198 787 dicit,
2239 725 2494 795 ipsosque
2517 739 2761 784 summos
2796 730 3070 799 seraphim
3112 733 3365 788 incensos
3394 751 3464 790 ex

1897 815 2012 884 ipso
2033 817 2254 872 nomine
2275 818 2535 882 declarat,
2568 821 2756 890 eisque
2775 823 3164 890 proprietatem
3193 835 3249 880 et
3285 828 3462 881 aetio-

1897 924 2022 964 nem
2048 909 2191 980 ignis
2225 911 2447 977 tribuit;
2489 923 2652 982 atque
2694 915 2916 970 omnino
2954 930 3168 972 sursum
3205 934 3271 974 ac
3295 921 3461 977 deor-

1897 1016 2016 1056 sum
2085 1003 2301 1073 igneam
2378 1003 2608 1074 ﬁguram
2675 1007 3033 1075 singulariter
3093 1015 3460 1069 commendat.

1895 1091 2240 1164 Quapropter
2265 1093 2494 1150 formam
2516 1097 2730 1166 igneam
2775 1101 3083 1170 significare
3111 1119 3324 1170 censeo,
3350 1123 3466 1162 cm-

1897 1181 2114 1238 lestium
2139 1184 2620 1256 intelligentiarum
2647 1191 2939 1247 maximam
2962 1209 3084 1249 cum
3111 1194 3221 1252 Deo
3247 1201 3466 1254 confor-

1897 1274 2142 1330 mitatem
2170 1289 2189 1312 ν
2221 1293 2238 1331 :
2263 1279 2433 1332 sancti
2459 1278 2725 1348 siquidem
2753 1283 2990 1356 theologi
3017 1292 3457 1354 superessentia-

1898 1362 2041 1430 lem,
2100 1373 2156 1421 et
2197 1379 2318 1435 quae
2364 1365 2589 1425 formari
2635 1374 2823 1442 nequit
2865 1380 3202 1447 essentiam,
3237 1381 3290 1437 in
3335 1383 3465 1455 igne

1898 1469 2270 1525 saepenumero
2299 1459 2634 1527 describunt,
2680 1472 2940 1535 tanquam
2977 1471 3070 1538 qui
3105 1471 3301 1529 multas
3328 1489 3465 1544 quo.

1900 1545 2182 1629 dummodo
2219 1549 2480 1616 visibiles,
2532 1552 2577 1606 si
2624 1553 2771 1608 dictu
2817 1557 2898 1611 l‘as
2944 1567 3051 1625 est,
3097 1560 3293 1618 divinas
3332 1577 3463 1632 pro-

1899 1627 2148 1707 prietatis
2173 1639 2439 1722 imagines
2461 1659 2575 1712 pra:
2600 1659 2660 1700 se
2682 1645 2840 1702 ferat.
2875 1651 3035 1722 129
3059 1651 3202 1724 ignis
3225 1627 3464 1727 namque

1900 1734 2115 1790 sensilis
2136 1735 2280 1791 inest
2304 1737 2578 1804 omnibus,
2604 1747 2662 1792 ut
2683 1739 2762 1794 sic
2786 1740 2988 1807 dicam,
3013 1758 3077 1798 ac
3105 1758 3240 1812 pure
3267 1758 3466 1804 cuncta

1899 1824 2164 1893 pervadit,
2208 1825 2357 1880 etab
2398 1827 2651 1882 omnibus
2693 1829 2962 1898 excipitur
3000 1849 3013 1886 :
3047 1845 3278 1904 cumque
3319 1847 3466 1895 totus

1903 1915 2098 1982 luceat,
2145 1918 2311 1973 simul
2359 1927 2444 1973 est
2489 1928 2544 1973 et
2582 1921 2854 1987 occultus,
2903 1923 3230 1996 ignotusque
3277 1942 3466 1988 manet

1901 2021 1997 2076 per
2037 2023 2114 2074 se,
2147 2024 2253 2065 non
2303 2009 2545 2065 adhibita
2595 2012 2823 2066 materia
2868 2013 2922 2066 in
2957 2029 3120 2084 quam
3153 2017 3258 2073 vim
3305 2034 3464 2077 suam

1899 2109 2091 2155 exerat
2128 2117 2142 2156 :
2177 2102 2531 2158 intolerabilis
2561 2113 2642 2158 est
2667 2116 2720 2160 et
2747 2105 3059 2174 invisibilis,
3088 2111 3268 2165 omnia
3299 2126 3464 2183 supe-o

1901 2199 2006 2254 rat,
2058 2206 2230 2261 eaque
2258 2193 2454 2262 quibus
2505 2193 2704 2250 insedit
2754 2198 2819 2251 ad
2862 2210 3020 2252 suum
3068 2199 3307 2256 traducit
3350 2201 3466 2258 ofii-

1901 2282 2044 2336 cium
2079 2301 2093 2337 :
2125 2283 2395 2339 alterandi
2425 2285 2531 2338 vim
2561 2285 2797 2354 obtinet,
2825 2289 3080 2346 omnibus
3109 2292 3213 2347 sibi
3245 2309 3466 2366 quoquo

1902 2376 2061 2430 modo
2097 2377 2583 2446 propinquantibus
2631 2379 2714 2434 sui
2761 2380 3092 2437 consortium
3137 2385 3344 2440 tradit:
3379 2403 3466 2442 re-

1903 2477 2064 2521 novat
2090 2468 2268 2522 omnia
2297 2469 2476 2523 calore
2507 2469 2680 2535 vitali,
2709 2481 2761 2526 et
2791 2470 3094 2543 fulgoribus
3119 2477 3324 2545 apertis
3345 2478 3470 2533 illud

1901 2560 2128 2625 minati:
2171 2563 2344 2616 teneri
2389 2562 2715 2632 miscerique
2760 2580 2866 2620 non
2902 2575 3111 2635 potest;
3152 2569 3468 2624 secernendi

1901 2651 2008 2704 vim
2053 2651 2238 2719 habet,
2269 2653 2621 2709 immutabilis
2665 2664 2768 2724 est,
2804 2673 3020 2713 sursum
3078 2659 3270 2728 fertur,
3303 2676 3470 2732 pene-

1905 2742 2148 2808 trabilis;
2205 2743 2484 2812 sublimis,
2531 2747 2732 2802 nullam
2789 2751 3024 2805 sustinet
3069 2752 3466 2824 dejectionem;

1902 2849 2116 2905 semper
2149 2836 2384 2898 mobilis,
2431 2837 2610 2906 seipso
2639 2850 2911 2906 movetur,
2942 2854 3124 2898 movet
3155 2845 3286 2910 alia,
3316 2860 3470 2902 come

1903 2925 2268 2995 prehendeudi
2325 2931 2376 2984 vi
2425 2931 2609 3000 pollet,
2658 2932 3041 3002 comprehendi
3095 2938 3304 3006 nequit,
3362 2953 3471 2992 non.

1902 3029 2022 3091 eget
2081 3021 2270 3088 altero,
2328 3023 2468 3077 clam
2532 3037 2593 3079 se
2638 3024 2966 3094 amplificat,
3013 3035 3067 3083 et
3118 3028 3173 3082 in
3230 3029 3476 3098 qualibet

1903 3111 2086 3179 capaci
2133 3112 2360 3167 materia
2408 3126 2563 3167 suam
2609 3113 2813 3168 indicat
2861 3114 3200 3184 maiestatem
3238 3115 3474 3174 :efficax

1903 3207 2006 3265 est,
2032 3209 2247 3272 potens,
2285 3203 2536 3258 omnibus
2579 3203 2924 3259 invisibiliter
2961 3221 3200 3276 praesens
3231 3225 3244 3260 :
3289 3205 3333 3263 si
3375 3224 3474 3264 ne-

1907 3284 2190 3361 gligatur,
2249 3309 2354 3347 non
2418 3295 2632 3349 videtur
2677 3297 2948 3366 existere;
3004 3299 3192 3353 attritu
3251 3310 3472 3364 autem,

1908 3382 2054 3437 velut
2089 3384 2339 3455 indagine
2375 3385 2608 3454 quadam
2662 3390 3091 3446 connaturaliter
3129 3407 3194 3447 ac
3253 3394 3473 3463 proprie

1910 3473 2090 3529 subito
2113 3475 2339 3542 relucet,
2378 3486 2538 3545 atque
2568 3492 2786 3534 sursum
2826 3479 3236 3538 incontinenter
3266 3484 3470 3547 avolat,

1907 3574 1961 3620 et
2007 3565 2058 3618 in
2108 3566 2361 3622 omnibus
2395 3566 2840 3624 luculentissimis
2877 3571 2960 3626 sui
3003 3574 3474 3629 communioniltus

1907 3658 2130 3713 minime
2171 3659 2454 3714 minuitur.
2485 3659 2801 3730 Complures
2833 3662 2961 3718 item
2988 3665 3125 3719 alias
3155 3665 3278 3734 quis
3316 3665 3472 3720 inve-

1906 3751 2025 3805 nire
2063 3759 2240 3820 potest
2270 3751 2412 3822 ignis
2451 3755 2846 3823 proprietates,
2877 3771 2997 3826 quae
3045 3757 3200 3826 quasi
3242 3738 3474 3812 sensile's

1911 3842 2109 3898 divina:
2159 3841 2501 3901 efﬁcacitatis
2547 3846 2809 3918 imagines
2848 3849 3104 3904 existant.
3145 3849 3300 3916 Quod
3346 3865 3470 3903 cum

226 3933 466 4007 theologi
525 3947 870 4007 perspectum
929 3937 1186 4000 habeant,
1218 3936 1472 3992 ctelesles
1502 3937 1767 3992 essentias
1803 3953 1870 3992 ex
1901 3938 2028 4007 igne
2053 3936 2309 4002 formant,
2342 3937 2682 3996 declarantes
2722 3956 2911 3997 earum
2944 3943 3184 3996 divinam
3218 3941 3474 3999 similitu-

220 4023 433 4093 dinem,
460 4037 536 4096 et,
559 4038 822 4098 quantum
851 4030 1000 4096 licet,
1030 4029 1124 4084 Dei
1153 4029 1534 4084 imitationem.

1775 4187 1801 4259 ς
1830 4184 1940 4246 ιιι.

307 4306 471 4360 Ἀλλά
516 4305 610 4358 καὶ
639 4287 1372 4378 ἀνθρωπομόρφουςάὺτοὺς
1405 4306 1799 4378 ἀναγράφουσι,

216 4402 307 4455 διὰ
331 4400 399 4452 τὸ
429 4399 614 4470 νοερὸν
636 4398 731 4451 καὶ
752 4397 814 4451 τὸ
834 4398 970 4471 πρὸς
990 4398 1052 4452 τὸ
1085 4397 1308 4463 ἄναντες
1340 4398 1485 4470 ἐχειν
1520 4399 1618 4462 τάς
1648 4399 1803 4450 ὀπτι-

218 4493 324 4556 κάς
347 4491 627 4561 δυνάμεις,
665 4489 840 4543 καὶτὸ
871 4490 967 4544 τοῦ
1007 4492 1280 4562 σχήματος
1309 4492 1437 4545 εὐθὺ
1477 4492 1572 4545 καὶ⁸
1599 4490 1800 4564 ὄρθιον,

1982 4305 2228 4363 Humana
2267 4323 2480 4380 quoque
2509 4310 2630 4366 illas
2675 4310 2848 4368 forma
2883 4311 3221 4382 describunt,
3250 4330 3473 4390 propter

1912 4395 2239 4467 intelligendi
2291 4401 2540 4470 celsaque
2572 4401 2850 4469 spectandi
2881 4403 3045 4469 vires,
3070 4405 3363 4476 formasque
3389 4425 3476 4462 re-

1910 4487 2229 4543 ctitutliuem
2266 4499 2322 4545 et
2354 4490 2706 4558 erectionem,
2738 4502 2900 4561 atque
2933 4495 3235 4550 naturalem
3267 4498 3474 4567 princi-

215 4584 316 4637 καὶ
349 4582 415 4636 τὸ
439 4582 580 4636 κατὰ
604 4578 765 4651 φύσιν
797 4584 1054 4654 ἀρχικὸν,
1110 4585 1207 4637 καί
1237 4585 1588 4655 ἡγεμονικὸν,
1620 4585 1715 4638 καὶ
1739 4584 1797 4637 τὸ

1910 4577 2075 4647 pandi
2130 4581 2464 4651 regendique
2511 4585 2953 4653 praerogativam,
3000 4594 3058 4639 et
3106 4587 3250 4655 quod
3309 4589 3477 4644 homo

215 4676 340 4727 κατ’
378 4671 629 4742 αἴσθησιν
664 4670 762 4742 μὲν
812 4672 1122 4742 ἐλάχιστον,
1173 4671 1248 4735 ὡς
1298 4672 1434 4743 πρὸς
1478 4671 1576 4736 τὰς
1607 4673 1800 4736 λοιπάς

215 4767 330 4818 τῶν
372 4764 583 4833 ἀλόγων
607 4763 758 4829 ζώων
777 4764 1033 4835 δυνάμεις
1058 4804 1074 4829 ,
1115 4765 1442 4837 κρατητικὸν
1474 4764 1532 4817 δὲ
1580 4765 1800 4819 πάντων

213 4861 285 4928 τῇ
335 4856 432 4910 τοῦ
485 4855 577 4908 νοῦ
619 4857 759 4909 κατά
807 4857 1125 4928 περιουσίαν
1153 4857 1401 4928 δυνάμει,
1437 4858 1533 4910 καί⁵
1559 4859 1626 4927 τῇ
1658 4854 1801 4909 κατά

214 4947 445 5018 λογικὴν
472 4948 780 5018 ἐπιστήμην
819 4948 1171 5019 ἐπικρατείᾳ,
1225 4949 1317 5001 καὶ
1367 4947 1507 5000 κατά
1545 4946 1606 4998 τὸ
1638 4945 1796 5014 φύσει

212 5041 320 5112 τῆς
351 5038 534 5108 ψυχῆς
577 5037 873 5091 ἀδούλωτον
899 5041 990 5092 καὶ
1013 5041 1340 5111 ἀκράτητον.

296 5152 320 5181 ι’
354 5143 526 5199 Hebr.
595 5162 650 5198 χ.

1911 4683 2072 4724 sensu
2114 4670 2330 4739 quidem
2386 4680 2703 4728 caelat-orum
2741 4676 3146 4744 comparatione
3184 4677 3473 4734 brutorum

1910 4761 2137 4817 minime
2182 4763 2381 4830 valeat,
2409 4765 2663 4820 omnibus
2695 4777 2877 4822 tamen
2918 4768 3147 4839 imperet
3189 4774 3474 4842 praestanti

1912 4851 1984 4916 vi,
2018 4853 2214 4908 mentis
2253 4870 2318 4908 ac
2360 4855 2702 4910 rationabilis
2743 4857 2985 4914 scientia!
3016 4859 3316 4929 dominatu,
3355 4865 3476 4917 ani-

1911 4956 2108 5010 moque
2137 4953 2326 5000 natura
2355 4945 2526 5002 libero
2548 4959 2604 5004 et
2631 4949 2854 5008 invicto.
3272 4957 3288 4968 '

1434 5295 1668 5351 VARIIE
1707 5295 2109 5352 LECTIONES.

292 5415 340 5447 ⁸³
365 5414 616 5485 πυρίους,
749 5411 808 5485 S.
841 5411 901 5485 P_.
928 5411 989 5465 D.
1066 5413 1118 5485 3f
1141 5413 1350 5485 dignun
1378 5414 1539 5485 est_in
1569 5413 1633 5485 1)ἷ
1710 5412 1755 5444 ³⁵
1778 5412 2118 5485 participium
2148 5413 2282 5482 ἆγον
2317 5431 2422 5472 non
2449 5419 2653 5473 habent
2674 5417 2746 5472 hi.
2776 5417 2835 5474 S.
2863 5416 2922 5471 P.
2953 5416 3015 5472 Β.
3041 5416 3227 5485 itaque
3243 5415 3472 5472 ΒυιΙτιιιιε

213 5477 485 5564 correxit,
512 5477 736 5564 καὶτῷν
758 5484 817 5534 ἐν
841 5477 941 5564 οἷς,
970 5483 1120 5564 ιιιὶιιᾱ
1164 5481 1514 5564 ἀλλριωτικόν
1543 5477 1836 5564 τοῖοι-θέσις.
1863 5477 2066 5564 Eodem
2100 5477 2260 5564 modo
2286 5488 2482 5564 accipit
2507 5487 2896 5564 Pacbym_e_res,
2925 5497 2979 5564 et
3017 5486 3086 5540 τὰ
3123 5477 3474 5564 Evconstruit

214 5569 340 5627 cum
367 5545 736 5614 ἀλλόιωτικόν,
761 5563 821 5606 ut
849 5545 1313 5627 fiatﬂlkozmnxbv
1339 5552 1481 5627 κατὰ
1502 5551 1571 5604 τὰ
1602 5553 1660 5604 ἐν
1683 5545 1763 5614 οἷς
1792 5552 1858 5605 ἃν
1882 5551 2188 5627 ἐγγένηται.
2218 5545 2612 5627 Carthusianus
2647 5545 2704 5613 et
2734 5545 3090 5627 Dionvsianus
3113 5557 3306 5627 codex,
3347 5555 3474 5609 item

215 5626 466 5692 antiquae
493 5638 683 5677 omnes
711 5621 1093 5676 translationes
1115 5622 1246 5690 ἄγον
1278 5625 1499 5686 habent,
1533 5631 1588 5676 et
1618 5632 1876 5690 punctum
1899 5631 2026 5676 ante
2049 5623 2414 5680 ἀλλοιωτικόν.
2453 5629 2497 5658 ³⁸
2524 5629 2782 5729 ξωπύῐεῳ,
2815 5621 2963 5681 υἷε.
2988 5625 3047 5679 Β.
3081 5627 3123 5656 ³⁷
3153 5623 3465 5695 ἀνὼφυρον,

217 5696 261 5729 ll
298 5693 380 5729 οι.
431 5693 471 5729 R
514 5691 778 5729 Αβιιηι-Αηηυ
826 5690 866 5729 Ι)
913 5691 1212 5729 Iitnnnnna
1240 5693 1289 5729 in
1315 5692 1504 5729 agundi
1529 5692 1918 5729 cianiﬂnnlinno
1945 5689 2015 5729 ςρ
2055 5703 2106 5729 nr
2133 5693 2234 5729 Ren-
2276 5709 2575 5729 -nunnnnnl
2741 5700 2826 5729 νηὶ
2858 5698 2993 5729 ..ι-ΛΑ..
3049 5697 3085 5729 Q
3136 5694 3174 5729 l’)
3228 5696 3304 5729 Ωιι
3373 5697 3465 5729 \‘n.

217 5696 281 5746 fl.
298 5689 402 5748 Ch.
423 5691 797 5765 Badiurcdpov,
826 5690 887 5744 P.
913 5691 1212 5765 Utrumque
1240 5693 1289 5765 in
1315 5692 1504 5765 agendi
1528 5689 1919 5765 significatione
2055 5703 2110 5747 et
2133 5693 2255 5748 Sar.
2276 5689 2595 5765 .exponunt.

2741 5694 2832 5751 καὶ
2858 5698 3013 5767 πρός,
3049 5697 3106 5749 S.
3134 5694 3195 5749 Ρ.
3228 5694 3466 5750 Οίιοὸεσ

214 5765 339 5819 Ser.
419 5763 461 5796 ³⁹
494 5760 881 5834 ἀφιστάμενον,
922 5760 990 5814 Μ.
1067 5760 1195 5814 “sv
1218 5762 1439 5827 πάσαις,
1464 5760 1523 5816 D.
1552 5761 1612 5814 Ρ.
1641 5786 1649 5793 ·
1688 5760 1730 5792 ⁸⁸
1764 5761 1864 5829 Cb,
1896 5763 2044 5816 addit
2093 5760 2382 5821 articulum
2414 5787 2424 5820 :
2457 5769 2555 5837 τῆς
2581 5768 2895 5838 θεαρχικῆς.

510 5856 786 5918 Ριτιιοι..
824 5856 939 5917 Gn.
982 5855 1093 5916 iii.

3077 5861 3148 5918 11
