3908 6232
457 325 553 381 33!

528 438 783 508 Quinimo
825 436 906 491 fas
937 435 1009 489 sit
1046 434 1207 489 etiam
1252 448 1314 487 ex
1355 430 1613 500 qualibet,
1646 440 1706 483 ut
1756 429 2015 493 arbitror,
2046 436 2091 491 Α

458 546 731 603 corporea:
783 537 981 583 nostra:
1024 526 1479 595 'multipartitione
1526 538 1634 577 non
1696 523 2017 589 incongruas

458 625 717 694 imagines
747 620 989 683 haurire,
1021 634 1139 688 qua:
1173 617 1425 671 ccelestes
1454 616 1686 668 virtutes
1717 625 2017 679 rcpraasen-

457 726 593 783 teut,
625 715 749 770 utsi
788 714 1060 778 dicamus,
1089 711 1306 765 videndi
1347 709 1563 778 quidem
1608 705 1894 760 facultates
1921 704 2013 755 de-

453 809 664 863 clarare
703 802 1223 874 perspicacissimam
1247 800 1315 854 ad
1350 800 1531 853 divina
1574 797 1774 850 lumina
1824 807 2009 862 suspe-

454 901 713 959 etionem,
736 912 837 951 nec
863 911 968 951 non
996 894 1298 963 simplicem
1323 908 1386 947 ac
1410 892 1671 961 liquidam
1694 889 2021 957 minimeque

450 992 841 1060 refragantem,
889 988 983 1043 sed
1032 986 1257 1055 agilem,
1314 998 1622 1054 puramque
1667 980 2019 1051 patulamque

452 1081 755 1136 divinarum
815 1078 1238 1135 illustrationum
1308 1079 1427 1133 sine
1510 1075 1763 1144 passione
1830 1088 2017 1128 susce-

452 1173 707 1243 ptionem.

518 1262 826 1316 Olfactuum
857 1273 989 1315 vero
1010 1255 1356 1314 discernendi
1399 1255 1548 1309 vires
1582 1253 1692 1309 vim
1724 1266 1866 1310 esse.
1898 1266 2019 1321 quae

448 1363 684 1407 mentem
710 1350 1018 1421 superantis
1042 1348 1351 1417 fragrantiae
1374 1347 1737 1413 diffusiouem,
1758 1358 2019 1416 quantum

452 1444 611 1514 130
639 1443 720 1497 fas
749 1452 855 1507 est,
877 1440 1129 1510 percipit,
1160 1453 1357 1509 resque
1384 1438 1580 1494 fetidas
1615 1440 1789 1507 perite
1814 1437 2023 1493 discer-

446 1536 552 1601 nit,
579 1543 636 1589 et
661 1532 881 1588 omnino
903 1530 1119 1600 refugit.

516 1627 588 1680 At
624 1625 835 1678 aurium
878 1624 1133 1686 virtutes,
1176 1622 1229 1675 id
1257 1621 1399 1690 quod
1450 1621 1504 1675 in
1530 1622 1608 1676 eis
1641 1630 1723 1675 est
1750 1618 2022 1691 particeps

446 1715 802 1786 cognitionis,
853 1713 1205 1780 divinamque
1250 1711 1388 1777 scite
1429 1711 1657 1780 suscipit
1706 1709 2020 1779 inspiratio-

446 1826 592 1866 nem.

515 1899 777 1955 Gustandi
806 1906 987 1953 autem
1015 1896 1285 1967 potentias
1314 1894 1445 1963 ipsis
1474 1908 1597 1949 esse
1630 1892 1877 1948 ciborum
1909 1891 2017 1961 spi-

444 1992 683 2047 ritalium
717 1992 1043 2056 satietatem,
1089 1998 1144 2044 et
1173 1989 1478 2044 divinorum
1528 1996 1692 2054 atque
1731 1984 2017 2039 delicioso-

446 2100 567 2139 rum
596 2084 892 2139 rivulorum
924 2083 1344 2151 susceptionem.

516 2174 753 2229 Tactiles
777 2188 937 2243 porro
966 2172 1325 2236 sensationes,
1355 2170 1407 2223 id
1431 2168 1572 2238 quod
1596 2169 1651 2222 in
1676 2167 1755 2222 eis
1783 2180 1868 2222 res
1893 2182 2019 2237 pro-

446 2266 612 2321 ficuas
642 2264 904 2319 noxiasve
932 2277 1055 2317 cum
1084 2260 1311 2316 scientia
1338 2258 1618 2314 discernit.

519 2358 814 2427 Palpebras
869 2365 925 2411 et
955 2353 1272 2423 supercilia,
1346 2353 1397 2407 id
1446 2352 1591 2421 quod
1636 2349 2018 2419 iutelligentias

448 2451 804 2518 notionesque
834 2447 1002 2502 divini
1029 2454 1282 2515 aspectus
1299 2452 1612 2498 conservat.

515 2539 905 2594 Pubescentem
928 2546 1141 2591 mtatem
1174 2550 1238 2589 ac
1266 2532 1630 2603 iuventutem,
1663 2533 1770 2586 vim
1800 2530 2015 2586 vitalem

444 2645 564 2700 quae
589 2643 804 2699 semper
826 2627 991 2700 viget.

468 2756 471 2759 ν
516 2726 734 2791 Dentes,
779 2726 833 2780 id
864 2724 1009 2794 quod
1058 2722 1299 2778 alimenti
1352 2719 1580 2775 adhibiti
1622 2714 2013 2788 perfectionem

443 2821 634 2876 dividit
658 2836 673 2874 :
703 2819 956 2888 quaelibet
978 2819 1123 2873 enim
1147 2814 1387 2872 essentia
1423 2811 1685 2882 spiritalis
1710 2806 2015 2862 uniusmodi

443 2911 879 2982 intelligentiam,
919 2925 1080 2979 quam
1123 2924 1152 2962 a
1189 2907 1454 2962 diviniore
1489 2902 1747 2955 traditam
1778 2897 2010 2965 accepit,

442 3019 543 3074 pro
571 3002 844 3057 inferioris
867 3001 1030 3056 ductu
1076 3008 1348 3068 captuque
1377 2994 1602 3064 provida
1642 2992 1845 3045 virtute
1876 2987 2014 3041 divi-

444 3100 522 3153 dit
556 3096 1011 3166 multiplicatque.

515 3187 801 3250 llumeros,
836 3186 992 3239 ulnas
1015 3192 1070 3238 et
1118 3197 1333 3247 manus,
1373 3176 1608 3236 faciendi
1631 3184 1686 3230 et
1715 3172 1907 3245 agendi
1946 3186 2012 3226 ac

441 3279 788 3354 perpetrandi
818 3278 947 3333 vim.

511 3489 618 3544 Cor
654 3494 834 3541 autem
873 3496 993 3538 esse
1036 3480 1337 3553 symbolum
1378 3477 1505 3532 vitae
1548 3472 1855 3537 deiformis,
1893 3485 2013 3540 quae

440 3581 551 3635 vim
592 3579 811 3633 vitalem
858 3589 1011 3633 suam
1054 3572 1391 3628 deiformiter
1435 3570 1488 3624 in
1535 3583 1598 3624 ea
1642 3567 1841 3637 quibus
1883 3577 2014 3618 con-

442 3670 572 3725 sulit
613 3667 884 3737 dispertit.

514 3759 685 3813 Porro
727 3764 915 3828 pectus
943 3755 1195 3811 dicamus
1238 3753 1527 3825 designare
1552 3750 1812 3803 virtutem
1860 3743 2014 3798 indo-

442 3851 719 3916 mabilem,
750 3858 805 3904 et
830 3864 951 3918 qua:
979 3846 1251 3903 vivificam
1296 3842 1696 3916 quodammodo
1749 3833 2011 3908 suppositi

445 3944 625 4000 cordis
655 3942 1098 3997 diatributionem
1139 3948 1376 3994 tueatur.

516 4036 745 4090 Dorsum
772 4042 976 4098 autem,
1004 4032 1148 4086 illam
1182 4032 1286 4084 vim
1310 4045 1429 4097 quae
1453 4026 1651 4083 vitales
1674 4038 1865 4081 omnes
1898 4021 2010 4074 vir-

446 4134 590 4181 tutes
628 4123 893 4178 continet.

513 4215 684 4271 Pedes
715 4228 866 4279 vero,
899 4214 1007 4267 vim
1040 4213 1317 4276 movendi,
1350 4210 1692 4265 celeritatem
1716 4216 1770 4263 et
1791 4219 2009 4261 cursum

445 4308 757 4377 sempiterni
804 4314 1005 4369 motus,
1047 4320 1157 4374 quo
1198 4304 1263 4357 ad
1291 4303 1473 4356 divina
1514 4303 1756 4364 cientur;
1790 4304 2013 4367 propter

443 4400 586 4468 quod
635 4399 798 4453 etiam
849 4405 1117 4466 peunatos
1168 4402 1479 4448 sanctarum
1528 4390 2007 4460 intelligentiarum

1619 311 1673 368 S.
1711 307 2008 367 DIONYSII
2041 306 2501 365 AREOPAGITE

3590 300 3696 353 352

2194 428 2345 478 Ἔστι
2376 426 2431 477 δὲ
2473 423 2565 476 καὶ
2590 421 2707 474 καθ’
2742 418 2966 473 ἕκαστον
2988 456 3001 481 ,
3043 416 3117 479 ὡς
3145 410 3293 486 οἶμαι
3317 453 3331 475 ,
3360 412 3459 483 τῆς
3503 427 3695 479 σωμα-

2118 522 2272 589 τικῆς
2306 522 2337 589 ἡ
2348 519 2460 589 μῶν
2490 514 2819 586 πολυμερίας
2845 512 3054 573 εἰκόνας
3080 507 3431 578 ἐναρμονίους
3450 504 3699 573 ἐξευρεῖν

2119 612 2227 665 τῶν
2256 612 2521 682 οὐρανίων
2545 610 2846 678 δυνάμεων,
2872 605 3195 674 φάσκοντας,
3218 600 3316 662 τὰς
3342 599 3441 669 μὲν
3462 596 3699 659 ὁπτικὰς

2119 702 2398 774 ἐμφαίνειν
2440 700 2712 769 δυνάμεις,
2755 697 2853 767 τὴν
2886 695 3020 765 πρὸς
3048 692 3116 746 τὰ
3159 692 3278 744 θεῖα
3311 690 3466 758 φῶτα
3501 686 3699 740 διειδε-

2121 797 2321 865 στάτην
2351 793 2653 854 ἀνάνευσιν,
2704 789 2795 841 xui.
2838 783 2990 849 αὖθις
3018 786 3130 856 ζτὴν
3173 782 3351 849 ἁπλῆν
3395 780 3489 831 καὶ⁵
3523 776 3701 846 ὑγρὰν

2120 889 2212 939 καὶ
2238 887 2338 938 οὐκ
2364 883 2673 941 ἀντίτυπον,
2706 878 2817 931 ἁλλ’
2840 876 3175 943 ὀξυκίνητον,
3207 871 3301 925 καὶ
3326 867 3579 938 καθαρὰν
3607 865 3701 916 καὶ

2119 976 2575 1046 ἀναπεπταμένην
2630 970 2854 1032 ἀπαθῶς
2908 965 3171 1035 ὑποδοχὴν
3222 962 3331 1014 τῶν
3387 957 3701 1029 Θεαρχικῶν

2121 1070 2457 1140 ἐλλάμψεων.

2190 1252 2297 1316 Τὰς
2326 1252 2381 1305 δὲ
2414 1244 2861 1319 τῶνιόσφραντῶν
2884 1242 2927 1273 δ’
2954 1236 3293 1310 διακριτικὰς
3322 1232 3603 1303 δυνάμεις,
3640 1230 3703 1281 τὸ

2119 1346 2218 1416 τῆς
2248 1345 2386 1414 ὑπὲρ
2415 1342 2537 1396 νοῦν
2565 1340 2795 1402 εὐώδους
2822 1336 3126 1397 διαδόσεως,
3156 1333 3233 1395 ὡς
3265 1329 3502 1400 ἐφικτὸν,
3547 1329 3703 1380 ἀντι-

2119 1436 2377 1508 ληπτικὸν
2408 1432 2634 1487 καὶτῶν
2676 1429 2748 1501 μὴ
2775 1426 3030 1480 τοιούτων
3070 1426 3125 1476 ἐν
3170 1423 3448 1491 ἐπιστήμῃ
3487 1418 3701 1487 διακρι-

2120 1529 2289 1591 τικὸν,
2319 1527 2414 1579 καὶ
2440 1524 2634 1585 ὁλικῶς
2661 1517 3081 1590 ἁποφευκτικόν.

2190 1620 2299 1683 Τὰς
2324 1618 2378 1670 δὲ
2399 1616 2507 1669 τῶν
2535 1615 2685 1666 ὢτων
2706 1611 2985 1680 δυνάμεις,
3011 1607 3071 1659 τὸ
3116 1602 3397 1676 μετοχικὸν
3431 1600 3527 1653 καὶ
3553 1616 3703 1667 γνω-

2124 1709 2317 1770 στικῶς
2344 1704 2689 1759 ὑποδεκτικόν
2714 1701 2813 1771 τῆς
2843 1697 3134 1770 θεαρχικῆς
3165 1692 3483 1759 ἐπιπνοίας..

2192 1906 2301 1970 Τὰς
2337 1906 2394 1959 δὲ
2423 1900 2728 1972 γευστικὰς,
2758 1899 2856 1970 τὴν
2899 1895 3009 1948 τῶν
3054 1891 3259 1963 νοητῶν
3307 1888 3528 1959 τροφῶν
3558 1887 3704 1939 ἀπο-

2121 2003 2395 2073 πλήρωσιν
2415 2038 2429 2061 ,
2457 1997 2551 2051 καὶ
2578 1995 2640 2048 τὸ
2684 1992 2792 2045 τῶν
2840 1989 2999 2044 θείων
3030 1987 3124 2041 καὶ
3173 1984 3453 2055 τροφίμων
3490 1978 3705 2050 ὀχετῶν

2121 2091 2491 2148 ὑποδεκτικόν.

2190 2179 2298 2242 Τὰς
2326 2175 2559 2240 ἁπτικὰς
2585 2176 2663 2238 δὲ,
2690 2174 2750 2227 ca
2788 2171 2882 2225 τοῦ
2922 2165 3234 2241 προσφυοῦς
3255 2165 3287 2235 ἢ
3310 2161 3404 2216 τοῦ
3430 2162 3705 2232 βλάπτον-

2117 2287 2207 2333 τος
2243 2272 2298 2321 ἐν
2322 2270 2515 2338 ἐπιστή
2527 2283 2601 2338 μη
2627 2262 3036 2334 διαγνωστικὸν.

2188 2362 2268 2414 Τὰ
2299 2362 2539 2432 βλέφαρα
2566 2360 2621 2413 δὲ
2651 2360 2744 2411 καὶ
2770 2357 2868 2419 τὰς
2900 2352 3124 2425 ὀφρύας,
3154 2351 3215 2403 τὸ
3242 2348 3349 2401 τῶν
3390 2344 3705 2399 θεοπτικῶν

2118 2456 2209 2526 νοή
2219 2472 2353 2506 σεων
2381 2450 2761 2523 φρουρητικόν.

2146 2531 2165 2546 ”
2187 2547 2297 2617 Τὴν
2320 2545 2536 2616 ἡϐῶσαν
2565 2544 2620 2596 δὲ
2646 2545 2739 2596 καὶ
2761 2540 3011 2611 νεανικὴν
3037 2538 3273 2610 ἡλικίαν,
3302 2534 3363 2587 τὸ
3382 2533 3482 2603 τῆς
3520 2532 3701 2583 ἐπακ-

2121 2638 2393 2711 μαζούσης
2416 2639 2501 2691 ἀεὶ
2528 2636 2760 2706 ζωτικῆς
2784 2634 3064 2704 δυνάμεως
3089 2630 3155 2682 ⁵³.

2187 2730 2323 2791 Τοὺς
2366 2728 2581 2790 ὀδόντας
2614 2727 2704 2789 δὲ,
2749 2725 2809 2776 τὸ
2839 2721 3165 2793 διαιρετικὸν
3210 2719 3308 2788 τῆς
3350 2716 3707 2787 ἐνδιδομένης

2115 2819 2379 2892 τροφίμου
2418 2816 2778 2886 τελειότητος·
2812 2813 3014 2883 ἑκάστη
3043 2810 3152 2881 γὰρ
3192 2809 3351 2861 οὺσία
3383 2809 3567 2877 νοερὰ,
3598 2807 3710 2875 τὴν

2115 2910 2455 2983 δωρουμένην
2483 2910 2618 2978 αὐτῇ
2662 2908 2796 2978 πρὸς
2825 2907 2921 2976 τῆς
2958 2903 3234 2973 θειοτέρας
3272 2900 3477 2969 ἐνοειδῆ
3509 2900 3710 2968 νόησιν

2118 3003 2444 3073 προνοητικῇ
2467 2999 2690 3067 δυνάμει
2719 2998 2917 3066 διαιρεῖ
2944 2995 3037 3047 καὶ
3057 2990 3401 3062 πληθεύειδδ,
3430 2990 3570 3059 πρὸς
3599 2988 3709 3058 τὴν

2116 3094 2215 3164 τῆς
2242 3091 2670 3161 καταδεεστέρας
2696 3087 3043 3158 ἁναγωγικὴν
3079 3083 3391 3150 ἀναλογίαν.

2187 3187 2325 3248 Τοὺς
2373 3184 2552 3255 ὤμους
2605 3182 2661 3235 δὲ
2710 3181 2804 3235 καὶ
2845 3179 2944 3243 τὰς
2987 3178 3223 3240 ὠλένας,
3266 3178 3360 3229 καὶ
3401 3169 3559 3236 αὖθις
3600 3172 3707 3236 τὰς

2118 3281 2333 3349 χεῖρας,
2378 3276 2437 3329 τὸ
2478 3273 2758 3345 ποιητικὸν
2787 3272 2881 3325 καὶ
2927 3267 3277 3341 ἐνεργητικὸν
3317 3267 3411 3319 καὶ
3462 3265 3710 3335 δραστή-

2120 3386 2151 3439 ρ
2158 3386 2233 3421 ιον
2240 3409 2252 3419 .

2189 3458 2297 3528 Τὴν
2327 3458 2369 3509 δ’
2402 3452 2468 3510 αὖ
2509 3456 2765 3527 καρδίαν,
2812 3454 3076 3526 σύμϐολον
3115 3448 3255 3504 εἶναι
3280 3451 3378 3521 τῆς
3425 3446 3709 3510 θεοειδοῦς

2118 3550 2278 3621 ζωῆς,
2307 3550 2403 3620 τῆς
2445 3549 2545 3621 τὴν
2586 3547 2793 3601 οἰκείαν
2831 3546 3065 3615 ζωτικὴν
3104 3544 3331 3613 δύναμιν
3360 3539 3708 3608 ἀγαθοειδῶς

2116 3643 2196 3706 εἰς
2220 3642 2287 3695 τὰ
2321 3641 2690 3713 προνοούμενα
2718 3637 3158 3709 διασπειρούσης.

2187 3735 2267 3788 Τὰ
2298 3732 2492 3804 στέρνα
2511 3732 2566 3785 δὲ
2592 3728 2745 3795 αὖθις
2772 3729 3055 3801 ἐμφαίνειν
3077 3728 3120 3758 ⁸⁵
3142 3727 3204 3779 τὸ
3231 3725 3566 3795 ἁδάμαστον,
3604 3724 3709 3776 καὶ

2114 3827 2174 3881 τὸ
2202 3825 2579 3897 φρουρητικὸν,
2596 3824 2671 3888 ὡς
2697 3823 2789 3876 ἐπὶ
2814 3823 2911 3895 τῆς
2939 3819 3308 3890 ὑποκειμένης
3336 3816 3569 3888 καρδίας
3600 3817 3710 3886 τῆς

2117 3914 2377 3980 ζωοποιοῦ
2404 3915 2709 3978 διαδόσεως.

2185 4028 2267 4080 Τὰ
2289 4027 2344 4079 δὲ
2368 4026 2539 4089 νῶτα,
2573 4026 2635 4079 τὸ
2674 4024 2988 4080 συνεκτικὸν
3013 4024 3123 4076 τῶν
3153 4022 3435 4090 ζωογόνων
3463 4021 3706 4075 ἀπασῶν

2113 4118 2412 4188 δυνάμεων.

2183 4211 2321 4273 Τοὺς
2347 4209 2511 4271 πόδας
2542 4209 2619 4273 δὲ,
2649 4208 2711 4262 τὸ
2733 4208 3033 4278 κινητικὸν,
3067 4206 3161 4258 καὶ
3195 4204 3288 4270 ὀξὺ
3319 4204 3413 4256 καὶ
3440 4204 3706 4272 ἐντρεχές

2112 4296 2212 4366 τῆς
2247 4297 2338 4350 ἐπὶ
2380 4296 2450 4349 τὰ
2496 4296 2613 4349 θεῖα
2661 4295 2991 4367 πορευτικῆς
3048 4292 3418 4363 ἀεικινησίας·
3469 4291 3553 4344 διὸ
3603 4293 3707 4343 καὶ

2114 4390 2447 4460 ὑποπτέρους
2475 4391 2508 4457 ἡ
2549 4386 2794 4454 θεολογία
2835 4387 2961 4450 τοὺς
2990 4384 3101 4439 τῶν
3144 4384 3313 4451 ἁγίων
3353 4382 3490 4436 νοῶν
3527 4385 3707 4452 ἐσχη-

444 4492 605 4559 pedes
638 4490 906 4560 theologia
949 4489 1130 4541 ﬁnxit.
1161 4486 1349 4541 Penua
1382 4485 1649 4554 siquidem
1681 4482 1921 4537 declarat
1943 4482 2009 4535 ad

2139 4483 2304 4535 ιάτισε
2349 4480 2531 4542 πόδας.
2570 4479 2642 4530 Τὸ
2683 4479 2792 4549 γὰρ
2823 4478 3020 4549 πτερὸν
3048 4475 3308 4547 ἐμφαίνει
3343 4474 3442 4544 τὴν
3479 4474 3708 4543 ἀναγω-

445 4583 697 4637 sublimia
751 4584 981 4636 ducendi
1044 4580 1431 4642 velocitatem,
1483 4584 1537 4629 et
1588 4576 1826 4631 caelestis
1888 4575 2012 4627 vita:

446 4686 686 4734 cursum,
716 4672 783 4725 ad
830 4672 1101 4726 anteriora
1155 4685 1374 4740 semper
1417 4677 1578 4737 atque
1615 4667 1843 4723 celsiora
1887 4679 2015 4734 pro-

445 4773 776 4826 moventem,
797 4770 853 4813 et.
882 4777 1077 4829 supera
1123 4760 1379 4829 petendo,
1412 4768 1630 4813 terrena
1681 4758 2008 4826 fugientem:

444 4865 747 4920 pennarum
784 4850 927 4903 enim
970 4850 1159 4904 levitas
1189 4852 1443 4919 designat
1476 4852 1527 4904 id
1570 4850 1712 4918 quod
1761 4847 1903 4901 nulla
1942 4861 2007 4899 ex

444 4949 603 5009 parte
644 4949 919 4993 terrenum
940 4951 1043 5002 est,
1076 4942 1169 4995 sed
1199 4957 1257 4995 se
1288 4952 1400 4996 toto
1437 4942 1553 4995 sine
1583 4939 1912 4993 admistione
1942 4950 2008 4990 ac

447 5030 712 5101 gravitate
733 5045 950 5084 sursum
972 5030 1172 5093 fertur;
1199 5032 1414 5085 nuditas
1439 5046 1569 5086 vero
1592 5030 2008 5097 calceorumque

448 5121 700 5191 privatio,
745 5122 996 5173 virtutem
1030 5120 1176 5173 illam
1223 5123 1553 5176 abstractam
1591 5132 1645 5176 et
1672 5122 2006 5191 expeditam,

448 5223 499 5267 et
522 5227 707 5281 puram
740 5209 807 5263 ab
832 5211 977 5264 omni
1004 5221 1228 5264 externo
1250 5212 1633 5276 additamento,
1665 5227 1784 5281 qua}
1814 5210 2009 5265 divinze

447 5302 793 5373 simplicitati.
828 5308 1083 5370 quantum
1112 5300 1192 5356 fas
1213 5311 1314 5366 est,
1343 5303 1694 5357 assimilatur.

2114 4573 2274 4644 γικὴν
2318 4570 2583 4641 ὀξύτητα,
2632 4571 2728 4623 καὶ
2766 4568 2828 4621 τὸ
2870 4568 3153 4637 οὐράνιον,
3200 4565 3295 4617 καὶ
3336 4565 3397 4617 τὸ
3450 4563 3590 4633 πρὸς
3637 4562 3710 4615 τὸ

2114 4667 2338 4728 ἄναντες
2362 4665 2747 4735 ὁδοποιητικὺν,
2779 4665 2958 4718 καὶτὸ
2989 4665 3189 4727 παντὸς
3237 4661 3585 4734 χαμαιζήλου
3611 4664 3710 4717 διὰ

2111 4758 2173 4810 τὸ
2198 4756 2471 4828 ἀνὼφορον
2498 4757 2857 4829 ἐξῃρημένον·
2886 4758 2920 4826 ὴ
2945 4756 3002 4808 δὲ
3036 4755 3143 4808 τῶν
3188 4756 3404 4827 πτερῶν
3438 4756 3704 4827 ἐλαφρία,

2111 4850 2171 4902 τὸ
2218 4851 2355 4903 κατὰ
2410 4850 2572 4919 μηδὲν
2624 4850 2912 4919 πρόσγειον
2937 4887 2952 4913 ,
3016 4848 3130 4900 ἀλλ’
3176 4848 3299 4901 ὅλον
3345 4848 3567 4919 ἀμιγῶς
3605 4850 3707 4902 καὶ

2113 4944 2330 5015 ἀϐαρῶς
2364 4945 2456 4996 ἐπὶ
2484 4944 2544 4995 τὸ
2572 4942 2773 5014 ὑψηλὸν
2805 4943 3140 5014 ἀναγόμενον
3159 4960 3170 4973 ·
3201 4943 3264 4995 τὸ
3283 4943 3340 4995 δὲ
3364 4944 3574 5013 γυμνὸν
3606 4945 3707 4997 καὶ

2112 5036 2455 5098 ἀνυπόδετον,
2483 5036 2542 5087 τὸ
2564 5036 2783 5103 ἄφετον,
2812 5038 2906 5087 καὶ
2933 5034 3176 5099 εὔλυτον,
3208 5036 3302 5087 καὶ
3323 5035 3579 5106 ἄσχετον,
3606 5038 3706 5088 καὶ

2113 5123 2410 5194 καθαρεῦον
2447 5124 2543 5193 τῆς
2572 5123 2678 5175 τῶν
2726 5124 2881 5186 ἐκτὸς
2930 5124 3282 5197 προσθήκης,
3325 5126 3420 5177 καὶ
3458 5125 3521 5177 τὸ
3564 5127 3707 5196 πρὸς

2112 5216 2211 5286 τὴν
2239 5216 2511 5287 ἁπλότητα
2539 5216 2636 5285 τὴν
2662 5215 2810 5268 θείαν
2844 5217 2919 5279 ῶς
2949 5218 3168 5286 ἐφικτὸν
3197 5217 3624 5287 ὰφομοιωτικόν.

1715 5499 1798 5554 VA
1809 5498 1945 5553 [HAS
1975 5498 2370 5557 LECTIONES.

519 5704 563 5734 δ’
591 5701 980 5771 ὀσφραντικῶν,
1009 5698 1077 5755 Μ.
1107 5700 1197 5756 Sc.
1228 5699 1292 5754 P.
1368 5698 1413 5731 ³⁸³
1436 5697 1616 5753 subdit
1656 5698 1755 5755 Ch.
1789 5699 1924 5754 νέον.
2002 5701 2045 5732 ⁵⁸
2080 5700 2366 5771 πληθύνει,
2394 5701 2457 5758 P.
2489 5704 2549 5757 D.
2574 5703 2701 5773 Ch“
2723 5704 2797 5768 ν”δ
2826 5703 3107 5773 ἐμφαίνει,
3132 5701 3202 5757 Μ.
