3908 6232
180 351 289 409 $3

1179 306 1267 398 ut:
1297 337 1623 399 COELESTI
1656 334 2101 407 “mancum,
2141 338 2291 397 CAP.
2331 336 2448 398 xv.-

3348 341 3451 401 334

1734 481 1906 552 §IV.

267 646 410 700 Ἀλλ’
438 644 627 717 ἐπειδὴ
653 640 807 709 αὖθις
838 646 870 717 ἡ
900 646 1042 717 ἁπλῆ
1076 645 1169 700 καὶ
1201 646 1578 709 πολυποίκιλος
1612 647 1770 716 σοφία

1949 648 2238 713 Caeterum,
2271 660 2394 700 cum
2429 657 2617 699 rursus
2647 644 2875 713 simplex
2900 643 2987 698 illa
3025 653 3079 699 et
3110 642 3455 702 multiformis

180 742 279 794 καὶ
300 741 431 803 τοὺς
457 740 721 800 ἀσκεπεὶς
748 739 1095 809 ἀμφιέννυσι,
1122 739 1215 791 καὶ
1244 738 1412 808 σκεύη
1449 737 1572 791 τινὰ
1592 738 1773 791 δίδωσι

178 833 513 905 περιφέρειν
541 832 743 893 αὐτοῖς,
787 831 918 900 φέρε
947 832 1042 883 καὶ
1079 830 1148 883 τά
1184 830 1293 883 τῶν
1331 830 1600 901 οὐρανίων
1638 829 1774 882 νοῶν

181 924 309 996 ἱερὰ
333 923 717 996 περιϐλήματα
745 924 837 975 καὶ
858 922 1081 993 ὄργανα,
1113 922 1253 975 κατὰ
1284 921 1345 974 rb
1376 924 1506 992 ἡμῖν
1530 920 1773 981 δυνατὸν,

178 1012 608 1084 ἀναπτύξωμεν.

254 1106 370 1176 Τὴν
410 1106 512 1175 μὲν
552 1105 661 1175 γὰρ
694 1107 868 1177 φανὴν
910 1104 1115 1175 ἐσθῆτα
1148 1106 1239 1158 καὶ
1263 1105 1361 1175 τὴν
1397 1102 1617 1175 πυρώδη
1672 1120 1774 1172 ση-

184 1195 403 1265 μαίνειν
427 1196 612 1267 οἴομαι
643 1196 705 1249 τὸ
748 1197 977 1259 θεοειδὲς
1026 1196 1167 1249 κατὰ
1208 1196 1308 1267 τὴν
1343 1196 1515 1268 πυρὸς
1564 1195 1768 1257 εἰκόνα,

178 1289 279 1342 καὶ
304 1288 370 1342 τὸ
401 1288 727 1358 φωτιστικὸν
753 1288 845 1341 διὰ
872 1288 970 1351 τὰς
994 1289 1052 1342 ὲν
1084 1288 1296 1359 οὐρανῷ
1318 1286 1520 1359 λήξεις,
1552 1288 1685 1340 ὅπου
1710 1284 1770 1339 τὸ

180 1384 322 1452 φῶς,
360 1384 458 1435 καὶ
493 1380 554 1434 rb
584 1381 814 1434 καθόλου
858 1380 1062 1451 νοητῶς
1096 1377 1389 1451 ὲλλάμπον,
1426 1380 1520 1433 καὶ
1572 1378 1771 1448 νοερῶς

177 1472 226 1506 ⁸⁸
250 1468 665 1540 ἑλλαμπόμενον
701 1486 714 1497 ·
750 1468 849 1539 τὴν
879 1468 936 1521 δὲ
960 1468 1259 1540 ἱερατικὴν,
1294 1468 1353 1521 rb
1396 1468 1530 1539 πρὸς
1557 1469 1627 1520 τὰ
1652 1469 1771 1520 θεῖα

177 1564 277 1616 καὶ
300 1563 372 1614 τὰ
406 1562 449 1593 ⁸⁷
481 1561 718 1633 μυστικὰ
740 1562 986 1633 θεάματα
1008 1562 1444 1632 προσαγωγικὸν,
1475 1563 1569 1614 καὶ
1588 1562 1649 1614 rb
1674 1562 1770 1633 τῆς

178 1654 311 1725 ὅλης
340 1653 492 1726 ζωῆς
528 1655 931 1726 ἀφιερωμένον.

255 1746 370 1812 Τὰς
404 1749 459 1801 δὲ
484 1747 679 1812 ζώνας,
705 1748 764 1801 τὸ
784 1747 893 1801 τῶν
924 1748 1164 1820 γονίμων
1196 1747 1376 1801 αὐτῶν
1411 1749 1773 1820 φρουρητικὸν

174 1840 488 1909 δυνάμεων,
515 1840 609 1891 καὶ
642 1839 704 1891 τὸ
722 1838 822 1909 τὴν
854 1839 1170 1907 συνάγω-γον
1198 1837 1377 1891 αὐτῶν
1401 1837 1534 1904 ἕξιν,
1564 1838 1643 1899 εἰς
1676 1836 1773 1889 αὑ-

172 1933 277 2002 τὴν
299 1930 347 1963 “
382 1930 603 1994 ἑνιαίως
626 1930 1051 2002 συνεστράφθαι,
1088 1931 1181 1984 καὶ
1208 1932 1394 2001 κύκλῳ
1455 1930 1571 2001 μετ’
1613 1931 1773 1983 εὐκο-

1881 740 2140 809 sapientia
2167 738 2340 793 nudos
2374 752 2594 806 quoque
2624 739 2841 801 vestiat,
2874 747 2929 791 et
2955 739 3202 807 quadam
3230 740 3296 794 iis
3327 756 3453 794 vasa

1882 833 2062 885 tradat
2119 830 2271 900 131
2315 828 2782 891 circumferenda;
2834 829 3062 898 agedum
3122 832 3236 899 ipsa
3288 832 3452 885 etiam

1880 940 2033 979 sacra
2077 924 2375 977 caelestium
2424 923 2714 992 spirituum
2760 923 3097 991 operimenta
3152 933 3208 976 et
3250 924 3455 980 instru-

1887 1022 2085 1071 menta.
2119 1020 2279 1081 prout
2305 1024 2616 1081 possumus,
2646 1010 2999 1080 explicemus.

1949 1106 2026 1160 Ac
2069 1104 2299 1158 lucidam
2338 1104 2557 1172 quidem
2593 1112 2800 1156 vestem
2845 1104 3189 1175 igneamque,
3221 1106 3438 1175 signiﬁo

1879 1214 2007 1253 care
2053 1196 2293 1250 arbitror
2319 1193 2744 1249 deiformitatem
2771 1206 2835 1247 ex
2881 1195 3022 1263 ignis
3071 1197 3451 1260 similitudine,

1880 1300 1935 1344 et
1982 1290 2089 1343 vim
2148 1282 2483 1347 illustrandi,
2531 1294 2757 1355 propter
2801 1286 2923 1342 coeli
2977 1288 3451 1356 tranquillitatem,

1878 1385 1969 1437 ubi
2016 1380 2107 1438 lux
2138 1389 2249 1443 est,
2294 1390 2348 1435 et
2394 1378 2537 1448 quod
2577 1378 2800 1433 omnino
2842 1378 3165 1448 spiritaliter
3212 1380 3452 1436 illustrat

1879 1486 1933 1531 et
1960 1475 2299 1536 illustratur;
2321 1468 2655 1541 pontificiam
2685 1479 2893 1536 autem,
2917 1471 2969 1524 id
2996 1471 3139 1540 quod
3164 1472 3231 1525 ad
3263 1472 3450 1526 divina

1880 1568 2213 1638 mysticaque
2261 1562 2572 1633 spectacula
2620 1561 2901 1626 conducit,
2960 1569 3241 1630 totamque
3283 1562 3454 1617 vitam

1880 1665 2188 1713 consecrat.

1951 1748 2128 1805 Zonas
2162 1758 2342 1804 autem
2373 1761 2497 1803 esse
2526 1746 2785 1801 virtutum
2832 1746 3138 1802 custodiam
3189 1746 3454 1803 fecunda-

1880 1861 2022 1908 rum,
2050 1856 2347 1912 earumque
2399 1839 2646 1896 habitum
2692 1838 3005 1904 collectum,
3036 1839 3127 1910 qui
3160 1840 3213 1895 in
3248 1849 3455 1895 semet-

1882 1939 1999 2005 ipso
2058 1935 2414 2005 singulariter
2454 1944 2747 1987 conversus
2773 1971 2789 1995 ,
2831 1930 3146 2000 circuloque
3186 1930 3456 1988 concinno

178 2024 370 2092 σμέας,
402 2025 469 2093 τῇ
511 2018 889 2093 ἀμεταπτώτῳ
912 2022 1203 2092 ταύτότητι
1234 2023 1361 2093 περὶ
1397 2022 1596 2089 ἑαυτὴν
1620 2032 1770 2073 συνε-

1894 2026 2243 2097 ndissipabili
2274 2024 2561 2080 identitate
2601 2023 2915 2077 succinctus
2950 2024 3041 2076 sit.

175 2112 485 2167 λίσσεσθαι.

1748 2226 1882 2297 δν.

249 2412 370 2476 Τάς
405 2412 463 2465 δὲ
488 2408 555 2466 αὖ
592 2412 838 2485 ῥάϐδους,
872 2410 936 2467 rb
969 2411 1243 2484 βασιλικὸν
1294 2414 1387 2466 καὶ
1426 2411 1770 2482 ἡγεμονικὸν,

176 2506 274 2557 καὶ
298 2506 469 2559 εὐθέα
485 2506 556 2558 τὰ
586 2506 765 2560 πάντα
799 2509 1072 2575 περαῖνον.

249 2598 335 2650 Τὰ
353 2598 413 2650 δὲ
438 2596 641 2669 δόρατα
666 2600 759 2652 καὶ
797 2601 924 2662 τοὺς
958 2599 1225 2663 πελέκεις,
1260 2598 1322 2651 rb
1366 2597 1473 2651 τῶν
1509 2597 1773 2669 ἀνομοίων

174 2690 533 2761 διαιρετικὸν,
568 2691 663 2744 καὶ
703 2690 762 2744 τὺ
800 2690 909 2744 τῶν
962 2691 1311 2762 διακριτικῶν
1349 2692 1633 2761 δυνάμεων
1678 2688 1773 2755 ὀξὺ

177 2785 271 2835 καὶ
307 2781 559 2854 ὲνεργὲς,
593 2783 687 2836 καὶ
712 2783 1057 2855 δραστήριον.

253 2873 339 2926 Τὰ
372 2872 429 2925 δὲ
463 2874 816 2946 γεωμετρικὰ
854 2876 948 2928 καὶ
979 2874 1267 2927 τεκτονικὰ
1305 2873 1494 2945 σκεύη,
1525 2873 1586 2927 τὺ
1609 2874 1773 2943 θεμε-

176 2966 439 3017 λιωτικὸν
491 2967 584 3019 καὶ
630 2966 1063 3036 οἰκοδομητικὺν,
1105 2966 1198 3018 καὶ¹
1239 2966 1301 3018 τὸ
1344 2966 1683 3019 τελειωτικὸν
1704 2967 1771 3031 ⁵⁵,

176 3056 273 3107 καὶ
326 3055 432 3107 ὅσα
478 3053 613 3107 ἄλλα
650 3053 751 3123 τῆς
790 3052 1079 3121 ἀναγώγου
1114 3054 1160 3084 ⁸⁰
1207 3054 1302 3106 καὶ
1347 3052 1774 3123 ἐπιστρεπτικῆς

176 3150 293 3201 ἐστι
324 3148 439 3200 τῶν
471 3147 743 3218 δευτέρων
778 3148 1056 3219 προνοίας.

253 3242 419 3293 Ἔστι
465 3239 523 3292 δὲ
555 3240 643 3291 ὅτε
675 3240 771 3292 καὶ
816 3240 925 3292 τῶν
973 3242 1053 3304 εἰς
1099 3243 1244 3312 ἡμᾶς
1291 3241 1610 3314 θεοκρισιῶν
1654 3242 1770 3295 ἐστι

1959 2408 2156 2481 Virgas
2200 2424 2329 2464 vero
2366 2409 2659 2479 designare
2691 2410 2894 2480 regiam
2927 2419 2981 2463 et
3011 2408 3255 2464 ducalem
3283 2410 3458 2476 digni~

1885 2513 2075 2569 tatem,
2119 2514 2436 2574 rectamque
2480 2519 2661 2559 rerum
2692 2503 2997 2558 divinarum
3037 2502 3455 2559 ordinationem.

1956 2592 2155 2650 Hastas
2182 2602 2235 2649 et
2266 2609 2509 2660 secures,
2542 2594 2649 2648 vim
2684 2591 2973 2648 dissimilia
3014 2592 3313 2657 dividendi,
3345 2595 3459 2648 vir-

1882 2695 2165 2756 tutumque
2204 2685 2513 2741 discernere
2554 2685 2855 2738 valentium
2899 2700 3129 2739 acumen
3177 2695 3227 2740 et
3268 2687 3461 2741 activi-

1882 2787 2073 2843 tatem,
2105 2788 2268 2847 atque
2291 2775 2697 2830 elﬁcacitatem.

1952 2868 2302 2925 Geometrica
2354 2866 2680 2936 fabriliaque
2730 2879 2879 2930 vasa,
2910 2864 3170 2921 fundandi
3203 2875 3258 2921 et
3293 2867 3462 2922 aediﬁ-

1884 2964 2041 3019 candi
2069 2962 2491 3029 absolvendique
2522 2959 2867 3026 facultatem,
2894 2967 2949 3012 et
2983 2974 3326 3030 quaecunque
3352 2960 3459 3014 alia

1883 3056 2172 3112 inferiores
2207 3056 2505 3111 adducendi
2552 3064 2608 3109 et
2653 3054 3005 3109 convertendi
3059 3053 3459 3124 providentiam

1880 3159 2238 3205 COIICBI‘DUIIL

1878 3262 1903 3309 ;,
1946 3240 2160 3296 Accidit
2213 3256 2433 3313 quoque
2489 3256 2905 3311 nonnunquam,
2964 3250 3025 3295 ut
3080 3242 3447 3298 instrumenta

178 3333 241 3386 σύ
252 3331 453 3403 μϐολα,
473 3331 541 3384 τὰ
568 3332 913 3403 πλαττόμενα
933 3334 1041 3385 τῶν
1064 3334 1235 3401 ἁγίων
1256 3334 1504 3403 ἀγγέλων
1528 3334 1737 3408 ὄργανα
1757 3354 1768 3365 ·

1894 3350 2001 3405 quae
2053 3336 2255 3390 sanctis
2303 3334 2509 3402 angelis
2555 3331 2929 3406 amnguntur,
2977 3334 3284 3391 divinorum
3330 3349 3457 3405 erga

172 3428 286 3479 τῶν
335 3426 461 3497 μὲν,
496 3424 799 3496 δηλούντων
822 3427 1266 3499 ὲπανορθωτικὴν
1316 3430 1580 3493 παιδείαν,
1616 3430 1648 3500 ἢ
1691 3447 1773 3482 τι-

178 3520 367 3589 μωρὸν
401 3517 747 3589 δικαιοσύνην
778 3537 791 3548 ·
826 3519 933 3572 τῶν
979 3520 1037 3572 δὲ
1085 3522 1458 3591 περιστάσεων
1493 3522 1773 3575 1⁵1ἐλευθε-

178 3611 325 3680 ρίαν,
362 3609 398 3679 ἦ
430 3610 677 3674 παιδείας
715 3611 887 3676 τέλος,
921 3610 953 3683 ἢ
998 3613 1271 3685 προτέρας
1306 3613 1599 3678 εὐπαθείας
1639 3615 1774 3668 ἐπα-

177 3703 438 3773 νάληψιν,
482 3702 517 3773 ἢ
561 3701 880 3775 προσθήκην
944 3704 1145 3777 ἐτέρων
1187 3705 1426 3777 δωρεῶν,
1462 3706 1676 3779 μικρῶν
1738 3706 1771 3777 ἢ

181 3792 439 3862 μεγάλων
466 3832 482 3855 ,
552 3792 825 3863 αἰσθητῶν
873 3793 906 3865 ἢ
955 3794 1197 3865 νοητῶν·
1243 3796 1335 3849 καὶ
1388 3796 1524 3860 ὅλως
1567 3797 1668 3849 οὐκ
1709 3795 1775 3849 ἂν

178 3887 512 3957 ἀπορήσειεν
552 3887 582 3938 ὁ
640 3885 946 3957 διορατικὸς
989 3889 1035 3919 δ’
1060 3886 1225 3959 ¹νοῦς,
1275 3890 1491 3953 οἰκείως
1534 3890 1773 3960 ἁρμόσαι

176 3981 293 4043 τοῖς
316 3978 553 4047 ἀφανέσι
568 3976 639 4031 τὰ
662 3979 980 4051 φαινόμενα.

1880 3445 1981 3484 nos
2003 3428 2331 3497 iudiciorum
2362 3429 2607 3499 symbola
2639 3429 2903 3494 existant,
2940 3428 3070 3483 dum
3103 3428 3209 3483 alia
3240 3429 3460 3499 quidem

1879 3524 2265 3578 correctricem
2317 3523 2663 3593 disciplinam
2713 3523 3099 3593 vindicemque
3148 3524 3460 3593 justitiam,

1879 3614 1983 3668 alia
2027 3629 2158 3668 vero
2204 3613 2434 3684 periculi
2489 3613 2891 3679 liberationem,
2944 3614 3033 3668 vel
3065 3614 3366 3684 disciplina:
3400 3614 3463 3667 ti—

1883 3721 2028 3769 nem,
2074 3701 2162 3759 vel
2211 3704 2457 3773 pristinae
2502 3703 2786 3760 felicitatis
2842 3705 3272 3773 restitutionem,
3324 3705 3462 3762 alio-

1881 3810 2073 3851 rumve
2104 3808 2418 3860 muuerum,
2449 3808 2574 3849 cum
2607 3794 2933 3867 exiguarum
2967 3807 3083 3851 tum
3116 3811 3457 3866 magnorum,

1880 3902 2007 3943 cum
2069 3886 2355 3941 sensilium
2411 3894 2525 3940 tum
2588 3886 3038 3943 intellectualium
3098 3888 3459 3960 adiectionem

1882 3976 2232 4033 manifestam
2254 3987 2275 4015 ³
2308 3996 2323 4045 ;
2350 3993 2525 4045 neque
2548 3992 2679 4034 vero
2702 3976 2967 4034 dubitavit
2990 3978 3099 4033 ullo
3120 3980 3281 4035 modo
3306 3994 3463 4034 meus

1882 4069 2190 4140 perspicax,
2239 4069 2477 4126 visibilia
2523 4066 2750 4142 proprie
2792 4069 2957 4125 rebus
3014 4085 3135 4140 quae
3182 4080 3460 4140 aspectum

1885 4156 2101 4231 fugiunt
2127 4163 2559 4217 accommodare.

1751 4318 1780 4392 ς
1816 4317 1920 4377 v1.

254 4509 331 4561 Τὸ
357 4507 415 4560 δὲ
448 4507 807 4577 κα¹ιηὰνέμους
833 4505 1036 4567 αὐτοὺς
1060 4501 1441 4577 ὀνομάζεσθαι,
1463 4502 1564 4572 τὴν
1593 4502 1775 4568 ὀξεῖαν

183 4597 368 4652 αὐτῶν
402 4596 655 4667 ἐμφαίνει
680 4576 784 4648 καὶ
810 4595 903 4647 ἐπὶ
947 4576 1124 4647 πάντά
1164 4593 1349 4663 σχεδὸν
1392 4593 1635 4663 ἀχρόνως
1664 4593 1779 4665 διή-

183 4705 390 4742 κουσαν
418 4688 636 4759 ποίησιν
669 4686 736 4751 ⁵³,
767 4687 861 4739 καλ¹
890 4686 988 4757 τὴν
1016 4684 1220 4739 ἀνωθεν
1258 4685 1351 4738 ἐπὶ
1382 4685 1452 4737 τὰ
1484 4685 1657 4749 κάτω,
1687 4686 1779 4739 καὶ

183 4776 343 4843 αὖθις
373 4780 437 4830 ἐκ
460 4778 570 4829 τῶν
594 4778 745 4831 κάτω
770 4777 905 4847 πρὸς
929 4775 990 4828 rb
1014 4776 1240 4838 ἄναντες
1262 4775 1766 4849 διαπορθμευτικὴν

184 4869 422 4937 κίνησιν,
458 4867 558 4937 τὴν
590 4865 970 4919 ἀνατείνουσαν
1007 4864 1106 4934 μὲν
1144 4862 1214 4915 τὰ
1268 4863 1495 4937 δεύτερα
1539 4868 1675 4938 πρὸς
1716 4869 1777 4919 τὸ

186 4961 493 5030 ὑπέρτερον
526 4956 680 5026 ὕψος,
715 4954 968 5009 κινοῦσαν
991 4954 1047 5008 δὲ
1093 4954 1163 5007 τὰ
1195 4954 1386 5026 πρῶτα
1417 4958 1556 5029 πρὸς
1585 4976 1778 5012 κοινω-

186 5052 345 5121 νικὴν
370 5051 465 5102 καὶ
508 5050 870 5122 προνοητικὴν
903 5050 1013 5104 τῶν
1046 5051 1353 5121 ὑφειμένων
1386 5054 1633 5124 πρόοδον.
1681 5055 1775 5106 Εἴ-

187 5157 276 5194 ποι
311 5140 359 5193 δ’
385 5134 450 5194 ἄν
484 5156 568 5203 τις
619 5138 717 5210 τὴν
754 5139 848 5192 τοῦ
897 5142 1081 5211 ἁερίου
1131 5143 1437 5214 πνεύματος
1483 5146 1776 5215 ἀνεμιαίαν

286 5308 311 5337 ³
338 5295 505 5351 Num.
534 5311 681 5361 nn;
720 5294 766 5351 Π
797 5295 932 5369 Reg.
962 5314 1119 5365 xxw;
1152 5301 1322 5369 Apoc.
1361 5318 1460 5367 xx;
1497 5306 1665 5359 Amos
1696 5321 1825 5371 vm;
1861 5306 2034 5363 Zach.
2074 5324 2166 5374 Ill;
2210 5308 2325 5365 Jer.
2363 5327 2515 5368 xxiv.

1958 4501 2112 4568 Quod
2142 4511 2327 4557 autem
2360 4510 2508 4556 venti
2559 4504 2909 4560 nominentur
2937 4508 2981 4573 ί,
3017 4506 3121 4561 hoc
3149 4521 3338 4562 eorum
3368 4524 3460 4563 ce-

1886 4592 2052 4648 lerem
2085 4594 2408 4648 conﬁciendi
2436 4594 2701 4650 rationem
2727 4597 2957 4663 indicat,
2986 4597 3053 4651 ad
3081 4599 3263 4653 omnia
3291 4599 3461 4654 ferme

1885 4686 2091 4755 absque
2136 4701 2288 4741 mora
2331 4698 2729 4755 penetrantem,
2771 4704 2977 4760 susque
3007 4691 3181 4760 deque
3211 4692 3354 4748 ultro
3381 4697 3461 4749 ci-

1883 4787 2082 4847 troque
2117 4792 2552 4848 quaquaversum
2594 4783 2909 4848 permeandi
2954 4782 3290 4854 facultatem,
3341 4802 3461 4856 qua:

1886 4874 2147 4930 inferiora
2177 4877 2397 4946 quidem
2449 4879 2514 4931 ad
2556 4879 2892 4947 superiorem
2935 4888 3251 4947 promoveat
3286 4879 3462 4933 subliu

1891 4967 2153 5031 mitatem,
2182 4967 2358 5037 prima
2395 4984 2526 5022 vero
2556 4978 2773 5023 moveat
2798 4970 2864 5023 ad
2910 4970 3194 5038 providum
3224 4981 3279 5025 et
3310 4986 3458 5025 com-

1892 5058 2259 5112 municantem
2293 5072 2351 5113 se
2392 5060 2744 5116 inferioribus
2780 5056 3055 5131 illapsum.
3082 5058 3264 5117 Possit
3292 5063 3458 5118 etiam

1892 5150 2017 5217 quis
2048 5150 2232 5205 dicere
2273 5161 2560 5207 ventosum
2593 5153 2723 5208 illud
2776 5169 2971 5210 nomen
3026 5156 3252 5224 spiritus
3298 5157 3454 5219 aerii,

2602 5320 2621 5351 τ
2648 5311 2782 5366 Dan.
2801 5333 2907 5389 vn;
2933 5318 3077 5375 Psal.
3105 5335 3243 5388 xvu;
3269 5331 3388 5376 cm.

1452 5457 1677 5512 nam;
1715 5459 2141 5547 LECTIONESa

261 5638 310 5716 eo
657 5632 892 5716 S._l3._D.
923 5634 1023 5716 Cl}.
1055 5634 1158 5716 Sc._
1197 5636 1240 5666 "
1264 5636 1334 5688 τά
1360 5650 1464 5713 non
1497 5637 1694 5716 habent
1726 5639 1765 5691 P

1908 5643 2084 5716 Ch."“3
2128 5646 2206 5716 εἰς
2228 5647 2445 5716 ἑαυτήν,
2478 5646 2533 5698 S.
2569 5646 2627 5697 P.
2664 5647 2725 5698 D.
2754 5645 2843 5697 Sc.
2912 5647 2955 5677 ³³
2985 5647 3078 5699 καὶ
3103 5642 3445 5716 οἰκοδομικὸν

193 5705 656 5787 usuin-gelatur.
713 5705 778 5786 _'°
811 5705 1087 5787 legendum
1136 5705 1437 5787 avg-Troon.
1510 5707 1557 5787 ξι
1587 5724 1770 5787 περιστ

1894 5731 1977 5776 ως,
2019 5713 2075 5766 D.
2122 5705 2220 5771 Cb.
2268 5705 2440 5770 Scoi,
2494 5717 2537 5747 ⁵³
2575 5732 2665 5785 γρ.
2701 5717 3052 5787 διακριτικός.
3134 5717 3178 5746 ³³
3218 5705 3444 5786 πτῆσιν,

196 5778 255 5832 D.
284 5778 445 5833 Clmt
472 5777 761 5845 explicatio
788 5786 869 5831 est
908 5775 1074 5844 illius,
1104 5791 1169 5831 ex
1202 5776 1417 5830 Maximi
1448 5775 1683 5832 scbolio.
