3908 6232
482 386 586 443 535
1655 384 1709 439 S.
1746 383 2046 439 DIONYSII
2084 382 2547 441 ABEOPAGlT/E
3628 382 3733 435 556

478 498 786 555 cmlestium
803 497 1282 570 intelligentiarum
1299 499 1718 554 deiformitatem
1734 501 2016 571 designare

2190 502 2490 573 πωνυμίαν,
2519 498 2684 553 καὶτὸ
2709 498 2934 561 θεοειδὲς
2959 496 3065 550 τῶν
3090 496 3351 570 οὐρανίων
3372 498 3509 552 νόων
3530 499 3733 569 ἐμφαί-

481 593 753 662 siquidem
780 602 837 647 et
877 594 956 648 illi
986 596 1183 649 divina
1212 592 1551 648 efficacitatis
1584 594 1761 662 imago
1807 595 2024 663 qutedan

2192 613 2263 647 ειν
2283 612 2294 623 ·
2324 594 2435 663 ἔχει
2466 593 2575 663 γὰρ
2607 592 2699 644 καὶ
2722 588 2878 642 τοῦτο
2916 589 3210 659 Θεαρχικῆς
3244 591 3521 661 ἐνεργείας
3546 585 3735 644 εἰκόνα

482 684 626 737 inest
652 699 717 739 ac
751 684 923 755 figura
959 684 1124 757 (sicut
1147 686 1540 758 in'Symbolica
1570 684 1879 757 Theologia,
1898 687 2025 756 juxt:

2193 687 2248 738 αὶ
2272 686 2438 738 τύπον
2473 685 2566 755 (ὡς
2604 684 2661 737 ἐν
2695 681 2991 752 συμϐολικῇ
3041 680 3303 751 θεολογία,
3336 681 3477 734 κατά
3516 682 3618 753 τὴν
3646 700 3736 736 τε·

484 776 775 845 mysticam
840 786 1076 849 quatuor
1131 779 1528 834 elementorum
1584 778 2012 848 explicationem

2189 777 2468 847 ράστοιχον
2512 775 2641 843 ἡμῖν
2684 772 3053 839 ἀνακάθαρσιν
3086 770 3174 822 διὰ
3226 772 3483 824 πλειόνων
3532 773 3732 827 ἀποδέ-

484 865 642 936 132
692 867 939 935 pluribus
971 884 1001 921 a
1039 870 1194 924 nobis
1224 871 1657 925 demonstratum
1701 870 1831 940 est),
1861 887 2027 940 nempl

2187 883 2378 927 εικται,
2410 864 2548 918 κατὰ
2563 864 2621 916 τὸ
2644 864 2745 934 τῆς
2768 864 2981 933 φύσεως
3014 863 3289 933 κινητικὸν
3315 866 3407 917 καὶ
3439 864 3730 933 ζωογόνον,

478 959 546 1012 ob
576 960 845 1014 vivificam
873 960 1226 1015 mobilitatem
1256 961 1603 1031 velocemque
1627 972 1681 1015 et
1710 962 2019 1031 insuperabi

2190 960 2245 1010 αὶ
2289 958 2388 1027 τὴν
2445 957 2621 1023 ὀξεῖαν
2679 958 2773 1009 καὶ
2821 957 3125 1026 ἀκράτητον
3179 954 3440 1026 χώρησιν,
3490 958 3586 1009 καὶ
3631 958 3732 1029 τὴν

476 1050 585 1105 lem
621 1058 881 1115 meatum,
908 1066 1014 1105 nec
1061 1066 1170 1106 non
1201 1051 1595 1121 inaspectabile
1624 1052 1907 1107 latibulum
1936 1069 2019 1107 mo

2188 1067 2425 1118 γνωστον
2458 1050 2588 1120 ἡμῖν
2620 1048 2710 1101 καὶ
2742 1048 2968 1119 ἀόρατον
3002 1048 3339 1119 κρυφιότητα
3378 1047 3486 1101 τῶν
3518 1066 3731 1121 κινητι-

475 1142 719 1196 ventium
766 1142 1159 1212 principiorum
1203 1158 1267 1198 ac
1312 1142 1780 1202 terminationum.
1827 1144 2013 1199 Nescis

2187 1142 2261 1195 ὧν
2285 1142 2469 1213 ἀρχῶν
2497 1142 2589 1193 καὶ
2621 1140 3110 1212 ἀποπερατὼσεων.
3138 1142 3219 1194 Οὐ
3241 1140 3349 1213 γὰρ
3369 1140 3554 1206 οἶδας,
3573 1144 3730 1213 φησὶ,

475 1233 620 1285 enim
656 1232 849 1301 inquit,
884 1233 1022 1288 unde
1050 1234 1243 1297 veniat,
1271 1244 1362 1287 aut
1391 1251 1493 1304 quo
1524 1236 1681 1288 vadat
1714 1247 1764 1287 υ.

1606 1236 1681 1288 lat
1714 1247 1764 1287 υ.
2148 1235 2333 1289 πόθεν
2359 1237 2614 1302 ἔρχεται,
2645 1232 2743 1287 καὶ
2773 1233 2889 1286 ποῦ
2920 1233 3149 1302 ὑπάγει.

546 1322 685 1387 Quin
727 1323 893 1401 etiam
935 1324 1015 1379 eis
1050 1324 1318 1395 theologia
1366 1326 1524 1382 nubis
1554 1328 1789 1396 speciem
1821 1325 2046 1396 alIingit.

2233 1323 2391 1375 Ἀλλά
2423 1324 2515 1375 καὶ
2540 1322 2766 1394 νεφέλης
2799 1322 2982 1385 αὐτοῖς
3035 1323 3179 1375 ίδέαν
3216 1324 3249 1393 ή
3285 1321 3531 1389 θεολογία
3564 1338 3730 1392 περι-

473 1413 575 1468 lioc
642 1415 759 1483 ipso
823 1430 1007 1471 sacras
1072 1415 1458 1486 intelligentias
1513 1418 1795 1473 declarans
1850 1434 2011 1473 arcan

2187 1417 2390 1478 ςλὰττει,
2442 1416 2779 1485 σημαίνουσα
2812 1415 2899 1468 διὰ
2940 1414 3151 1479 τούτου,
3202 1416 3331 1477 τοὺς
3371 1415 3553 1486 ἱεροὺς
3598 1414 3730 1477 νόας

471 1505 709 1573 quodam
740 1506 942 1562 lumine
965 1508 1486 1577 supermundialiter
1515 1510 1767 1581 repletas,
1797 1511 2014 1581 primilu

2189 1509 2240 1562 οὗ
2298 1509 2396 1580 μὲν
2442 1508 2671 1581 κρυφίου
2728 1509 2903 1577 φωτὸς
2954 1507 3335 1577 ὑπερκοσμίως
3378 1506 3732 1576 ἀποπληρου-

473 1612 594 1651 cam
627 1598 775 1651 illam
814 1601 1212 1669 apparitionem
1237 1604 1355 1658 sine
1380 1601 1521 1656 fastu
1554 1603 1855 1671 suscipere,
1881 1612 2009 1672 atqu

2192 1603 2342 1665 ένους
2375 1602 2439 1665 ⁵⁸,
2482 1601 2581 1671 τὴν
2627 1601 3025 1672 πρωτοφανῆδε
3046 1600 3514 1671 πρωτοφάνειαν⁵⁸
3567 1601 3733 1652 ἀνεκ-

472 1688 777 1742 luculenter
824 1690 1070 1746 eamdem
1117 1692 1171 1745 in
1218 1692 1482 1749 inferiora
1536 1708 1635 1763 per
1683 1693 2015 1749 remissiorer

2188 1693 2476 1761 ομπεύτως
2522 1690 2948 1761 είσδεχομένους,
2980 1692 3071 1742 καὶ
3100 1689 3304 1760 ταύτην
3350 1689 3600 1759 ἀφθόνως
3650 1691 3731 1753 είς

473 1778 889 1834 illustrationem
929 1797 1027 1850 pro
1064 1782 1277 1839 illorum
1323 1794 1482 1853 captu
1517 1784 1919 1847 transfundere,
1947 1802 2012 1840 ne

2187 1784 2213 1837 ἂι
2261 1784 2487 1855 δεύτερα
2530 1782 2936 1854 δευτεροφανῶς
2992 1782 3087 1833 καὶ
3134 1780 3410 1849 ἀναλόγως
3465 1781 3730 1851 διαπορθ-

473 1884 582 1923 non
628 1870 749 1926 illas
786 1871 1008 1942 insuper
1047 1871 1415 1940 fecunditate,
1447 1885 1608 1944 atque
1644 1876 1916 1930 animandi
1948 1891 2014 1929 au

2183 1877 2412 1940 ιεύοντας
2431 1894 2443 1905 ·
2464 1875 2558 1930 καὶ
2576 1877 2681 1946 μὴν
2702 1874 2857 1927 ὅτιτὸ
2872 1875 3090 1945 γόνιμον
3111 1874 3311 1937 αὐτοῖς,
3328 1874 3421 1926 καὶ
3437 1872 3726 1937 ζωοποιὺν,

471 1961 739 2032 gendique
779 1979 841 2018 ac
884 1965 1203 2034 perficiendi
1250 1967 1451 2021 virtute
1488 1977 1769 2038 prmstare,
1820 1975 2014 2036 pr0pte

2186 1971 2240 2023 αὶ
2268 1968 2576 2039 αὐξητικὸν,
2606 1968 2700 2020 καὶ
2728 1967 3069 2019 τελειωτικὸν
3102 1966 3415 2037 ἐνυπάρχει,
3456 1965 3599 2017 κατά
3627 1966 3727 2035 τὴν

469 2053 861 2109 intellectualis
894 2055 1088 2111 imbris
1125 2059 1561 2127 generationem,
1590 2075 1711 2127 quae
1740 2058 2012 2127 subjectum

2185 2060 2340 2130 οητὴν
2380 2058 2761 2129 ὀμϐροτοκίαν,
2800 2056 2896 2127 τὴν
2930 2056 3020 2108 τὸν
3063 2056 3329 2126 ἐκδόχειον
3366 2056 3569 2109 κόλπον
3606 2073 3728 2109 πια-

470 2146 573 2200 sibi
631 2147 899 2216 gremium
954 2147 1422 2215 impiuguantibus
1471 2150 1669 2216 pluviis
1722 2150 1790 2205 ad
1848 2150 2013 2207 vitale

1995 2166 2044 2207 es
2144 2150 2283 2214 λέοις
2304 2151 2476 2213 ὑετοῖς
2502 2151 2594 2203 ἐπὶ
2615 2146 2849 2213 ζωτικάς
2882 2147 3074 2211 ὠδῖνας
3113 2149 3538 2220 ἐκκαλουμένην.

471 2238 833 2306 partitudines
864 2238 1124 2294 informat
1146 2248 1196 2292 τ.

1986 2358 2015 2430 5
2049 2354 2190 2416 vn.

548 2541 699 2608 Quod
731 2541 775 2597 si
798 2556 1015 2612 quoque
1044 2542 1168 2597 aeris
1198 2551 1254 2597 et
1286 2542 1473 2598 electri
1519 2543 1871 2614 lapidumque
1896 2545 2036 2599 mul-

2217 2544 2280 2596 Εί
2305 2543 2359 2595 δὲ
2399 2544 2492 2596 καὶ
2538 2541 2759 2613 χαλκοῦ,
2802 2542 2897 2595 καὶ
2952 2540 3241 2610 ἠλέκτρου,
3287 2540 3382 2592 καὶ
3428 2539 3594 2593 λίθων
3639 2558 3726 2593 πο-

470 2633 757 2688 ticolorum
802 2635 1040 2704 speciem
1086 2634 1360 2705 theologia
1412 2636 1729 2691 cmlestibus
1787 2637 2007 2691 essentii

2181 2635 2514 2704 υχρωμάτων
2544 2630 2680 2696 εἶδος
2714 2636 2746 2703 ὴ
2781 2632 3025 2700 Θεολογία
3056 2634 3176 2693 ταῖς
3201 2629 3476 2701 οὐρανίαις
3517 2630 3724 2692 οὐσίαις

468 2726 839 2780 accommodat
882 2743 895 2779 :
934 2725 1193 2781 electrum
1230 2728 1472 2796 quidem,
1510 2738 1570 2783 ut
1599 2728 1742 2798 quod
1791 2730 1908 2782 auri
1952 2745 2011 2783 ar

2181 2726 2451 2798 εεριτίθησι
2478 2744 2489 2756 ⁸
2519 2726 2580 2779 τὸ
2606 2727 2704 2796 μέν
2730 2727 3009 2796 ἤλεκτρον,
3033 2726 3107 2787 ὼς
3141 2724 3450 2795 χρυσοειδές
3484 2724 3603 2793 ἅμα
3631 2724 3724 2775 καὶ

467 2816 723 2885 gentique
766 2817 997 2871 formam
1041 2834 1152 2888 prae
1199 2833 1259 2873 se
1308 2818 1487 2886 ferat;
1522 2819 1575 2872 in
1619 2834 1751 2875 auro
1795 2821 2010 2889 quidem

2178 2818 2511 2891 .ργυροειδές,
2556 2818 2808 2887 ἐμφαίνει
2856 2818 2953 2888 τὴν
3001 2816 3264 2885 ἄσηπτον,
3298 2816 3373 2877 ὡς
3420 2816 3477 2866 ἐν
3512 2814 3721 2885 χρυσῷ,

468 2906 773 2974 putredinis
823 2917 1104 2977 expertem
1161 2918 1216 2962 et
1268 2909 1704 2978 inconsumptum
1759 2912 2011 2982 minuiqul

2177 2912 2241 2963 ια).
2269 2910 2557 2973 ἀδάπανον,
2578 2908 2669 2961 καὶ
2690 2908 2979 2978 ἀμείωτον,
2996 2910 3089 2960 καὶ
3110 2909 3375 2977 ἄχραντον
3405 2905 3687 2971 διαύγειαν
3707 2924 3720 2936 ·

466 2998 707 3053 nescium
754 3008 916 3069 atque
974 3000 1339 3056 inviolabilem
1393 3001 1732 3071 splendorem
1777 3019 1794 3058 :
1844 3004 1898 3058 in
1947 3019 2009 3059 ar

2185 3003 2240 3054 αὶ
2290 3001 2388 3071 τὴν
2438 3001 2629 3069 φανὴν,
2665 2999 2740 3062 ὡς
2786 3000 2843 3051 ὲν
2883 2998 3128 3069 ἀργύρῳ,
3165 2998 3256 3049 καὶ
3301 2996 3587 3065 φωτοειδῆ,
3635 2997 3725 3048 καὶ

467 3097 629 3158 gento
671 3099 849 3145 autem
896 3090 1149 3157 lucidam,
1191 3092 1575 3161 celestemque
1612 3092 1920 3148 claritatem
1950 3095 2010 3149 dc

1091 3108 1149 3157 η,
1191 3092 1575 3161 ςωιθειθῐηψιθ
1612 3092 1920 3148 claritatem
1950 3095 2043 3149 dc-
2146 3092 2403 3164 οὐρανίαν
2424 3091 2634 3160 αἴγλην.

466 3184 643 3231 notat.

536 3269 655 3327 ΑΞΓί
689 3272 1009 3343 vero,juxta
1042 3274 1285 3331 rationes
1316 3276 1645 3345 assignatas,
1673 3276 1757 3333 vel
1789 3278 1927 3349 ignis
1954 3277 2037 3332 vel
2064 3251 2079 3305 ⁴

2208 3274 2301 3345 Τῷ
2331 3274 2387 3327 δέ
2421 3271 2627 3344 χαλκῷ,
2662 3269 2799 3323 κατά
2829 3268 2955 3332 τοὺς
2988 3267 3346 3329 ἀποδοθέντας
3380 3268 3425 3297 ⁵⁸
3446 3265 3662 3334 λόγους,
3690 3266 3722 3336 ἦ

464 3362 581 3415 auri
611 3362 823 3432 species
847 3362 1217 3419 attribuenda.

2140 3363 2201 3418 τὸ
2227 3362 2492 3434 πυρῶδες,
2530 3361 2562 3431 ἦ
2591 3361 2651 3412 τὸ
2683 3358 2994 3431 χρυσοειδὲς
3024 3358 3416 3427 ἀπονεμητέον.

542 3450 710 3506 Porro
739 3451 977 3521 lapidum
1006 3454 1378 3511 multicolorcs
1414 3457 1642 3525 species,
1673 3456 1757 3513 vel
1786 3457 1836 3511 in
1864 3472 2038 3529 quan-

2212 3456 2322 3519 Τάς
2354 3456 2410 3507 δὲ
2442 3452 2548 3506 τῶν
2575 3451 2735 3504 λίθων
2763 3450 3224 3520 πολυχρωμάτους
3270 3447 3411 3511 ίδέας
3435 3448 3726 3517 ἐμφαίνειν

466 3550 577 3595 tum
626 3542 781 3609 albae,
840 3543 969 3612 quid
1030 3543 1302 3610 lucidum;
1358 3546 1444 3600 vel
1498 3562 1601 3616 qua
1663 3548 1861 3613 rubras,
1910 3547 2009 3616 quil

2179 3547 2368 3618 ίητέον,
2394 3547 2426 3615 ἢ
2478 3545 2553 3607 ὡς
2586 3542 2803 3605 λευκὰς,
2844 3542 2907 3594 τὸ
2938 3541 3225 3610 φωτοειδές
3246 3558 3258 3570 ’
3295 3540 3329 3611 ἢ
3358 3545 3434 3605 ὡς
3463 3541 3722 3613 ἐρυθράς.

465 3633 717 3703 igneum;
751 3634 836 3688 vel
871 3650 977 3704 qua
1027 3634 1198 3699 ﬂavae,
1233 3638 1361 3705 quid
1406 3652 1664 3703 aureum;
1708 3639 1793 3694 vel
1820 3654 1926 3709 qua
1952 3641 2003 3693 vi

2179 3638 2201 3690 b
2248 3636 2532 3709 πυρῶδες·
2575 3636 2608 3706 ἢ
2648 3635 2723 3697 ὡς
2786 3632 3003 3700 ξανθὰς,
3063 3634 3124 3685 τὸ
3175 3630 3515 3703 χρυσοειδές”
3560 3630 3593 3699 ἢ
3648 3632 3722 3694 ὡς

465 3725 897 3793 rides,juvenile
939 3726 1217 3796 quidpiam
1251 3744 1315 3783 ac
1352 3729 1536 3799 vigens
1584 3730 1895 3801 significare
1939 3745 2006 3800 pu

2179 3729 2387 3801 λοεράς,
2412 3729 2473 3781 τὸ
2505 3728 2750 3781 νεανικὸν
2777 3729 2869 3779 καὶ
2894 3728 3128 3797 ἀκμαῖον
3153 3743 3165 3755 ·
3197 3726 3291 3777 καὶ
3332 3724 3453 3777 καθ’
3488 3724 3722 3776 ἕκαστον

466 3819 641 3872 tandm
668 3826 797 3871 sunt
824 3835 841 3873 :
869 3827 1031 3887 atque
1063 3818 1136 3871 ita
1174 3820 1471 3874 secundum
1498 3836 1769 3891 quamque
1804 3822 2009 3892 specien

2179 3818 2279 3883 ἷδος
2317 3822 2567 3891 εὑρήσεις
2612 3817 2960 3888 ἀναγωγικὴν
3004 3816 3111 3869 τῶν
3161 3816 3403 3869 τυπικῶν
3423 3816 3468 3846 ⁵⁷
3494 3816 3722 3867 εἰκόνων

462 3923 680 3977 quoque
720 3909 1005 3978 mysticam
1036 3912 1327 3978 quamdam
1368 3912 1669 3981 typicarum
1719 3914 2005 3981 imaginum

991 3912 1327 3978 tqttamdam
1368 3912 1669 3981 typicarutn
1719 3914 2035 3981 imaginum,
2144 3912 2534 3981 ἀνακάθαρσιν.

463 4015 586 4069 quae
612 4000 678 4053 ad
706 4014 939 4068 superna
966 4010 1205 4064 revocet,
1246 4004 1483 4072 reperias
1508 4004 1928 4072 expositionem.

534 4091 643 4146 Sed
682 4092 940 4161 quoniam
964 4092 1031 4145 de
1057 4093 1141 4147 his
1174 4093 1310 4147 satis
1340 4109 1368 4147 a
1400 4096 1559 4149 nobis
1586 4109 1683 4163 pro
1716 4093 1857 4148 virili
1886 4103 2041 4164 parte

2227 4090 2363 4142 Ἀλλ’
2388 4089 2583 4162 ἐπειδὴ
2609 4090 2780 4144 ταῦτα
2803 4089 2942 4143 κατά
2974 4090 3202 4160 δύναμιν
3237 4090 3369 4160 ἡμῖν
3403 4087 3724 4158 ἀρκούντως

463 4180 666 4236 dictum
693 4197 813 4237 esse
839 4182 1097 4247 arbitror,
1125 4185 1195 4237 ad
1224 4197 1441 4237 sacram
1489 4184 1797 4239 caelestium
1836 4183 2005 4239 intelli

2184 4181 2391 4253 ἱρῆσθαι
2429 4182 2649 4252 νομίζω,
2689 4183 2930 4251 μετιτέον
2970 4182 3063 4234 ἐπὶ
3094 4186 3192 4251 τὴν
3230 4179 3378 4250 ἱερὰν
3419 4178 3727 4244 ἀνάπτυξιν

464 4276 769 4344 gentiarum
799 4290 895 4345 per
924 4274 1227 4331 bestiarum
1270 4275 1479 4332 formas
1513 4290 1899 4346 expressarnm
1937 4290 2004 4331 ex

2142 4276 2243 4346 τῆς
2276 4276 2382 4329 τῶν
2406 4275 2673 4347 οὐρανίων
2706 4275 2839 4328 νοῶν
2865 4276 3148 4346 ίεροτύπου
3171 4273 3548 4344 Θηρομορφίας
3580 4273 3650 4324 ⁸³.

464 4367 817 4435 plicationem
846 4367 1239 4421 transeundum
1263 4374 1363 4423 est.

1966 4528 1994 4600 ἓ
2032 4524 2200 4587 VIII.

532 4710 611 4765 Ac
648 4710 822 4768 leonis
874 4715 1091 4783 quidem
1136 4716 1310 4771 forma
1355 4714 1637 4770 declarare
1675 4714 1909 4784 putanda
1951 4723 2033 4769 est
2067 4716 2075 4769 1

2206 4713 2315 4767 Καὶ
2345 4714 2442 4784 τὴν
2469 4714 2567 4786 μὲν
2606 4715 2815 4778 λέοντος
2842 4715 3053 4785 μορφὴν
3092 4712 3377 4782 ἐμφαίνειν
3416 4710 3635 4780 οἰητέον
3673 4712 3731 4763 rb

464 4800 571 4854 vim
618 4800 761 4856 illam
797 4804 1149 4875 principalem
1183 4822 1247 4860 ac
1276 4804 1553 4860 robustam
1593 4814 1756 4875 atque
1788 4804 2003 4859 indoma

2193 4807 2482 4877 (epowxbv,
2521 4809 2613 4861 καὶ
2656 4808 2955 4879 ῥωμαλέον,
3012 4808 3105 4860 καὶ
3144 4805 3475 4875 ἀδάμαστον,
3512 4802 3611 4856 καὶ
3668 4805 3736 4855 τὸ

463 4892 651 4959 bilem,
681 4908 785 4963 qua
826 4895 915 4948 isti
956 4896 1322 4953 occultissimo
1350 4895 1641 4952 ineffabilis
1683 4896 1851 4951 divini
1883 4896 2001 4965 prin

2187 4897 2274 4966 ρὸς
2297 4897 2394 4967 τὴν
2427 4899 2762 4969 κρυφιὸτητα
2796 4900 2896 4969 τῆς
2923 4897 3261 4968 ἁφθέγμονος
3299 4895 3581 4966 θεαρχίας,
3621 4894 3727 4965 ὅση

462 4988 673 5054 eipatus
703 4999 903 5040 arcano
942 5001 1040 5054 pro
1070 4986 1214 5042 virili
1245 4988 1454 5044 similes
1489 4990 1726 5045 evadere
1756 4988 2005 5053 nituntur

2188 4984 2383 5055 ivapug,
2414 4986 2811 5057 ἀφομοιωτικὸν
2834 4991 2899 5059 τῇ
2928 4988 3035 5041 τῶν
3063 4984 3263 5055 νοερῶν
3302 4983 3465 5053 ἰχνῶν
3495 5000 3731 5053 περικα-

465 5075 788 5145 spiritalium
808 5077 1160 5145 vestigiorum
1180 5081 1530 5149 coopertione
1548 5080 1879 5150 mysticeque
1901 5095 2008 5147 sup

2183 5075 2313 5144 Ξψει,
2350 5079 2443 5130 καὶ
2477 5081 2545 5149 τῇ
2573 5078 2847 5149 μυστικῶς
2878 5076 3312 5149 ἀνεκπομπεύτῳ
3342 5077 3387 5107 ⁸⁸
3427 5077 3726 5145 περιστολῇ

463 5178 651 5234 presso
690 5178 998 5220 commeatu
1032 5166 1156 5229 vite,
1196 5183 1315 5235 quae
1355 5169 1419 5221 ad
1458 5170 1629 5237 ipsum
1660 5182 1758 5237 per
1793 5167 2006 5221 divinari

2187 5169 2233 5237 ἧς
2274 5168 2413 5221 κατά
2442 5168 2590 5222 θείαν
2631 5169 2890 5241 ἔλλαμψιν
2934 5171 3019 5222 ἐπ’
3044 5170 3213 5239 αὐτὴν
3264 5169 3599 5238 ἀνατατικῆς
3626 5185 3730 5221 πο-

465 5259 884 5313 illustrationem
915 5258 1204 5313 inducebat
1228 5272 1275 5311 ι.

767 5273 884 5311 nem
915 5258 1204 5313 inducebat
1228 5272 1275 5311 ι.
2142 5260 2310 5329 ρείας.

540 5424 567 5455 ἰ
593 5417 748 5472 Joan.
776 5431 868 5480 ιιι,
894 5414 949 5469 8.
1024 5424 1048 5450 ν
1074 5413 1241 5481 Apoc.
1272 5430 1326 5467 χ.
1405 5429 1430 5454 ι
1461 5419 1627 5483 Apoc.
1661 5430 1730 5470 ιν.
1760 5462 1767 5465 ,

1726 5592 1957 5648 VARle
2000 5592 2379 5648 LECTIONES
2399 5631 2415 5647 .

543 5709 767 5775 ⁸³φωτὸς
818 5705 1499 5779 ὑπερπληρουμένουςπΜ.
1596 5707 1641 5739 ⁸⁵
1671 5708 2064 5779 φωτοφάνειαν,
2098 5709 2160 5760 D.
2235 5708 2281 5739 “
2313 5709 2758 5779 ἀποδεδομένους,
2806 5711 2906 5766 Ch.
2985 5713 3029 5744 ⁸⁷
3059 5713 3405 5776 τυπωτικῶν,
3444 5712 3501 5768 S.
3536 5710 3602 5767 Ρ.
3654 5714 3720 5767 D.

474 5779 595 5833 επ,
665 5780 709 5809 αδ
734 5793 823 5846 γρ,
848 5776 1257 5847 θηριομορφίας.
1336 5776 1379 5808 ⁸9
1402 5777 1831 5848 ἀνεκπορεύτως,
1872 5778 1938 5830 Μ.
1969 5779 2024 5833 S.
2056 5788 2361 5833 correctum
2395 5776 2569 5835 tamen
2604 5783 2656 5835 in
2682 5784 2783 5839 hoc
2808 5798 2904 5835 τωο
