3908 6232
202 302 312 357 337
1206 296 1293 351 DE
1325 294 1648 352 C(ELESTI
1682 293 2129 353 HIERARCHIA.
2167 292 2321 348 CAP.
2358 292 2478 349 XV.

279 412 393 481 Τὴν
425 412 482 465 δὲ
508 412 601 465 τοῦ
628 412 770 482 βοὸς,
799 412 859 465 τὸ
887 412 1127 481 ίσχυρὸν,
1150 412 1242 463 καὶ
1270 411 1525 481 ἀκμαῖον,
1553 412 1647 462 καὶ
1666 410 1794 473 τούς
1823 418 1867 475 Α

204 503 432 575 νοερούς
479 502 524 533 ⁸ο
572 502 816 565 αὔλακας
869 500 1160 572 ἀνευρύνον
1213 502 1293 563 εἰς
1360 500 1625 569 ὑποδοχὴν
1685 498 1792 551 τῶν

202 593 477 663 οὐρανίων
518 593 612 647 καὶ
643 590 1008 662 γονιμοποιῶν
1057 590 1298 661 ὄμϐρων,
1335 591 1428 642 καὶ
1453 590 1522 642 τὰ
1566 590 1791 661 κέρατα,

204 684 269 735 τὸ
295 681 664 754 φρουρητικδν
698 683 793 733 καὶ
816 681 1148 752 ἀκράτητον.

280 774 397 844 Τὴν
421 773 477 825 δὲ
498 771 593 824 τοῦ
627 771 809 836 ἀετοῦ,
864 771 925 825 τὸ
972 770 1267 840 βασιλικὸν,
1310 774 1404 825 καὶ
1432 771 1693 842 ὐψίφορον
1728 773 1795 835 ⁸³,

206 865 305 917 καὶ
329 865 659 934 ταχυπετὲς,
709 866 805 917 καὶ
847 864 908 915 τὸ
940 865 1077 935 πρὸς
1129 865 1228 933 τὴν
1281 864 1641 933 δυναμοποιὸν
1673 880 1798 935 τρο-

207 956 317 1027 φὴν
367 954 485 1020 όξύ,
523 958 616 1009 καὶ
647 955 842 1025 νῆφον,
867 955 961 1007 καὶ
992 954 1263 1025 ὲντρεχὲς,
1321 955 1415 1007 καὶ
1470 956 1795 1024 εὐμήχανον,

208 1052 303 1102 καὶ
339 1050 402 1101 τὸ
428 1049 564 1119 πρὸς
595 1048 695 1118 τὴν
728 1047 959 1117 ἄφθονον
993 1048 1085 1098 καί⁹
1111 1045 1426 1115 πολύφωτον
1464 1046 1661 1100 ἀκτῖνα
1696 1046 1798 1116 τῆς

208 1141 515 1211 θεαρχικῆς
565 1139 891 1211 ήλιοδολίας,
946 1140 1002 1191 ἐν
1034 1141 1156 1201 ταῖς
1210 1137 1318 1189 τῶν
1351 1135 1591 1189 ὀπτικῶν
1638 1136 1800 1189 δυνά-

3370 295 3471 352 358

1970 414 2020 451 ι’
2046 410 2212 465 Porro
2262 410 2348 463 illa
2384 409 2536 464 bovis
2565 408 2739 463 forma
2779 421 2965 461 earum
2991 409 3156 465 robur
3192 409 3370 479 signat
3412 426 3474 465 ac

1898 502 2173 571 vigorem,
2212 502 2373 571 idque
2420 516 2530 571 quo
2577 499 2854 570 spiritales
2890 498 3068 555 sulcos
3113 501 3364 555 scindunt
3411 516 3475 555 ac

1900 595 2129 650 dilatant
2153 593 2468 649 cmlestibus
2494 592 2857 662 fecundisque
2882 591 3149 646 imbribus
3174 590 3474 660 suscipien-

1900 685 2015 740 dis:
2046 699 2249 739 cornua
2293 699 2458 750 vero,
2493 685 2846 739 servatricem
2888 682 3257 753 invictamque
3291 684 3397 736 vim
3422 690 3475 735 γ.

1974 776 2129 846 133
2160 776 2227 829 At
2272 776 2465 846 aquilae
2493 776 2662 846 ﬁgura
2696 777 2896 846 regiam
2929 776 3270 845 dignitatem,
3315 783 3478 843 atque

1903 882 2100 936 supera
2124 875 2394 935 petentem
2420 866 2765 935 celeremque
2794 866 3033 921 volatum
3058 875 3106 931 ι,
3125 874 3180 920 et
3209 865 3273 919 ad
3298 866 3477 921 cibum

1902 959 1994 1028 qui
2028 959 2173 1013 vires
2205 957 2440 1022 reﬁciat,
2481 957 2804 1026 capiendum
2847 971 2970 1011 cum
3010 957 3330 1026 agilitatem,
3364 964 3477 1009 tum

1903 1067 2143 1117 cursum,
2198 1060 2310 1105 tum
2361 1049 2719 1115 facilitatem,
2769 1059 2882 1104 tum
2935 1051 3195 1104 virtutum
3242 1050 3481 1104 robustis

1903 1140 2119 1195 videndi
2152 1139 2470 1195 facultatum
2507 1141 2922 1206 intentionibus,
2950 1141 3121 1196 libere
3162 1142 3476 1210 directeque

213 1247 364 1300 μεων
390 1229 686 1301 εὐρώστοις
710 1230 1033 1282 ἁνατάσεσιν
1071 1228 1478 1299 ἀνεμποδίστως
1525 1227 1645 1280 κατ’
1673 1227 1801 1280 εὐθύ

210 1323 305 1375 καί
329 1320 568 1383 ἀκλινῶς
600 1320 953 1391 θεωρητικόν.

284 1413 405 1483 Τὴν
429 1413 488 1466 δὲ
516 1412 623 1465 τῶν
647 1413 854 1476 ῐππων,
882 1411 944 1464 τὸ
984 1410 1255 1475 εὐπειθὲς,
1291 1413 1385 1463 καὶ
1427 1411 1640 1482 εὐήνιον
1660 1428 1672 1441 ’
1712 1412 1805 1464 καὶ¹

210 1505 424 1557 λευκῶν
481 1504 581 1575 μὲν
638 1503 829 1570 ὄντων,
876 1504 939 1555 τὸ
989 1502 1258 1573 λαμπρὸν,
1316 1504 1410 1555 καὶ
1450 1503 1525 1566 ὼς
1575 1502 1807 1573 μάλιστα

209 1597 305 1649 τοῦ
339 1597 492 1649 θείου
528 1597 702 1666 φωτὸς
728 1596 985 1663 συγγενές
1003 1613 1015 1625 ·
1052 1595 1268 1649 κυανῶν
1293 1597 1350 1648 δὲ
1374 1596 1562 1660 ὄντων,
1596 1596 1658 1649 τὸ
1684 1596 1809 1666 κρύ-

1926 1606 2094 1664 Itpote
2126 1598 2310 1651 divino
2362 1600 2766 1667 quammaxime
2795 1597 2985 1651 lumini
3023 1606 3344 1665 cognatam;
3375 1613 3482 1651 cae-

214 1708 372 1759 ςιονυ
424 1689 673 1761 ὲρυθρῶν
728 1689 817 1751 δὲ,
876 1689 940 1741 τὸ
994 1688 1243 1760 πυρῶδες
1304 1688 1398 1740 καὶ
1444 1688 1805 1759 δραστήριονο

1926 1689 2186 1744 ruleornm
2231 1704 2381 1755 vero,
2422 1702 2694 1745 secretum
2744 1689 2876 1742 illud
2916 1689 3193 1755 abditum;
3241 1688 3483 1744 ruforum

214 1759 574 1853 συμμίκτων
603 1780 659 1832 δὲ
733 1781 869 1850 πρὸς
921 1759 1118 1832 λευκοῦ
1169 1780 1212 1810 ⁶²
1260 1780 1355 1831 καὶ
1422 1776 1682 1847 μέλανος,
1748 1776 1810 1829 τὸ

1926 1792 2060 1842 vero,
2096 1779 2313 1848 igneum
2361 1780 2600 1849 vigorem
2632 1788 2687 1834 et
2719 1778 3132 1845 eﬂicacitatem;
3167 1778 3289 1834 albo
3332 1781 3483 1835 deni-

210 1879 279 1945 τῇ
342 1872 821 1944 διαπορθμευτικῇ
890 1871 1118 1941 δυνάμει
1170 1870 1280 1922 τῶν
1327 1869 1511 1938 ἄκρων
1569 1866 1809 1920 συνδετι-

1926 1886 2016 1940 ιυθ
2046 1870 2307 1939 nigroque
2354 1871 2465 1939 pilo
2507 1886 2853 1939 aspersorum
2896 1870 3131 1940 species,
3185 1872 3295 1924 vim
3335 1871 3483 1929 illam

215 1966 346 2027 κον,
405 1964 503 2016 καὶ
547 1962 617 2015 τά
672 1961 867 2033 πρῶτα
927 1963 1040 2024 τοῖς
1083 1959 1358 2032 δευτέροις
1420 1959 1515 2011 καὶ
1561 1957 1631 2012 τά
1690 1956 1810 2010 δεύ-

1926 1964 2173 2027 ienotat,
2222 1978 2328 2032 qua
2388 1964 2610 2019 traduce
2658 1974 2908 2018 extrema
2961 1972 3384 2028 connecmntur,
3433 1976 3488 2017 et

214 2075 354 2127 τερα
380 2059 495 2119 τοῖς
518 2052 778 2127 πρώτοις,
836 2052 1275 2125 ὲπιστρεπτικῶς
1310 2052 1354 2083 ⁸³
1377 2050 1410 2122 ἢ
1438 2049 1810 2122 προνοητικῶς

1926 2054 2084 2122 prima
2119 2054 2402 2119 secundis,
2438 2069 2504 2107 ac
2528 2054 2764 2108 secunda
2796 2052 2991 2122 primis
3025 2052 3332 2107 convcrsim
3361 2068 3486 2121 pro-

218 2148 519 2201 συνάπτον.

1926 2144 2142 2215 videque
2170 2146 2598 2215 coniunguntur.

302 2240 445 2293 Ἀλλ’
469 2242 519 2293 εί
558 2240 633 2312 μὴ
660 2241 761 2311 τῆς
788 2237 882 2291 τοῦ
911 2239 1072 2307 λόγου
1120 2234 1633 2308 κατεστοχαζόμεθα
1674 2252 1810 2305 συμ-

1986 2236 2190 2296 Verum
2232 2241 2336 2295 nisi
2378 2239 2646 2295 sermonis
2679 2238 2898 2293 modum
2945 2252 3337 2307 quaereremus,
3371 2236 3487 2292 sin-

221 2335 478 2405 μετρίας,
508 2335 602 2386 καὶ
634 2332 735 2396 τὰς
768 2331 911 2385 κατά
970 2332 1137 2403 μέρος
1157 2331 1266 2383 τῶν
1315 2329 1621 2401 εἰρημένων
1658 2326 1810 2392 ζώων

1926 2333 2069 2405 gulas
2094 2333 2259 2386 etiam
2303 2332 2621 2386 animalium
2663 2332 3058 2386 recensitorum
3101 2329 3486 2400 proprietates,

222 2428 515 2497 ἰδιότητας,
545 2426 639 2478 καὶ
667 2426 848 2488 πάσας
871 2424 971 2488 τάς
997 2421 1315 2493 σωματικὰς
1362 2420 1542 2475 αὐτῶν
1585 2418 1810 2472 διαπλά-

1926 2438 2213 2492 amnesque
2251 2438 2550 2492 corporeas
2579 2438 2769 2478 eorum
2799 2421 3231 2486 et‘l‘ormationes,
3270 2435 3375 2474 non
3406 2418 3488 2472 in-

218 2538 357 2582 σεις,
386 2518 784 2589 ὲφηρμόσαμεν
811 2516 876 2570 ἂν
909 2515 1011 2568 οὐκ
1043 2514 1349 2577 ἀπεικότως
1382 2516 1501 2576 ταῖς
1536 2512 1810 2583 οὐρανίαις

1926 2528 2151 2584 congrue
2181 2514 2497 2570 ccelestibus
2522 2514 2813 2569 virtutibus
2842 2528 2938 2583 per
2971 2511 3263 2567 dissimiles
3299 2511 3462 2565 simili

217 2612 508 2681 δυνάμεσι,
535 2608 676 2662 κατά
698 2608 795 2671 τάς
819 2608 1105 2677 ἀνομοίους
1130 2605 1473 2677 ὁμοιότητας.
1502 2604 1576 2657 Τὸ
1602 2604 1699 2675 μὲν
1723 2603 1810 2656 θυ-

1926 2605 2133 2659 ludines
2190 2606 2750 2659 accommodaremus.
2807 2603 3091 2672 Siquidem
3144 2604 3252 2657 vim
3303 2618 3489 2656 eorum

223 2704 437 2774 μοειδὲς
472 2701 673 2765 αὐτῶν,
712 2702 792 2764 εἰς
845 2702 946 2771 τὴν
998 2697 1192 2769 νοεράν
1246 2697 1491 2769 ἀνδρίαν,
1538 2691 1607 2766 ἧς
1668 2697 1810 2747 ἐστιν

1926 2695 2241 2750 irascibilem
2288 2696 2356 2750 ad
2401 2696 2703 2766 spiritalem
2757 2696 3165 2759 fortitudinem,
3209 2694 3366 2764 cujus
3414 2694 3490 2746 ira

218 2798 506 2867 ἔσχατονό
552 2794 723 2865 θυμὸς
774 2795 1076 2864 ἀπήχημα·
1126 2790 1226 2862 τὴν
1280 2790 1336 2844 δὲ
1370 2785 1436 2843 αὖ
1495 2788 1810 2859 ἐπιθυμίαν,

1926 2785 2269 2841 novissimum
2328 2789 2617 2858 vestigium
2699 2786 2935 2852 existit;
2993 2784 3491 2856 concupiscentiam

220 2892 303 2952 είς
336 2889 429 2941 τὸν
464 2888 604 2940 θεῖον
630 2886 838 2959 ἔρωτα·
901 2886 994 2937 καὶ
1058 2882 1359 2953 συλλήϐδην
1405 2882 1598 2944 εἰπεῖν,
1636 2872 1810 2944 πάσας

1926 2890 2069 2942 vero,
2105 2876 2173 2931 ad
2211 2892 2454 2931 amorem
2484 2879 2764 2944 divinum;
2798 2892 2862 2932 ac
2893 2879 3207 2933 summatim
3240 2877 3492 2941 dicendo,

218 2982 323 3044 τὰς
358 2981 470 3033 τῶν
502 2981 711 3048 ἀλόγων
736 2978 889 3043 ζώων
915 2976 1197 3047 αἰσθήσεις
1230 2992 1287 3028 τε
1324 2976 1416 3028 καὶ
1450 2974 1810 3045 πολυμερείας

1926 2982 2111 3023 Sensus
2168 2966 2451 3023 brutorum
2512 2970 2871 3023 animantium
2922 2984 3135 3030 omnes,
3193 2979 3484 3037 partesque

220 3080 304 3140 είς
332 3074 432 3137 τὰς
457 3074 651 3136 ἀύλους
698 3070 807 3124 τῶν
862 3069 1128 3141 οὐρανίων
1178 3067 1375 3120 οὐσιῶν
1436 3068 1669 3139 νοήσεις,
1719 3066 1810 3120 καὶ

1926 3059 2264 3129 multiplices,
2287 3060 2353 3113 ad
2378 3059 2764 3116 immateriales
2789 3062 3100 3117 ccclestium
3130 3060 3489 3115 essentiarunt

1905 1241 2068 1303 atque
2097 1233 2349 1289 irretorte
2375 1234 2637 1290 obtuendi
2671 1235 2949 1289 uberrimo
2980 1236 3055 1289 uti
3087 1235 3475 1305 luculentoquc

1908 1326 2077 1391 radio,
2103 1341 2263 1394 quem
2294 1324 2375 1380 sol
2403 1325 2621 1380 divinus
2650 1325 2866 1380 evibrat
2895 1339 2946 1378 ι.

1978 1414 2251 1483 Equorum
2284 1424 2465 1471 autem
2492 1416 2701 1484 species
2734 1415 3103 1471 obedientiam
3136 1414 3384 1484 designat
3427 1427 3482 1468 et

1908 1504 2261 1572 facilitatem;
2293 1519 2357 1559 ac
2392 1506 2749 1560 candidorum
2780 1504 3027 1575 quidem,
3068 1506 3479 1575 ingenuitatem,

1841 3118 1886 3176 C

222 3166 478 3228 ὲνοειδεῖς
511 3164 765 3233 δυνάμεις
819 3161 1131 3229 ἀνάγοντες.
1183 3158 1366 3229 ’Δρκεῖ
1421 3157 1479 3209 δὲ
1524 3158 1636 3219 τοῖς
1687 3155 1810 3225 ὲχέ-

223 3274 423 3330 φροσιν
448 3258 507 3308 οὐ
541 3254 715 3307 ταῦτα
746 3252 927 3324 μόνον,
957 3250 1093 3304 ἀλλά
1139 3250 1233 3301 καὶ
1290 3249 1416 3318 μιᾶς
1437 3244 1815 3317 ἀπεμφαινού-

225 3368 327 3420 σης
352 3349 558 3410 εἰκόνος
582 3346 973 3417 ἀνακάθαρσις,
1009 3344 1090 3407 είς
1120 3342 1220 3413 τὴν
1252 3340 1359 3393 τῶν
1410 3338 1814 3411 παραπλησίων

223 3442 583 3513 ὁμοιότροπον
608 3438 954 3509 διασάφησιν.

1919 3148 2302 3219 intelligentias
2330 3158 2491 3217 atque
2523 3150 2824 3205 uniformes
2870 3152 3101 3207 virtutes
3142 3151 3489 3205 referremus.

1927 3238 2122 3293 Verum
2161 3238 2439 3295 enimvero
2480 3239 2837 3307 prudentibus
2868 3257 2974 3297 non
3000 3242 3099 3297 ista
3134 3250 3364 3307 tantum,
3398 3242 3493 3295 sed

1919 3334 2003 3388 vel
2032 3334 2193 3388 unius
2224 3331 2474 3401 imaginis
2506 3335 2759 3388 obscurae
2783 3336 3009 3407 mystica
3040 3334 3337 3389 declaratio
3359 3335 3493 3388 satis

1920 3436 2023 3491 est,
2050 3425 2118 3479 ad
2154 3439 2344 3479 eorum
2391 3438 2513 3494 qua:
2542 3425 2787 3494 ejusdem
2820 3428 3035 3497 generis
3065 3424 3489 3499 suntexplana-

1922 3520 2145 3573 tionem.

1774 3678 1801 3751 θ
1839 3674 1957 3736 Ix.

306 3830 705 3886 Ἑπισκεπτὲον
738 3829 794 3882 δὲ
828 3827 1014 3880 καὶτὸ
1059 3822 1335 3894 ποταμοὺς
1383 3820 1656 3892 εἰρῆσθαι,
1717 3823 1810 3874 καί⁵

220 3929 576 4003 τροχοὺς,καὶ
589 3926 659 3998 ἀρ
667 3942 811 3996 ματα
825 3921 1145 3995 συνημμένα
1157 3922 1277 3982 ταῖς
1289 3916 1568 3989 οὐρανίαις
1579 3915 1807 3976 οὐσίαις.

223 4027 289 4077 Ui
330 4022 430 4092 μὲν
454 4020 561 4092 γὰρ
593 4017 853 4088 ὲμπύριοι
875 4013 1111 4082 ποταμοὶ
1154 4012 1481 4081 σημαίνουσι
1504 4009 1628 4071 τοὺς
1653 4007 1814 4077 θεαρ-

225 4116 419 4187 χικούς
466 4112 709 4181 ὀχετοὺς,
767 4108 998 4177 ἄφθονον
1056 4104 1245 4166 αὐταῖς
1303 4103 1398 4156 καὶ
1462 4100 1811 4155 ἀνέκλειπτον

224 4207 519 4276 ἐπίρροιαν
575 4201 979 4273 χορηγοῦντας,
1029 4198 1123 4249 καὶ
1176 4192 1439 4259 ζωοποιοῦ
1488 4190 1813 4263 θρεπτικοίκ

224 4296 582 4365 γονιμότητος
602 4311 614 4322 ·
646 4294 715 4344 τὰ
737 4292 793 4343 δὲ
818 4291 1058 4361 ἅρματα,
1081 4287 1179 4355 τὴν
1208 4282 1528 4352 συζευτικὴν
1555 4280 1663 4333 τῶν
1694 4282 1819 4350 ὀμο-

226 4387 413 4453 ταγῶν
457 4385 503 4413 “
552 4381 867 4435 κοινωνίαν·
916 4379 965 4431 οἱ
1023 4377 1082 4431 δὲ
1130 4375 1335 4445 τροχοὶ,
1392 4371 1664 4443 πτερωτοὶ
1716 4369 1814 4440 μὲν

1994 3801 2462 3858 Considerandum
2508 3803 2671 3859 modo
2711 3801 2843 3871 quid
2885 3800 2991 3857 sibi
3025 3800 3197 3855 velint
3247 3800 3491 3877 ﬂumina,

1924 3904 2056 3950 rota:
2103 3909 2166 3951 ac
2214 3910 2431 3963 currus,
2462 3911 2583 3966 quae
2608 3894 2920 3951 cmlestibus
2950 3895 3199 3949 essentiis
3241 3892 3493 3960 adjuncta

1922 3987 2307 4056 perhibentur.
2332 3988 2410 4042 Ac
2436 3987 2661 4042 ﬂumina
2690 3988 2910 4056 quidem
2945 3988 3101 4058 ignea
3129 3986 3343 4041 divinos
3374 3986 3491 4041 illos

1921 4078 2114 4134 latices
2157 4079 2494 4148 signiﬁcant,
2537 4078 2902 4149 largissimam
2941 4079 3049 4134 illis
3094 4092 3158 4133 ac
3199 4093 3490 4147 perennem

1923 4168 2294 4224 inundationis
2340 4171 2551 4240 copiam
2589 4170 3024 4240 suppeditantes,
3072 4169 3361 4238 vitalisque
3407 4168 3489 4221 fe-

1924 4261 2218 4317 cunditatis
2265 4261 2500 4327 ultores;
2548 4276 2744 4315 currus
2785 4269 2966 4314 autem
2994 4299 3010 4323 ,
3062 4258 3493 4315 confmderatam

1922 4353 2210 4423 aequalium
2242 4354 2595 4417 societatem;
2632 4362 2767 4407 rota:
2792 4366 2919 4404 vero
2948 4350 3125 4417 alatae,
3156 4363 3213 4406 et
3241 4351 3308 4404 ad
3342 4358 3494 4403 ante-

224 4441 405 4540 δνὲες,
431 4475 603 4527 suis:
627 4473 697 4525 τὰ
732 4471 967 4543 πρόσθεν
1004 4469 1047 4500 σε
1081 4441 1511 4537 ἀνεπιστρόφωςν
1538 4463 1633 4516 καὶ
1659 4462 1810 4515 ἀκλι-

1926 4447 2070 4500 riora
2112 4448 2448 4502 irremeabili
2490 4457 2655 4517 atque
2702 4444 2959 4500 irreﬂexo
3002 4454 3153 4498 motu
3188 4441 3490 4503 tendentes,

224 4576 336 4637 νὼς
365 4572 743 4643 πορευόμενοι,
774 4568 874 4637 τὴν
923 4565 1043 4619 κατ’
1066 4563 1279 4616 εὐθεῖαν
1328 4562 1423 4613 καὶ
1462 4558 1643 4630 όρθιον
1672 4556 1809 4621 ὁδὸν,

221 4666 326 4735 τῆς
371 4660 700 4734 πορευτικῆς
748 4658 927 4711 αὐτῶν
980 4654 1259 4726 ἐνεργείας
1303 4653 1549 4722 δύναμιν,
1605 4650 1696 4702 ἐπὶ
1722 4649 1813 4700 τὸν

225 4758 393 4810 αὐτὸν
416 4754 611 4825 ἀκλινῆ
660 4753 755 4806 κα)⁵
801 4750 1051 4821 ἰθύτομον
1084 4743 1235 4818 οἷμον
1267 4744 1485 4814 ἀπάσης
1512 4740 1688 4794 αὐτῶν
1714 4740 1814 4809 τῆς

226 4851 425 4920 νοερᾶς
468 4847 691 4919 τροχιᾶς
716 4842 1102 4914 ὐπερκοσμίως
1142 4837 1485 4907 ίθυνομὲνης.

303 4944 466 4995 Ἔστι
511 4941 568 4993 δὲ
622 4940 713 4991 καὶ
760 4939 882 4991 κατ’
920 4934 1085 5006 ἄλλην
1135 4931 1424 5001 ἀναγωγὴν
1472 4926 1818 4996 ἀνακαθᾶραι

224 5039 328 5106 τὴν
390 5034 500 5088 τῶν
540 5032 741 5103 νοερῶν
785 5027 994 5099 τροχῶν
1042 5022 1490 5095 εἰκονογραφίαν’
1541 5016 1816 5087 ἐπεκλήθη

225 5132 340 5199 γὰρ
387 5128 593 5188 αὐτοῖς,
638 5124 712 5187 ὥς
744 5121 955 5192 φησινὸ
983 5117 1252 5186 θεολόγος,
1294 5110 1525 5183 rutra
1551 5128 1562 5140 -
1619 5110 1818 5180 ἐμφαί-

227 5238 309 5273 νει
358 5220 417 5273 δὲ
470 5218 626 5271 τοῦτο
677 5215 818 5269 κατὰ
871 5213 1134 5285 ἑϐραῖκήν
1184 5209 1230 5241 ⁸⁸
1275 5207 1496 5276 φωνὴν,
1564 5200 1821 5255 ἁνακυλι-

307 5390 360 5426 ι·
387 5383 585 5439 Ezech.
613 5396 652 5435 I.
726 5390 754 5428 γ
790 5380 957 5448 Apoc.
985 5391 1037 5430 v.
1117 5385 1138 5411 ι
1169 5377 1338 5444 Apoc.
1367 5388 1444 5426 Iv.

1520 5382 1546 5409 ⁸
1580 5367 1777 5423 Ezeclt.
1810 5381 1855 5430 I;
1889 5363 2057 5432 Apoc.
2089 5373 2211 5413 VIII.

1923 4540 2030 4593 vim
2063 4538 2321 4609 angelica:
2353 4539 2650 4593 activitatis
2681 4547 2829 4592 recto
2861 4549 3076 4604 semper
3102 4533 3321 4586 tramite
3364 4545 3493 4599 pcr-

1921 4642 2165 4703 gentem,
2183 4648 2289 4701 qua
2314 4630 2580 4699 spiritalis
2604 4644 2793 4684 eorum
2821 4635 3033 4680 rotatus
3055 4626 3232 4679 omnis
3256 4621 3322 4675 ad
3351 4622 3493 4673 viam

1925 4727 2071 4779 illam
2122 4736 2324 4779 rectam
2361 4726 2695 4793 arduamque
2732 4718 3244 4790 supermundialiter
3303 4716 3491 4784 dirigi-

1926 4827 2033 4872 tur.

1994 4909 2147 4965 Licet
2196 4908 2359 4963 etiam
2408 4906 2517 4961 alio
2567 4920 2729 4961 sensu
2780 4901 3078 4973 anagogico
3130 4895 3493 4967 spiritualium

1928 5014 2167 5057 rotarum
2204 5002 2623 5071 descriptionem
2673 4994 3023 5064 interpretari
3055 5013 3067 5048 :
3101 5001 3187 5047 est
3214 4991 3362 5045 enim
3390 4988 3495 5048 eis,

1927 5107 1983 5152 ut
2013 5097 2271 5167 propheta
2304 5095 2403 5159 ait,
2451 5108 2647 5148 nomen
2690 5091 2920 5145 inditum
3011 5080 3189 5151 Gelgel
3263 5084 3315 5148 ιι,
3347 5078 3494 5150 quod

1927 5190 2195 5247 llebraico
2242 5200 2491 5241 sermone
2534 5186 2876 5240 revolutiones
2915 5176 3075 5249 135
3124 5168 3493 5225 revelationes-

2287 5354 2313 5393 ι)
2341 5348 2540 5405 EzeclI.
2566 5361 2624 5411 Χ,
2653 5343 2689 5396 2
2714 5352 2767 5396 et
2792 5339 2845 5392 6.

1510 5524 1742 5583 νΑῐιιΑε
1782 5516 2180 5577 LECTIONES.

345 5661 391 5693 “
413 5660 476 5715 [ι-
502 5659 554 5735 in
584 5670 781 5735 genere
806 5652 1082 5735 τεηιίιιῖηοέ
1104 5650 1202 5735 τᾲς
1228 5646 1438 5735 2:03:23;-
1592 5637 1963 5735 ὑφιέτῗξῗλννὲ
1988 5627 2413 5735 Ξ·.⁰οη⁰¹¹·.ῗ’ῗ;,
2472 5622 2664 5735 ἶζίἑῗῖ..
2696 5634 2772 5713 πθ

1764 5690 1774 5713 Α

1483 5692 1951 5785 ὁμοινοὲήῖεῶνίλι.
1996 5706 2086 5761 5:.
2137 5702 2193 5756 Β.
2272 5699 2317 5731 ⁸⁵
2342 5713 2431 5766 γρ.
2478 5692 2687 5763 πρόσω.

235 5796 383 5857 κατὰ
418 5802 515 5874 τὴν
528 5798 775 5867 Ἐὅραῖκ,
797 5796 839 5851 Ι)
852 5834 879 5887 .-

2776 5617 2837 5677 δς
2889 5605 3106 5677 λευκοί),
3146 5603 3222 5677 DL
3360 5597 3484 5677 gf"

2768 5666 2963 5735 θ’θ’καίγ
3017 5666 3134 5745 esp.
3189 5670 3249 5726 P.
3294 5666 3481 5728 s,.(:u.
