3874 6228
373 240 479 301 343

1501 236 1559 291 S.
1601 235 1902 292 DlONYSIl
1933 235 2396 292 AREOPAGIT/E

3511 234 3619 288 544

377 359 526 425 ipsas
553 372 673 426 qua:
699 365 936 426 praesunt
989 356 1132 421 aliis,
1161 356 1249 411 his
1288 355 1420 426 ipsis
1451 354 1650 410 iterum
1687 356 1740 409 in
1777 360 1950 410 sacris

2070 358 2138 418 Ιις
2165 356 2295 426 παρ’
2321 355 2497 408 αὐτῶν
2517 355 2729 418 ὲκείνας
2781 354 3202 427 ἰεραρχουμένας
3234 353 3512 422 ἐλέγομεν,
3534 351 3626 403 δν-

377 447 598 502 snbesse
624 447 950 514 diceremus,
1005 461 1136 503 vere
1185 461 1272 500 res
1316 443 1553 500 absurda
1606 455 1659 499 et
1714 444 1941 500 confusa

379 539 680 593 videretur.
712 539 806 592 Sin
842 549 1020 593 autem
1046 539 1217 593 sacris
1239 538 1358 591 illas
1381 550 1616 605 praeesse
1642 546 1697 589 et
1724 536 1947 589 subesse

378 629 631 694 dicimus,
664 638 973 684 nontamen
1005 631 1256 693 easdem,
1296 639 1350 683 et
1385 629 1599 690 iisdem,
1629 627 1724 682 sed
1749 642 1943 696 quam-

377 721 512 776 libet
536 735 721 776 earum
749 722 972 776 subesse
998 722 1212 790 quidem
1240 720 1536 786 prioribus,
1561 734 1946 800 praeesse‘vero

380 813 794 880 posterioribus,
834 813 976 867 haud
1010 814 1305 881 incongrue
1322 813 1444 882 quis
1477 813 1697 875 dixerit,
1733 811 1946 866 easdem

379 899 800 968 eﬂ‘ormatioues,
816 911 873 958 et
898 902 1085 970 primis
1106 911 1160 956 et
1204 903 1396 957 mediis
1410 912 1465 958 et
1487 903 1796 971 postremis,
1819 916 1946 972 pro-

378 992 495 1061 prie
523 992 684 1048 simul
717 1008 781 1047 ac
805 1009 931 1048 vere
960 993 1183 1048 omnino
1213 994 1608 1048 accommodari
1636 1009 1811 1064 posse.
1840 993 1949 1048 Hoc

380 1093 564 1138 autem
591 1095 817 1139 sanctus
857 1085 946 1138 hic
995 1086 1273 1154 proponit,
1319 1086 1446 1154 quia
1499 1085 1665 1140 verba
1708 1085 1949 1139 facturus

379 1183 462 1229 est
497 1175 564 1229 de
618 1175 922 1230 ctelestium
972 1176 1224 1230 ordinum
1277 1175 1716 1240 formationibus,
1749 1185 1804 1231 et
1840 1191 1946 1230 non

377 1263 496 1318 vult
543 1266 769 1334 proprio
797 1265 994 1334 cuique
1027 1266 1204 1320 ordini
1251 1265 1416 1319 aliam
1445 1276 1608 1334 atque
1657 1266 1818 1319 aliam
1845 1263 1951 1318 for-

382 1367 528 1408 mam
585 1352 871 1423 attingere.
924 1356 1018 1410 sed
1068 1369 1261 1411 omnes
1307 1354 1627 1424 simpliciter
1667 1353 1950 1417 omnibus,

380 1440 528 1493 sicut
555 1454 676 1494 sese
701 1441 864 1496 habet
904 1443 1052 1496 ratio
1078 1442 1342 1498 veritatis.
1366 1443 1574 1498 Asserit
1602 1444 1782 1512 itaque
1809 1445 1952 1512 quod

380 1530 444 1581 ad
474 1529 632 1600 137
658 1531 938 1586 anteriora
964 1533 1347 1598 extendantur,
1383 1549 1568 1588 verum
1590 1533 1911 1588 conversive
1935 1552 1949 1588 :

2050 464 2159 511 τως
2184 448 2381 500 ἀτοπία
2401 447 2462 500 τὸ
2515 449 2745 518 πρᾶγμα
2771 447 2944 500 ἐδόκει
2992 448 3084 500 καὶ
3137 446 3416 516 σύγχυσις.
3451 445 3517 503 El
3563 444 3629 496 δὲ

2056 539 2154 602 τὰς
2212 539 2382 602 αὐτάς
2450 541 2722 610 ἰεραρχεῖν
2791 542 2886 592 καὶ
2951 539 3316 611 ἰεραρχεῐσθαι
3366 538 3628 610 λέγομεν,

2052 629 2237 686 οὐκέτι
2269 630 2325 682 δὲ
2371 629 2481 681 τῶν
2527 630 2705 682 αὐτῶν
2753 632 2844 683 καί⁵
2906 631 3035 701 περὶ
3093 629 3201 682 τῶν
3244 630 3442 689 αὐτῶν,
3485 629 3634 683 ἀλλὰ

2051 721 2152 792 τὴν
2219 721 2453 791 ἑκάστην
2503 721 2866 793 ἱεραρχεῖσθαι
2920 722 3025 776 ὐπὸ
3072 721 3201 790 τῶν]
3231 719 3483 792 πρώτων,
3530 719 3636 773 καὶ

2053 813 2327 883 ἰεραρχεῖν
2350 813 2459 865 τῶν
2489 813 2772 885 δευτέρων,
2796 816 2896 868 οὐκ
2922 815 3221 877 ἀπεικότως
3248 815 3312 868 ἀν
3342 831 3426 876 τις
3451 813 3614 883 φαίη.

2047 903 2146 966 τὰς
2173 903 2340 965 αὐτάς
2363 905 2669 974 μορφώσεις
2697 906 2952 960 δύνασθαι
2984 906 3350 979 περιτίθεσθαι
3374 907 3467 960 καὶ
3493 910 3614 970 ταῖς

2056 994 2321 1068 πρώταις,
2346 997 2440 1050 καὶ
2467 1000 2586 1061 ταῖς
2611 1000 2882 1069 ἐσχάταις,
2931 1000 3145 1064 οἰκείως
3169 999 3343 1070 πάντη
3378 1001 3472 1052 καὶ
3502 999 3627 1069 ἁλη-

2053 1085 2238 1150 θινῶς.
2286 1087 2536 1141 Τοῦτοδέ
2579 1088 2932 1159 προστίθησιν
2978 1088 3210 1142 ἐνταῦθα
3237 1089 3266 1140 ὁ
3295 1089 3467 1155 ἅγιος,
3505 1086 3628 1140 ἐπεὶ

2057 1178 2242 1250 μέλλει
2291 1179 2470 1247 λέγειν
2512 1179 2772 1250 περὶτῶν
2833 1180 3165 1252 μορφώσεων
3207 1180 3316 1232 τῶν
3360 1178 3629 1250 οὐρανίων

2051 1271 2367 1341 ταγμάτων,
2403 1271 2494 1324 καὶ
2547 1271 2792 1342 βούλεται
2841 1273 2914 1344 μὴ
2971 1272 3076 1343 ἰδίᾳ
3137 1272 3352 1340 ἑκάστῳ
3386 1273 3629 1340 τάγματι

2053 1359 2222 1430 ἀλλην
2247 1361 2341 1413 καὶ
2366 1360 2532 1431 ἀλλην
2559 1361 2892 1433 περιτιθέναι
2941 1362 3243 1432 μόρφωσιν,
3280 1360 3416 1413 ἀλλά
3450 1363 3632 1422 πάσας

2053 1451 2241 1514 ἁπλῶς
2271 1455 2382 1515 τοϊς
2432 1455 2586 1518 πᾶσι,
2641 1452 2826 1518 καθὼς
2854 1453 2967 1524 ἔχει
3018 1454 3113 1507 καὶ
3153 1455 3183 1505 ὁ
3219 1453 3320 1522 τῆς
3371 1452 3635 1522 ἀληθείας

2059 1543 2234 1612 λόγος.
2276 1545 2790 1615 Προκατασκευάξει
2819 1546 2974 1615 γοῦν,
3020 1547 3103 1600 ὃτι
3156 1547 3249 1599 καὶ
3279 1546 3340 1598 τὸ
3386 1545 3527 1616 πρὸς
3572 1543 3637 1596 τὸ

382 1620 646 1688 siquidem
674 1621 742 1674 ad
772 1624 1050 1678 anleriora
1081 1637 1295 1693 quoque
1331 1624 1471 1694 ignis
1495 1627 1830 1689 extenditur,
1857 1625 1954 1679 sed

2070 1633 2288 1700 ἱναντες
2327 1635 2720 1700 ἀνατείνεσθαι,
2768 1637 2910 1709 πλὴν
2967 1635 3438 1708 ἐπιστρεπτικῶς·
3499 1637 3641 1688 ἀνας

383 1710 542 1765 ιιιοιιο
570 1711 870 1767 irrationali
922 1729 986 1768 ac
1034 1715 1292 1778 naturali,
1321 1715 1523 1770 nullam
1583 1715 1788 1771 habens
1818 1731 1954 1771 eon-

2070 1725 2290 1780 ιείνεται
2319 1727 2430 1799 γὰρ
2483 1727 2622 1799 πρὸς
2645 1729 2707 1781 τὸ
2738 1705 2964 1792 ἄναντες
2993 1731 3086 1786 καὶ
3129 1705 3260 1800 πῦρ,
3285 1728 3398 1781 ἀλλ’
3423 1727 3642 1795 ἀλόγως

384 1803 684 1857 versionem
736 1820 800 1860 ac
846 1805 1180 1862 libertatem.
1221 1807 1315 1863 Illa
1360 1809 1528 1878 igitur
1557 1809 1623 1864 ad
1673 1809 1953 1865 anteriora

382 1895 656 1961 extensio,
682 1905 736 1952 et
760 1898 966 1952 circum
997 1899 1321 1968 semetipsos
1345 1912 1610 1956 conStans
1661 1901 1950 1962 volutatio.

384 1986 758 2056 virtutumque
793 1989 1039 2044 custodia
1094 1990 1442 2060 propriarum
1487 1992 1612 2056 (etsi
1666 1992 1811 2046 enim
1859 2008 1956 2062 ap-

385 2085 576 2143 petant
605 2078 911 2147 superiora,
941 2095 1046 2134 non
1077 2088 1257 2136 tamen
1300 2082 1352 2136 id
1395 2080 1601 2138 faciunt
1646 2099 1711 2137 ac
1741 2084 1784 2137 si
1848 2084 1959 2136 vir-

388 2178 566 2224 tutum
628 2181 939 2242 contemptu
1019 2174 1362 2244 propriarum
1443 2175 1547 2230 alia
1608 2185 1954 2245 quaererent;

387 2262 516 2328 quin
562 2263 742 2331 p0tius
812 2263 915 2319 hoc
971 2264 1090 2334 ipso
1161 2266 1336 2336 magis
1406 2267 1654 2335 proprias
1727 2267 1958 2323 virtutes

390 2359 596 2415 ainant,
632 2368 739 2422 quo
761 2353 901 2409 alias
927 2356 1242 2427 appetunt);
1276 2357 1437 2412 tertio
1467 2358 1702 2427 denique
1730 2358 1958 2412 inferin-

388 2442 542 2498 ribus
569 2456 629 2498 se
658 2447 1125 2513 communicandi,
1153 2459 1208 2503 et
1264 2449 1331 2503 ad
1378 2450 1598 2505 eosdem
1633 2451 1958 2518 procedendi

388 2535 584 2598 virtus,
633 2536 953 2593 caelestibus
1006 2553 1224 2609 quoque
1272 2541 1530 2596 omnibus
1585 2541 1961 2613 intelligentiis

389 2625 671 2692 competit,
719 2625 848 2680 licet
897 2627 1021 2680 aliis
1080 2629 1298 2696 quidem
1355 2630 1674 2695 universim,
1709 2642 1771 2686 ut
1817 2647 1957 2700 saepe

390 2715 593 2770 dictum
629 2727 730 2780 est.
767 2717 893 2773 allis
928 2733 1056 2775 vero
1083 2734 1151 2775 ex
1182 2732 1355 2790 parte.
1434 2782 1440 2787 ,

465 2807 588 2881 511.
641 2809 776 2865 Cum
826 2811 1006 2880 itaque
1048 2814 1384 2882 propositum
1448 2815 1606 2870 nobis
1639 2817 1707 2870 sit
1763 2819 1962 2886 ﬁguras

392 2917 718 2972 expurgare,
779 2902 830 2957 id
882 2913 968 2960 est
1028 2903 1432 2960 eﬂ'ormationes
1499 2915 1554 2961 et
1604 2908 1868 2978 imagines
1897 2910 1964 2967 ad

2059 1817 2151 1870 καὶ
2185 1819 2448 1888 φυσικῶς,
2510 1821 2777 1891 μηδεμίαν
2819 1819 2942 1891 ἔχον
2989 1821 3322 1892 ἐπιστροφὴν
3355 1819 3452 1877 καὶ
3501 1835 3645 1889 προ-

2059 1909 2292 1980 αἰρεσιν.
2338 1908 2412 1961 Τὸ
2471 1907 2604 1976 γοῦν
2669 1909 2808 1979 πρὸς
2854 1909 2933 1975 τὸ⁴
2959 1909 3185 1972 ἄναντες
3236 1907 3643 1968 ἀνατείνεσθαι,

2058 1999 2152 2052 καὶ
2199 1998 2261 2050 τὸ
2315 1999 2444 2065 περὶ
2504 1998 2704 2062 ἐαυτάς
2749 1999 3009 2070 ἀρῤεπῶς
3066 1997 3484 2069 συστρέφεσθαι,
3543 1999 3646 2049 καὶ

2059 2090 2317 2159 φρουρεῖν
2368 2087 2468 2150 τὰς
2528 2088 2734 2150 οἰκείας
2795 2088 3054 2158 δυνάμεις
3098 2088 3168 2158 (εἰ
3218 2087 3326 2159 γὰρ
3388 2089 3481 2141 καὶ
3527 2087 3648 2141 τῶν

2061 2183 2380 2253 ὑπερτάτων
2416 2181 2676 2250 ἐφίενται,
2702 2181 2817 2234 ἀλλ’
2837 2177 2929 2235 οῦν
2957 2181 3056 2251 οὐχ
3089 2182 3166 2245 ὡς
3198 2180 3642 2252 καταφρονοῦσαι

2059 2272 2166 2325 τῶν
2196 2273 2411 2325 οἰκείων
2451 2272 2752 2342 δυνάμεων,
2787 2272 3133 2343 ἐπιζητοῦσιν
3186 2273 3366 2344 ἔτερα,
3408 2273 3474 2325 δι’
3501 2273 3642 2325 αὐτὸ

2065 2367 2163 2435 μὲν
2207 2361 2300 2418 οὖν
2330 2363 2527 2435 μᾶλλον
2548 2364 2706 2417 τοῦτο
2737 2365 2799 2417 τὸ
2822 2363 3178 2435 ἀγαπητικῶς
3199 2363 3342 2434 ἔχειν
3375 2364 3514 2434 πρὸς
3535 2363 3642 2426 τάς

2061 2459 2265 2518 οἰκείας
2289 2457 2566 2525 δυνάμεις,
2617 2456 2713 2508 καὶ
2743 2455 2949 2525 ἐτέρων
2992 2453 3274 2523 ἐφίενται),
3305 2453 3399 2505 καὶ
3430 2453 3647 2522 τρίτον,

2062 2549 2123 2602 τὸ
2154 2549 2281 2620 περὶ
2322 2547 2391 2602 τὰ
2442 2548 2669 2619 δεύτερα
2702 2547 3017 2600 κοινωνικὸν
3049 2546 3142 2598 καὶ
3201 2543 3503 2615 προοδικὸν,
3543 2546 3649 2597 πά-

2068 2658 2186 2703 σαις
2211 2641 2439 2710 ἁρμόσει
2471 2643 2591 2702 ταῖς
2616 2639 2892 2710 οὐρανίαις
2913 2637 3140 2701 οὐσίαις,
3177 2638 3224 2688 εἰ
3259 2636 3353 2688 καὶ
3381 2639 3504 2698 ταῖς
3540 2635 3649 2704 μὲν

2063 2734 2277 2796 ὑλικῶς,
2306 2734 2381 2796 ὡς
2405 2731 2663 2795 πολλάκις
2695 2731 2931 2802 εἴρηται,
2965 2732 3085 2791 ταῖς
3116 2729 3172 2781 δὲ
3199 2726 3459 2798 μερικῶς.

2140 2827 2166 2898 §
2210 2827 2275 2878 ll.
2334 2826 2482 2878 Ἐπεὶ
2515 2821 2607 2877 οῦν
2643 2822 2987 2894 προεθέμεθα
3010 2823 3137 2882 τοὺς
3180 2819 3383 2880 τύπους
3431 2818 3647 2870 ἀνακα-

2065 2918 2249 2988 θᾶραι,
2283 2915 2524 2985 δηλονότι
2557 2913 2657 2978 τὰς
2692 2912 2998 2984 μορφώσεις
3023 2911 3115 2964 καὶ
3147 2908 3243 2971 τὰς
3275 2908 3489 2970 εἰκόνας
3517 2907 3650 2959 ἀνά-

395 2997 768 3052 sublimiorem
801 2997 1092 3066 quemdam
1116 3013 1335 3052 sensum
1383 2998 1691 3065 adducere;
1727 3017 1824 3071 age
1855 3017 1963 3071 pra

2070 3009 2153 3076 ξαι
2206 3008 2285 3071 είς
2308 3025 2429 3061 τινα
2461 3008 2771 3078 ὑπερτάτην
2825 3005 2917 3057 καὶ
2975 3004 3193 3073 μείζονα
3239 3001 3467 3062 ἔννοιαν,
3503 2999 3647 3069 φέρε

395 3090 610 3144 caeteris
641 3089 872 3160 primmn
902 3089 1086 3160 ﬁgura:
1111 3091 1251 3162 ignis
1276 3092 1644 3162 expiationem
1683 3091 1964 3159 faciamus,

396 3182 656 3250 quoniam
697 3199 807 3253 prae
840 3183 1061 3254 reliquis
1084 3183 1376 3256 Scriptura:
1402 3187 1596 3241 divinae
1626 3188 1963 3241 materialem

398 3273 539 3342 ignis
571 3272 1005 3332 eﬂormationem
1060 3277 1344 3333 honorant.
1410 3279 1623 3333 Etenim
1652 3294 1758 3333 non
1794 3278 1965 3333 solum

401 3376 552 3420 rotas
581 3366 770 3434 igneas
802 3367 1064 3432 referunt,
1099 3378 1158 3422 ut
1188 3371 1460 3438 reperitur
1487 3371 1539 3424 in
1575 3369 1862 3424 Ezechiele
1885 3369 1970 3423 di-

397 3470 594 3513 cente:
625 3457 692 3512 Et
731 3459 945 3526 spiritus
971 3472 1082 3516 erat
1106 3463 1162 3515 in
1189 3463 1316 3515 rotis
1347 3472 1371 3501 ο
1397 3479 1413 3528 ;
1446 3477 1630 3517 verum
1655 3463 1817 3518 etiam
1849 3463 1969 3515 ani-

400 3557 561 3611 malia
599 3556 792 3627 ignita,
819 3557 972 3626 juxta
1030 3555 1158 3611 illud
1187 3574 1200 3612 ;
1235 3556 1467 3626 Cumque
1501 3556 1830 3610 ambularent
1851 3557 1969 3610 ani-

400 3651 585 3714 utalia,
613 3650 952 3705 ambulabant
977 3653 1173 3719 pariter
1193 3661 1240 3704 et
1265 3661 1393 3704 rotae
1407 3650 1434 3691 ἀ
1453 3669 1466 3716 ;
1487 3651 1741 3720 virosque
1761 3651 1966 3721 igneos,

402 3752 564 3811 atque
594 3744 885 3807 carbones,
906 3741 1058 3810 juxta
1090 3743 1219 3797 illud
1245 3757 1262 3798 :
1293 3742 1558 3799 Carbones
1589 3745 1824 3796 succensi
1850 3753 1968 3795 sunt

402 3841 457 3891 in
479 3839 706 3906 idipsum
733 3848 780 3902 ο,
798 3845 853 3890 et
868 3836 1081 3899 ﬂuvios,
1103 3851 1167 3890 ac
1199 3837 1244 3890 si
1277 3837 1398 3905 quis
1416 3836 1604 3891 Graece
1621 3835 1786 3901 dicat,
1808 3853 1969 3908 πυρι-

405 3928 797 3999 φλεγέθοντας,
837 3927 888 3982 id
942 3937 1027 3982 est
1085 3929 1563 3998 ﬂammigerantes,
1606 3930 1760 3995 juxta
1803 3928 1968 3982 illud:

411 4021 477 4082 Et
507 4022 700 4090 ﬂuuius
742 4020 878 4088 ignis
923 4022 1247 4072 scaturiebat
1273 4029 1394 4072 ante
1433 4019 1586 4085 pedes
1616 4019 1769 4081 eius:
1797 4027 1854 4072 et
1879 4020 1972 4072 ite-

413 4128 530 4166 rum
563 4113 788 4167 thronos
815 4113 1024 4180 igneos,
1074 4124 1134 4164 ut
1185 4113 1238 4163 in
1272 4109 1556 4163 Ezechiele
1603 4110 1867 4164 tradidit:
1920 4119 1974 4163 et

410 4221 604 4260 nomen
644 4204 917 4274 seraphim
964 4205 1256 4261 incensores
1315 4213 1366 4256 cl
1407 4204 1750 4274 calefactores
1793 4212 1972 4266 sonat,

407 4299 558 4351 calor
582 4299 726 4352 enim
760 4297 902 4366 ignis
931 4297 1238 4366 proprietas
1264 4307 1384 4360 est,
1417 4305 1472 4348 et
1502 4295 1644 4348 actio
1670 4295 1787 4364 ejus
1811 4294 1972 4361 ustio,

2069 3099 2176 3173 πρὸ
2221 3099 2330 3152 τῶν
2375 3099 2551 3153 ἄλλων
2608 3097 2830 3169 πρώτην
2861 3094 3231 3166 ἀνακάθαρσιν
3283 3091 3651 3162 ποιησώμεθα

2065 3193 2165 3261 τῆς
2193 3190 2288 3243 τοῦ
2315 3191 2483 3261 πυρδς
2527 3189 2750 3250 εἰκόνος,
2785 3187 2867 3239 δτι
2891 3187 2984 3238 καὶ
3007 3183 3157 3254 παρά
3187 3181 3288 3246 τὰς
3312 3182 3475 3244 ἀλλας
3507 3182 3654 3235 εἰκό-

2067 3302 2166 3348 νας
2197 3285 2298 3355 τὴν
2340 3281 2606 3354 ἐμπόριον
2641 3278 2976 3350 ὐλογραφίαν
3013 3278 3045 3346 ἡ
3093 3275 3213 3330 θεία
3262 3273 3455 3344 Γραφὴ
3483 3274 3649 3342 τιμᾷ.

2069 3378 2180 3431 Καὶ
2212 3377 2321 3448 γὰρ
2379 3376 2452 3446 μὴ
2511 3374 2668 3444 μόνον
2717 3371 2946 3441 τροχοὺς
2993 3366 3284 3438 πυρώδεις,
3339 3365 3417 3427 ὡς
3460 3366 3519 3416 ἐν
3565 3364 3664 3435 τῷ

2083 3467 2339 3539 Ἰεζεκιὴλ
2371 3466 2617 3536 εὓρηται,
2640 3462 2750 3516 Καὶ
2772 3461 3006 3529 πνεῦμα
3031 3459 3111 3526 ἦν
3139 3458 3210 3510 ἐν
3240 3455 3365 3520 τοῖς
3387 3455 3653 3523 τροχοῖς,

2070 3562 2298 3630 λέγοντι,
2358 3557 2738 3629 παραδίδωσιν,
2768 3553 2903 3609 ἀλλά
2945 3555 3040 3606 καὶ
3087 3552 3201 3616 ζῶα
3248 3551 3654 3620 πεπυρωμένα,

2072 3651 2213 3707 κατὰ
2245 3651 2323 3712 τὸ,
2373 3651 2473 3702 Ἐν
2499 3647 2576 3713 τῷ
2602 3648 2956 3714 πορεύεσθαι
3003 3645 3076 3698 τὰ
3121 3643 3253 3705 ζῶα,
3287 3643 3656 3709 ἐπορεύοντο

2072 3743 2170 3797 καὶ
2209 3745 2261 3795 οἶ
2296 3741 2495 3808 τροχοί
2514 3757 2525 3769 ’
2564 3740 2656 3792 καὶ
2687 3738 2885 3809 ἄνδρας
2906 3735 3194 3807 πυρώδεις,
3230 3734 3325 3787 καὶ⁵
3349 3733 3654 3803 ἄνθρακας,

2079 3833 2221 3890 κατὰ
2249 3833 2310 3885 τὸ
2329 3873 2342 3896 ,
2373 3834 2699 3897 Ἀνθρακες
2722 3826 3084 3896 ἀνήρ-θησαν
3116 3825 3213 3877 ἐπὶ
3239 3823 3304 3877 τὸ
3335 3823 3487 3875 αὑτό
3505 3839 3521 3852 ο
3558 3823 3660 3874 καὶ

2076 3925 2371 3995 ποταμοὺς,
2417 3924 2492 3985 ὡς
2556 3922 2622 3975 ἄν
2672 3937 2756 3982 τις
2804 3919 2947 3972 εἴποι
3010 3914 3153 3970 κατά
3203 3914 3331 3977 τοὺς
3383 3912 3658 3983 ’Έλληνας

2076 4015 2586 4087 πυριφλεγέθοιντας,
2644 4010 2784 4064 κατά
2833 4011 2932 4070 τὸ,
2981 4006 3092 4062 Καὶ
3153 4004 3418 4072 ποταμὸς
3460 4002 3659 4070 πιφὸς

2072 4102 2239 4167 εἷλκε
2273 4105 2385 4173 πρὸ
2419 4103 2536 4158 τῶν
2575 4100 2775 4157 ποδῶν
2831 4097 3046 4152 αὑτοῦ·
3085 4097 3182 4149 καὶ
3234 4093 3397 4147 πάλιν
3428 4092 3660 4162 Θρὸνους

2077 4202 2353 4271 πυρίνους,
2383 4199 2458 4260 ὼς
2490 4199 2547 4249 ἐν
2599 4194 2680 4265 τῷ
2747 4189 3004 4261 Ίεζεκιὴλ
3065 4188 3431 4260 παραδίδωσιο
3469 4186 3567 4238 καὶ
3624 4187 3659 4254 ἠ

2081 4292 2363 4362 ἐπωνυμία
2413 4289 2523 4341 τῶν
2585 4285 2835 4358 σεραφὶμξ
2866 4281 3206 4352 ἑμπρησταί
3239 4280 3344 4331 εἰσι
3393 4278 3488 4330 καὶ
3522 4280 3659 4343 θερ-

409 4399 572 4457 atque
600 4392 825 4444 omnino
858 4405 1070 4444 sursum
1097 4399 1151 4443 et
1182 4391 1438 4444 deorsum
1487 4387 1696 4454 igneam
1749 4386 1963 4456 ﬁguram

2079 4387 2423 4455 μαίνοντες,
2458 4380 2631 4433 ταῦτα
2662 4378 2770 4449 γάρ
2801 4377 2906 4430 εἰσι
2937 4372 3031 4426 τοῦ
3065 4371 3255 4442 πυρὸς,
3287 4370 3348 4421 τὸ
3399 4367 3500 4438 μὲν
3533 4367 3662 4438 θερ-

409 4481 768 4536 nornmendat.
801 4481 1143 4552 Quapropter
1166 4480 1396 4536 formam
1434 4479 1648 4549 igneam
1683 4477 1978 4533 fortiﬁcare

410 4587 612 4628 censeo
631 4574 936 4628 cazlestium
975 4573 1468 4643 intelligentiarum
1517 4571 1976 4634 deiformitatem;

411 4667 669 4736 quoniam
729 4667 871 4721 Deus
927 4678 1107 4720 noster
1149 4668 1287 4736 ignis
1340 4661 1702 4720 consumensf
1757 4661 1977 4716 dicitur.

413 4760 555 4827 Quin
585 4768 642 4813 et
671 4758 722 4812 in
751 4760 875 4828 igne
906 4759 1051 4815 Deus
1081 4760 1229 4813 visus
1277 4769 1382 4823 est,
1433 4767 1490 4811 ut
1519 4755 1754 4811 essentia
1804 4753 1980 4807 forma

411 4864 631 4915 carens,
664 4858 720 4902 et
746 4851 1238 4916 superessentialis,
1264 4851 1523 4919 quoniam
1577 4848 1719 4918 ignis
1757 4845 1977 4910 multas,

415 4946 457 4999 si
491 4945 640 4999 dictu
672 4942 753 4996 fas
781 4945 874 5010 sit,
903 4945 1099 4996 diviuze
1122 4944 1468 5012 proprietatis
1491 4943 1753 5008 imagines
1781 4954 1893 5008 prae
1922 4952 1980 4992 se

416 5039 540 5096 fert.
572 5037 819 5106 Explicat
851 5039 996 5091 hunc
1019 5038 1198 5106 ignem
1229 5038 1506 5102 sensilem,
1559 5047 1613 5089 ut
1647 5045 1730 5089 est
1757 5035 1810 5087 in
1855 5048 1973 5087 om-

417 5133 576 5188 nibus
602 5131 932 5198 quandoque
960 5130 1176 5196 quidem
1203 5130 1432 5197 ipsemet
1460 5127 1629 5196 ignis,
1656 5125 1982 5194 quandoque

416 5238 546 5277 vero
583 5222 723 5292 ignis
759 5222 1085 5290 proprietas,
1113 5236 1307 5291 nempe
1334 5227 1508 5286 calor,
1539 5234 1634 5290 per
1665 5231 1824 5286 quem
1856 5231 1978 5270 om-

415 5319 504 5370 nia
535 5325 859 5371 moventur:
912 5316 1064 5370 aiunt
1117 5317 1260 5368 enim
1311 5315 1549 5368 calorem
1593 5327 1714 5368 esse
1758 5323 1980 5365 causam

416 5420 616 5462 motus.
651 5409 766 5462 Non
803 5417 1013 5462 tantum
1069 5423 1198 5479 ergo
1221 5410 1272 5462 in
1313 5408 1455 5469 aliis,
1505 5419 1692 5460 verum
1719 5402 1880 5458 etiam
1929 5401 1984 5452 in

417 5500 690 5557 elemento
719 5504 958 5562 maxime
989 5502 1291 5564 contrario,
1322 5501 1527 5555 scilicet
1551 5513 1714 5567 aqua,
1745 5494 1982 5550 calorem

421 5595 700 5662 reperies:
744 5597 1015 5664 quomodo
1040 5595 1183 5652 enim
1234 5602 1542 5648 moveretur
1588 5589 1691 5645 nisi
1725 5587 1974 5656 spiritum

2088 4479 2188 4550 μὸν
2219 4476 2437 4546 ἰδιότης,
2472 4474 2532 4526 το
2551 4473 2607 4525 δέ
2649 4468 2944 4525 καυστικὸν
2967 4465 3215 4536 ἐνέργεια
3233 4479 3245 4492 ’
3269 4464 3361 4514 καὶ
3383 4461 3524 4521 ὅλως
3547 4459 3664 4550 ἂνω

2083 4549 2176 4626 καὶ
2199 4573 2350 4626 κάτω
2381 4569 2480 4637 τὴν
2531 4565 2798 4636 ἐμπόριον
2829 4556 3235 4615 τυποπλαστίαν
3266 4553 3422 4622 τιμᾷ.
3458 4551 3534 4602 Τὸ
3559 4549 3664 4619 μὲν

2081 4660 2174 4717 οῦν
2201 4660 2445 4735 πυρῶδες
2478 4657 2760 4729 ἐμφαίνειν
2809 4652 2989 4721 οἴομαι
3011 4649 3072 4701 τὸ
3104 4645 3332 4708 θεοειδές
3363 4641 3473 4735 τῶν
3492 4643 3664 4712 obpa—

2083 4757 2212 4809 νίων
2268 4753 2579 4822 δυνάμεων’
2631 4748 2724 4801 καὶ
2777 4746 2885 4814 γὰρ
2928 4747 2961 4797 ὁ
2995 4741 3138 4805 Θεὸς
3171 4737 3337 4806 ἡμῶν
3367 4734 3487 4801 πῦρ
3522 4749 3663 4784 κατ-

2083 4847 2422 4902 αναλίσκον
2462 4843 2698 4910 λέγεται.
2748 4835 3057 4906 Ἐθεωρήθη
3094 4832 3152 4884 δέ
3183 4831 3264 4892 εἰς
3297 4826 3408 4896 πῦρ
3440 4827 3468 4876 ὁ
3502 4823 3660 4885 Θεὸς,

2086 4943 2118 5010 ἡ
2153 4940 2475 5010 ἀμόρφωτος
2499 4935 2655 4988 οὐσία
2689 4932 2781 4984 καὶ
2803 4927 3168 5016 ὑπερούσιος,
3195 4922 3277 4974 ὅτι
3325 4916 3504 5016 καὶῌτὸ
3547 4914 3663 5016 πῦρ

2087 5030 2287 5091 πολλὰς
2339 5027 2555 5089 εἰκόνας
2614 5025 2747 5094 ἔχει,
2804 5021 2852 5073 εἰ
2902 5019 3057 5088 θέμις
3115 5015 3250 5075 τέως
3302 5013 3498 5071 εἰπεῖν,
3557 5013 3663 5076 τῆς

2087 5122 2385 5193 θεαρχικῆς
2437 5117 2724 5186 ἰδιότητος.
2773 5109 3065 5182 Ἐκφράζει
3118 5106 3179 5158 τὸ
3231 5100 3486 5196 αἰσθητὸν
3522 5097 3660 5196 πῦρί

2089 5217 2168 5268 ὅτι
2203 5215 2350 5265 ἐστιν
2377 5213 2434 5262 ἐν
2467 5212 2620 5270 πᾶσι,
2654 5207 2756 5261 ποῦ
2814 5205 2912 5275 μὲν
2955 5204 3046 5254 καὶ
3079 5198 3210 5252 αὐτὸ
3243 5195 3306 5249 τὸ
3358 5191 3490 5262 πῦρ,
3554 5205 3661 5243 που

2086 5307 2143 5358 δὲ
2178 5305 2271 5358 καὶ
2323 5307 2355 5374 ἡ
2411 5302 2504 5356 τοῦ
2573 5301 2742 5370 πυρὸς
2807 5295 3025 5365 ἰδιότης,
3083 5291 3145 5343 τὸ
3189 5285 3408 5358 θερμὸν,
3475 5279 3598 5374 καθ’
3632 5279 3662 5331 ὃ

2088 5397 2265 5450 πάντα
2293 5370 2594 5446 κιῂνοῦνταιο
2634 5389 2803 5441 αἴτιον
2853 5383 2962 5455 γὰρ
2993 5382 3094 5450 τῆς
3149 5379 3415 5447 κινήσεως
3444 5371 3507 5424 τὸ
3536 5370 3666 5439 θερ-

2095 5487 2191 5558 μὸν
2223 5487 2456 5553 λέγουσι.
2515 5482 2604 5551 Μὴ
2663 5479 2818 5550 μόνον
2872 5472 2965 5528 οὖν
2997 5475 3056 5524 ἐν
3102 5473 3213 5529 τοῖς
3264 5458 3664 5558 ἇλλοις,ᾼάλλὰ

2091 5582 2183 5634 καὶ
2227 5582 2285 5639 ἐν
2307 5577 2456 5649 αὐτῷ
2501 5575 2578 5648 τῷ
2611 5569 2985 5641 ἐναντιωτάτῳ
3039 5564 3304 5637 στοιχείῳ,
3362 5558 3441 5628 τῷ
3482 5555 3664 5619 ὕδατι,

500 5719 523 5752 ο
545 5708 744 5772 Ezeclt-
775 5724 831 5778 ι.
866 5708 958 5773 21.
1029 5704 1061 5751 ει
1090 5707 1225 5770 Ibid.
1281 5707 1366 5770 19.
1448 5716 1470 5744 ο
1502 5701 1646 5760 Psal.
1675 5715 1821 5767 xvu,
1853 5697 1906 5757 9.

2070 5699 2199 5752 lcut.
2241 5709 2314 5762 ιν,
2334 5691 2425 5752 ‘34-
