3874 6228
236 299 347 353 3-55

754 298 842 351 DE
876 298 1211 354 C(ELESTI
1247 297 1688 366 lllERAllClllA,
1725 301 1875 357 CAP.
1911 301 2100 357 XV.-——
2134 299 2476 356 PARAPIIR.
2514 299 2979 354 PACllYMER/E.

3398 301 3503 356 556

212 415 503 484 εὑρήσεις
526 415 589 467 τὸ
622 414 823 485 θερμόν
846 433 858 444 ·
917 417 1034 479 πῶς
1089 414 1198 486 γὰρ
1234 415 1302 468 ἂν
1344 417 1438 468 καὶ
1471 416 1715 487 ἐκινήθη,
1756 417 1821 487 μὴ

1934 417 2201 480 haberet,
2264 418 2416 486 juxta
2475 415 2645 469 illud:
2706 414 2935 482 Spiritus
2968 412 3177 466 Domini
3240 414 3505 481 ferebatur

240 508 368 574 ἕχον
402 504 653 575 πνεῦμα;
711 506 852 559 κατά
893 508 983 560 τό’
1039 508 1283 576 Πνεῦμα
1314 508 1462 562 Θεοῦ
1505 508 1821 578 ἐπεφέρετο

240 593 446 647 ἐπάνω
472 594 579 649 τοῦ
621 593 857 661 ὓδατος.
894 597 966 649 Τὸ
996 596 1052 651 δὲ
1079 597 1293 667 πνεῦμα
1327 598 1545 661 πάντως
1575 597 1666 651 τοῦ
1702 599 1825 669 θερ-

245 683 351 756 μοῦ
412 684 649 756 μετέχει,
708 686 878 739 καθ’ὃ
932 689 1025 739 καὶ
1077 688 1359 758 εὕκίνητόν
1411 689 1547 752 ἐστι,
1600 691 1694 742 καὶ
1738 690 1826 743 διὰ

242 780 468 832 πάντων
503 780 681 849 φοιτᾷ,
709 778 847 850 πλὴν
905 780 1151 851 ἀμιγῶς·
1206 780 1326 834 οὐδὲ
1364 780 1473 853 γὰρ
1505 781 1637 834 αὐτὸ
1689 783 1826 851 πρὸς

242 871 344 939 τὴν
374 869 506 942 ὕλην
543 869 871 941 μιγνύμενον
919 874 1345 944 μεταϐάλλεται,
1404 874 1540 927 ἀλλά
1569 874 1668 944 τὴν
1694 873 1823 944 ὕλην

242 965 326 1025 εἰς
382 964 542 1017 ἑαυτὸ
599 966 904 1038 μεθίστησι.
953 967 1025 1020 Τὸ
1080 968 1212 1020 αὐτὸ
1266 969 1360 1021 καὶ
1421 970 1697 1041 παμφαὲς,
1738 969 1825 1023 ὅτε

242 1056 346 1125 τῆς
399 1054 533 1127 ὕλης
562 1057 944 1130 ἐπιδράξεται·
988 1060 1082 1112 καὶ
1136 1059 1365 1131 κρύφιον
1400 1060 1521 1114 καθ’
1546 1062 1697 1125 αὐτὸ,
1750 1061 1825 1131 μὴ

244 1149 616 1221 προκειμένης
642 1149 774 1220 ὕλης
797 1168 809 1180 ·
876 1152 960 1215 τίς
1005 1151 1114 1225 γάρ
1162 1153 1349 1223 βλέπει
1380 1154 1442 1207 τὸ
1473 1156 1530 1207 ἐν
1560 1157 1632 1226 τῇ
1667 1155 1827 1226 πυρί-

240 1241 349 1293 τιδι
376 1240 509 1313 πῦρ,
561 1244 609 1295 εξ
640 1244 714 1313 μή
750 1261 815 1311 γε
870 1244 1179 1317 ἐκκρουσθῇ
1236 1250 1331 1301 και
1365 1247 1498 1319 ὕλης
1528 1248 1673 1312 τινὸς
1705 1250 1827 1301 ἐπι-

240 1332 541 1403 δράξηταις
589 1334 681 1404 Μὴ
720 1331 813 1388 οὖν
848 1335 1002 1404 λέγε’
1053 1338 1163 1390 Καὶ
1201 1337 1319 1401 πῶς
1364 1338 1486 1409 δίχα
1517 1339 1662 1403 τινὸς
1696 1338 1826 1411 ὕλης

246 1422 547 1494 σπινθῆρες
572 1424 934 1490 ἐξάπτονται;
989 1426 1150 1479 κάκεῖ
1182 1427 1289 1497 γάρ
1334 1427 1432 1499 ὕλη
1470 1446 1554 1492 τις
1587 1429 1735 1481 ἐστίν
1755 1446 1766 1458 ·
1797 1432 1825 1483 ὁ

240 1514 354 1585 γὰρ
387 1516 801 1588 συνθλιϐόμενος
844 1518 977 1589 ἀὴρ,
1015 1519 1196 1589 μέσων
1227 1520 1337 1573 τῶν
1372 1521 1821 1592 συνθλιϐομένων,

240 1606 451 1671 ἐκεῖνός
496 1609 643 1660 ἐστιν
667 1610 742 1672 ὡς
766 1608 864 1680 ὕλη
898 1614 1012 1675 τοῖς
1044 1611 1512 1681 ἀποπαλλομένοις
1568 1612 1825 1683 σπινθῆρ-

244 1715 349 1760 σιν,
387 1701 467 1763 είς
491 1700 549 1752 ὃν
583 1701 868 1770 ἀναφαίνει
899 1702 961 1755 τὸ
992 1702 1105 1775 πῦρ
1138 1704 1235 1774 τὴν
1267 1706 1475 1759 οἰκείαν
1521 1709 1819 1780 ἐνέργειαν.

246 1789 509 1858 Ἀσχετόν
539 1791 708 1854 ἐστιν,
744 1793 906 1845 οἱονεὶ
961 1793 1229 1866 μηδεμίαν
1272 1798 1465 1868 ἑτέραν
1498 1800 1680 1869 σχέσιν
1701 1800 1822 1870 έχον

241 1881 387 1951 πρὸς
417 1882 519 1951 τὴν
576 1882 729 1953 ὕλην,
764 1886 813 1936 εἰ
874 1886 947 1955 μὴ
1012 1887 1155 1940 κατὰ
1206 1888 1268 1941 τὸ
1315 1888 1558 1961 δαπανᾷν
1611 1893 1818 1963 αὑτήν·

240 1971 417 2025 καθ’ὂ
482 1975 880 2044 σημαινόμενον
935 1975 1151 2045 λέγεται
1196 1980 1290 2031 καὶ
1348 1980 1594 2046 ἀϐίωτος,
1651 1984 1749 2053 οὐχ
1796 1987 1825 2038 6

241 2062 653 2133 περιφρονητὴς
705 2063 814 2116 τῶν
860 2067 1223 2137 πραγμάτων,
1279 2068 1447 2123 ἀλλ’ὁ
1488 2070 1567 2139 τῷ
1592 2070 1692 2141 βίῳ
1726 2091 1824 2125 κα-

238 2151 617 2223 ταχρώμενος.
656 2154 778 2208 Ὅτι
834 2154 892 2207 δὲ
952 2157 1113 2210 τοῦτο
1141 2158 1291 2229 δηλοῖ
1333 2161 1396 2213 τὸ
1451 2161 1696 2231 ἄσχετον,
1732 2168 1825 2220 καὶ

239 2244 366 2311 οὐχὶ
416 2244 479 2296 τὸ
535 2245 878 2317 ἀκράτητον,
935 2248 999 2301 ἐκ
1056 2249 1152 2302 τοῦ
1209 2251 1387 2321 λέγειν
1452 2254 1610 2308 πάλιν
1681 2256 1825 2321 ἰδίως

241 2335 577 2406 ἀκράτητον,
605 2337 784 2408 δῆλον.
833 2339 1192 2413 Ἀθεώρητον,
1227 2344 1317 2398 ὅτε
1372 2346 1496 2416 δίχα
1522 2348 1665 2411 τινὸς
1694 2348 1825 2420 ὕλης

239 2430 563 2482 ἐπινοεῖται.
636 2430 1114 2504 Δύτοκρατητικὸν
1173 2438 1459 2501 ἁπάντων,
1518 2443 1678 2495 οἱονεὶ
1730 2443 1822 2512 ἀφ’

239 2521 441 2573 ἐαυτοῦ
476 2522 734 2593 κρατοῦν,
769 2526 866 2578 καὶ
922 2527 995 2597 μὴ
1048 2530 1181 2600 παρ’
1220 2529 1407 2601 ἐτέρου
1472 2534 1818 2604 κινούμενον·

242 2613 551 2683 ξδιαιτάτην
584 2613 694 2685 γὰρ
735 2615 1002 2687 διαφορὰν
1034 2619 1094 2671 τὸ
1119 2618 1320 2692 θερμὸν
1354 2623 1486 2693 ἔχει,
1543 2623 1601 2689 ἐξ
1627 2620 1687 2679 οὗ
1733 2627 1824 2679 καὶ

238 2703 297 2753 ἐν
326 2702 538 2772 ἐτέροις
568 2704 602 2773 ἡ
637 2704 856 2777 κίνησις
881 2706 1112 2774 γίνεται.
1156 2709 1527 2765 Ἀλλοιωτικὸν
1567 2714 1704 2783 πρὸς
1725 2715 1823 2786 τὴν

237 2794 449 2847 οἰκείαν
477 2794 778 2867 ἐνέργειαν,
830 2800 889 2851 ἐν
914 2794 995 2855 οἷς
1029 2800 1096 2854 ἂν
1128 2802 1381 2874 γένηται·
1428 2807 1570 2859 καίει
1602 2808 1711 2879 γάρ
1731 2810 1824 2862 καὶ

235 2888 265 2939 6
301 2884 522 2956 σίδηρος
566 2887 925 2958 ἐκπυρωθείς.
991 2892 1354 2949 Μεταδοτικὸν
1404 2900 1518 2961 τοῖς
1575 2900 1823 2954 ὁπωσοῦν

236 2975 637 3046 πλησιάζουσι·
688 2980 827 3051 πρὸς
871 2981 981 3053 γὰρ
1029 2984 1122 3037 τὸν
1166 2986 1199 3056 ἦ
1247 2990 1586 3062 προσεχῆ,ῆ
1636 2993 1823 3065 πόρρω

1947 508 2108 578 138
2140 525 2299 577 super
2333 524 2496 576 aquas
2527 510 2550 547 ε
2573 508 2594 559 ?
2621 507 2857 576 Spiritus
2884 516 3064 558 autem
3090 505 3314 559 omnino
3334 505 3502 573 parti—

1931 616 2061 668 ceps
2087 608 2170 655 est
2202 599 2424 664 caloris,
2460 614 2560 668 per
2585 614 2744 668 quem
2773 608 2827 652 et
2853 586 3064 651 mobilis
3084 606 3166 650 est
3196 605 3245 650 et
3273 611 3505 678 ρει-ὀψε

1927 693 2016 746 nia
2072 702 2238 757 meat,
2286 706 2479 746 verum
2536 690 2915 760 impermiste:
2954 701 3129 757 neque
3162 687 3304 741 enim
3368 689 3503 755 ipse,

1924 783 2052 837 dum
2104 798 2227 837 cum
2296 783 2527 839 materia
2584 783 2991 847 commiscctur,
3044 782 3380 845 immutatur,
3411 780 3505 833 sed

1928 876 2217 929 materiam
2253 875 2305 929 in
2338 890 2397 929 se
2426 884 2781 935 transmutat.
2809 874 2953 928 hlem
2998 887 3213 943 quoque
3247 888 3502 941 perquam

1926 966 2156 1031 lucidus,
2187 981 2311 1020 cum
2337 967 2621 1022 materiam
2650 964 3041 1035 apprehendit;
3065 973 3115 1019 et
3145 964 3388 1019 occultus
3411 980 3506 1033 per

1927 1072 2008 1124 se,
2046 1072 2169 1111 cum
2228 1073 2336 1112 non
2372 1058 2528 1111 adest
2583 1058 2831 1111 materia.
2889 1055 3020 1121 Quis
3066 1056 3211 1109 enim
3265 1056 3412 1108 videt
3452 1054 3503 1107 in

1925 1150 2098 1221 pyrite
2127 1148 2329 1218 ignem,
2359 1149 2462 1204 nisi
2493 1148 2825 1212 excutiatur,
2864 1157 2920 1202 et
2946 1148 3231 1201 materiam
3265 1148 3502 1216 aliquam

1926 1239 2275 1308 prehendat?
2309 1238 2389 1293 Ne
2446 1239 2615 1307 igitur
2660 1248 2808 1309 pete,
2860 1240 3138 1309 quomodo
3179 1238 3296 1293 sine
3324 1239 3504 1307 aliqua

1927 1329 2157 1384 materia
2184 1327 2438 1385 scintillae
2461 1331 2868 1385 accendantur:
2908 1344 3031 1383 nam
3057 1340 3111 1384 et
3136 1329 3210 1383 ibi
3260 1330 3505 1397 quaedam

1925 1430 2011 1474 est
2038 1422 2269 1477 materia
2304 1445 2315 1477 :
2350 1420 2580 1477 collisus
2606 1421 2752 1475 enim
2790 1436 2883 1476 aer
2914 1423 3056 1477 inter
3092 1422 3181 1476 illa
3205 1436 3325 1490 quae
3349 1420 3505 1475 colli—

1926 1512 2148 1577 duntur,
2182 1513 2274 1567 ille
2304 1516 2457 1584 quasi
2485 1515 2713 1569 materia
2745 1515 2998 1570 scintillis
3020 1514 3287 1578 excussis,
3317 1515 3370 1567 in
3400 1529 3508 1583 quo

1925 1614 1979 1659 et
2013 1607 2153 1677 ignis
2196 1622 2350 1661 suam
2379 1607 2757 1667 eliicacitatem
2807 1607 3143 1662 manifestat.
3183 1606 3509 1663 Intolerabi-

1925 1699 1991 1753 lis
2013 1710 2117 1763 est,
2151 1710 2211 1754 ut
2244 1702 2336 1770 qui
2367 1700 2568 1755 nullam
2607 1700 2770 1755 aliam
2798 1702 3171 1756 habitudinem
3204 1702 3412 1755 haheat
3439 1702 3506 1754 ad

1926 1792 2237 1856 materiam,
2269 1793 2370 1847 nisi
2402 1792 2468 1846 ad
2494 1794 2928 1847 consumendam
2961 1809 3115 1859 eam;
3160 1794 3316 1856 juxta
3342 1808 3504 1863 quam

1925 1884 2381 1955 significationem
2418 1885 2620 1939 dicitur
2652 1886 2815 1940 etiam
2856 1885 3121 1949 ἀϐίωτος,
3162 1885 3211 1938 id
3247 1893 3333 1939 est
3364 1886 3507 1953 quod

1928 1994 2050 2033 cum
2082 1993 2143 2032 ea
2181 1977 2289 2032 vivi
2319 1993 2425 2033 non
2451 1979 2644 2048 possit,
2679 1993 2783 2032 non
2808 1980 2930 2048 quia
2956 1986 3295 2047 contemptor
3315 1988 3398 2032 est
3424 1992 3507 2031 re-

1930 2086 2076 2134 rum,
2132 2070 2225 2123 sed
2275 2070 2401 2139 quia
2453 2070 2563 2124 vita
2632 2070 2890 2126 abutitur.
2940 2069 3052 2124 Hoc
3112 2077 3290 2123 autem
3346 2084 3505 2122 sensu

1925 2158 2029 2212 dici
2080 2158 2311 2229 ἄσχετον
2367 2173 2459 2214 seu
2548 2157 2967 2223 intolerabilem,
3032 2168 3087 2213 et
3150 2174 3255 2214 non
3330 2158 3505 2230 ἀκρά-

1923 2268 2123 2321 τητον,
2182 2252 2234 2305 id
2292 2259 2377 2308 est
2424 2253 2858 2315 incontinentem,
2904 2266 2971 2305 ex
3023 2266 3088 2306 eo
3135 2250 3502 2315 manifestum,

1923 2343 2065 2411 quod
2100 2342 2295 2397 iterum
2332 2342 2461 2396 dicit
2513 2342 2823 2413 ἀκράτητον
2848 2382 2862 2407 ,
2898 2356 2990 2397 seu
3043 2342 3212 2396 teneri
3246 2343 3504 2397 nescium.

1926 2432 2220 2488 Invisibilis
2253 2433 2415 2487 etiam
2475 2442 2578 2499 est,
2611 2434 2828 2502 quando
2880 2434 2999 2488 sine
3038 2434 3216 2501 aliqua
3276 2434 3504 2487 materia

1926 2526 2320 2582 consideratur.
2375 2523 2483 2578 Per
2535 2539 2594 2579 se
2635 2524 2814 2578 omnia
2850 2523 3051 2587 domat,
3078 2533 3328 2593 tanquam
3358 2538 3387 2576 a
3418 2538 3505 2576 se-

1928 2618 2159 2686 metipso
2211 2616 2536 2686 prmvalens,
2586 2624 2641 2671 et
2679 2631 2786 2670 non
2860 2615 2931 2669 ab
2977 2614 3085 2667 alio
3132 2621 3343 2679 motus;
3374 2628 3503 2684 pro-

1929 2709 2207 2779 priissima
2237 2716 2417 2762 autem
2471 2708 2589 2777 ejus
2636 2706 2941 2762 differentia
2970 2715 3053 2759 est
3098 2705 3265 2770 calor,
3293 2721 3360 2760 ex
3397 2720 3505 2775 quo

1924 2802 2085 2855 etiam
2114 2800 2168 2854 in
2200 2798 2321 2855 aliis
2346 2810 2523 2854 motus
2549 2798 2627 2853 ﬁt.
2658 2798 2912 2853 lmmutat
2941 2798 3235 2866 alteratquc
3262 2798 3327 2851 ad
3351 2813 3503 2851 suam

1927 2890 2299 2961 operationem
2338 2889 2428 2943 illa
2482 2890 2678 2958 quibus
2714 2889 3022 2944 insederit:
3050 2904 3173 2942 nam
3206 2897 3261 2943 et
3299 2887 3504 2941 ferrum

1927 2983 2153 3052 ignitum
2179 2982 2306 3036 urit.
2337 2981 2729 3050 Quoquomodo
2767 2979 3147 3035 accedentibus
3171 2994 3230 3034 se
3256 2994 3492 3033 conmm-

238 3064 596 3139 πλησιασμὸν
629 3071 961 3143 ἐκπυροῦται
982 3076 1044 3128 τὸ
1071 3078 1493 3150 παρακείμενον.
1515 3064 1821 3138 Ἀνανεωτι-

1930 3076 2110 3129 uicat:
2147 3074 2201 3127 id
2232 3075 2376 3128 enim
2409 3074 2551 3143 quod
2602 3072 2891 3142 apponitur
2930 3085 3030 3139 pro
3072 3072 3281 3125 ratione
3311 3070 3504 3124 vicina:

236 3160 513 3224 κὸν,,καθ’
550 3162 581 3215 ὃ
618 3163 851 3236 θερμόν·
905 3168 1029 3221 ἐπεὶ
1052 3169 1162 3242 γὰρ
1187 3172 1248 3224 τὸ
1274 3173 1449 3244 γῆρας
1490 3175 1695 3247 ψυχρὸν
1729 3180 1819 3232 καὶ

234 3250 583 3323 δυσκίνητον,
618 3258 651 3327 ἡ
701 3258 891 3329 νεότης
939 3258 1113 3332 θερμή
1136 3280 1148 3291 ·
1186 3265 1279 3316 καὶ
1327 3264 1665 3338 θερμουργὸς
1696 3272 1723 3322 6
1754 3271 1823 3324 τὰ

232 3343 333 3396 τοῦ
353 3344 475 3397 νέου
492 3346 876 3418 ἐργαζόμενος.
904 3352 1062 3405 Κατά
1089 3353 1245 3407 τοῦτο
1260 3355 1369 3427 γάρ
1385 3358 1552 3411 καὶτὸ
1576 3361 1822 3414 ὁπωσοῦν

224 3435 445 3504 ⁹θερμὸν
467 3437 525 3489 ἐν
547 3439 678 3507 ἡμῖν
699 3438 955 3512 ζώπυρόν
974 3441 1209 3511 λέγεται,
1233 3446 1314 3498 ὅτι
1335 3448 1454 3500 καθ’
1475 3450 1685 3501 αὑτὸ⁷⁰⁶
1708 3452 1823 3505 νεά-

235 3526 427 3596 ζομεν.
452 3530 782 3585 Φωτιστικόν
804 3534 943 3597 ἐστι,
970 3536 1064 3588 καὶ
1088 3538 1120 3606 ἡ
1149 3537 1411 3608 smper;
1436 3541 1613 3601 αὑτοῦ,
1632 3544 1822 3614 ἀπερι-

235 3617 518 3682 κέιλυπτος
549 3620 672 3673 καθ’
704 3622 894 3693 αὑτήν.
932 3624 1022 3695 Μὴ
1068 3626 1176 3697 γάρ
1226 3644 1314 3698 μοι
1376 3628 1500 3697 λέγε
1524 3630 1593 3684 τὰ
1625 3632 1821 3697 ἔξωθεν

235 3708 694 3779 ἐπικαλύμματα,
749 3714 881 3767 αὐτὸ
925 3716 1035 3787 γὰρ
1070 3718 1229 3772 πάλιν
1273 3722 1599 3788 φωτιστικὸν
1646 3724 1817 3794 μένει,

238 3796 344 3848 κᾶν
381 3800 644 3869 μυριάκις
676 3804 1169 3877 περικαλύπτηται.
1241 3808 1597 3882 Ἀκράτητον·
1640 3814 1688 3866 εἰ
1714 3814 1822 3885 γάρ

237 3891 334 3941 καὶ
372 3892 431 3943 ἐν
486 3896 550 3963 τῇ
590 3892 689 3964 ὕλῃ
724 3896 1035 3967 κατέχεται,
1093 3900 1205 3954 ἀλλ’
1239 3904 1336 3972 οὐχ
1383 3905 1468 3957 ἵνα
1516 3904 1665 3980 σώσῃ
1688 3908 1820 3961 ταύ-

236 4001 360 4051 την,
397 3984 493 4039 καὶ
518 3987 689 4057 ταύτῃ
746 3993 901 4060 συνῇ,
950 3990 1177 4046 ἀλλ’ἵνα
1238 3994 1552 4065 δαπανῆσαν
1582 3998 1817 4069 οἴχηται.

252 4074 485 4142 Ἀμιγές
508 4092 520 4103 ·
568 4078 675 4129 τίνι
718 4077 826 4151 γὰρ
852 4081 946 4134 καὶ
973 4082 1187 4155 μιχθείη
1210 4102 1223 4149 ;
1278 4086 1492 4139 ὑπείκει
1517 4088 1625 4161 γάρ
1647 4090 1822 4162 τούτῳ

238 4165 423 4215 πάντα
483 4168 574 4219 καὶ
632 4170 877 4239 τήκεται.
948 4173 1327 4245 Διακριτικόν’
1396 4177 1657 4246 διακρίνει
1713 4180 1821 4251 γὰρ

236 4258 340 4319 τὰς
387 4258 554 4322 ὕλας,
601 4256 711 4317 οἷον
754 4264 863 4317 ἀπὸ
894 4266 1135 4337 ἀργύρου
1182 4268 1446 4339 μόλιϐδον.
1511 4272 1822 4327 Ἀναλλοίω-

237 4371 357 4414 τον,
409 4354 532 4407 καθ’
579 4356 609 4410 ὂ
640 4358 701 4411 οὐ
734 4358 956 4413 δυνατὸν
996 4362 1248 4430 μένοντος
1291 4365 1386 4417 τοῦ
1423 4366 1779 4437 ὑποκειμένου
1802 4409 1816 4433 ,

1935 3166 2019 3221 vel
2064 3175 2286 3222 remota:
2332 3165 2750 3236 propinquitatis
2802 3165 3051 3234 ignescit.
3110 3164 3381 3228 Renovat,
3449 3163 3503 3215 in

1927 3268 2190 3329 quantum
2218 3260 2430 3314 calidus
2457 3267 2541 3314 est
2573 3279 2584 3314 :
2615 3259 2879 3327 siquidem
2904 3264 3155 3312 senectus
3198 3254 3397 3325 frigida
3420 3262 3504 3308 est

1931 3363 1983 3406 et
2014 3351 2307 3406 difﬁculter
2332 3358 2596 3412 movetur,
2628 3350 2884 3418 juventus
2914 3363 3047 3403 vero
3085 3346 3259 3401 calida
3284 3353 3403 3410 est;
3448 3354 3503 3399 et

1932 3439 2140 3495 fervide
2193 3441 2306 3509 agit
2355 3441 2601 3509 quisquis
2655 3454 2819 3507 Opera
2863 3438 2994 3492 facit
3048 3434 3327 3506 juvenilia.
3366 3435 3500 3487 Nam

1924 3532 2111 3595 etiam,
2148 3530 2447 3585 secundum
2495 3530 2617 3592 hoc,
2662 3528 2925 3597 quidquid
2978 3529 3029 3581 in
3082 3527 3239 3581 nobis
3266 3526 3500 3581 calidum

1925 3631 2030 3688 est,
2068 3623 2296 3692 ignitum
2330 3636 2423 3677 seu
2477 3621 2752 3674 viviﬁcum
2783 3622 3006 3686 dicitur,
3040 3620 3167 3690 quia
3199 3622 3499 3675 secundum

1926 3719 2030 3773 hoc
2063 3716 2492 3787 juvenescimus.
2541 3715 2781 3769 Lucidus
2810 3724 2918 3778 est,
2949 3714 3187 3783 etipsius
3219 3714 3496 3769 illumina—

1900 3810 2004 3862 ‘tio
2032 3823 2127 3877 per
2168 3822 2226 3861 se
2271 3806 2528 3861 abscondi
2580 3807 2787 3875 nequit.
2839 3803 3025 3873 Neque
3069 3819 3198 3857 vero
3246 3803 3499 3857 mihiob—

1919 3901 2119 3970 jeceris
2148 3900 2456 3953 extrinseca
2480 3898 2765 3961 velamina;
2822 3897 2937 3965 ipse
2963 3896 3107 3950 enim
3154 3910 3345 3949 rursus
3366 3894 3416 3946 in
3444 3908 3501 3947 se

1924 3994 2135 4049 lucidus
2170 4004 2375 4059 manet,
2414 3992 2525 4047 etsi
2557 3990 2752 4045 millies
2781 3999 3013 4059 tegatur.
3047 3987 3243 4043 Teneri
3271 3986 3498 4056 nequit:

1924 4102 2049 4139 nam
2094 4085 2223 4140 licet
2269 4085 2326 4138 in
2378 4084 2606 4138 materia
2658 4081 3029 4143 contineatur,
3074 4095 3181 4134 non
3232 4087 3411 4132 tamen
3443 4085 3500 4131 ut

1923 4188 2104 4235 servet
2128 4178 2299 4241 illam,
2354 4176 2542 4245 illique
2586 4174 2826 4238 uuiatur,
2872 4173 2965 4225 sed
2997 4180 3055 4224 ut
3089 4184 3149 4223 ca
3181 4176 3499 4235 consumpta

1926 4273 2168 4336 recedat,
2225 4270 2646 4340 impermistus:
2694 4267 2781 4322 cui
2839 4267 2982 4321 enim
3035 4262 3253 4318 misceri
3305 4261 3496 4329 possit,

1923 4384 2046 4421 cum
2090 4383 2156 4421 eo
2199 4366 2385 4419 omnia
2436 4365 2777 4433 subigantur,
2826 4372 3133 4429 cunctaque
3170 4373 3501 4413 consuman-

234 4444 386 4497 τοῦτ’
415 4446 564 4501 ἐστιν
596 4449 764 4520 αὐτῆς
783 4452 881 4522 τῆς
904 4454 1092 4518 οὐσίας
1122 4455 1217 4509 τοῦ
1249 4458 1437 4527 πυρὸς,
1465 4459 1817 4529 μεταϐάλλειν

1928 4457 2051 4510 tur?
2106 4456 2462 4511 Discernendi
2521 4459 2628 4508 vim
2690 4453 2892 4507 habet:
2931 4450 3195 4519 siquidem
3241 4448 3499 4503 materias

234 4535 373 4588 αὐτὸ
422 4538 483 4589 ἐν
528 4540 643 4601 τοῖς
688 4540 952 4607 πάθεσιν,
1017 4542 1126 4597 οἷον
1170 4546 1419 4613 γενέσθαι
1460 4550 1590 4602 αὐτὸ
1618 4567 1813 4621 στρογ-

237 4626 444 4694 γύλον,
497 4628 532 4698 ἢ
588 4631 898 4696 γωνοειδὲς,
954 4634 1089 4705 ὅπερ
1146 4637 1204 4689 ἐν
1251 4640 1363 4701 τοῖς
1416 4640 1621 4709 γηῖνοις
1672 4641 1817 4695 ἐστιν

232 4721 447 4790 εὑρεῖν*
504 4720 536 4789 ἦ
570 4721 762 4776 παθεῖν
794 4723 866 4777 τά
890 4725 984 4778 τοῦ
1016 4727 1207 4797 ἀέρος,
1268 4722 1380 4782 οἷον
1418 4730 1691 4803 φθαρῆναι
1730 4733 1818 4787 διὰ

227 4812 343 4865 τῶν
384 4813 842 4883 ἀναθυμιάσεων·
904 4819 936 4888 ἢ
988 4820 1351 4890 παχυνθῆναι,
1408 4824 1440 4892 ἢ
1494 4826 1588 4877 καὶ
1636 4826 1711 4889 ὡς
1756 4829 1818 4881 τὸ

227 4904 384 4975 ὕδωρ
432 4906 737 4975 μεταϐολὰς
777 4908 1049 4976 δέξασθαι.
1100 4915 1423 4987 Ἀνώφορον,
1469 4917 1605 4972 ἀλλά
1653 4921 1819 4987 ὀξέως

229 4998 406 5067 ῥέπον
436 5000 519 5061 εἰς
575 4998 726 5068 ὕψος,
789 5004 881 5055 καί
933 5006 1185 5077 οὐδεμιᾶς
1215 5010 1466 5081 ἀνέχεται
1498 5015 1819 5085 περιπεζίας

227 5087 503 5156 ὑφέσεως.
545 5089 891 5161 Ἀεικίνητον,
954 5095 986 5166 ἢ
1042 5096 1131 5151 διὰ
1170 5098 1269 5170 τὴν
1305 5100 1399 5155 τοῦ
1434 5104 1635 5167 παντὸς
1678 5106 1818 5161 κατά

226 5178 545 5249 περιφορὰν
590 5181 822 5251 κίνησιν,
882 5184 914 5254 ἦ
978 5188 1071 5239 καὶ
1116 5188 1248 5242 διότι
1295 5191 1611 5248 άεικινεῖται
1668 5195 1816 5250 ἐνθεν

228 5270 491 5325 κάκεῖθεν
555 5273 653 5342 τὴν
715 5273 846 5344 ὕλην
887 5277 1159 5345 δαπανῶν,
1216 5281 1542 5354 δηλουμένου
1596 5287 1814 5351 ὡσανεὶ,

225 5362 313 5413 ὅτι
390 5360 733 5433 δυσχεραίνει
811 5366 909 5437 τὴν
981 5369 1152 5439 ὕλην,
1227 5374 1320 5426 καὶ
1388 5378 1596 5447 ταχέως
1676 5378 1814 5432 θέλει

226 5454 724 5508 ἀποσκευάσασθαι
756 5457 845 5509 τὸν
877 5459 1089 5531 δεσμόν.
1138 5465 1180 5516 Τ
1186 5466 1530 5537 αὐτοκίνητον
1552 5487 1563 5499 ο
1612 5472 1814 5541 ταύτην

312 5569 337 5604 ε
369 5568 508 5621 Gen.
543 5585 590 5629 ι,
622 5570 676 5622 2.

1926 4558 1986 4602 ut
2049 4548 2118 4603 ab
2195 4556 2421 4619 argento
2506 4546 2784 4617 plumbum
2866 4543 3152 4597 discernit.
3236 4540 3499 4594 lmmuta-

1924 4642 2051 4695 bilis
2114 4652 2246 4706 est,
2327 4648 2599 4709 quatenus
2677 4636 3018 4706 impossibile
3092 4644 3177 4689 est
3246 4643 3497 4689 manente

1927 4734 2214 4802 subjecto,
2290 4733 2395 4788 hoc
2460 4742 2545 4787 est
2603 4732 2791 4785 eadem
2856 4730 2993 4801 ignis
3065 4739 3303 4793 natura,
3338 4724 3500 4795 139

1924 4827 2121 4880 mutari
2170 4828 2346 4894 ipsum
2396 4826 2448 4880 in
2497 4825 2938 4895 proprietatibus,
3001 4821 3144 4876 velut
3192 4835 3314 4875 eum
3376 4820 3491 4872 ﬁeri

1922 4919 2213 4973 rotundum
2271 4919 2354 4972 vel
2410 4917 2763 4988 angularem,
2822 4914 2965 4985 quod
3026 4915 3079 4968 in
3146 4912 3496 4967 terrestribus

1920 5010 2166 5064 inuenire
2215 5011 2370 5075 licet;
2426 5021 2518 5063 aut
2564 5008 2709 5063 aeris
2760 5007 3121 5077 proprietates
3170 5005 3492 5065 admittere,

1919 5103 2060 5156 sicut
2092 5118 2187 5170 per
2215 5102 2660 5172 evaporationem
2688 5098 2996 5167 corrumpi;
3029 5096 3115 5152 vel
3148 5095 3491 5157 condensari,

1922 5197 2006 5251 vel
2036 5199 2179 5252 sicut
2208 5212 2403 5266 aquam
2433 5196 2761 5251 mutationes
2791 5195 3091 5264 suscipere.
3124 5192 3352 5247 Sursum
3382 5190 3492 5245 fer-

1922 5298 2030 5355 tur,
2059 5290 2154 5343 sed
2187 5289 2435 5344 celeriter
2458 5290 2511 5344 in
2542 5288 2710 5342 altum
2745 5302 2994 5356 serpens,
3026 5285 3230 5339 nullam
3258 5284 3482 5339 sustinet

1922 5379 2242 5448 dejectionis
2270 5380 2553 5436 vilitatem.
2584 5379 2814 5449 Semper
2843 5387 3109 5441 movetur,
3142 5376 3261 5430 sive
3291 5390 3485 5429 secun-

1920 5476 2046 5529 dum
2078 5475 2316 5531 universi
2349 5483 2550 5530 motum
2585 5472 2931 5540 circularem,
2958 5460 3072 5527 sive
3102 5469 3244 5538 quod
3274 5481 3485 5535 semper

1545 5676 1776 5732 VARUS
1817 5673 2214 5736 LECTIONES.

303 5733 376 5766 7"
404 5732 469 5794 L.
508 5736 626 5790 κατ’
661 5737 809 5790 αὐτό.
848 5737 939 5792 En.
978 5736 1144 5801 Pun.
