3874 6228
399 333 504 388 547

1537 328 1593 385 S.
1636 329 1939 386 DIONYSll
1969 331 2429 389 AREOPAGITAS

3548 334 3654 389 548

400 444 596 500 ihidem
640 453 918 499 moveatur
952 452 1230 497 mater.am
1262 444 1653 510 consumendo,
1686 446 1956 515 quodam-

2079 447 2187 518 γάρ
2227 448 2319 499 xui
2352 446 2477 516 μίαν
2506 444 2602 515 τὴν
2648 447 2784 515 πρὸς
2823 440 2897 499 τάν
2922 447 3032 500 ἄνω
3086 447 3297 516 κίνησιν
3326 439 3658 516 ἔχει.’Κινή-

399 535 558 592 modo
592 536 904 606 signiﬁcans
928 550 986 588 se
1015 535 1297 589 materiam
1328 534 1596 599 aversari,
1624 544 1680 589 et
1703 536 1813 589 cito
1837 537 1974 592 velle

396 632 512 699 eius
552 628 823 683 vinculum
868 629 1217 695 abrumpere.
1264 624 1457 694 Seipso
1504 636 1792 683 movetur:
1830 629 1974 685 hunc

396 720 542 773 enim
566 727 619 772 et
640 734 802 772 unum
821 718 887 772 ad
906 731 1098 785 supera
1121 725 1321 770 motum
1348 718 1529 771 habet.
1552 716 1728 773 Movet
1749 719 1854 772 alia
1880 734 1975 787 per

398 809 633 863 calorem
664 825 843 873 suum,
891 808 969 861 uti
1000 821 1161 873 supra
1193 805 1446 860 diximus.
1471 806 1974 875 Comprehendendi

398 901 447 952 vi
484 899 691 968 pollet:
727 913 901 966 neque
938 898 1079 950 enim
1124 897 1409 949 materiam
1455 898 1814 953 subintrando
1842 914 1974 953 con-

399 991 596 1053 sumit,
643 990 736 1043 sed
783 989 929 1043 circa
984 987 1129 1042 illam
1188 998 1442 1040 versatur
1501 997 1555 1042 et
1603 989 1969 1057 amplectitur.

398 1082 549 1147 Quod
595 1083 638 1134 si
688 1080 936 1149 inquiras
984 1081 1050 1135 de
1100 1082 1166 1136 iis
1206 1094 1327 1148 quae
1370 1080 1701 1134 intrinsecus
1747 1081 1872 1148 igne
1906 1081 1971 1133 li-

397 1181 691 1239 quescunt,
740 1170 897 1230 scito,
942 1171 1104 1225 etiam
1138 1171 1210 1224 ibi
1245 1186 1311 1224 ex
1344 1179 1501 1237 parte
1543 1169 1776 1237 aliquem
1821 1186 1971 1222 com-

398 1261 615 1330 plexum
660 1260 918 1324 existere,
953 1276 1049 1329 per
1084 1277 1244 1329 quem
1281 1274 1367 1313 res
1420 1259 1663 1327 subjecta
1712 1260 1973 1326 collique-

397 1361 544 1416 scat;
578 1352 656 1405 sic
691 1352 837 1405 enim
884 1352 1047 1405 etiam
1092 1353 1580 1421 incomprehensus
1608 1352 1825 1405 dicitur.
1859 1352 1971 1406 Etsi

397 1442 541 1494 enim
579 1442 799 1495 interius
848 1441 900 1494 in
934 1444 1255 1511 quibusdam
1290 1443 1452 1495 rebus
1504 1443 1836 1511 reperiatur,
1877 1458 1967 1495 ve-

400 1542 701 1587 rumtamen
730 1542 783 1587 et
814 1533 885 1587 ibi
913 1534 1381 1602 circumplectitur
1410 1534 1754 1602 conjunctam
1782 1534 1883 1587 sibi
1915 1543 1972 1588 et

398 1640 560 1693 quam
592 1626 863 1679 consumit
911 1627 1216 1689 materiam,
1243 1635 1297 1680 et
1326 1626 1392 1679 ab
1421 1642 1483 1678 ea
1528 1626 1748 1679 minime
1798 1625 1973 1681 conti-

398 1729 579 1771 netur.
612 1717 725 1771 Non
776 1726 895 1787 eget
937 1718 1145 1772 altero:
1184 1734 1356 1785 neque
1392 1719 1533 1771 enim
1575 1717 1833 1769 miscetur
1880 1734 1973 1769 ne-

398 1825 504 1877 que
537 1808 884 1863 confunditur
907 1825 1028 1863 cum
1063 1809 1246 1875 aliquo
1273 1808 1381 1861 alio
1406 1808 1697 1872 elemento,
1730 1808 1804 1863 uti
1830 1824 1971 1877 aqua

397 1911 451 1956 et
480 1910 655 1965 terra;
680 1913 1009 1968 quaprOpter
1031 1900 1192 1953 etiam
1220 1901 1270 1953 in
1299 1901 1583 1953 elementis
1604 1900 1767 1966 aliqui
1798 1900 1968 1967 ipsum

402 1989 737 2059 μονοούσιον,
776 2002 871 2042 seu
926 1990 980 2041 in
1005 1988 1302 2041 substantia
1328 1989 1628 2042 solitarium
1690 2001 1968 2054 nuncupa-

400 2090 547 2135 runt.
578 2080 729 2134 Clam
780 2092 837 2133 se
881 2078 1174 2146 amplilicat
1204 2098 1216 2132 :
1249 2082 1546 2131 secundum
1599 2077 1742 2130 enim
1792 2076 1973 2130 multi-

398 2171 593 2240 plicem
642 2168 1044 2237 proportionem
1092 2178 1319 2235 augetur
1354 2184 1369 2233 ;
1406 2180 1579 2235 neque
1610 2165 1752 2218 enim
1803 2166 1970 2218 ratio-

400 2276 547 2325 nem,
589 2274 746 2325 quam
792 2258 954 2311 habet
988 2259 1348 2325 praeambusta
1403 2256 1628 2309 materia
1661 2257 1727 2308 ad
1763 2270 1971 2308 assum-

400 2362 546 2420 ptam
574 2351 840 2411 eamdem,
874 2350 1037 2403 etiam
1072 2350 1234 2402 habet
1270 2349 1406 2418 ignis
1435 2349 1528 2416 qui
1564 2350 1613 2401 in
1650 2348 1737 2401 illa
1770 2358 1874 2412 est,
1904 2351 1969 2401 ad

400 2444 581 2512 ignem
611 2441 701 2509 qui
729 2441 782 2493 in
813 2440 912 2493 hac
944 2450 1055 2504 est;
1089 2456 1263 2508 neque
1297 2438 1585 2501 rationem,
1620 2456 1779 2507 quam
1813 2442 1973 2493 habet

398 2542 670 2600 assumpta
699 2532 921 2584 materia
960 2530 1025 2583 ad
1057 2540 1369 2597 utramque,
1397 2531 1602 2583 scilicet
1636 2531 1700 2582 ad
1730 2532 1968 2598 seipsam

398 2634 454 2678 et
486 2623 551 2675 ad
579 2637 699 2674 eam
727 2635 846 2688 quae
892 2628 1050 2672 antea
1082 2620 1485 2683 continebatur,
1513 2622 1755 2675 eamdem
1802 2623 1963 2675 etiam

398 2696 662 2767 rationem
699 2710 863 2763 habet
911 2709 1048 2778 ignis
1095 2710 1184 2777 qui
1220 2719 1404 2778 postea
1436 2726 1697 2765 accensus
1744 2723 1855 2774 cst,
1903 2714 1969 2766 ad

398 2816 522 2854 eum
552 2800 641 2867 qui
674 2814 935 2852 accensus
962 2814 1027 2851 ex
1065 2808 1295 2867 utraque
1325 2801 1569 2855 materia.
1602 2799 1805 2854 Idcirco
1832 2804 1969 2855 dixit

398 2890 647 2954 latenter,
689 2891 945 2957 quoniam
976 2888 1019 2941 si
1055 2894 1297 2957 appOsita
1331 2892 1557 2943 materia
1607 2892 1677 2945 sit
1708 2892 1885 2958 exilis,
1918 2904 1971 2947 et

400 2983 555 3035 valde
588 2982 811 3035 multum
846 2981 895 3033 id
927 2980 1067 3047 quod
1099 2995 1392 3033 accensum
1425 2992 1528 3043 est,
1555 2980 1606 3033 in
1642 2982 1830 3049 capaci
1860 2998 1972 3034 ma-

401 3074 537 3128 tc:ia
588 3088 742 3125 suam
778 3072 982 3126 indicat
1010 3070 1384 3135 niajestatem:
1419 3072 1685 3140 siquidem
1721 3075 1968 3125 omnivo-

2078 539 2229 593 τικὺν
2251 539 2469 609 ἐτέρων·
2502 538 2641 591 κατά
2661 539 2721 591 τὸ
2742 538 2938 609 οερμὸν
2962 537 3173 600 ἑαυτοῦ,
3197 539 3374 601 καθὼς
3394 538 3658 608 ἀνωτέρω

2077 628 2354 696 ἐλέγομεν.
2406 626 2829 697 Περιληπτικόν·
2886 626 3003 678 οὐδὲ
3044 624 3152 694 γάρ
3205 625 3351 686 ἐντὸς
3390 624 3491 691 τῆς
3520 622 3659 691 ὕλης

2080 718 2290 788 χωροῦν
2319 718 2549 789 δαπανᾷ,
2586 717 2717 769 ἀλλὰ
2755 718 2879 787 περὶ
2907 717 3075 786 αὐτὴν
3105 716 3343 777 εἱλεῖται,
3372 716 3466 767 καὶ
3494 732 3657 784 περι-

2076 810 2380 880 δράττεται.
2415 810 2475 859 Εί
2506 808 2559 859 δέ
2608 825 2669 875 γε
2716 809 2978 878 ἀποροίης
3026 809 3151 877 περὶ
3189 807 3295 859 τῶν
3322 806 3534 859 ἔνδοθεν
3576 807 3657 875 τῷ

2079 901 2212 970 πυρὶ
2244 900 2617 970 σμυχομένων,
2644 898 2771 962 ἴσοι,
2798 900 2876 951 ὃτι
2908 899 3127 951 κάκεῖσε
3158 899 3353 967 μερική
3381 915 3465 959 τις
3495 899 3657 966 περί-

2076 992 2236 1061 ληψις
2265 992 2491 1059 γίνεται,
2522 990 2641 1043 καθ’
2671 991 2737 1059 ἣν
2765 990 2826 1043 τὸ
2854 990 3207 1059 ὑποκείμενον
3248 988 3653 1058 ὑποσμύχεται·

2076 1082 2217 1135 οὕτω
2246 1082 2354 1153 γὰρ
2381 1084 2474 1134 xui
2506 1082 2873 1151 ἀπερίληπτον
2900 1080 3131 1147 λέγεται,
3162 1080 3222 1132 Ei
3251 1079 3359 1149 γάρ
3382 1080 3476 1131 xui
3501 1079 3656 1141 sint;

2076 1175 2386 1245 εὑρίσκεται
2435 1173 2493 1225 ἓν
2536 1190 2698 1234 τισιν,
2731 1171 2842 1225 ἀλλ’
2874 1167 2967 1223 οὖν
3016 1170 3233 1223 κάκεῖσε
3285 1169 3525 1239 περιέχει
3554 1167 3657 1237 τὴν

2079 1265 2343 1335 προσεχῆ,
2378 1266 2472 1317 xui
2499 1264 2567 1334 ἣν
2595 1264 2809 1332 δαπανᾷ
2854 1262 3003 1331 ὕλην,
3036 1263 3096 1315 οὐ
3139 1261 3269 1330 παρ’
3299 1260 3469 1329 αὐτῆς
3497 1275 3657 1327 περι-

2075 1358 2276 1426 ἑχεται.
2338 1355 2653 1425 Ἀπροσδεὲς
2703 1355 2916 1425 ἐτέρου·
2949 1352 3067 1404 οὕτε
3106 1352 3211 1422 γὰρ
3245 1352 3496 1421 μίγνυται
3527 1348 3655 1401 οὕτε

2077 1449 2328 1518 κιρνᾶται
2360 1447 2530 1517 ὲτέρῳ
2574 1446 2682 1498 τινὶ
2715 1445 2978 1514 στοιχείῳ,
3011 1445 3086 1506 ὡς
3114 1444 3173 1495 τὸ
3202 1442 3341 1512 ὕδωρ
3369 1442 3464 1493 xui
3490 1442 3522 1509 ἡ
3558 1439 3654 1507 γῆ,

2072 1536 2152 1588 διὸ
2182 1537 2274 1588 xui
2319 1538 2377 1588 ἐν
2420 1536 2702 1605 στοιχείοις
2752 1532 3062 1603 μονοούσιον
3101 1532 3232 1584 αὐτὸ
3280 1547 3422 1593 τινες
3452 1530 3655 1599 κεκλή-

2075 1643 2221 1679 κασι.
2273 1626 2660 1687 Λανθανόντως
2718 1623 3010 1693 αὐξητικὸν
3064 1622 3290 1675 ἑαυτοῦ·
3342 1620 3485 1673 κατά
3544 1620 3658 1691 γὰρ

2077 1718 2506 1770 πολλαπλασίονα
2538 1717 2827 1784 ἀναλογίαν
2856 1715 3170 1779 αὐξάνεται·
3202 1714 3317 1767 οὐδὲ
3337 1713 3445 1783 γὰρ
3473 1713 3531 1766 ὃν
3559 1712 3656 1779 ,λὸ-

2074 1823 2167 1874 γον
2209 1806 2320 1876 ἔχει
2364 1806 2526 1876 τυχὸν
2567 1808 2599 1876 ἡ
2633 1806 3001 1877 τςροκαιομένη
3046 1804 3143 1875 ὕλη
3180 1804 3311 1875 πρὸς
3354 1803 3452 1873 τὴν
3484 1820 3657 1873 προσ-

2074 1898 2509 1969 λαμϐανομένην,
2545 1898 2687 1951 οὕτω
2720 1899 2815 1950 xui
2846 1898 2905 1950 τὸ
2952 1900 3011 1950 ὲν
3050 1896 3231 1966 ἐκείνῃ
3264 1894 3395 1965 πῦρ,
3427 1895 3567 1965 πρὸς
3595 1896 3657 1946 τὸ

2074 1987 2131 2039 ὲν
2180 1986 2355 2057 ταύτῃ
2400 1986 2545 2057 πῦρ·
2580 1987 2699 2040 οὐδὲ
2741 1988 2798 2041 ὃν
2842 1987 2997 2054 λόγον
3039 1986 3149 2055 ἔχει
3179 1988 3211 2056 ἡ
3240 1984 3659 2055 προσλαμϐανο-

2077 2075 2211 2146 μένη
2250 2075 2348 2147 ὕλη
2394 2078 2530 2147 πρὸς
2583 2078 2681 2149 τὴν
2713 2078 3007 2148 συνάμφω,
3054 2079 3250 2147 ἑαυτήν
3299 2094 3358 2128 τε
3405 2077 3500 2128 xui
3554 2077 3658 2148 τὴν

2074 2166 2573 2237 προκατεχομὲνην,
2594 2168 2685 2219 τὸν
2714 2168 2874 2219 αὑτὸν
2904 2166 3057 2234 λόγον
3083 2166 3192 2236 ἔχει
3220 2168 3313 2219 καὶ
3339 2166 3399 2218 τὸ
3427 2165 3659 2235 ὕστερον

2075 2257 2310 2325 ἀναφθὲν
2341 2256 2452 2327 πῦρ
2482 2258 2617 2329 πρὸς
2646 2259 2705 2310 τὸ
2754 2259 2816 2310 ὲκ
2843 2258 2943 2328 τῆς
2974 2258 3234 2327 συνάμφω
3278 2258 3407 2327 ὕλης
3462 2256 3662 2321 ἐξανα-

2076 2349 2357 2419 πτόμενον.
2389 2348 2486 2401 Διά
2512 2349 2668 2402 τοῦτο
2697 2346 2815 2402 είπε
2842 2351 3281 2413 λανθανόντως,
3314 2351 3395 2402 ὅτι
3423 2350 3592 2417 τυχὸν
3625 2351 3661 2419 ἡ

2074 2438 2470 2508 προστιθεμένη
2517 2438 2615 2508 ὕλη
2649 2438 2821 2508 ὀλίγη,
2862 2439 2956 2491 xui
2999 2437 3060 2488 τὸ
3092 2436 3464 2505 ἀναπτόμενον
3515 2435 3669 2504 πάμ-

2074 2530 2227 2591 πολυ,
2260 2532 2393 2600 πρὸς
2420 2530 2517 2593 τὰς
2550 2530 2948 2601 ὑποδεχομένας
2980 2529 3111 2591 ὕλας
3138 2530 3387 2595 ἐκφαῖνον
3430 2527 3529 2596 τὴν
3563 2543 3669 2595 με-

2074 2622 2424 2690 γαλειότητα·
2457 2620 2754 2689 παμφάγον
2783 2622 2891 2691 γάρ
2920 2621 3057 2683 ἐστι,
3086 2620 3179 2671 xui
3219 2618 3431 2680 οὐδενὸς
3481 2616 3669 2684 φείδε-

2071 2730 2159 2764 ται
2187 2711 2278 2765 τοῦ
2322 2711 2608 2781 ξηροτέρου
2639 2712 2847 2780 ταχέως
2894 2710 3346 2779 ἀντιλαμϐάνεται
3367 2726 3379 2738 ·
3408 2709 3470 2760 τὸ
3500 2710 3669 2778 ὑγρόο

2071 2818 2225 2869 τερον
2254 2802 2371 2851 κατ’
2408 2799 2582 2867 ὀλίγον
2614 2801 2749 2871 πρὸς
2782 2800 2883 2870 τὴν
2910 2801 3116 2852 οἰκείαν
3160 2800 3424 2869 ὑποδοχὴν
3464 2800 3668 2871 ἐπιτή-

2072 2894 2207 2945 δειον
2255 2892 2651 2961 ἀπεργάζεται·
2692 2892 2753 2943 τὸ
2782 2890 2983 2962 θερμὸν
3013 2891 3326 2953 οἰκειοῦται,
3357 2892 3417 2942 τὸ
3446 2890 3668 2960 ψυχρὸν

2073 2984 2331 3053 ὲκπυροί·
2368 2983 2460 3034 xui
2509 2981 2691 3044 ἁπλῶς
2728 2982 2979 3035 παντοῖόν
3026 2983 3143 3033 ἐστι
3185 2980 3325 3033 κατά
3354 2980 3453 3050 τὴν
3500 2980 3670 3033 δύνα-

2077 3092 2188 3143 μιν,
2233 3075 2325 3126 xui
2363 3072 2684 3144 δραστήριον
2722 3073 2963 3136 δυνατὸν,
2995 3074 3166 3126 ἅπασι
3208 3072 3469 3143 πάρεστιν
3497 3073 3673 3142 ἀορά-

402 3178 497 3217 rax
528 3173 643 3226 est,
692 3172 747 3216 et
783 3163 913 3215 nulli
968 3163 1141 3231 parcit
1177 3184 1187 3216 ;
1227 3162 1277 3219 id
1311 3163 1456 3229 quod
1504 3162 1702 3217 siccius
1733 3174 1815 3217 est
1861 3165 1967 3218 cito

2075 3180 2177 3226 τως
2218 3164 2661 3233 κατεσπαρμένον
2690 3164 2747 3215 ὲν
2776 3163 2853 3233 τῷ
2884 3165 3077 3216 παντί·
3114 3166 3206 3217 xui
3239 3163 3431 3216 δοκοῦν
3463 3164 3537 3236 μὴ
3579 3160 3669 3217 εἷο

400 3256 787 3323 apprchendit;
824 3256 873 3308 id
907 3255 1050 3322 quod
1100 3254 1372 3307 humidius
1417 3264 1523 3321 est,
1555 3255 1757 3308 sensim
1788 3257 1852 3308 ad
1882 3257 1962 3310 sui

400 3348 802 3415 susceptionem
866 3357 1047 3414 aptum
1098 3345 1260 3399 cllicit
1309 3364 1321 3398 :
1370 3347 1605 3400 calorem
1674 3350 1965 3416 conciliat,

403 3438 569 3507 frigus
600 3436 909 3502 lervcfacit;
940 3438 1330 3505 etsimpliciter
1350 3437 1619 3505 quidlibet
1641 3450 1723 3493 est
1748 3442 1968 3507 virtute,

400 3539 483 3584 est
521 3527 731 3592 elﬁcax,
772 3538 982 3597 potens,
1008 3528 1256 3581 oinnibus
1302 3528 1847 3597 invisibiliteradest,
1880 3552 1966 3589 as-

400 3641 593 3693 persus
624 3624 772 3678 omni
824 3624 931 3687 rei;
965 3632 1019 3677 et
1052 3624 1176 3676 dum
1209 3624 1423 3678 videtur
1467 3641 1571 3678 non
1607 3640 1743 3690 esse,
1796 3629 1969 3697 negli-

402 3716 566 3784 gitur,
609 3713 863 3768 terribilis
887 3721 967 3767 est
994 3721 1048 3765 et
1080 3713 1450 3767 intolerabilis.
1472 3714 1671 3767 Attritu
1706 3716 1849 3768 velut
1883 3719 1968 3770 iu-

403 3807 597 3876 dagine
622 3805 886 3873 quadam,
914 3803 1092 3857 subito
1126 3814 1183 3856 ut
1209 3804 1454 3871 subjecto
1482 3807 1851 3858 connaturalis
1878 3822 1973 3875 ap-

403 3902 576 3961 paret,
606 3903 658 3947 et
690 3908 904 3945 rursum
940 3893 1342 3947 incontinenter
1382 3894 1578 3959 avolat,
1610 3896 1751 3949 sicut
1787 3896 1969 3951 videre

403 3985 532 4037 licet
560 3983 613 4036 in
643 3983 892 4037 scintillis
914 3998 943 4036 e
972 3983 1120 4037 silice
1146 3982 1303 4053 140
1326 3986 1591 4040 excussis.
1623 3985 1677 4039 lu
1712 3988 1968 4043 omnibus

404 4073 486 4125 sui
517 4072 1015 4137 commnniouibus,
1059 4072 1444 4138 calel‘aciendo,
1496 4077 1717 4140 urendo,
1763 4081 1963 4132 astrin-

406 4165 599 4234 gendo,
644 4164 1014 4225 illuminando,
1048 4165 1369 4231 czeterisque
1414 4166 1634 4220 minime
1679 4168 1963 4223 minuitur.

405 4258 719 4325 Complures
771 4258 898 4310 item
947 4255 1079 4308 alias
1126 4255 1246 4323 quis
1294 4256 1535 4309 invenire
1587 4267 1767 4325 posset
1827 4260 1966 4327 ignis

403 4351 797 4418 proprietates,
846 4348 991 4401 velut
1053 4347 1312 4415 quasdam
1374 4346 1570 4400 divina:
1629 4349 1966 4405 ellicacitatis

2073 3272 2178 3317 ναι,
2211 3254 2506 3323 ἀμελεῖται,
2544 3256 2603 3307 τὸ
2651 3256 2876 3327 φοϐερόν
2924 3273 2982 3307 τε
3012 3256 3105 3307 xui
3149 3256 3541 3309 ἀνυπόστατον.
3580 3259 3670 3328 Τῇ

2072 3350 2249 3421 τρίψει
2276 3351 2331 3403 δὲ
2360 3351 2609 3421 καθάπερ
2636 3353 2742 3404 τινὶ
2764 3352 2988 3422 ζητήσει
3015 3351 3274 3420 ἐξαίφνης
3302 3352 3378 3414 ὡς
3411 3352 3672 3421 συμφυὲς

2073 3443 2151 3513 τῷ
2180 3444 2523 3514 ὑποκειμένῳ
2552 3444 2927 3512 ἀναφαίνεται,
2957 3444 3050 3495 xui
3078 3439 3234 3505 αὖθις
3259 3442 3672 3512 ἀκαταλήκτως

2076 3537 2394 3604 ἀφίπταται,
2429 3535 2608 3598 καθὼς
2639 3535 2785 3588 ἐστιν
2817 3538 2949 3606 ὁρᾷν
2980 3537 3039 3590 ἐν
3070 3540 3183 3599 τοῖς
3220 3537 3329 3589 ἀπὸ
3364 3536 3459 3588 τοῦ
3510 3535 3669 3588 λίθου

2082 3628 2423 3698 σπινθῆρσιν.
2478 3630 2564 3681 Ἐν
2596 3629 2796 3691 πάσαις
2822 3631 2942 3690 ταῖς
2991 3627 3157 3681 αὐτοῦ
3209 3628 3550 3699 μεταδόσεσι,
3596 3633 3671 3699 τῇ

2079 3718 2286 3790 θερμῇ,
2316 3722 2381 3789 τῇ
2418 3722 2705 3789 καυστικῇ,
2738 3722 2805 3790 τῇ
2841 3723 3196 3789 στεγνωτικῇ,
3228 3722 3293 3790 τῇ
3330 3723 3669 3788 φωτιστικῇ,

2079 3812 2170 3864 καὶ
2207 3815 2326 3873 ταῖς
2365 3811 2549 3875 ἄλλαις
2594 3812 2879 3882 ἀμείωτον.
2910 3813 3020 3865 Καὶ
3053 3810 3253 3873 πολλάς
3283 3827 3369 3872 τις
3414 3809 3481 3862 ἂν
3512 3808 3674 3881 εὕροι

2076 3900 2175 3962 τὰς
2205 3901 2299 3952 τοῦ
2335 3902 2503 3971 πυρὸς
2536 3902 2821 3970 ἰδιότητας,
2853 3903 3066 3965 είκὸνας
3104 3900 3254 3962 τινὰς
3296 3901 3396 3969 τῆς
3442 3899 3675 3970 Οεαρχι-

2078 3993 2179 4062 κῆς
2209 3994 2507 4063 ἐνεργείας,
2540 3996 2675 4065 πρὸς
2705 3995 2770 4058 ἃς
2816 3996 2907 4048 xui
2948 3993 3046 4057 τὰς
3092 3994 3353 4063 οὐρανίας
3405 3992 3675 4062 δυνάμεις

2070 4084 2119 4134 οἱ
2161 4083 2403 4153 θεόσοφοι
2436 4085 2868 4148 διαπλάττουσιν,
2922 4086 3275 4157 ἐμφαίνοντες
3317 4084 3523 4148 αὐτῶν,
3570 4087 3675 4138 xui

2072 4174 2213 4227 κατά
2238 4176 2402 4243 ⁵τοῦτο
2431 4177 2491 4229 τὸ
2535 4177 2762 4240 Θεοειδὲς
2795 4179 2885 4229 xui
2929 4178 3005 4239 ὡς
3035 4176 3254 4245 ἐφικτὸν
3307 4175 3670 4245 Θεομίμητον,

2073 4267 2153 4317 ὃτι
2181 4270 2298 4330 ταῖς
2326 4267 2517 4329 είκόσι,
2549 4267 2667 4319 καθ’
2698 4267 2764 4329 ἃς
2794 4268 2853 4320 τὸ
2886 4266 3028 4319 θεῖον
3057 4266 3405 4329 είκονίζεται,
3434 4267 3672 4330 ταύταις

2074 4358 2311 4429 χρῶνται
2341 4360 2433 4412 καὶ
2464 4360 2554 4411 ἐπὶ
2580 4359 2687 4411 τῶν
2710 4359 2977 4429 οὐρανίων
3004 4358 3303 4427 δυνάμεων.

404 4440 693 4506 imagines,
729 4439 795 4492 ad
822 4454 956 4508 quas
996 4437 1153 4506 periti
1201 4452 1379 4490 rerum
1413 4438 1717 4491 divinarum
1764 4442 2012 4499 cwlestes
2057 4459 2287 4505 virtutes
2328 4451 2609 4519 ellingunt,
2645 4467 2739 4519 per
2772 4452 2872 4503 hoc
2897 4450 3105 4503 illarum
3130 4448 3557 4503 deiformitatem
3604 4466 3672 4505 ac

402 4529 660 4593 divinam,
701 4539 958 4598 quantum
992 4528 1096 4592 fas,
1130 4528 1481 4581 imitationem
1523 4529 1879 4596 declarantes,
1934 4536 2058 4590 dum
2092 4539 2281 4594 iisdem
2326 4540 2682 4609 imaginibus,
2734 4538 2929 4607 quibus
2989 4536 3231 4593 divinum
3300 4536 3516 4592 Numen
3568 4554 3672 4593 ex—

404 4623 668 4690 primunt,
721 4621 773 4673 in
826 4621 1141 4675 cmlestibus
1189 4634 1404 4687 quoque
1452 4620 1744 4677 virtutibus
1794 4636 2041 4686 utuntur.

472 4715 500 4785 ξ
530 4714 613 4769 lll.
652 4716 760 4767 Cur
794 4724 971 4767 autem
1006 4714 1266 4766 humanas
1299 4713 1501 4766 formas
1535 4715 1601 4769 iis
1636 4718 1957 4771 ascribunt?

2144 4725 2170 4795 §
2205 4724 2289 4779 111.
2315 4725 2413 4776 Διά
2438 4723 2489 4775 τί
2517 4724 2572 4775 δὲ
2607 4722 3109 4792 ἀνθρωπομόρφους
3137 4722 3552 4791 ἀναγράφουσι;
3580 4723 3676 4776 διὰ

405 4814 625 4875 propter
652 4805 763 4857 vim
800 4806 1151 4873 intelligendi.
1194 4805 1380 4873 Augeli
1422 4807 1567 4859 enim
1619 4809 1715 4862 toti
1762 4818 1967 4863 mentes

405 4904 563 4957 sum;
594 4902 648 4947 et
681 4894 933 4959 quoniam
959 4909 988 4945 a
1021 4893 1127 4947 Deo
1157 4895 1513 4962 illustrantur,
1555 4898 1888 4967 intelligendi
1922 4897 1973 4950 vi

406 4984 628 5056 pollent.
674 4980 813 5046 Quin
856 4992 910 5035 et
941 4983 1185 5037 homines
1225 5001 1440 5056 quoque
1488 4998 1723 5041 mentem
1773 4987 1973 5041 habent

406 5078 599 5130 anima:
636 5074 851 5135 ducem,
896 5074 948 5125 in
981 5090 1083 5139 qua
1123 5078 1356 5142 primum
1404 5079 1492 5132 Dei
1534 5080 1826 5133 illustratio
1856 5079 1972 5133 ori-

410 5177 514 5229 tur,
559 5174 720 5231 atque
753 5163 824 5214 ita
857 5162 1114 5229 spiritalis
1159 5165 1419 5229 ellicitur;
1473 5179 1582 5221 tum
1626 5171 1769 5239 quod
1808 5171 1968 5223 homo

408 5254 624 5310 videndi
659 5254 801 5306 vires
835 5253 1032 5306 habeat
1076 5254 1139 5307 ad
1186 5258 1458 5312 anteriora
1507 5275 1818 5325 conversas,
1854 5261 1968 5330 (qui

409 5349 550 5401 enim
572 5386 587 5410 ,
614 5344 765 5412 juxta
793 5344 1127 5412 prophetam,
1160 5363 1263 5403 non
1294 5360 1371 5403 est
1398 5352 1544 5418 gravi
1574 5354 1728 5405 corde
1770 5353 1841 5417 ι’,
1874 5372 1965 5411 su-

412 5452 539 5503 pera
572 5443 800 5503 spectat,
835 5448 944 5502 pra:
976 5436 1187 5490 caneris
1214 5439 1580 5494 animantibus
1610 5457 1729 5509 qua:
1763 5454 1979 5502 terram‘

412 5538 758 5595 contueutur,
790 5542 845 5583 et
873 5530 1084 5585 videndi
1116 5532 1266 5588 vires
1301 5534 1447 5587 humi
1482 5536 1685 5591 deiian
1718 5539 1969 5611 habent);

418 5629 530 5673 tum
563 5622 725 5674 etiam
761 5630 978 5689 pr0pter
1024 5622 1208 5679 fornice
1240 5626 1625 5681 rcctitudincm
1657 5636 1708 5682 et
1746 5632 1973 5687 erectio-

500 5731 546 5769 "
572 5729 714 5783 Psal.
743 5745 819 5796 IV,
849 5730 901 5785 5.

2077 4816 2138 4867 τὺ
2169 4819 2373 4888 νοερόν.
2407 4822 2468 4873 Oi
2503 4822 2598 4890 μὲν
2632 4820 2739 4890 γάρ
2768 4820 3009 4888 ἄγγελοι,
3034 4820 3094 4871 τὸ
3125 4822 3231 4872 πᾶν
3256 4820 3374 4882 νόες
3404 4821 3542 4872 εἰσί·
3573 4821 3674 4874 καὶ

2078 4908 2135 4959 ὲν
2168 4908 2244 4978 τῷ
2270 4912 2417 4982 παρά
2462 4912 2594 4965 Θεοῦ
2624 4912 2993 4982 ὲλλάμπεσοαι
3021 4914 3205 4984 νοερὸν
3233 4914 3434 4981 ἔχουσι.
3468 4918 3582 4968 Καὶ
3619 4921 3671 4971 oi

2078 4999 2351 5071 ἅνθρωποι
2380 5004 2502 5056 νοῦν
2534 5006 2623 5057 τὸν
2653 5005 2895 5074 ἡγεμόνα
2932 5005 3031 5075 τῆς
3061 5004 3260 5073 ψυχῆς,
3303 5008 3383 5067 είς
3425 5006 3484 5056 ὃν
3518 5009 3675 5077 πρώ-

2075 5106 2183 5153 τως
2225 5094 2316 5143 καὶ
2340 5095 2372 5161 ἡ
2404 5092 2524 5147 θεία
2558 5094 2819 5166 ἔλλαμψις
2851 5095 3093 5162 γίνεται,
3143 5096 3236 5147 xui
3277 5094 3463 5165 νοερδς
3510 5090 3674 5160 οὗτος

2076 5179 2528 5234 ἀποκαθίσταται·
2568 5185 2752 5255 ἕτερον
2783 5184 2869 5236 διὰ
2913 5185 2973 5236 τὸ
3002 5185 3139 5255 πρὸς
3167 5184 3229 5236 τὸ
3262 5184 3490 5246 ἄναντες
3524 5185 3674 5255 ἔχειν

2076 5267 2172 5329 τὰς
2209 5270 2436 5333 ὀπτικάς
2484 5274 2738 5344 δυνάμεις
2769 5274 2860 5326 τὸν
2906 5275 3195 5345 ἄνθρωπον
3243 5274 3515 5344 (ἀνανεύει
3561 5274 3674 5343 γάρ

2077 5361 2105 5411 ὁ
2137 5361 2209 5430 μὴ
2245 5364 2383 5415 κατὰ
2416 5366 2505 5419 τὸν
2541 5370 2821 5438 προφήτην
2832 5367 3257 5436 βαρυχάρδιος,
3289 5368 3402 5420 ἄνω
3431 5367 3541 5420 τῶν
3575 5370 3676 5421 ἆλ-

2077 5452 2182 5504 λων
2222 5454 2395 5517 ζώων,
2432 5458 2525 5507 xui
2560 5459 2638 5520 είς
2667 5460 2770 5528 γῆν
2810 5459 3133 5527 βλεπόντων,
3168 5461 3261 5512 καὶ
3302 5458 3399 5521 τὰς
3432 5459 3670 5521 ὀπικάς

2077 5541 2329 5612 δυνάμεις
2372 5547 2505 5618 πρὸς
2549 5548 2609 5598 τὸ
2657 5550 2920 5613 κάταντες
2969 5550 3252 5619 ἐχόντων),
3300 5550 3427 5603 ἄλλο
3467 5551 3558 5603 διὰ
3607 5550 3673 5600 τὸ

2078 5633 2168 5685 τοῦ
2204 5637 2475 5707 σχήματος
2517 5640 2641 5693 εὐθῦ
2688 5644 2779 5694 xui
2808 5642 2985 5713 ὄρθιον
3031 5643 3312 5713 (ἰουτενεῖς
3370 5642 3481 5715 γὰρ
3532 5642 3670 5714 πί)δῖ
