3874 6228
243 310 353 364 549

748 311 840 368 DE
870 313 1216 372 C(ELESTI
1249 316 1703 387 HIERARCHIA,
1738 321 1894 379 CAP.
1934 321 2066 378 XVI
2089 354 2160 364 —
2189 321 2536 379 PARAPHR.
2573 323 3043 383 ΡΑΟΗΥΜΕΒΒ.

3421 329 3526 386 550

239 429 312 480 τὰ
341 431 457 483 ἀνω
494 429 591 482 καὶ
633 431 684 482 οἱ
728 429 862 484 θεῖοι
906 432 1162 501 ἄγγελοι,
1188 436 1322 489 ὅπου
1365 454 1428 505 γε
1469 439 1561 491 καὶ
1601 438 1711 491 τῶν
1756 439 1832 492 ἀν·

1954 453 2076 494 nem
2101 439 2300 510 (angeli
2323 439 2466 494 enim
2491 437 2659 492 divini
2691 438 2758 491 ad
2775 453 3007 506 superna
3028 447 3153 493 sunt
3173 444 3364 507 erecti,
3386 448 3529 500 unde

241 519 483 591 θρώπων
509 521 559 574 οἱ
600 521 671 574 τὰ
708 522 820 577 ἂνω
851 522 1140 594 ζητοῦντες
1170 527 1246 590 ὼς
1272 529 1513 596 φοίνικες
1542 529 1723 583 ἀνθεῖν
1753 530 1840 584 λέ-

240 629 454 681 γονται,
487 617 582 668 καὶ
611 616 688 679 ὡς
713 615 893 689 κέδροι
916 617 1325 691 πληθύνεσθαι),
1348 623 1446 675 καὶ
1483 622 1572 677 διά
1594 621 1659 675 τὸ
1699 621 1840 675 κατὰ

242 705 409 774 φύσιν
437 707 668 778 ἀρχικὸν
697 709 792 761 καὶ
827 710 1156 780 ἡγεμονικὸν
1199 711 1308 766 τῶν
1354 712 1677 784 ἀνθρώπων.
1716 716 1837 768 κατ’

240 800 429 852 είκόνα
473 799 820 854 πλασθέντων
860 801 996 855 Θεοῦ
1029 804 1121 856 καὶ
1161 803 1418 873 ὁμοίωσιν
1473 805 1621 876 (περὶ
1649 799 1722 858 ὧν
1754 806 1840 859 λέ-

241 908 401 958 γεται
427 909 440 921 '
466 893 576 945 Καὶ
607 893 927 964 ἀρχέτωσαν
956 894 1064 947 τῶν
1101 894 1295 965 ἰχθύων
1320 898 1414 951 καὶ
1441 897 1552 950 τῶν
1579 899 1839 952 πετεινῶν

239 985 337 1038 τοῦ
372 985 666 1056 ούρανοῦ),
693 987 786 1039 καὶ
819 986 906 1039 διὰ
928 988 989 1040 τὸ
1018 988 1334 1059 αἰσθητικὸν
1363 991 1462 1060 μὲν
1488 991 1666 1060 ὀλίγον
1695 992 1838 1063 ἔχειν

237 1078 332 1130 τὸν
385 1075 692 1148 ἄνθρωπον,
741 1079 817 1142 ὡς
875 1079 1012 1150 πρὸς
1061 1079 1159 1143 τὰς
1213 1080 1409 1146 λοιπὰς
1469 1083 1578 1137 τῶν
1625 1083 1838 1152 ἀλόγων

238 1168 398 1232 ζώων
443 1169 730 1238 δυνάμεις,
774 1171 1104 1242 κρατητικὸν
1145 1172 1201 1226 δὲ
1247 1174 1467 1228 πάντων
1501 1179 1568 1247 τῇ
1614 1177 1709 1229 τοῦ
1745 1177 1836 1231 νοῦ

236 1261 501 1331 δυνάμει,
551 1263 644 1313 καὶ¹
688 1264 754 1332 τῇ
808 1261 950 1315 κατά
990 1263 1212 1337 λογικὴν
1246 1268 1557 1339 ἐπιστήμην
1609 1269 1838 1342 ἐπικρα-

235 1351 382 1422 τείᾳ.
418 1350 591 1404 Τοῦτο
620 1351 677 1404 δέ
702 1352 819 1404 ἐστι
855 1353 1116 1418 τοιοῦτον,
1147 1356 1227 1408 ὅτι
1262 1358 1310 1408 οί
1341 1357 1620 1429 ἄνθρωποι
1658 1357 1839 1428 ὀλίγον

235 1446 297 1498 τὸ
329 1445 453 1499 κατ’
489 1444 743 1514 αἴσθησιν
777 1446 960 1516 έχουσι
993 1447 1132 1518 πρὸς
1171 1448 1241 1501 τά
1281 1448 1415 1503 ἄλλα
1453 1448 1596 1514 ςῶα’
1641 1451 1711 1505 τὰ
1740 1455 1838 1524 μὲν

234 1536 349 1608 γὰρ
383 1535 556 1604 ἄλογα
596 1535 658 1588 τὸ
686 1536 793 1588 πᾶν
827 1535 1078 1607 αἴσθησίς
1101 1539 1235 1590 εἰσι·
1264 1538 1329 1592 δι’
1362 1534 1430 1610 ἦς
1463 1541 1556 1593 καὶ
1577 1541 1836 1594 διοικοῦν-

233 1647 327 1684 ται
356 1628 560 1699 ἀνόητα
587 1629 736 1681 ὄντα.
786 1627 873 1680 Ἐν
889 1631 1023 1699 ἡμῖν
1046 1628 1103 1682 δέ
1130 1628 1304 1701 βραχὺ
1329 1631 1391 1683 τὸ
1411 1629 1752 1701 αἰσθητικόνο
1775 1634 1835 1688 ού

236 1722 348 1792 γὰρ
369 1721 436 1774 δι’
461 1719 624 1774 αὑτοῦ
651 1719 1037 1790 συνιστάμεθα,
1071 1719 1206 1774 ἀλλά
1230 1720 1317 1777 διά
1342 1722 1437 1775 τοῦ
1465 1723 1675 1796 νοεροῦ.
1715 1725 1837 1778 Ἐπὶ

232 1815 292 1868 δὲ
319 1813 431 1869 τῶν
453 1812 702 1882 ἀγγέλων
725 1811 846 1866 οὐδὲ
873 1812 933 1865 τὸ
971 1811 1312 1885 βραχύτατόν
1353 1814 1470 1866 ἐστι
1502 1813 1611 1869 τῶν
1645 1815 1837 1888 αἰσθή-

236 1921 401 1968 σεων,
429 1904 568 1958 ἀλλά
595 1906 766 1968 τύπος
800 1903 1005 1976 βραχὺς
1030 1903 1256 1958 ἐκείνων
1290 1905 1359 1959 τὰ
1387 1906 1509 1960 καθ’
1539 1908 1707 1978 ἡμᾶς.
1749 1908 1835 1973 Ὠς

231 1997 346 2068 γὰρ
366 1998 416 2051 ot
444 1995 690 2066 ἄγγελοι,
726 1995 801 2068 μὴ
825 1996 1156 2067 κεχρημένοι
1186 1999 1299 2060 τοῖς
1331 1997 1452 2050 καθ’
1469 2001 1502 2070 ή
1513 2001 1619 2071 μᾶς
1644 1998 1836 2070 αἰσθη-

230 2092 472 2162 τηρίοις,
515 2089 658 2144 κατά
688 2088 825 2144 πολὺ
855 2091 1183 2162 ὑπερέχουσι
1214 2089 1293 2163 τῷ
1320 2092 1566 2163 περιόντι
1594 2091 1694 2162 τῆς
1721 2109 1836 2145 νοε-

233 2186 339 2254 ρᾶς
382 2184 692 2253 δυνάμεως·
735 2183 876 2236 οὕτω
925 2184 1019 2236 καὶ
1063 2185 1112 2236 οἱ
1158 2183 1434 2255 ἄνθρωποι
1482 2187 1550 2256 τῇ
1598 2183 1693 2236 τοῦ
1741 2183 1833 2237 νοῦ

233 2279 507 2347 ὑπεροχῇ,
545 2277 640 2328 καὶ
666 2278 732 2347 τῇ
777 2276 967 2347 λογικῇ
1015 2277 1317 2349 ἐπιστήμῃ,
1345 2277 1446 2346 τῆς
1491 2276 1687 2346 ἀλόγου
1733 2277 1834 2346 φύ-

233 2384 378 2429 σεως
405 2367 686 2437 κρατοῦσι.
713 2365 795 2418 Τὰ
829 2365 958 2435 γοῦν
988 2367 1187 2434 ἄλογα,
1225 2366 1300 2438 μὴ
1345 2365 1533 2436 ἔχοντα
1555 2368 1649 2421 τὸν
1685 2367 1830 2432 νοῦν,

230 2461 463 2524 εἰκότως
479 2460 816 2531 δραστικὼτε
827 2477 893 2531 ρα
925 2461 1018 2513 καὶ
1037 2459 1264 2531 ὀξύτερα
1279 2459 1418 2513 κατά
1429 2461 1528 2524 τὰς
1553 2461 1834 2531 αίσθῂσεις

230 2555 398 2617 εἰσὶν,
427 2553 617 2624 ὥσπερ
646 2553 740 2606 καὶ
773 2552 843 2606 τὰ
866 2551 1028 2622 φυτὰ,
1063 2553 1138 2624 μὴ
1168 2552 1358 2623 ἔχοντα
1390 2552 1662 2624 αἴσθησιν,
1691 2555 1832 2607 κατά

226 2648 335 2711 τὰς
382 2647 618 2718 φυσικὰς
664 2647 975 2716 ἐνεργείας,
1014 2646 1112 2718 τὴν
1161 2646 1478 2720 θρεπτικὴν,
1523 2647 1622 2720 τὴν
1664 2646 1832 2718 αὐξη’

223 2741 416 2811 τικὴν,
445 2741 536 2792 καὶ
578 2738 676 2810 τὴν
707 2739 800 2792 τοῦ
846 2741 1039 2810 γεννᾷν
1083 2739 1145 2795 τὺ
1186 2741 1398 2811 ὅμοιον,
1442 2741 1834 2812 ἐνεργεστέρας

223 2831 443 2905 ἔχουσι.
474 2831 570 2883 Διά
599 2829 759 2886 τοῦτο
797 2831 905 2902 γὰρ
945 2832 1038 2885 καὶ
1087 2829 1226 2895 ζώου
1272 2831 1665 2896 κολοϐωθέντος
1694 2833 1836 2886 κατά

221 2943 306 2987 τι,
357 2925 417 2978 ού
457 2923 679 2977 δύναται
724 2923 989 2994 ἀναθῆλαι
1025 2923 1086 2976 τὸ
1123 2924 1306 2979 λεῖπον
1340 2925 1532 2996 μέροςί·
1571 2924 1739 2995 φυτοῦ
1777 2927 1834 2982 δέ

228 3018 442 3090 μέρους
480 3015 826 3080 ἐκκοπέντος,
857 3018 890 3087 ἡ
914 3016 1247 3089 ἀναθήλησις
1277 3018 1476 3072 πλείων
1504 3018 1734 3086 γίνεται,
1758 3021 1834 3083 ὠς

225 3107 642 3179 πλεοναζούσης
703 3109 763 3162 ἐν
823 3108 1038 3172 τούτοις
1095 3111 1194 3180 τῆς
1248 3110 1479 3180 φυτικῆς
1528 3109 1829 3182 δυνάμεως.

1937 537 1994 602 et
2013 529 2256 583 homines
2272 528 2362 597 qui
2392 542 2625 597 superna
2651 536 2916 596 spectant,
2937 536 2994 580 ut
3010 529 3290 597 phmnices
3309 531 3523 598 ﬂorere,

1942 629 2000 675 et
2047 629 2307 690 tanquam
2363 621 2509 673 cedri
2565 617 2912 686 multiplicari
2957 620 3366 692 perhibentur);
3415 635 3524 678 tum

1943 710 2104 764 etiam
2147 721 2368 781 propter
2421 710 2699 763 hominum
2745 709 3045 764 naturalem
3083 712 3422 782 principandi
3473 729 3528 768 et

1943 802 2247 871 imperandi
2273 800 2712 871 praerogativam,
2745 809 2802 853 ut
2823 801 2912 870 qui
2945 803 3012 856 ad
3045 803 3333 874 imaginem
3369 815 3425 861 et
3453 809 3526 861 si-

1943 895 2304 949 militudinem
2358 894 2451 948 Dei
2493 893 2622 948 facti
2657 902 2783 948 sunt
2827 895 2921 960 (de
2956 896 3157 964 quibus
3185 898 3381 952 dicitur
3410 916 3424 953 :
3460 899 3526 954 Et

1940 987 2167 1054 praesint
2207 985 2467 1055 piscibus,
2507 994 2561 1038 et
2603 984 2915 1040 volucribus
2955 989 3081 1041 caedi
3107 987 3187 1058 h);
3223 996 3335 1043 tum
3381 992 3525 1059 quod

1944 1080 2136 1144 homo,
2179 1077 2428 1145 quamvis
2477 1090 2638 1130 sensu
2683 1077 2903 1146 quidem
2947 1089 3266 1134 caaterorum
3299 1095 3522 1151 compa-

1942 1173 2157 1227 ratione
2186 1176 2497 1239 brutorum,
2529 1176 2752 1229 minime
2800 1173 3000 1239 valeat,
3046 1175 3300 1230 omnibus
3339 1187 3519 1233 tamen

1942 1265 2170 1334 imperet
2201 1268 2483 1334 praestanti
2530 1268 2580 1320 vi
2615 1267 2836 1332 mentis,
2868 1281 2933 1320 ac
2961 1266 3307 1323 rationabilis
3346 1269 3524 1325 scien-

1943 1357 2031 1411 tia:
2071 1357 2368 1414 dominatu.
2422 1357 2534 1413 Hoc
2582 1371 2763 1413 autem
2797 1359 2870 1413 ita
2920 1375 2982 1415 se
3032 1359 3218 1428 habet,
3262 1362 3522 1430 quoniam

1940 1447 2188 1503 homines
2235 1463 2427 1517 parum
2474 1449 2603 1517 quid
2652 1449 2718 1504 de
2772 1465 2937 1505 sensu
2992 1449 3234 1516 habent,
3274 1463 3522 1521 respectu

1941 1537 2171 1590 aliorum
2204 1537 2523 1592 animalium
2551 1555 2564 1592 :
2599 1537 2756 1592 bruta
2788 1539 2932 1593 enim
2971 1555 3196 1608 prorsus
3223 1550 3352 1594 sunt
3395 1555 3522 1596 sen-

1941 1642 2054 1693 sus,
2100 1643 2206 1696 quo
2240 1627 2402 1683 etiam
2434 1639 2714 1698 reguntur,
2753 1644 2877 1684 cum
2923 1631 3035 1684 sint
3066 1631 3428 1686 irrationalia.
3459 1632 3520 1686 In

1941 1717 2099 1772 nobis
2127 1725 2309 1771 autem
2341 1718 2611 1773 modicum
2639 1719 2768 1788 quid
2793 1729 2877 1773 est
2907 1719 3140 1775 sensile:
3174 1736 3349 1791 neque
3377 1724 3521 1776 enim

1869 1830 1911 1886 Β
1939 1824 2006 1864 ex
2036 1823 2104 1865 eo
2132 1819 2473 1875 constamus,
2503 1811 2599 1866 sed
2639 1827 2705 1866 ex
2742 1811 3068 1866 intellectili.
3098 1810 3154 1866 In
3191 1813 3400 1884 angelis
3427 1828 3522 1868 au-

1940 1911 2046 1956 tem
2077 1915 2253 1965 neque
2285 1901 2563 1956 minimum
2591 1903 2722 1972 quid
2752 1915 2836 1957 est
2882 1917 3163 1970 sensuum,
3198 1919 3388 1960 verum
3425 1919 3522 1960 no-

1936 1993 2129 2048 stratia
2175 2001 2301 2049 sunt
2351 1993 2503 2049 rudis
2534 1993 2748 2048 illorum
2801 1994 2999 2065 ﬁgura.
3049 1994 3519 2062 Quemadmodum

1937 2086 2103 2157 igitur
2131 2086 2308 2157 angeli
2347 2101 2472 2142 cum
2513 2102 2620 2142 non
2658 2094 2878 2142 utantur
2921 2087 2988 2143 iis
3031 2088 3229 2158 quibus
3256 2103 3358 2144 nos
3397 2101 3520 2143 sen-

1937 2193 2093 2235 suum
2142 2177 2539 2242 instrumentis,
2578 2177 2875 2247 plurimum
2925 2177 3260 2232 antecellunt
3313 2177 3520 2232 intelli-

1937 2269 2136 2342 gentiis
2165 2269 2320 2339 copia
2354 2268 2668 2332 facultatis;
2701 2267 2781 2322 sic
2813 2268 2981 2322 etiam
3020 2268 3274 2323 homines
3319 2271 3520 2324 mentis

1937 2363 2256 2418 excellentia
2288 2371 2340 2416 et
2403 2360 2703 2415 ratiocinali
2741 2359 2972 2415 scientia
3019 2360 3394 2417 irrationalem
3429 2379 3522 2417 su-

1936 2466 2128 2525 perant
2159 2465 2439 2508 naturam.
2481 2453 2645 2506 Bruta
2679 2453 2883 2521 itaque,
2914 2466 3034 2519 qua:
3074 2461 3255 2506 mente
3295 2463 3517 2520 carent,

1937 2542 2131 2596 merito
2159 2540 2466 2598 elIicaciora
2493 2555 2623 2597 sunt
2658 2551 2714 2596 et
2748 2540 3017 2596 celeriora
3057 2543 3358 2598 secundum
3392 2561 3522 2598 sen-

1937 2648 2070 2702 sus;
2121 2635 2683 2704 quemadmodumtet
2732 2636 2967 2703 planta},
3013 2649 3136 2702 quae
3184 2647 3311 2691 sunt
3354 2653 3516 2693 sensu

1937 2726 2230 2792 destituta),
2259 2729 2588 2799 vegetativas
2621 2727 2776 2800 14],
2809 2728 3116 2794 faenltazes,
3147 2741 3206 2785 ut
3259 2731 3510 2787 altricem

1937 2825 1994 2868 et
2033 2815 2335 2871 auctricem
2367 2825 2438 2878 ,et
2477 2815 2558 2870 sui
2607 2817 2802 2871 similis
2845 2815 3272 2886 generatricem,
3321 2817 3522 2872 habent

1936 2905 2291 2964 eﬂleaciores.
2346 2906 2556 2962 Idcirco
2612 2908 2756 2962 enim
2816 2907 3039 2962 animali
3092 2907 3341 2962 mutilato
3394 2923 3519 2977 pars

1938 2999 2180 3055 abscissa
2253 3014 2598 3070 nequaquam
2656 3001 2853 3055 iterum
2915 3010 3098 3070 p0test
3147 3000 3515 3071 repullulare;

1939 3090 2134 3160 planta:
2185 3107 2337 3157 vero,
2381 3093 2427 3146 si
2481 3107 2610 3162 pars
2661 3102 2872 3146 resecta
2929 3093 3031 3158 sit,
3068 3092 3412 3162 rcpullulatio
3460 3093 3518 3145 ﬁt

225 3198 337 3255 Διὰ
366 3197 536 3252 ταῦτα
571 3198 749 3250 τοίνυν
779 3199 956 3251 πάντα
998 3199 1060 3251 τὸ
1100 3201 1567 3274 ἀνθρωπόμορφον
1592 3207 1832 3277 ἀναγρά-

1939 3183 2178 3248 uberior,
2205 3185 2275 3238 ita
2308 3192 2366 3238 ut
2414 3185 2466 3238 in
2524 3184 2608 3240 his
2640 3187 2936 3254 vegetativa
2972 3185 3052 3240 vis
3081 3186 3347 3239 abundet.
3379 3183 3512 3238 Pro-

227 3307 418 3359 φουσι,
450 3291 542 3343 καὶ
565 3289 652 3343 διὰ
677 3290 736 3342 τὸ
759 3289 917 3359 φύσει
939 3292 1036 3362 τῆς
1060 3292 1239 3363 ψυχῆς
1269 3293 1564 3349 ἀδούλωτον
1586 3299 1680 3350 καὶ
1703 3299 1832 3351 αύτ-

226 3381 517 3449 εξούσιον,
558 3381 586 3434 ὃ
628 3383 722 3434 καὶ
769 3382 902 3435 αὐτὸ
941 3381 1143 3452 προσὸν
1183 3386 1296 3448 τοῖς
1334 3385 1586 3454 ἀγγέλοις
1659 3389 1820 3458 γινώ-

232 3478 456 3518 σκεται.

308 3657 469 3709 Ἔστι
501 3655 560 3708 δὲ
588 3657 684 3710 καὶ
708 3651 833 3709 καθ’
855 3655 1086 3710 ἕκαστον
1121 3656 1230 3710 τῶν
1261 3657 1616 3730 ἀνθρωπίνων
1653 3659 1833 3732 μερῶν

228 3751 447 3814 εἰκόνας
472 3748 765 3820 ἀρμοδίους
789 3747 1030 3820 ἐξευρεῖν
1056 3749 1193 3822 πρὸς
1214 3750 1284 3804 τά
1306 3752 1532 3824 οὐράνια
1553 3753 1830 3825 τάγματα.

231 3841 344 3893 Καὶ
370 3839 588 3911 πρῶτον
614 3839 679 3892 ἐκ
694 3837 801 3891 τῶν
821 3836 1148 3908 αἰσθήσεων.
1171 3842 1330 3897 Ὅθεν
1355 3844 1448 3896 καὶ
1469 3845 1525 3896 αί
1557 3845 1653 3915 μὲν
1681 3845 1832 3898 ὀπτι-

229 3931 328 3983 καὶ
374 3929 668 4000 δυνάμεις,
707 3928 830 3981 ἐπεὶ
871 3928 1082 3994 διειδεῖς
1129 3934 1270 3996 εἰσι,
1326 3934 1421 3986 καὶ
1465 3933 1691 4000 ἁπαλὸν,
1741 3936 1833 3988 καὶ

230 4022 424 4093 ὑγρὸν,
458 4022 553 4074 καὶ
576 4022 676 4073 ούκ
703 4021 994 4075 ἀντίτυπον
1021 4023 1080 4075 τὸ
1103 4022 1459 4096 αἰσθητήριον
1492 4025 1696 4096 έχουσι,
1733 4026 1833 4098 τὴν

231 4114 371 4185 πρὸς
397 4113 472 4167 τὰ
499 4114 619 4167 θεῖα
642 4116 752 4168 τῶν
782 4115 1030 4184 ἀγγέλων
1055 4116 1274 4187 δηλοῦσι
1307 4116 1672 4188 διειδεστάτην
1704 4119 1833 4172 ἀνά-

228 4223 436 4268 νευσιν,
455 4208 550 4260 καὶ
578 4207 674 4278 τὴν
697 4208 932 4280 ἁπαλὴν,
957 4208 1049 4262 καὶ
1078 4207 1272 4280 ὑγρὰν,
1302 4209 1395 4262 καὶ
1419 4210 1519 4262 ούκ
1545 4209 1832 4263 ἀντίτυπον

230 4297 502 4369 ὑποδοχὴν
524 4297 634 4351 τῶν
661 4299 819 4352 θείων
856 4298 1196 4371 ἐλλάμψεων,
1229 4299 1325 4372 τὴν
1357 4299 1696 4370 ὀξυκίνητον,
1737 4301 1833 4353 καὶ

227 4389 504 4461 καθαρὰν,
531 4391 626 4444 καὶ
659 4391 1120 4461 ἀναπεπταμένην
1149 4392 1285 4463 πρὸς
1317 4390 1415 4461 τὴν
1448 4391 1715 4463 ὑποδοχὴν
1737 4390 1831 4444 τοῦ

229 4482 377 4535 θείου
422 4481 621 4551 φωτός,

1933 3283 2055 3344 pter
2081 3276 2195 3330 haec
2226 3277 2408 3344 itaque
2447 3277 2630 3330 omnia
2663 3277 2897 3330 humana
2946 3275 3128 3332 forma
3161 3277 3381 3347 angelos
3424 3278 3519 3330 de-

1934 3369 2200 3439 pingunt,
2249 3377 2304 3422 et
2357 3379 2580 3437 propter
2617 3369 2921 3424 naturalem
2969 3369 3163 3424 animm
3206 3369 3517 3438 ingenuita-

1937 3471 2041 3516 tem
2071 3471 2126 3516 et
2155 3461 2369 3516 arbitrii
2416 3462 2748 3528 libertatem,
2777 3478 2900 3532 qua:
2929 3471 2986 3517 et
3021 3463 3075 3516 in
3108 3462 3316 3532 angelis
3344 3478 3517 3532 agno-

1933 3565 2181 3610 scuntur.

2007 3646 2174 3716 Quin,
2205 3646 2334 3702 licet
2375 3647 2544 3704 etiam
2587 3661 2655 3701 ex
2700 3646 2924 3716 singulis
2970 3645 3225 3702 humanis
3257 3647 3516 3700 membris

1934 3751 2087 3808 aptas
2115 3740 2376 3810 imagines
2407 3740 2727 3795 coelestibus
2757 3739 3043 3794 ordinibus
3075 3737 3511 3793 accommodare.

1934 3828 1998 3882 Et
2032 3829 2265 3897 primum
2314 3845 2344 3884 e
2379 3831 2654 3883 sensibus.
2699 3826 2856 3882 Unde
2902 3828 3119 3882 videndi
3170 3827 3385 3898 quidem
3429 3825 3513 3880 fa-

1935 3919 2186 3987 cultates,
2215 3937 2338 3975 eum
2373 3921 2723 3990 perspicaces
2753 3921 2896 3985 sint,
2931 3930 2988 3976 et
3039 3930 3304 3988 tenermn,
3349 3929 3404 3975 et
3450 3919 3516 3973 li-

1935 4011 2190 4080 quidum,
2239 4020 2294 4067 et
2333 4028 2681 4082 nequaquam
2731 4013 3089 4066 reluctantem
3141 4029 3360 4068 sensum
3414 4013 3512 4067 ha-

1932 4105 2125 4170 beant,
2175 4105 2460 4161 declarant
2507 4106 2825 4176 angelorum
2875 4106 3398 4176 perspicacissimam
3446 4105 3515 4158 ad

1935 4201 2116 4254 divina
2151 4199 2571 4268 suspeetionem,
2601 4211 2657 4255 et
2688 4212 2954 4268 teneram,
2989 4201 3382 4268 liquidamque,
3415 4197 3514 4250 mi-

1936 4291 2187 4359 nimeque
2226 4291 2594 4360 relragantem
2651 4294 2962 4347 divinorum
3009 4292 3272 4345 luminum
3324 4304 3517 4344 susce-

1935 4383 2207 4453 ptionem;
2238 4400 2356 4452 qua:
2390 4384 2546 4438 velox
2585 4386 2653 4439 sit
2682 4397 2738 4439 et
2770 4400 2933 4455 pura;
2967 4394 3023 4438 et
3064 4399 3298 4452 expansa
3329 4383 3394 4433 ad
3434 4381 3516 4434 di-

1935 4476 2040 4528 vini
2077 4465 2297 4529 luminis
2320 4477 2719 4543 exceptionem.

297 4573 365 4624 Ai
414 4571 517 4640 τῆς
558 4572 878 4642 ὀσφρήσεως
915 4572 1172 4642 δυνάμεις
1202 4571 1262 4624 τὸ
1301 4571 1687 4643 ἀντιληπτικὸν
1725 4573 1824 4643 τῆς

2011 4563 2256 4618 Olfactus
2311 4567 2455 4621 vires
2510 4566 2822 4634 signiﬁcant
2883 4565 3191 4633 fragrantes
3249 4562 3512 4616 distribu-

227 4664 467 4726 εὐώδους
495 4663 806 4729 διαδόσεως,
838 4666 932 4718 καὶ
961 4665 1068 4718 τῶν
1102 4664 1176 4735 μὴ
1203 4664 1460 4717 τοιούτων
1486 4665 1822 4733 διακριτικὸν

227 4756 287 4806 ἐν
332 4757 652 4828 ἐπιστήμῃ*
692 4757 795 4810 ούκ
829 4759 1070 4828 ἤκουσας
1097 4757 1226 4828 γὰρ,
1277 4757 1356 4809 ὅτι
1390 4757 1484 4810 καὶ
1529 4756 1650 4826 Θεῴ
1677 4757 1824 4825 λογί-

226 4845 382 4910 ζεται
408 4845 684 4917 βδέλυγμα
716 4849 778 4899 τὸ
817 4847 965 4919 παρά
1023 4848 1132 4900 τῶν
1174 4848 1405 4912 ἀναξίων
1449 4850 1826 4920 προσφερόμε-

225 4953 318 4988 νον
346 4935 635 5006 θυμίαμα;
669 4936 838 4988 Τοῦτο
871 4936 1134 5007 ἡγοῦνται
1177 4935 1455 5006 βδέλυγμα
1486 4936 1580 4988 καὶ
1626 4937 1693 4989 τὰ
1735 4937 1824 4989 οὐ-

228 5029 392 5099 ράνια
417 5028 816 5099 τάγματαμκαὶ
839 5028 1032 5092 όλικῶς
1064 5027 1458 5098 ἀποφεύγουσι.

300 5121 382 5174 Τὰ
416 5115 535 5174 ὦτα
571 5123 630 5175 τὸ
661 5123 947 5192 μετοχικὸν
991 5121 1232 5193 δηλοῦσι,
1277 5125 1371 5174 καὶ
1413 5121 1474 5174 τὸ
1511 5121 1826 5189 γνωπικῶς

227 5213 588 5266 ὑποδεκτικόν
630 5213 731 5283 τῆς
778 5213 928 5277 θείας
971 5213 1289 5276 ἐπιπνοίας·
1334 5215 1367 5283 ἡ
1404 5213 1512 5284 γὰρ
1560 5212 1694 5284 πνοὴ
1738 5213 1827 5266 διὰ

224 5301 338 5355 τῶν
365 5300 521 5354 ὢτων
552 5302 898 5370 γινώσκεται.
938 5302 1112 5373 ΙΙνοὴν
1145 5302 1201 5354 δὲ
1246 5301 1391 5369 λέγει
1432 5302 1494 5354 τὸ
1550 5301 1690 5357 θεῖον
1735 5306 1826 5356 καὶ

231 5392 600 5462 πνευματικὸν
641 5393 905 5462 χάρισμα,
945 5392 1127 5454 καθὼς
1157 5393 1249 5444 καὶ
1291 5393 1348 5443 ἐν
1380 5390 1459 5462 τῷ
1499 5391 1618 5444 Ἰὼϐ
1659 5392 1825 5464 εὕρη-

227 5497 316 5535 ται
383 5483 637 5550 λέγοντι·
686 5484 850 5551 Πνδὶι
904 5483 970 5536 δὲ
1024 5482 1514 5552 Ιιαντοκράτῳος
1567 5485 1597 5553 ἡ
1653 5483 1817 5540 διδά-

226 5579 470 5630 σκουσὰ
499 5595 596 5644 με.

302 5755 330 5795 ιι
360 5753 498 5812 Gen.
534 5771 579 5823 ι,
612 5755 702 5810 9.6.
790 5759 803 5797 ί
852 5754 952 5814 Job
1005 5771 1188 5823 χχχιι,
1219 5757 1276 5814 8.

1933 4655 2109 4710 tiones
2155 4657 2464 4725 excipiendi
2517 4657 2853 4724 facultatem,
2878 4666 2932 4710 et
2960 4657 3133 4725 perite
3168 4655 3511 4708 discernendi

1930 4764 1993 4801 ea
2041 4763 2163 4816 qua:
2209 4765 2315 4802 non
2365 4758 2488 4804 sunt
2533 4748 2795 4818 ejusmodi
2836 4763 2850 4801 :
2903 4747 3145 4815 mmquid
3201 4745 3347 4798 enim
3403 4759 3510 4796 non

1929 4840 2171 4904 audtisti,
2203 4841 2344 4907 quod
2381 4840 2522 4894 Deus
2561 4839 2949 4894 abominationi
2991 4839 3187 4892 habeat
3228 4837 3508 4890 incensum

1929 4933 2072 5001 quod
2110 4935 2177 4986 ab
2210 4933 2443 5001 indignis
2462 4931 2726 4987 oliertur?
2753 4931 2894 4985 Idem
2931 4930 3093 4984 etiam
3119 4927 3504 4985 ahotninationi

1938 5027 2137 5079 habent
2168 5025 2540 5080 ordinationes
2574 5025 2825 5078 emlestes
2847 5064 2861 5088 ,
2917 5033 2971 5078 et
3019 5025 3242 5077 omnino
3273 5020 3503 5091 fugiunt.

2005 5121 2180 5173 Aures
2215 5122 2501 5190 designant
2549 5121 2745 5173 divina:
2799 5118 3172 5188 inspirationis
3214 5118 3477 5186 partieipa

1937 5212 2156 5277 tionem,
2188 5221 2242 5265 et
2277 5213 2517 5282 ejusdem
2548 5213 2905 5268 scientilicam
2935 5211 3335 5280 susceptionem
3363 5228 3377 5264 :
3417 5210 3496 5264 in—

1933 5306 2160 5374 Spiratio
2207 5307 2350 5359 enim
2399 5308 2622 5361 auribus
2671 5307 3033 5377 dignoscitur.
3083 5303 3500 5373 [aspirationem

1929 5406 2109 5452 autem
2169 5408 2324 5453 vocat
2371 5399 2607 5453 divinam
2649 5417 2712 5454 ac
2762 5400 3060 5468 spiritalem
3111 5396 3373 5466 gratiam,
3424 5395 3501 5448 uti

1931 5489 2094 5540 etiam
2128 5489 2398 5558 reperitur
2430 5491 2482 5546 in
2522 5490 2657 5546 Jobo
2692 5493 2944 5549 dicente:
2991 5488 3280 5559 [aspiratio
3321 5494 3498 5542 autem

1939 5579 2326 5649 Omnipoteutis
2359 5583 2508 5638 ducet
2543 5599 2620 5637 me
2654 5586 2694 5638 ί.
