3874 6228
351 216 447 270 551

350 420 597 472 vinarum
669 416 1110 487 explicationum,
1158 415 1512 484 rcpletionem
1560 431 1624 471 ac
1662 417 1917 471 saturita—

356 520 492 575 tem,
539 518 702 579 atque
755 510 980 577 insuper
1026 509 1336 563 divinorum
1385 508 1684 563 rivulorum
1719 524 1781 563 ac
1827 523 1922 579 po-

355 606 557 658 tionum
609 602 987 656 deliciosarum
1058 601 1454 671 susceptionem
1504 620 1517 655 :
1582 603 1724 656 sicut
1778 604 1919 655 enim

353 697 505 749 cibus
548 693 804 757 spiritalis
846 704 957 761 est,
998 694 1077 749 sic
1119 703 1173 747 et
1215 702 1378 762 potus
1419 692 1494 747 illi
1538 694 1921 764 proportiona-

356 794 439 837 tus
476 792 577 838 est.

426 875 657 931 Tactiles
690 876 974 931 facultates
1004 878 1219 946 signant
1248 878 1357 931 vim
1397 877 1753 944 dignoscendi
1788 878 1918 947 quid

354 970 525 1039 prosit
554 969 637 1024 vel
668 971 795 1038 quid
842 970 1024 1024 obsit:
1058 969 1161 1022 hoc
1189 978 1370 1023 autem
1400 979 1481 1023 est
1515 970 1567 1023 in
1593 968 1751 1023 nobis
1781 967 1922 1020 ntul-

356 1062 520 1132 tiplex
567 1062 859 1117 secundum
891 1063 1071 1117 varias
1102 1062 1421 1130 qualitates,
1468 1070 1527 1114 ut
1556 1060 1786 1114 calidum
1809 1099 1824 1123 ,
1867 1067 1925 1112 ut

358 1153 633 1222 frigidum,
680 1164 842 1224 atque
888 1156 1081 1209 iterum
1126 1164 1188 1207 ut
1233 1168 1521 1223 asperum,
1573 1163 1631 1206 ut
1675 1152 1823 1215 leve;
1872 1159 1927 1205 et

358 1262 564 1313 rursus,
593 1257 653 1302 ut
682 1249 899 1313 durum,
923 1260 980 1303 ut
1013 1247 1201 1311 molle;
1233 1247 1538 1315 iterumque
1571 1253 1629 1299 ut
1654 1260 1835 1313 grave,
1869 1254 1927 1298 ut

356 1339 492 1401 leve,
520 1347 574 1392 et
598 1341 892 1393 secundum
922 1338 1058 1392 alias
1085 1338 1347 1407 plurimas
1375 1335 1711 1406 qualitatesu

422 1431 700 1501 Palpebrae
736 1440 791 1484 et
840 1431 1134 1501 supercilia
1168 1430 1344 1485 visum
1393 1436 1739 1496 conservant,
1784 1430 1927 1485 unde

355 1523 639 1595 designant
672 1524 745 1579 ibi
776 1523 1076 1578 custodiam
1105 1520 1608 1591 intelligentiarum.

1475 212 1531 268 S.
1569 212 1726 268 DlON
1739 212 1869 267 YSll
1902 211 2367 267 ΑΒΕΟΡΑΟΙΤΑΞ

420 327 624 381 Gustus
654 323 857 378 indicat
904 322 1229 393 spiritalium
1278 322 1558 390 ciborum,
1600 324 1808 379 scilicet
1837 325 1919 378 di-
1947 349 1990 409 Α

3486 213 3593 266 352

2104 324 2165 376 'll
2211 323 2467 393 γευστικὴ
2517 323 2613 393 τὴν
2660 322 2765 375 τῶν
2812 325 3015 392 νοητῶν
3067 324 3298 395 τροφῶν,
3347 323 3593 394 δηλονότι

2022 412 2127 465 τῶν
2161 412 2320 464 θείων
2348 414 2683 482 εἰσηγήσεων
2729 413 3115 484 ἀποπλήρωσιν
3164 416 3253 467 καὶ
3282 414 3370 466 τὸν
3408 432 3595 486 χορτα-

2025 504 2179 574 σμὸν,
2214 504 2305 556 καὶ
2334 503 2410 556 ἔτι
2441 503 2549 556 τῶν
2571 504 2769 573 ὀχετῶν
2798 505 2890 558 καὶ
2914 506 3122 558 πόσεων
3153 506 3258 559 τῶν
3291 509 3384 560 καὶ
3413 507 3595 561 αὐτῶν

2022 597 2179 649 θείων
2210 597 2303 648 καὶ
2344 597 2625 667 τροφίμων
2652 596 2850 651 ὅντων·
2879 598 2953 661 ὡς
2979 597 3085 669 γὰρ
3127 601 3160 669 ἡ
3199 600 3373 671 τροφὴ
3404 600 3592 669 νοητὴ.

2024 689 2117 742 καὶ
2149 689 2181 759 ἡ
2206 689 2361 752 πόσις
2387 688 2664 756 ἀνάλογος.

2094 868 2159 919 Αἰ
2192 867 2417 919 ἁπτικαὶ
2452 865 2707 935 δυνάμεις
2730 864 2945 935 δηλοῦσι
2989 865 3049 917 τὸ
3073 865 3459 933 διαγνωστικὸν
3500 865 3597 917 τοῦ

2026 961 2338 1032 προσφυοῦς
2368 963 2400 1031 ἢ
2430 962 2524 1014 καὶ
2554 960 2906 1031 βλάπτοντοςο
2938 962 3093 1015 τοῦτο
3115 962 3171 1015 δέ
3200 965 3345 1015 ἐστιν
3374 965 3433 1016 ἐν
3461 967 3599 1035 ἡμῖν

2026 1053 2309 1123 πολλαχῶς
2340 1071 2399 1106 τε
2444 1055 2538 1107 καὶ
2569 1054 2709 1107 κατὰ
2748 1053 2947 1117 πολλὰς
2977 1054 3294 1124 ποιότητας·
3343 1058 3425 1107 ὅτι
3468 1056 3599 1126 θερ-

2030 1145 2149 1215 μὸν,
2178 1146 2258 1197 ὅτι
2285 1144 2520 1216 ψυχρόν·
2548 1146 2639 1197 καὶ
2665 1141 2817 1201 αὖθις
2841 1146 2921 1198 ὃτι
2953 1147 3148 1217 τραχὺ,
3191 1147 3271 1199 ὅτι
3300 1146 3467 1199 λεῖον·
3507 1150 3601 1200 καὶ

2028 1237 2190 1291 πάλιν
2216 1238 2296 1290 ὅτι
2326 1238 2578 1308 σκληρὸν,
2618 1238 2699 1289 ὅτι
2733 1238 2997 1307 μαλακόν·
3029 1238 3120 1290 καὶ
3146 1234 3297 1301 αὖθις
3325 1239 3407 1291 ὅτι
3437 1238 3599 1309 βαρὺ,

2027 1330 2109 1383 ὅτι
2136 1330 2363 1398 κοῦφονο
2388 1330 2483 1381 καὶ
2509 1331 2628 1382 κατ’
2656 1329 2819 1392 ἄλλας
2844 1329 3045 1393 πολλὰς
3076 1330 3383 1399 ποιότητας.

2098 1421 2180 1475 Τὰ
2223 1422 2464 1492 βλέφαρα
2512 1424 2604 1475 καὶ
2628 1423 2682 1474 αἱ
2726 1421 2924 1492 ὁιρρύες
2949 1421 3009 1473 τὸ
3050 1422 3297 1492 ὁρατικὸν
3333 1421 3602 1491 φρουροῦ-

2031 1532 2135 1580 σιν,
2163 1515 2283 1568 ὅθεν
2320 1513 2571 1584 δηλοῦσιν
2610 1515 2787 1566 ἐκεῖσε
2827 1514 2889 1566 τὸ
2927 1513 3292 1584 φρουρητικὸν
3329 1514 3436 1565 τῶν
3474 1515 3605 1582 νοή-

2032 1627 2185 1663 σεων.

427 1699 622 1756 ditatis
656 1698 1007 1767 pudescentia
1049 1712 1173 1752 cum
1202 1698 1324 1752 vitae
1371 1705 1485 1751 tum
1520 1694 1679 1766 142
1710 1696 1927 1751 virtutis

2098 1702 2173 1755 Τὸ
2195 1702 2439 1757 νεανικὸν
2474 1703 2571 1773 τῆς
2596 1702 2830 1770 ἡλικίας,
2854 1701 2915 1753 τὸ
2966 1699 3281 1772 ἐπακμάζον
3319 1702 3419 1771 τῆς
3458 1704 3607 1772 ζωῆς

356 1809 542 1846 eorum
579 1793 817 1861 vigorem
850 1789 1130 1855 declarat;
1160 1790 1269 1843 vita
1297 1790 1439 1844 enim
1468 1803 1658 1843 eorum
1704 1786 1926 1842 immor-

360 1885 482 1941 talis
507 1897 611 1950 est,
635 1893 690 1938 et
717 1884 892 1937 virtus
920 1880 1149 1937 stabilis.

430 1980 627 2033 Dentes
673 1978 891 2047 signant
928 1975 978 2027 id
1008 1975 1150 2043 quod
1180 1973 1449 2029 discernit
1478 1972 1873 2028 illustrationes
1905 1989 1921 2027 :

358 2072 612 2142 quaelibet
655 2070 799 2123 enim
850 2067 1148 2121 caelestium
1202 2068 1560 2123 essentiamm
1615 2066 1927 2121 uniusmodi

362 2160 767 2229 intelligentiam
820 2158 921 2213 sibi
974 2158 1253 2224 traditam,
1296 2172 1397 2226 pro
1444 2156 1719 2212 inferioris
1764 2156 1929 2211 ductu

359 2260 649 2321 captuque,
681 2247 903 2318 provide
934 2248 1213 2303 distribuit
1259 2247 1709 2317 multiplicatque.

433 2342 657 2396 Humeri
689 2341 967 2395 declarant
999 2339 1051 2394 id
1083 2339 1227 2409 quod
1260 2338 1465 2393 similes
1508 2346 1685 2392 motus
1729 2338 1925 2403 ellicit;

360 2436 504 2490 ulna
534 2450 666 2489 vero
698 2434 806 2487 vim
837 2432 1118 2502 Operandi,
1151 2440 1206 2485 et
1238 2446 1429 2485 manus
1469 2430 1798 2499 exsequendi
1834 2445 1930 2499 po-

365 2526 612 2580 tentiam.
912 2513 915 2516 ’

432 2616 539 2672 Cor
585 2615 885 2687 symbolum
935 2626 1019 2669 est
1065 2614 1191 2669 vitae
1242 2612 1735 2669 deiformis:sicut
1782 2611 1927 2667 enim

361 2726 428 2764 ex
477 2710 645 2764 corde
677 2710 822 2764 vires
869 2709 1081 2779 corpori
1130 2708 1552 2774 distribuuntur,
1599 2707 1678 2761 sic
1728 2719 1794 2759 ex
1842 2704 1929 2759 his

362 2801 541 2855 vitalis
579 2801 661 2856 vis
700 2801 752 2854 in
792 2816 854 2856 ea
894 2816 1013 2869 quae
1052 2800 1391 2870 providentia
1432 2807 1697 2870 reguntur
1741 2797 1930 2853 distri-

363 2893 567 2947 buitur.

433 2984 656 3039 Pectora
686 2984 829 3057 (cum
862 2990 1068 3053 pectus,
1092 2982 1283 3037 Graece
1307 2980 1526 3051 στέρνον
1557 2980 1622 3033 ἐκ
1649 2979 1742 3032 τοῦ
1760 2977 1931 3045 drep-

2028 1795 2227 1859 αὐτῶν,
2260 1796 2353 1850 καὶ
2390 1796 2489 1866 τῆς
2514 1795 2792 1863 δυνάμεως
2812 1809 2825 1824 ’
2854 1795 2886 1863 ἡ
2913 1792 3021 1864 γὰρ
3066 1792 3178 1863 ζωὴ
3220 1793 3603 1864 ἁτελεύτητος,

2029 1889 2122 1941 καὶ
2148 1888 2338 1958 βεϐαία
2364 1890 2396 1959 ἡ
2423 1889 2667 1959 δύναμις.

2099 1984 2161 2033 Οἱ
2187 1981 2417 2044 ὀδόντες,
2441 1982 2502 2033 τὸ
2528 1981 2854 2052 διαιρετικὸν
2880 1980 2980 2050 τῆς
3020 1979 3364 2050 ἐλλάμψεως·
3396 1980 3609 2048 ἑκάστη

2029 2074 2137 2145 γὰρ
2177 2073 2283 2125 τῶν
2323 2074 2585 2144 οὐρανίων
2628 2073 2825 2125 οὐσιῶν
2861 2073 2958 2143 τὴν
3003 2072 3346 2143 δωρουμένην
3395 2070 3609 2137 ἐνοειδῆ

2029 2166 2242 2228 ἕνωσιν,
2279 2164 2645 2236 προνοητικῶς
2682 2164 2758 2226 ὡς
2799 2163 2863 2218 ἂν
2892 2162 3147 2234 χωρηθῇ,
3190 2163 3283 2215 καὶ
3307 2165 3372 2233 τῇ
3412 2162 3613 2214 ὑποδε-

2030 2258 2244 2328 εστέρα,
2268 2258 2463 2328 διαιρεῖ
2485 2259 2577 2311 καὶ
2599 2259 2677 2319 είς
2701 2256 2903 2326 πλῆθος
2931 2254 3386 2325 ἀποκαθίστησιν.

2101 2353 2164 2404 Οἱ
2204 2345 2341 2422 ὦμοι
2371 2351 2431 2403 τὸ
2474 2349 2751 2419 ποιητικὸν
2781 2348 2887 2400 τῶν
2927 2347 3179 2399 τοιούτων
3223 2348 3520 2416 κινήσεων·
3551 2348 3612 2398 αξ

2030 2444 2224 2497 ὼλὲναι
2268 2443 2329 2496 τὸ
2368 2441 2715 2513 ἐνεργητικόν
2739 2458 2751 2470 ·
2794 2441 2887 2494 καὶ
2940 2442 2995 2493 αἱ
3038 2443 3217 2509 χεῖρες
3253 2439 3313 2490 τὸ
3367 2438 3613 2508 δραστή-

2036 2554 2167 2607 ριον.

2113 2627 2177 2678 Ἠ
2215 2626 2410 2696 καρδία
2451 2623 2716 2695 σύμϐολόν
2746 2624 2859 2676 ἐστι
2891 2622 2988 2692 τῆς
3034 2618 3296 2683 θεοειδοῦς
3325 2617 3498 2690 ζωῆς
3531 2620 3618 2681 ὡς

2033 2718 2139 2790 γὰρ
2173 2718 2237 2771 ἐκ
2268 2718 2367 2787 τῆς
2418 2716 2640 2788 καρδίας
2690 2714 3089 2783 διασπείρονται
3138 2714 3192 2765 αἱ
3243 2711 3497 2781 δυνάμεις
3528 2711 3619 2780 τῷ

2035 2808 2266 2879 σώματι,
2301 2808 2471 2871 οὕτως
2503 2809 2569 2860 ἐκ
2599 2806 2803 2859 τούτων
2836 2807 2869 2876 ἡ
2916 2803 3119 2873 ζωτικὴ
3165 2802 3391 2873 δύναμις
3435 2803 3514 2863 είς
3541 2802 3619 2854 τὰ

2034 2900 2259 2973 προνοού
2270 2918 2404 2971 μενα
2426 2900 2728 2953 διαδίδοται.

2103 2992 2185 3045 Τὰ
2213 2993 2406 3064 στέρνα
2442 2992 2583 3061 (ἐπεὶ
2619 2992 2840 3063 στέρνον
2874 2992 2937 3044 ἐκ
2968 2990 3062 3044 τοῦ
3082 2987 3334 3058 στειὶροῦ
3354 2987 3621 3058 ἐτυμολο-

343 3078 480 3151 ⁸(κοῦ,
509 3077 561 3131 id
590 3086 673 3131 est
704 3092 767 3130 ea:
792 3079 944 3147 ﬁrmo
980 3077 1276 3138 derivetur,
1304 3084 1358 3130 et.
1382 3075 1455 3128 ad
1486 3074 1713 3143 subjecti
1750 3073 1933 3126 cordis

2055 3086 2232 3150 (εἷται,
2264 3085 2354 3136 καὶ
2388 3086 2467 3146 είς
2500 3083 2742 3153 φυλακὴν
2777 3083 3079 3135 πέπλασται
3112 3081 3209 3150 τῆς
3244 3080 3623 3151 ὑποκειμένης

365 3168 668 3223 custodiam
709 3169 998 3222 formatum
1030 3169 1122 3239 sit)
1171 3166 1455 3234 designant
1495 3164 1604 3218 vim
1653 3164 1934 3233 insupera-

372 3260 526 3314 bilem
554 3269 608 3315 et
636 3260 1099 3316 conservatricem
1128 3261 1254 3314 vitm
1280 3257 1605 3312 istiusmodi.

440 3353 609 3408 Dorsa
659 3369 812 3417 vero,
857 3352 985 3422 quia
1037 3352 1325 3406 continent
1376 3349 1596 3403 insitam
1642 3347 1934 3410 virtutem,

371 3443 512 3496 sicut
540 3444 703 3498 etiam
735 3458 895 3497 omne
923 3457 1063 3497 onus
1094 3440 1307 3510 corpori
1334 3441 1668 3509 impositum,
1697 3438 1937 3493 humeris

370 3535 573 3605 imponi
605 3536 804 3591 dicitur
831 3553 845 3589 :
872 3534 1013 3589 unde
1040 3544 1094 3587 et
1125 3534 1302 3603 poesis
1333 3534 1644 3587 universum
1676 3545 1814 3585 onus
1846 3531 1941 3585 hu-

370 3630 534 3683 meris
562 3630 813 3697 imponit;
846 3629 921 3682 ait
948 3628 1091 3683 en':m
1121 3626 1385 3681 Homerus
1413 3642 1425 3678 :

582 3804 650 3856 Et
680 3804 742 3855 ab
771 3803 999 3855 humeris
1032 3818 1183 3855 arma
1222 3799 1583 3868 deponebant;

372 3898 577 3952 idcirco
607 3899 765 3950 dorsa
794 3895 1103 3964 signiﬁcant
1129 3893 1181 3947 id
1212 3892 1356 3961 quod
1387 3892 1530 3945 vires
1566 3889 1829 3955 continet,
1860 3888 1944 3941 in-

376 3990 602 4043 teriores
626 3987 834 4042 scilicet
857 4001 919 4039 ac
945 3985 1158 4039 vitales.

447 4079 616 4134 Pedes
646 4079 753 4131 vim
788 4078 1070 4132 motricem
1100 4077 1407 4141 insinuant,
1440 4084 1495 4129 et
1540 4088 1761 4129 cursum
1795 4087 1940 4126 sem-

376 4172 571 4243 piterni
598 4179 776 4224 motus
818 4183 925 4238 quo
964 4169 1031 4221 ad
1066 4169 1246 4223 divina
1294 4168 1544 4221 cientur:
1580 4182 1703 4220 nam
1740 4167 1942 4220 idcirco

377 4266 543 4318 etiam
580 4278 609 4316 a
643 4262 914 4332 theologia
946 4261 1108 4330 pedes
1136 4274 1324 4314 eorum
1359 4259 1489 4313 alati
1521 4260 1821 4329 tinguntur.
1845 4256 1941 4309 Ala

376 4356 641 4424 siquidem
676 4372 892 4412 sursum
938 4355 1137 4417 elevat,
1186 4362 1242 4407 et
1287 4353 1405 4406 leve
1445 4366 1566 4407 esse
1613 4353 1857 4407 declarat
1890 4353 1941 4406 id

379 4452 524 4520 quod
565 4450 765 4505 alatum
812 4458 916 4505 est.
946 4449 1121 4503 Divini
1166 4448 1350 4516 itaque
1392 4446 1736 4515 illustresque
1767 4444 1942 4514 angeli

378 4546 447 4597 ab
470 4545 613 4597 omni
650 4558 708 4598 re
743 4543 992 4598 terrestri
1022 4542 1341 4595 eximuntur
1367 4554 1431 4593 ac
1458 4549 1719 4608 perpetuo
1747 4537 1817 4592 ad
1844 4553 1941 4590 au-

381 4638 581 4693 teriora
608 4646 662 4691 et
688 4636 899 4691 excelsa
948 4641 1353 4702 promoventur.
1407 4629 1640 4685 Rursum
1690 4646 1819 4685 vero
1851 4630 1941 4684 illa

379 4746 500 4799 qua:
522 4731 572 4784 in
604 4730 842 4784 humeris
864 4737 946 4782 est
970 4727 1182 4780 alarum
1212 4726 1423 4789 levitas,
1454 4724 1671 4792 proprie
1693 4723 1945 4793 designat

384 4838 572 4879 eorum
605 4820 931 4891 agilitatem,
976 4833 1097 4887 qua}
1126 4818 1243 4873 sine
1293 4816 1618 4871 adtnistione
1660 4816 1945 4884 gravitatis

386 4925 636 4988 prompte
661 4928 876 4969 sursum
906 4912 1095 4967 fertur.

458 5009 682 5064 Nuditas
726 5020 858 5061 vero
915 5004 1330 5075 calceorumque
1393 5002 1628 5077 privatio
1692 5001 1947 5055 virtutem

385 5116 573 5156 eorum
620 5100 951 5151 abstractam
981 5096 1221 5160 denotat,
1262 5106 1317 5151 et
1348 5113 1376 5149 a
1410 5099 1577 5153 rebus
1621 5098 1822 5155 inlimis
1852 5116 1949 5153 ex-

387 5192 624 5262 peditam
670 5201 724 5243 et
776 5188 1035 5248 liberam,
1078 5187 1232 5255 juxta
1292 5188 1423 5241 illud
1468 5206 1482 5241 :
1534 5188 1689 5243 Solve
1743 5191 1951 5244 calcea-

393 5293 563 5337 menta
605 5285 670 5335 de
714 5279 929 5349 pedibus
978 5278 1110 5343 tuis,
1156 5277 1302 5331 locus
1338 5280 1513 5344 enim,
1555 5280 1611 5334 in
1660 5297 1762 5350 quo
1808 5292 1950 5348 stas,

392 5386 602 5431 sanctus
642 5384 715 5428 cst
746 5370 790 5425 ἱ.
824 5370 1060 5441 Nudipes
1104 5372 1245 5423 cnim
1279 5370 1416 5423 liber
1453 5381 1538 5426 est
1578 5372 1645 5427 ab
1673 5376 1818 5429 omni
1860 5391 1954 5428 ex—

399 5468 633 5526 trinseco
678 5465 1079 5535 impedimento.
1129 5461 1363 5529 Spiritus
1412 5463 1595 5533 itaque
1657 5464 1953 5536 nudipedes

501 5649 544 5723 f_°
568 5645 725 5702 Iliad.
765 5663 862 5716 vn,
894 5647 1011 5702 1'22.
1081 5643 1095 5699 ι
1136 5642 1306 5703 Exod.
1338 5659 1432 5715 tu,
1464 5643 1515 5701 5.

2038 3174 2307 3247 καρδίας,)
2342 3173 2429 3227 διὰ
2482 3173 2651 3227 τοῦτο»
2692 3173 2909 3242 δηλοῦσι
2955 3174 3017 3226 τὸ
3051 3173 3360 3242 ἀδάμαστον
3415 3172 3513 3223 καὶ
3555 3172 3625 3223 τὸ

2040 3267 2398 3339 φρουρητικδν
2420 3266 2516 3335 τῆς
2543 3266 2795 3335 τοιαύτης
2822 3264 2985 3334 ζωῆς.

2109 3359 2190 3412 Τὰ
2221 3358 2380 3419 νῶτα,
2417 3360 2539 3410 ἐπεὶ
2574 3357 2863 3410 συνεκτικὰ
2896 3359 3000 3409 είσι
3049 3356 3149 3425 τῆς
3181 3355 3421 3425 ἐμφύτου
3460 3355 3625 3406 δυνά-

2044 3470 2208 3523 μεως,
2238 3451 2294 3516 ἐξ
2326 3446 2385 3504 οὗ
2413 3452 2505 3503 καὶ
2539 3452 2645 3503 πᾶν
2681 3450 2845 3519 βάρος
2890 3448 2968 3517 τῷ
3002 3448 3211 3518 σώματι
3246 3445 3624 3515 ἐπικείμενον,

2039 3547 2151 3606 τοῖς
2177 3542 2342 3613 ὢμοις
2367 3540 2668 3594 ἐπικεῖσθαι
2696 3540 2943 3608 λέγεται·
2959 3540 3079 3592 ὅθεν
3103 3542 3194 3592 καὶ
3215 3542 3248 3609 ἡ
3277 3539 3496 3607 ποίησις
3521 3538 3627 3607 τὴν

2041 3636 2149 3687 τῶν
2180 3635 2313 3688 ὅλων
2343 3634 2616 3706 βαρύτητα
2649 3635 2761 3696 τοῖς
2793 3630 2963 3703 ὤμοις
2996 3632 3300 3702 ἐπιτίθησι·
3337 3630 3486 3698 λέγει
3512 3630 3629 3701 γὰρ

2043 3729 2071 3779 ὁ
2105 3728 2372 3798 Ὅμηρος,
2858 3710 2861 3715 ’

2230 3858 2242 3870 .
2270 3858 2281 3869 .
2313 3859 2324 3869 .
2355 3857 2366 3868 .
2397 3858 2410 3870 .
2441 3857 2453 3869 .
2482 3815 2577 3868 καὶ
2604 3816 2703 3868 ἀπ’
2728 3814 2900 3883 ὤμων
2932 3814 3121 3881 τεύχε’
3152 3813 3363 3866 ἕλοντο
3397 3817 3436 3854 ί⁴
3458 3855 3472 3876 ,

2043 3910 2129 3962 διὰ
2159 3909 2317 3961 τοῦτο
2342 3909 2407 3961 τὰ
2441 3908 2583 3966 νῶτα
2614 3908 2833 3979 δηλοῦσι
2878 3908 2938 3959 τὸ
2974 3906 3287 3958 συνεκτικὸν
3321 3905 3429 3957 τῶν
3462 3905 3623 3957 δυνά-

2048 4017 2212 4069 μεων,
2238 3998 2345 4052 τῶν
2370 3999 2624 4067 ἐμφύτων
2653 3996 2849 4067 δηλαδὴ
2878 3995 2973 4048 καὶ
3000 3994 3299 4061 ζωογόνων.

2116 4092 2179 4143 Οἱ
2228 4089 2384 4152 πόδες
2413 4090 2472 4142 τὸ
2506 4089 2781 4158 κινητικὸν
2827 4087 2920 4139 καὶ
2973 4085 3224 4154 ἐντρεχές
3258 4083 3358 4153 τῆς
3395 4084 3526 4154 περὶ
3558 4084 3631 4135 τὰ

2046 4184 2163 4235 θεῖα
2218 4182 2545 4253 πορευτικῆς
2608 4178 2946 4251 ἀεικινησίας
3014 4176 3481 4247 ύποσημαίνουσι·
3538 4176 3633 4228 διὰ

2045 4271 2202 4323 τοῦτο
2244 4271 2353 4343 γὰρ
2390 4273 2483 4324 καὶ
2521 4271 2789 4342 πτερωτοὶ
2839 4268 2997 4331 πόδες
3031 4267 3183 4338 παρὰ
3215 4268 3312 4337 τῆς
3344 4266 3631 4333 θεολογίας

2049 4363 2388 4416 πλάττονται.
2425 4364 2498 4415 Τὸ
2531 4361 2638 4432 γὰρ
2671 4362 2868 4433 πτερὸν
2914 4360 3124 4428 ἀνάγει,
3160 4359 3253 4412 καὶ
3288 4357 3490 4428 κοῦφον
3524 4357 3635 4411 δει-

2047 4455 2196 4509 κνύει
2223 4454 2283 4507 τὸ
2319 4454 2773 4525 πτερυσσόμενον.
2823 4450 3140 4523 Ἑξῂρηνται
3168 4447 3259 4504 οὖν
3296 4452 3498 4514 παντὸς
3534 4471 3635 4521 χα-

2051 4546 2330 4618 μαιζήλου,
2377 4546 2469 4598 καὶ
2501 4546 2824 4617 ἀεικινήτως
2864 4544 3046 4615 ἔχουσι
3074 4543 3210 4614 πρὸς
3255 4543 3550 4613 ἀναγωγὴν
3583 4548 3637 4597 οἱ

2049 4636 2179 4689 θεῖοι
2222 4638 2315 4689 καὶ
2370 4636 2716 4699 πανεύκλεείς
2763 4635 3000 4704 ἄγγελοι.
3065 4635 3229 4697 Ἰδίως
3278 4635 3335 4687 δὲ
3386 4635 3553 4688 πάλιν
3602 4640 3639 4706 ἡ

2046 4729 2155 4782 τῶν
2187 4730 2314 4800 περὶ
2345 4730 2471 4790 τοὺς
2504 4727 2685 4799 ὤμους
2718 4729 2931 4801 πτερῶν
2958 4728 3191 4799 ἐλαφρία
3213 4727 3361 4797 δηλοί
3389 4728 3451 4780 τὸ
3498 4730 3639 4781 d61-

2052 4820 2143 4891 ρές
2179 4819 2356 4873 αὐτῶν
2382 4821 2475 4873 καὶ
2511 4819 2740 4889 κοῦφον,
2772 4821 2864 4874 καλ⁵
2892 4820 3027 4891 πρὸς
3062 4820 3123 4872 τὸ
3156 4818 3435 4890 ἀνωφερὲς
3459 4818 3636 4888 ἀνεμ-

2056 4912 2321 4965 πόδιστον.

2127 5004 2200 5057 Τὸ
2221 5005 2278 5058 δὲ
2305 5007 2507 5075 γυμνὸν
2533 5008 2627 5060 καὶ
2658 5007 2979 5060 ἁνυπὸδετον
3002 5006 3063 5058 τὸ
3095 5006 3292 5074 ἄφετον
3318 5002 3518 5065 αὐτῶν,
3546 5002 3641 5055 καὶ

2057 5095 2192 5165 πρὸς
2211 5096 2281 5149 τὰ
2312 5098 2461 5150 κάτω
2487 5097 2705 5150 εὔλυτον
2727 5115 2785 5150 τε
2819 5098 2911 5150 καὶ
2946 5099 3191 5165 ἄσχετον,
3233 5093 3371 5146 κατὰ
3403 5091 3463 5143 τό
3483 5108 3496 5121 ε
3523 5093 3641 5145 Λῦ-

2059 5201 2162 5241 σαι
2190 5189 2254 5242 τὸ
2283 5190 2562 5260 ὑπόδημα
2610 5192 2678 5244 ἐκ
2701 5190 2818 5243 τῶν
2846 5190 3047 5243 ποδῶν
3075 5205 3213 5249 σου,
3232 5191 3265 5240 ό
3294 5187 3405 5253 γὰρ
3429 5187 3637 5249 τόπος,

2061 5281 2129 5332 ἐν
2171 5280 2217 5344 ᾦ
2278 5284 2521 5336 ἵστασαι
2555 5324 2568 5347 ,
2614 5284 2781 5352 ἅγιός
2838 5281 3102 5335 ἐστιν.ὐ
3136 5278 3245 5349 γάρ
3276 5277 3641 5346 γυμνοποδῶν

2061 5373 2339 5444 ἐλεύθερός
2367 5376 2478 5428 ἐστι
2511 5376 2709 5439 παντὸς
2750 5371 3074 5445 ἐξωτερικοῦ
3118 5369 3385 5439 ἐφολκίου.
3432 5368 3642 5437 Γυμνο-

2063 5467 2240 5522 ποδεῖν
2294 5469 2391 5539 μὲν
2443 5468 2688 5536 λέγονται
2744 5469 2835 5522 καὶ
2869 5469 2916 5521 οί
2952 5470 3088 5530 νὸες,
3124 5460 3197 5526 ὡς
3240 5460 3513 5531 ἐλεύθεροι
3541 5460 3639 5529 τῆς
