3874 6228
243 334 353 388 ’535

745 329 834 383 DE
864 323 1189 383 C(ELESTI
1222 322 1667 385 HIERARCHIA,
1704 317 1855 375 CAP.
1896 315 2009 371 XV.
2046 347 2116 357 —
2146 313 2495 369 PARAPHR.
2536 311 3012 368 PACHYMERZE.
3408 317 3514 371 554

241 446 354 497 τῶν
379 445 537 508 ἐκτὸς
564 444 902 516 προσθήκης,
930 444 1024 496 καὶ
1056 410 1144 495 διὰ
1175 441 1336 495 τοῦτο
1370 438 1695 511 ἁπρόσθετοι
1741 433 1835 487 καὶ⁹

1945 431 2233 495 dicuntur,
2286 412 2543 499 tanquam
2589 428 2745 484 liberi
2804 427 2872 483 ab
2920 427 3240 484 .extrinseco
3298 427 3511 484 addita-

244 539 425 599 ἁπλοῖ,
453 537 595 590 κατὰ
626 537 723 607 τὴν
746 538 819 600 ὡς
854 536 1071 606 ἐφικτὸν
1099 535 1235 605 πρὸς
1256 533 1354 606 τὴν
1380 533 1529 585 θείαν
1555 528 1830 598 ἁπλότητα

242 631 603 701 ἀφομοίωσιν.

314 836 344 907 §
367 836 461 894 IV.
492 836 874 890 Πολυποίκιλον
901 835 1046 905 λέγει
1067 836 1167 905 τὴν
1190 834 1377 903 σοφίαν
1397 830 1491 885 τοῦ
1515 829 1670 892 Θεοῦ,
1692 826 1835 881 κατὰ

241 929 335 981 τὸν
372 928 549 999 μέγαν
580 928 879 984 ἀπόστολον
913 926 1144 983 Παῐλον,
1179 929 1335 978 Δοκεῖ
1364 925 1420 977 δὲ
1451 924 1521 977 τὰ
1552 923 1645 976 δύο
1678 924 1833 976 ἐναν-

240 1020 333 1073 τία
381 1016 544 1083 εἶναι,
578 1020 638 1073 τό
677 1037 737 1073 τε
778 1019 983 1073 ἁπλοῦν
1028 1018 1122 1072 καὶ
1165 1019 1228 1071 τὸ
1268 1016 1671 1070 πολυποίκιλον.
1692 1015 1829 1066 Ἀλλ’

238 1110 386 1164 ἐστιν
421 1112 619 1173 εἰπεῖν,
654 1112 735 1164 ὅτι
774 1111 836 1163 τὸ
876 1109 1083 1163 ἁπλοῦν
1133 1110 1230 1179 μὲν
1271 1103 1445 1171 εἶπεν,
1482 1108 1568 1160 ἵνα
1613 1105 1829 1176 δηλώσῃ

237 1202 299 1255 τὸ
331 1202 626 1256 ἀσύνθετον
658 1202 752 1257 τοῦ
786 1203 942 1266 Θεοῦ,
966 1204 1059 1256 καὶ
1080 1202 1141 1255 τὸ
1166 1201 1435 1273 μηδεμιᾶς
1461 1199 1684 1268 διπλόης
1718 1201 1835 1251 επι-

238 1297 523 1367 δεόμενον·
573 1298 635 1351 οὐ
682 1297 792 1370 γὰρ
832 1300 898 1351 ὲκ
947 1297 1233 1368 μαθήσεως
1276 1293 1437 1364 σοφὸς
1467 1297 1496 1348 ό
1527 1294 1678 1357 Θεὸς,
1714 1293 1832 1346 ἀλλ’

241 1389 571 1460 αὐτόχρημα
603 1389 763 1458 σοφία
794 1389 932 1443 ἐστί.
964 1388 1037 1440 Τὸ
1069 1388 1125 1441 δὲ
1159 1386 1558 1449 πολυποίκιλον,
1591 1386 1721 1439 διότι
1755 1386 1835 1449 είς

243 1480 415 1533 πολλὰ
462 1480 715 1548 γνώσεως
756 1480 872 1550 εἴδη
921 1479 1325 1550 μετατυποῦται
1356 1478 1445 1532 διὰ
1475 1479 1573 1549 τὴν
1604 1478 1712 1531 τῶν
1746 1478 1833 1531 ὲλ-

237 1571 608 1642 λαμπομένων
639 1572 921 1626 ἀσθένειαν
945 1589 957 1601 ·
995 1572 1282 1642 ἀρχιερεὺς
1322 1571 1431 1639 γάρ
1477 1572 1592 1623 ἐστι
1641 1570 1831 1639 μέγας,

239 1665 584 1734 συμπάσχων
630 1668 751 1727 ταῖς
794 1664 953 1734 ἡμῶν
1001 1664 1333 1725 ἀσθενείαις”
1372 1662 1511 1715 ὥστε
1547 1662 1690 1733 ἁπλῆ
1729 1661 1829 1731 μὲν

236 1756 457 1823 λέγεται
501 1759 665 1827 σοφία
703 1758 838 1811 Θεοῦ
872 1757 1013 1811 κατὰ
1051 1756 1150 1827 τὴν
1183 1757 1365 1825 φύσιν,
1401 1754 1740 1827 πολύτροπος
1772 1756 1831 1809 δὲ

237 1847 377 1901 κατὰ
426 1848 527 1919 τὴν
572 1848 850 1919 πρόνοιαν.
880 1849 1097 1919 Ἐπειδὴ
1145 1848 1323 1901 τοίνυν
1373 1848 1511 1919 αῦτη
1565 1849 1658 1901 καὶ
1706 1851 1834 1912 τοὺς

236 1942 503 2004 demersi;
526 1942 771 2009 φυσικῶς
803 1941 1147 2012 ἁμφιέννυσι,
1167 1942 1261 1994 καὶ
1295 1940 1460 2011 σκεύη
1494 1940 1618 1993 τινὰ
1645 1941 1831 1995 δίδωσι

237 2034 561 2105 περιφέρειν
595 2034 807 2096 αὐτοῖς’
845 2034 976 2104 φέρε
1024 2035 1119 2086 καὶ⁴
1157 2035 1225 2086 τὰ
1275 2033 1497 2086 τοιαῦτα
1542 2033 1663 2104 ἱερὰ
1696 2050 1833 2105 προ-

236 2126 497 2197 ϐλήματα
523 2142 585 2177 τε
620 2126 713 2178 καὶ
746 2125 970 2197 ὄργανα,
1004 2124 1078 2187 ὡς
1111 2127 1242 2195 ἡμῖν
1276 2126 1390 2177 ἐστι
1422 2125 1665 2187 δυνατὸν,
1701 2126 1833 2178 ἀνα-

237 2216 555 2287 πτύξωμεν.
593 2215 705 2285 Τὴν
743 2215 840 2285 μὲν
873 2212 981 2284 γὰρ
1015 2213 1188 2283 φανὴν
1221 2214 1315 2266 καὶ⁸
1347 2210 1570 2283 πυρώδη
1604 2210 1829 2281 ἐσθῆτα,

237 2308 423 2371 καθὼς
459 2308 611 2378 παρὰ
658 2306 917 2377 Ἰεζεκιὴλ
950 2307 1043 2359 καὶ
1072 2304 1271 2377 Δανιὴλ
1303 2304 1551 2376 εὓρηται,
1587 2303 1836 2374 ὑπολαμ-

238 2398 732 2470 ϐάνωοσημαίνειν,
753 2397 853 2468 τὴν
878 2398 975 2467 μὲν
996 2394 1217 2467 πυρώδη
1251 2395 1455 2465 ἐσθῆτα
1486 2394 1547 2448 τὸ
1580 2394 1831 2457 θεοειδὲς,

236 2491 382 2545 κατὰ
424 2493 524 2565 τὴν
565 2491 661 2545 τοῦ
693 2492 865 2563 πυρὸς
896 2480 1079 2544 εἰκόνα
1108 2488 1290 2552 καθὼς
1324 2488 1613 2558 ἐλέγομεν,
1648 2488 1748 2559 τὴν
1779 2488 1834 2541 δὲ

238 2587 415 2656 φανὴν
462 2588 557 2638 καὶ
604 2586 871 2656 φωτεινὴν
903 2584 965 2636 τὸ
997 2582 1514 2651 φωτιστικόν.Ἐπεὶ
1555 2582 1613 2635 δὲ
1659 2583 1753 2635 καὶ
1800 2583 1833 2652 ἡ

231 2676 408 2747 ἐσθὴς
440 2676 631 2745 κτῆμά
663 2675 714 2727 τί
749 2676 887 2739 ἐστι,
908 2672 1139 2727 καθόλου
1168 2672 1411 2743 περιέχει
1432 2672 1491 2724 τὸ
1516 2671 1695 2741 σῶμα,
1713 2671 1835 2724 ὅθεν

230 2772 338 2823 καὶ
369 2767 652 2839 ἀμπεχόνη
703 2766 938 2835 λέγεται,
974 2766 1066 2818 ἐπὶ
1096 2766 1154 2819 δὲ
1184 2765 1292 2817 τῶν
1324 2763 1619 2835 κτημάτων
1650 2780 1708 2815 τε
1742 2765 1835 2817 καὶ

230 2860 546 2933 χρημάτων
593 2861 650 2913 αἱ
698 2858 792 2927 ἀφ’
828 2856 1016 2929 ἐτέρου
1062 2858 1143 2920 εἰς
1173 2856 1329 2911 ἄλλον
1361 2854 1714 2926 κληρονομίαι
1746 2854 1834 2923 γί-

230 2972 445 3015 νονται,
479 2954 579 3024 ὅρα
629 2952 681 3004 τί
735 2951 882 3019 λέγει
931 2947 1162 3003 ἐνταῦθα
1207 2949 1345 3020 πρὸς
1384 2948 1556 3002 ταῦτα
1599 2949 1627 3001 ὁ
1660 2948 1831 3015 ἅγιος.

230 3043 344 3096 Διά
375 3044 429 3095 τί
464 3042 661 3112 ὲσθής;
697 3040 797 3093 Διὰ
828 3040 926 3102 τὰς
958 3041 1016 3091 ὲν
1047 3039 1263 3111 οὐρανῷ
1294 3038 1477 3111 λήξεις
1508 3039 1600 3092 καὶ
1634 3037 1835 3109 κληρο-

233 3135 461 3204 νομίας,
479 3131 622 3186 κατὰ
653 3131 714 3183 τό
732 3149 746 3161 ⁸
782 3131 960 3184 Δεῦτε
992 3134 1045 3183 οὶ
1068 3130 1459 3200 εὐλογημένοι
1480 3130 1586 3183 τοῦ
1608 3130 1837 3197 Πατρός
1870 3161 1912 3221 C

232 3242 379 3292 μου,
400 3221 900 3292 κληρονομήσατε
932 3222 1046 3291 τὴν
1078 3221 1529 3292 ἡτοιμασμένην
1559 3221 1701 3290 ὑμῖν
1726 3222 1840 3286 βα-

234 3317 491 3372 σιλείαν
540 3316 657 3370 ἀπὸ
706 3313 1047 3383 καταϐολῆς
1092 3316 1346 3384 κόσμου.
1384 3314 1479 3377 Τίς
1528 3314 1587 3368 δὲ
1621 3317 1654 3386 ἡ
1689 3314 1842 3384 βασι-

232 3410 396 3475 λεία;
434 3408 662 3471 Πάντως
711 3409 886 3461 ἐκεῖνο
938 3407 1000 3460 τὸ
1050 3406 1192 3461 θεῖον
1238 3407 1332 3459 καὶ
1366 3405 1644 3476 ἁδιάδοχον
1689 3405 1837 3475 φῶς·

232 3502 400 3572 λῆξιν
436 3500 547 3572 γὰρ
579 3500 678 3571 τὴν
713 3499 1076 3570 κληρονομίαν
1120 3499 1169 3551 οί
1214 3498 1434 3552 παλαιοὶ
1465 3497 1683 3567 ἔλεγον·
1721 3496 1842 3549 ὅθεν

238 3596 340 3647 καὶ
380 3592 633 3665 ληγάτοι,
668 3594 764 3645 καὶ
796 3590 1122 3661 ληγατάριοι
1156 3590 1250 3642 καὶ
1281 3589 1629 3661 ληξιαρχικὸν
1661 3588 1842 3660 γράμ-

240 3702 347 3756 μα,
380 3685 445 3737 τὸ
489 3684 767 3754 διδόμενον
819 3686 931 3746 τοῖς
981 3683 1123 3753 ὑπὲρ
1170 3681 1239 3734 τὰ
1284 3680 1561 3735 δεκαοκτὼ
1594 3681 1692 3751 ἔτη
1724 3676 1842 3734 οὖσι

236 3780 356 3832 τῶν
388 3778 764 3850 κληρονόμων,
800 3778 880 3840 εἰς
924 3777 987 3829 τὸ
1027 3777 1217 3847 ἄρχειν
1258 3775 1356 3845 τῆς
1395 3773 1601 3836 οἰκείας
1647 3772 1845 3843 κληρο-

238 3870 463 3940 νομίας,
496 3869 587 3921 διὰ
636 3869 698 3920 τὸ
736 3868 837 3939 τῆς
878 3866 1095 3938 ἡλικίας
1125 3865 1350 3918 τέλειον.
1384 3864 1494 3917 Καὶ
1538 3864 1707 3916 ταῦτα
1745 3862 1843 3934 μὲν

240 3959 335 4011 διὰ
366 3960 469 4030 τὴν
502 3957 704 4029 ἐσθῆτα
724 3974 736 3986 ·
771 3956 971 4027 μᾶλλον
1004 3955 1061 4008 δὲ
1095 3956 1129 4025 ἡ
1164 3954 1326 4023 ἐσθὴς
1358 3951 1445 4006 διὰ
1474 3949 1644 4003 ταῦτα
1675 3964 1846 4017 παρα-

242 4050 608 4121 λαμϐάνεται.
642 4048 743 4102 Διὰ
786 4048 845 4101 δὲ
885 4047 947 4100 τὸ
989 4046 1159 4116 φανὸν
1190 4046 1285 4097 καὶ
1316 4042 1587 4114 πυρῶδες,
1624 4040 1720 4094 καὶ
1764 4039 1844 4093 ἔτι

242 4142 347 4213 τὴν
380 4140 613 4195 καθόλου
648 4140 910 4211 περιοχὴν
932 4139 1033 4208 τῆς
1056 4136 1282 4206 ἐσθῆτος
1304 4135 1449 4203 λέγει
1469 4134 1602 4186 ὅπου
1623 4132 1684 4185 τὸ
1705 4130 1841 4200 φῶς.

248 4236 410 4288 Ποῖον
447 4232 598 4302 φῶ;;
632 4231 743 4285 Καὶ
774 4230 837 4284 τὸ
868 4229 1099 4283 καθόλου
1136 4227 1439 4297 ἐκλάμπον,
1473 4227 1566 4278 καὶ
1598 4224 1659 4276 τὸ
1692 4223 1845 4276 καθό-

244 4328 345 4380 λου
389 4323 847 4393 ἐκλαμπόμενοψ
894 4320 1009 4374 ἀλλ’
1044 4321 1218 4373 ἐκεῖνο
1273 4319 1392 4389 μὲν,
1427 4318 1562 4387 ὅπερ
1614 4315 1758 4368 ἔστιν
1810 4316 1844 4385 ἡ

246 4420 371 4473 θεία
413 4417 596 4487 φύσις,
631 4414 837 4487 νοητῶς
878 4414 1145 4484 ὲλλάμπει
1169 4431 1182 4443 ·
1217 4411 1374 4465 τοῦτο
1414 4410 1491 4475 δὲ,
1528 4411 1667 4479 ὅπερ
1700 4407 1845 4459 ἐστὶν

246 4514 283 4583 ὴ
337 4510 631 4581 ἀγγελικὴ,
676 4508 879 4580 νοερῶς
926 4506 1292 4577 ἐλλάμπεται·
1344 4502 1532 4573 νοητὸν
1584 4502 1683 4572 μὲν
1732 4499 1841 4570 γάρ
1876 4551 1920 4605 D

249 4607 420 4667 ἐστιν,
458 4604 556 4657 ἆτε
596 4603 773 4656 ἐκεῖνο
802 4600 1068 4670 τυγχάνον
1099 4598 1160 4651 τὸ
1192 4596 1511 4667 νοούμενον·
1546 4593 1728 4664 νοερὸν
1761 4590 1839 4651 δὲ,

247 4695 311 4746 τὸ
356 4694 770 4765 ὲλλαμπόμενον
803 4694 898 4747 καὶ
929 4690 1102 4747 νοοῦν.
1140 4690 1290 4753 Τέως
1319 4689 1397 4751 δὲ,
1433 4688 1655 4741 κάκεῖνο
1683 4684 1844 4738 καθό-

248 4784 347 4837 λου
380 4783 680 4854 ὲλλὰμπον,
715 4784 809 4836 καὶ
840 4781 962 4851 δίχα
990 4779 1136 4842 τινὸς
1168 4776 1455 4847 φειδωλίας
1495 4790 1555 4826 τε
1596 4772 1691 4825 καὶ
1721 4770 1844 4839 γλι-

251 4873 574 4944 σχρότητος,
600 4873 694 4925 καὶ
726 4870 883 4925 τοῦτο
915 4869 1143 4923 καθόλου
1187 4866 1544 4937 ὲλλάμπεται,
1578 4864 1627 4915 εἰ
1660 4862 1755 4914 καὶ
1784 4860 1846 4913 τὸ

248 4966 476 5036 ἐφικτὸν
499 4965 820 5034 ὑποδέχεται
848 4963 989 5034 (οὐδὲ
1009 4961 1119 5033 γὰρ
1150 4960 1211 5013 τὸ
1245 4960 1463 5031 μέτριον
1496 4955 1843 5024 ὑποδέχεται,

250 5057 390 5111 διότι
427 5056 667 5127 μετρίως
697 5054 1052 5125 ὲλλάμπεται,
1088 5052 1200 5105 ἀλλ’
1234 5050 1376 5103 οὕτω
1405 5048 1622 5115 λέγεται
1652 5045 1714 5098 τὸ
1750 5043 1847 5115 μέ-

248 5167 406 5222 τριον
453 5148 831 5219 ὑποδέχεσθαι,
865 5149 947 5200 ὅτι
990 5145 1220 5199 καθόλου
1263 5143 1620 5213 ὲλλάμπεται,
1655 5139 1750 5191 καὶ
1782 5135 1843 5188 τὸ

250 5240 539 5312 ἐγχωροῦν
573 5238 1029 5311 προσλαμϐάνει)ο
1078 5238 1254 5291 ἐκεῖνο
1284 5233 1393 5305 γὰρ
1422 5229 1491 5303 ἦν
1524 5231 1591 5285 ἂν
1621 5231 1721 5301 τῆς
1751 5225 1845 5280 τοῦ

252 5336 649 5406 ὲλλάμποντος,
691 5331 767 5395 ὡς
816 5331 882 5385 ἄν
930 5348 1015 5393 τις
1063 5329 1229 5393 εἴποι,
1264 5324 1553 5397 φειδωλίας
1602 5322 1697 5375 καὶ
1747 5319 1841 5372 τοῦ

255 5426 480 5494 φθόνου,
515 5426 660 5495 άπερ
713 5424 903 5494 πόρρω
951 5421 1057 5474 εἰσὶ
1104 5421 1205 5491 τῆς
1254 5418 1402 5481 θείας
1435 5416 1529 5468 καὶ
1565 5412 1842 5485 μακαρίας

256 5516 503 5585 φύσεως·
525 5514 686 5567 τοῦτο
706 5513 761 5566 δὲ
788 5514 1005 5575 πάντως
1026 5513 1140 5563 ἐστὶ
1170 5510 1271 5579 τῆς
1298 5508 1405 5561 τῶν
1437 5504 1848 5575 ὑποδεχομένων

255 5608 563 5679 δυδάμεως.
593 5607 659 5658 ἸΙ
684 5607 740 5658 δὲ
770 5605 1018 5676 ίερατικὴ
1052 5602 1211 5673 στολὴ
1242 5597 1729 5672 παραλαμϐάνεται
1761 5594 1851 5647 διὰ

1940 532 2144 588 mento,
2190 530 2355 591 atque
2389 522 2512 576 ideo
2562 520 2800 589 expediti
2857 520 3262 590 simplicesque,
3311 533 3509 575 secun-

1936 615 2061 668 dum
2102 630 2221 669 eam
2265 629 2386 684 quae
2416 614 2616 669 divinae
2654 614 3022 684 simplicitatis
3050 613 3165 668 dari
3210 621 3391 684 potest
3435 613 3509 668 si-

1938 708 2319 762 militudinem.

2006 798 2031 869 §
2062 798 2148 852 ιν.
2192 796 2577 852 Multilormem
2607 809 2771 867 porro
2796 802 2958 850 vocat
2983 793 3079 848 Dei
3110 791 3265 863 143
3295 791 3512 860 sapien-

1936 892 2088 955 tiam,
2113 892 2267 962 juxta
2301 904 2574 961 .magnum
2628 887 2933 958 apostolum
2976 885 3226 940 Paulum.
3270 882 3512 953 Simplex

1935 994 2117 1036 autem
2148 992 2201 1036 et
2234 981 2595 1035 multifarium
2625 981 2881 1035 videnlur
2919 993 3046 1033 esse
3077 979 3183 1033 duo
3214 979 3513 1032 contraria.

1936 1072 2160 1141 Verum,
2188 1073 2368 1129 dicere
2398 1072 2546 1137 licet,
2577 1073 2881 1142 simplicem
2930 1072 3152 1141 quidem
3199 1071 3424 1138 dixisse,
3460 1082 3519 1124 ut

1936 1170 2255 1223 ostenderet
2288 1169 2455 1223 Deum
2506 1184 2628 1224 esse
2666 1168 2784 1222 sine
2835 1166 3252 1234 compositione,
3277 1176 3331 1222 et
3370 1168 3516 1222 nulla

1936 1261 2257 1329 dUplicitate
2305 1260 2595 1331 indigere:
2638 1273 2817 1329 neque
2869 1258 3013 1313 enim
3064 1258 3320 1312 discendo
3376 1259 3517 1313 Deus

1938 1354 2158 1421 sapiens
2191 1351 2273 1416 ﬁt,
2303 1352 2397 1407 sed
2429 1361 2513 1405 est
2543 1365 2738 1419 reapse
2788 1351 3077 1420 sapientia.
3132 1349 3516 1403 Multil‘ormcm

1936 1457 2089 1506 vero,
2120 1440 2247 1510 quia
2300 1441 2351 1494 in
2395 1440 2597 1494 multas
2646 1440 2977 1509 cognitionis
3020 1440 3255 1509 species,
3286 1450 3511 1507 propter

1935 1551 2125 1590 eorum
2158 1535 2247 1604 qui
2286 1534 2627 1590 illustrantur
2661 1534 3111 1597 imbecillitatem,
3143 1532 3505 1587 transforma-

1939 1639 2026 1682 tur
2055 1642 2069 1681 :
2099 1626 2343 1696 pontifex
2391 1627 2535 1680 enim
2585 1641 2816 1695 magnus
2842 1634 2946 1691 est,
2978 1626 3068 1694 qui
3121 1624 3323 1679 nostris
3353 1624 3514 1676 intir-

1941 1720 2223 1774 ntitatibus
2252 1718 2609 1786 compatitur;
2665 1718 2738 1771 ita
2768 1727 2826 1771 ut
2863 1717 2958 1771 Dei
3008 1718 3225 1787 quidem
3253 1715 3518 1783 sapientia

1866 1807 1906 1860 Β
1935 1815 2149 1869 dicatur
2175 1812 2401 1882 simplex
2428 1810 2724 1865 secundum
2750 1818 3023 1872 naturam,
3046 1808 3362 1864 multimoda
3388 1822 3518 1863 vero

1939 1906 2238 1962 secundum
2272 1903 2690 1974 providentiam.
2711 1902 2979 1957 Caeterum
3012 1915 3135 1955 cum
3164 1900 3281 1955 haec
3303 1915 3519 1974 quoque

1940 2010 2130 2055 natura
2166 2013 2264 2055 sua
2294 1998 2470 2051 nudos
2497 1996 2800 2065 cooperiat,
2848 2003 2904 2049 et
2941 1993 3188 2063 qua-datu
3224 1993 3290 2051 iis
3319 1997 3519 2052 instru-

1940 2103 2122 2147 menta
2169 2088 2603 2146 circumferenda
2657 2088 2869 2155 tradat;
2915 2089 3147 2158 agedum
3205 2090 3371 2142 etiam
3413 2088 3519 2143 ista

1939 2198 2095 2239 sacra
2124 2182 2463 2252 operimenta
2508 2190 2562 2235 et
2590 2180 2974 2245 instrumenta,
3019 2190 3180 2250 prout
3209 2195 3518 2249 possumus,

1939 2272 2653 2345 explicemus.Aclucidam
2684 2272 2903 2342 quidem
2934 2273 3261 2341 igneamque
3285 2281 3518 2336 vestem,

1940 2379 2002 2422 ut
2031 2368 2171 2437 apud
2198 2366 2542 2421 Ezecltielem
2564 2374 2619 2419 et
2642 2363 2919 2419 Danielem
2951 2364 3248 2434 reperitur,
3278 2363 3521 2418 arbitror

1947 2460 2283 2530 signiﬁcare,
2311 2467 2582 2527 quatenus
2607 2457 2860 2511 nimirum
2886 2466 2970 2512 est
2987 2457 3162 2527 ignea,
3182 2456 3522 2511 deifortuita-

1942 2552 2244 2619 lem,juxta
2293 2543 2454 2605 istam
2502 2548 2645 2619 ignis
2689 2549 2986 2619 imaginem
3029 2548 3096 2602 de
3127 2564 3230 2618 qua
3262 2549 3518 2617 egimus;

1941 2654 2212 2714 quatenus
2262 2658 2390 2699 vero
2434 2650 2518 2697 est
2560 2641 2866 2710 Splendida,
2901 2650 2956 2695 et
2987 2640 3219 2695 lucidam
3251 2641 3361 2693 vim
3393 2640 3516 2695 illu-

1942 2735 2210 2788 minandi.
2241 2735 2378 2789 Cum
2430 2743 2609 2787 autem
2657 2733 2827 2787 etiam
2879 2731 3049 2786 vestis
3095 2732 3390 2802 possessio,
3423 2746 3520 2786 seu

1941 2824 2183 2894 supellex
2211 2825 2458 2894 quadam
2490 2822 2561 2877 sit
2584 2836 2704 2890 quae
2735 2829 2904 2874 totum
2937 2834 3136 2888 corpus
3161 2818 3354 2882 ambit,
3380 2818 3521 2870 unde

1941 2928 1995 2972 et
2021 2918 2257 2971 amictus
2298 2930 2395 2970 seu
2438 2915 2813 2969 indumentum
2854 2912 3085 2977 dicitur;
3116 2908 3519 2980 possessionum

1944 3019 2126 3064 autent
2158 3016 2214 3062 et
2277 3004 2698 3078 supellectilium
2725 3004 2794 3059 ab
2820 3002 2927 3057 alio
2958 3002 3024 3056 ad
3048 3001 3209 3055 alium
3240 3000 3523 3055 haeredita-

1947 3112 2028 3157 tes
2056 3102 2394 3167 derivcntur,
2432 3100 2662 3154 observa
2706 3096 2839 3166 quid
2893 3102 3115 3150 sanctus
3159 3093 3250 3146 hic
3293 3092 3359 3146 ad
3406 3094 3521 3146 haec

1944 3196 2110 3250 dicat.
2144 3194 2223 3248 Ad
2251 3193 2381 3265 quid
2410 3190 2610 3247 vestis?
2630 3189 2861 3259 Pmpter
2889 3194 3065 3243 sortes
3092 3194 3142 3240 et
3175 3184 3523 3255 ltmreditates

1947 3287 2092 3351 coeli,
2125 3286 2279 3357 juxta
2310 3284 2442 3339 illud
2474 3279 2997 3347 :Venite,_benedicti
3024 3275 3211 3330 Patris
3242 3276 3366 3342 mei,
3395 3291 3521 3343 pos-

1944 3381 2108 3435 sidete
2157 3388 2405 3449 paratum
2452 3377 2597 3431 vobis
2644 3390 2862 3444 regnum
2908 3372 2971 3426 ab
3023 3370 3225 3439 origine
3268 3367 3454 3420 mundi
3471 3368 3518 3423 κ.

1944 3473 2229 3540 Quodnam
2257 3484 2419 3540 porro
2445 3466 2713 3538 regnum?
2745 3463 2878 3519 Illud
2908 3462 3092 3531 utique
3119 3461 3361 3515 divinum
3382 3473 3521 3514 sem-

1945 3566 2331 3635 piternumque
2381 3561 2606 3614 lumen:
2642 3557 2852 3625 antiqui
2909 3556 3055 3609 enitn
3109 3551 3280 3625 λῆξιν,
3339 3552 3392 3605 id
3442 3558 3524 3606 est

1947 3668 2163 3723 sortem,
2180 3656 2527 3727 appellabant
2551 3653 2953 3717 luereditatem;
2981 3648 3122 3703 unde
3147 3648 3308 3703 etiant
3334 3646 3522 3715 legati,

1945 3762 2000 3807 et
2026 3749 2296 3820 legatarii,
2323 3748 2696 3817 scriptumque
2732 3742 3081 3813 legatarium,
3111 3738 3257 3810 quod
3288 3739 3523 3793 lueredi-

1946 3847 2048 3902 bus
2065 3848 2224 3899 datur
2256 3843 2347 3914 qui
2374 3842 2487 3912 jam
2517 3839 2789 3895 decimum
2820 3846 3079 3892 octavum
3108 3848 3308 3887 annum
3336 3846 3523 3887 exces-

1947 3947 2155 4002 serunt,
2188 3943 2250 3991 ut
2278 3932 2612 3989 hazreditatis
2637 3945 2748 3986 suae
2773 3925 3303 3984 administrationem
3334 3938 3398 3982 ac
3426 3938 3525 3998 gu-

1947 4028 2326 4083 bernationem
2377 4032 2600 4095 prepter
2645 4019 2822 4075 aztatis
2862 4018 3259 4090 perfectionem
3302 4018 3520 4074 adeant.

1945 4120 2124 4189 Atque
2177 4120 2293 4176 haec
2340 4116 2559 4187 quidem
2612 4124 2835 4184 propter
2886 4123 3130 4179 vestem;
3181 4113 3311 4183 quin
3343 4113 3525 4180 potius

1950 4213 2120 4269 vestis
2144 4220 2367 4281 propter
2398 4211 2513 4264 haec
2547 4208 2864 4263 assumitur.
2908 4204 3143 4275 Pmpter
3182 4204 3524 4273 splendorem

1951 4315 2133 4358 autem
2159 4312 2324 4371 atque
2353 4301 2568 4369 igneam
2588 4297 2932 4367 qualitatem,
2968 4297 3134 4350 totius
3164 4295 3330 4350 etiam
3357 4296 3526 4351 vestis

1950 4395 2362 4466 amplitudinem
2416 4392 2571 4462 quasi
2629 4391 2804 4443 lucem
2855 4402 2974 4443 esse
3018 4388 3117 4442 ait.
3171 4386 3396 4453 Qualem
3439 4386 3526 4440 lu-

1948 4488 2113 4543 cent?
2138 4487 2268 4554 Quae
2298 4485 2557 4540 nimirum
2600 4498 2698 4552 per
2735 4491 2903 4535 totum
2935 4480 3190 4545 illustrat,
3222 4490 3279 4534 et
3317 4492 3415 4548 per
3443 4488 3524 4533 to-

1950 4591 2059 4632 tum
2097 4578 2404 4632 illustratur
2432 4592 2448 4631 :
2480 4586 2646 4645 atque
2676 4574 2766 4627 illa
2800 4573 3020 4642 quidem
3070 4585 3191 4640 quze
3220 4570 3403 4625 divina
3432 4586 3526 4624 na-

1952 4682 2072 4724 tura
2098 4680 2181 4726 est
2212 4667 2626 4738 intelligibiliter
2666 4664 2934 4728 illustrat;
2964 4663 3080 4716 haec
3122 4676 3252 4716 vero
3283 4675 3401 4730 qua:
3427 4675 3527 4714 an-

1950 4765 2120 4834 gelica
2158 4771 2242 4817 est
2280 4759 2633 4830 intelligendo
2663 4757 2966 4812 illustratur
3010 4771 3024 4809 :
3069 4752 3416 4825 itttelligibile
3447 4753 3523 4808 si-

1949 4858 2170 4928 quidem
2214 4856 2344 4910 illud
2385 4865 2469 4909 est
2499 4852 2639 4923 quod
2671 4851 3012 4920 intelligitur,
3050 4846 3359 4918 intelligens
3395 4861 3528 4901 vero

1953 4951 2006 5006 id
2032 4952 2175 5019 quod
2206 4949 2510 5003 illustratur
2561 4956 2617 5000 et
2671 4942 2942 5012 intelligit.
2972 4941 3160 5008 Itaque
3209 4954 3307 5009 per
3351 4948 3524 4994 totum

1954 5043 2083 5098 illud
2109 5042 2347 5095 illuStrat
2374 5040 2495 5094 sine
2523 5037 2628 5092 ulla
2656 5035 2989 5105 parcimunia
3014 5033 3099 5088 vel
3124 5032 3526 5093 contractione,

1957 5132 2118 5206 144
2155 5142 2211 5187 et
2261 5132 2367 5186 hoc
2413 5145 2510 5199 per
2554 5137 2725 5183 totum
2757 5126 3082 5192 illustratur,
3108 5125 3235 5187 etsi,
3264 5129 3525 5192 quantum

1955 5226 2038 5281 fas
2087 5235 2192 5292 est,
2220 5222 2483 5292 suscipiat
2534 5222 2754 5291 (neque
2793 5218 2938 5272 enim
2980 5217 3122 5286 quod
3156 5223 3523 5270 mensuratum

1954 5326 2037 5373 est
2068 5316 2315 5386 suscipit,
2340 5316 2465 5384 quia
2500 5320 2814 5367 mensurale
2841 5308 3171 5369 illustratur,
3200 5303 3296 5360 sed
3337 5304 3417 5358 sic
3446 5302 3520 5356 di-

1956 5411 2099 5464 citur
2131 5408 2470 5463 moderatum
2503 5404 2633 5475 quid
2677 5401 2980 5468 suscipere,
3010 5408 3279 5466 quatenus
3316 5408 3413 5462 per
3452 5402 3524 5445 to-

1959 5510 2071 5555 tum
2105 5498 2434 5562 illustratur,
2461 5505 2514 5550 et
2538 5506 2804 5565 quantum
2826 5506 3023 5562 capere
3046 5494 3247 5559 potest,
3279 5484 3523 5553 accipit):

1957 5606 2081 5645 nam
2113 5590 2245 5644 illud
2274 5588 2599 5643 illustrantis
2628 5594 2791 5651 esset,
2826 5600 2890 5639 ac
2928 5584 2973 5638 si
3008 5582 3129 5651 quis
3151 5579 3378 5640 diceret,
3399 5591 3522 5644 par-

258 5703 325 5757 τῦ
371 5700 673 5771 προσάγειν
718 5700 844 5760 τοὺς
882 5696 990 5750 τῶν
1039 5692 1342 5765 ἀνθρώπων
1383 5690 1563 5755 ἀξίους
1613 5687 1747 5758 πρὸς
1784 5685 1837 5740 τὲ

1960 5681 2207 5739 cimonia:
2255 5677 2340 5737 vel
2386 5678 2621 5744 invidiae,
2655 5693 2775 5748 qua:
2808 5672 3000 5746 procul
3030 5673 3225 5727 absunt
3266 5683 3298 5723 a
3342 5669 3525 5725 divina

344 5841 367 5879 κ
398 5836 591 5894 Mattlt.
612 5852 735 5893 λιν.
819 5834 907 5888 δι.
