3874 6228
400 306 505 360 555

1569 304 1624 358 S.
1663 301 1961 360 DIONYSII
1998 303 2464 360 AREOPAGITJE

3552 304 3661 359 356

398 420 663 485 beataque
694 426 924 481 natura;
954 419 1056 472 hoc
1097 425 1275 471 autem
1318 417 1540 470 omnino
1586 416 1860 469 facultatis
1887 430 1944 470 es

2073 417 2189 469 Θεία
2220 417 2467 491 θεάματα
2498 419 2589 471 καὶ
2625 419 2918 489 μυστήρια,
2950 416 3130 480 καθὼς
3172 418 3263 470 καὶ
3307 417 3400 469 ἐπὶ
3427 416 3538 469 τῶν
3567 418 3664 467 ἐν-

397 510 841 577 suscipientium.
872 509 1045 564 Porro
1076 511 1215 564 stola
1251 509 1606 563 sacerdotalis
1649 509 1969 573 assumitur,

393 615 459 654 eo
490 603 631 669 quod
660 602 934 657 adducant
974 602 1226 656 homines
1256 601 1347 670 qui
1380 610 1664 653 merentur
1690 601 1755 652 ad
1786 598 1965 651 divina

393 692 702 759 spectacula
738 694 1144 761 mysteriaque;
1196 693 1337 745 sicut
1391 691 1553 744 etiam
1597 690 1685 743 hic
1716 689 1968 742 usuvenit

391 784 796 847 sacerdotibus,
835 799 931 853 per
978 799 1115 854 quos
1164 784 1486 853 baptismus,
1538 782 1799 849 expiatio,
1844 780 1967 833 illu-

2075 506 2247 557 ταῦοα
2279 508 2465 576 ἱερέων
2496 507 2631 567 ἐστὶ,
2662 506 2728 557 δι’
2754 498 2829 557 ὧν
2867 506 2925 557 τὸ
2959 504 3259 575 βάπτισμα,
3290 506 3357 558 δι’
3382 502 3459 557 ὧν
3488 507 3523 574 ἡ
3552 505 3660 556 κά·-

2074 596 2285 668 Οαρσις,
2309 600 2337 650 ό
2362 598 2659 667 φωτισμὸς,
2690 600 2722 669 ἡ
2758 600 3081 669 χειροτονία,
3112 600 3145 668 ἡ
3176 599 3415 666 εὐλογία,
3443 599 3539 650 καί
3565 597 3662 649 ἄλο

2073 690 2179 751 λως
2206 690 2294 741 διὰ
2320 690 2381 741 τὸ
2408 690 2781 759 ἀφιερωμένον
2813 692 2907 743 καὶ
2936 689 3268 761 ἡγιασμένον
3305 691 3404 759 τῆς
3436 687 3658 755 ἀπάσης

2075 779 2218 848 ζωῆς
2245 777 2445 832 αὐτῶν.

390 876 603 939 stratio,
648 892 840 930 manus
878 877 1173 947 impositio,
1207 876 1620 943 benedictioque
1676 871 1981 937 confertur,
2039 880 2403 939 praeterquam
2435 870 2599 923 etiam
2650 870 2794 940 quod
2823 879 2935 924 tota
2962 886 3150 926 eorum
3183 870 3297 924 vita
3324 879 3655 925 consecrata

390 966 461 1018 sit
488 982 549 1020 ac
581 969 949 1022 sanctificata.

459 1060 621 1115 Zona:
646 1069 849 1125 autem,
886 1060 1340 1129 quemadmodum
1371 1061 1459 1114 hic
1487 1061 1726 1114 membra
1756 1058 1963 1129 genita-

385 1152 456 1205 lia
489 1165 758 1220 renesque
801 1153 1151 1223 succingunt,
1182 1153 1260 1206 sic
1290 1163 1345 1206 et
1375 1153 1445 1205 ibi
1480 1153 1743 1205 fecundas
1770 1165 1958 1203 eorum

384 1246 615 1297 virtutes
641 1244 961 1297 custodiunt
990 1260 1003 1295 :
1036 1242 1253 1297 divinos
1300 1244 1444 1297 enim
1484 1242 1799 1312 splendores
1833 1256 1961 1296 suos

382 1336 537 1404 quasi
593 1336 735 1387 fetus
787 1336 1073 1403 quosdam.
1124 1351 1247 1390 cum
1295 1350 1435 1387 unus
1488 1335 1620 1387 ordo
1669 1333 1811 1399 aliis,
1845 1342 1958 1388 tum

380 1443 569 1482 omnes
604 1428 758 1482 nobis
791 1428 1174 1493 manifestant;
1220 1429 1349 1498 quin
1380 1438 1435 1481 et
1473 1429 1759 1481 collectum
1802 1442 1957 1480 suum

382 1520 625 1573 habitum
660 1521 727 1574 ad
760 1536 923 1573 unum
954 1529 1303 1586 convertunt,
1330 1521 1411 1574 sic
1441 1530 1498 1573 ut
1528 1519 1825 1573 intellectio
1864 1534 1961 1573 eo-

379 1626 499 1664 rum
525 1621 740 1665 maneat
768 1612 1058 1673 indivulsa,
1090 1612 1303 1667 tametsi
1335 1612 1454 1666 aliis
1479 1610 1953 1666 communicetur:

2133 1052 2198 1104 Λί
2227 1052 2282 1104 δὲ
2315 1048 2500 1114 ζῶναι,
2533 1052 2608 1115 ὡς
2650 1051 2883 1105 ἐνταῦθα
2909 1050 2976 1104 τὰ
3006 1052 3201 1120 γόνιμα
3234 1052 3375 1123 μέρη
3407 1054 3538 1117 τοὺς
3568 1071 3659 1108 νε-

2065 1144 2233 1214 φροὺς
2284 1142 2950 1213 περισφίγγουσιν,οὖτως
2994 1144 3171 1195 ἐκεῖσε
3219 1147 3656 1217 περιφρουροῦσι

2062 1234 2160 1299 τὰς
2190 1236 2443 1305 γονίμους
2471 1234 2728 1303 δυνάμεις
2758 1233 2964 1287 αὐτῶν·
2994 1235 3309 1301 ἐκφαίνουσι
3338 1236 3447 1307 γάρ
3469 1238 3655 1291 αὐτῶν

2061 1327 2136 1391 ὡς
2168 1324 2255 1380 οἷά
2283 1345 2433 1390 τινας
2462 1327 2621 1395 γονάς
2648 1326 2715 1380 τὰ
2745 1327 2861 1379 Θεῖα
2888 1328 3282 1399 ἀμαρύγματα,
3311 1330 3404 1381 καὶ
3430 1329 3490 1381 ἓν
3512 1330 3656 1399 πρὸς

2059 1421 2245 1491 ἕτερον
2274 1420 2381 1472 τῶν
2411 1420 2727 1489 ταγμάτων,
2756 1420 2850 1472 καὶ
2880 1420 3059 1472 πάντα
3085 1420 3221 1490 πρὸς
3248 1422 3423 1491 ἡμᾶς’
3449 1422 3545 1474 καὶ
3572 1420 3653 1474 ἔτι

2065 1514 2454 1584 συστρέφουσιν
2498 1517 2576 1576 είς
2616 1514 2676 1565 τὸ
2719 1514 2796 1575 ἓν,
2819 1514 2919 1584 τὴν
2958 1513 3268 1580 συναγωγὸν
3300 1514 3481 1566 αὐτῶν
3509 1513 3649 1578 ἕξιν,

2060 1604 2134 1669 ὡς
2170 1606 2233 1659 ἂν
2262 1608 2293 1675 ἡ
2326 1606 2508 1675 νόησις
2550 1607 2705 1676 μείνῃ
2743 1604 3072 1667 ἀσκέδαστος
3099 1606 3192 1657 καὶ
3219 1608 3389 1677 ταυτὴ
3407 1612 3449 1668 ⁹,
3470 1609 3519 1659 εί
3552 1606 3654 1659 καὶ

378 1701 497 1755 sine
520 1701 667 1771 lapsu
693 1702 839 1755 enim
866 1713 921 1757 et
947 1718 1069 1756 cum
1095 1704 1293 1757 decore
1318 1703 1944 1771 circumvolvitur,quod

2061 1698 2172 1759 τοῖς
2214 1697 2420 1767 ἑτέροις
2447 1699 2896 1769 παραπέμπεται.
2917 1699 3326 1769 Ἀμετὰπτιιπος
3354 1698 3463 1769 γὰρ
3496 1716 3657 1752 συνε-

376 1792 539 1846 etiam
590 1808 738 1846 zonze
776 1795 993 1858 accidit,
1028 1796 1241 1848 tametsi
1272 1794 1727 1848 communicetur.
1762 1791 1956 1858 Quem-

378 1884 667 1938 admodum
696 1885 838 1938 enim
874 1886 1057 1939 unitas
1088 1887 1490 1957 communicata
1525 1900 1742 1939 rursum
1772 1892 1955 1938 manet

373 1976 585 2041 eadem,
615 1985 671 2030 et
696 1992 801 2031 non
832 1979 1054 2039 excidit,
1078 1988 1132 2032 et
1157 1980 1364 2032 circum
1392 1978 1739 2047 semetipsam
1777 1976 1955 2030 revol-

372 2067 540 2130 vitur,
567 2069 783 2135 quando
810 2068 960 2122 verbi
987 2068 1161 2138 gratia
1194 2068 1393 2122 dicitur
1425 2082 1566 2121 unus
1595 2067 1875 2130 denarius,
1896 2075 1951 2119 et

370 2175 514 2214 unus
560 2160 934 2223 centenarias,
977 2168 1032 2212 et
1075 2173 1214 2212 unus
1248 2158 1615 2221 miilcnarius;
1654 2157 1732 2210 sic
1764 2163 1819 2209 et
1862 2154 1953 2207 illa

371 2252 554 2305 divina
579 2251 727 2305 notio
754 2251 883 2303 dum
914 2250 1296 2319 participatur,
1324 2248 1550 2320 simplex
1581 2248 1635 2303 in
1666 2262 1725 2304 se
1749 2256 1950 2312 manet,

370 2354 427 2398 et
458 2359 562 2397 non
597 2343 823 2397 excidit.

444 2436 472 2507 §
537 2434 596 2488 V.
642 2434 823 2505 Virga:
893 2435 1199 2505 symbolum
1252 2442 1380 2490 sunt
1434 2435 1609 2505 regni,
1671 2444 1727 2489 et
1782 2444 1950 2493 recte.

364 2524 517 2593 juxta
588 2524 717 2577 illud
758 2542 772 2576 :
823 2523 984 2594 Virga
1036 2526 1364 2589 directionis,
1407 2526 1556 2593 virga
1612 2528 1756 2595 regni
1777 2527 1854 2578 tui
1877 2529 1948 2580 κ’.

370 2617 897 2688 Significantitaque
926 2618 1130 2687 regiam
1170 2618 1514 2687 dignitatem,
1551 2627 1607 2672 et
1650 2633 1680 2671 a
1732 2628 1946 2673 terrena

367 2710 635 2765 servitute
678 2708 1009 2764 libertatem.
1036 2708 1171 2765 Cum
1205 2718 1386 2763 autem
1422 2719 1631 2763 rectum
1679 2711 1773 2774 sit,
1806 2710 1949 2780 quod

367 2816 431 2855 ex
461 2816 617 2869 {equo
640 2801 810 2870 signis
836 2801 948 2856 suis
974 2801 1286 2870 respondet,
1313 2813 1366 2857 et
1393 2816 1458 2855 ex
1481 2816 1637 2871 atquo
1666 2804 1948 2867 terminat,

366 2891 643 2960 virgarum
678 2890 948 2945 rectitudo
992 2890 1237 2945 declarat
1270 2906 1364 2945 eos
1415 2899 1561 2946 recte
1607 2902 1803 2946 cuncta
1851 2892 1943 2945 de-

367 2981 693 3047 terminare;
727 2980 863 3034 nihil
909 2980 1054 3034 enim
1105 2996 1231 3035 cum
1278 2981 1550 3034 curvitate
1582 2981 1763 3050 aliqua
1792 2982 1948 3049 perfi-

365 3075 538 3129 ciunt.

437 3165 619 3219 iiastae
645 3176 699 3220 et
723 3180 945 3221 secures
974 3165 1233 3221 denotant
1257 3167 1365 3219 vim
1396 3164 1684 3235 inaequalia
1709 3181 1801 3221 seu
1830 3182 1945 3220 ma-

365 3258 578 3312 terialia
634 3260 910 3314 dividendi
961 3276 974 3313 :
1030 3259 1283 3314 dividunt
1310 3258 1454 3313 enim
1486 3274 1517 3312 a
1549 3258 1691 3313 maio
1716 3258 1941 3313 bonum.

362 3350 500 3404 Nam
548 3350 663 3405 ittec
712 3360 795 3405 est
816 3351 1164 3407 discernendi
1205 3350 1310 3414 vis,
1342 3365 1465 3419 qua:
1500 3364 1731 3404 acumen
1778 3351 1944 3405 habet

363 3450 423 3496 ut
451 3442 629 3506 hasta,
658 3451 713 3497 et
735 3442 1071 3497 activitatem
1100 3441 1503 3512 eﬂicaciamque
1535 3453 1594 3497 ut
1625 3457 1868 3498 secures.

436 3597 779 3653 Geometrica
835 3614 967 3654 vero
1027 3598 1354 3667 fabriliaque
1416 3600 1780 3655 instrumenta
1853 3598 1944 3653 dc-

360 3687 599 3757 signant,
632 3688 710 3740 ttti
755 3687 1019 3753 diximus,
1064 3688 1513 3757 perpendiculum
1556 3690 1773 3757 quidem
1820 3702 1946 3756 geo-

360 3780 650 3833 metricum
709 3778 969 3833 fundandi
1026 3790 1081 3833 et
1140 3780 1465 3845 aedificandi,
1516 3781 1671 3850 juxta
1733 3780 1863 3835 illud
1923 3802 1936 3837 :

362 3870 511 3925 Unus
556 3870 781 3923 alterum
818 3870 1131 3939 ardi/icate‘.
1166 3880 1328 3941 atque
1379 3874 1599 3943 insuper
1627 3873 1937 3942 perficiendi

360 3962 717 4017 facultatem:
752 3977 858 4015 non
904 3963 1049 4016 enim
1097 3962 1294 4017 dicitur
1323 3963 1644 4029 aadificator,
1677 3966 1768 4035 qui
1814 3966 1938 4019 fun-

358 4055 674 4106 damentum
717 4052 893 4107 solum
946 4052 1103 4123 1&5
1154 4056 1326 4122 ponit,
1360 4071 1573 4108 murum
1623 4057 1807 4126 erigit,
1841 4058 1934 4111 sed

357 4147 451 4216 qui
476 4146 693 4199 domum
729 4144 946 4214 perficit
972 4165 984 4207 ;
1013 4147 1207 4199 domus
1234 4146 1378 4199 enim
1413 4146 1535 4201 finis
1560 4157 1663 4211 est,
1690 4149 1779 4201 ilia
1805 4163 1935 4203 vero

356 4238 684 4308 principium
724 4238 996 4291 duntaxat
1051 4247 1199 4299 sunt,
1235 4245 1290 4290 et
1337 4239 1403 4290 ad
1456 4239 1615 4293 finem
1672 4240 1931 4305 tendunt;

355 4330 564 4385 nullum
609 4340 791 4385 autem
841 4330 1167 4399 principium
1222 4339 1307 4384 est
1348 4330 1550 4384 finibus
1578 4346 1842 4395 coaevum,
1874 4341 1934 4384 ut

2061 1787 2321 1849 λίσσεται,
2352 1788 2445 1841 καὶ
2479 1792 2594 1859 μετ’
2626 1791 2943 1859 εὐκοσμίας,
2961 1793 3098 1863 ὅπερ
3126 1794 3217 1845 καὶ
3247 1792 3379 1844 αὐτὸ
3405 1793 3508 1862 τῆς
3540 1790 3655 1854 ζὼ-

2056 1897 2152 1950 νης
2187 1881 2320 1940 ἐστὶ,
2355 1880 2457 1933 κᾶν
2485 1883 2577 1933 καὶ
2610 1882 2961 1951 μεταδίδοται.
2981 1885 3065 1947 Ὠς
3089 1884 3196 1954 γὰρ
3226 1886 3258 1953 ἡ
3288 1883 3456 1953 μονὰς
3480 1901 3652 1953 μετα-

2054 1969 2302 2041 διδομένη
2340 1972 2499 2024 πάλιν
2532 1973 2682 2042 μένει
2709 1975 2878 2044 ταυτή
2900 1991 2960 2026 τε
2989 1977 3083 2029 καὶ
3112 1976 3523 2045 ἀμετάπτωτος,
3552 1978 3650 2029 καὶ

2058 2065 2184 2134 περὶ
2213 2064 2411 2136 ἑαυτὴν
2453 2064 2847 2129 συνελίσσεται,
2876 2067 2965 2119 ὅτε
2993 2068 3192 2138 δηλαδὴ
3236 2068 3334 2138 μία
3360 2067 3525 2131 δεκὰς
3558 2070 3649 2122 λέ-

2054 2166 2207 2217 γεται
2253 2152 2347 2203 καὶ
2391 2152 2490 2222 μία
2534 2153 2849 2217 ἑκατοντάς,
2881 2156 2974 2207 καὶ
3021 2158 3118 2225 μία
3164 2158 3467 2226 χιλιοστύς·
3497 2159 3650 2211 οὕτω

2054 2241 2278 2311 κάκείνη
2322 2243 2355 2311 ἡ
2405 2240 2523 2293 θεία
2566 2242 2769 2311 νόησις,
2796 2244 3156 2315 μετεχομένη,
3191 2246 3334 2317 ἁπλῆ
3362 2264 3447 2311 τις
3492 2249 3647 2318 μένει

2055 2331 2149 2384 καὶ
2181 2331 2587 2401 ἀμετάπτωτος.

2051 2440 2063 2464 ο
2124 2423 2151 2493 §
2184 2422 2246 2475 V.
2289 2426 2353 2476 Αἱ
2387 2424 2592 2495 ῥάϐδοι,
2624 2426 2887 2497 σύμϐολον
2926 2428 3204 2497 βασιλείας
3243 2431 3371 2493 εἰσὶ,
3406 2432 3504 2485 καί⁷
3548 2433 3644 2485 εὑ-

2054 2514 2186 2579 Θεῖς,
2232 2517 2371 2569 κατὰ
2415 2517 2496 2579 τὸ,
2526 2518 2760 2584 Ῥάΰδος
2805 2522 3149 2586 εὐθύτητος,
3185 2523 3223 2589 ἡ
3256 2522 3481 2589 ῥάϐδος
3527 2524 3647 2591 τῆς

2045 2609 2372 2675 βασιλείας
2424 2624 2563 2664 σου.
2618 2611 2850 2681 Δηλοῦσι
2894 2613 3186 2683 τοιγαροῦν
3225 2614 3287 2667 τὸ
3336 2614 3643 2683 βασιλικὸν,

2051 2704 2145 2755 καὶ
2178 2704 2312 2775 πρὸς
2344 2704 2410 2757 τὰ
2444 2704 2592 2757 κάτω
2624 2704 2942 2761 ἀδούλωτον.
2971 2708 3121 2758 Ἐπεὶ
3151 2707 3208 2759 δὲ
3242 2707 3371 2759 εὐθύ
3404 2708 3542 2771 ἐστι,
3579 2709 3647 2760 τὸ

2050 2792 2110 2858 ἐξ
2142 2794 2256 2847 ίσου
2289 2799 2401 2859 τοῖς
2433 2798 2517 2865 ἐφ’
2547 2796 2739 2849 ἑαυτοῦ
2778 2798 3027 2867 σημείοις
3060 2799 3329 2869 κείμενον,
3365 2802 3459 2852 καὶ
3485 2800 3549 2852 τὸ
3581 2800 3647 2868 ἐξ

2052 2885 2166 2939 [σου
2202 2892 2475 2959 περαῖνον,
2510 2890 2569 2941 τὸ
2607 2889 2713 2941 τῶν
2744 2890 2952 2960 ῥάϐδων
2986 2890 3137 2953 εὐθὺ,
3171 2891 3324 2961 δηλοῖ
3350 2892 3411 2943 τὸ
3445 2892 3644 2963 περαίο

2050 2993 2161 3029 νειν
2202 2979 2443 3043 ἐκείνους
2482 2981 2657 3033 πάντα
2692 2979 2926 3043 εὐθέως·
2962 2981 3083 3033 οὐδὲ
3117 2981 3227 3053 γὰρ
3251 2982 3462 3036 τελοῦσι
3496 2986 3643 3053 μετά

1975 3061 2018 3117 C
2049 3082 2195 3132 τινος
2226 3070 2585 3143 σκολιότητος.

2120 3158 2200 3211 Τὰ
2242 3160 2439 3231 δόρατα
2485 3164 2577 3214 καὶ
2620 3164 2667 3215 οἱ
2718 3164 2948 3228 πέλυκες
2975 3164 3193 3235 δηλοῦσι
3217 3165 3282 3217 τὸ
3308 3165 3643 3236 διαιρετικὸν

2046 3254 2153 3306 τῶν
2182 3256 2468 3325 ἀνομοίων,
2502 3258 2667 3327 ἤγουν
2709 3259 2816 3311 τῶν
2862 3258 3093 3312 ὑλικῶν·
3130 3258 3398 3329 διαιροῦσι
3432 3259 3544 3329 γάρ
3575 3261 3642 3312 τὸ

2047 3346 2291 3413 κρεῖττον
2316 3346 2422 3398 ἀπὸ
2447 3346 2539 3399 τοῦ
2576 3346 3013 3416 χείρονος.Τοῦτο
3041 3347 3151 3418 γάρ
3180 3349 3329 3399 ἐστιν
3349 3350 3381 3416 ἡ
3414 3347 3638 3418 διακρι-

2044 3438 2169 3507 τικὴ
2212 3438 2517 3509 δύναμις,ὴ
2556 3439 2702 3504 ὀξεῖα
2743 3440 2882 3493 κατά
2928 3441 2989 3493 τὸ
3027 3441 3176 3511 δόρυ,
3208 3442 3241 3510 ἡ
3272 3440 3500 3511 ἐνεργὴς
3537 3441 3641 3493 καὶ

2051 3528 2356 3600 δραστηρία
2389 3530 2531 3582 κατὰ
2561 3531 2687 3593 τοὺς
2717 3531 2976 3593 πέλυκας.

2114 3620 2195 3672 Τὰ
2239 3621 2296 3673 δὲ
2344 3622 2689 3693 γεωμετρικά
2734 3624 2826 3677 καὶ
2870 3624 3158 3677 τεκτονικά
3185 3624 3414 3695 ὄργανα,
3441 3623 3635 3688 καθὼς

2041 3710 2319 3782 ἐλέγομεν,
2369 3714 2601 3784 σχοινίον
2643 3716 3033 3787 γεωμετρικὸν,
3083 3717 3146 3769 τὸ
3191 3716 3637 3786 θεμελειωτικὸν,

2042 3806 2134 3856 καὶ
2154 3804 2583 3876 οίκοδομητικὸν,
2598 3807 2739 3860 κατὰ
2758 3809 2817 3861 τό
2836 3825 2848 3839 ο
2866 3809 2970 3875 Εἷς
2982 3810 3089 3861 τὸν
3114 3809 3225 3861 ἕνα
3247 3807 3633 3876 οίκοδομεῖτε,

2040 3896 2134 3948 καὶ
2175 3896 2252 3949 ἔτι
2295 3898 2356 3950 τὸ
2400 3898 2769 3953 τελειωτικόν·
2805 3900 2925 3953 οὐδὲ
2955 3900 3065 3971 γὰρ
3094 3901 3313 3969 λέγεται
3346 3900 3637 3970 οἰκοδόμος

2036 3986 2065 4038 ὁ
2093 3985 2356 4056 θεμελιῶν
2389 3990 2480 4042 καὶ
2507 3990 2704 4054 κτίζων
2730 3992 2909 4061 μόνον,
2946 3992 3060 4045 ἀλλ’
3093 3992 3122 4043 ὁ
3167 3992 3388 4046 τελειῶν
3416 3991 3517 4062 τὴν
3551 3993 3636 4044 oi-

2038 4078 2193 4131 κίαν·
2239 4082 2271 4150 ή
2313 4083 2459 4133 οἰκία
2506 4082 2613 4153 γὰρ
2660 4082 2810 4157 τέλος
2849 4084 3016 4147 ἐστὶν,
3050 4083 3234 4136 ἐκεῖνα
3265 4084 3321 4136 δὲ
3349 4084 3493 4154 ἀρχὴ
3535 4085 3636 4135 καὶ

2037 4170 2171 4241 πρὸς
2203 4171 2264 4222 τὸ
2294 4172 2477 4235 τέλος
2510 4173 2733 4243 οὐδεμία
2759 4176 2815 4227 δὲ
2855 4174 2999 4245 ἁρχὴ
3035 4174 3301 4244 συγγενὴς
3334 4177 3449 4236 τοῖς
3471 4174 3631 4227 τέλε-

2038 4279 2139 4325 σιν,
2174 4264 2249 4326 ὡς
2281 4264 2399 4315 οὐδὲ
2429 4267 2620 4336 τρόπις
2652 4268 2716 4335 τῇ
2752 4267 2841 4335 νηῒ
2864 4284 2875 4295 ·
2912 4266 3001 4318 διὰ
3031 4266 3193 4317 τοῦτο
3228 4264 3360 4333 γοῦν
3393 4267 3633 4335 προστέ-

2037 4350 2208 4404 Οειται
2258 4352 2373 4415 καὶ,
2411 4355 2476 4405 Td.
2520 4356 2913 4418 τελειωτικὸν,
2949 4355 3041 4407 καὶ
3065 4356 3166 4407 ὅσα
3198 4356 3331 4409 ἀλλα
3361 4356 3462 4425 τῆς
3491 4357 3632 4408 ἀνα-

353 4438 533 4492 neque
566 4423 753 4477 carina
780 4423 934 4486 navi;
966 4422 1171 4477 idcirco
1196 4422 1361 4475 etiam
1387 4422 1605 4475 additur
1630 4423 1935 4490 perﬁciendi

2053 4442 2218 4509 γωγοῦ
2254 4444 2509 4513 προνοίας
2541 4444 2649 4497 τῶν
2679 4444 2930 4512 πρώτων,
2949 4447 3041 4498 καὶ
3063 4446 3496 4516 ὲπιστρεπτικῆς
3520 4445 3632 4498 τῶν

355 4514 681 4580 facultatem,
701 4523 755 4568 et
785 4529 1122 4583 quaecunque
1150 4513 1278 4578 alia,
1306 4512 1597 4567 inferiores
1629 4515 1932 4568 adducendi

353 4612 408 4657 et
465 4606 819 4659 convertendi
867 4603 1266 4673 providentiam
1300 4602 1710 4665 concernentia,
1742 4603 1933 4672 primis

354 4695 463 4749 illis
494 4697 679 4749 insunt
705 4706 761 4748 et
784 4698 1185 4751 attribuuntur.

423 4786 640 4840 Accidit
688 4803 905 4855 quoque
947 4798 1445 4859 nonnunquam,ut
1494 4788 1797 4842 istiusmodi
1848 4787 1930 4839 iu-

354 4888 651 4933 strumenta
687 4880 993 4933 divinorum
1024 4897 1151 4951 erga
1184 4896 1284 4936 nos
1324 4880 1651 4948 iudiciorum
1683 4878 1925 4948 symbola

350 4974 612 5027 existant.
636 4971 714 5025 Ae
737 4971 888 5041 virga
917 4971 1135 5038 quidem
1162 4986 1262 5039 pro
1284 4972 1619 5025 correctrice
1642 4968 1923 5036 disciplina

352 5066 611 5130 sumitur,
639 5064 716 5116 uti
764 5078 887 5117 cum
936 5062 1153 5115 divinus
1202 5063 1499 5132 Apostolus
1529 5062 1607 5115 ait
1636 5084 1646 5117 :
1674 5062 1743 5115 In
1779 5062 1925 5131 virga

350 5159 549 5210 veniam
586 5158 653 5209 ad
683 5172 791 5218 vos,
824 5170 894 5207 an
920 5156 974 5206 in
1003 5154 1342 5208 charitate"?
1387 5154 1495 5208 Pro
1529 5154 1766 5207 vindicta
1793 5168 1925 5206 vero

344 5251 570 5318 justitite
613 5247 843 5317 gladius,
880 5246 988 5299 falx
1020 5255 1074 5300 et
1112 5248 1345 5310 securis,
1377 5249 1521 5301 sicut
1550 5245 1715 5298 etiam
1756 5245 1809 5298 in
1842 5259 1929 5297 sa-

350 5344 459 5397 cris
492 5340 796 5408 Evangeliis
826 5339 892 5391 de
936 5337 1039 5389 ficu
1090 5337 1356 5390 inutiliter
1386 5338 1571 5390 locum
1618 5346 1923 5404 oceupante

350 5434 601 5488 refertur.
632 5431 737 5484 Pro
760 5430 1010 5485 libertate
1034 5444 1164 5481 vero
1195 5430 1263 5483 ab
1293 5429 1505 5483 insidiis
1542 5429 1921 5481 hazreditarius

350 5524 639 5585 funiculus,
665 5521 817 5589 juxta
846 5520 974 5574 illud
1005 5534 1020 5570 :
1054 5516 1348 5571 Funiculus
1375 5520 1777 5571 Im'reditatisn.
1814 5519 1916 5573 Pro

456 5701 506 5738 ιι·
541 5742 553 5755 ,
591 5692 730 5745 Psal.
765 5710 905 5755 XLIV,
940 5694 991 5747 7.
1035 5691 1051 5732 1
1089 5693 1105 5747 I
1138 5692 1324 5749 Thess.
1362 5711 1409 5760 ν,
1444 5696 1526 5751 ii.
1578 5701 1611 5723 ¹¹
1641 5692 1657 5746 Ι
1682 5693 1807 5749 Cor.
1843 5708 1886 5746 tv
1959 5695 2049 5749 2i.

2038 4532 2306 4603 δευτέρων
2340 4536 2456 4587 ἐστί
2489 4553 2547 4587 τε
2583 4538 2676 4588 καὶ
2708 4536 2945 4604 λέγεται.

2108 4788 2261 4839 Ἔστι
2308 4789 2362 4841 δὲ
2409 4791 2495 4841 ὅτε
2529 4791 2701 4843 ταῦτα
2734 4791 2801 4843 τά
2833 4794 3040 4862 ὄργανα
3066 4792 3341 4861 δηλωτικὰ
3373 4795 3482 4846 εἰσι
3516 4795 3632 4849 τῶν

2030 4880 2109 4941 εἰς
2158 4880 2303 4949 ἡμᾶς
2355 4881 2587 4949 κρίσεων
2633 4880 2730 4933 τοῦ
2777 4882 2933 4934 Θεοῦ.
2966 4884 3075 4935 Καὶ
3110 4884 3190 4945 εἰς
3233 4884 3488 4937 παιδείαν
3527 4887 3630 4956 μὲν

2029 4971 2469 5041 ὲπανορθωτικὴν
2502 4973 2535 5040 ἡ
2574 4972 2765 5041 ῥάϐδος
2801 4973 3309 5043 παραλαμϐάνεται,
3345 4974 3422 5037 ὥς
3458 4992 3630 5044 φησιν

2026 5064 2053 5113 ὁ
2087 5062 2227 5124 θεῖος
2272 5063 2587 5125 Ἀπόστολος
2610 5080 2623 5092 ’
2645 5064 2738 5115 Ἐν
2760 5063 2962 5129 ῥάϐδῳ
2992 5065 3148 5118 ἔλθω
3180 5065 3332 5131 πρὸς
3364 5066 3549 5134 ὑμᾶς,
3587 5068 3627 5133 ἢ

2026 5154 2095 5207 ἐν
2126 5153 2325 5221 ἀγάπῃ
2350 5170 2367 5215 ;
2400 5155 2493 5216 Εἰς
2526 5153 2583 5206 δὲ
2615 5153 2753 5223 μετὰ
2782 5154 3127 5224 δικαιοσύνης
3160 5156 3431 5227 τιμωρίαν
3461 5158 3526 5209 τὸ
3552 5158 3632 5222 ξί-

2029 5262 2145 5313 φος,
2178 5246 2237 5296 τὸ
2261 5245 2547 5314 δρέπανον,
2582 5247 2677 5298 καὶ
2704 5247 2733 5297 ὁ
2765 5246 3014 5309 πέλεκυς,
3052 5246 3236 5310 καθὼς
3268 5249 3363 5300 καὶ
3406 5249 3465 5299 ὲν
3512 5253 3629 5313 τοῖς

2032 5335 2191 5403 ἱεροῖς
2224 5334 2573 5401 Εὑαγγελίοις
2607 5335 2858 5405 περὶτῆς
2892 5336 3064 5406 συκῆς
3096 5336 3198 5405 τῆς
3232 5337 3627 5407 καταργούσης

2025 5428 2116 5478 τὸν
2159 5427 2322 5478 τόπον
2366 5426 2609 5495 φέρεται.
2646 5428 2740 5489 Εἰς
2783 5427 2839 5480 δὲ
2886 5428 3198 5498 ἐλευθερίαν
3242 5429 3628 5497 περιστάσεως

2024 5519 2085 5570 τὸ
2106 5516 2461 5586 κληροδοτοῦν
2513 5518 2766 5587 σχοινίον,
2802 5518 2942 5571 κατὰ
2974 5520 3035 5571 τὸ
3059 5558 3073 5579 ,
3105 5518 3444 5586 Σχοινισμα
3477 5522 3628 5586 κλη-

2131 5708 2157 5734 ιι
2190 5695 2346 5751 Deut.
2378 5710 2526 5750 xuu
2550 5735 2563 5757 ,
2600 5694 2652 5749 9.
