3874 6228
171 323 276 377 557

668 318 756 374 DE
786 315 1111 376 C(ELESTI
1146 317 1596 406 lllERAilClllA,
1633 315 1788 372 CAP.
1825 314 1942 370 XV.
1979 347 2046 355 -—-
2089 309 2433 367 PARAPHR.
2468 309 2941 366 PACHYMlLlUE.

3332 312 3434 366 558

162 439 474 508 ρονομίας.
510 439 605 501 Et;
637 437 693 490 δὲ
734 437 884 500 τέλος
916 436 1160 500 παιδείας
1197 435 1356 490 πάλιν
1387 437 1415 488 6
1446 436 1657 505 τέμνων
1690 433 1757 485 τά

1878 431 1969 485 ine
2002 445 2129 485 vero
2162 428 2459 498 disciplintc
2491 425 2686 479 iterum
2716 424 2927 480 securis
2954 437 3074 491 (ιιιω
3117 421 3258 476 mala
3289 437 3433 478 rese-

170 529 386 601 χαλεπά
419 527 620 592 πέλυξ·
656 530 734 592 είς
776 527 832 580 δὲ
874 527 1210 598 ἑπανάληψιν
1239 528 1338 598 τῆς
1372 526 1642 597 προτέρας
1673 525 1760 576 εῦ-

172 614 409 677 παθείας
455 616 489 684 ἡ
539 615 734 685 ῥάϐδος
787 615 968 679 πάλιν,
1006 615 1080 678 ὡς
1128 616 1217 668 16'
1269 615 1331 670 Ἠ
1361 614 1582 683 ῥάϐδος
1620 629 1758 672 σου,

173 707 271 760 καὶ
303 707 343 773 ἡ
371 705 675 774 βακτηρία
714 719 850 766 σου,
885 706 1063 759 αὗταί
1088 724 1164 775 με
1193 705 1635 773 παρεκάλεσαν.
1668 705 1762 767 Εἰς

173 798 228 850 δὲ
251 798 575 870 προσθήκην
603 798 820 869 δωρεῶν
848 798 1121 867 αἰσθητῶν
1153 798 1250 868 μὲν
1283 799 1375 850 καὶ
1407 797 1616 869 μικρῶν
1639 797 1762 849 ὅσον

175 891 320 943 κατά
348 889 641 956 ἀναλογίαν
670 889 764 941 τοῦ
797 889 1048 951 διδόντος,
1066 890 1127 941 16
1150 890 1444 958 ἀμυντικὸν
1475 891 1566 942 καὶ
1597 906 1762 960 στρα-

173 979 431 1034 τιωτικὴν
461 981 702 1052 φόρημα,
725 981 905 1045 καθὼς
933 982 1123 1054 ὠράοη
1152 983 1228 1052 τῷ
1256 981 1350 1034 τοῦ
1381 984 1537 1052 Ναυῆ
1565 983 1758 1053 Ἰησοῦ⁹

175 1074 386 1143 νοητῶν
419 1073 476 1125 δὲ
504 1075 596 1126 καὶ
632 1073 904 1142 μεγάλων,
939 1075 1079 1144 άπερ
1114 1073 1282 1127 πολλά
1313 1077 1424 1137 τοῖς
1466 1074 1640 1142 ἁγίοις
1673 1076 1765 1126 καὶ

174 1167 413 1236 διάφορα
456 1165 818 1236 ἐξεφάνησαν.
859 1168 968 1220 Καὶ
1009 1167 1143 1230 ὅλως
1191 1167 1290 1219 οὑκ
1329 1167 1394 1219 ἂν
1438 1167 1766 1238 ἀπορήσειεν

174 1257 203 1307 6
232 1255 552 1318 διαδατικὸς
595 1254 720 1319 νοῦς
764 1255 979 1319 οἰκείως
1019 1256 1255 1327 ἁρμόσαι
1296 1259 1408 1319 τοῖς
1441 1258 1670 1325 ἀφανέσι
1697 1257 1767 1310 τὰ

177 1345 502 1416 φαινόμενα.

247 1438 276 1508 §
310 1437 397 1491 Vl.
443 1439 516 1491 Τὸ
543 1439 600 1492 δὲ
630 1440 724 1493 καὶ
752 1439 990 1511 ἀνέμους
1019 1441 1218 1504 αὐτοὺς
1256 1441 1637 1512 ὀνομάζεσθαι,
1669 1460 1768 1495 κα-

174 1529 246 1582 τά
293 1531 376 1591 16,
408 1531 463 1582 '0
510 1531 849 1599 περιπατῶν
888 1531 987 1584 ἐπὶ
1030 1534 1336 1602 πτερύγων
1378 1534 1630 1601 ἀνέμων,
1663 1534 1768 1604 τὴν

177 1623 358 1688 ὀξεῖαν
401 1623 583 1675 αὐτῶν
621 1625 817 1694 πτῆσιν
861 1624 1029 1695 δηλοῖ,
1065 1626 1157 1678 καὶ
1191 1625 1374 1696 σχεδὸν
1403 1627 1646 1697 ἀχρόνως
1675 1628 1768 1680 ἐπὶ

180 1713 361 1766 πάντα
374 1713 689 1785 διήκουσαν.
714 1714 910 1778 Καλῶς
926 1716 983 1768 δὲ
999 1715 1234 1770 τέθειται
1256 1719 1316 1770 τὸ
1327 1717 1552 1785 σχεδόν
1575 1737 1588 1748 ·
1611 1719 1768 1772 τοῦτο

178 1801 288 1873 γὰρ
318 1802 453 1855 ίδιον
476 1804 570 1856 καὶ
612 1802 769 1873 μόνον
802 1803 958 1860 Θεοῦ.
977 1805 1243 1876 Ἀχρόνως
1273 1807 1329 1859 δὲ
1363 1802 1537 1870 εἶπεν,
1567 1809 1648 1861 ὅτι
1677 1808 1770 1861 ἐπὶ

181 1895 283 1963 μὲν
323 1893 437 1947 τῶν
479 1893 773 1965 αἰσθητῶν,
801 1895 1032 1966 έγχρονα
1073 1898 1164 1950 καὶ
1202 1897 1505 1970 βραδύτερα
1535 1899 1603 1953 τά
1629 1901 1771 1968 γινό-

182 2001 320 2054 μενα
337 2003 349 2014 ·
371 1985 469 2037 ἐπὶ
496 1985 554 2038 δὲ
578 1985 685 2038 τῶν
711 1986 1015 2056 ἀσωμάτων
1045 1989 1138 2040 καὶ
1159 1989 1363 2059 νοητῶν
1386 1991 1662 2062 συντόμως
1679 1993 1771 2044 καὶ

181 2077 421 2146 ἀμελητὶ
447 2077 898 2149 τελεσιουργεῖται
936 2078 998 2131 τὸ
1039 2080 1625 2151 πραττόμενον.Ἔστιν
1655 2081 1771 2135 ’ἐτε-

183 2185 274 2240 ρον
329 2168 530 2238 ἰδίωμα
575 2169 682 2222 τῶν
731 2168 969 2240 ἀνέμων,
1001 2171 1082 2223 ὅτι
1123 2171 1380 2225 παντοίαν
1423 2172 1524 2242 τὴν
1560 2173 1771 2244 κίνησιν

182 2259 390 2328 ἔχουσι,
416 2261 511 2313 καὶ
541 2261 633 2313 ἐπὶ
665 2261 846 2314 παντί.
876 2261 1074 2324 Καλῶς
1102 2261 1210 2332 γὰρ
1237 2261 1348 2331 ἔχει
1379 2263 1473 2314 καὶ
1501 2265 1529 2316 ό
1557 2262 1651 2316 τοῦ
1681 2264 1772 2316 ἀέ-

188 2367 278 2419 ρος
318 2351 549 2420 ὁρισμὸς
590 2351 732 2404 κατά
776 2353 1052 2416 Πλάτωνα,
1087 2355 1168 2407 ὃτι
1213 2355 1472 2424 στοιχεῖόν
1515 2357 1680 2418 ἐστιν,
1711 2349 1771 2409 οὗ

187 2444 359 2495 πᾶσαι
388 2444 448 2494 αἱ
477 2443 620 2496 κατά
639 2444 802 2497 τόπον
827 2447 1067 2516 κινήσεις
1085 2447 1227 2500 κατά
1246 2447 1405 2516 φύσιν
1433 2449 1634 2502 εἰσί.Τὸ
1663 2449 1771 2521 γὰρ

185 2534 300 2604 πῦρ
343 2534 460 2588 ἀνω
499 2533 612 2604 ἔχει
650 2535 750 2606 τὴν
779 2536 919 2589 κατά
949 2538 1108 2605 φύσιν
1139 2539 1371 2610 κίνησιν,
1405 2540 1554 2593 κάτω
1585 2541 1643 2593 δὲ
1672 2543 1772 2614 τὴν

186 2624 342 2696 παρά
371 2615 562 2694 φύσιν
583 2627 690 2697 ἡδὲ
714 2629 784 2699 γῆ
815 2631 905 2682 καὶ
934 2630 993 2681 τὸ
1025 2630 1167 2702 ὕδωρ
1199 2633 1463 2686 ἀνάπαλιν
1483 2652 1494 2663 ·
1519 2635 1547 2686 ὁ
1577 2635 1633 2687 δὲ
1663 2635 1772 2707 ἀὴρ

185 2718 330 2771 κατά
375 2717 542 2788 φύσιν
585 2723 813 2773 κινεῖται
857 2723 1152 2793 πανταχοῦ.
1191 2723 1362 2777 Τοῦτο
1403 2726 1510 2778 νόει
1551 2729 1643 2780 καὶ
1681 2729 1772 2780 ἐπὶ

183 2811 295 2861 τῶν
345 2810 508 2864 θείων
550 2813 850 2884 δυνάμεων,
885 2815 966 2867 ὅτι
993 2815 1196 2868 ἄνωθεν
1229 2817 1328 2887 μὲν
1363 2818 1498 2888 πρὸς
1529 2818 1596 2870 τά
1623 2819 1773 2872 κάτω

185 2901 287 2971 τὴν
314 2900 468 2953 θείαν
492 2901 949 2974 διαπορθμεύουσι
979 2905 1248 2976 βούλησιν,
1281 2907 1523 2961 κάτωθεν
1552 2909 1607 2961 δὲ
1637 2911 1772 2981 πρὸς

185 2990 256 3041 τὰ
289 2990 402 3042 ἀνω
431 2991 694 3058 ἀνάγουσι
723 2992 790 3045 τὰ
829 2993 1073 3065 δεύτερα,
1105 2997 1197 3048 καὶ
1224 2997 1557 3050 ἀνατείνουσι
1576 2998 1769 3064 ταῦτα,

1863 531 1976 585 cat,
2002 532 2057 576 et
2084 523 2234 588 virga
2269 521 2468 573 iterum
2502 533 2600 586 pro
2636 516 2876 584 pristina:
2915 512 3192 568 felicitatis
3221 515 3432 567 restitu-

1865 611 2030 674 tione,
2053 611 2208 680 juxta
2247 609 2376 662 illud
2416 627 2428 662 :
2477 604 2639 676 Virga
2677 614 2794 667 tua,
2820 613 2866 657 et
2897 603 3114 655 baculus
3146 612 3286 666 tuus,
3324 604 3438 670 ipsa

1863 717 1944 753 me
1980 698 2252 753 consolata
2288 707 2469 752 suut°.
2497 697 2604 750 Pro
2632 695 2927 750 collatione
2968 708 3099 746 vero
3151 706 3438 745 munerum

1865 788 2144 842 sensilium
2181 787 2396 857 quidem
2429 797 2482 840 et
2506 787 2558 838 in
2595 785 2790 839 ordine
2811 783 2876 835 ad
2904 782 3082 834 dantis
3113 781 3434 851 dignitatem

1865 874 2211 944 exiguorum,
2241 883 2300 926 ut
2329 885 2607 926 armatura
2656 887 2750 926 seu
2805 872 2973 925 vestis
3011 870 3293 933 militaris,
3321 885 3440 937 quas

1866 969 1980 1021 visa
2028 976 2111 1021 est
2139 983 2167 1020 a
2199 967 2327 1022 Jesu
2363 967 2541 1028 Nave;
2589 964 2917 1033 Spiritalium
2951 978 3082 1017 vero
3117 977 3180 1015 ac
3213 976 3442 1031 magno-

1869 1071 2010 1120 rum,
2061 1071 2181 1123 qute
2239 1056 2466 1125 plurima
2520 1056 2774 1120 variaque
2833 1053 3038 1106 sanctis
3095 1051 3440 1105 manifestata

1867 1159 2014 1200 snnt.
2055 1146 2239 1210 Neque
2262 1162 2392 1202 vero
2417 1145 2688 1200 dubitabit
2715 1145 2824 1196 ullo
2853 1145 3016 1197 modo
3047 1158 3202 1197 mens
3234 1145 3445 1212 perspi-

1868 1253 1986 1297 cax.
2022 1238 2256 1291 visibilia
2294 1238 2516 1307 proprie
2560 1238 2722 1290 rebus
2757 1250 2877 1304 qua:
2921 1244 3192 1303 aspectum
3231 1234 3446 1305 l'ugitmt.

1869 1330 2309 1383 accommodare.

1941 1419 1968 1491 §
2009 1419 2090 1476 Vl.
2135 1420 2289 1487 Quod
2322 1427 2500 1473 autem
2535 1428 2591 1474 et
2621 1419 2766 1473 venti
2805 1419 3176 1482 nominentur,
3202 1417 3355 1486 juxta
3384 1417 3446 1472 il-

1869 1512 1958 1565 lud
1996 1529 2009 1565 :
2046 1512 2146 1577 Qui
2172 1513 2405 1566 ambulat
2433 1525 2590 1580 super
2613 1527 2810 1579 pennas
2838 1521 3106 1564 ventorum
3127 1519 3178 1576 P,
3211 1508 3444 1576 celerem

1870 1618 2056 1658 eorum
2094 1603 2330 1656 volatum
2378 1602 2671 1672 signiﬁcat,
2705 1609 2759 1654 et
2789 1602 2852 1654 ad
2879 1600 3058 1654 omnia
3092 1599 3266 1654 ferme
3312 1600 3442 1652 abs-

1871 1710 1975 1764 que
2012 1702 2256 1764 tcmpore
2284 1703 2684 1762 penetrantem.
2718 1692 2884 1747 Recte
2913 1691 3052 1744 dixit
3077 1690 3244 1758 ferme
3275 1705 3293 1742 :
3321 1705 3444 1743 nam

1800 1777 1842 1830 Β
1874 1787 1973 1840 hoc
2009 1785 2286 1853 proprium
2313 1793 2396 1838 est
2427 1798 2491 1836 ac
2518 1783 2685 1838 solius
2725 1783 2838 1836 Dei.
2863 1784 3067 1851 Absque
3095 1793 3321 1848 tempore
3349 1797 3447 1834 au-

1875 1889 1981 1932 tem
2015 1878 2171 1942 dixit,
2209 1893 2331 1931 nam
2359 1877 2410 1930 in
2435 1877 2728 1931 sensilibus
2759 1891 2846 1930 res
2878 1876 3015 1929 llunt
3051 1877 3262 1930 tardius
3299 1886 3354 1929 et
3385 1877 3437 1930 in

1872 1977 2147 2037 tempore;
2178 1969 2228 2021 in
2279 1968 2617 2034 incorporeis
2658 1976 2838 2022 autem
2885 1974 2935 2019 et
2984 1967 3441 2035 intelligibilibus,

1870 2069 2070 2129 puncto
2109 2060 2364 2130 temporis
2393 2067 2446 2113 et
2469 2059 2587 2114 sine
2616 2073 2766 2112 mora
2796 2059 3072 2127 perficitur
3109 2060 3160 2113 id
3192 2060 3333 2126 quod
3367 2059 3448 2112 fa-

1871 2155 2118 2211 ciendum
2145 2163 2251 2210 esL
2284 2155 2377 2209 Est
2399 2163 2454 2208 et
2481 2155 2584 2208 alia
2624 2156 2930 2225 proprietas
2957 2165 3268 2220 ventorum,
3303 2153 3445 2223 quod

1872 2247 2165 2318 quemlibet
2207 2256 2413 2300 motum
2462 2247 2718 2309 habeant.
2770 2257 2820 2301 et
2869 2246 2936 2299 ad
2989 2246 3274 2315 quidlibet.
3337 2247 3446 2299 Aer

1873 2340 2018 2392 enim
2055 2347 2201 2391 recte
2233 2353 2262 2390 a
2292 2337 2519 2392 Platone
2548 2339 2824 2404 delinitur,
2855 2353 2975 2392 esse
3006 2339 3331 2392 elementum
3360 2337 3446 2394 cui

1875 2430 2152 2484 naturales
2198 2429 2310 2483 sint
2356 2444 2546 2482 omnes
2573 2443 2738 2483 secun
2764 2431 2871 2482 lum
2926 2430 3102 2483 locum
3156 2430 3446 2486 motiones.

1874 2523 2016 2590 ignis
2047 2521 2314 2590 siquidem
2347 2531 2544 2576 natura
2590 2536 2687 2577 sua
2734 2537 2952 2576 sursum
2987 2530 3259 2586 movetur,
3287 2523 3447 2574 dcor-

1874 2633 1992 2670 sum
2023 2630 2150 2669 vero
2181 2624 2369 2668 contra
2398 2624 2690 2681 naturam;
2731 2623 2873 2669 terra
2902 2629 3032 2668 vero
3057 2621 3113 2667 et
3139 2629 3277 2684 aqua
3311 2629 3340 2667 c
3370 2615 3450 2668 di-

1874 2722 2031 2767 verso
2057 2722 2071 2758 :
2097 2705 2190 2760 sed
2225 2718 2320 2758 aer
2348 2714 2542 2760 natura
2572 2720 2668 2759 sua
2693 2718 3132 2773 quaquaversum
3168 2713 3440 2759 movetur.

1873 2798 2016 2852 Idem
2047 2796 2209 2850 etiam
2237 2797 2466 2850 observa
2512 2796 2566 2849 in
2611 2795 2926 2849 ccelestibus
2964 2794 3277 2859 virtutibus,
3315 2808 3452 2862 qun—

1874 2892 2018 2945 niam
2047 2891 2280 2962 desuper
2311 2888 2530 2958 quidem
2563 2888 2814 2954 deorsum
2859 2887 3098 2940 divinum
3135 2889 3448 2942 mandatum

1877 2982 2229 3048 transferant,
2259 2981 2471 3036 inferne
2499 2993 2627 3034 vero
2658 2992 2873 3034 sursum
2919 2980 3194 3033 adducant
3226 2980 3450 3033 infcrio-

187 3083 284 3135 καὶ
316 3084 480 3136 πάλιν
512 3083 786 3137 κινοῦνται
831 3087 964 3158 πρὸς
1003 3087 1103 3158 τὴν
1149 3088 1255 3140 τῶν
1305 3090 1607 3160 ὑφειμένων
1642 3092 1772 3163 πρό-

1878 3089 1972 3139 ra;
2019 3075 2320 3142 eademque
2364 3073 2752 3137 corroborent,
2789 3084 2853 3124 ac
2894 3085 3106 3124 rursum
3138 3082 3454 3125 moveantur

188 3191 357 3227 νοιαν.
384 3176 546 3228 Εἴποι
566 3176 609 3229 δ’
627 3177 689 3231 ἄν
718 3195 822 3242 τις,
839 3180 919 3232 ὅτι
948 3181 981 3250 ἡ
1008 3181 1231 3252 τοιαύτη
1259 3182 1366 3235 τῶν
1395 3183 1612 3254 ἀνέμων
1640 3185 1758 3236 ὲπω

189 3265 355 3336 νυμία
385 3268 482 3319 καὶ
526 3267 588 3319 τὸ
623 3266 850 3332 θεοειδὲς
896 3270 1141 3339 ἐκφαίνει
1161 3288 1174 3301 ο
1207 3271 1317 3341 ἔχει
1347 3271 1454 3342 γὰρ
1494 3274 1587 3326 καὶ
1620 3273 1777 3327 τοῦτο

189 3357 407 3420 εἰκόνας
440 3358 589 3420 θείας
620 3359 918 3430 ἐνεργείας,
942 3362 1122 3426 καθὼς
1155 3364 1212 3415 ἐν
1243 3365 1412 3436 ἑτέρῳ
1443 3367 1776 3436 συντάγματι

191 3450 599 3522 παραδέδωκεν,
621 3451 650 3504 ὃ
676 3453 740 3524 δὴ
773 3455 833 3506 οὐ
867 3455 1090 3525 φέρεται
1123 3457 1378 3528 σήμερον.
1413 3458 1520 3510 Καὶ
1544 3458 1776 3511 ἐνταῦθα

190 3539 360 3608 λέγει,
385 3542 470 3594 ὅτι
496 3541 558 3593 τὸ
588 3540 802 3612 πνεῦμα
831 3547 986 3607 κινεῖ,
1017 3545 1110 3598 καὶ
1131 3545 1387 3614 ζωογονεῖ
1405 3564 1417 3576 ο
1451 3547 1593 3601 κατά
1619 3547 1777 3601 τοῦτο

190 3632 298 3704 γὰρ
350 3633 450 3686 καὶ
500 3633 592 3686 τὸν
635 3633 773 3705 ἀέρα
821 3635 1162 3708 ἀναπνέομεν
1187 3639 1266 3701 είς
1295 3639 1394 3709 τὴν
1423 3639 1525 3709 τῆς
1553 3641 1776 3713 καρδίας

191 3722 550 3795 ἀναρρίπισιν
567 3741 579 3753 ·
614 3725 709 3778 καί
737 3725 904 3790 ὀξέως
928 3727 1020 3779 καὶ
1047 3729 1367 3800 ἀκρατήτως
1395 3735 1579 3801 χωρεῖ,
1610 3733 1777 3804 ἀορά-

192 3830 298 3877 τως
325 3815 427 3868 uati.
455 3811 723 3885 κρυφίως,
754 3815 847 3867 καὶ
875 3814 1137 3884 ἀγνωστοί
1165 3819 1269 3872 είσι
1311 3819 1500 3874 τούτου
1529 3822 1586 3874 αἱ
1612 3823 1778 3894 ἀρχαὶ

195 3907 286 3958 καὶ
327 3907 388 3959 αἱ
419 3905 891 3977 ἀποπερατὼσεις,
921 3906 1103 3971 καθὼς
1133 3907 1406 3964 λέλεκταιο
1447 3912 1512 3964 Τὸ
1545 3913 1778 3984 πνεῦμα

196 3996 346 4052 ὅπου
376 3997 541 4052 θέλει
571 3998 726 4061 πνεῖ,
758 4001 829 4053 οὐ
856 4000 966 4068 γὰρ
993 4000 1158 4067 οἶδας
1186 4003 1371 4056 πόθεν
1397 4003 1648 4071 ἔρχεται,
1681 4006 1779 4060 καὶ

196 4089 309 4143 ποῦ
347 4089 591 4159 ὑπάγει.
623 4090 808 4144 Ταῦτά
855 4093 992 4144 εἰσιν
1029 4092 1232 4157 εἰκόνες
1265 4093 1400 4146 Θεοῦ
1421 4111 1433 4123 ο
1468 4099 1610 4148 κινεῖ
1643 4096 1778 4169 πρὸς

199 4184 494 4253 σωτηρίαν,
513 4183 768 4252 ζωογονεῖ
794 4186 934 4238 κατά
959 4201 1017 4237 τε
1047 4185 1205 4256 σῶμα
1235 4187 1328 4240 καὶ
1359 4189 1594 4260 πνεῦμα,
1613 4190 1777 4256 ὀξέως

197 4276 288 4328 καὶ
331 4277 665 4347 ἀκρατήτως
711 4281 913 4350 χωρεῖ·
965 4277 1023 4330 ἓν
1065 4280 1466 4352 ἀποδιοπομπεῖ
1501 4283 1707 4346 τοῦτον,
1743 4285 1776 4353 ή

197 4371 399 4438 παχεῖα
454 4368 788 4439 συνείδησις·
843 4369 1073 4440 κρύφιός
1114 4371 1229 4424 ἐστι
1273 4372 1413 4426 κατά
1461 4373 1777 4428 τόοἜθετο

1879 3166 1946 3216 ad
1966 3164 2031 3219 iis
2060 3163 2475 3234 providendum.
2504 3161 2694 3217 Posset
2717 3161 2884 3216 etiam
2913 3164 3035 3230 quis
3062 3163 3263 3229 dicere,
3292 3163 3453 3235 146

1876 3258 2206 3328 ejuscemodi
2239 3267 2529 3311 ventorum
2580 3270 2774 3311 nomen
2807 3255 3094 3309 declarare
3117 3271 3303 3311 eorum
3337 3260 3451 3310 dei-

1879 3351 2214 3404 lormitatcm
2245 3392 2260 3416 ,
2321 3350 2590 3419 siquidem
2639 3359 2694 3403 et
2741 3349 2814 3401 illi
2866 3349 3063 3402 divime
3113 3349 3452 3405 eﬂicacitatis

1879 3442 2143 3512 imagines
2175 3440 2422 3510 quasdam
2454 3441 2660 3506 insunt,
2691 3441 2840 3494 sient
2881 3441 2932 3493 in
2965 3440 3072 3494 alio
3098 3456 3282 3510 Opere,
3308 3445 3451 3510 quod

1879 3535 2036 3588 hodie
2078 3548 2185 3588 non
2230 3541 2432 3596 exstat,
2483 3534 2688 3602 scripto
2734 3533 2975 3587 tradidit.
3015 3534 3197 3604 Atque
3244 3534 3332 3588 liic
3376 3535 3454 3588 ait

1883 3625 2137 3695 spiritum
2163 3639 2383 3679 movere
2408 3635 2465 3678 et
2490 3625 2766 3678 viviﬁcare
2793 3641 2807 3679 :
2839 3625 3104 3694 siquidem
3137 3626 3240 3679 hoc
3268 3639 3450 3678 aerem

1875 3717 2147 3788 spiramus
2177 3716 2242 3769 ad
2285 3730 2382 3770 cor
2414 3712 2830 3770 rel'ocillandum
2860 3734 2875 3773 :
2907 3725 2962 3771 et
2996 3716 3250 3772 celeriter
3271 3727 3327 3772 et
3355 3717 3446 3772 ln-

1877 3809 2218 3863 continenter
2251 3816 2304 3862 et
2333 3807 2679 3863 invisibiliter
2709 3818 2765 3864 et
2804 3807 3016 3863 occulte
3062 3809 3280 3875 transit,
3306 3809 3452 3880 ejus-

1877 3917 1983 3973 que
2013 3901 2277 3972 princlpia
2319 3916 2384 3956 ac
2429 3901 2646 3956 termini
2699 3902 2921 3956 minime
2952 3911 3272 3969 noscuntur,
3311 3901 3453 3956 sicut

1877 4000 2079 4053 dictum
2102 4006 2186 4052 est
2217 4015 2231 4051 :
2269 3997 2505 4066 Spiritus
2547 3997 2636 4049 ubi
2667 3996 2776 4050 vult
2805 3998 2998 4066 spirat,
3029 4006 3080 4051 et
3119 3998 3286 4051 nescis
3312 3997 3454 4050 unde

1876 4093 2072 4156 veniat,
2103 4101 2194 4144 aut
2224 4107 2327 4162 quo
2345 4091 2566 4144 vadum.
2592 4088 2685 4144 llte
2714 4099 2842 4144 sunt
2872 4091 3134 4160 imagines
3174 4090 3302 4155 Dei;
3337 4105 3456 4142 mo-

1876 4193 1968 4238 vet
2001 4184 2066 4238 ad
2093 4183 2344 4250 salutem,
2374 4182 2611 4236 vivillcat
2640 4183 2940 4237 secundum
2969 4197 3168 4252 corpus
3200 4191 3255 4236 et
3287 4182 3439 4250 spiri-

1882 4285 2016 4340 tum,
2047 4275 2156 4332 cito
2203 4284 2258 4330 et
2303 4276 2710 4330 incontinenter
2752 4283 3045 4346 penetrat;
3099 4289 3264 4327 unum
3307 4277 3452 4344 quod

1877 4383 2002 4422 eum
2034 4376 2139 4421 non
2172 4367 2434 4434 admittit,
2464 4378 2548 4422 est
2592 4384 2775 4424 crassa
2803 4367 3138 4423 conscientia
3165 4383 3180 4431 ;
3207 4369 3454 4424 occultus

194 4461 420 4524 σκότος
447 4459 808 4529 ἀποκρυφὴν
831 4461 1016 4515 αὑτοῦ
1037 4478 1050 4491 ·
1089 4461 1317 4534 ἀόρατός
1342 4482 1424 4528 τε,
1454 4466 1548 4518 καὶ
1578 4466 1772 4520 ἀκατά-

1885 4468 1989 4525 est,
2014 4459 2169 4527 juxta
2212 4459 2338 4514 illttd
2376 4482 2389 4516 :
2431 4459 2617 4514 Posuit
2665 4461 2906 4515 tenebras
2937 4459 3212 4512 latibulum
3236 4477 3387 4512 suum
3407 4471 3452 4525 r,-

198 4549 401 4620 ληπτός
432 4551 527 4603 καὶ
555 4551 741 4615 ἀΐδιος.

264 4641 635 4713 Περιπλάττει
675 4644 770 4696 καὶ
802 4645 1028 4716 νεφέλης
1060 4645 1202 4699 ἰδέαν
1229 4649 1261 4715 ἡ
1297 4646 1418 4719 ίερά
1449 4648 1638 4720 Γραφὴ
1667 4651 1778 4713 τοῖς

196 4737 472 4804 ἀγγέλοις,
504 4736 648 4788 κατά
692 4735 782 4788 τόο
832 4735 942 4789 Καὶ
982 4735 1206 4805 νεφέλη
1248 4738 1550 4792 ὑπέλαϐεν
1592 4740 1778 4793 αὐτὸν

196 4824 309 4876 ἀπὸ
352 4823 477 4877 τῶν
515 4823 838 4893 ὀφθαλμῶν
865 4825 1081 4880 αὐτῶν.
1123 4827 1384 4896 Σημαίνει
1421 4828 1496 4890 δὲ,
1523 4829 1604 4881 ὅτι
1645 4847 1778 4901 κρυ-

198 4916 321 4984 φίου
364 4915 464 4969 καὶ
501 4915 647 4968 θείου
680 4915 856 4985 φωτὸς
882 4917 1346 4991 ἀποπληροῦνται,
1377 4921 1472 4973 καὶ
1497 4921 1598 4992 τὴν
1627 4938 1780 4992 πρω-

194 5007 406 5077 τοφανῆ
442 5006 537 5059 τοῦ
569 5008 702 5061 Θεοῦ
733 5010 1102 5080 φωτοφάνειαν
1131 5010 1408 5082 δέχονται·
1441 5013 1541 5065 οὐκ
1569 5012 1778 5083 ἐκπέμ-

195 5114 360 5151 πουσι
385 5099 447 5151 δὲ
473 5099 676 5170 ταύτην
693 5099 1084 5172 (ἀναπόϐλητον
1111 5100 1216 5172 γὰρ
1243 5103 1298 5154 ὲν
1319 5101 1514 5173 νεφέλῃ
1535 5102 1596 5154 τὸ
1619 5102 1779 5174 φῶς),

198 5191 336 5245 ἀλλά
359 5191 822 5263 διαπορθμεύουσι
854 5193 990 5265 πρὸς
1015 5193 1085 5247 τά
1117 5193 1362 5266 δεύτερα,
1384 5195 1458 5258 ὼς
1488 5195 1582 5249 καὶ
1607 5194 1781 5250 ταῦτα

199 5286 343 5355 ἔχειν
371 5286 475 5354 τὴν
502 5285 932 5356 πρωτοφέινειαν,
949 5287 1044 5340 καὶ
1069 5286 1248 5349 ἄλλοις
1288 5287 1782 5358 ἐπιχορηγεῖν.Καὶ

202 5377 311 5447 μὴν
338 5374 433 5428 καὶ
460 5375 636 5439 ἄλλως
661 5375 877 5445 νεφέλαι
915 5376 1181 5443 λέγονται,
1215 5375 1303 5428 διά
1328 5377 1390 5429 16
1416 5379 1657 5448 γόνιμον,
1683 5377 1778 5430 καὶ

201 5466 485 5531 ζωοποιὸν,
516 5468 611 5520 καὶ
650 5468 957 5540 αὐξητικὸν,
990 5471 1082 5523 καὶ¹
1126 5470 1469 5524 τελειωτικὸν
1509 5469 1616 5522 τῶν
1646 5485 1780 5539 καρ-

201 5556 340 5619 πῶν,
369 5557 462 5611 διὰ
501 5559 610 5612 τῶν
648 5559 984 5630 ἐκχεομένων
1011 5560 1120 5613 ἀπὸ
1146 5562 1254 5614 τῶν
1283 5561 1517 5630 νεφελῶν
1549 5561 1776 5623 ὑδάτων,

200 5649 310 5702 τῶν
335 5643 755 5720 ἐκκαλουμένων
795 5653 886 5705 ἐπὶ
925 5651 1160 5717 ζωτικάς
1199 5653 1393 5715 ὠδῖνας
1422 5652 1514 5705 τὸν
1545 5652 1780 5721 ὲκδόχιον

1886 4551 2180 4607 invisibilis
2211 4563 2316 4618 est,
2354 4561 2409 4607 et
2441 4553 3006 4623 incomprehensibilis
3031 4561 3084 4606 et
3113 4561 3372 4608 aeternus.

1956 4645 2125 4700 Sacra
2151 4661 2363 4714 quoque
2393 4644 2672 4715 Scriptura
2717 4645 2878 4698 nubis
2926 4645 3318 4714 proprietatem
3359 4660 3456 4699 an-

1884 4737 2017 4805 gelis
2047 4736 2233 4808 alligit,
2262 4735 2417 4804 juxta
2449 4735 2576 4789 illud
2605 4753 2619 4790 :
2653 4734 2722 4788 Et
2761 4736 2924 4789 nubes
2965 4737 3189 4804 suscepit
3222 4753 3339 4790 eum
3388 4737 3453 4790 ab

1884 4829 2052 4883 oculis
2077 4844 2255 4882 eorum
2278 4840 2323 4881 ο.
2357 4826 2641 4897 Signiﬁcat
2668 4838 2870 4891 autem,
2903 4841 2996 4882 eos
3039 4827 3250 4881 orculto
3277 4843 3339 4882 ac
3369 4830 3452 4883 di-

1885 4919 2013 4971 vino
2039 4917 2242 4970 lumine
2272 4917 2492 4988 repleri,
2523 4926 2690 4987 atque
2716 4917 3054 4988 primilucam
3085 4917 3176 4974 Dei
3209 4917 3450 4972 illustra-

1886 5010 2085 5063 tionem
2119 5009 2394 5078 accipere;
2426 5022 2612 5062 verum
2647 5010 2789 5064 hanc
2819 5010 3041 5064 minime
3069 5009 3306 5078 produnt
3336 5008 3450 5078 (lux

1883 5101 2028 5155 enim
2055 5101 2108 5156 in
2140 5102 2280 5156 nube
2309 5115 2412 5156 non
2447 5102 2774 5172 amittitur),
2801 5104 2894 5156 sed
2923 5101 3310 5156 transfundunt
3333 5116 3453 5156 eam

1885 5192 1952 5244 ad
1996 5190 2277 5258 inferiora,
2312 5201 2370 5246 ut
2411 5201 2466 5248 et
2499 5193 2612 5248 haec
2644 5194 2877 5262 primam
2907 5193 3321 5247 illustrationem
3355 5193 3454 5245 lia-

1882 5283 2068 5347 beant,
2098 5293 2261 5352 atque
2291 5283 2418 5339 aliis
2451 5285 2943 5354 inipertiant.Quin
2973 5294 3028 5338 et
3055 5283 3212 5338 aliter
3239 5297 3456 5352 quoque

1888 5375 2062 5430 nubes
2095 5377 2367 5439 dicuntur,
2401 5387 2624 5446 propter
2663 5379 2773 5432 vim
2819 5376 3164 5440 fecundandi,
3192 5383 3247 5429 et
3280 5375 3456 5428 vivili-

1889 5466 2069 5531 candi,
2097 5475 2151 5521 et
2180 5468 2437 5536 augendi,
2467 5483 2532 5523 ac
2561 5469 2874 5539 perﬁciendi
2907 5468 3113 5522 fructus
3143 5479 3240 5534 per
3281 5481 3455 5535 aquas

1888 5574 2008 5628 qua:
2034 5575 2064 5613 e
2113 5560 2348 5614 nubibus
2381 5559 2684 5615 funduntur
2706 5606 2719 5628 ,
2749 5562 2948 5630 quibus
2987 5559 3240 5612 nimirum
3273 5557 3453 5625 subje~

1888 5661 2032 5705 ctum
2057 5663 2213 5708 terrae
2232 5654 2494 5720 gremium
2520 5653 2728 5723 pluvias
2749 5653 3022 5722 excipiens
3041 5649 3107 5704 ad
3124 5648 3312 5703 vitales
3334 5663 3452 5718 pro-

248 5839 273 5864 ο
338 5827 482 5884 Psal.
508 5831 710 5896 mm.
787 5843 815 5881 ι)
847 5824 990 5888 Ρευιζ
1013 5833 1194 5900 cm,'5.
1228 5832 1440 5907 than.
1475 5848 1533 5889 ut
1567 5874 1580 5900 ,
1614 5835 1666 5890 S.
1744 5843 1764 5872 ι

1878 5833 1940 5889 il.
2016 5847 2124 5888 xvn
2149 5873 2164 5900 ,
2200 5831 2290 5888 l2.
2322 5816 2346 5821 Π
2373 5843 2394 5873 ³
2427 5831 2550 5888 Act.
2584 5830 2721 5904 1,,9.
