3874 6228
452 344 557 400 359

1584 336 1638 391 S.
1679 337 1831 391 DlON‘
1846 334 1975 389 YSII
2012 334 2481 392 AREOPAGlT/E

3602 348 3708 402 5m

454 466 649 514 vocant
672 453 1052 526 partitudines.
1086 451 1548 519 Quemadmodum
1588 453 1732 507 enim
1782 452 1953 507 nubes
1985 471 1992 502 ι

2122 451 2340 513 κόλπον,
2370 452 2468 523 τὴν
2506 454 2632 516 τοὺς
2669 454 2853 517 ὑετοὺς
2898 453 3297 524 ὑποδεχομένην
3333 450 3535 525 δηλαδὴ
3578 456 3704 525 γῆν.

452 552 590 606 mari
618 564 814 620 aquam
846 546 1014 610 elicit,
1040 559 1095 603 et
1134 562 1297 615 supra
1343 556 1502 600 terra:
1534 545 1727 599 faciem
1766 543 2016 607 effundit,

449 646 601 715 juxta
631 644 775 713 quod
801 643 999 697 dicitur
1030 660 1042 694 :
1078 639 1380 694 Provocans
1403 656 1597 707 aquam
1632 640 1817 700 maris,
1841 637 2017 706 επινι-

451 737 529 788 dit
552 750 667 788 eam
697 750 853 802 super
892 750 1095 787 omnem
1124 733 1313 801 faciem
1346 742 1499 785 terra:
1529 734 1572 796 t;
1608 731 1687 785 sic.
1710 738 1765 783 ct
1808 738 2018 782 mentes

452 826 779 894 accipientes
828 825 1102 888 notitiam,
1137 825 1310 879 instar
1341 824 1568 878 nubium
1618 822 1672 876 in
1728 820 2017 875 inferiores

450 917 744 987 explicant.

505 1090 531 1161 §
570 1090 673 1143 VII.
714 1088 854 1154 Quin
884 1088 1047 1143 etiam
1093 1087 1437 1141 metallorum
1469 1100 1532 1140 ac
1556 1085 1797 1153 lapidum
1829 1085 2003 1139 nomi-

434 1196 505 1235 na
534 1181 740 1235 sanctis
774 1180 980 1248 angelis
1008 1178 1295 1247 Scriptura
1327 1177 1540 1231 tribuit.
1578 1176 1850 1229 Electrum
1881 1177 2003 1244 qui-

432 1273 577 1337 dem,
607 1281 665 1326 ut
691 1272 834 1340 quod
863 1272 979 1325 auri
1014 1272 1332 1341 argentique
1365 1269 1593 1323 formam
1629 1284 1739 1336 pra:
1771 1283 1829 1322 se
1858 1268 2003 1322 ferat

432 1366 783 1435 (ejuscemodi
811 1366 954 1419 enim
984 1366 1247 1419 electrum
1275 1364 1404 1430 est),
1443 1362 1597 1430 quasi
1645 1362 1699 1415 in
1744 1376 1877 1414 auro
1903 1361 2003 1413 im-

431 1460 738 1529 putribilem
772 1469 828 1515 et
857 1460 1293 1526 inconsumptum
1325 1466 1381 1511 et
1424 1455 1789 1511 inviolabilem
1821 1456 2003 1523 splen-

430 1556 617 1605 dorem
645 1554 899 1613 denotat;
934 1549 1190 1619 quoniam
1224 1562 1417 1601 aurum
1448 1562 1551 1601 non
1583 1545 1872 1613 putrescit,
1904 1560 2002 1599 nec

430 1644 617 1698 sordes
642 1643 937 1708 contrahit,
978 1656 1077 1696 nec
1120 1642 1443 1710 rubiginem,
1475 1638 1708 1693 maxime
1742 1637 1794 1691 in
1826 1652 2001 1706 quan-

432 1744 541 1787 tum
581 1735 837 1805 obryzum
868 1743 970 1788 est.
1003 1733 1116 1787 Etsi
1158 1744 1335 1787 autem
1376 1740 1657 1803 argentum
1702 1732 2000 1799 rubiginem

2129 544 2338 614 ’Ὠσπερ
2367 544 2475 615 γάρ
2504 545 2535 614 ἡ
2568 545 2762 614 νεφέλη
2801 544 3185 616 προσκαλεῖται
3214 546 3314 616 τῆς
3339 545 3622 615 θαλάσσης
3648 545 3708 598 τὸ

2125 635 2286 706 ὕδωρ,
2314 636 2407 687 καὶ¹
2429 637 2578 706 ἐκχεῖ
2604 637 2734 689 αὐτὸ
2762 638 2853 689 ἐπὶ
2884 638 3172 706 πρόσωπον
3196 637 3295 706 τῆς
3327 638 3449 707 γῆς,
3475 638 3621 690 κατά
3648 641 3708 691 τὸ

2122 728 2443 799 εἰρημένον
2486 728 2539 780 Ὁ
2568 729 3099 795 προσκαλούμενος
3138 727 3202 779 τὸ
3254 726 3411 793 ὕδωρ
3458 720 3568 793 τῆς
3600 730 3704 779 θα·

2120 820 2381 886 λύσσης,
2416 818 2642 888 ἐκχέων
2674 820 2815 873 αὐτὸ
2851 820 2949 872 ἐπὶ
2982 818 3104 873 πᾶν
3136 818 3200 871 τὸ
3236 820 3562 886 πρόσωπον
3592 819 3705 887 τῆς

2118 913 2233 979 γῆς
2253 930 2264 941 ·
2296 912 2438 965 οὕτω
2484 913 2577 965 κα)⁸
2613 914 2661 964 οἱ
2693 913 2831 975 νόες,
2862 911 3136 982 δεχόμενοι
3164 912 3262 981 τὴν
3292 911 3512 978 γνῶσιν,
3542 928 3703 979 νεφε-

2120 1004 2226 1056 λῶν
2250 1005 2406 1075 δίκην
2436 1006 2529 1057 ἐπὶ
2558 1005 2683 1067 τοὺς
2714 1004 3132 1073 ὑποδεεστέρους
3161 1002 3411 1057 ἀπλοῦσι.

2189 1095 2215 1166 §
2247 1094 2354 1150 Vll.
2397 1094 2709 1167 Περιτίθησι
2739 1096 2831 1148 καὶ
2868 1094 3140 1165 μετάλλων
3174 1096 3267 1146 καὶ
3296 1093 3458 1147 λίθων
3489 1107 3703 1164 προσω-

2120 1189 2317 1259 νυμίας
2344 1191 2455 1251 τοῖς
2484 1188 2731 1256 ἀγγέλοις
2761 1188 2793 1257 ἡ
2820 1186 2941 1257 ίερά
2958 1187 3166 1257 Γραφή.
3186 1187 3257 1238 T6
3277 1186 3539 1257 ἤλεκτρον
3578 1188 3697 1255 μὲν,

2118 1280 2192 1342 ὡς
2220 1279 2526 1350 χρυσοειδές
2558 1279 2672 1348 ἅμα
2714 1278 2806 1331 καὶ
2840 1277 3183 1348 ἀργυροειδές
3221 1276 3498 1346 (τοιοῦτον
3526 1276 3640 1346 γὰρ
3672 1278 3700 1327 ὁ

2118 1372 2430 1443 ἤλεκτρος),
2460 1372 2521 1424 τὸ
2550 1373 2646 1442 μὲν
2678 1373 2866 1425 τούτου
2898 1370 3200 1441 χρυσαυγὲς
3230 1368 3481 1438 ἐμφαίνει
3510 1368 3614 1438 τὴν
3642 1369 3699 1419 ἐν

2117 1463 2320 1525 αὐτοῖς,
2365 1462 2441 1525 ὡς
2491 1465 2547 1515 ὲν
2596 1462 2800 1533 χρυσῷ,
2843 1464 3082 1532 ἄσηπτον
3135 1460 3228 1512 καὶ
3279 1459 3551 1528 ἀμείωτον
3604 1457 3699 1510 καὶ

2117 1554 2381 1624 ἄχραντον
2409 1554 2686 1622 διαύγειαν
2712 1572 2723 1583 ·
2755 1555 2815 1606 οὐ
2858 1553 2967 1625 γὰρ
3008 1555 3234 1623 σήπεται
3260 1552 3288 1603 6
3318 1552 3538 1621 χρυσὸς,
3575 1550 3700 1602 οὑδὲ

2118 1645 2228 1716 ἔχει
2260 1646 2446 1717 ῥύπον,
2479 1646 2598 1698 οὐδὲ
2632 1646 2823 1707 ίοῦται,
2855 1648 2947 1700 καὶ
2982 1645 3179 1715 μᾶλλον
3209 1646 3330 1697 ὅσον
3365 1643 3457 1696 καὶ
3480 1639 3699 1710 εὖριζός

2115 1741 2283 1797 ἐστιν.
2312 1740 2373 1791 El
2402 1740 2457 1792 δὲ
2488 1740 2516 1790 ὁ
2538 1739 2771 1810 ἄργυρος
2813 1739 2903 1791 τὸν
2946 1739 3021 1791 ἰὸν
3051 1738 3280 1807 δέχεται,
3313 1735 3423 1788 ἀλλ
3452 1731 3547 1787 οὖν
3580 1735 3698 1786 ἔστι

430 1826 702 1892 admittat,
735 1827 859 1880 licet
912 1835 1091 1879 tamen
1138 1824 1436 1879 secundum
1487 1825 1649 1881 aliam
1698 1838 1992 1896 anagogem

2114 1828 2231 1881 καθ’
2249 1831 2439 1899 ἑτέραν
2469 1830 2756 1899 ἀναγωγὴν
2786 1828 2967 1880 λαϐεῖν
2991 1828 3049 1880 τὸ
3079 1828 3243 1895 φανὸν
3274 1824 3435 1878 αὑτοῦ
3462 1826 3557 1877 καὶ
3580 1824 3699 1875 λευ-

428 1914 545 1981 ejus
565 1916 822 1985 fulgorem
845 1931 908 1971 ac
924 1917 1213 1971 candorem
1242 1917 1494 1986 accipere
1521 1919 1573 1985 (a
1604 1932 1711 1985 quo
1729 1927 1784 1972 et
1804 1930 2000 1972 nomen

430 2017 712 2078 argentum
762 2010 1007 2075 obtinet;
1040 2008 1208 2080 ἀργόν
1255 2010 1400 2063 enim
1446 2010 1586 2064 idem
1634 2010 1831 2064 dicitur
1859 2008 2000 2079 quod

427 2101 759 2172 candidum),
784 2102 994 2157 ethunc
1013 2102 1079 2156 ad
1114 2102 1367 2157 caelestes
1388 2101 1615 2155 virtutes
1646 2100 1871 2155 referre.
1905 2101 2001 2155 Ais

427 2205 555 2245 vero
595 2192 852 2256 quoniam
906 2192 1049 2247 aliud
1078 2192 1297 2262 quidem
1342 2193 1512 2262 ignis,
1540 2193 1688 2248 aliud
1726 2208 1852 2249 vero
1881 2197 1997 2248 auri

429 2284 666 2352 speciem
701 2301 814 2354 prae
838 2301 898 2342 se
928 2289 1053 2352 fert,
1077 2288 1233 2361 14³1
1252 2290 1301 2343 id
1334 2289 1477 2358 quod
1504 2290 1720 2357 igneum
1746 2290 1815 2343 ad
1841 2288 2005 2359 ignis,

429 2376 481 2432 id
514 2382 658 2448 quod
696 2397 921 2435 aureum
959 2382 1025 2435 ad
1063 2388 1180 2435 auri
1217 2383 1580 2450 proprietates
1605 2382 1898 2436 referatur.

517 2464 688 2517 Porro
712 2466 910 2519 diversi
938 2466 1171 2535 lapidum
1201 2470 1412 2524 colores
1439 2470 1683 2525 diversas
1707 2473 1871 2525 etiam
1899 2486 1997 2527 ex-

434 2550 759 2619 plicationes
802 2554 1001 2609 habent
1035 2573 1049 2609 :
1086 2573 1209 2610 nam
1243 2558 1397 2612 albus
1443 2561 1679 2614 lucidum
1711 2562 2004 2631 significat,

436 2642 601 2697 ruber
640 2643 880 2713 igneum,
904 2644 1076 2701 ﬂavus
1109 2662 1238 2702 vero
1270 2663 1521 2714 aureum,
1548 2653 1615 2706 de
1644 2653 1843 2721 quibus
1880 2665 2006 2709 ante

438 2736 642 2789 dictum
696 2746 782 2790 est
819 2755 831 2789 :
867 2754 1103 2793 vernans
1153 2755 1287 2795 vero
1334 2743 1448 2797 sive
1482 2744 1686 2799 viridis
1712 2784 1728 2809 ,
1768 2746 2006 2815 juvenile

433 2827 562 2894 quid
591 2841 654 2881 ac
682 2827 1016 2897 vigorosum.
1064 2829 1214 2885 Unde
1246 2842 1426 2887 autem
1458 2834 1597 2887 hoc?
1628 2850 1657 2887 a
1689 2839 2001 2905 metaphora

433 2918 690 2971 nimirum
729 2920 985 2973 arborum
1017 2921 1099 2975 vel
1151 2923 1457 2993 plantarum
1495 2943 1506 2976 :
1546 2940 1666 2979 nam
1720 2928 1801 2980 lia:
1835 2941 2003 2981 verno

435 3017 679 3075 tempore
722 3008 1068 3077 pullulantes,
1098 3026 1165 3065 ac
1196 3028 1392 3067 novum
1449 3016 1845 3083 quodammodo
1886 3027 1999 3070 sta-

2112 1921 2206 1972 κὸν
2230 1920 2314 1991 (ἐκ
2341 1921 2528 1973 τούτου
2555 1919 2663 1990 γὰρ
2685 1921 2776 1971 καὶ
2800 1920 3035 1989 ἄργυρος
3060 1917 3461 1986 ἐτυμολογεῖται
3482 1933 3494 1944 ο
3521 1916 3695 1986 ἀργὸν

2111 2010 2218 2082 γὰρ
2262 2011 2322 2063 τὸ
2361 2011 2548 2063 λευκὸν
2583 2008 2839 2081 λέγεται)
2868 2008 3140 2062 καὶτοῦτο
3169 2008 3357 2073 magal
3415 2007 3554 2077 πρὸς
3592 2009 3696 2069 τὰς

2110 2102 2361 2172 οὐρανίας
2388 2102 2662 2171 δυνάμεις.
2681 2100 2737 2152 ὐ
2768 2101 2823 2153 δὲ
2853 2100 3067 2169 χαλκὸς,
3102 2100 3222 2150 ἐπεὶ
3249 2099 3277 2149 6
3308 2099 3404 2167 μὲν
3433 2096 3693 2167 πυρώδης

2110 2194 2276 2253 ἐστὶν,
2314 2194 2342 2244 ὁ
2383 2192 2440 2244 δὲ
2483 2192 2819 2262 χρυσοειδὴς,
2842 2189 2917 2253 ὡς
2958 2190 3055 2261 μὲν
3096 2188 3351 2259 πυρώδης
3377 2188 3691 2255 ἁναγέσθω,

2110 2282 2248 2335 κατά
2276 2282 2375 2345 τὰς
2398 2282 2492 2335 τοῦ
2524 2282 2693 2353 πυρὸς
2726 2281 2978 2351 θεωρίας,
3005 2282 3079 2345 ὼς
3106 2282 3163 2335 δὲ
3192 2280 3693 2350 χρυσοειδὴς,κατὰ

2108 2373 2207 2437 τὰς
2240 2373 2334 2425 τοῦ
2364 2390 2462 2443 χρυ
2472 2373 2586 2426 σοῦ.

2182 2462 2262 2515 Τά
2290 2463 2347 2516 δὲ
2381 2463 2611 2533 διάφορα
2638 2462 2745 2516 τῶν
2774 2463 2933 2517 λίθων
2964 2463 3232 2535 χρώματα
3260 2462 3554 2533 διαφόρους
3592 2464 3692 2514 καὶ

2106 2555 2203 2618 τὰς
2232 2556 2489 2624 ὲκφάσεις
2534 2557 2747 2625 τίθησι·
2786 2557 2847 2609 τὸ
2880 2556 2978 2626 μὲν
3008 2556 3115 2626 γάρ
3161 2555 3351 2608 λευκὸν
3379 2555 3441 2607 τὸ
3484 2572 3719 2625 φωτει-·

2105 2645 2193 2698 νδν
2214 2647 2392 2715 δηλοῖ·
2428 2647 2487 2699 τὸ
2523 2647 2580 2699 δὲ
2613 2648 2843 2718 ἐρυθρὸν
2872 2648 2932 2699 τὸ
2960 2647 3205 2716 πυρῶδες
3230 2664 3242 2676 ·
3281 2647 3342 2698 τὸ
3388 2646 3445 2699 δὲ
3494 2646 3690 2711 ξανθὸν

2104 2738 2163 2789 τὸ
2200 2738 2527 2808 χρυσοειδὲς,
2559 2739 2687 2808 περὶ
2714 2732 2790 2789 ὧν
2829 2739 3184 2809 προείρηται·
3237 2738 3297 2790 τὸ
3342 2737 3398 2789 δὲ
3449 2736 3688 2807 χλωρὸν,

2104 2828 2271 2899 ἤγουν
2299 2826 2357 2880 τὸ
2396 2828 2676 2898 πράσινον,
2713 2830 2772 2881 τὸ
2802 2829 2990 2892 νεάζον
3019 2829 3112 2880 καὶ
3140 2828 3392 2897 ἀκμαῖον.
3424 2826 3603 2879 Τοῦτο
3631 2828 3689 2880 δὲ

2102 2920 2188 2972 διὰ
2233 2922 2318 2984 τί;
2372 2920 2478 2973 ἀπὸ
2514 2921 2827 2990 μεταφορᾶς
2870 2919 2979 2971 τῶν
3010 2919 3239 2991 δένδρων
3266 2919 3298 2990 ῆ
3328 2919 3436 2971 τῶν
3467 2919 3685 2988 φυτῶν·

2102 3011 2242 3064 κατὰ
2287 3010 2394 3082 γὰρ
2442 3012 2533 3064 τὸν
2587 3011 2799 3082 ὲαρινὸν
2852 3011 3041 3081 καιρὸν
3087 3010 3403 3080 ἀκμάζοντα
3449 3026 3549 3061 και
3607 3012 3688 3072 εἰς

433 3108 544 3152 tum
577 3100 883 3167 induentes,
915 3101 1127 3171 ﬂorent,
1163 3115 1218 3159 et
1250 3106 1444 3161 viridia
1476 3108 1598 3163 folia
1627 3110 1825 3164 habent
1851 3128 1865 3165 :
1898 3113 1992 3167 hoc

2106 3103 2224 3155 νέαν
2262 3104 2594 3156 κατάστασιν
2622 3099 2731 3156 οἷον
2761 3104 3028 3173 ἐρχόμενα
3059 3101 3242 3172 χλωρά
3264 3104 3390 3164 εἰσι,
3416 3102 3516 3154 καὶ
3545 3104 3690 3172 πρά-

430 3190 574 3244 enim
603 3200 687 3245 cst
716 3208 974 3260 vernum;
1012 3196 1064 3249 in
1103 3204 1363 3252 autumno
1403 3208 1582 3253 autem
1619 3200 1770 3265 folia,
1814 3212 1997 3271 utpote

430 3284 806 3350 senescentia,
854 3287 1140 3356 quemdam
1193 3288 1357 3343 alium
1408 3290 1641 3345 colorem
1690 3302 1991 3349 assumunt.

428 3375 605 3443 Atque
630 3376 703 3429 ita
723 3378 1021 3432 secundum
1049 3394 1487 3451 unamquamque
1505 3384 1763 3453 Speciem,
1782 3387 1993 3441 obviam

428 3467 717 3533 quamdam
745 3484 1041 3540 anagogem
1073 3474 1343 3543 reperies,
1374 3490 1538 3543 quam
1585 3475 1883 3547 imaginum
1931 3494 1995 3535 ac

427 3556 718 3626 figurarum
748 3563 1181 3632 repurgationem
1216 3567 1480 3622 nominat.

499 3649 527 3721 §
569 3650 703 3705 Vlll.
746 3650 851 3707 Sed
896 3655 1153 3722 quoniam
1188 3656 1254 3710 de
1282 3658 1517 3711 humana
1548 3660 1778 3728 primum
1816 3662 1990 3719 forma

426 3736 588 3791 locuti
620 3753 830 3804 sumus,
862 3742 1143 3797 veniamus
1186 3744 1345 3799 modo
1374 3747 1539 3802 etiam
1585 3749 1654 3803 ad
1698 3750 1989 3806 formarum

426 3828 723 3882 ferinarum
760 3831 1201 3899 explicationem.
1230 3835 1309 3890 Ac
1337 3838 1570 3906 primum
1600 3841 1817 3910 quidem
1847 3843 1989 3897 illam

425 3918 596 3973 leonis
639 3920 1104 3990 contemplemur:
1137 3933 1222 3979 est
1265 3928 1408 3982 enim
1441 3928 1524 3984 leo
1556 3930 1792 3987 ferarum
1840 3937 1959 4003 prin

424 4026 575 4080 ceps,
604 4026 669 4065 ac
700 4026 797 4079 per
818 4027 876 4067 se
906 4014 1183 4079 rubuStus,
1209 4027 1265 4073 et
1285 4019 1354 4074 ab
1387 4020 1508 4076 aliis
1536 4023 1897 4091 indomabilis,
1927 4043 1990 4083 ac

424 4105 619 4171 pedum
666 4117 885 4159 suorum
919 4107 1143 4178 vestigia
1166 4110 1254 4163 διὰ
1280 4111 1381 4181 τῆς
1416 4112 1665 4181 ἀλκαίας,
1705 4117 1758 4171 id
1788 4128 1870 4172 est
1892 4134 1986 4186 per

428 4198 657 4251 caudam
676 4213 827 4252 suam
860 4195 1321 4266 obtegittalxaia
1358 4211 1538 4257 autem
1571 4215 1794 4261 vocatur
1819 4206 1989 4262 leonis

421 4284 616 4353 cauda,
648 4287 791 4354 quod
828 4301 890 4341 ea
927 4286 1097 4341 latera
1129 4304 1222 4342 sua
1253 4292 1568 4347 concutiens
1594 4295 1990 4362 quodammodo

418 4380 518 4429 ‘cor
553 4379 753 4431 excitet
797 4377 861 4431 ad
910 4394 973 4433 ea
1019 4394 1138 4446 qua:
1188 4382 1549 4437 circumstant
1594 4386 1983 4460 convellenda).

2103 3213 2223 3249 σινα
2252 3195 2320 3248 τὰ
2349 3193 2520 3265 φύλλα
2570 3196 2748 3265 ἔχουσι
2773 3213 2785 3224 ·
2836 3195 2993 3248 τοῦτο
3021 3196 3129 3265 γάρ
3169 3196 3282 3246 ἐστι
3325 3196 3387 3247 τὸ
3430 3194 3681 3265 χλωρόν·

2098 3285 2241 3339 κατά
2282 3286 2338 3339 δὲ
2381 3286 2442 3339 τὸ
2484 3287 2823 3357 φθινόπωρον
2871 3285 3087 3338 ἀλλοίαν
3132 3285 3319 3355 χροιὰν
3368 3284 3436 3336 τὰ
3482 3284 3683 3352 φύλλα,

2095 3379 2170 3441 ὡς
2203 3377 2495 3450 γηρώντων
2521 3377 2720 3429 ὡσανεὶ
2745 3375 2988 3439 ἐκείνων,
3017 3375 3371 3447 λαμϐάνουσι.
3414 3376 3531 3429 Καὶ
3558 3376 3682 3427 καθ’

2096 3470 2321 3522 ἕκαστον
2348 3464 2486 3530 εἶδος
2516 3468 2768 3539 εὑρήσεις
2798 3468 2896 3539 τὴν
2926 3468 3232 3537 πρόσφορον
3259 3467 3578 3537 ἀναγωγὴν,
3616 3468 3683 3537 ἣν

2096 3559 2190 3611 καὶ
2211 3557 2433 3609 εἰκόνων
2458 3558 2550 3609 καὶ
2571 3556 2756 3609 τύπων
2786 3557 3155 3627 ἀνακάθαρσιν
3180 3555 3458 3626 ὀνομάζει.

2167 3647 2196 3719 §
2256 3645 2387 3700 Vlll.
2453 3646 2589 3697 Ἀλλ’
2641 3645 2826 3717 ἐπειδὴ
2877 3647 3004 3716 περ)⁸
3051 3645 3145 3698 τοῦ
3199 3646 3679 3718 ἀνθρωπομόρφου

2096 3739 2308 3809 πρῶτον
2346 3739 2593 3809 εἴπομεν,
2622 3737 2861 3807 ἔλθωμεν
2905 3737 3004 3807 ήδη
3044 3738 3138 3790 καὶ
3180 3737 3273 3790 ἐπὶ
3311 3738 3410 3808 τὴν
3440 3737 3545 3807 τῆς
3578 3741 3678 3810 θη-

2096 3833 2417 3904 ριομορφίας
2462 3830 2775 3896 ἀνάπτυξιν.
2816 3832 2925 3884 Καὶ
2961 3830 3175 3901 πρῶτον
3211 3830 3309 3901 τὴν
3334 3831 3429 3883 τοῦ
3461 3832 3677 3895 λέοντος

2094 3924 2478 3993 θεωρήσομενο
2516 3922 2629 3974 ἐστι
2672 3921 2780 3991 γὰρ
2808 3922 2835 3973 6
2864 3921 3001 3973 λέων
3043 3920 3371 3991 ἡγεμονικὸν
3420 3925 3516 3976 καὶ
3571 3928 3679 3995 ῥω-

2096 4015 2288 4084 μαλέον
2320 4015 2440 4067 καθ’
2470 4015 2649 4075 ἑαυτὸ,
2676 4015 2769 4065 καὶ
2801 4013 2910 4064 ἀπὸ
2954 4012 3062 4064 τῶν
3105 4011 3278 4066 ἄλλων
3324 4014 3671 4084 ἀδάμαστοψ

2092 4109 2183 4160 καὶ
2231 4105 2622 4176 περικαλύπτει
2669 4104 2736 4157 τὰ
2775 4103 2883 4156 τῶν
2925 4103 3102 4157 ποδῶν
3146 4105 3285 4175 ἴχνη,
3316 4104 3407 4157 διὰ
3434 4105 3537 4174 τῆς
3574 4105 3672 4157 ἀλ-

2092 4200 2247 4262 καίας
2277 4198 2460 4261 αὑτοῦ,
2492 4195 2733 4267 δηλονότι
2771 4196 2868 4265 τῆς
2905 4194 3072 4266 οὐρᾶς
3116 4195 3335 4266 (ἀλκαία
3367 4196 3424 4248 δὲ
3463 4196 3672 4267 ἐκλήθη

2091 4293 2125 4361 ἠ
2171 4291 2264 4344 τοῦ
2303 4291 2511 4353 λέοντος
2560 4289 2715 4359 οὐρὰ,
2774 4287 2941 4351 διότι,
2987 4289 3047 4341 ὲν
3094 4287 3233 4359 αὐτῇ
3278 4288 3379 4352 τὰς
3425 4288 3673 4360 πλευρὰς

2093 4379 2452 4451 περικρούων,
2484 4380 2581 4449 τὴν
2617 4378 2843 4450 καρδίαν
2873 4374 2982 4431 οἷον
3014 4379 3231 4445 ὲξυπνοῖ
3255 4379 3347 4431 καὶ
3369 4377 3668 4443 ἀναζωτω-

421 4466 536 4521 Νοη
582 4470 906 4537 exprimitur
946 4480 1125 4526 autem
1159 4486 1379 4542 gressus
1405 4473 1524 4543 ejus
1555 4472 1607 4526 in
1643 4483 1788 4530 terra
1836 4459 1985 4535 more

2106 4474 2175 4523 >οἰ
2201 4471 2337 4541 πρὸς
2376 4470 2473 4541 τὴν
2514 4471 2621 4523 τῶν
2669 4470 3057 4541 ἐπιτιθεμένων
3104 4469 3474 4541 ἀνασόδησιν),
3508 4472 3669 4524 Ἔστι

420 4570 737 4612 cancrorum
764 4560 1097 4626 animalium,
1121 4577 1221 4616 nec
1240 4572 1438 4617 terram
1476 4578 1649 4633 eaque
1688 4582 1807 4636 qua:
1835 4570 1981 4624 humi

422 4653 548 4699 sunt
581 4657 809 4715 spectat.
845 4652 941 4705 Est
969 4660 1024 4705 et
1049 4652 1103 4705 in
1137 4651 1348 4722 angelis
1377 4667 1508 4707 suus
1545 4655 1877 4725 principatus
1923 4674 1986 4713 ac

421 4734 585 4788 robur
627 4736 693 4789 ad
736 4752 853 4806 qua:
899 4751 1269 4805 assumuntur,
1316 4751 1371 4797 et
1405 4745 1567 4798 rebus
1615 4746 1984 4802 materialibus

419 4840 578 4896 atque
609 4833 849 4886 externis
881 4834 1124 4889 edomari
1158 4846 1453 4905 nequeunt.
1489 4837 1553 4891 Et
1578 4839 1704 4907 quia
1740 4838 1868 4893 illud
1902 4841 1981 4893 di-

416 4921 599 4973 ‘vinum
630 4934 887 4975 arcanum
922 4922 1189 4980 ineffabile
1231 4940 1351 4981 esse
1392 4928 1572 4993 debet,
1615 4930 1891 4984 occultant
1933 4941 1986 4985 et

420 5013 520 5080 ipsi
560 5025 786 5079 prorsus
817 5014 1083 5082 spiritalia
1134 5032 1234 5071 sua
1267 5019 1489 5088 vestigia
1534 5021 1599 5075 ad
1630 5021 1980 5077 imitationem

419 5104 546 5165 Dei,
572 5101 727 5169 juxta
772 5104 913 5172 quod
944 5106 1009 5159 de
1045 5106 1152 5161 Deo
1196 5108 1436 5163 dicitur:
1482 5108 1547 5163 In
1575 5113 1712 5165 mari
1747 5114 1830 5167 via
1865 5125 1979 5177 tua,

416 5199 465 5241 et
493 5192 692 5244 semita:
724 5199 829 5246 tua:
870 5195 925 5245 in
968 5194 1120 5263 aquis
1164 5196 1365 5262 multis,
1401 5208 1450 5251 et
1481 5201 1693 5269 vestigia
1740 5212 1831 5255 tua
1878 5220 1978 5257 non

416 5293 790 5350 cognoscentur
810 5295 860 5337 ιι.
893 5282 1360 5350 Quemadmodum
1406 5290 1552 5343 enim
1599 5291 1683 5344 via
1729 5293 1781 5345 in
1823 5295 1978 5363 aquis

415 5386 519 5424 non
553 5383 823 5439 servatur,
852 5389 1025 5443 neque
1048 5378 1271 5447 vestigia
1300 5377 1470 5434 leonis
1491 5391 1784 5437 venatores
1810 5384 1979 5441 latere

415 5464 703 5533 cupientis,
738 5468 816 5521 sic
850 5483 1025 5536 neque
1066 5467 1181 5524 Dei.
1235 5469 1292 5523 Si
1341 5472 1526 5540 itaque
1571 5474 1645 5541 id,
1694 5476 1837 5544 quod
1882 5492 1977 5545 per

414 5563 731 5619 expressum
749 5570 991 5625 gressum
1016 5556 1209 5611 divina:
1232 5568 1437 5615 mentes
1460 5562 1776 5631 suscipiunt,
1802 5564 1976 5620 denuo

570 5727 589 5764 ⁸
612 5729 794 5785 Amos.
825 5747 855 5787 v
880 5771 892 5798 ,
921 5732 974 5786 8.
1052 5740 1078 5769 ιι
1113 5733 1252 5791 Psal.
1290 5750 1447 5791 Lxm
1471 5776 1485 5803 ,
1516 5736 1603 5789 20.

2090 4562 2147 4614 δὲ
2175 4563 2266 4615 καὶ
2296 4565 2327 4633 ἡ
2360 4564 2553 4634 πορεία
2588 4564 2775 4617 τούτου
2813 4561 3111 4631 ἀνατατικὴ
3130 4600 3143 4623 ,
3170 4561 3229 4613 οὐ
3262 4561 3404 4614 κατά
3431 4562 3502 4615 τά
3529 4563 3669 4617 ἄλλα

2092 4653 2223 4717 ζῶα,
2256 4650 2388 4723 πρὸς
2417 4656 2519 4724 γῆν
2549 4656 2640 4707 καὶ
2665 4652 2733 4705 τὰ
2756 4653 2881 4724 περὶ
2911 4652 3014 4721 γῆν
3044 4652 3350 4721 βλέποντος.
3383 4652 3540 4704 Ἐστι
3572 4654 3667 4704 καὶ

2089 4744 2146 4795 ὲν
2198 4747 2307 4806 τοῖς
2357 4744 2605 4811 ἀγγέλοις
2660 4744 2921 4815 ἡγεμονία
2972 4745 3064 4795 καὶ
3124 4742 3480 4815 ρωμαλεότης
3525 4745 3666 4814 πρὸς

2090 4834 2232 4903 ἅπερ
2268 4834 2650 4903 ὑποδέχονται,
2696 4836 2789 4886 καὶ
2820 4834 3117 4904 ἀδάμαστοί
3154 4835 3260 4885 εἰσι
3298 4838 3413 4898 τοῖς
3456 4834 3664 4900 ὑλικοῐς

2083 4941 2143 4975 τε
2187 4928 2279 4978 καί
2310 4925 2524 4991 ἔξωθεν.
2560 4927 2667 4979 Καὶ
2708 4926 2893 4997 ἐπειδὴ
2930 4926 2990 4978 τὸ
3019 4926 3255 4997 ἄρρητον
3296 4928 3328 4997 ἡ
3369 4927 3491 4981 θεῖα
3530 4945 3661 4999 κρυ-

2087 5019 2276 5089 φιότης
2315 5019 2515 5087 ὀφείλει
2563 5019 2725 5087 ἔχειν,
2776 5018 3237 5091 περικαλύπτουσι
3279 5019 3373 5071 καὶ
3402 5014 3549 5073 οὗτοι
3594 5022 3665 5074 τά

2083 5109 2243 5180 νοερά
2273 5109 2391 5179 ἴχνη
2432 5109 2776 5181 θεομιμήτως
2825 5113 3075 5173 πάντως,
3124 5109 3246 5162 καθ’
3279 5110 3307 5161 δ
3349 5111 3480 5181 περὶ
3520 5110 3661 5164 Θεοῦ

2082 5200 2293 5271 εἴρηται
2317 5217 2329 5229 ο
2373 5202 2473 5253 Ἐν
2502 5201 2576 5269 τῇ
2604 5202 2884 5270 θαλάσσῃ
2914 5204 2951 5270 ἡ
2980 5202 3118 5267 ὁδός
3146 5218 3283 5264 σου,
3315 5203 3412 5255 καὶ
3446 5206 3506 5255 al
3534 5205 3661 5271 τρί-

2086 5292 2174 5344 ϐοι
2220 5308 2335 5343 σου
2368 5293 2438 5345 ἐν
2478 5292 2657 5345 ὕδασι
2699 5292 2980 5358 πολλοῖς,
3021 5292 3220 5345 καὶτὰ
3254 5293 3395 5361 ἴχνη
3423 5309 3544 5347 σου
3586 5297 3661 5348 οὺ

2084 5381 2556 5449 γνωσθήσονται.
2587 5383 2797 5453 ’Ὠσπερ
2825 5382 2933 5453 γὰρ
2961 5382 3077 5445 ὁδὸς
3118 5382 3176 5433 ὲν
3224 5380 3407 5435 ὕδασιν
3447 5383 3510 5435 οὑ
3554 5383 3661 5435 σώ-

2086 5473 2231 5537 ζεται
2251 5515 2265 5539 ,
2302 5474 2424 5526 οὕτε
2455 5474 2576 5544 ἴχνη
2606 5474 2816 5537 λέοντος
2848 5474 3167 5546 βουλομένου
3210 5474 3492 5530 λανθάνειν
3529 5477 3657 5539 τοὺς

2083 5564 2385 5635 θηρευτὰς,
2424 5565 2594 5628 οὕτως
2623 5560 2941 5619 οὺᾶ.θεοῦ,
2987 5566 3048 5618 Εἰ
3092 5565 3220 5632 γοῦν
3261 5566 3398 5637 ὅπερ
3422 5566 3511 5619 διὰ
3555 5566 3655 5638 τῆς
