3874 6228
186 352 289 413 361

699 349 784 406 DE
820 342 1147 407 C(ELESTI
1180 344 1626 411 HIERARCHIA,
1662 343 1816 402 CAP.
1854 342 1969 401 XV.
2004 373 2074 384 —
2106 335 2453 400 PARAPIIR.
2489 334 2959 401 PACllYMERAﬁ.

3353 340 3457 401 {ibi

186 468 525 538 ἀνατατικῆς
569 468 795 539 πορείας
841 469 888 520 οἱ
926 467 1062 520 θεῖοι
1106 467 1226 530 νόες
1265 465 1768 535 καταλαμϐάνουσι,

1889 465 2121 534 mystice
2150 464 2445 528 occultent,
2477 472 2533 518 et
2572 463 2690 517 sine
2717 465 3083 519 ostentatione
3115 476 3456 531 conservent,

184 562 348 615 τοῦτο
379 560 542 614 πάλιν
573 558 1038 629 περικαλύπτουσι
1070 557 1350 628 μυστικῶς
1381 557 1474 609 καὶ
1504 556 1784 625 ἀνεκπόμ-

186 672 365 709 πευτα
420 650 736 723 διατηροῦσι
764 691 777 714 ,
837 650 889 702 τί
936 651 1001 703 ἂν
1050 650 1135 720 εἴη
1205 649 1415 711 τούτοις
1458 648 1520 701 τὸ
1580 648 1787 700 ἀκατά-

184 746 417 816 ληπτον,
451 746 543 796 καὶ
567 742 629 794 τὸ
653 742 760 794 τῶν
788 742 946 794 θείων
970 741 1104 794 ὁδῶν
1130 740 1526 810 ἀνεξιχνίαστον
1554 757 1567 805 ;
1656 804 1659 805 ν

269 838 339 890 Ἡ
364 836 422 889 δὲ
449 835 542 889 τοῦ
572 834 691 905 βοὸς
716 834 933 887 εἰκασία
960 834 1067 886 τῶν
1095 834 1339 902 ἀγγέλων
1358 832 1420 885 τὸ
1442 833 1659 903 ἰσχυρὸν
1691 828 1784 885 καὶ

182 930 427 999 ἀκμαῖον
477 927 659 998 δηλοῖ,
716 926 837 979 καθ’
886 926 915 978 ὃ
971 926 1062 978 καὶ
1114 926 1240 988 τοὺς
1285 924 1504 995 νοεροὺς
1542 924 1783 989 αὔλακας

182 1016 497 1088 ἀρσενικῶς
517 1057 531 1078 ,
576 1015 652 1079 ὡς
679 1017 878 1079 εἰπεῖν,
912 1015 1289 1087 ἀνευρύνουσι,
1318 1015 1417 1079 τὰς
1448 1018 1651 1080 οἰκείας
1684 1017 1779 1087 δη-

182 1111 320 1181 λαδὴ
366 1109 642 1172 διανοίας,
686 1110 767 1172 είς
819 1108 1085 1179 ὑποδοχὴν
1130 1108 1239 1162 τῶν
1282 1109 1645 1180 γονιμοποιῶν
1686 1110 1782 1163 καὶ¹

181 1199 349 1252 θείων
377 1199 602 1270 ὄμϐρων
625 1215 639 1227 ·
666 1196 736 1250 τὰ
761 1198 817 1249 δὲ
848 1196 1053 1268 κέρατα
1081 1195 1298 1268 δηλοῦσι
1323 1193 1384 1251 τὸ
1418 1200 1779 1270 φρουρητικὺν

180 1289 278 1341 καὶ
311 1290 624 1361 ἀκράτητον
644 1302 657 1319 δ
691 1288 1052 1361 φρουροῦνται
1080 1289 1189 1360 γὰρ
1218 1292 1264 1342 οἱ
1294 1290 1412 1359 βόες
1442 1290 1529 1343 διὰ
1550 1289 1777 1356 τούτων,

180 1381 277 1431 καὶ
306 1380 368 1432 τὸ
405 1378 560 1450 παρά
588 1378 696 1431 τῶν
723 1379 897 1432 ἄλλων
937 1380 1247 1451 ἀκράτητον
1276 1379 1478 1449 ἔχουσι.

249 1470 390 1539 Φέρε
418 1511 433 1533 ,
484 1470 581 1522 καὶ
614 1470 713 1540 τὴν
742 1470 838 1522 τοῦ
894 1470 1052 1522 ἀετοῦ
1105 1470 1288 1523 εἰκόνα
1330 1471 1657 1542 κατίδωμεν.
1707 1472 1779 1525 Τὸ

182 1558 465 1628 βασιλικὸν
500 1561 610 1633 γὰρ
646 1563 739 1615 καὶ
771 1562 1033 1633 ὑψιφόρον
1067 1562 1248 1632 έχουσι
1281 1563 1376 1615 καὶ
1419 1565 1466 1616 οἱ
1512 1563 1733 1632 ἄγγελοι
1761 1605 1774 1626 ,

180 1654 272 1705 καὶ
294 1653 359 1705 τὸ
386 1655 692 1723 ταχυπετὲς
724 1654 943 1726 ὁμοίως.
978 1657 1086 1708 Καὶ
1121 1654 1311 1727 ὥσπερ
1339 1658 1557 1719 ἐκεῖνοι,
1616 1658 1774 1727 ὑψόθι

177 1745 279 1815 τὴν
324 1746 526 1815 πτῆσιν
567 1746 918 1817 ποιούμενοι,
962 1748 1103 1815 ὀξεῖς
1136 1750 1240 1801 είσι
1268 1747 1361 1802 καὶ
1393 1751 1650 1821 νηφαλέοι
1683 1754 1775 1804 καὶ

1888 556 2148 620 quidnam
2180 555 2249 609 iis
2278 569 2397 609 esse
2429 556 2597 623 possit
2621 555 3184 623 incomprehensibile,
3215 565 3269 611 et
3296 558 3347 610 in
3377 558 3461 612 di-

1890 646 2032 700 vinis
2058 646 2157 699 viis
2186 646 2596 713 investigabjle?

1958 735 2127 791 Porro
2154 737 2307 791 bovis
2338 735 2509 791 forma
2533 776 2549 802 ,
2576 741 2895 806 angelorum
2930 740 3095 794 robur
3126 756 3190 795 ac
3217 742 3457 811 vigorem

1886 830 2085 899 signat,
2110 844 2218 898 quo
2250 829 2531 898 spiritales
2568 831 2749 886 sulcos
2775 832 3027 899 viriliter,
3063 842 3121 888 ut
3150 836 3229 890 sic
3256 836 3458 899 dicant,

1886 920 2136 983 dilatant,
2192 923 2459 990 preprias,
2512 922 2767 991 inquam,
2812 936 3041 991 mentes,
3087 928 3152 982 ad
3193 928 3457 984 fecundos

1886 1012 2204 1081 divinosque
2238 1012 2437 1067 imbres
2464 1014 2876 1083 suscipiendos;
2924 1032 3125 1072 cornua
3163 1035 3293 1075 vero
3337 1038 3457 1077 ser-

1886 1103 2150 1157 vatricem
2186 1104 2553 1174 invictamque
2580 1106 2687 1160 vim
2715 1108 3013 1175 declarant,
3064 1112 3328 1181 siquidem
3368 1116 3456 1171 his

1882 1193 2049 1248 boves
2087 1210 2145 1249 se
2173 1196 2488 1264 defendunt,
2533 1213 2596 1252 ac
2642 1199 2845 1255 habent
2872 1210 2932 1255 ut
2964 1204 3032 1257 ab
3058 1204 3179 1260 aliis
3207 1210 3455 1276 superari

1883 1296 1988 1336 non
2016 1285 2249 1354 possint.

1956 1458 2116 1530 148
2154 1461 2285 1529 Age,
2323 1462 2486 1515 etiam
2516 1465 2709 1529 aquilas
2739 1466 3028 1538 imaginem
3074 1484 3451 1531 contueamur.

1882 1549 2105 1618 Regiam
2132 1552 2275 1605 enim
2300 1552 2621 1622 dignitatem
2644 1566 2698 1611 et
2719 1558 3003 1615 sublimem
3029 1564 3265 1621 volatum
3287 1572 3451 1624 eliam

1881 1642 2082 1695 habent
2109 1644 2310 1713 angeli,
2349 1646 2427 1698 uti
2464 1656 2519 1700 et
2552 1648 2913 1707 velocitatem.
2949 1654 3016 1709 Et
3046 1658 3189 1712 sicut
3232 1662 3453 1730 aquilae,

1879 1732 2004 1786 dum
2036 1734 2089 1787 in
2120 1735 2337 1790 sublimi
2371 1737 2573 1803 volant,
2605 1753 2764 1796 acres
2794 1754 2943 1808 sunt,
2976 1757 3032 1800 et
3060 1748 3369 1818 vigilantes,
3397 1765 3456 1810 et

178 1836 477 1908 ἐντρεχεῖς,
506 1839 602 1891 καὶ
633 1839 931 1911 εὐμήχανοι
964 1843 1045 1904 είς
1080 1842 1141 1894 τὸ
1174 1842 1409 1914 θηρᾶσαι
1440 1845 1537 1916 τὴν
1564 1846 1768 1915 τροφὴν

1882 1824 2135 1891 intentae,
2190 1826 2486 1897 facilesque
2522 1830 2589 1884 ad
2635 1834 2871 1899 praedam
2910 1844 3255 1906 quaerendam
3287 1848 3454 1914 (unde

177 1926 338 1996 (ὅθεν
378 1928 504 1980 οὐδὲ
546 1929 739 1999 λέληθε
774 1932 997 1995 τούτους
1026 1932 1118 2003 ῦψι
1156 1936 1487 2005 πετομένους
1533 1937 1627 1988 καὶ
1671 1937 1776 1989 ὑπὸ

176 2018 404 2089 θάμνων
435 2021 812 2092 κρυπτόμενον
840 2022 1008 2095 ζῶον)
1030 2042 1041 2053 ·
1074 2024 1245 2089 οὕτως
1276 2028 1515 2079 κάκεῖνοι
1547 2028 1778 2082 τοιοῦτοί

178 2113 284 2164 εἰσι
312 2113 455 2184 πρὸς
478 2114 577 2185 τὴν
608 2116 820 2179 ἑαυτοῖς
848 2119 1228 2189 προσήκουσαν
1252 2120 1345 2172 καὶ
1370 2118 1519 2173 θείαν
1547 2124 1772 2193 τροφήν.

179 2201 327 2272 Πλὴν
360 2198 509 2256 οὗτοι
555 2204 653 2273 μὲν
696 2204 940 2259 κάτωθεν
974 2206 1074 2277 τὴν
1112 2208 1320 2279 τροφὴν
1360 2210 1774 2281 ὲκπορίζονται,

176 2295 290 2356 τοῖς
316 2292 373 2346 δὲ
409 2295 667 2363 ἀγγέλοις
700 2296 909 2351 ἄνωθέν
935 2298 1082 2350 ἐστιν
1112 2299 1145 2369 ἡ
1170 2299 1527 2371 δυναμοττοιὺς
1564 2304 1738 2375 τροφή
1760 2319 1772 2334 ’

178 2386 330 2437 πᾶσα
377 2385 489 2457 γάρ
527 2386 745 2457 τροφὴ,
797 2388 871 2458 μὴ
921 2388 1079 2458 μόνον
1110 2388 1306 2459 ἄρτος,
1358 2390 1455 2461 τὴν
1492 2392 1586 2444 τοῦ
1639 2392 1776 2456 ζώου

179 2476 409 2546 καρδίαν
436 2477 698 2548 στηρίξει.
729 2479 951 2547 Ἔχουσι
981 2479 1075 2532 καὶ
1100 2480 1161 2533 τὸ
1189 2480 1521 2552 θεωρητικὸν
1544 2484 1777 2550 ἀκλινῶς

178 2568 316 2637 ’πρὸς
346 2571 451 2639 τὴν
480 2569 712 2637 ἄφθονον
757 2572 851 2623 καὶ
881 2571 1176 2642 πολύχυτον
1219 2574 1413 2627 ἀκτῖνα
1453 2577 1552 2647 τῆς
1591 2577 1777 2648 θεῖκῆς

176 2659 489 2731 ήλιοόολίας
514 2662 571 2713 ἐν
636 2665 757 2725 ταῖς
802 2663 1127 2734 εὐρωστίαις
1168 2664 1277 2717 τῶν
1309 2667 1551 2719 ὀπτικῶν
1596 2670 1777 2725 αὐτῶν

175 2753 498 2823 δυνάμεων·
534 2752 693 2821 λόγος
731 2754 871 2826 γὰρ,
906 2756 1033 2819 τοὺς
1062 2756 1255 2820 ἀετοὺς
1291 2757 1401 2811 τῶν
1442 2761 1777 2831 τικτομένων

173 2842 244 2895 τὰ
269 2845 474 2915 γνήσια
500 2844 564 2896 ὲκ
592 2844 703 2899 τῶν
740 2846 909 2899 νόθων
951 2846 1094 2900 οὕτω
1128 2848 1423 2921 διακρίνειν
1442 2869 1455 2881 °
1503 2850 1627 2906 Ἐὰν
1655 2855 1778 2907 ἀτε-

175 2931 399 2985 νίσωσιν
428 2935 848 3004 ἀσκαρδαμυκτὶ
887 2936 1023 3008 πρὸς
1052 2936 1143 2991 τὸν
1170 2938 1341 3008 ἥλιον,
1376 2942 1577 3012 γνήσιά
1602 2944 1739 2996 είσιν
1758 2961 1773 2976 ’

174 3027 221 3077 εί
251 3026 312 3079 δὲ
349 3025 424 3096 μὴ
452 3066 465 3087 ,
510 3027 587 3089 ὡς
624 3027 753 3080 νόθα
800 3029 894 3081 καὶ
930 3029 1088 3101 ξένης
1133 3033 1297 3103 γονῆς
1321 3072 1334 3095 ,
1379 3033 1770 3089 ἀποϐάλλονται

174 3118 274 3188 τῆς
308 3117 524 3181 καλιᾶς.
555 3119 743 3183 Οὖτως
773 3116 864 3173 οὖν
893 3121 987 3172 καὶ
1015 3123 1042 3174 ὁ
1067 3121 1139 3194 μὴ
1159 3122 1453 3193 δυνάμενος
1480 3123 1559 3195 τῷ
1597 3123 1762 3195 Ἡλίῳ

172 3185 273 3279 τῆς
312 3209 667 3280 δικαιοσύνης
692 3210 960 3277 ἀτενίσαι,
990 3185 1143 3276 νόθος
1172 3214 1270 3284 τῆς
1297 3185 1476 3267 ἀὑτοῦ
1521 3185 1774 3283 γνώσεως
1802 3185 1844 3244 C

173 3301 493 3370 εὑρίσκεται
512 3319 524 3331 ·
548 3304 594 3354 οἱ
616 3302 672 3354 δὲ
699 3303 832 3356 θεῖοι
852 3303 997 3368 νόες,
1021 3306 1438 3377 ἀσκαρδαμυκτὶ
1455 3306 1530 3371 ὡς
1552 3307 1777 3377 ἐφικτὸν

172 3393 523 3457 ἀτενίζοντες
544 3434 557 3455 ,
592 3395 806 3465 γνήσιοί
839 3396 994 3449 είσιν.

250 3486 320 3537 Ἡ
350 3485 410 3537 δὲ
442 3485 553 3537 τῶν
582 3486 767 3539 ἵππων
814 3488 977 3541 εἰκὼν
1000 3489 1061 3542 τὸ
1099 3490 1344 3554 εὐπειθὲς
1382 3490 1635 3561 σημαίνει
1680 3494 1774 3547 καὶ

171 3576 389 3646 εὐήνιον
417 3576 529 3628 τῶν
551 3577 821 3644 ἀγγέλων,
851 3578 974 3631 καθ’
1008 3580 1037 3631 ὃ
1065 3579 1278 3651 εἴρηται
1295 3596 1307 3611 ·
1343 3581 1401 3633 ὐ
1428 3581 1644 3653 κρατῶν
1674 3581 1773 3645 τάς

172 3669 331 3736 ἡνίας
366 3666 480 3721 τῶν
515 3668 799 3739 ἀχρᾶντων
837 3670 1143 3741 δυνάμεων.
1189 3673 1299 3726 Καὶ
1341 3671 1550 3725 λευκῶν
1581 3672 1769 3737 ὄντων,

170 3760 230 3813 τὸ
252 3760 511 3830 λαμπρὸν
537 3759 840 3830 παραδηλοῖ
867 3763 961 3814 καὶ
989 3763 1066 3826 ὡς
1113 3764 1345 3833 μάλιστα
1387 3766 1647 3833 συγγενὲς
1675 3765 1770 3819 τοῦ

172 3849 314 3901 θείου
361 3849 579 3918 φωτός’
634 3850 850 3903 κυανῶν
896 3852 952 3905 δὲ
976 3891 990 3917 ,
1032 3855 1194 3907 οἱονεὶ
1228 3855 1499 3925 μελάνων,
1530 3856 1590 3908 τὸ
1631 3855 1770 3927 κρύ-

172 3958 325 4010 φιον·
380 3942 447 3994 τὸ
500 3942 609 4014 γὰρ
677 3944 841 4014 μέλαν
913 3946 1006 3997 καὶ
1055 3947 1325 4000 σκοτεινὸν
1373 3950 1465 4000 καὶ
1517 3947 1766 4019 κρύφιον.

184 4033 468 4106 Ἐρυθρῶν
495 4036 552 4087 δὲ
572 4077 585 4099 ,
616 4036 739 4089 ἐπεὶ
777 4038 956 4089 καὶτὸ
986 4037 1099 4108 πῦρ
1127 4040 1377 4111 ἐρυθρὸν,
1408 4038 1469 4092 τὸ
1499 4040 1767 4111 πυρῶδες,

172 4128 269 4178 καὶ
299 4126 396 4178 διὰ
420 4126 581 4180 τοῦτο
608 4127 932 4199 δραστήριον
952 4147 966 4160 ’
1005 4130 1327 4201 συμμίκτων
1352 4130 1408 4184 δὲ
1441 4131 1547 4184 ἀπὸ
1573 4124 1767 4185 λευκοῦ

172 4234 228 4269 τε
253 4221 345 4271 καὶ
382 4219 631 4289 μέλανος,
654 4219 895 4291 δηλονότι
927 4221 1123 4291 φαιῶν,
1154 4223 1263 4275 τῶν
1295 4222 1617 4276 συνδετικῶν
1658 4222 1768 4276 τῶν

172 4313 353 4383 ἄκρων
389 4313 451 4363 ὲν
600 4313 1067 4385 διαπορθμευτικῇ
1112 4315 1373 4386 δυνάμει,
1422 4316 1542 4369 καθ’
1592 4318 1657 4387 ἣν
1699 4315 1768 4370 τά

172 4408 364 4479 πρῶτα
398 4411 516 4471 τοῖς
560 4408 835 4480 δευτέροις
865 4410 1243 4481 προνοητικῶς
1263 4451 1276 4473 ,
1303 4411 1397 4463 καὶ
1436 4410 1505 4464 τὰ
1539 4410 1765 4482 δεύτερα

170 4500 278 4563 τοῖς
309 4497 556 4571 πρώτοις
583 4501 1021 4571 ἐπιστρεπτικῶς
1059 4502 1441 4555 συνάπτονται.

256 4784 394 4841 Ἀλλ’
428 4788 477 4840 εἰ
512 4788 586 4859 μὴ
626 4788 1135 4858 κατεστοχαζόμεθα
1169 4790 1268 4859 τῆς
1301 4786 1642 4861 συμμετρίας
1668 4790 1762 4843 τοῦ

170 4876 324 4947 λόγου
362 4878 564 4949 (κόρος
594 4879 702 4950 γὰρ
736 4879 895 4946 λόγου
935 4879 1189 4950 πολέμιος
1217 4881 1480 4949 ἀκοαῖς),
1530 4880 1624 4934 καὶ
1664 4882 1764 4945 τὰς

171 4970 307 5023 κατά
344 4970 515 5041 μέρος
551 4970 819 5039 ίδιότητας
850 4970 958 5023 τῶν
990 4971 1163 5036 ζώων,
1196 4974 1290 5025 καὶ
1326 4974 1505 5035 πάσας
1535 4972 1634 5036 τὰς
1661 4990 1765 5025 σω-

174 5057 407 5125 ματικὰς
453 5056 635 5109 αὐτῶν
677 5057 1032 5123 διαπλάσεις,
1086 5060 1477 5131 ἑφηρμόσαμεν
1526 5061 1594 5115 ἂν
1642 5066 1762 5126 ταῖς

169 5149 451 5219 οὐρανίαις
492 5148 789 5217 δυνάμεσιν
827 5149 1136 5219 ἀναλόγως,
1185 5151 1325 5204 κατὰ
1363 5151 1462 5216 τὰς
1505 5153 1759 5225 ῥηθείσας

170 5241 457 5311 ἀνομοίους
495 5240 821 5310 ὁμοιότητας
852 5240 1171 5313 (ἀνομοίους
1209 5245 1327 5315 μὲν,
1357 5246 1439 5298 ὅτι
1470 5248 1523 5299 αἱ
1551 5247 1760 5311 εἰκόνες

171 5330 349 5384 ῦλικαὶ
410 5334 507 5384 καὶ
557 5332 693 5384 πολὺ
752 5334 1230 5403 ἀπεμφαίνουσαιο
1286 5336 1609 5407 ὁμοιότητας
1661 5338 1758 5403 δὲ,

171 5423 306 5475 κατὰ
327 5425 431 5493 τὴν
461 5423 759 5495 νοουμένην
784 5424 1107 5497 ἀλληγορίαν
1137 5428 1230 5479 καὶ
1256 5429 1353 5498 τὴν
1378 5432 1759 5499 προσήκουσαν

171 5515 275 5577 τοῖς
310 5515 698 5584 ὑποκειμένοις
736 5516 1052 5586 πράγμασιν
1080 5518 1441 5588 ἀναγωγὴν),

175 5620 267 5670 μεν
294 5607 480 5675 λέγειν
506 5607 635 5677 περὶ
662 5606 756 5659 τοῦ
794 5607 1109 5678 θυμοειδοῦς
1142 5609 1327 5673 αὐτοῦ,
1360 5611 1442 5662 ὅτι
1484 5610 1645 5681 νοερά
1675 5626 1759 5671 τις

172 5694 358 5766 ἀνδρία
394 5698 542 5760 ἐστὶ,
586 5696 682 5749 καὶ
719 5697 815 5765 ούχ
850 5697 1034 5761 ἁπλῶς
1064 5698 1244 5769 ψυχῆς
1275 5699 1443 5770 ἀρετὴ
1467 5738 1480 5762 ,
1517 5699 1652 5769 πρὸς
1690 5696 1757 5749 τά

177 5790 628 5861 παρεμπίπτοντα
676 5788 807 5859 ἡδέα
856 5791 950 5843 καὶ
980 5791 1199 5866 λυπηρά
1242 5793 1327 5847 ἀεὶ
1362 5790 1628 5863 μενούσης
1662 5790 1754 5843 ἐπὶ

450 5883 728 5945 Puncta
778 5885 895 5946 Gtt.
940 5884 1048 5946 Ill.

1477 5519 1572 5571 καὶ
1613 5518 1757 5587 εἴχο-

1886 1917 2033 1985 ipsas
2069 1919 2125 1972 in
2162 1920 2378 1975 sublimi
2408 1922 2696 1980 volitantes
2722 1942 2897 1996 neque
2920 1931 3025 1987 sub
3053 1935 3290 1992 arbustis
3328 1940 3452 1993 lati-

1884 2016 2005 2061 tans
2036 2009 2426 2066 animalcnlum
2474 2013 2666 2084 fugit);
2702 2019 2781 2073 sic
2820 2031 2873 2075 et
2904 2022 2988 2093 ips
3051 2030 3283 2095 expediti
3327 2044 3448 2086 sunt

1881 2099 1949 2153 ad
1989 2102 2401 2156 convenientem
2448 2106 2549 2159 sibi
2600 2123 2665 2163 ac
2708 2107 2946 2166 divinum
2999 2117 3175 2172 cibum
3228 2122 3452 2190 capien-

1880 2191 2029 2246 dum.
2062 2193 2260 2249 Verum
2290 2199 2486 2265 aquila:
2514 2200 2767 2255 deorsum
2797 2206 3089 2274 exquirunt
3112 2210 3448 2279 alimentum,

1881 2293 1938 2336 at
1983 2285 2192 2353 angelis
2235 2303 2447 2343 sursum
2498 2302 2582 2346 est
2628 2293 2783 2347 cibus
2835 2298 3184 2365 potentilicus
3219 2321 3233 2358 :
3274 2307 3452 2363 omnis

1879 2375 2023 2429 enim
2059 2378 2232 2445 cibus,
2263 2390 2319 2436 et
2371 2398 2477 2437 non
2508 2384 2656 2441 solus
2703 2391 2878 2456 panis,
2907 2406 3003 2445 cor
3032 2395 3280 2454 animalis
3315 2415 3448 2455 con-

1882 2466 2078 2523 ﬁrmat.
2110 2470 2323 2528 [labent
2351 2490 2566 2545 quoque
2612 2480 2743 2545 vim,
2794 2484 3029 2540 robustis
3059 2488 3339 2546 oculorum
3373 2496 3452 2548 in-

1881 2562 2236 2627 tentionibus,
2267 2565 2515 2624 irrellexe
2554 2571 2951 2642 contemplandi
2986 2576 3320 2637 uberrimum
3370 2585 3453 2640 la-

1882 2662 2044 2723 teque
2076 2656 2331 2712 dill‘usnm
2372 2660 2606 2735 radium,
2635 2677 2792 2731 quem
2819 2680 2886 2721 ex
2917 2681 2977 2723 se
3000 2670 3215 2729 divinus
3254 2676 3342 2731 ille
3370 2682 3450 2735 sol

1878 2743 2091 2799 evibrat
2125 2761 2140 2799 :
2174 2747 2355 2801 ferunt
2380 2748 2551 2815 enim,
2580 2751 2791 2819 aquilas
2816 2755 2990 2823 pullos
3028 2774 3157 2817 suos
3188 2768 3454 2833 genuinos

1880 2853 1908 2889 a
1930 2840 2127 2895 -nothis
2159 2841 2231 2895 ita
2263 2842 2599 2902 discernere.
2647 2850 2703 2904 Si
2735 2852 3019 2909 irretortos
3051 2859 3322 2917 oculos‘in
3359 2880 3451 2920 so-

1879 2930 1983 2985 lem
2028 2934 2346 3003 intendunt,
2398 2942 2619 3007 genuini
2671 2944 2969 3013 habentur;
3025 2951 3108 3004 sin
3147 2968 3348 3024 secus,
3397 2966 3453 3014 ut

1880 3024 2030 3079 nothi
2072 3035 2127 3080 et
2167 3029 2457 3083 adulterini
2487 3046 2517 3086 e
2549 3034 2673 3088 nido
2703 3033 3079 3101 deturbantur.
3127 3044 3323 3101 Eadem
3360 3052 3450 3105 ita.

1891 3129 1996 3182 que
2026 3120 2253 3185 ratione,
2283 3122 2374 3191 qui
2415 3122 2639 3191 justitize
2680 3126 2793 3182 Soli
2829 3145 2936 3185 non
2968 3132 3112 3189 valet
3140 3138 3374 3207 obtueri,
3420 3159 3448 3197 a

1880 3208 2188 3277 cognitione
2216 3211 2336 3279 ejus
2367 3215 2581 3271 alienus
2609 3232 2675 3274 ac
2700 3223 2901 3276 nothus
2926 3227 3223 3297 reperitur;
3266 3248 3447 3291 verum

1878 3296 1984 3351 illae
2033 3301 2231 3357 divina:
2275 3315 2514 3372 mentes,
2563 3325 2683 3379 qua:
2714 3312 2862 3367 illum
2897 3316 3153 3376 irretorta
3187 3336 3448 3393 quantum

1878 3388 1960 3446 fas
1989 3402 2073 3447 est
2101 3396 2218 3450 acie
2245 3400 2710 3468 contemplantur,
2740 3407 2987 3475 genuina:
3021 3421 3169 3467 sunt.

1949 3480 2230 3549 Equorum
2281 3496 2462 3541 autem
2518 3490 2689 3558 ligura
2752 3495 3027 3565 signiﬁcat
3083 3503 3446 3563 obedientiam

1876 3578 1930 3623 et
1956 3571 2359 3629 observantiam
2384 3578 2724 3647 angelorum,
2754 3581 2905 3650 juxta
2931 3589 3074 3657 quod
3099 3592 3301 3647 dictum
3326 3608 3438 3652 est:

1875 3661 1977 3729 Qui
2039 3666 2283 3722 continet
2338 3667 2492 3724 frena
2543 3671 2987 3732 intemeratarum
3044 3683 3326 3739 virtutum.
3384 3690 3447 3744 Et

1875 3760 2122 3818 albarum
2158 3766 2379 3833 quidem
2416 3769 2707 3824 candorem
2745 3772 3005 3839 denotat,
3041 3784 3231 3845 utpOte
3267 3779 3446 3836 divine

1874 3854 2064 3911 lumini
2103 3860 2338 3913 maxime
2372 3860 2631 3928 allinem;
2665 3865 3019 3919 caeruleorum
3046 3883 3197 3935 vero,
3229 3880 3283 3926 et
3316 3888 3437 3942 quo-
3510 3930 3515 3936 ,

1872 3948 2161 4003 dummodo
2200 3952 2521 4021 nigrorum,
2559 3955 2799 4009 divinum
2857 3957 2987 4012 illud
3038 3974 3331 4031 arcanum;
3370 3966 3445 4019 si-

1872 4041 2086 4108 quidem
2126 4042 2176 4095 id
2210 4044 2354 4111 quod
2392 4045 2605 4115 nigrum
2630 4084 2647 4113 ,
2684 4057 2738 4102 et
2771 4048 3061 4105 obscurum
3114 4062 3198 4107 est
3244 4065 3301 4109 et
3351 4072 3444 4111 oc-

1871 4133 2119 4188 cultum:
2159 4137 2450 4191 rubrorum
2489 4149 2693 4206 autem,
2727 4154 2849 4194 cum
2885 4142 3047 4198 etiam
3096 4145 3236 4214 ignis
3284 4149 3449 4204 ruber

1869 4225 1957 4287 sit,
1995 4227 2123 4294 quid
2161 4229 2375 4297 igneum
2406 4238 2571 4300 atque
2618 4235 2751 4287 adeo
2785 4235 2972 4290 emt-ax
3005 4254 3017 4289 :
3056 4238 3179 4293 albo
3214 4240 3440 4310 denique

1869 4315 2134 4386 nigroque
2166 4318 2351 4374 colore
2398 4324 2815 4379 commistorutn
2845 4366 2860 4393 ,
2909 4342 3003 4381 seu
3055 4330 3329 4384 fuscorum
3378 4332 3432 4387 ﬁ-

1869 4422 2022 4475 gura,
2064 4408 2336 4479 signiﬁcat
2390 4412 2442 4465 id
2491 4416 2631 4481 quod
2679 4424 2923 4469 extrema
2957 4417 3010 4471 vi
3065 4420 3298 4486 quadam
3336 4429 3444 4475 tra-

1870 4496 2006 4549 duce
2038 4501 2339 4566 connectit,
2371 4503 2668 4556 secundum
2706 4520 2871 4573 quam
2920 4509 3091 4575 prima
3129 4515 3444 4577 posteriori-

1870 4588 1972 4641 bus
2006 4590 2344 4658 providendo
2366 4635 2381 4661 ,
2428 4602 2483 4648 et
2518 4596 2822 4666 posteriora
2858 4599 3048 4667 primis
3082 4610 3441 4662 convertendo

1869 4693 2240 4737 CODDCClllnlU
2252 4702 2294 4737 Γ.

1945 4772 2139 4828 Verum
2180 4777 2282 4831 nisi
2317 4780 2587 4834 sermonis
2634 4782 2854 4835 modum
2907 4799 3277 4853 quzereremus
3327 4788 3441 4859 (sa-

1870 4865 2030 4920 tietas
2078 4868 2220 4920 enim
2258 4868 2511 4924 dictionis
2541 4872 2760 4926 inimica
2793 4883 2878 4928 est
2912 4876 3300 4949 auditoribus),
3330 4880 3422 4934 sin

1868 4958 2023 5024 gulas
2044 4960 2206 5012 etiam
2235 4961 2550 5015 animalium
2581 4965 2962 5033 proprietates,
2986 4981 3284 5037 omnesque
3319 4985 3431 5024 cor«

1865 5062 2061 5118 porcas
2108 5065 2294 5104 eorum
2341 5051 2569 5121 eﬂigies,
2622 5058 2937 5112 caelestibus
2988 5059 3282 5115 virtutibus
3316 5076 3431 5129 pro-

1866 5140 2117 5209 portione
2152 5144 2385 5211 quadam
2422 5146 2582 5199 dictis
2616 5147 2968 5203 dissimilibus
2994 5151 3434 5207 similitudinibus

1867 5236 2410 5291 accommodaremus
2455 5237 2849 5307 (dissimilibus
2883 5243 3140 5310 quidem,
3177 5244 3430 5313 quoniam

1865 5324 2131 5393 imagines
2181 5326 2489 5381 materiales
2552 5328 2781 5383 multum
2838 5332 2907 5385 ab
2966 5333 3031 5386 iis
3086 5334 3431 5401 discrepant;

1864 5415 2310 5470 similitudinibus
2360 5425 2575 5486 tamen,
2611 5419 2763 5487 juxta
2800 5425 3077 5492 cognitam
3112 5425 3428 5493 allegoriam

1862 5517 1917 5564 et
1984 5506 2402 5562 convenientem
2471 5513 2634 5566 rebus
2694 5514 2983 5582 propositis
3038 5530 3321 5581 anagogen
3362 5515 3418 5586 ):

1861 5616 2256 5671 possemusque
2303 5602 2484 5658 dicere
2530 5605 2596 5658 de
2644 5605 2857 5659 illorum
2911 5607 3229 5672 iracundia,
3281 5606 3424 5659 illam

1861 5708 1983 5748 esse
2018 5693 2317 5762 spiritalem
2355 5696 2643 5760 quamdam
2682 5696 3070 5761 fortitudinem,
3108 5697 3268 5768 149
3302 5712 3419 5751 curr
3514 5770 3517 5771 ν

1862 5800 1923 5842 ea
1952 5800 2058 5841 non
2091 5786 2316 5856 simplex
2351 5786 2423 5844 sit
2454 5788 2626 5844 virtus
2660 5788 2874 5855 animm,
2911 5791 2963 5844 in
3000 5791 3188 5844 eodem
3217 5795 3431 5858 semper

3038 5882 3114 5941 12
