3874 6228
445 308 552 365 363

1635 319 1694 374 5.
1734 318 2033 376 DIONYSII
2065 319 2530 377 AREOPAGITE

3605 326 3714 383 ΞΜ

445 436 593 484 statu
632 428 1005 498 permanentia
1053 430 1167 486 sive
1208 429 1448 500 jucunda
1504 432 1618 490 sive
1664 436 1838 493 tristia
1883 438 1989 492 inci

2121 437 2182 490 τὸ
2215 438 2346 491 αύτδ
2369 479 2383 501 ,
2416 440 2554 512 μήτε
2599 440 2711 504 τοῖς
2749 439 2901 512 ἡδέσι
2948 441 3321 514 χαυνουμένης
3344 484 3358 509 ,
3406 442 3544 515 μήτε
3598 447 3714 509 rei;

446 521 601 584 dant,
636 529 697 575 ut
728 536 907 591 neque
931 518 1186 589 iucundis
1232 524 1395 579 rebus
1439 525 1796 593 dissolvatur,
1838 542 1998 598 nequt

2120 528 2382 602 λυπηροῖς
2434 532 2911 603 καταπιπτούσης·
2980 529 3197 606 ἧστινος
3265 535 3366 605 τῆς
3416 536 3642 609 ἀνδρίας
3687 532 3718 590 6

445 612 702 667 tristibus
760 611 1075 681 dejiciatur,
1131 614 1284 682 cujus
1333 615 1674 675 fortitudinis
1733 620 2016 677 iracundia

443 703 721 774 quoddam
750 712 1055 758 extremum
1085 713 1169 759 est
1204 707 1517 777 vestigium.
1552 709 1727 767 Porro
1768 712 2019 769 dicamus

2124 620 2290 693 θυμὸς
2320 624 2546 695 ἔσχατόν
2572 628 2719 678 ἐστιν
2746 627 3039 698 ἀπήχημα.
3092 627 3252 680 ’Λλλά
3292 628 3511 699 πρῶτον
3544 630 3717 683 εἴπω-

2123 732 2245 785 μεν,
2272 714 2390 779 πῶς
2415 715 2478 767 τὸ
2519 715 2799 786 Θυμοειδὲς
2830 718 2909 780 εἰς
2947 717 3167 789 ἀνδρίαν
3200 718 3715 789 παραλαμϐάνεται,

441 798 721 866 primum,
777 798 1049 866 quomodo
1083 798 1365 854 iracundia
1410 816 1511 871 pro
1556 803 1909 872 fortitudine,
1965 822 1995 861 e

2119 806 2217 859 καὶ
2246 806 2347 859 ούκ
2399 807 2478 870 εἰς
2510 805 2675 875 ἀλλην
2724 806 2848 860 τινά
2896 809 3114 879 ἀρετήν.
3186 810 3413 875 Ἱστέον,
3456 812 3537 864 ὅτι
3586 811 3717 883 τρία

442 905 553 943 non
604 905 702 959 pro
736 890 838 943 alia
888 890 1089 943 virtute
1122 890 1305 959 aliqua
1352 893 1677 963 accipiatur.
1726 895 2013 951 Sciendum

442 993 555 1039 tres
597 998 719 1038 esse
753 984 948 1038 animm.
994 985 1313 1055 portiones,
1364 986 1683 1041 rationalem
1731 988 2016 1053 videlicet,

440 1079 769 1135 irascibilem
822 1089 877 1135 et
931 1081 1457 1149 concupiscibilem;
1510 1091 1567 1137 et
1619 1092 1856 1152 quatuor
1901 1098 2020 1140 esse

437 1172 671 1227 virtutes
715 1172 1031 1242 originales,
1067 1172 1278 1229 scilicet
1318 1174 1665 1243 prudentiam
1688 1215 1704 1241 ,
1740 1175 2018 1232 fortitudi-

437 1281 598 1330 nem,
634 1264 1056 1335 temperantiam
1091 1274 1147 1321 et
1172 1266 1464 1336 justitiam.
1518 1267 1870 1337 Unaquaeque
1913 1269 2019 1323 ita-

434 1372 541 1426 que
584 1357 758 1412 virtus
804 1357 1103 1426 quamlibet
1148 1358 1344 1414 animae
1398 1359 1704 1429 portionem
1757 1369 1921 1416 ornat
1964 1370 2020 1415 et

432 1450 640 1521 dirigit,
670 1450 958 1520 prudentia
990 1448 1337 1515 rationalem,
1376 1448 1638 1507 fortitudo
1667 1453 2015 1521 irascibilem,

434 1543 792 1613 temperantia
819 1544 1298 1612 concupiscibilem
1323 1563 1337 1610 ;
1361 1545 1576 1613 justitia
1607 1560 1738 1601 vero
1770 1562 2020 1602 commu-

430 1636 517 1690 nis
549 1644 635 1690 est
661 1633 934 1689 omnibus.
963 1634 1194 1702 Quando
1231 1637 1375 1691 enim
1422 1636 1713 1705 prudentia
1750 1638 2016 1693 rationem

429 1736 629 1790 ornat,
677 1726 940 1800 fortitudo
993 1736 1173 1781 autem
1222 1728 1599 1794 iracundiam,
1652 1730 2011 1799 temperantia

2122 898 2265 969 μέρη
2298 898 2405 951 εἰσὶ
2444 898 2544 969 τῆς
2586 897 2764 967 ψυχῆς
2785 937 2799 960 ,
2840 897 3078 965 λογικὸν,
3108 897 3357 970 θυμικὸν,
3390 901 3483 954 καὶ
3515 902 3713 955 ἐπιθυ-

2125 988 2384 1060 μητικόν·
2438 988 2531 1041 καὶ
2574 987 2839 1058 τέσσαρες
2884 986 3100 1054 γενικαὶ
3136 988 3369 1059 ἀρεταὶ,
3408 989 3712 1060 φρόνησις,

2120 1082 2335 1154 ἀνδρία,
2370 1079 2691 1151 σωφροσύνη
2742 1080 2836 1133 καὶ
2860 1079 3194 1151 δικαιοσύνη.
3228 1081 3343 1134 Μία
3374 1081 3554 1134 τοίνυν
3583 1082 3715 1135 ἑκά-

2123 1192 2222 1245 στη
2255 1173 2364 1227 τῶν
2396 1172 2610 1244 ἀρετῶν
2643 1172 2873 1224 ἕκαστον
2902 1173 3068 1244 μέρος
3089 1173 3188 1243 τῆς
3218 1172 3399 1244 ψυχῆς
3428 1176 3632 1244 κοσμεῖ
3654 1191 3713 1227 τε

2121 1266 2216 1319 καὶ
2244 1265 2471 1327 εὐθετεῖ,
2508 1266 2542 1339 η
2577 1263 2836 1335 φρόνησις
2871 1264 2931 1316 τὸ
2976 1263 3211 1332 λογικὸν,
3247 1267 3281 1337 η
3316 1266 3507 1338 ἀνδρία
3531 1267 3594 1321 τὸ
3621 1267 3714 1321 θυ-

2124 1354 2302 1426 μικὸν,
2338 1356 2372 1427 ἡ
2418 1353 2739 1426 σωφροσύνη
2778 1354 2838 1407 τὸ
2876 1354 3303 1426 ἐπιθυμητικόν·
3341 1358 3376 1429 ἡ
3409 1356 3469 1409 δὲ
3501 1357 3711 1410 δικαιο-

2123 1444 2255 1517 σύνη
2285 1445 2438 1515 κοινὴ
2463 1446 2627 1498 πᾶσίν
2654 1446 2819 1498 ἐστιν.
2858 1447 2988 1498 ’Ότε
3019 1446 3128 1518 γὰρ
3160 1449 3192 1518 ἡ
3225 1447 3323 1519 μὲν
3355 1448 3625 1519 φρόνησις
3652 1449 3713 1502 τὸ

2120 1533 2336 1603 λογικὸν
2360 1536 2580 1603 κοσμεῖ,
2608 1536 2640 1605 ἡ
2673 1534 2729 1587 δὲ
2752 1534 2943 1605 ἀνδρία
2964 1536 3025 1589 τὸ
3054 1536 3303 1609 θυμικὸν,
3339 1540 3372 1610 ἡ
3398 1539 3454 1592 δὲ
3492 1557 3716 1612 σωφρο-

2122 1624 2351 1697 σύνηετὸ
2384 1625 2799 1695 ἐπιθυμητικὸν,
2838 1626 3063 1691 δικαίως
3092 1630 3213 1682 τότε
3235 1633 3264 1684 6
3296 1631 3587 1704 ἄνθρωπος
3620 1650 3714 1687 πο-

2120 1715 2425 1781 λιτεύεται,
2465 1721 2561 1773 καὶ
2605 1720 2811 1786 δίκαιος
2857 1724 2923 1778 ἂν
2962 1723 3192 1793 λέγοιτο.
3236 1724 3477 1788 Εἰκότως
3514 1720 3615 1777 οὖν
3648 1725 3711 1777 τὸ

428 1836 561 1877 vero
594 1819 1119 1888 concupiscentiam,
1151 1829 1282 1875 tunc
1310 1822 1472 1875 homo
1516 1834 1585 1874 ex
1615 1818 1827 1888 justitia
1864 1823 1998 1892 regi-

2116 1808 2345 1880 Θυμικὸν
2367 1812 2447 1875 εἰς
2474 1812 2572 1885 τὴν
2598 1815 2909 1885 κοσμοῦσαν
2944 1818 3076 1871 αὐτὸ
3101 1817 3323 1887 ἀνδρίαν
3354 1817 3714 1888 μεταλαμσάο

430 1924 539 1980 tur,
574 1911 830 1979 etjustus
879 1910 988 1966 dici
1025 1911 1219 1980 possit.
1257 1910 1453 1966 Merito
1482 1912 1646 1983 igitur
1673 1912 2013 1967 iracundiam

429 2006 680 2075 accipere
734 2004 897 2060 liceat
945 2018 1048 2073 pro
1096 2002 1419 2058 fortitudine
1453 2018 1574 2073 quae
1609 2003 1781 2073 ipsam
1829 2015 2010 2059 ornat.

428 2097 523 2152 Sic
562 2110 695 2151 vero
739 2094 817 2148 ira
858 2092 1110 2147 ultimum
1162 2091 1452 2160 vestigium
1500 2100 1583 2145 est
1637 2089 2011 2155 fortitudinis,

424 2191 553 2261 quia
591 2190 671 2244 ira
697 2198 782 2244 est
816 2187 1063 2257 quaedam
1106 2185 1359 2241 ebullitio
1392 2185 1679 2255 sanguinis
1700 2183 1848 2241 circa
1874 2200 2014 2255 prte-

425 2284 636 2347 cordia,
672 2297 742 2338 ex
788 2280 1031 2351 appetitu
1066 2278 1345 2336 vindictae.
1376 2278 1653 2349 Corporea
1698 2278 1883 2348 itaque
1917 2279 2012 2333 ira:

423 2375 679 2438 materia,
706 2383 793 2428 est
820 2372 1041 2442 sanguis
1067 2370 1160 2442 qui
1186 2372 1335 2425 circa
1360 2369 1661 2438 prazcordia
1687 2378 1807 2435 est;
1836 2367 2010 2423 forma

422 2480 558 2519 vero
583 2463 848 2534 apiritalis
868 2471 923 2517 et
947 2462 1292 2531 incorporea,
1320 2470 1403 2517 est
1427 2460 1698 2531 appetitus
1723 2461 2005 2521 vindictae:

420 2556 717 2613 irascibilis
763 2563 946 2609 autem
986 2555 1164 2625 portio
1195 2553 1424 2619 anima,
1455 2568 1583 2623 pars
1616 2560 1699 2607 est
1730 2552 1925 2607 animae
1953 2560 2009 2607 et

422 2651 776 2719 incorporea.
822 2646 1107 2701 Fortitudo
1153 2645 1345 2715 igitur,
1397 2660 1523 2700 cum
1572 2644 1793 2700 habitus
1840 2644 1911 2698 sit
1953 2654 2010 2700 et

418 2736 635 2799 virtus,
684 2733 1132 2804 irascibilemque
1186 2745 1390 2787 motum
1445 2732 1663 2789 ordinet
1710 2741 1765 2790 et
1811 2742 2006 2799 ornet,

419 2827 652 2882 minime
689 2826 954 2882 transfert
983 2825 1135 2880 illum
1169 2824 1238 2877 ad
1274 2824 1511 2893 aliquam
1554 2824 1873 2892 mollitiem,
1914 2834 2008 2880 aut

419 2920 579 2991 quasi
606 2934 635 2972 a
664 2928 859 2974 natura
888 2918 1106 2974 abducit
1135 2936 1150 2972 :
1180 2917 1323 2971 unde
1350 2916 1514 2972 etiam
1540 2916 1670 2972 sinit
1699 2917 1848 2972 illum
1880 2932 2007 2989 pro-

416 3014 652 3084 prietate
674 3028 769 3069 sua
797 3013 896 3077 uti,
921 3019 1295 3067 verumtamen
1319 3010 1597 3077 decenter,
1617 3020 1673 3065 et
1692 3022 1751 3065 ut
1768 3020 2001 3080 oportet.

414 3107 632 3177 Accipit
670 3107 980 3169 materiam,
1026 3103 1079 3157 id
1110 3110 1194 3158 est
1222 3099 1543 3172 sanguinem
1568 3102 2000 3172 pmcordialem,

412 3197 638 3267 vultque
662 3195 949 3251 efformare
977 3193 1273 3264 appetitum
1294 3192 1589 3261 quemdam
1614 3191 1799 3248 utilem
1822 3206 1889 3248 ac
1910 3192 2003 3248 de-

413 3298 653 3354 centem,
677 3289 770 3358 qui
797 3287 1122 3345 fortitudine
1145 3298 1388 3359 regatur,
1412 3288 1478 3342 ad
1503 3300 1591 3342 res
1610 3286 1794 3342 tristes
1816 3285 2000 3356 despi—

410 3383 634 3440 ciendas
650 3390 705 3438 et
716 3381 992 3450 jucundas
1017 3379 1469 3447 contemnendas,
1506 3380 1560 3435 in
1590 3379 1779 3435 arduis
1801 3379 2000 3449 perdu—

412 3478 607 3543 rando,
638 3473 982 3546 passionibus
1010 3472 1369 3539 moderando,
1398 3489 1487 3530 res
1526 3475 1784 3530 honestas
1824 3488 1995 3528 aemu-

410 3568 594 3634 lando,
630 3584 716 3624 res
748 3583 947 3638 pravas
979 3569 1270 3633 abolendo,
1304 3582 1492 3625 verum
1539 3570 1748 3624 hostem
1776 3565 1998 3638 propul—

408 3663 617 3727 sando,
660 3676 783 3731 qua;
817 3662 1006 3732 utique
1035 3661 1256 3727 omnia,
1306 3661 1414 3717 nisi
1454 3664 1658 3716 circum
1694 3660 1994 3730 praecordia

406 3753 627 3823 sanguis
644 3750 1046 3816 effervesceret,
1062 3766 1405 3821 nequaquam
1420 3751 1666 3822 profecto
1680 3764 1991 3809 successum

408 3854 616 3899 rectum
636 3844 989 3898 sortirentur.
1017 3839 1130 3895 Hoc
1158 3845 1303 3899 enim
1328 3854 1382 3900 et
1400 3845 1569 3901 David
1587 3846 1666 3900 ait
1693 3861 1706 3898 :
1740 3846 1993 3899 Accendit

405 3954 487 3990 me
521 3937 664 3991 zelus
691 3947 811 3991 tuus
832 3946 863 3976 τ
888 3956 901 4004 ;
933 3946 991 3993 et
1019 3955 1034 3991 :
1060 3938 1219 3994 Zelus
1247 3939 1435 3992 domus
1466 3948 1571 3992 tua:
1591 3938 1812 3993 comedit
1840 3956 1920 3994 me
1940 3954 1989 3995 κ.

408 4030 549 4085 Ecce
571 4030 775 4100 itaque,
801 4032 1079 4099 proposita
1106 4032 1331 4087 materia
1353 4032 1659 4087 secundum
1690 4032 1807 4089 haec
1833 4032 1992 4087 effor-

407 4133 553 4178 mata
576 4162 593 4189 ,
628 4124 876 4192 quaedam
925 4123 1036 4177 alia
1076 4123 1288 4193 species
1317 4123 1625 4191 subintrat,
1660 4138 1858 4195 nempe
1887 4140 1988 4198 ap-

405 4218 611 4287 petitus
656 4215 912 4271 vindictze
943 4232 957 4269 :
993 4224 1047 4269 et
1079 4214 1223 4285 quod
1258 4214 1327 4269 ad
1374 4213 1753 4272 fortitudinem
1799 4216 1988 4288 dirigi-

406 4320 514 4377 tur,
545 4309 605 4365 fit
640 4306 949 4364 iracundia.
996 4305 1293 4377 Sanguinis
1323 4306 1469 4362 enim
1504 4308 1774 4363 fervorem
1817 4307 1988 4363 infor-

404 4412 519 4457 mat
570 4402 888 4472 appetitus,
942 4399 1039 4455 sed
1096 4400 1153 4453 in
1213 4398 1324 4453 alio
1382 4398 1621 4468 quodam
1681 4399 1982 4455 dissimili:

2116 1918 2275 1955 νοιτο.
2310 1902 2602 1973 Ἀπήχημα
2621 1904 2676 1956 δέ
2701 1905 2849 1959 ἐστιν
2863 1906 3087 1977 ἔσχατον
3103 1910 3131 1961 6
3151 1908 3319 1978 θυμὸς
3338 1908 3439 1978 τῆς
3454 1908 3712 1981 ἀνδρίας,

2114 1991 2292 2046 οὕτω·
2330 1992 2499 2064 θυμός
2548 1996 2666 2049 ἐστι
2708 1997 2856 2062 ζέσις
2899 1999 2995 2053 τοῦ
3036 2000 3387 2072 περικαρδίου
3434 2002 3711 2072 αἵματος,

2116 2084 2253 2157 πρὸς
2296 2085 2478 2156 ὄρεξιν
2523 2087 2958 2161 ἀντιλυπήσεως.
3012 2091 3200 2145 Ἔστιν
3244 2087 3338 2144 οὖν
3384 2090 3479 2144 τοῦ
3525 2091 3711 2163 θυμοῦ

2115 2176 2216 2248 ὕλη
2270 2179 2367 2249 μὲν
2418 2179 2706 2250 σωματικὴ
2754 2180 2818 2233 τὸ
2868 2181 3219 2253 περικάρδιον
3263 2176 3434 2253 αἷμα·
3471 2177 3617 2246 εἶδος
3648 2183 3711 2236 δὲ

2111 2270 2342 2341 ψυχικὸν
2375 2272 2468 2325 καὶ
2506 2271 2797 2343 ἀσώματον
2833 2274 2867 2344 ἡ
2900 2272 3080 2345 ὄρεξις
3122 2274 3220 2343 τῆς
3251 2271 3708 2344 ἀντιλυπήσεωςο

2110 2366 2172 2419 τὸ
2204 2366 2260 2418 δὲ
2293 2366 2523 2437 θυμικὸν
2551 2367 2652 2437 τῆς
2674 2366 2874 2439 ψυχῆς,
2897 2367 3061 2437 μέρος
3092 2366 3270 2436 ψυχῆς
3292 2365 3527 2418 ἐστικαὶ
3558 2364 3711 2418 ἀσώ-

2113 2474 2301 2528 ματον.
2345 2458 2409 2511 Ἠ
2443 2454 2537 2512 οὖν
2568 2459 2779 2529 ἀνδρία,
2823 2458 2937 2525 ἕξις
2969 2458 3063 2511 καὶ
3096 2458 3266 2528 ἀρετὴ
3292 2452 3457 2519 οὖσα,
3497 2456 3602 2511 καὶ
3645 2457 3710 2509 τὸ

2112 2550 2339 2621 θυμικὸν
2367 2551 2635 2604 τάττουσα
2659 2551 2753 2603 καὶ
2771 2548 3072 2621 κοσμοῦσα,
3098 2548 3159 2601 ού
3189 2546 3513 2619 μεταϐάλλει
3542 2546 3711 2599 τοῦτο

2110 2642 2247 2715 πρὸς
2274 2642 2659 2713 μαλθακότητά
2680 2659 2822 2705 τινα,
2849 2641 2944 2694 καὶ
2970 2636 3081 2693 οἷον
3104 2641 3204 2711 τῆς
3230 2639 3447 2709 φύσεως
3476 2637 3671 2709 ὲξιστᾷ
3688 2655 3707 2667 ο

2108 2734 2229 2789 ὅθεν
2271 2736 2365 2788 καὶ
2408 2735 2602 2805 ἀφίησι
2640 2732 2799 2787 τοῦτο
2829 2734 2894 2803 τῇ
2940 2732 3118 2803 οἰκείᾳ.
3170 2731 3393 2802 ἰδιότητι
3434 2728 3705 2800 χρῆσθαι,

2108 2830 2249 2902 πλὴν
2292 2830 2677 2901 προσηκόντως
2711 2828 2806 2881 καὶ
2852 2828 2927 2891 ὡς
2968 2827 3066 2880 δεῖ.
3092 2826 3375 2896 Δαμϐάνει
3404 2824 3506 2895 τὴν
3539 2822 3705 2894 ὕλην,

2105 2922 2167 2975 τὸ
2205 2923 2554 2995 περικάρδιον
2594 2920 2794 2993 δηλαδὴ
2834 2915 3006 2991 αἷμα,
3056 2916 3199 2971 θέλει
3246 2916 3588 2988 εἰὼποιῆσαι
3634 2917 3709 2985 τῇ

2107 3015 2299 3087 ἀνδρίᾳ
2351 3013 2720 3085 διοικούμενον
2770 3012 2951 3084 ὄρεξίν
3003 3028 3126 3066 τινα
3170 3013 3555 3081 προσήκουσαν
3606 3007 3710 3060 καὶ

2107 3106 2397 3178 ὲπωφελῆ,
2433 3106 2844 3178 καταφρονῆσαι
2878 3104 3162 3176 λυπηρῶν,
3197 3102 3465 3172 ἀλογῆσαι
3500 3100 3706 3171 ἡδέων,

2105 3201 2440 3273 καρτερῆσαι
2471 3199 2683 3263 δεινῶν,
2716 3197 3148 3270 ὲμφιλοσοφῆσαι
3188 3195 3303 3257 τοῖς
3348 3192 3569 3256 πάθεσι,
3600 3191 3708 3260 ζη-

2101 3301 2273 3355 λῶσαι
2308 3300 2447 3372 πρὸς
2486 3298 2557 3352 τὰ
2586 3297 2758 3362 καλὰ,
2800 3293 3197 3368 παραζηλῶσαι
3232 3291 3373 3364 πρὸς
3412 3289 3486 3343 τά
3526 3292 3704 3357 κακὰ,

2100 3393 2412 3467 ἀμύνασθαι
2444 3392 2535 3445 τὸν
2567 3391 2735 3455 ὅντως
2770 3389 3027 3459 πολέμιον
3048 3404 3061 3416 ·
3099 3385 3135 3440 ἃ.
3175 3385 3240 3457 δὴ
3274 3385 3453 3438 πάντα
3475 3423 3490 3447 ,
3531 3384 3585 3436 εἰ
3621 3383 3705 3454 μὴ

2100 3486 2249 3539 ἔστιν
2290 3488 2324 3557 ἡ
2376 3486 2505 3556 περ).
2551 3483 2651 3556 τὴν
2691 3480 2918 3554 καρδίαν
2968 3480 3197 3549 αἵματος
3252 3476 3436 3540 ζέσις,
3483 3475 3587 3529 οὐκ
3630 3475 3705 3528 ἂν

2098 3577 2412 3629 εὐοδωοεῐεν
2459 3574 2660 3636 ποσῶς.
2703 3572 2875 3625 Τοῦτο
2906 3569 3015 3642 γὰρ
3040 3570 3070 3622 6
3109 3568 3205 3622 καὶ
3245 3571 3274 3621 6
3307 3566 3472 3620 Δαϐὶδ
3503 3567 3655 3635 λέγει
3681 3582 3699 3596 ’

2110 3668 2437 3732 Ἐξέκαυσέ
2461 3683 2540 3736 με
2583 3668 2615 3718 ό
2656 3664 2835 3732 ζῆλός
2877 3677 3027 3716 σου’
3082 3662 3199 3724 καὶ,
3258 3660 3320 3713 '0
3363 3658 3546 3727 ζῆλος
3586 3657 3702 3711 τοῦ

2095 3761 2264 3815 οἴκου
2294 3775 2410 3813 σου
2444 3756 2738 3827 κατέφαγέ
2767 3773 2861 3825 με.
2912 3753 3043 3807 Ἰδοὺ
3078 3753 3246 3822 γοῦν,
3281 3753 3547 3823 κειμένης
3590 3751 3699 3821 τῆς

2096 3852 2228 3923 ὕλης
2258 3850 2814 3923 εἰδοποιηθησομένης
2848 3847 2991 3901 κατὰ
3029 3846 3206 3900 ταῦτα
3229 3886 3245 3909 ,
3292 3845 3598 3916 ὑπέρχεταί
3638 3862 3699 3897 τι

2091 3945 2279 4018 ἕτερον
2313 3941 2474 4009 εἶδος,
2508 3947 2541 4015 ἡ
2566 3945 2663 4015 τῆς
2699 3942 3110 4012 ἀντιλυπήσεως
3142 3938 3324 4010 ὄρεξις
3345 3955 3359 3968 ·
3397 3938 3493 3991 καὶ
3522 3937 3588 3990 τὸ
3611 3939 3697 4002 εἰς

2091 4037 2312 4110 ἀνδρίαν
2332 4034 2615 4106 οἰκονομού
2624 4050 2783 4105 μενον
2816 4032 2985 4103 Θυμὸς
3008 4032 3242 4100 γίνεται.
3283 4029 3555 4083 Εἰδοποιεί
3580 4029 3696 4101 γὰρ

2089 4132 2189 4204 τὴν
2229 4131 2377 4196 ζέσιν
2421 4128 2516 4183 τοῦ
2547 4129 2779 4200 αἵματος
2817 4128 2849 4197 ἡ
2900 4123 3082 4195 ὄρεξις
3104 4163 3118 4187 ,
3153 4122 3268 4176 ἀλλ’
3296 4123 3355 4174 ὲν
3396 4120 3544 4190 ἄλλῳ
3579 4121 3695 4173 τινὶ

2089 4225 2489 4296 ἀπεμφαίνοντι
2515 4239 2528 4252 ⁸
2555 4221 2647 4275 διὰ
2685 4220 2845 4273 τοῦτο
2875 4218 3093 4286 λέγεται
3128 4216 3159 4267 6
3198 4214 3369 4285 Θυμδς
3407 4213 3696 4284 ἁπήχημα

2087 4316 2189 4387 τῆς
2229 4314 2472 4387 ἀνδρίας,
2502 4312 2578 4377 ὡς
2607 4312 2672 4366 ἀν
2700 4327 2787 4375 τις
2819 4309 2966 4363 εἴποι
2994 4306 3180 4378 φωνῆς
3213 4306 3487 4376 ἀπὴχημα
3524 4300 3693 4375 ἦχον,

2092 4406 2166 4475 μὴ
2191 4404 2311 4475 ἔχον
2337 4404 2398 4457 τὸ
2416 4403 2569 4465 τέλος
2590 4402 2689 4472 τῆς
2716 4399 2901 4470 φωνῆς
2920 4414 2934 4428 ’
2968 4396 3121 4459 τέλος
3141 4393 3252 4466 γὰρ
3279 4393 3465 4464 φωνῆς
3485 4391 3551 4445 τὸ
3584 4410 3691 4464 ση-

402 4498 622 4560 propter
682 4490 829 4560 quod
895 4490 975 4545 ira
1033 4489 1236 4545 dicitur
1287 4498 1593 4545 extremum
1648 4488 1985 4546 fortitudinis

2103 4495 2258 4565 αᾶναί
2300 4512 2373 4547 τι.
2433 4492 2589 4547 Οὕτω
2643 4491 2742 4544 καὶ
2785 4486 3022 4542 ἐνταῦθα
3076 4485 3225 4551 ζέσις
3281 4483 3556 4553 αἵματος,
3610 4484 3693 4555 μὴ

400 4583 715 4651 vestigium,
748 4581 908 4653 150
942 4597 1007 4638 ac
1033 4582 1079 4638 si
1107 4583 1230 4653 quis
1276 4591 1583 4637 extremum
1633 4584 1784 4638 vocis
1810 4584 1982 4639 vesti-

402 4674 571 4742 gium,
605 4684 760 4729 vocet
785 4690 1001 4740 sonum,
1033 4690 1157 4729 cum
1203 4674 1355 4730 vocis
1398 4675 1559 4728 finem
1593 4691 1699 4729 non
1737 4674 1978 4730 habeat:

402 4781 527 4818 nam
577 4767 728 4820 vocis
774 4765 898 4819 finis
935 4775 1019 4821 est
1061 4766 1341 4836 quidpiam
1395 4765 1725 4835 signiﬁcare.
1774 4765 1981 4820 Eodem

402 4857 563 4911 modo
593 4856 683 4910 hic
716 4856 897 4913 fervor
929 4861 1211 4929 sanguinis
1234 4900 1249 4925 ,
1293 4875 1416 4914 cum
1450 4875 1557 4913 non
1588 4859 1786 4914 habeat
1816 4858 1978 4912 finem

402 4948 715 5017 proprium;
759 4948 883 5003 linis
922 4959 1102 5003 autem
1143 4950 1281 5017 ejus,
1321 4960 1406 5005 est
1460 4966 1621 5005 omne
1668 4951 1981 5014 bonum,ut

400 5042 678 5097 Aristoteli
698 5043 894 5111 placet.
917 5042 1119 5097 Habuit
1139 5045 1320 5113 itaque
1339 5046 1525 5110 finem,
1544 5046 1588 5101 si
1611 5064 1638 5099 a
1661 5044 1978 5101 fortitudine

404 5140 633 5188 formam
665 5135 959 5202 acceperit,
992 5144 1045 5187 et
1072 5138 1296 5191 honeste
1321 5138 1386 5191 ad
1419 5138 1472 5192 id
1502 5140 1643 5206 quod
1670 5139 1978 5208 oportebat,

401 5237 456 5280 et
494 5242 558 5281 ea
589 5241 710 5294 quae
735 5226 960 5278 decebat
988 5227 1197 5279 ratione
1219 5236 1362 5282 mota
1390 5226 1573 5283 fuerit.
1612 5228 1857 5282 Rursum
1885 5245 1979 5284 cu-

402 5322 681 5388 piditatem
726 5318 793 5371 ad
837 5317 1079 5370 divinum
1115 5333 1353 5373 amorem
1394 5322 1655 5376 reducere
1690 5323 1973 5378 debemus.

407 5413 600 5482 thuid
658 5418 838 5464 autem
874 5427 976 5465 non
1017 5412 1082 5464 ad
1112 5414 1549 5480 temperantiam,
1580 5414 1721 5468 sicut
1752 5415 1975 5470 iracun-

404 5507 543 5559 diam
598 5504 666 5556 ad
726 5502 1145 5557 fortitudinem?
1194 5504 1323 5573 quia
1372 5506 1633 5559 nimirum
1691 5507 1971 5565 iracundia

404 5612 510 5651 non
538 5596 736 5651 dicitur
764 5596 830 5650 ad
860 5594 1087 5667 aliquid,
1122 5611 1298 5666 neque
1325 5597 1469 5651 enim
1499 5598 1701 5653 dicitur
1736 5600 1966 5671 alicujus

570 5766 746 5827 'i’sal.
772 5787 1002 5833 Lxxvttt,
1031 5771 1064 5826 5
1166 5786 1192 5814 ι
1220 5772 1363 5829 Psal.
1394 5790 1559 5830 vam
1584 5816 1600 5838 ,
1646 5774 1733 5829 10.

2088 4580 2285 4659 ἔχουσα
2313 4587 2374 4639 τὸ
2401 4588 2597 4639 οἰκεῖον
2618 4584 2771 4648 τέλος
2791 4601 2805 4614 ·
2826 4582 2978 4644 τέλος
3004 4580 3084 4643 δὲ,
3112 4579 3221 4632 πᾶν
3242 4575 3469 4645 ἀγαθὸν,
3498 4574 3692 4640 καθὼς

2086 4683 2181 4735 καὶ
2214 4682 2294 4753 τῷ
2344 4677 2704 4751 Ἀριστοτέλει
2736 4675 2903 4728 δοκεῖ.
2939 4668 3068 4741 Εἶχε
3102 4670 3160 4723 δὲ
3191 4667 3255 4721 τὸ
3299 4665 3457 4728 τέλος
3481 4704 3496 4727 ,
3531 4667 3584 4717 εἰ
3626 4665 3691 4719 τὸ

2085 4772 2228 4827 κατὰ
2259 4774 2358 4844 τὴν
2391 4772 2616 4841 ἀνδρίαν
2649 4767 2786 4832 εἶδος
2819 4765 3196 4836 ἀπελάμϐανε,
3230 4763 3328 4815 καὶ
3359 4759 3543 4823 καλῶς
3566 4761 3688 4813 ex:-

2084 4870 2226 4919 νεῖτο
2260 4865 2395 4938 πρὸς
2426 4865 2455 4917 ὃ
2488 4864 2690 4935 ἐχρῆν,
2737 4863 2831 4915 καὶ
2865 4861 2940 4923 ὡς
2976 4859 3105 4913 ἔδει.
3141 4855 3311 4910 Πάλιν
3349 4855 3450 4925 τὴν
3486 4853 3687 4906 ἐπιθυ-

2086 4958 2215 5028 μίαν
2256 4958 2475 5029 εἰχομεν
2507 4956 2702 5023 ἀνάξαι
2731 4957 2811 5019 εἰς
2847 4954 2988 5007 Θεῖον
3034 4952 3235 5023 ἔρωτα.
3276 4948 3378 5001 Διά
3398 4947 3453 4999 τί
3485 4946 3545 5000 δὲ
3582 4947 3689 4999 ούκ

2082 5051 2162 5113 εἰς
2191 5049 2564 5123 σωφροσύνην,
2599 5048 2674 5113 ὡς
2698 5048 2792 5101 καὶ
2821 5047 2883 5099 τὸ
2918 5044 3150 5116 Θυμικδν
3182 5043 3263 5105 είς
3289 5041 3390 5111 τὴν
3413 5038 3684 5110 ἀνδρίαν;

2080 5142 2255 5195 ὅτιτὸ
2290 5142 2389 5213 μὲν
2423 5141 2655 5213 Θυμικὺν
2693 5141 2755 5193 οὐ
2799 5138 2939 5212 πρός
2985 5154 3038 5189 τι
3086 5135 3339 5202 λέγεται·
3393 5131 3520 5183 οὐδὲ
3572 5129 3687 5201 γὰρ

2079 5234 2294 5305 λέγεταί
2344 5254 2487 5300 τινος
2538 5237 2867 5308 πράγματος
2925 5230 3185 5301 θυμικόν·
3244 5228 3368 5281 ὅθεν
3411 5226 3511 5279 καὶ
3557 5223 3684 5277 καθ’

2079 5328 2212 5381 αὑτὸ
2244 5329 2303 5381 ὃν
2336 5330 2416 5391 εἰς
2437 5329 2536 5400 τὴν
2567 5328 2791 5400 ἀνδρίαν
2820 5323 3228 5398 μετεϐιϐάζετο,
3264 5317 3550 5390 ἀρκούσης
3583 5316 3685 5385 τῆς

2078 5419 2282 5490 ἀρετῆς
2318 5422 2399 5484 εἰς
2431 5422 2532 5491 τὴν
2563 5420 2753 5473 τούτου
2789 5418 3122 5487 ἀναγωγήν·
3161 5414 3222 5466 τὸ
3256 5412 3313 5465 δὲ
3348 5410 3687 5479 ἐπιθυμητι-

2078 5511 2173 5565 κὸν
2199 5513 2334 5583 πρός
2362 5530 2413 5565 τι
2435 5513 2649 5581 λέγεται
2685 5510 2934 5583 ἐραστὸν,
2969 5509 2997 5562 ὃ
3031 5508 3125 5561 καὶ
3150 5502 3556 5574 ἐπιθυμητικὸν
3589 5499 3682 5553 λέ-

2077 5623 2250 5674 γεται.
2300 5610 2356 5663 Ὁ
2403 5609 2535 5679 γοῦν
2581 5611 2854 5683 χρησίμου
2881 5650 2895 5671 ,
2930 5603 3275 5678 ἐπιθυμητοῦ
3309 5602 3408 5655 καὶ
3441 5596 3681 5675 ἐραστοῦ
