3874 6228
221 273 332 330 565

723 267 809 324 UE
847 261 1175 326 C(ELESTI
1209 262 1658 335 HIERARCHIA,
1707 265 1862 327 CAP.
1902 269 2019 325 XV.
2056 300 2125 311 η-
2155 264 2504 329 PARAPHR.
2538 265 3011 329 PACHYMERA-I.

3407 266 3512 325 568

222 381 517 455 ἰπιθυμῶν
552 379 787 454 σώφρων
819 382 887 436 ἂν
909 381 1143 452 λέγοιτο,
1179 385 1275 437 καὶ
1297 385 1421 438 ὅσον
1455 385 1573 437 ἐστὶ
1604 383 1667 437 τὸ
1698 385 1819 438 ἐπι-

1928 385 2005 441 rei
2038 385 2365 442 iracundia?
2397 387 2543 442 unde
2567 403 2693 443 cum
2737 390 3036 444 secundum
3078 399 3138 442 se
3175 387 3265 447 sit.
3298 389 3366 442 ad
3396 386 3510 443 fur-

224 468 474 547 θυμητδν
498 468 726 545 ὑψηλὸν,
748 474 1002 528 τοσοῦτον
1026 472 1226 547 μᾶλλον
1251 475 1483 549 σώφρων
1508 477 1734 540 ἐκεῖνος.
1752 478 1819 531 Τί

221 568 280 621 δὲ
312 567 411 622 τοῦ
450 566 596 621 θείου
642 567 845 639 ἔρωτος
879 562 1240 641 ὑψηλότερση
1276 568 1449 634 οὑτως
1476 568 1695 640 εἴχομεν
1727 568 1817 622 λέ-

222 669 343 728 γειν
366 659 466 712 καὶ
490 659 621 731 περὶ
639 652 851 712 τούτου.
881 662 993 714 Καὶ
1032 658 1219 724 ἁπλῶς
1251 662 1446 725 εἰπεῖν,
1480 661 1697 725 ἁπάσας
1718 658 1818 724 τὰς

223 753 517 825 αἰσθήσεις
556 771 617 806 τε
658 754 753 806 καὶ
785 750 1149 825 πολυμερείας
1175 752 1285 804 τῶν
1318 751 1527 821 ἀλόγων
1561 750 1715 815 ζώων
1736 752 1819 814 εἰς

222 846 326 910 τὰς
364 844 566 910 ἀύλους
595 844 855 916 δυνάμεις
896 844 1311 917 μεταδιδάξειν,
1345 844 1440 899 καὶ
1482 845 1703 913 ἀνάγειν
1737 844 1819 907 εἰς

219 936 285 991 τὸ
320 937 555 1001 ὲνοειδὲς
594 937 691 991 καὶ
723 937 933 992 ἁπλοῦν
969 937 1039 991 τὰ
1076 936 1340 993 σύνθεταο
1369 938 1484 991 ἀλλ’
1510 938 1672 1011 ἀρκεῖ
1707 940 1821 1002 τοῖς

220 1030 520 1102 ἑχέφροσιν
542 1031 602 1084 οὐ
636 1030 813 1084 ταῦτα
847 1032 1006 1101 μόνον
1038 1029 1241 1102 (ταῦτα
1276 1028 1385 1101 γὰρ
1412 1030 1542 1094 ἴσως
1575 1028 1818 1101 πολλὰ),

220 1124 363 1180 ἀλλά
420 1127 517 1179 καὶ
563 1126 693 1197 μιᾶς
733 1124 941 1189 εἰκόνος
978 1124 1279 1196 ἀναγωγὴ,
1316 1125 1385 1196 ἥν
1409 1141 1573 1196 φησιν
1603 1121 1823 1179 ἀνακά-

224 1223 471 1288 θαρσιν,
506 1219 583 1283 ὠς
623 1217 760 1291 πρὸς
780 1219 843 1272 τὸ
866 1218 1094 1281 ἑνοειδὲς
1114 1218 1481 1291 ἀναγομένην,
1506 1214 1601 1272 καὶ
1632 1217 1821 1288 νοητὸν

222 1313 287 1365 ἐν
328 1312 409 1383 τῷ
441 1310 545 1381 τῆς
577 1308 773 1380 ὑλικῆς
813 1308 1115 1381 ὲμφερείας
1148 1309 1613 1381 ἀποκαθαίρεται·
1662 1310 1825 1381 ἀρκεῖ

219 1403 359 1471 γοῦν
401 1404 497 1456 καί.
530 1403 660 1474 μιᾶς
695 1400 903 1464 εἰκόνος
935 1400 1306 1472 ἀνακάθαρσις
1343 1400 1439 1453 καὶ
1470 1401 1552 1464 εἰς
1584 1399 1681 1471 τὴν
1712 1399 1822 1452 τῶν

219 1496 429 1550 λοιπῶν
462 1495 814 1565 διασάφησιν.
826 1542 857 1561 ,ν

1926 478 2216 533 titudinem
2251 479 2559 543 translata,
2606 486 2724 545 est,
2754 482 2900 551 quod
2931 477 3167 536 suliiciat
3213 480 3401 534 virtuti
3450 488 3514 535 ut

1927 568 1995 622 ad
2023 568 2167 623 hanc
2209 570 2537 638 reducatur;
2570 572 3011 642 concupiscentia
3056 581 3237 628 autem
3269 573 3515 628 refertur

1928 659 1996 711 ad
2030 659 2231 729 aliquid
2262 662 2524 728 amabile,
2554 666 2699 732 quod
2730 675 2787 720 et
2815 666 3110 735 appetibile
3137 664 3361 721 dicitur.
3407 664 3513 732 Qui

1927 752 2115 824 itaque
2145 770 2260 809 rem
2294 756 2507 820 utilem,
2541 758 2887 828 appetibilem
2914 769 2969 813 et
2995 759 3283 813 amabilem
3311 740 3515 814 conc-ut

1928 843 2122 912 piscit,
2155 853 2470 914 temperans
2508 847 2613 900 dici
2647 848 2863 916 possit;
2901 857 2958 903 et
2996 858 3204 919 quanto
3254 864 3344 904 res
3390 846 3516 919 q'ua‘.

1930 938 2204 1007 appetitur
2226 939 2518 993 sublimior
2547 933 2759 1004 existit,
2793 950 2948 997 tanto
2974 956 3192 1013 quoque
3219 944 3337 1015 ipse
3377 954 3517 999 tern-

1930 1034 2233 1100 perantior.
2288 1032 2431 1099 Quid
2485 1043 2667 1090 autem
2714 1037 2900 1093 divino
2948 1054 3137 1095 amore
3195 1038 3517 1096 sublimius?

1932 1126 2049 1180 haec
2079 1125 2267 1196 itaque
2296 1127 2363 1181 de
2394 1122 2480 1181 his
2508 1125 2769 1184 diximus.
2801 1125 2904 1195 Et,
2936 1130 3266 1201 simpliciter
3294 1131 3516 1202 loquem-

1931 1219 2001 1274 do
2020 1259 2035 1284 ,
2060 1234 2347 1289 possemus
2370 1222 2613 1275 omnium
2654 1222 3017 1279 animantium
3064 1226 3294 1282 rationis
3321 1242 3516 1296 exper-

1932 1309 2073 1364 tium
2107 1320 2164 1365 et
2191 1326 2386 1367 sensus
2411 1321 2468 1368 et
2496 1313 2667 1368 multa
2714 1313 2961 1370 membra
3000 1315 3067 1371 ad
3118 1317 3516 1375 immateriales

1931 1402 2054 1459 illas
2092 1404 2327 1461 virtutes
2357 1408 2690 1473 transferre,
2721 1414 2777 1464 et
2804 1423 2867 1463 ea
2903 1425 3025 1479 quae
3055 1414 3357 1482 composita
3390 1421 3517 1470 sunt

1933 1495 2000 1548 ad
2050 1496 2483 1553 uniformitatem
2523 1498 3044 1572 simplicitatemque
3072 1505 3392 1571 traducere;
3420 1510 3517 1563 sed

219 1589 594 1659 prudentibus
634 1602 741 1643 non
788 1588 906 1644 haec
949 1588 1125 1645 solum
1166 1585 1448 1658 (quoniam
1500 1588 1618 1642 haec
1659 1584 1803 1642 forte
1855 1584 2049 1675 multa)
2089 1590 2224 1645 satis
2250 1599 2401 1657 sunt,
2448 1605 2640 1647 verum
2694 1588 2859 1649 etiam
2897 1590 2984 1651 vel
3035 1597 3198 1654 unius
3258 1599 3516 1672 imaginis

219 1696 514 1753 anagege,
558 1696 719 1751 quam
770 1675 1177 1753 ἀνακάθαρσιν,
1229 1694 1325 1734 seu
1372 1679 1801 1748 expurgationem
1847 1689 2074 1747 vocant,
2099 1690 2158 1736 ut
2190 1696 2312 1752 quae
2339 1681 2409 1737 a'd
2439 1680 2872 1741 uniformitatem
2918 1687 3178 1753 adducat,
3237 1699 3294 1746 et
3350 1692 3515 1748 intel-

225 1770 436 1840 ligendi
468 1770 786 1826 facultatem
813 1771 871 1825 in
937 1766 1208 1825 materiali
1257 1767 1615 1823 similitudine
1669 1766 1957 1837 puriﬁcat;
2016 1772 2099 1826 vel
2139 1771 2303 1830 unius
2358 1773 2547 1844 itaque
2601 1774 2857 1847 imaginis
2903 1779 3208 1837 enucleatio
3237 1784 3306 1838 ad
3348 1791 3514 1841 cate-

224 1878 418 1917 rarum
456 1878 675 1934 quoque
705 1864 1129 1934 explicationem
1166 1864 1302 1919 satis
1332 1872 1437 1919 est.

299 1950 329 2029 §
370 1958 469 2010 IX.
524 1955 923 2010 Ἐπισκεπτέον
944 1952 1002 2012 δὲ
1030 1956 1125 2011 καὶ
1145 1955 1333 2021 τᾶλλα,
1367 1956 1495 2020 τοὺς
1526 1955 1819 2027 ποταμοὺς1

2006 1952 2034 2025 §
2078 1951 2170 2007 1x.
2211 1954 2484 2011 Caeterum
2530 1956 2926 2016 consideranda
2961 1978 3176 2036 quoque
3220 1978 3351 2024 sunt
3386 1968 3517 2027 reli-

220 2053 319 2105 καὶ
349 2052 480 2114 τοὺς
510 2050 763 2122 τροχοὺς,
789 2050 883 2103 καὶ
918 2049 990 2103 τὰ
1020 2047 1346 2122 συνημμένα
1379 2050 1502 2112 ταῖς
1541 2048 1822 2121 οὐρανίαις

217 2142 441 2203 οὐσίαις
473 2140 715 2213 ἅρματα.
757 2142 819 2194 Οἱ
870 2142 971 2214 μὲν
1007 2137 1102 2195 οὖν
1135 2139 1399 2213 ὲμπύριοι
1441 2138 1679 2211 ποταμοὶ
1723 2138 1823 2203 τὰς

218 2233 530 2305 θεαρχικάς
573 2233 915 2306 πλημμύρας
938 2233 1424 2307 ὑποσημαίνουσιν,
1456 2232 1688 2303 ἄφθονον
1728 2232 1824 2286 καὶ

217 2326 614 2390 ἁνεξάλειπτον
667 2327 937 2399 ὲπιρροὴν
983 2325 1358 2399 βραϐευούσας
1397 2327 1516 2388 ταῖς
1544 2324 1823 2397 οὐρανίαις

216 2418 547 2489 δυνάμεσιν.
593 2419 751 2473 Ἐπεὶ
783 2415 841 2471 δὲ
874 2412 1139 2483 ζωοποιδν
1167 2418 1229 2472 τὸ
1262 2416 1374 2488 πῦρ
1407 2419 1578 2478 ἐστιν,
1611 2416 1672 2469 οὑ
1700 2415 1823 2469 καθ’

214 2508 247 2563 ὃ
297 2510 433 2582 πῦρ,
470 2509 609 2564 ἀλλὰ
657 2511 784 2564 καθ’
833 2512 862 2565 ὃ
914 2511 1119 2584 θερμὸν
1160 2507 1257 2564 καὶ
1310 2509 1601 2582 θρεπτικόν
1651 2510 1820 2572 ἐστιν,

216 2604 363 2657 εἰσὶν
393 2606 454 2658 αἰ
482 2604 731 2659 τοιαῦται
765 2604 905 2658 θεῖαι
946 2603 1277 2675 πλημμύραι
1311 2604 1404 2657 καὶ
1443 2600 1698 2666 ζωοποιοί¹
1728 2600 1824 2653 καί¹

217 2696 520 2768 θρεπτικαὶ
541 2698 644 2768 τῆς
666 2696 775 2751 τῶν
801 2696 1048 2767 ἀγγέλων
1076 2697 1452 2768 γονιμότητος.
1489 2694 1572 2747 Τὰ
1600 2694 1823 2768 ἅρματα

217 2790 322 2861 τὴν
374 2791 641 2861 συζυγίαν
694 2793 786 2846 καὶ
840 2792 902 2846 τὸ
955 2791 1293 2845 κοινωνικόν.
1348 2791 1460 2842 Καὶ
1484 2789 1537 2842 τί
1585 2788 1695 2862 γὰρ
1754 2788 1822 2842 ἂν

216 2883 373 2952 λέγοι
401 2900 489 2948 τις
525 2884 686 2938 τοῦτο
723 2886 812 2939 ἐπ’
850 2882 1084 2948 ἐκείνοις
1123 2885 1258 2937 ὅπου
1300 2884 1396 2937 καὶ
1433 2884 1490 2936 ἐν
1532 2884 1664 2955 ⁴ἡμῖν
1700 2882 1826 2953 φαί-

216 2993 411 3041 vetat;
458 2976 796 3048 Συμϐολικὺν
837 2972 991 3047 οἶμαι
1023 2976 1118 3030 καὶ
1158 2975 1317 3030 τοῦτο
1354 2977 1455 3049 τῆς
1497 2976 1819 3041 κοινωνίας’

216 3068 317 3122 δύο
360 3072 553 3141 χεῖρας
587 3068 793 3139 ἔχουσι,
833 3070 926 3122 καὶ
961 3062 1054 3122 δύο
1086 3067 1363 3140 ῥώθωνας,
1391 3069 1485 3121 καὶ
1507 3067 1601 3121 δύο
1625 3067 1824 3137 ὀφθαλ-

220 3163 364 3230 μοὺς
388 3201 404 3225 ,
437 3163 534 3214 καὶ
577 3161 673 3215 δύο
720 3155 853 3228 ὦτα,
896 3162 990 3216 καί
1029 3160 1123 3215 δύο
1149 3162 1349 3227 πόδας,
1384 3163 1475 3215 καὶ
1499 3162 1681 3234 διττὴν
1711 3161 1821 3214 τῶν

212 3251 451 3306 ὀδόντων
497 3255 594 3307 καὶ
626 3252 737 3307 τῶν
767 3255 991 3325 χειλέων
1036 3256 1252 3321 πλάσιν,
1287 3256 1383 3309 κα)⁶
1409 3256 1596 3319 τᾶλλα,
1626 3255 1712 3309 ἵνα
1744 3255 1817 3327 μὴ

1928 2052 2060 2117 qua,
2094 2048 2226 2118 quid
2251 2049 2355 2104 sibi
2389 2050 2562 2106 velint
2598 2048 2849 2118 ﬂumina,
2886 2058 3038 2119 τοίω,
3070 2069 3127 2113 et
3151 2073 3372 2127 currus,
3396 2078 3519 2132 quae

1928 2142 2250 2197 caelestibus
2280 2143 2536 2198 essentiis
2584 2143 2869 2214 conjuncta
2921 2150 3301 2218 perhibentur.
3350 2152 3512 2227 ignea

1929 2230 2161 2300 proinde
2188 2230 2414 2288 ﬂumina
2460 2234 2677 2289 divinos
2724 2237 2872 2293 rivos
2905 2240 3211 2311 declarant,
3243 2260 3364 2315 quae
3402 2247 3510 2303 lar-

1930 2338 2058 2393 gum
2110 2337 2519 2395 perennemque
2578 2322 2788 2382 ﬂuxum
2840 2327 3158 2389 coelestibus
3224 2338 3516 2395 virtutibus

1930 2415 2308 2485 suppeditant.
2357 2416 2494 2472 Cum
2539 2429 2724 2474 autem
2772 2420 2918 2489 ignis
2967 2424 3040 2478 sit
3079 2425 3370 2501 viviﬂcus,
3407 2446 3513 2486 non

1928 2506 2151 2574 quidem
2181 2506 2240 2562 in
2279 2518 2543 2578 quantum
2579 2510 2722 2581 ignis
2750 2522 2856 2579 est,
2896 2516 2991 2570 sed
3030 2517 3084 2571 in
3128 2530 3390 2587 quantum
3422 2538 3518 2578 ca-

1928 2595 2075 2652 lidus
2125 2605 2181 2653 et
2229 2600 2534 2657 nutritiVus
2583 2603 2813 2671 existit,
2865 2602 3035 2664 divini
3088 2624 3307 2683 quoque
3350 2626 3517 2672 aestus

1929 2689 2242 2747 istiusmodi
2287 2703 2454 2762 atque
2494 2695 2888 2754 inundationes
2929 2700 3214 2759 viviﬁcant
3247 2706 3410 2763 simul
3450 2726 3520 2767 ac

1930 2782 2182 2839 nutriunt
2223 2779 2619 2843 fecunditat’em
2667 2790 3007 2858 angelorum.
3054 2792 3263 2855 Currus
3307 2801 3517 2873 signiﬁ-

1929 2882 2061 2929 cant
2106 2878 2425 2931 eorumdem
2474 2877 2915 2946 coniunctionem
2953 2899 3019 2939 ac
3050 2891 3515 2951 communionem.

1926 2967 2320 3023 Verumtamen
2356 2969 2546 3040 quidni
2581 2973 2648 3028 de
2693 2972 2805 3029 illis
2855 2976 3128 3046 quispiam
3184 2978 3239 3035 id
3291 2982 3514 3049 dixerit,

1927 3078 2052 3117 cum
2088 3071 2143 3117 et
2177 3062 2231 3116 in
2269 3057 2427 3119 nobis
2468 3066 2571 3121 hoc
2605 3066 2907 3136 appareat?
2935 3068 3076 3137 Quin
3123 3081 3178 3126 et
3211 3070 3343 3129 illud
3378 3089 3518 3146 quo-

1928 3169 2037 3224 que
2082 3153 2389 3224 symbolum
2436 3160 2842 3216 communionis
2875 3161 3151 3230 existimo,
3187 3168 3333 3237 quod
3376 3169 3516 3225 duas

1930 3262 2127 3303 manus
2154 3248 2433 3316 habeant,
2478 3258 2533 3307 et
2566 3255 2703 3309 duas
2738 3271 2923 3322 nares,
2971 3266 3027 3313 et
3055 3260 3189 3315 duos
3214 3262 3421 3328 oculos,
3458 3275 3517 3320 et

214 3344 343 3398 καθ’
391 3345 625 3399 ἕκαστον
658 3323 1044 3419 διατρίϐωμεν.
1088 3349 1150 3402 Oi
1190 3347 1249 3402 δὲ
1289 3348 1508 3421 τροχοὶ,
1554 3348 1678 3401 ἐπεὶ
1720 3323 1816 3400 καί

1926 3340 2055 3393 duas
2097 3355 2277 3408 aures,
2313 3351 2371 3397 et
2411 3344 2548 3401 duos
2574 3348 2762 3417 pedes,
2812 3344 2967 3420 151
2998 3359 3055 3406 et
3087 3352 3355 3422 duplicem
3400 3323 3511 3412 tam

215 3439 532 3510 πτερωτοὶ,
563 3436 658 3491 καὶ
687 3438 782 3491 ἐπὶ
804 3437 875 3491 τὰ
903 3438 1213 3510 ἔμπροσθεν
1249 3438 1484 3503 ἀκλινῶς
1514 3437 1815 3510 πορευόμε-

217 3549 300 3584 νοι
318 3572 335 3594 ,
361 3531 463 3603 τὴν
484 3532 713 3604 δύναμιν
741 3531 959 3604 δηλοῦσι
977 3549 990 3561 ’
1022 3531 1083 3586 τὸ
1116 3532 1226 3605 γὰρ
1257 3531 1373 3601 τὴν
1404 3530 1541 3604 πρὸς
1567 3531 1630 3584 τὸ
1657 3524 1815 3584 δύνα-

219 3643 315 3695 μιν
342 3623 661 3689 ἀποδοτέον,
696 3622 766 3678 τὰ
806 3624 851 3676 δ’
894 3623 1029 3677 ἀλλα
1057 3624 1149 3677 διὰ
1196 3624 1385 3697 μέσου.
1426 3625 1538 3697 Τὴν
1578 3621 1811 3694 δύναμιν

215 3717 400 3772 τοίνυν
430 3716 652 3788 δηλοῦσι
677 3717 780 3788 τῆς
806 3720 930 3770 κατ’
960 3716 1176 3770 εὐθεῖαν
1203 3716 1345 3780 ὁδοῦ,
1371 3717 1466 3770 καὶ
1504 3714 1685 3788 ὄρθιον
1716 3708 1817 3786 τῆς

220 3808 563 3879 πορεπικῆς
610 3808 791 3861 αὑτῶν
832 3807 1132 3879 ἐνεργείας.
1176 3806 1304 3870 Πῶς
1350 3805 1408 3859 δὲ
1452 3805 1548 3859 καὶ
1580 3803 1817 3876 κυκλικὴ

216 3901 314 3953 καὶ
338 3901 463 3953 κατ’
494 3898 717 3952 εὐθεῖαν
740 3900 774 3970 ὴ
815 3898 967 3964 ὁδός;
1013 3896 1265 3970 Κυκλικὴ
1284 3938 1299 3962 ,
1331 3898 1413 3951 ὅτι
1444 3896 1586 3951 κατὰ
1617 3896 1817 3950 κύκλον

216 3992 583 4065 ἐπορεύοντο·
627 3992 749 4045 κατ’
775 3991 991 4046 εὐθεῖαν
1032 3990 1123 4055 δὲ,
1162 3992 1245 4044 ὅτι
1283 3990 1696 4062 ἀνεπιστρόφως
1724 3986 1819 4045 καὶ

216 4087 304 4139 ἀεὶ
349 4087 449 4140 ἐπὶ
488 4086 551 4139 τὸ
590 4086 922 4158 ἔμπροσθεν,
967 4086 1060 4139 καὶ
1092 4086 1155 4138 οὑ
1194 4086 1325 4139 ποτὲ
1370 4086 1470 4157 μὲν
1508 4085 1817 4158 ἔμπροσθεν

218 4179 353 4233 ποτὲ
380 4178 440 4232 δὲ
460 4178 707 4242 ὄπισθεν,
740 4178 773 4250 ἢ
799 4179 894 4232 ἐπὶ
917 4177 1069 4245 δεξιὰ
1093 4178 1127 4249 ἢ
1152 4179 1245 4232 ἐπὶ
1272 4178 1473 4251 θάτερα
1495 4196 1508 4208 ·
1542 4178 1630 4232 διὰ
1657 4177 1820 4231 τοῦτο

220 4270 315 4322 καὶ
349 4269 448 4321 ἐπὶ
472 4268 564 4322 τὸν
592 4267 758 4321 αὑτὸν
790 4269 887 4321 καὶ
917 4266 1172 4337 ἰθύτομον
1193 4262 1348 4337 οἷμον
1378 4268 1413 4337 ἡ
1443 4266 1606 4336 νοητὴ
1636 4263 1815 4318 αὑτῶν

215 4363 415 4434 τροχιά
444 4361 835 4435 ὑπερκοσμίως
866 4359 1125 4414 ἰθύνεται.

215 4473 382 4522 sumi,
438 4458 525 4511 vel
581 4458 933 4512 dextrorsum
986 4454 1072 4510 vel
1119 4453 1499 4509 sinistrorsum

217 4562 434 4606 rectam
464 4551 806 4619 arduamque
838 4551 1359 4620 supermundial‘rter
1387 4551 1667 4621 dirigitur.

1550 4470 1564 4505 :
1609 4453 1818 4510 idcirco
1834 4456 1909 4511 eti

1924 3430 2167 3487 dentium
2193 3448 2357 3503 quam
2382 3436 2650 3493 labiorum
2675 3442 2948 3507 ordinem,
2979 3453 3035 3499 et
3059 3453 3279 3512 caetera,
3309 3462 3376 3502 ne
3396 3448 3514 3503 siu—

1925 3526 2066 3591 gulis
2089 3527 2468 3583 immoremur.
2496 3523 2648 3586 Bolae
2671 3544 2876 3599 autem,
2896 3550 3020 3591 cum
3046 3548 3296 3608 pennata
3325 3542 3437 3596 sint
3460 3551 3519 3595 et

1922 3622 1990 3674 ad
2045 3621 2318 3676 anteriora
2365 3623 2485 3678 sine
2520 3621 2814 3682 inﬂexione
2857 3632 3201 3698 procedant,
3254 3635 3513 3692 virtutem

1924 3713 2191 3769 denotant
2220 3733 2235 3769 :
2273 3731 2399 3771 nam
2442 3717 2711 3774 articulus
2742 3721 2845 3792 τήν
2881 3723 2947 3776 ad
2977 3724 3235 3781 virtutem
3267 3727 3516 3782 referen-

1926 3807 2026 3861 dus
2062 3817 2176 3871 est,
2233 3820 2434 3866 caetera
2482 3828 2615 3869 vero
2663 3815 2989 3870 iutermedia
3037 3826 3183 3873 sunt.
3238 3816 3508 3875 Virtutem

1924 3900 2110 3971 itaque
2138 3902 2456 3973 signiﬁcant
2507 3906 2613 3960 viae
2655 3917 2846 3973 rectae,
2898 3918 2953 3963 et
2998 3911 3385 3966 rectitudinem
3419 3927 3513 3965 eo-

1924 3994 2171 4049 rumdem
2219 3998 2579 4065 operationis.
2627 3998 2912 4066 Quomodo
2955 4010 3137 4057 autem
3188 4018 3377 4059 eorum
3425 4004 3513 4059 via

1924 4085 2217 4142 circularis
2243 4097 2353 4154 est,
2384 4099 2439 4145 et
2465 4092 2653 4145 recta?
2680 4092 2981 4149 Circularis
3011 4104 3116 4161 est,
3148 4097 3409 4165 quoniam
3457 4097 3513 4152 in

1925 4177 2159 4233 circuitu
2185 4181 2580 4250 ambulabant;
2612 4195 2760 4240 recta
2793 4200 2947 4252 vero,
2986 4189 3111 4258 quia
3164 4190 3286 4245 sine
3334 4191 3516 4246 reditu

1924 4280 1980 4326 et
2004 4287 2225 4343 semper
2255 4276 2322 4329 ad
2364 4278 2646 4333 anteriora
2677 4281 2993 4349 pergebant,
3043 4296 3150 4337 non
3180 4291 3361 4337 autem
3411 4283 3515 4338 ali-

1922 4365 2150 4432 quando
2177 4367 2397 4435 quidem
2433 4381 2774 4438 antrorsum,
2807 4375 3133 4445 quandoque
3158 4390 3286 4430 vero
3308 4387 3513 4430 retror-

1916 4472 2003 4512 am
2029 4458 2368 4517 intellectilis
2421 4477 2609 4519 eorum
2641 4466 2906 4523 volutatio
2953 4469 3009 4523 in
3058 4470 3309 4524 eamdem
3366 4470 3511 4525 viam

294 4649 459 4701 Ἔστι
482 4647 542 4701 δὲ
564 4648 661 4701 καὶ
687 4650 808 4701 κατ’
833 4647 1002 4719 ἀλλην
1028 4648 1370 4719 ἀνακαθᾶραι
1400 4648 1692 4721 ἀναγωγὴν
1719 4650 1819 4721 τὴν

1992 4647 2144 4704 Licet
2172 4647 2337 4705 etiam
2378 4647 2485 4703 alio
2520 4662 2683 4704 sensu
2727 4651 3026 4722 anagogico
3063 4652 3367 4713 istiusmodi
3417 4675 3510 4715 ro-

215 4743 484 4814 τοιαύτην
533 4741 647 4796 τῶν
697 4742 910 4814 τροχῶν
957 4743 1163 4796 εἰκόνα.
1218 4744 1523 4817 Ἐπεκλήθη
1580 4745 1689 4815 γὰρ
1726 4747 1821 4798 αὑ-

216 4836 453 4902 τοῖς,ὼς
481 4838 512 4889 ὁ
557 4838 849 4907 προφήτης
889 4836 1047 4908 φησὶ,
1088 4836 1321 4906 Γελγιέλ
1344 4854 1357 4865 ·
1404 4836 1564 4889 τοῦτο
1609 4837 1666 4890 δὲ
1698 4838 1821 4890 καθ’

224 4929 487 5001 Ἐϐραῖδα
504 4929 916 4999 ἁνακυλισμοὺς
966 4928 1061 4983 καὶ
1107 4929 1477 4999 ἀνακαλύψεις
1525 4931 1777 5001 σημαίνει
1803 4947 1815 4960 ·

216 5023 633 5093 ἀνακυλισμοὺς
657 5021 768 5094 γὰρ
796 5022 980 5093 ἔχουσι
1004 5022 1075 5075 τὰ
1101 5022 1330 5095 οὐράνια
1354 5025 1423 5095 τῇ
1449 5026 1578 5096 περί
1602 5026 1663 5078 τὸ
1690 5026 1821 5077 ταὺ-

216 5119 313 5171 τδν
352 5116 563 5185 ἀγαθὸν
599 5117 897 5187 ἀεικινήτῳ
924 5120 1225 5188 συστροφῇ,
1257 5117 1620 5187 ἀνακαλύψεις
1659 5118 1715 5171 δὲ
1747 5122 1814 5189 τῇ

216 5209 327 5262 τῶν
362 5209 617 5281 κρυφίων
648 5209 1011 5281 ,ἐκφαντορίομ
1059 5210 1146 5262 Ἑν
1177 5203 1221 5278 ᾧ
1267 5209 1377 5280 γὰρ
1419 5211 1469 5263 οἱ
1501 5212 1685 5281 τροχοί
1721 5228 1816 5264 κυ-

217 5300 463 5364 λίονται,
506 5300 576 5354 τὰ
616 5301 875 5356 ὑποκάτω
914 5301 1420 5365 ἁνακαλύπτονται,
1464 5303 1557 5355 καὶ
1596 5303 1665 5356 τὰ
1704 5303 1815 5357 ἄνω

220 5395 377 5450 κάτω
417 5394 684 5463 γίνονται.
741 5394 1055 5464 ’Λνάγονται
1088 5394 1267 5449 τοίνυν
1302 5396 1373 5449 τὰ
1406 5396 1697 5467 περιπέζια
1726 5399 1819 5450 καὶ

221 5487 294 5541 τὰ
317 5488 554 5559 δεύτερα
594 5487 738 5541 κατὰ
765 5488 865 5557 τὴν
897 5490 979 5554 εἰς
1002 5489 1064 5542 τὺ
1091 5488 1246 5543 Θεῖον
1278 5490 1401 5543 καθ’
1429 5490 1658 5544 ἕκαστον
1694 5489 1819 5544 τού-

222 5598 332 5634 των
374 5581 704 5655 ἀναγωγὴν,
753 5584 848 5636 καὶ
894 5586 950 5637 αἱ
1002 5584 1209 5654 ὑψηλαὶ
1238 5584 1535 5657 ὲλλάμψεις
1586 5587 1666 5650 εἰς
1717 5586 1818 5655 τὴν

225 5674 529 5749 ὑφειμένην
550 5678 617 5747 τῇ
643 5677 871 5749 προνοίᾳ
896 5679 1365 5744 καταϐιϐάζω-ται.

1925 4749 2103 4795 tarum
2135 4740 2556 4809 descriptionem
2590 4741 2957 4811 interpretari.
2989 4743 3196 4800 Nomen
3234 4751 3378 4804 enim
3406 4753 3510 4818 eis,

1924 4840 1981 4885 ut
2021 4832 2096 4886 ait
2140 4831 2439 4900 propheta,
2471 4828 2647 4901 Gelgel
2688 4831 2998 4901 impositum
3060 4846 3165 4906 est,
3214 4843 3358 4911 quod
3402 4844 3511 4901 He-

1923 4926 2110 4980 nraico
2146 4939 2399 4979 sermone
2455 4926 2795 4980 revelationes
2824 4928 3161 4984 revelationes
3203 4947 3311 5003 que
3337 4936 3510 5008 signi-

1924 5018 2096 5071 ticat:
2140 5016 2380 5070 caelestia
2431 5017 2575 5070 enim
2628 5018 2994 5074 revolutiones
3040 5037 3166 5078 suas
3207 5025 3411 5081 habent
3446 5044 3513 5083 eo

1926 5121 2098 5173 motu,
2126 5124 2235 5179 quo
2274 5109 2479 5162 circum
2508 5110 2709 5164 bonum
2753 5110 2930 5180 ipsum
2974 5125 3234 5185 perpetua
3279 5133 3489 5175 conver

1925 5202 2080 5256 sione
2127 5212 2457 5265 versantur;
2517 5201 2875 5257 revelationes
2933 5219 3102 5272 vero,
3154 5208 3512 5263 obscurarum

1922 5312 2104 5352 rerum
2149 5295 2611 5350 manifestationc.
2655 5295 2710 5349 lu
2741 5305 3005 5365 quantum
3046 5300 3190 5354 enim
3220 5311 3355 5355 rotat
3393 5303 3511 5354 vol-

1924 5399 2146 5453 vuntur,
2181 5388 2438 5443 inferiora
2484 5391 2811 5455 revelantur,
2852 5398 2907 5444 et
2934 5393 3213 5460 superiora
3258 5394 3389 5447 llnnt
3424 5395 3511 5447 in-

1925 5483 2146 5538 feriora.
2196 5481 2497 5537 iiumiliora
2546 5484 2728 5553 itaque
2775 5494 2829 5538 et
2881 5485 3163 5551 inferiora,
3205 5486 3507 5540 secundum

1923 5577 2211 5647 cujuslibet
2250 5578 2445 5633 horum
2485 5576 2551 5630 ad
2583 5577 2824 5634 divinum
2854 5580 3062 5634 Numen
3100 5581 3509 5651 adductionem,

1925 5672 2234 5742 eriguntur,
2264 5681 2322 5729 et
2341 5672 2603 5728 sublimes
2632 5671 2733 5726 illa:
2774 5672 3161 5728 illustrationes
3188 5685 3285 5743 per
3318 5675 3508 5744 prori-

1926 5766 2161 5820 tlcntiam
2203 5764 2499 5821 remissiori
2528 5765 2695 5834 gradu
2721 5765 3099 5820 demittuntur.
