3874 6228
370 313 474 382 367

1542 317 1600 374 S.
1636 311 1937 373 DIONYSll
1977 307 2445 371 AREOPAGITE

3545 310 3640 371 568

443 439 634 493 Restat
663 434 821 491 nobis
863 433 1150 491 dicendum
1180 432 1247 488 de
1295 431 1512 502 gaudio,
1543 432 1695 501 juxta
1719 431 1861 498 quod
1894 431 1947 483 in

2124 431 2323 493 Λοιπὸς
2370 431 2499 500 ἡμῖν
2539 427 2566 479 ὁ
2606 424 2734 498 περὶ
2775 425 2875 496 τῆς
2919 426 3092 498 χαρᾶς
3140 425 3314 496 λόγος,
3357 425 3542 490 καθὼς
3593 435 3653 486 ὲν

369 529 676 599 Evangeliis
707 529 780 582 ait
825 526 1121 582 Dominus:
1159 523 1404 579 Gaudent
1446 524 1620 592 angeli
1649 538 1806 588 super
1845 536 1948 574 uno

368 631 640 693 peccatore
669 620 1031 690 paenitentiam
1057 627 1245 687 agente
1269 625 1318 670 1.
1346 615 1630 682 Quodnam
1660 614 1844 682 itaque
1869 621 1953 667 est

372 715 624 783 gaudium
665 710 1017 784 angelorum?
1061 721 1237 778 neque
1277 707 1423 760 enim
1467 704 1588 774 quis
1629 703 1852 764 dixerit.
1895 703 1949 755 in

371 805 578 876 angelis
617 806 907 858 humanam
936 815 1057 856 esse
1087 797 1402 869 passibilem
1437 796 1671 865 aliquam
1704 794 1951 864 volupta-

374 904 501 957 ιυιιι,
549 892 712 946 veluti
760 888 1044 944 affectione
1084 889 1226 943 circa
1268 901 1464 956 corpus
1501 884 1660 940 facile
1702 883 1947 938 mutabili

370 990 732 1043 constantem,
768 981 862 1048 sed
889 979 998 1034 Deo
1021 979 1277 1033 dicuntur
1300 975 1644 1047 congaudere
1668 974 1739 1029 ob
1761 987 1947 1028 eorum

369 1075 460 1142 qui
502 1073 776 1144 perierant
820 1071 1213 1136 inventionem,
1245 1069 1427 1124 divina
1465 1068 1676 1123 scilicet
1713 1067 1951 1122 delecta-

369 1171 537 1234 tione,
560 1165 1013 1237 quemadmodum
1039 1163 1090 1217 in
1126 1161 1436 1233 Evangeliis
1465 1161 1797 1232 accepimus.
1819 1161 1956 1216 Pro-

370 1259 742 1332 portionaliter
770 1257 954 1327 itaque
975 1256 1043 1311 de
1070 1255 1276 1326 angelis
1301 1269 1497 1308 nomen
1524 1254 1627 1309 hoc
1668 1251 1950 1326 ῥᾳστώνης

367 1370 460 1409 seu
498 1350 863 1406 oblectationis
899 1348 1273 1418 accipiendum
1310 1355 1392 1402 est
1435 1362 1450 1400 :
1505 1345 1753 1418 ῥᾳστώνη
1807 1345 1951 1399 enim

367 1456 452 1502 est
493 1444 754 1516 spiritalis
804 1445 1054 1511 quadam
1097 1440 1334 1495 facilitas
1378 1440 1854 1510 tranquillitasque
1897 1441 1950 1493 in

367 1539 549 1608 quiete
587 1536 934 1608 passionibus
984 1544 1230 1590 vacante.
1281 1533 1507 1589 Ponitur
1551 1541 1731 1586 autem
1785 1531 1950 1586 etiam

367 1647 466 1703 pro
490 1632 554 1686 iis
580 1632 668 1700 qui
715 1629 962 1684 laborare
1004 1627 1212 1695 nolunt,
1243 1627 1338 1681 sed
1369 1624 1741 1681 indifferenter
1766 1625 1954 1680 vivere

368 1725 597 1797 eligunt,
626 1723 1012 1792 significatque
1041 1721 1157 1775 lucc
1195 1719 1360 1774 dictio
1391 1719 1442 1773 id
1472 1718 1614 1789 quod
1662 1718 1822 1772 facile
1866 1727 1952 1772 est

368 1828 424 1872 et
454 1816 679 1870 minime
725 1814 1088 1870 laboriosum:
1137 1812 1190 1867 in
1228 1813 1436 1884 angelis
1479 1820 1658 1867 autem
1711 1811 1948 1866 insinuat

368 1910 586 1964 beatum
616 1913 671 1960 et
701 1904 956 1976 passione
980 1904 1397 1973 turbationeque
1425 1919 1674 1958 vacuum.
1700 1902 1946 1972 Congau-

367 2001 498 2055 dent
511 1999 695 2069 itaque
713 1997 962 2053 deiformi
979 1997 1209 2066 quadam
1228 1993 1589 2050 oblectatione
1607 1994 1813 2064 angelis
1827 2009 1954 2048 con-

367 2093 642 2158 veniente,
670 2089 874 2145 idcirco
914 2092 1080 2144 etiam
1119 2088 1257 2143 dixit
1282 2087 1568 2142 deiformi:
1596 2088 1770 2156 angeli
1803 2089 1948 2142 enim

367 2203 490 2243 eum
523 2186 634 2241 sint
659 2185 802 2240 inter
831 2182 994 2239 Deum
1027 2182 1386 2252 hominesque
1414 2181 1601 2249 medii,
1627 2184 1790 2238 rebus
1829 2183 1949 2252 qui-

367 2282 490 2336 dem
529 2277 877 2347 inferioribus
901 2276 1231 2347 efligiantur,
1265 2275 1638 2344 superioribus
1668 2275 1824 2346 152
1850 2292 1949 2329 au-

368 2379 476 2425 tent
519 2369 888 2424 insinuantur.
929 2365 1397 2434 Quemadmodum
1433 2367 1600 2437 igitur
1645 2369 1809 2422 etiam
1843 2367 1948 2423 alia

370 2473 590 2516 terreno
632 2460 851 2531 quidem
903 2475 1054 2516 more
1099 2459 1396 2525 dicuntur,
1455 2459 1552 2514 sed
1611 2458 1950 2515 deiformiter

369 2554 733 2625 accipiuntur,
765 2553 838 2608 ita
866 2553 939 2608 sit
967 2553 1132 2607 etiam
1160 2552 1212 2605 in
1252 2553 1355 2607 hoc
1399 2553 1618 2607 nomine
1663 2550 1949 2624 ῥᾳστώνης

369 2664 467 2703 seu
510 2647 867 2701 oblectationis
900 2668 910 2701 :
944 2654 1030 2700 est
1055 2646 1200 2701 enim
1227 2645 1332 2700 illis
1357 2646 1612 2715 gaudium
1640 2647 1948 2717 copiosum,

367 2739 598 2797 et'bono
645 2740 756 2794 Dco
795 2741 1150 2806 conveniens,
1204 2743 1271 2794 de
1327 2739 1500 2795 salute
1550 2740 1830 2795 hominum
1881 2739 1947 2792 ad

369 2833 536 2888 Deum
565 2847 976 2896 conversorum,
1007 2840 1062 2886 et
1091 2832 1158 2885 ad
1191 2831 1294 2885 hoc
1321 2845 1350 2883 a
1392 2831 1572 2886 divina
1603 2824 1949 2886 Providentia

367 2925 744 2980 deductorum.
793 2920 1171 2977 Convertimini
1212 2921 1279 2972 ad
1333 2936 1434 2984 me,
1473 2919 1647 2989 inquit
1692 2919 1950 2974 Dominus

367 3015 437 3070 iis
465 3014 557 3084 qui
590 3014 771 3068 adhuc
796 3013 897 3067 sub
927 3021 1270 3082 peccatorum
1304 3009 1568 3064 servitute
1611 3008 1948 3070 detinentur,

368 3117 416 3161 et
440 3117 717 3162 convertar
747 3105 816 3159 ad
840 3121 927 3158 vos
955 3114 1003 3158 π.
1027 3102 1093 3157 Et
1115 3103 1217 3157 hoc
1242 3109 1323 3157 est
1344 3102 1486 3171 quod
1517 3115 1547 3154 a
1572 3115 1764 3168 magno
1784 3097 1950 3153 Paulo
1977 3128 2018 3183 ρ

366 3198 729 3270 significatur,
759 3197 1035 3252 Christum
1069 3209 1166 3263 pro
1198 3194 1376 3256 nobis,
1400 3208 1521 3248 cum
1550 3191 1726 3246 adhuc
1757 3206 1952 3260 pecca-

370 3301 514 3347 tores
546 3305 814 3356 essemus,
843 3297 1115 3344 mortuum
1156 3302 1297 3342 esse.
1339 3286 1646 3355 Gratiarque
1682 3285 1791 3340 sint
1829 3285 1952 3336 infi-

367 3385 494 3440 nitae
524 3383 641 3453 ejus
665 3379 1068 3452 longanimitati
1101 3389 1158 3435 et
1186 3379 1439 3443 bonitati,
1465 3377 1607 3448 quod
1637 3393 1742 3432 non
1773 3375 1947 3431 solum

369 3483 648 3545 acceptam
696 3473 896 3528 habeat
943 3470 1342 3540 paenitentiam,
1377 3483 1560 3524 verum
1607 3467 1770 3522 etiam
1823 3481 1948 3532 pro-

366 3573 525 3618 vocet
547 3573 602 3618 et
633 3570 916 3618 convertat
947 3561 1013 3614 ad
1041 3557 1440 3629 pmttitentiam.
1472 3557 1584 3612 Etsi
1617 3557 1797 3625 itaque
1827 3570 1949 3624 pas-

367 3657 450 3710 sio
475 3670 580 3710 non
605 3655 676 3710 sit
705 3654 758 3708 in
791 3651 1020 3722 angelis,
1050 3659 1133 3706 est
1163 3659 1342 3704 tamen
1374 3649 1424 3703 in
1455 3648 1520 3703 iis
1542 3648 1680 3702 bona
1709 3645 1946 3700 affectio.

367 3747 433 3802 Et
457 3745 707 3818 quamvis
737 3745 841 3799 hoc
865 3758 1060 3798 nomen
1091 3757 1121 3795 a
1155 3740 1314 3796 nobis
1342 3742 1684 3809 desumptum
1713 3738 1806 3803 sit,
1833 3752 1950 3790 ma-

370 3840 454 3908 gis
509 3848 691 3891 tamen
737 3844 821 3890 est
859 3833 1138 3903 proprium
1187 3849 1202 3886 :
1256 3831 1532 3903 ὲμπάθεια
1575 3831 1718 3884 enim
1768 3838 1950 3885 motus

367 3930 590 4001 quidam
629 3937 862 3982 estcum
904 3926 1161 3995 pas-sione
1189 3924 1534 3994 conjunctus,
1567 3923 1659 3976 sed
1687 3920 1950 3974 εὐπάθεια

368 4019 586 4074 habitus
622 4025 706 4071 est
748 4014 1054 4070 affectionis
1095 4017 1272 4069 Danae.
1316 4013 1459 4068 Bene
1508 4014 1687 4081 itaque
1730 4009 1950 4065 allectos

369 4126 494 4166 esse
521 4109 769 4180 angelus,
796 4107 1067 4178 significat
1089 4121 1187 4162 eos
1219 4106 1359 4160 bene
1386 4119 1446 4158 se
1478 4104 1679 4158 habere
1706 4119 1803 4172 per
1828 4119 1950 4157 om-

375 4204 491 4269 nia,
510 4211 565 4258 et
592 4202 916 4258 incolumem
935 4214 1123 4254 eorum
1147 4205 1348 4253 statum
1382 4196 1639 4251 existere.
1679 4194 1947 4250 Gaudium

372 4296 541 4366 igitur
569 4295 822 4364 designat
862 4289 1192 4346 ineffabilem
1237 4286 1384 4341 illurn
1431 4285 1682 4340 affectum
1727 4287 1946 4348 bonum,

371 4387 526 4455 cujus
546 4388 710 4443 etiam
733 4397 1105 4454 saepenumero
1133 4380 1428 4450 participes
1455 4380 1606 4433 fuere
1632 4377 1828 4442 sancti,
1855 4392 1950 4445 per

2057 521 2405 589 Εὐαγγελίοις
2446 521 2608 590 φησιν
2642 522 2670 572 ὀ
2700 517 2928 590 Κύριος·
2956 520 3282 586 Χαιζρουσιν
3314 523 3369 572 οἱ
3399 519 3647 588 ἄγγελοι

2052 614 2152 667 ἐπὶ
2183 615 2272 667 ἑνὶ
2319 611 2646 681 ἁμαρτωλῷ
2677 612 3090 680 μετανοοῦντι.
3140 610 3235 674 Τίς
3277 611 3405 679 γοῦν
3437 613 3470 681 ἠ
3499 611 3648 682 χαρά

2053 705 2164 758 τῶν
2220 704 2501 773 ἀγγέλων;
2551 704 2611 755 οὐ
2657 702 2767 775 γὰρ
2796 703 2860 756 ἂν
2891 703 3033 756 είποι
3070 719 3153 766 τις
3189 702 3364 772 χαράν
3403 703 3500 755 ἐπὶ
3535 702 3648 754 τῶν

2055 797 2300 867 ἀγγέλων
2332 797 2469 850 εἶναι
2507 797 2605 868 τὴν
2645 795 2866 867 ἐμπαθῆ
2907 795 3131 867 ἡδονὴν,
3162 795 3260 866 τὴν
3294 795 3648 868 ἀνθρωπίνην

2053 891 2278 960 ταύτην,
2313 890 2388 954 ώς
2414 892 2480 960 τῇ
2521 887 2649 961 περὶ
2680 888 2839 956 σῶμα
2865 886 3204 958 εὐαλλοιώτῳ
3232 888 3499 959 εὐπαθείᾳ
3529 907 3648 942 συν-

2057 982 2350 1054 ισταμένην
2372 999 2384 1012 °
2419 981 2554 1035 ἀλλά
2584 983 2898 1054 συγχαίρειν
2920 982 3168 1050 λέγονται
3191 981 3269 1052 τῷ
3293 981 3411 1053 Θεῷ
3442 985 3510 1054 τῇ
3535 982 3651 1035 τῶν

2053 1075 2408 1130 ἀπολωλότων
2444 1076 2660 1147 εὑρέσει
2679 1115 2694 1139 ,
2723 1075 2906 1140 καθὼς
2937 1077 2995 1127 ὲν
3025 1075 3381 1144 Εὐαγγελίοις
3431 1075 3646 1147 μανθά-

2053 1185 2250 1239 νομεν,
2302 1168 2444 1221 κατά
2485 1168 2584 1238 τὴν
2628 1168 2834 1238 θεοειδῆ
2883 1165 3187 1239 ῥαστώνην.
3241 1167 3547 1236 Ἀναλόγως
3591 1167 3648 1220 δὲ

2055 1263 2146 1314 ἐπὶ
2181 1261 2425 1329 ἀγγέλων
2471 1261 2691 1331 νοητέον
2725 1261 2785 1313 τὸ
2830 1261 2927 1331 τῆς
2973 1259 3258 1331 ῥᾳστώνης
3288 1259 3458 1330 ὄνομα
3481 1277 3494 1288 ·
3544 1263 3647 1332 ῥα-

2055 1353 2230 1425 στώνη
2274 1354 2382 1425 γάρ
2414 1353 2560 1405 ἐστιν
2597 1354 2630 1423 ἡ
2659 1352 2866 1423 ψυχικὴ
2901 1351 3123 1404 εὐκολία
3159 1352 3253 1404 καὶ
3285 1352 3560 1422 εὐμάρεια
3588 1354 3655 1405 ἐν

2053 1445 2357 1500 ἀναπαύσει
2390 1443 2528 1516 μετά
2559 1443 2846 1506 ἀπαθείας.
2879 1442 3098 1496 Τίθεται
3123 1443 3179 1496 δὲ
3207 1443 3299 1496 ἐπὶ
3323 1443 3430 1495 τῶν
3463 1447 3651 1496 πονεῖν

2057 1540 2131 1610 μὴ
2179 1537 2538 1608 βουλομένων,
2580 1535 2695 1590 ἀλλ’
2741 1535 3052 1607 ἀδιαφόρως
3093 1535 3192 1606 ζῇν
3225 1535 3516 1606 ἑλομένων,
3553 1535 3653 1588 καὶ

2054 1631 2308 1702 σημαίνει
2354 1632 2386 1702 ἡ
2433 1629 2577 1696 λέξις
2612 1628 2671 1681 τὸ
2701 1627 2924 1698 εὐχερὲς
2961 1628 3052 1679 καὶ
3082 1627 3182 1678 οὐκ
3223 1625 3512 1678 ἐπίπονον·
3557 1625 3655 1678 ὲπι

2052 1722 2109 1775 δὲ
2142 1722 2251 1774 τῶν
2274 1721 2521 1792 ἀγγέλων
2560 1720 2623 1774 τὸ
2662 1720 2931 1792 μακάριον
2961 1719 3054 1771 καὶ
3085 1718 3294 1781 ἀπαθὲς
3323 1719 3414 1770 καὶ
3447 1717 3657 1787 ἀόχλη-

2051 1832 2143 1868 τον
2185 1815 2495 1886 ὑποφαίνει.
2539 1814 2902 1884 Συγχαίρουσι
2947 1811 3080 1880 γοῦν
3121 1810 3264 1864 κατά
3291 1812 3389 1883 τὴν
3435 1810 3656 1882 θεοειδῆ

2055 1908 2337 1982 ῥᾳστώνην
2366 1909 2466 1978 τὴν
2487 1910 2597 1970 τοῖς
2627 1907 2876 1975 ἀγγέλοις
2912 1905 3292 1977 προσήκουσαν
3313 1946 3328 1968 ,
3372 1904 3459 1958 διὰ
3489 1903 3658 1957 τοῦτο

2051 2006 2145 2057 καὶ
2183 2003 2390 2074 θεοειδῆ
2420 1998 2576 2056 εἷπε·
2617 2002 2778 2072 μέσον
2807 2001 2916 2074 γὰρ
2957 2001 3094 2054 Θεοῦ
3133 2001 3229 2054 καὶ
3265 1989 3584 2072 ἀνθρώπων
3603 2001 3656 2053 el

2053 2097 2184 2150 θεῖοι
2212 2094 2433 2163 ἄγγελοι
2462 2093 2634 2156 ὅντες,
2663 2094 2775 2156 τοῖς
2801 2092 2952 2145 κάτω
2987 2093 3085 2163 μὲν
3123 2091 3502 2156 είκονίζονται,
3534 2093 3658 2156 τοῖς

2055 2191 2165 2243 ἀνω
2205 2188 2262 2240 δὲ
2301 2184 2753 2257 ὐπεμφαίνονται.
2812 2185 2898 2246 Ὡς
2940 2183 3072 2253 γοῦν
3107 2183 3199 2238 καὶ
3237 2182 3403 2237 τάλλα
3439 2184 3660 2254 γηῖνως

2055 2279 2156 2350 μὲν
2204 2277 2484 2344 λέγονται,
2535 2273 2786 2338 θεοειδῶς
2839 2273 2898 2326 δὲ
2950 2273 3416 2344 ἐκλαμϐάνονται,
3475 2273 3658 2336 οὕτως

2053 2369 2193 2422 ἔστω
2224 2369 2316 2421 καὶ
2344 2367 2437 2420 ἐπὶ
2471 2366 2570 2436 τῆς
2612 2364 2933 2438 ῥᾳστώνης·
2972 2364 3089 2417 ἐστι
3130 2363 3518 2436 γάρ,ἀιρθονος
3562 2364 3660 2416 εὐ-

2053 2460 2295 2534 φροσύνη
2323 2458 2553 2522 τούτοις,
2583 2459 2676 2511 καὶ
2719 2456 2798 2528 τῷ
2842 2455 3030 2527 ἀγαθῷ
3065 2456 3186 2526 Θεῷ
3222 2456 3528 2527 πρέπουσα,
3561 2455 3660 2506 ἐπὶ

2051 2557 2118 2625 τῇ
2152 2552 2402 2624 σωτηρίᾳ
2436 2552 2544 2604 τῶν
2590 2551 2682 2603 ἐπὶ
2709 2549 2843 2602 Θεὸν
2869 2547 3375 2620 ἐπιστρεφομένων,
3408 2548 3501 2600 καὶ
3525 2545 3658 2616 ὁδη-

2051 2645 2336 2715 γουμένων
2363 2645 2442 2706 είς
2468 2641 2629 2695 τοῦτο
2673 2640 2824 2713 παρά
2854 2640 2955 2712 τῆς
2991 2640 3139 2702 θείας
3174 2637 3452 2709 προνοίας.
3500 2636 3661 2689 Ἐπι-

2051 2736 2354 2806 στράφητε
2391 2735 2542 2802 πρὸς
2566 2733 2677 2802 μὲ,
2724 2733 2888 2803 φησιν
2932 2731 2960 2783 ὁ
3005 2730 3209 2801 Κύριος
3243 2732 3356 2790 τοῖς
3396 2728 3479 2780 ἔτι
3529 2729 3660 2789 ταῖς

2053 2829 2347 2900 ἁμαρτίαις
2371 2825 2805 2896 δεδουλωμένοις,
2829 2823 3144 2890 καὶέπιστι
3161 2821 3472 2890 αρήσομαι
3501 2821 3661 2887 πρὸς

2051 2920 2228 2991 ὑμᾶς.
2260 2921 2372 2974 Καὶ
2409 2919 2570 2972 τοῦτό
2609 2920 2726 2970 ἐστι
2770 2917 2831 2968 τὸ
2872 2916 3024 2986 παρὰ
3063 2915 3142 2985 τῷ
3180 2914 3402 2986 μεγάλῳ
3447 2912 3660 2982 Παύλῳ

2051 3012 2402 3085 δηλούμενον,
2439 3012 2521 3064 ὅτι
2548 3010 2784 3082 Χριστὸς
2827 3009 2968 3080 ὑπὲρ
3007 3008 3163 3078 ἡμῶν
3193 3005 3538 3078 ἁμαρτωλῶν
3572 3006 3657 3057 ἔτι

2053 3104 2224 3157 ὄντων
2267 3103 2526 3156 ἀπέθανε.
2562 3101 2671 3152 Καὶ
2707 3099 2866 3168 χάρις
2892 3099 2957 3167 τῇ
2997 3095 3160 3149 αὐτοῦ
3191 3096 3404 3166 ἀπείρῳ
3435 3111 3660 3165 μακρο-

2054 3192 2223 3263 θυμίᾳ
2257 3191 2351 3244 καὶ
2389 3189 2723 3258 άγαθότητι,
2763 3187 2846 3238 ὅτι
2884 3186 2958 3257 μὴ
3002 3185 3163 3257 μόνον
3212 3185 3501 3254 προσίεται
3549 3182 3657 3252 τὴν

2055 3288 2364 3358 μετάνοιαν,
2409 3280 2544 3336 ἀλλά
2578 3283 2672 3334 καὶ
2710 3280 3138 3352 προσκαλεῖται,
3184 3274 3279 3327 καὶ
3325 3273 3659 3344 ἐπιστρέφει

2054 3379 2189 3450 πρὸς
2231 3377 2326 3448 τὴν
2376 3376 2685 3446 μετάνοιαν.
2738 3375 2800 3425 Εί
2845 3370 2976 3440 γοῦν
3010 3371 3105 3422 καὶ
3147 3370 3208 3422 τὸ
3256 3366 3509 3438 ἐμπαθὲς
3553 3365 3661 3418 οὐκ

2052 3470 2197 3522 ἐστιν
2249 3468 2345 3520 ἐπὶ
2388 3467 2496 3520 τῶν
2541 3466 2825 3534 ἀγγέλων,
2873 3464 2934 3515 τὸ
2969 3461 3206 3523 εὐπαθὲς
3241 3461 3411 3512 ἐστιν.
3459 3459 3525 3510 El
3562 3460 3662 3512 καὶ

2050 3561 2209 3615 τοῦτο
2232 3563 2297 3614 ὲκ
2327 3559 2434 3614 τῶν
2471 3559 2591 3613 καθ’
2627 3559 2793 3628 ἡμᾶς,
2821 3555 2934 3609 ἀλλ’
2960 3551 3052 3608 οὐν
3074 3553 3403 3620 οἰκειότερον
3422 3567 3435 3579 ·
3473 3551 3662 3620 ἐμπά-

2052 3655 2172 3708 θεια
2213 3654 2322 3726 γάρ
2377 3655 2491 3705 ἐστι
2544 3651 2758 3720 κίνησις
2811 3648 2950 3719 μετά
2987 3647 3233 3708 πάθους,
3279 3643 3550 3697 εὐπάθεια
3601 3643 3662 3696 δὲ

2049 3749 2162 3815 ἕξις
2186 3744 2244 3801 εὖ
2281 3746 2499 3816 ἔχουσα.
2531 3744 2605 3796 Τὸ
2631 3739 2689 3796 εὐ
2721 3741 2912 3794 παθεῖν
2939 3739 3070 3808 γοῦν
3103 3739 3230 3800 τοὺς
3265 3735 3536 3804 ἀγγέλους
3561 3735 3662 3806 δη-

2051 3841 2132 3893 λοῖ
2153 3839 2214 3892 τὸ
2247 3833 2304 3890 εὖ
2332 3837 2477 3908 ἔχειν
2499 3833 2588 3888 διὰ
2621 3833 2846 3896 παντὸς,
2879 3832 2974 3886 καὶ
3007 3829 3105 3900 τὴν
3134 3829 3397 3897 ἀπήμονα
3432 3827 3665 3896 ἐκείνην

2051 3929 2405 3982 κατάστασιν.
2434 3925 2596 3998 Δηλοῖ
2615 3923 2745 3992 γοῦν
2779 3920 2979 3992 ἠχαρά
3017 3919 3110 3990 τὴν
3154 3919 3394 3990 ἄρρητον
3431 3917 3662 3988 ἐκείνην

2050 4019 2370 4082 εὐπάθειαν,
2415 4013 2482 4089 ἦς
2528 4017 2585 4069 ἐν
2625 4014 2840 4087 μεθέξει
2875 4012 3137 4074 πολλάκις
3183 4013 3440 4078 γεγόνασι
3475 4009 3572 4060 καὶ
3607 4011 3659 4061 οἱ

2052 4113 2198 4181 ἀγιοι
2246 4110 2389 4165 κατά
2431 4109 2530 4173 τὰς
2577 4107 2728 4171 θείας
2774 4106 3153 4176 ὲπιφοιτήσεις
3187 4102 3296 4155 τῶν
3345 4100 3508 4154 θείων
3558 4103 3661 4155 καὶ

2052 4203 2207 4267 θεοὺς
2244 4201 2629 4274 ἐργαζομένων
2656 4198 3007 4268 ὲλλάμψεων·
3045 4194 3172 4248 καθ’
3208 4193 3276 4263 ἥν
3302 4193 3525 4255 πάντως
3557 4191 3657 4244 εῦ-

2050 4293 2206 4362 λογόν
2235 4295 2382 4346 ἐστιν
2409 4289 2774 4362 ἐκλαμϐάνειν
2800 4290 2894 4342 καὶ
2926 4287 2988 4340 τὸ
3011 4287 3156 4358 ἱερὸν
3184 4284 3280 4339 τοῦ
3309 4285 3658 4353 Εὐαγγελίου

2056 4386 2216 4458 ῥητόν
2239 4403 2253 4416 ·
2299 4383 2642 4454 Ἐχάρησαν
2680 4382 2795 4436 οὖν
2840 4384 2894 4435 οἱ
2941 4379 3200 4450 μαθηταὶ
3223 4418 3237 4442 ,
3273 4378 3507 4443 ἰδόντες
3543 4377 3660 4430 τὸν

370 4478 596 4547 illapsus
624 4477 840 4530 divinos
888 4474 1198 4529 divinarum
1239 4470 1666 4538 deificarumque
1711 4468 1949 4521 illustra~

2054 4479 2273 4545 Κύριον
2291 4493 2305 4508 ·
2340 4477 2399 4529 οὐ
2418 4474 2526 4546 γὰρ
2553 4471 2689 4526 εἶδον
2715 4472 2923 4537 ἁπλῶς,
2947 4475 3023 4537 ὼς
3045 4472 3141 4525 καὶ⁵
3171 4471 3360 4525 ἀλλοτε
3395 4470 3658 4536 ἔϐλεπον,

370 4571 576 4623 tionum
620 4588 632 4622 :
666 4583 772 4637 quo
798 4581 963 4622 sensu
998 4565 1163 4620 etiam
1195 4571 1346 4617 recte
1375 4562 1495 4629 capi
1531 4560 1700 4629 possit
1731 4574 1944 4614 sacrum

370 4661 501 4716 illud
544 4660 748 4713 dictum
794 4658 1070 4728 Evangelii
1107 4678 1118 4711 :
1165 4654 1342 4710 Gavisi
1379 4663 1502 4707 sum
1546 4650 1815 4721 discipuli,
1838 4652 1947 4706 viso

372 4752 598 4807 Domino
628 4762 676 4803 ει.
721 4749 837 4804 Non
868 4753 1012 4803 enim
1043 4748 1274 4817 simplici
1322 4749 1535 4800 ratione
1575 4744 1828 4798 videbant
1859 4743 1944 4812 ip-

372 4859 492 4899 sum
520 4843 597 4896 uti
622 4840 777 4908 alias,
795 4842 887 4896 sed
911 4849 1032 4908 post
1056 4847 1285 4893 mortem
1310 4841 1512 4903 vivum,
1541 4845 1596 4891 et
1624 4851 1688 4890 ex
1718 4835 1948 4888 mortuis

370 4945 495 5006 post
544 4931 902 5002 sepulturam,
951 4936 1005 4984 et
1049 4944 1172 4982 cum
1222 4930 1459 4982 humano
1507 4928 1703 4982 decore
1751 4925 1951 4979 divinis

371 5039 592 5097 quoque
621 5022 838 5078 dotibus
872 5021 1160 5075 illustrem.
1195 5019 1430 5074 Pulchre
1467 5019 1590 5084 hoc,
1627 5018 1704 5072 uti
1747 5027 1804 5072 et
1845 5017 1950 5071 alia

373 5117 652 5186 complura
683 5127 714 5166 a
749 5121 940 5166 sancto
969 5111 1072 5166 hoc
1101 5112 1219 5164 viro
1252 5125 1408 5165 sacro
1432 5125 1496 5165 ac
1534 5107 1748 5165 sublimi
1788 5110 1949 5163 modo

373 5208 648 5276 disputata
688 5212 852 5268 sunt;
899 5204 1041 5256 unde
1086 5201 1251 5254 etiam
1295 5201 1624 5255 concludens
1670 5215 1950 5255 sermones

374 5311 502 5352 suos
537 5297 616 5350 ait
661 5317 674 5349 ;
712 5292 838 5346 Hac
869 5291 1090 5360 quidem
1119 5293 1186 5344 de
1216 5291 1324 5358 his,
1357 5305 1476 5359 qua:
1513 5291 1636 5344 licet
1674 5293 1742 5346 ab
1787 5306 1949 5346 accu-

378 5397 496 5440 rata
521 5387 849 5440 tractatione
873 5382 1076 5444 absint,
1102 5390 1280 5435 tamen
1310 5381 1360 5434 id
1381 5381 1637 5446 eflieient,
1661 5382 1737 5434 uti
1763 5396 1941 5449 spero,

377 5493 446 5532 ne
495 5479 704 5547 abjecte
753 5475 892 5546 typis
935 5475 1305 5537 immorentur,
1356 5471 1576 5541 quando
1625 5476 1693 5526 de
1741 5475 1948 5541 angelis

379 5570 655 5639 quidpiam
691 5567 743 5618 in
773 5566 1072 5636 Scripturis
1098 5565 1402 5619 audiemus.
1432 5564 1586 5632 Quod
1623 5566 1667 5620 si
1695 5565 1946 5636 obiicias,

483 5731 511 5772 1
537 5735 671 5778 Luc.
709 5741 773 5777 vv
799 5766 813 5791 ,
841 5725 927 5778 10.
1009 5734 1031 5760 ι
1060 5724 1226 5780 Zach.
1259 5741 1308 5792 ι,
1341 5725 1394 5780 5.
1471 5739 1496 5766 ιι
1526 5725 1683 5784 Juan.
1717 5746 1815 5797 xx,
1839 5729 1929 5786 20.

2056 4565 2192 4619 ἀλλὰ
2229 4565 2368 4636 μετὰ
2407 4565 2635 4618 θάνατον
2661 4562 2860 4628 ζῶντα,
2889 4564 2984 4616 καὶ
3026 4565 3092 4615 ὲκ
3128 4560 3340 4633 νεκρῶν
3378 4562 3521 4632 μετά
3552 4563 3658 4634 τὴν

2053 4661 2262 4732 ταφὴν,
2309 4661 2403 4713 καὶ
2432 4659 2569 4731 μετά
2604 4660 2672 4713 τά
2713 4657 3153 4730 ἀνθρωποπρεπῆ
3189 4657 3376 4709 ἐκεῖνα
3417 4655 3490 4708 τά
3531 4655 3659 4708 θεῖα

2053 4759 2149 4810 καὶ
2182 4757 2323 4828 ὑπὲρ
2354 4756 2639 4827 ἄνθρωπον
2677 4754 2887 4825 ἔχοντα.
2925 4752 3124 4815 Καλῶς
3163 4751 3225 4804 τὸ
3267 4750 3397 4814 καὶ,
3433 4751 3518 4804 ὅτι
3557 4752 3659 4805 καὶ

2053 4848 2187 4902 ἄλλα
2213 4847 2383 4901 πολλὰ
2409 4845 2568 4916 ἱερῶς
2602 4845 2695 4898 καὶ
2721 4843 2941 4914 Oti/n16);
2977 4843 3054 4913 τῷ
3078 4842 3221 4913 ἀγίῳ
3255 4841 3659 4913 πεφιλοσόφην-

2051 4955 2175 4992 ταισ
2213 4938 2336 4992 ὅθεν
2378 4939 2474 4990 καὶ
2514 4937 2856 5007 ἀποθέμενος
2889 4935 3016 4998 τοὺς
3058 4934 3254 5002 λόγους
3294 4933 3477 5002 λέγει·
3510 4936 3654 4987 Τοσ-

2053 5029 2195 5085 αῦτα.
2217 5030 2311 5082 καὶ
2352 5029 2480 5100 περὶ
2511 5028 2713 5081 τούτων
2734 5066 2748 5091 ,
2775 5028 2874 5098 τῆς
2905 5027 3002 5098 μὲν
3037 5027 3326 5096 ἀκριϐείας
3351 5027 3654 5079 ἀπολειπό-

2057 5137 2214 5190 μενα,
2252 5118 2607 5172 συντελοῦντα
2640 5119 2730 5183 δὲ,
2757 5118 2833 5182 ὡς
2867 5116 3272 5188 ὑπολαμϐάνω,
3312 5118 3450 5188 πρὸς
3475 5117 3538 5170 τὸ
3575 5119 3655 5190 μὴ

2051 5211 2324 5274 ταπεινῶς
2361 5213 2508 5282 ἡμᾶς
2546 5210 2901 5281 ὲναπομένειν
2948 5213 3062 5274 τοῖς
3108 5209 3336 5273 τύποις,
3385 5211 3476 5262 ὅτε
3523 5211 3654 5280 περὶ

2046 5302 2158 5356 τῶν
2192 5301 2437 5370 ἀγγέλων
2462 5302 2519 5355 ἐν
2542 5305 2665 5365 ταῖς
2692 5305 2866 5374 ἱεραῖς
2893 5303 3143 5373 Γραφαῖς
3167 5301 3464 5371 ἀκούομεν.
3504 5304 3570 5356 Εἰ
3593 5305 3652 5357 δὲ

2049 5392 2260 5460 λέγεις,
2287 5387 2332 5445 ὦ
2363 5395 2617 5463 ἀγαπητὲ
2657 5393 2916 5464 Τιμόθεε,
2961 5394 3037 5457 ὡς
3078 5395 3140 5447 οὐ
3173 5393 3285 5447 τῶν
3313 5395 3566 5458 πάντων,
3615 5394 3652 5448 ἃ

2048 5484 2112 5555 δὴ
2152 5485 2208 5536 ἐν
2245 5489 2366 5549 ταῖς
2414 5488 2586 5556 ἱεραῖς
2621 5486 2866 5558 Γραφαῖς
2907 5488 3036 5560 περὶ
3082 5485 3331 5555 ἀγγέλων
3375 5486 3651 5556 λεγόμενα

2051 5574 2427 5646 εὑρίσκονται,
2480 5577 2668 5647 μνείαν
2711 5576 3126 5650 ἐποιησάμεθα·
3167 5578 3348 5631 ἐκεῖνό
3386 5595 3472 5633 στι
3507 5580 3652 5634 ἀπο-
