3874 6228
375 374 474 429 871

1556 370 1608 427 S.
1646 371 1945 427 DIONYSII
1978 370 2441 426 AllEOPAGIT£

3554 365 3654 421 τιἲῖ

371 506 444 550 ex
491 490 1024 561 supermundialibus
1068 496 1125 545 et
1153 490 1542 546 sacratissimis
1592 492 1831 545 oraculis
1858 492 1953 544 de-

2078 492 2468 563 ὑπερκοσμίων
2512 492 2605 544 καὶ
2641 489 2949 562 ἱερωτάτων
2981 489 3126 561 ἡμᾶς
3156 484 3431 551 ἀποδεῖξαι
3454 484 3654 553 λογίων

373 583 792 640 monstrandum
816 583 973 639 nobis
994 591 1077 639 est
1098 583 1296 653 iis,qui
1319 598 1387 637 ex
1417 582 1771 640 bierarcbicis
1794 585 1955 659 154

372 672 654 744 mysteriis
693 673 1191 741 traditionibnsque
1232 687 1391 729 sacro
1420 684 1547 729 sunt
1589 675 1693 730 hoc
1730 694 1956 733 munere

372 764 595 819 initiati.
638 763 746 819 Sed
795 765 917 819 vide
951 780 1024 820 ne
1061 764 1322 833 explodas
1367 766 1570 821 Sancta
1616 777 1952 835 sanctorum,

372 855 504 923 quin
536 856 716 925 potius
743 870 946 911 arcana
994 856 1086 911 Dei
1117 857 1473 917 revereberis.
1507 873 1572 912 ac
1612 859 1956 929 spiritalibus

373 945 965 1015 iuaspectabilibusqne
989 944 1302 1001 nationibus
1327 947 1649 1013 celebrabis,
1675 948 1956 1006 inaccessa

373 1036 592 1107 quidem
643 1035 890 1106 profanis
932 1036 1019 1090 illa
1072 1046 1129 1092 et
1176 1037 1381 1093 intacta
1426 1039 1783 1103 reservanda,
1824 1039 1958 1096 solis

372 1144 505 1186 vero
531 1130 737 1186 sanctis
764 1145 890 1186 cum
930 1145 1088 1185 sacra
1118 1132 1377 1197 quadam,
1411 1134 1488 1187 uti
1529 1132 1613 1189 fas
1652 1142 1757 1201 est,
1788 1135 1958 1190 clari-

376 1232 487 1276 tate
511 1237 604 1278 res
632 1238 820 1277 sacras
850 1223 1325 1279 communicando.
1366 1224 1457 1280 Sic
1485 1225 1653 1290 enim,
1686 1226 1760 1279 uti
1804 1228 1960 1283 nobis

374 1314 572 1370 divinis
621 1315 1142 1385 contemplatoribns
1182 1317 1409 1375 tradidit
1460 1316 1751 1388 theologia,
1793 1318 1958 1373 etiam

372 1404 603 1471 ipsemet
626 1402 785 1460 Jesus
822 1405 1135 1474 (divinitate
1162 1405 1557 1463 transcendcns
1598 1422 1663 1462 ac
1706 1424 1963 1476 superes-

372 1496 619 1552 sentialis
664 1512 835 1563 mens,
881 1500 1150 1557 universae
1186 1501 1553 1557 ordinationis
1602 1516 1793 1568 sacrae,
1834 1518 1962 1558 san-

373 1588 758 1659 cdmonimque
808 1605 873 1647 ac
922 1592 1120 1657 divina:
1164 1594 1468 1650 {unctionis
1523 1594 1851 1663 principium
1906 1607 1964 1651 et

374 1679 637 1745 essentia,
669 1682 954 1753 virtusque
1008 1684 1374 1756 divinissima)
1409 1686 1586 1742 beatis
1627 1685 1745 1742 istis
1776 1688 1966 1743 uobis-

374 1789 481 1842 que
510 1775 684 1831 multo
704 1778 1177 1846 praastantioribus
1205 1782 1414 1835 naturis
1436 1780 1777 1836 manifestius
1800 1780 1964 1836 simul

2066 583 2173 653 χρὴ
2224 585 2339 646 τοὶς
2379 583 2479 654 τῆς
2542 584 2692 654 ἱερᾶς
2740 580 3126 653 μυσταγωγίας
3168 580 3267 650 τὴν
3318 577 3542 648 τελετὴν
3595 576 3657 640 ἐξ

2066 677 2110 726 ἱε
2120 675 2398 746 ραρχικῶν
2425 673 2739 745 μυστηρίων
2755 675 2848 726 καὶ
2862 690 2938 726 πα
2946 670 3511 744 ραδόσεωνατελεσμέ
3522 686 3650 732 νοις.

2073 768 2213 821 Ἀλλ’
2248 769 2350 839 ὅρα
2382 768 2531 831 ὅπως
2562 767 2662 819 οὑκ
2707 764 2977 838 ἐξορχήσῃ
3023 763 3093 816 τά
3124 763 3252 832 am
3290 762 3397 816 τῶν
3438 762 3650 830 ἀγίωνο

2060 859 2415 933 εὑλαϐηθήσῃ
2441 859 2529 925 δὲ,
2570 860 2665 914 καὶ
2706 858 2775 912 τά
2807 857 2901 910 τοῦ
2934 856 3169 929 κρυφίου
3199 854 3337 909 Θεοῦ
3367 857 3487 918 ταῖς
3528 871 3654 907 νοε-

2063 956 2186 1025 ραίς
2207 954 2252 985 "
2307 954 2402 1006 καὶ
2447 953 2698 1024 ἀοράτοις
2744 950 2981 1019 γνώσεσι
3043 949 3318 1020 τιμήσεις,
3370 947 3654 1019 ἀμέθεκτα

2064 1048 2167 1118 μὲν
2220 1046 2361 1100 αὑτά
2401 1047 2497 1101 καὶ
2549 1046 2798 1118 ἄκραντα
2827 1047 2943 1109 τοῖς
2990 1042 3299 1105 ἀτελέστοις
3338 1040 3651 1111 θιατηρῶνο

2065 1140 2235 1211 ἱεροῖς
2275 1140 2333 1193 δὲ
2382 1140 2563 1211 μόνοις
2604 1137 2714 1191 τῶν
2770 1136 2931 1209 ἱερῶν
2979 1135 3097 1207 μεθ’
3143 1135 3295 1205 ἱερᾶς
3328 1133 3654 1203 ἐλλάμψεως

2065 1232 2409 1305 ἱεροπρεπῶς
2442 1230 2717 1285 κοινωνῶν
2761 1230 2917 1283 Οὕτω
2942 1229 3070 1300 γὰρ,
3093 1229 3168 1292 ὡς
3199 1230 3233 1298 ἡ
3260 1226 3505 1296 θεολογία
3538 1230 3654 1289 τοῖς

2062 1324 2356 1389 θιασώταις
2413 1327 2545 1396 ἡμῖν
2581 1324 2950 1396 παραδέδωκε,
2988 1325 3080 1375 καὶ
3114 1322 3276 1385 αὑτὸς
3316 1320 3563 1390 Ἰησοῦς,
3597 1321 3657 1389 (ὁ

2064 1416 2503 1490 θεαρχικώτατος
2526 1416 2651 1481 νοῦς
2684 1417 2778 1469 καὶ
2810 1415 3154 1485 ὑπερούσιος,
3190 1416 3222 1485 ἡ
3256 1414 3438 1483 πάσης
3475 1414 3660 1483 ἱεραρ-

2064 1510 2209 1580 χίας,
2227 1508 2543 1577 ἀγιαστείας
2562 1526 2621 1561 τε
2647 1509 2739 1561 καὶ
2764 1506 3053 1577 θεουργίας
3076 1506 3217 1577 ἀρχὴ
3245 1506 3338 1558 καὶ
3358 1505 3415 1557 οὑ
3426 1504 3536 1565 σία,
3561 1504 3659 1556 καὶ

2066 1601 2482 1673 θεαρχικωτάτη
2517 1600 2791 1671 δύναμις,)
2817 1603 2937 1663 ταῖς
2958 1617 3018 1651 τε
3042 1598 3345 1670 μακαρίαις
3369 1598 3467 1650 καὶ
3494 1600 3528 1667 ἡ
3538 1597 3660 1667 μῶν

2066 1696 2369 1767 κρείττοσιν
2400 1694 2609 1758 οὐσίαις
2631 1694 3031 1765 ἐμφανέστερον
3058 1693 3173 1765 ἅμα
3206 1692 3300 1745 καὶ
3322 1690 3661 1763 νοερώτερον

2067 1788 2352 1859 ἐλλάμπει,
2388 1791 2481 1842 καὶ
2517 1788 2650 1860 πρὸς
2682 1788 2743 1840 τὸ
2788 1789 2990 1839 οἰκεῖον
3023 1785 3194 1849 αὑτάς
3225 1785 3479 1856 ἀφομοιοῖ
3512 1784 3663 1837 κατά

374 1877 432 1923 et
478 1869 914 1940 intelligibilibus
948 1871 1190 1941 aﬂhlget,
1225 1882 1281 1926 et
1328 1876 1397 1928 ad
1439 1874 1741 1943 prapriam,
1782 1872 1961 1943 quoad

2066 1878 2293 1950 δύναμιν
2326 1878 2443 1949 φῶς
2463 1896 2476 1913 η
2515 1878 2670 1949 ἡμῶν
2694 1895 2755 1931 τε
2780 1877 2858 1949 τῷ
2896 1878 3033 1949 πρὸς
3063 1876 3224 1930 αὑτὸν
3254 1874 3663 1946 ἀνατεινομένῳ

376 1960 495 2015 ﬁeri
527 1971 727 2032 potest.
759 1978 853 2018 eas
882 1962 1059 2018 lucem
1085 1964 1345 2021 informat
1374 1989 1385 2023 :
1417 1966 1547 2036 quin
1584 1975 1640 2022 et
1671 1968 1878 2021 intento
1909 1968 1961 2021 in

374 2068 499 2107 eum
527 2055 702 2109 amori
731 2064 940 2122 nostro,
979 2065 1033 2111 et
1062 2059 1133 2114 ad
1177 2074 1265 2114 res
1306 2075 1407 2115 nos
1450 2059 1649 2130 probas
1689 2059 1961 2122 incitanti,

378 2145 697 2217 frequentes
728 2149 996 2205 admiscet
1019 2152 1334 2216 varietates,
1358 2164 1523 2222 atque
1543 2153 1609 2207 ad
1634 2151 1962 2206 uniformem

378 2246 442 2296 a‘c
460 2241 702 2296 divinam
727 2259 826 2299 nos
848 2245 1013 2298 vitam
1044 2245 1362 2311 instituens,
1380 2244 1752 2302 habitudinem
1775 2259 1963 2314 quam-

376 2335 524 2400 dam,
557 2345 613 2390 et
650 2351 853 2401 rerum,
888 2338 964 2392 uti
1009 2354 1110 2407 par
1154 2349 1257 2403 est,
1303 2353 1587 2393 sacrarum
1630 2338 1961 2395 effectricem

376 2426 545 2480 di'vini
568 2428 860 2482 sacerdotii
890 2429 1143 2483 virtutem
1167 2428 1500 2499 impertitur;
1521 2445 1627 2501 qua
1653 2432 1720 2486 ad
1746 2445 1961 2487 sacram

376 2518 667 2573 sacerdotii
719 2518 1054 2574 funetionem
1112 2521 1475 2589 accedentes,
1526 2523 1746 2593 ipsimet
1796 2526 1961 2580 etiam

378 2611 651 2678 supremis
676 2612 795 2668 istis
818 2614 1123 2683 spiritibus,
1145 2615 1290 2669 sacri
1317 2615 1533 2673 illorum
1565 2627 1761 2682 status,
1788 2635 1960 2688 quan-

379 2711 491 2755 tum
518 2703 668 2769 licet,
698 2705 962 2762 imitando
985 2709 1348 2762 constantiam
1379 2724 1444 2765 ac
1472 2711 1810 2775 ﬁrmitatem,
1835 2727 1963 2782 pro-

379 2796 693 2865 pinquiores
748 2797 1086 2867 evadamus,
1131 2803 1377 2872 adeoque
1428 2803 1496 2856 ad
1557 2802 1684 2858 Jesu
1740 2819 1961 2874 quoque

382 2892 596 2943 beatam
629 2889 773 2943 illam
807 2892 1157 2964 divinamque
1194 2895 1370 2950 lucem
1400 2896 1745 2967 aspicientes,
1776 2912 1955 2965 sacro,

378 2983 557 3048 quoad
602 2982 801 3040 intueri
840 2984 925 3040 fas
964 2997 1071 3053 est,
1124 2989 1229 3043 ritu
1276 2990 1644 3057 speculantes,
1686 2992 1959 3048 visionum

380 3072 569 3140 etiam,
595 3073 752 3143 juxta
798 3075 1083 3147 mysticam
1125 3081 1429 3147 scientiam,
1476 3082 1730 3137 illustrati
1772 3085 1960 3155 coqui-

384 3166 549 3234 tione,
599 3171 903 3227 consecrati
956 3188 1020 3228 ac
1067 3184 1476 3239 consecrantes,
1528 3174 1841 3231 luciformes
1894 3191 1960 3234 ac

381 3260 583 3331 deiﬁci,
622 3264 849 3333 perfecti
892 3280 956 3320 ac
990 3266 1324 3336 perfectores
1362 3268 1594 3325 evadere
1635 3271 1956 3340 poterimus.

2066 1974 2158 2025 καὶ
2189 1974 2335 2042 ἡμᾶς
2368 1973 2700 2025 ἀνατείνοντι
2734 1970 2843 2024 τῶν
2875 1970 3057 2024 καλῶν
3090 1969 3273 2041 ἔρωτι,
3311 1968 3661 2040 ωμπτὺσσει

2063 2067 2163 2129 τὰς
2198 2066 2396 2130 πολλὰς
2445 2065 2803 2137 ἑτερότητας,
2854 2066 2948 2118 καὶ
2992 2066 3072 2127 είς
3123 2062 3328 2134 ἐνοειδῆ
3364 2063 3457 2116 καὶ
3503 2062 3663 2117 θείαν

2064 2161 2465 2225 ἀποτελειώσας
2489 2161 2656 2233 ζωὴν,
2676 2160 2788 2227 ἕξιν
2810 2177 2871 2213 τε
2899 2160 2993 2214 καὶ¹
3026 2159 3327 2231 ἐνέργειαν,
3350 2157 3659 2229 ἱεροπρεπῆ

2061 2256 2317 2326 δωρεῖται
2356 2253 2457 2324 τῆς
2490 2252 2643 2316 θείας
2698 2251 3001 2323 ἱερωσύνης
3046 2251 3146 2322 τὴν
3194 2250 3455 2319 δύναμιν·
3494 2247 3557 2313 ἐξ
3589 2242 3661 2317 ἧς

2063 2350 2157 2401 ἐπὶ
2188 2348 2288 2419 τὴν
2321 2346 2484 2416 ἀγίαν
2529 2345 2814 2417 ἐρχόμενοι
2862 2344 2963 2414 τῆς
3020 2342 3291 2414 ἱερατείας
3333 2340 3661 2411 ἐνέργειαν,

2063 2451 2349 2521 ἐγγύτεροι
2384 2450 2483 2520 μὲν
2525 2449 2679 2503 αὑτοὶ
2706 2446 3025 2518 γινόμεθα⁷²
3058 2446 3168 2500 τῶν
3210 2446 3354 2516 ὑπὲρ
3385 2446 3536 2516 ἡμᾶς
3563 2445 3663 2495 οὑ-

2064 2540 2195 2594 σιῶν
2227 2544 2294 2611 τῇ
2322 2539 2465 2593 κατά
2491 2539 2719 2610 δύναμιν
2739 2537 3075 2609 ἀφομοιώσει
3099 2536 3195 2590 τοῦ
3222 2538 3451 2607 μονίμου
3480 2552 3541 2587 τε
3565 2536 3663 2588 καὶ

2062 2632 2458 2697 ἀνεξαλλάκτου
2490 2632 2588 2702 τῆς
2622 2630 2799 2684 αὑτῶν
2833 2631 2983 2702 ἱερᾶς
3019 2629 3281 2701 ἱδρύσεως
3304 2668 3319 2693 ,
3355 2628 3451 2681 καὶ
3481 2627 3663 2699 ταύτῃ

2063 2725 2201 2795 πρὸς
2245 2724 2345 2795 τὴν
2390 2723 2668 2795 μακαρίαν
2714 2721 2889 2792 Ἰησοῦ
2934 2721 3031 2775 καὶ
3074 2720 3372 2792 θεαρχικὴν
3425 2718 3598 2789 αὑτὴν
3615 2719 3663 2748 ⁷³

2061 2813 2501 2883 ἀναϐλέψαντες,
2549 2816 2649 2868 ὅσα
2680 2832 2740 2867 τε
2779 2814 2905 2867 ἱδεῖν
2946 2814 3168 2882 ἐφικτὸν
3215 2811 3663 2873 ἐποπτεύσαντες

2065 2906 2225 2977 ἱερῶς
2248 2908 2314 2971 ⁷⁵,
2351 2908 2443 2960 καὶ
2481 2907 2580 2978 τῆς
2625 2906 2913 2978 θεαμάτων
2945 2905 3200 2976 γνώσεως
3232 2903 3664 2974 ἐλλαμφθέντες,

2059 2998 2158 3067 τὴν
2194 2999 2463 3069 μυστικὴν
2502 3000 2817 3069 ἐπιστήμην
2863 2996 3235 3069 ἀφιερωμένω
3282 2995 3378 3049 καὶ
3409 2996 3659 3064 ἀφιερω-

2061 3092 2172 3155 ταὶ,
2209 3091 2519 3160 φωτοειδεῖς
2553 3092 2649 3145 καὶ
2676 3092 2987 3164 θεουργικοὶ
3009 3092 3078 3155 ⁷⁵,
3131 3088 3510 3160 τετελεσμένοι
3562 3086 3663 3141 καὶ

2064 3184 2433 3256 τελεσιουργοὶ¹
2467 3184 2723 3253 γενέσθαι
2754 3181 3117 3257 δυνησόμεθα.

1940 3454 1967 3527 §
2007 3461 2070 3525 ll.

456 3592 719 3661 Quisnam
756 3596 828 3650 sit
862 3608 995 3667 ergo
1041 3609 1200 3651 sacer
1224 3596 1545 3667 angelorum
1576 3607 1632 3653 et
1664 3599 1961 3667 archange-

2134 3599 2229 3662 Τίς
2270 3600 2370 3670 μὲν
2402 3594 2495 3653 οὑν
2541 3600 2575 3670 ἠ
2605 3598 2715 3652 τῶν
2748 3598 2996 3668 ἀγγέλων
3022 3600 3141 3652 ἐστὶ
3172 3600 3265 3653 καὶ
3300 3600 3665 3671 ἀρχαγγέλων

384 3686 559 3742 lorum
607 3686 764 3753 ordo,
799 3702 901 3743 nec
952 3703 1060 3743 non
1121 3691 1640 3759 supermundialium
1693 3691 1969 3761 principa-

388 3789 537 3832 tuum
563 3793 625 3834 ac
649 3787 1000 3849 potestatum,
1027 3782 1400 3853 viIrtntquue
1421 3798 1486 3837 ac
1508 3783 1965 3852 dominationum,

386 3880 441 3925 et
469 3874 787 3927 thronorum
818 3873 1128 3929 divinorum
1159 3876 1559 3948 mqualiumqne
1606 3880 1819 3935 thronis
1866 3896 1966 3934 na—

388 3974 657 4027 turarmn,
688 3980 824 4034 quas
872 3969 1089 4022 assiduo
1116 3978 1491 4039 perpetuoque
1528 3972 1676 4027 circa
1710 3972 1880 4028 Deum
1909 3985 1971 4028 et

387 4070 513 4109 cum
560 4054 673 4110 Deo
710 4059 917 4112 versari
969 4059 1239 4131 theologia
1285 4064 1470 4127 tradit,
1513 4064 1800 4118 cherubim
1844 4064 1967 4119 illas

388 4147 615 4203 Hebraeo
654 4151 921 4207 vocabulo
968 4168 1032 4207 ac
1082 4156 1355 4223 seraphim
1395 4156 1698 4226 appellans,
1739 4173 1803 4212 ea
1844 4173 1969 4227 quae

389 4241 455 4294 de
500 4242 677 4296 sacris
738 4239 1021 4297 beatarum
1070 4246 1301 4300 istarum
1359 4248 1621 4303 mentium
1683 4250 1970 4307 ordinibus

386 4349 453 4388 ac
502 4335 944 4393 distinctionibus
989 4356 1019 4392 a
1064 4340 1221 4394 nobis
1263 4343 1571 4411 conscripta
1617 4354 1763 4409 sunt,
1810 4346 1963 4399 evol-

385 4427 561 4482 vendo
590 4429 920 4497 compcries;
967 4430 1019 4484 in
1054 4430 1249 4499 quibus
1289 4433 1391 4486 etsi
1441 4448 1547 4488 non
1594 4450 1693 4503 pro
1748 4434 1964 4500 merito,

387 4535 485 4589 pro
527 4522 668 4576 virili
711 4535 860 4597 certe
898 4536 1106 4593 nostra,
1150 4536 1206 4581 et
1242 4528 1421 4597 quoad
1462 4530 1956 4585 sacratissimarnn:

390 4612 653 4683 theologia
705 4594 1114 4687 Scripturarum
1166 4594 1517 4688 explanavit,
1572 4636 1793 4676 sacrum
1850 4623 1966 4676 illa-

386 4718 508 4756 rum
537 4704 785 4760 ordinem
813 4708 1345 4765 concelebravimus.
1376 4709 1511 4765 Illud
1562 4721 1741 4767 tamen
1778 4712 1964 4768 dicere

387 4811 613 4852 necesse
641 4802 1031 4868 est,quomodo
1062 4818 1187 4857 cum
1217 4802 1327 4867 ille,
1353 4815 1462 4858 tum
1488 4806 1665 4860 omnis
1689 4810 1781 4876 qui
1810 4807 1970 4861 modo

2073 3692 2348 3763 ἱεραρχία,
2374 3694 2467 3746 καὶ
2500 3691 2610 3746 τῶν
2644 3692 3035 3764 ὑπερκοσμίων
3067 3691 3254 3764 ἀρχῶν
3285 3708 3368 3754 τε,
3393 3693 3487 3744 καὶ
3508 3692 3663 3758 ἐξου-

2072 3783 2223 3848 σιῶν,
2257 3784 2353 3837 καὶ
2379 3784 2686 3854 δυνάμεων,
2712 3784 2807 3837 καὶ
2840 3784 3179 3855 κυριοτήτων
3204 3800 3289 3848 τε,
3315 3785 3408 3836 καὶ
3432 3782 3595 3836 θείων
3616 3783 3663 3813 ’⁸

2070 3876 2277 3948 θρόνων
2297 3916 2312 3939 ,
2345 3876 2379 3947 ἢ
2406 3877 2513 3930 τῶν
2545 3877 2833 3947 ὁμοταγῶν
2868 3879 2981 3939 τοῖς
3013 3876 3222 3946 θρόνοις
3256 3875 3459 3929 οὐσιῶν
3480 3917 3495 3940 ,
3526 3875 3596 3939 ἃς
3628 3878 3664 3945 ἡ

2070 3970 2319 4040 θεολογία
2352 3970 2636 4043 προσεχῶς
2676 3971 2771 4025 καὶ
2812 3972 2899 4023 ἀεὶ
2942 3970 3069 4041 περὶ
3100 3968 3231 4021 Θεόν
3262 3985 3322 4021 τε
3374 3964 3514 4021 εἶναι
3568 3972 3663 4023 καὶ

2075 4062 2215 4133 μετά
2254 4061 2389 4116 Θεοῦ
2438 4063 2809 4133 παραδίδωσι,
2861 4061 3141 4131 Χερουϐὶμ
3176 4059 3345 4123 αὑτὰς
3390 4060 3664 4129 Ἐὅραξωι

2072 4158 2225 4227 φωνῇ
2260 4156 2353 4209 καὶ
2381 4155 2631 4226 Σεραφὶμ
2662 4153 3022 4223 ὀνομάζουσα,
3056 4148 3175 4215 ταῖς
3208 4153 3317 4205 τῶν
3345 4151 3664 4221 διακόσμυν

2072 4248 2254 4301 αὑτῶν
2285 4249 2377 4303 καὶ
2410 4247 2703 4319 ἱεραρχιῶν
2742 4247 2925 4316 ἀγίαις
2968 4247 3156 4312 τάξεσι
3206 4247 3301 4300 καὶ
3353 4245 3664 4316 διαιρέσεσι

2071 4340 2504 4413 περιτυγχάνων,
2527 4341 2777 4411 εὑρήσεις
2793 4340 2852 4393 ἐν
2875 4339 3083 4402 τούτοις
3106 4341 3137 4409 ὴ
3147 4340 3282 4409 μῶν,
3304 4338 3406 4391 οὑκ
3420 4336 3663 4403 ἐπαξίως

2075 4436 2192 4505 μὲν,
2216 4435 2292 4497 ὡς
2312 4434 2533 4503 ἐφικτὸν
2555 4434 2635 4500 δὲ,
2656 4435 2752 4487 καὶ
2766 4434 2842 4497 ὡς
2868 4436 2901 4504 ἡ
2931 4432 3180 4500 θεολογία
3201 4431 3311 4484 τῶν
3347 4430 3664 4502 ἱερωτάτων

2071 4529 2302 4601 Γραφῶν
2359 4530 2713 4600 ὑφηγήσατο,
2770 4528 2871 4598 τὴν
2934 4527 3053 4581 κατ’
3110 4526 3307 4589 αὑτοὺς
3376 4525 3663 4595 ἱεραρχίαν

2072 4624 2476 4695 ὑμνηκότωνττ.
2521 4621 2788 4675 Τοσοῦτον
2832 4620 2889 4673 δὲ
2922 4621 3073 4691 ὅμως
3113 4620 3290 4673 είπείν
3336 4618 3661 4685 ἀναγκαῖον,

2068 4717 2145 4781 ὡς
2170 4717 2355 4787 ἐκείνη
2377 4733 2459 4780 τε,
2495 4718 2589 4769 καὶ
2631 4717 2780 4768 πᾶσα
2796 4715 2841 4746 ⁷⁸
2873 4716 2906 4785 ἡ
2947 4712 3042 4766 νῦν
3076 4710 3395 4783 ὑμνουμένη
3428 4710 3561 4780 παρ’
3596 4710 3664 4779 ή-

2074 4809 2190 4880 μῶν
2214 4808 2487 4881 ἱεραρχὶα,
2509 4809 2637 4881 μίαν
2662 4806 2776 4877 ἔχει
2802 4805 2896 4859 καὶ
2917 4804 3015 4875 τὴν
3039 4803 3208 4873 αὑτὴν
3229 4802 3319 4856 διά
3351 4803 3534 4871 πάσης
3560 4801 3665 4872 τῆς

388 4904 420 4943 a
446 4892 604 4947 nobis
628 4892 1024 4960 deprzedicatur
1045 4911 1200 4949 sacer
1222 4898 1376 4962 ordo,
1405 4914 1567 4952 unam
1596 4898 1792 4953 habeat
1817 4915 1961 4954 eam-

2076 4904 2395 4974 ἱεραρχικῆς
2430 4900 2812 4973 πραγματείας
2842 4898 2941 4970 τὴν
2973 4897 3218 4967 δύναμιν,
3266 4895 3431 4949 αὑτὸν
3477 4911 3537 4947 τε
3571 4895 3665 4946 τὸν

390 4983 621 5054 demque
654 4984 707 5039 in
750 4985 897 5040 omni
934 5002 1091 5041 sacra
1140 5003 1240 5043 sua
1277 4989 1556 5045 functione
1602 4991 1881 5056 virtutem,
1910 5003 1961 5047 ul

2078 4995 2357 5065 ἱερὰρχην,
2381 4994 2455 5057 ὡς
2482 4995 2514 5063 ἡ
2549 4994 2669 5045 κατ’
2702 4991 2860 5044 αὑτὸν
2892 4990 3069 5053 οὑσία,
3102 4989 3198 5042 καὶ
3230 4988 3494 5054 ἀναλογία
3514 5027 3528 5049 ,
3571 4987 3667 5041 καὶ

386 5086 444 5130 et
470 5076 697 5146 ipsemet
728 5078 871 5131 sacri
895 5078 1106 5132 ordinis
1132 5080 1381 5146 antistes,
1414 5098 1511 5150 pro
1540 5084 1623 5137 sui
1651 5093 1848 5149 status,
1879 5086 1961 5138 di—

2073 5088 2227 5151 τάξις
2259 5088 2371 5157 ἔχει
2410 5086 2725 5156 τελεσθῆναι
2754 5084 2897 5139 κατά
2939 5084 3010 5137 τά
3037 5083 3187 5145 θεῖα,
3230 5083 3324 5135 καὶ
3358 5080 3664 5151 θεωθῆναι,

389 5170 611 5239 gnitalis
632 5170 841 5225 ordinis
861 5173 1093 5241 ratione,
1116 5173 1316 5229 divinis
1332 5174 1491 5245 155
1509 5176 1753 5231 initietur
1771 5192 1835 5230 ac
1854 5177 1961 5232 Deo

2074 5180 2167 5232 καὶ
2193 5182 2303 5242 τοῖς
2328 5178 2691 5248 ὑποόεόηκόσι
2722 5174 3064 5247 μεταδοῦναι,
3087 5174 3207 5226 κατ’
3230 5172 3385 5237 ἀξίαν
3419 5171 3664 5240 ἑκάστῳ,

390 5262 627 5328 uniatur,
658 5264 1013 5336 subditosque
1041 5281 1189 5333 suos,
1222 5281 1320 5337 pro
1366 5268 1631 5339 cujusque
1670 5272 1957 5343 dignitate.

2074 5272 2176 5341 τῆς
2218 5271 2574 5341 ἐγγινομένης
2607 5268 2756 5340 αὑτῷ
2802 5267 2985 5321 θεόθεν
3034 5266 3185 5337 ἱερᾶς
3218 5263 3467 5326 θεώσεως
3487 5280 3500 5293 ⁸
3535 5264 3667 5325 τούς

1682 5472 1912 5527 VARle
1954 5472 2359 5529 LECTIONES.

460 5630 503 5661 ⁷³
538 5635 665 5705 ταῖς
696 5631 887 5705 ἱεραῖς.
943 5632 1010 5705 ,⁷³
1045 5632 1457 5705 ἐγγυτέρω-μὲν
1490 5632 1642 5705 αὐτοὶ
1673 5631 1984 5701 γενοίμεθα,
2027 5634 2084 5686 D.
2120 5634 2220 5690 Cll.
2254 5633 2554 5705 γενώμεθα,
2594 5632 2665 5687 Μ.
2702 5632 2775 5705 Ss
2803 5632 2860 5685 ιι.
2895 5632 3031 5705 Bud.
3067 5633 3319 5705 corrigit.
3346 5629 3663 5705 γενῶμεθα.

468 5703 695 5784 υρττίείι
852 5700 1043 5784 major,
1098 5698 1309 5784 αὑγήίρ.
1334 5698 1636 5784 νλιιιξιισς,
1688 5698 1909 5784 ἀρχήν..
1968 5706 2012 5784 ⁷ξ
2045 5722 2134 5784 γρ.
2174 5698 2467 5784 ’ἀκριόᾦςζ
2523 5706 2577 5784 1“
2613 5704 2705 5784 καὶ
2746 5704 3026 5784 θεουργοί,
3186 5704 3384 5784 minor,
3421 5703 3573 5784 illi.-
3598 5700 3660 5752 Ρ.

388 5770 469 5897 3h
493 5768 599 5898 ἥιρει
623 5768 883 5901 ’κῗίχὲριι
918 5774 1117 5832 habent
1152 5768 1351 5834 υςαι.
1382 5773 1441 5829 Ρ.
1471 5774 1530 5830 ὃ.
1569 5772 1628 5832 Β.
1708 5768 1750 5805 ’⁷
1770 5768 1909 5833 ’κατ’
1943 5768 2132 5845 αὑτᾶς,
2172 5777 2233 5835 1).
2264 5768 2322 5833 P.
2342 5778 2399 5833 S.
2432 5778 2493 5834 Β.
2522 5776 2637 5845 διδ,
2659 5768 3067 5853 ἁνυμνηκότων,
3090 5772 3151 5829 γ.
3179 5775 3358 5830 minor
3380 5783 3436 5827 et
3462 5770 3664 5842 major,

252 6124 467 6209 At
