3874 6228
252 277 362 334 5ιὸ

1368 268 1456 323 DE
1477 265 1762 326 ECCLES.
1801 260 2201 330 HIERARCH.,
2236 258 2390 316 CAP.
2424 258 2461 313 l.

3444 256 3539 309 δη

251 411 313 449 τε
347 392 766 464 ὑποδεδηκότας
798 391 1030 445 ἕπεσθαι
1077 391 1177 462 μὲν
1207 389 1321 453 τοῖς
1352 386 1689 459 κρείττοσιν,
1721 386 1850 438 ἀνα-

1962 380 2156 436 aﬂiatze
2188 379 2293 435 sibi
2335 375 2596 433 divinitus
2622 376 2811 429 'sacrze
2849 367 3208 426 deiﬁcationis
3241 366 3540 437 participes

250 486 453 539 τείνειν
489 484 548 538 δὲ
592 485 720 548 τοὺς
753 485 953 555 ἥττους
989 485 1084 537 ἐπὶ
1117 481 1190 535 τὰ
1226 480 1442 553 πρόσω·
1489 477 1714 541 τοὺς-δὲ
1758 477 1853 529 καὶ

252 575 531 648 προϊέναι,
561 577 655 629 καὶ
684 578 760 640 ὠς
791 575 1017 631 δυνατὸν
1051 574 1259 647 ἑτέροις
1281 570 1533 644 ἡγεῖσθαι
1553 571 1624 635 ⁷⁸,
1648 569 1741 623 καὶ
1762 567 1854 622 διὰ

250 667 459 739 ταύτης
478 667 579 738 τῆς
604 666 789 721 ἐνθέου
820 668 915 720 καὶ
946 664 1271 736 ἱεραρχικῆς
1315 662 1582 735 ἁρμονίας
1636 660 1732 713 τοῦ
1766 660 1853 713 όν-

249 779 361 825 τως
393 761 552 825 ὄντος
585 757 751 814 καλοῦ
783 760 880 813 καὶ
913 756 1079 833 σοφοῦ
1124 758 1217 811 καὶ
1259 754 1465 825 ἀγαθοῦ
1512 752 1759 825 μετέχειν
1799 751 1853 805 ἓ-

252 871 457 907 καπον
493 854 596 924 ὅση
628 852 876 923 δύναμις.

333 1116 479 1171 Ἀλλ’
511 1119 570 1170 αἱ
600 1116 699 1187 μὲν
733 1116 877 1188 ὑπὲρ
910 1117 1058 1188 ἡμᾶς
1083 1116 1264 1169 οὐσίαι
1293 1117 1389 1169 καί⁵
1410 1114 1624 1181 τάξεις,
1649 1111 1725 1171 ὧν
1752 1117 1851 1188 ἤδη

255 1209 484 1280 μνήμην
531 1206 683 1278 ἱερὰν
718 1206 1100 1277 ἐποιησάμην,
1144 1204 1427 1276 ἀσώματοι
1478 1205 1541 1258 τὲ
1586 1207 1728 1272 εἰσι,
1759 1209 1854 1261 καὶ

252 1300 422 1372 νοητὴ
460 1302 555 1354 καὶ
581 1298 952 1373 ὐπερκόσμιός
978 1300 1129 1353 ἐστιν
1154 1301 1188 1370 ἡ
1218 1300 1339 1352 κατ’
1372 1298 1541 1363 αὑτὰς
1568 1300 1850 1374 ἱεραρχίαο

249 1395 355 1465 τὴν
388 1393 514 1447 καθ’
542 1395 692 1464 ἡμᾶς
718 1392 777 1446 δὲ
807 1390 1025 1464 ὁρῶμεν
1068 1391 1349 1460 ἀναλόγως
1391 1393 1524 1463 ἡμῖν
1557 1392 1740 1457 αὐτοῖς
1784 1396 1852 1465 τῇ

249 1486 364 1540 τῶν
420 1485 698 1557 αἰσθητῶν
750 1483 1035 1555 συμϐόλων
1087 1483 1334 1554 ποικιλίᾳ
1384 1483 1767 1556 πληθυομένην
1783 1485 1852 1552 ⁸ο,

253 1580 347 1650 ὑφ’
373 1572 452 1634 ὧν
486 1576 821 1650 ίεραρχικῶς
845 1578 942 1630 ἐπὶ
970 1576 1069 1648 τὴν
1092 1575 1298 1647 ἑνοειδῆ
1329 1576 1523 1631 θέωσιν
1546 1579 1604 1631 ὲν
1639 1594 1853 1648 συμμε-

250 1671 384 1743 τρίᾳ
404 1673 475 1743 τῇ
503 1670 628 1724 καθ’
659 1671 807 1743 ἡμᾶς
846 1666 1181 1739 ἀναγόμεθα,
1217 1668 1350 1721 Θεόν
1386 1687 1451 1724 τε
1479 1671 1572 1724 καὶ
1602 1669 1750 1724 θείαν
1792 1672 1855 1725 ὰ-

1954 476 2186 542 reddat;
2215 473 2296 529 sic
2319 482 2379 527 ut
2405 469 2605 527 subditi
2633 466 2943 539 superiores
2970 462 3188 534 quidem
3215 474 3538 532 sequamur,

1955 572 2033 628 ita
2062 579 2245 627 tamen
2274 578 2333 623 ut
2367 576 2425 623 et
2472 566 2576 637 ipsi
2622 561 2782 621 simul
2826 560 3124 616 inferiores.
3154 556 3222 611 ad
3262 566 3539 612 anteriora

1958 670 2339 737 promoveant,
2369 659 2461 730 qui
2490 659 2604 730 jam
2636 654 2881 727 provecti
2913 652 3039 707 aliis
3066 650 3231 707 etiam
3262 664 3363 719 pro
3394 647 3542 703 vnrili
3594 696 3606 731 η.

1954 756 2210 811 ducatum
2240 758 2527 823 praestent,
2554 760 2721 820 atque
2749 746 2852 802 bac
2878 744 3063 800 divina
3095 755 3367 812 sacraque
3395 740 3545 797 ordi-

1955 847 2043 901 nis
2090 844 2491 909 consensione,
2539 856 2638 911 pro
2685 836 2907 893 modulo
2956 837 3191 907 quisque
3238 851 3370 903 suo,
3409 848 3544 890 vere
3618 852 3619 855 η

1955 938 2199 994 essentia
2248 951 2345 992 sua
2389 933 2628 1007 pulchri,
2671 931 2936 1003 sapientis
2981 945 3045 985 ac
3088 928 3220 985 boni
3266 926 3543 999 particeps
3598 964 3607 971 ι

1954 1029 2176 1085 existat.

2026 1121 2300 1177 Caeterum
2352 1118 2704 1175 sublimiores
2755 1116 2871 1171 ista
2925 1124 3135 1168 naturae
3186 1100 3539 1179 ordinesque,

1955 1230 2188 1287 quarum
2231 1212 2605 1269 venerandam
2649 1224 2813 1278 supra
2841 1205 2947 1261 feci
2982 1204 3337 1267 mentionem,
3367 1212 3424 1258 et
3452 1203 3543 1256 in-

1957 1322 2237 1377 corporea:
2263 1313 2412 1371 sunt,
2435 1311 2490 1360 et
2516 1301 2782 1373 spiritalis
2806 1315 2871 1355 ac
2899 1296 3365 1370 supermundialis
3389 1310 3541 1352 sacer

1957 1399 2170 1455 illarum
2193 1397 2542 1470 magistratus
2565 1394 2784 1460 existit;
2822 1401 3067 1449 nostrum
3091 1404 3222 1447 vero
3246 1390 3543 1455 cernimus,

1956 1494 2169 1549 diversa
2197 1491 2267 1547 ab
2294 1491 2429 1561 ipsis
2451 1488 2685 1553 ratione,
2711 1485 3051 1543 sensibilium
3072 1485 3341 1542 varietate
3363 1483 3542 1555 signo-

1955 1598 2079 1640 rum
2110 1580 2484 1653 multiplicari,
2515 1579 2718 1649 quibus
2743 1583 3094 1633 sacrosancte
3118 1577 3186 1632 ad
3213 1575 3542 1632 uniformetu

1958 1674 2377 1731 deiformitatem
2417 1688 2516 1743 pro
2552 1680 2715 1743 captu
2759 1680 2974 1736 nostro,
3005 1678 3061 1726 et
3105 1670 3173 1725 ad
3204 1668 3372 1726 Deum
3401 1669 3541 1724 divi-

253 1766 441 1837 ρετήν.
471 1764 538 1816 Αἰ
569 1763 689 1835 μὲν,
726 1763 802 1826 ὡς
832 1762 973 1826 νόες,
1006 1762 1188 1816 νοοῦσι
1218 1762 1359 1817 κατὰ
1395 1763 1457 1816 τὸ
1485 1764 1675 1827 αὐταῖς
1707 1764 1850 1835 θεμι-

1965 1783 2199 1838 namque
2224 1767 2481 1822 virtutem
2511 1780 2920 1830 promovemur.
2948 1763 3069 1818 Istae
3088 1763 3332 1832 quidem,
3357 1769 3545 1831 utpote

250 1856 374 1909 τόν·
424 1858 589 1926 ἡμεῖς
626 1856 684 1909 δὲ
724 1855 1010 1926 αἰσθηταῖς
1051 1855 1258 1909 εἰκόσιν
1305 1857 1398 1909 ἐπὶ
1427 1855 1527 1922 τὰς
1568 1857 1751 1923 θείας,
1779 1858 1856 1922 ὡς

248 1948 503 2013 δυνατὸν,
553 1948 869 2019 ἀναγόμεθα
902 1948 1158 2021 θεωρίας.
1190 1948 1430 2021 Ἀληθῶς
1459 1967 1519 2003 τε
1565 1951 1761 2017 εἰπεῖν,
1798 1951 1858 2005 ἒν

254 2040 358 2113 μέν
400 2042 552 2094 ἐστιν
575 2081 589 2106 ,
618 2033 679 2092 οὗ
718 2041 921 2105 πάντες
953 2042 1003 2094 οἱ
1034 2041 1288 2106 θεοειδεῖς
1309 2042 1353 2073 ⁸¹
1382 2042 1626 2112 ἐφίενται
1646 2085 1661 2109 ,
1698 2044 1858 2115 μετέ-

252 2151 412 2206 χουσι
448 2134 505 2186 δὲ
538 2135 640 2205 οὐχ
671 2134 892 2198 ὲνιαίως
920 2133 1121 2188 ταὺτοῦ
1153 2153 1212 2189 τε
1245 2136 1339 2190 καὶ
1372 2136 1492 2200 ἐνὸς
1531 2136 1704 2203 ὄντος,
1740 2139 1855 2192 ἀλλ’

251 2226 331 2291 ὡς
373 2226 595 2297 ἑκάστῳ
626 2226 697 2281 τὰ
740 2225 860 2281 θεῖα
906 2227 1050 2298 ζυγὰ
1098 2229 1349 2302 διανέμει
1388 2229 1511 2285 κατ’
1560 2231 1717 2297 ἀξίαν
1757 2232 1857 2303 τὴν

252 2319 471 2392 ἀποκλή
480 2336 670 2392 ρωσιν.

340 2589 503 2644 Ἀλλὰ
538 2592 713 2646 ταῦτα
749 2594 848 2665 μὲν
879 2597 1013 2669 ἡμῖν
1045 2596 1105 2649 ὲν
1145 2598 1211 2668 τῇ
1251 2596 1381 2670 περὶ
1408 2598 1617 2672 νοητῶν
1663 2616 1725 2652 τε
1764 2598 1858 2652 καὶ

250 2680 534 2751 αἰσθητῶν
558 2686 914 2761 πραγματείᾳ
940 2685 1382 2761 διεξοδικώτερον
1403 2689 1647 2761 εἴρηται·
1678 2691 1772 2746 νῦν
1798 2691 1858 2744 δὲ

251 2774 358 2843 τὴν
379 2772 664 2844 καθ’ήμᾶς
698 2776 1000 2848 ἱεραρχίαν,
1026 2778 1204 2850 ἀρχήν
1232 2796 1293 2833 τε
1320 2781 1492 2853 αὐτῆς
1522 2783 1616 2835 καὶ
1646 2780 1854 2845 οὐσίαν,

249 2866 332 2929 ὡς
369 2861 481 2918 οἷόν
522 2885 614 2933 τε,
651 2868 830 2921 εἰπεῖν
866 2870 1230 2943 πειράσομαι,
1288 2872 1392 2943 τὴν
1439 2872 1630 2926 πασῶν
1671 2874 1858 2946 ίεραρ-

249 2957 389 3030 χιῶν
430 2959 607 3032 ἀρχήν
648 2977 709 3015 τε
754 2961 846 3017 καὶ
887 2962 1201 3029 τελείωσιν,
1255 2964 1465 3035 Ἰησοῦν
1498 2965 1854 3034 ,ἐπικαλεσά-

254 3064 438 3117 μενος.

1960 1870 2194 1927 mentes,
2228 1867 2392 1930 prout
2440 1857 2550 1913 illis
2578 1858 2661 1913 t'as
2704 1866 2790 1914 est
2830 1857 3179 1928 intelligunt;
3219 1870 3320 1911 nos
3354 1869 3485 1911 vero
3513 1871 3539 1910 ε

1958 1968 2120 2009 sensu
2176 1952 2448 2024 perceptis
2496 1952 2828 2022 imaginibus
2880 1950 2950 2007 ad
2995 1950 3230 2016 divinas,
3276 1958 3541 2019 quantum

1957 2063 2271 2120 possumus,
2307 2029 2796 2116 contemplationes
2826 2042 3201 2099 sublevamur.
3231 2041 3301 2097 Et
3330 2050 3390 2095 ut
3419 2055 3542 2094 vere

1957 2144 2158 2209 dicam,
2192 2155 2365 2195 unum
2396 2138 2617 2210 quidem
2648 2146 2754 2203 est,
2794 2137 2941 2207 quod
2980 2150 3171 2191 omnes
3213 2133 3308 2204 qui
3341 2132 3542 2189 deifor-

1963 2246 2081 2289 mes
2107 2240 2235 2286 sunt
2264 2236 2545 2301 appetunt,
2574 2227 2694 2298 ejus
2717 2236 2924 2293 tamen,
2952 2227 3097 2297 quod
3128 2226 3351 2281 omnino
3378 2239 3544 2278 unum

1959 2332 2124 2395 atque
2173 2323 2315 2378 idem
2360 2329 2462 2387 est,
2494 2336 2601 2377 non
2653 2319 2910 2375 unimode
2952 2320 3245 2390 participes
3283 2319 3545 2385 existunt,

1958 2417 2055 2474 sed
2085 2428 2247 2489 prout
2268 2418 2491 2474 cuilibet
2515 2431 2615 2486 pro
2669 2416 2866 2473 merito
2893 2425 3097 2473 sortem
3129 2415 3316 2471 divina
3343 2412 3544 2467 trutina

1960 2507 2262 2563 distribuit.
2376 2556 2384 2563 ,

2032 2596 2236 2654 Verum
2281 2599 2383 2655 ista
2425 2599 2478 2653 in
2516 2613 2683 2669 opere
2721 2600 2790 2654 de
2823 2598 2891 2653 iis
2916 2612 3039 2668 quae
3067 2595 3170 2653 sub
3212 2595 3545 2652 intellectum

1959 2703 2025 2743 ac
2062 2703 2285 2745 sensum
2326 2689 2552 2755 cadunt,
2581 2688 2755 2744 iusius
2787 2704 2817 2742 a
2864 2688 3022 2743 nobis
3061 2686 3345 2743 enucleata
3386 2694 3543 2752 sunt;

1959 2781 2122 2835 modo
2166 2795 2299 2835 vero
2338 2794 2555 2834 sacrum
2597 2787 2845 2834 nostrum
2884 2778 3155 2843 ordinem,
3196 2778 3546 2848 ejusdemque

1958 2870 2229 2941 originem
2256 2878 2313 2925 et
2347 2870 2670 2936 essentiam,
2700 2869 2879 2938 quoad
2904 2867 3137 2923 facultas
3162 2868 3419 2937 suppetit,
3453 2882 3545 2921 ex-

1956 2977 2162 3033 ponere
2199 2964 2465 3028 conabor,
2497 2963 2747 3017 omnium
2776 2977 3062 3018 sacrorum
3102 2962 3357 3016 ordinum
3389 2960 3544 3030 prin-

1959 3055 2162 3126 cipium
2189 3071 2254 3112 ac
2276 3057 2811 3113 consummationem
2838 3055 3100 3111 invocans
3126 3052 3328 3109 Jesum.

1795 3222 1823 3295 ἓ
1856 3219 1967 3283 ΙΙΙ.

327 3358 487 3411 Ἐστι
518 3358 618 3429 μὲν
654 3360 909 3431 ἱεραρχία
931 3362 1105 3427 πᾶσα,
1149 3360 1292 3415 κατὰ
1318 3361 1381 3415 τὸ
1414 3362 1612 3417 σεπτὸν
1651 3363 1751 3434 τῆς
1786 3364 1850 3434 ὴ-

2026 3361 2125 3417 Est
2156 3360 2467 3416 Itierarchia
2515 3375 2608 3416 seu
2638 3360 2776 3415 ordo
2805 3375 2965 3417 sacer
2992 3359 3172 3417 omnis
3192 3358 3347 3430 juxta
3379 3374 3540 3415 vene-

253 3450 375 3521 μῶν
430 3451 780 3522 παραδόσεως
797 3452 863 3518 ⁸²,
915 3454 945 3506 6
978 3454 1088 3518 πᾶς
1122 3454 1235 3509 τῶν
1275 3455 1652 3526 ὑποκειμένων
1690 3455 1854 3527 ἱερῶν

248 3544 432 3612 λόγος,
467 3544 884 3617 καθολικωτάτη
901 3546 948 3578 ⁸³
973 3546 1083 3600 τῶν
1108 3548 1270 3619 τῆσδε
1297 3549 1461 3619 τυχὸν
1480 3547 1783 3621 ἱεραρχίας,
1817 3547 1851 3619 ἢ

247 3636 416 3706 τῆσδε
458 3635 624 3707 ἱερῶν
654 3636 1148 3707 συγκεφαλαίωσις.
1178 3639 1244 3691 Ἡ
1280 3638 1403 3693 καθ’
1438 3640 1589 3710 ἡμᾶς
1632 3633 1725 3691 οὖν
1775 3638 1852 3689 ἱε-

250 3728 457 3801 ραρχία
479 3728 698 3797 λέγεται
729 3730 828 3783 καὶ
869 3728 1018 3782 ἔστιν
1052 3732 1086 3802 ἡ
1132 3732 1455 3804 περιεκτικὴ
1479 3730 1589 3785 τῶν
1613 3730 1733 3785 κατ’
1756 3730 1853 3783 αὐ-

246 3821 348 3893 τὴν
382 3821 643 3875 ἁπάντων
669 3819 835 3893 ιερῶν
859 3823 1215 3893 πραγματεία
1234 3864 1249 3889 ,
1286 3823 1409 3877 καθ’
1431 3825 1497 3895 ἣν
1525 3826 1555 3878 6
1587 3822 1728 3887 θεῖος
1772 3825 1850 3877 ιε·-

250 3914 466 3985 ράρχης
484 3913 832 3984 τελούμενος,
860 3914 1119 3968 ἁπάντων
1142 3914 1256 3982 ἕξει
1282 3916 1394 3970 τῶν
1421 3917 1543 3971 κατ’
1574 3916 1738 3971 αὑτὸν
1773 3918 1850 3969 ἱε-

249 4007 513 4076 ρωτάτων
538 4005 640 4077 τὴν
680 4005 929 4077 μέθεξιν,
973 4005 1051 4071 ὡς
1088 4008 1372 4079 ἱεραρχίας
1408 4008 1716 4082 ἐπώνυμος.
1763 4012 1851 4075 Ὡς

246 4096 356 4169 γὰρ
402 4098 691 4170 ἱεραρχίαν
736 4100 765 4151 6
803 4101 1002 4171 φήσας,
1053 4099 1310 4154 ἁπάντων
1367 4100 1503 4172 ὁμοῦ
1549 4101 1850 4174 συλλήϐδην

245 4188 352 4259 ἔφη
381 4189 485 4260 τὴν
514 4189 625 4243 τῶν
668 4190 830 4261 ἱερῶν
867 4190 1260 4262 διακόσμησιν’
1296 4190 1471 4255 οὕτως
1517 4191 1784 4265 ἱεράρχην
1820 4194 1850 4246 6

244 4281 422 4348 λέγων
444 4281 598 4352 δηλοῖ
625 4282 718 4335 τὸν
750 4281 932 4335 ἐνθεόν
958 4300 1018 4336 τε
1043 4284 1137 4337 καὶ
1159 4282 1304 4337 θεῖον
1331 4283 1521 4355 ἄνδρα,
1539 4282 1633 4338 τὸν
1668 4285 1849 4357 πάσης

247 4377 403 4447 ἱερᾶς
432 4376 776 4447 ἐπιστήμονα
800 4375 1075 4445 γνώσεως,
1099 4378 1159 4430 ὲν
1190 4370 1234 4446 ᾧ
1258 4379 1353 4432 καὶ
1380 4378 1640 4450 καθαρῶς
1665 4381 1698 4449 ἡ
1726 4379 1846 4432 κατ’

243 4470 410 4522 αὑτὸν
440 4470 702 4542 ίεραρχία
737 4471 890 4526 πᾶσα
921 4470 1159 4525 τελεῖται
1193 4473 1286 4525 καὶ
1312 4471 1666 4542 γινώσκεται.
1700 4474 1846 4529 Ταύ-

240 4577 345 4633 της
383 4561 531 4633 ἀρχὴ
563 4562 665 4634 τῆς
710 4563 1053 4635 ἰεεριπιρχίιπιςὴ
1087 4565 1239 4636 πηγὴ
1275 4565 1376 4636 τῆς
1409 4564 1589 4637 ζωῆς,
1625 4568 1659 4640 ὴ
1690 4569 1847 4621 οὐσία

240 4654 343 4724 τῆς
370 4652 731 4725 ἀγαθότητος,
756 4656 789 4725 ἡ
817 4655 918 4727 μία
946 4656 1058 4709 τῶν
1084 4656 1257 4711 όντων
1290 4658 1443 4713 αἰτία
1466 4659 1663 4730 Τριὰς,
1693 4662 1753 4728 ἐξ
1778 4657 1845 4733 ἧς

1956 3458 2183 3509 randam
2209 3452 2369 3509 nobis
2393 3460 2802 3508 sacrosanctam
2821 3454 3197 3520 traditionem,
3220 3451 3540 3507 universalis

1956 3560 2141 3601 rerum
2163 3559 2447 3601 sacrarum
2476 3545 2558 3601 illi
2589 3546 2963 3617 subjectarum
2994 3545 3160 3612 ratio,
3189 3559 3287 3600 seu
3316 3560 3538 3611 genera-

1953 3638 2162 3694 lissima
2188 3653 2406 3706 eorum,
2438 3654 2560 3709 quae
2585 3638 2689 3695 sub
2719 3639 2967 3693 ordinem
2999 3637 3222 3702 cadunt,
3251 3636 3302 3690 id
3325 3644 3409 3691 est
3452 3650 3537 3689 sa-

1953 3746 2174 3788 crorum
2197 3746 2436 3788 summa.
2483 3731 2655 3787 Sacer
2685 3732 2850 3802 igitur
2873 3731 3008 3785 ordo
3035 3739 3224 3786 noster
3255 3728 3458 3782 dicitur
3486 3734 3538 3781 et

1951 3832 2038 3879 est
2058 3822 2293 3891 functio,
2326 3829 2585 3880 universa
2621 3839 2779 3878 sacra
2811 3823 2864 3877 in
2902 3837 2962 3878 se
2993 3822 3389 3891 complectens,
3430 3834 3536 3887 qua

1952 3916 2171 3973 divinus
2212 3918 2456 3987 pontifex
2509 3916 2774 3984 initiatus,
2817 3917 3063 3972 omnium
3110 3930 3209 3985 per
3254 3930 3313 3971 se
3357 3928 3536 3969 rerum

1951 4010 2451 4067 sacratissimarum
2494 4010 2767 4080 particeps
2803 4011 3008 4077 existit,
3055 4010 3109 4065 in
3162 4017 3427 4079 quantum
3449 4021 3535 4061 sa-

1951 4102 2147 4158 cerdos
2194 4117 2446 4158 summus
2474 4103 2800 4173 appellatur.
2838 4102 2993 4158 Sicut
3019 4104 3163 4157 enim
3195 4099 3286 4170 qui
3317 4114 3535 4154 sacrum

1950 4195 2200 4252 ordinem
2231 4197 2559 4261 nominavit,
2588 4196 2835 4251 omnium
2879 4193 3043 4250 simul
3087 4191 3406 4261 compendio
3445 4205 3534 4244 sa-

1950 4302 2171 4344 crorum
2202 4288 2345 4343 dixit
2385 4288 2881 4359 dispensationem;
2916 4287 2991 4339 ita
3023 4284 3115 4354 qui
3146 4297 3418 4337 sumnmm
3450 4296 3533 4334 sa-

1933 4382 2229 4447 cerdotem
2269 4380 2527 4451 appellat,
2561 4381 2671 4437 Deo
2703 4380 2897 4436 intime
2944 4377 3158 4431 unitum
3190 4390 3255 4430 ac
3286 4375 3533 4428 divinum

1949 4477 2111 4547 plane
2140 4478 2318 4533 virum
2345 4476 2642 4547 signiﬁcat,
2667 4475 2817 4530 omni
2846 4489 3004 4529 sacra
3042 4472 3356 4543 cognitione
3404 4483 3533 4537 per-

1949 4569 2199 4639 politum,
2222 4570 2277 4623 in
2302 4584 2410 4640 quo
2434 4569 2638 4634 omnis,
2662 4582 2785 4637 quae
2812 4566 2889 4621 illi
2918 4566 3079 4630 inest,
3108 4571 3348 4633 potestas
3374 4575 3534 4615 sacra

1947 4673 2361 4718 consummatur
2389 4672 2553 4733 atque
2580 4661 2949 4730 cognoscitur.
2988 4657 3157 4725 Hujus
3202 4656 3355 4726 origo
3388 4654 3533 4708 sacri

242 4748 338 4800 καὶ
370 4747 436 4800 τὸ
467 4742 607 4801 εἶναι
640 4748 735 4801 καὶ
762 4749 822 4802 τὸ
850 4745 909 4803 εὖ
942 4746 1082 4804 εἶναι
1115 4753 1227 4815 τοῖς
1262 4746 1382 4806 οὖσι
1412 4752 1481 4806 δι’
1505 4754 1837 4827 ἀγαθότητα.

1956 4755 2288 4827 principatus
2328 4753 2450 4811 fons
2481 4765 2566 4811 est
2593 4755 2738 4821 vitae,
2780 4752 2943 4824 156
2970 4751 3209 4807 essentia
3247 4748 3533 4813 bonitatis,

238 4840 435 4914 Ταύτῃ
464 4841 524 4894 δὲ
555 4844 624 4912 τῇ
659 4843 878 4895 πάντων
916 4843 1176 4897 ἐπέκεινα
1205 4844 1623 4921 θεαρχικωτάτῃ
1660 4866 1839 4919 μακα-

243 4933 478 5003 ριότητι,
500 4936 568 5005 τῇ
590 4937 787 5006 τρισσῇ
808 4936 875 5006 τῇ
910 4935 1098 5006 μονάδι
1126 4938 1192 5007 τῇ
1214 4936 1385 5000 ὅντως
1408 4936 1568 5010 οῦσῃ,
1604 4939 1746 4994 κατά
1775 4940 1840 4993 τὸ

239 5026 374 5096 ἡμῖν
407 5025 507 5096 μὲν
534 5026 844 5094 ἀνέφικτον,
879 5028 1019 5099 αὐτῇ
1051 5028 1109 5081 δὲ
1140 5030 1454 5100 ἐπιστητὸν,
1488 5029 1703 5102 θέλημα
1737 5033 1838 5103 μέν

238 5120 393 5171 ἐστιν
424 5119 459 5189 ἡ
491 5117 685 5191 λογικὴ
736 5121 979 5193 σωτηρία
1021 5122 1145 5175 καθ’
1186 5124 1335 5194 ἡμᾶς
1355 5124 1403 5155 ⁸⁸
1446 5142 1505 5178 τε
1553 5126 1648 5179 καὶ
1697 5126 1838 5199 ὑπὲρ

237 5212 393 5281 ἡμᾶς
417 5210 647 5265 οὐσιῶν·
672 5214 717 5284 4)
742 5213 799 5266 δὲ
835 5214 935 5285 οὺχ
961 5214 1166 5286 ἑτέρως
1197 5214 1454 5285 γενέσθαι
1481 5217 1726 5285 δύναται,
1757 5220 1833 5292 μὴ

1949 4862 2056 4902 una
2091 4862 2271 4904 rerum
2299 4847 2543 4903 omnium
2573 4861 2742 4902 causa
2771 4843 3037 4910 Trinitas,
3069 4858 3139 4900 ex
3170 4858 3276 4911 qua
3306 4856 3407 4913 per
3432 4842 3534 4896 bo-

1948 4943 2140 4999 nitatis
2184 4942 2604 4997 redundantiam
2642 4950 2699 4999 et
2733 4942 2915 5013 ipsum
2957 4956 3103 5007 esse,
3137 4956 3203 4997 ac
3234 4940 3375 4995 bene
3409 4952 3534 4993 esse

1946 5036 2131 5093 rebus.
2162 5035 2297 5092 Huic
2315 5046 2495 5093 autem
2518 5035 2702 5092 omnia
2730 5034 3140 5091 transeendenti
3171 5030 3531 5088 divinissinne

1945 5132 2292 5199 beatitudini,
2320 5133 2478 5188 trina:
2501 5132 2718 5198 unitati,
2745 5148 2872 5189 vere
2913 5131 3192 5197 existenti,
3219 5127 3383 5183 modo
3410 5125 3501 5194 qui

1944 5222 2068 5278 dem
2104 5220 2265 5277 nobis
2302 5221 2785 5294 incomprehenso,
2831 5222 2934 5293 ipsi
2978 5234 3165 5277 autem
3212 5215 3525 5279 notissimo,

1567 5400 1801 5459 νΑῐιυΕ
1842 5403 2241 5465 LECTIONES.

239 5623 436 5692 major,

242 5762 303 5823 ι’.
333 5765 392 5821 S.

1914 5637 1995 5764 “if.

310 5551 357 5634 ’ξ
389 5552 479 5607 ἑτέ
638 5556 998 5641 εἰσηγεῖσθαι,
1031 5555 1103 5613 Μ.
1139 5556 1198 5616 S.
1237 5557 1297 5613 Β.
1331 5561 1560 5631 corrigit
1602 5563 1831 5635 ἑτέροις.
1868 5566 1914 5597 ⁸ο
1953 5565 2389 5638 πληθυνομένην,
2433 5566 2496 5622 ν.
2534 5566 2735 5633 minor,
2784 5565 2847 5619 D.
2892 5563 2993 5619 Ch.
3068 5561 3113 5594 ⁸⁸
3147 5557 3417 5623 ὲνοειδεῖς,
3457 5557 3520 5612 V-

310 5638 436 5679 IIOI‘.
481 5570 691 5679 ﬁctili.
720 5628 781 5679 Ρ.
810 5628 897 5679 Sc.
942 5632 1070 5679 bar.
1144 5629 1191 5660 ⁸³
1226 5630 1370 5679 κατὰ
1400 5632 1462 5679 τὸ
1500 5634 1698 5679 σεπτὸν
1761 5635 1861 5679 ἐἰς
1914 5635 2073 5679 ’ἡμῶν
2129 5638 2280 5679 lenii:
2327 5637 2691 5679 arandi/meme,
2754 5636 2909 5679 Vinn-
2957 5633 3084 5679 mni-
3142 5633 3202 5679 Il-
3242 5629 3304 5679 Ρ.
3335 5630 3395 5679 S.
3425 5630 3518 5679 St“.

531 5628 781 5721 ;_"'::..*’-
1226 5630 1370 5721 κειξά
1400 5632 1462 5685 τδ
1486 5628 1721 5721 eme;
1761 5635 1861 5721 τῇς

241 5694 367 5774 :Siarft
393 5697 608 5767 νοερᾶς,
645 5698 747 5754 Cb.
823 5699 869 5731 ⁸³
905 5697 1205 5773 ἱερωσύνης
1255 5700 1432 5771 λόγος,
1490 5705 1522 5774 ἡ
1565 5705 1751 5761 καθολ.
1794 5694 1893 5763 Cll.

1997 5629 2073 5689 ῶν
2129 5629 2280 5707 ἱερᾶς
2324 5629 2909 5707 παραδόσεως,’γὶεητ
2955 5633 3084 5707 tua].
3142 5633 3216 5707 DL
3425 5630 3518 5707 Sf.

1991 5748 2004 5763 .
2033 5707 2130 5777 M.;
2173 5701 2314 5780 ἱερὸς
2353 5701 2512 5777 λόγος
2567 5708 2627 5764 Ρ.
2667 5708 2789 5764 Sar.
2869 5705 2912 5737 ⁸⁸
2938 5701 3053 5758 τῶν
3096 5702 3219 5758 καθ’
3252 5701 3417 5771 ἡμᾶς,
3460 5701 3521 5754 υ.
