3874 6228
334 255 435 311 675

1542 257 1597 313 S.
1628 256 1928 313 DIONYSII
1964 258 2430 314 AREOPAGITE

3496 263 3602 318 3'76

332 375 392 428 in
423 373 564 429 votis
594 371 810 441 quidem
841 379 925 426 est
955 373 1238 428 rationalis
1268 372 1576 444 (creatum)
1604 374 1774 440 salus,
1800 386 1908 429 tam

2041 374 2322 444 lsoupévwv
2373 375 2481 454 θεῶν
2530 374 2866 446 σωζομένων.
2922 377 2984 429 Ἡ
3029 375 3086 428 δὲ
3127 373 3317 438 θεωσίς
3371 375 3525 428 ἐστιν
3573 378 3608 442 ἠ

327 472 524 520 nostra
575 480 740 535 quam
786 466 1052 521 mentium
1099 481 1492 536 supernarum;
1538 476 1914 521 verumtamen

336 552 452 610 haec
487 556 634 612 salus
683 557 751 612 iis
781 557 872 626 qui
919 557 1206 612 salvantur
1248 557 1465 613 nonnisi
1505 556 1616 624 jam
1649 557 1916 612 deificalis

342 657 518 722 potest
563 647 868 716 obtingere.
921 647 1016 702 Est
1063 659 1244 702 autem
1304 651 1418 705 lucc
1466 649 1762 714 deiﬁcatio,
1822 648 1914 704 Dei

342 741 613 808 qtttndatn,
657 741 836 808 quoad
887 740 1003 795 ﬁeri
1051 750 1247 811 potest,
1287 741 1606 796 assimilatio
1659 742 1915 812 unioque.

342 832 503 887 Omni
531 845 692 900 porro
719 831 897 886 ordini
929 845 1086 886 sacro
1111 834 1416 888 communis
1442 849 1639 903 scopus
1662 844 1764 899 est,
1791 850 1918 904 erga

343 924 514 983 Deum
540 935 592 980 et
621 941 706 980 res
727 925 941 980 divinas
962 926 1222 981 continua
1246 927 1492 992 dilectio,
1517 942 1638 997 quae
1662 928 1924 982 divinitus

405 1018 629 1082 seritur,
665 1027 718 1071 et
744 1033 841 1089 per
869 1018 987 1088 ejus
1014 1021 1270 1074 unionem
1309 1029 1738 1084 consummatur,
1773 1036 1923 1089 qum-

345 1123 452 1178 que
483 1109 585 1163 ltac
623 1110 773 1176 prior
808 1119 914 1175 est,
951 1111 1028 1166 illi
1063 1111 1474 1166 adversantium
1520 1111 1834 1165 omnintoda
1866 1122 1922 1167 et

345 1199 725 1256 irrevertibilis
778 1199 924 1272 fuga,
980 1203 1222 1271 cognitio
1269 1217 1448 1256 rerum
1501 1217 1606 1271 qua
1644 1218 1731 1257 res
1775 1213 1921 1269 sunt,

344 1308 514 1346 sacra:
551 1293 800 1347 veritatis
842 1295 976 1350 visio
1017 1295 1384 1362 scientiaque,
1429 1293 1698 1363 simplicis
1744 1295 1922 1364 perfe-

2025 467 2162 536 πρὸς
2194 467 2355 530 Θεὸν,
2394 467 2469 532 ὡς
2511 469 2764 538 ἐφικτὸν,
2802 467 3137 540 ἀφομοίωσίς
3166 485 3224 520 τε
3251 467 3346 520 καὶ
3380 468 3605 530 ἓνωσις.

2033 557 2280 627 Ἀπάσης
2317 558 2371 610 δὲ
2406 558 2562 611 τοῦτο
2598 560 2774 612 κοινὸν
2823 558 3166 631 ίεραρχίας⁸⁸
3211 558 3272 611 τὸ
3319 558 3525 630 πέρας,
3572 560 3609 626 ἡ

2024 649 2164 721 πρὸς
2190 649 2321 703 Θεόν
2354 669 2412 704 τε
2439 652 2529 704 καὶ
2555 651 2623 705 τὰ
2649 651 2767 704 θεῖα
2794 652 3065 724 προσεχὴς
3082 651 3378 722 ἀγάπησις,
3405 649 3611 711 ἐνθέως

2020 759 2079 793 τε
2108 741 2201 794 καὶ
2233 742 2446 806 ἐνιαίως
2473 745 2914 815 ίερουργουμένη,
2940 744 3033 796 καὶ
3060 744 3164 815 πρό
3181 761 3242 812 γε
3276 743 3472 796 τούτου
3499 740 3613 795 τῶν

2025 835 2281 888 ἐναντίων
2313 838 2345 908 ἡ
2385 835 2648 906 παντελὴς
2682 839 2774 890 καὶ
2799 838 3191 908 ἀνεπίστροφος
3224 836 3612 900 ἀποφοὶτησις,

2029 930 2062 999 ὴ
2088 927 2290 996 γνῶσις
2329 928 2435 980 τῶν
2461 927 2628 981 ὄντων
2725 928 2852 980 ὄντα
2879 929 3024 981 ἐστὶν
3045 969 3058 991 ,
3097 931 3129 998 ἡ
3164 929 3261 998 τῆς
3287 930 3441 999 ἱερᾶς
3481 928 3620 996 ἀλη-

2029 1017 2182 1080 θείας
2221 1018 2410 1089 ὅρασίς
2453 1035 2512 1070 τε
2555 1020 2648 1071 καὶ
2688 1021 2994 1090 ἐπιστήμη,
3030 1021 3062 1090 ἠ
3098 1020 3197 1089 τῆς
3231 1018 3501 1082 ἐνοειδοῦς
3527 1035 3620 1070 τε-

2027 1109 2298 1173 λειώσεως
2333 1109 2514 1174 ἔνθεος
2542 1110 2776 1181 μέθεξις,
2813 1110 2976 1164 αὐτοῦ
3009 1111 3102 1164 τοῦ
3129 1111 3245 1174 ἐνὸς
3267 1110 3342 1174 ὡς
3369 1109 3616 1179 ἐφικτόν·

2031 1203 2064 1272 ἡ
2090 1202 2191 1271 τῆς
2218 1201 2451 1271 ἐποψίας
2479 1204 2743 1266 ἑστίασις,
2768 1204 3042 1274 τρέφουσα
3075 1204 3279 1274 νοητῶς
3303 1205 3398 1257 καὶ
3419 1201 3625 1256 θεοῦαα

2030 1295 2208 1348 πάντα
2229 1293 2319 1346 τὸν
2353 1296 2431 1358 είς
2456 1295 2626 1365 αὐτὴν
2653 1295 3082 1366 ἀνατεινόμενον.

345 1387 541 1447 ctinnis
575 1387 693 1458 ejus
722 1390 812 1459 qui
845 1404 1054 1445 summe
1117 1389 1344 1458 simplex
1415 1395 1517 1453 est,
1550 1386 1730 1442 divina
1799 1386 2173 1458 participatio;
2218 1388 2401 1442 fruitio
2444 1387 2764 1453 iutuitionis,
2794 1403 2917 1456 qute
2963 1402 3183 1444 omnem
3234 1389 3320 1446 sui
3362 1396 3619 1445 contem-

346 1481 607 1548 platorem
643 1481 872 1552 spiritali
907 1481 1066 1537 modo
1092 1482 1268 1536 reticit
1291 1480 1640 1552 deiﬁcatque.

1893 1598 1923 1671 ἓ
1962 1596 2070 1656 ιν.

421 1749 667 1803 Dicimus
706 1747 934 1816 itaque,
979 1745 1072 1800 Dei
1113 1743 1470 1815 principalem
1515 1743 1930 1807 beatitudinem,

2107 1746 2430 1816 Λέγωμεν⁸⁶
2453 1746 2653 1810 τοίνυν,
2689 1747 2721 1816 ἡ
2759 1746 3025 1819 θεαρχικὴ
3063 1747 3423 1820 μακαριότης,
3460 1749 3496 1818 ὴ
3527 1746 3633 1816 φό-

350 1859 471 1911 quae
502 1851 690 1895 natura
725 1841 906 1896 Deitas
937 1849 1042 1904 est,
1072 1837 1397 1908 principium
1447 1835 1832 1899 dcillcationis,
1861 1849 1928 1888 ex

352 1950 460 2006 quo
496 1933 532 1988 ii
562 1934 653 2004 qui
682 1931 966 1987 deiﬁcandi
1010 1941 1136 1985 sunt
1175 1930 1522 1991 deiﬁcautur,
1563 1929 1741 1982 divina
1785 1927 1938 1980 boni-

353 2035 464 2081 tate
510 2039 726 2080 sacrum
767 2024 1038 2084 ordinem,
1073 2023 1124 2076 in
1163 2022 1391 2076 salutem
1434 2028 1486 2074 et
1538 2019 1934 2072 deiﬁcationem

351 2116 616 2180 omnium,
649 2130 770 2169 cum
799 2112 1144 2167 rationalium
1171 2121 1281 2164 tum
1309 2108 1630 2178 spiritalium
1661 2107 1936 2162 essentia.

353 2223 498 2277 runt,
533 2208 892 2262 concessisse.
922 2207 999 2259 Ac
1033 2201 1244 2272 superis
1267 2200 1484 2269 quidem
1532 2198 1797 2268 beatoque
1828 2199 1938 2252 otio

355 2298 687 2366 fruentibus,
721 2299 881 2353 modo
913 2296 1084 2367 magis
1130 2293 1497 2348 immateriato
1531 2307 1592 2346 ac
1623 2289 1937 2360 spiritaliori

357 2393 486 2464 (non
535 2393 679 2446 enim
708 2391 1051 2445 extrinsecus
1083 2404 1177 2444 eos
1227 2388 1369 2442 Deus
1409 2388 1474 2440 ad
1515 2386 1697 2440 divina
1736 2393 1935 2446 movet,

357 2484 452 2538 sed
505 2482 824 2552 intelligibili
887 2483 1137 2547 ratione,
1189 2490 1354 2550 atque
1411 2479 1738 2532 intrinsecus
1806 2491 1940 2546 pura

357 2575 674 2645 liquidaque
713 2573 1080 2628 illustratione
1123 2571 1518 2626 divinissimam
1579 2570 1644 2623 iis
1691 2570 1941 2623 volunta-

360 2680 467 2725 tem
499 2667 833 2730 irradiando)
863 2667 1020 2720 nobis
1059 2675 1261 2732 autem,
1307 2665 1452 2733 quod
1496 2663 1799 2732 simplicius
1835 2663 1944 2718 illis

359 2761 740 2830 collectimque
785 2761 1112 2830 praestitum,
1152 2775 1218 2812 ex
1269 2758 1529 2812 divinitus
1577 2757 1791 2810 traditis
1828 2755 1938 2809 elo-

359 2854 524 2924 quiis,
555 2869 653 2923 pro
689 2863 850 2922 captu
887 2863 1092 2915 nostro,
1128 2849 1481 2905 divisibilium
1511 2849 1774 2902 varietate
1803 2846 1943 2899 tuul-

362 2945 700 3014 titudineque
726 2948 1004 3014 signorum
1035 2942 1294 2996 donatum
1326 2951 1432 2998 eSI.
1459 2938 1774 2992 Substantia
1798 2951 1942 2990 etum

364 3037 687 3092 trierarcltia:
733 3048 932 3092 nostra:
975 3044 1104 3090 sunt
1144 3033 1405 3086 divinitus
1454 3031 1648 3084 tradita
1696 3028 1940 3082 oracula.

2042 1856 2123 1892 σει
2145 1840 2412 1910 Θεότης,ή
2438 1840 2579 1911 ἀρχὴ
2603 1839 2702 1909 τῆς
2723 1839 2988 1904 θεώσεως,
3004 1840 3063 1905 ἐξ
3081 1835 3148 1912 ἧς
3163 1841 3223 1893 τὸ
3239 1839 3496 1893 θεοῦσθαι
3516 1843 3636 1902 τοῖς

2039 1930 2352 2001 θεουμένοις
2377 1931 2674 2003 ἀγαθότητι
2701 1931 2820 2005 θεία
2835 1934 2878 1964 ⁸⁷
2914 1934 3014 2004 τὴν
3053 1933 3352 2004 ἱεραρχίαν,
3392 1933 3487 1984 ἐπὶ
3526 1949 3635 1984 σω-

2038 2043 2104 2096 τη
2116 2025 2205 2097 ρία
2230 2025 2326 2078 καὶ
2350 2024 2541 2078 θεώσει
2579 2025 2794 2078 πάντων
2828 2025 2936 2078 τῶν
2962 2024 3193 2093 λογικῶν
3221 2040 3279 2076 τε
3307 2023 3399 2075 καὶ
3425 2021 3638 2093 νοερῶν

2039 2117 2609 2190 οὐσιῶν,ἐδωρήσατο.
2652 2119 2763 2171 Καὶ
2817 2119 2938 2180 ταῖς
2980 2117 3078 2188 μὲν
3113 2115 3510 2188 ὑπερκοσμίοις
3541 2114 3640 2166 καὶ

2046 2212 2345 2281 μακαρίαις
2389 2210 2627 2281 λήξεσιν,
2700 2207 2986 2280 ἀῦλοτερόν
3033 2225 3093 2261 τε
3151 2209 3243 2261 καὶ
3276 2205 3638 2278 νοερώτερον,

2043 2299 2126 2369 (οὐ
2145 2298 2192 2327 ⁸⁸
2212 2297 2319 2369 γὰρ
2344 2297 2542 2361 ἔξωθεν
2564 2297 2733 2361 αὐτὰς
2765 2300 2792 2351 ό
2815 2297 2950 2361 Θεὸς
2974 2297 3066 2349 ἐπὶ
3090 2295 3158 2349 τὰ
3184 2296 3299 2349 θεῖα
3335 2298 3496 2358 κινεῖ,
3513 2312 3639 2364 νοη-

2043 2387 2150 2450 τῶς
2174 2388 2252 2449 δὲ,
2278 2389 2370 2440 καὶ
2398 2388 2606 2441 ἔνδοθεν
2628 2387 3053 2458 ἐλλαμπομένων
3080 2385 3258 2438 αὐτῶν
3281 2387 3338 2437 ἐν
3364 2385 3509 2455 αὐγῇ
3535 2401 3638 2436 κα-

2047 2485 2191 2556 θαρᾷ
2216 2489 2308 2540 καὶ
2337 2486 2484 2558 amt?
2509 2487 2606 2557 τὴν
2643 2486 2927 2557 θειοτάτην
2969 2485 3225 2556 βούλησιν
3246 2525 3260 2548 ,
3283 2483 3302 2554 )
3337 2485 3468 2553 ἡμῖν
3495 2482 3555 2534 δὲ
3582 2482 3644 2534 τὺ

2047 2580 2285 2641 ἐκείναις
2324 2578 2540 2640 ἐνιαίως
2578 2594 2636 2630 τε
2672 2579 2766 2631 καὶ
2805 2575 3258 2645 συνεπτυγμένως
3281 2573 3528 2644 δωρηθέν
3579 2574 3644 2625 ἐκ

2049 2668 2156 2722 τῶν
2183 2668 2593 2740 θεοπαραδότων
2616 2668 2830 2736 λογίων,
2857 2667 3077 2737 ὼςὴμῖν
3103 2664 3346 2734 ἐφικτὸν,
3371 2665 3428 2716 ἐν
3460 2680 3642 2716 ποικι-

2047 2761 2138 2832 λίᾳ
2173 2763 2266 2814 καὶ
2301 2760 2494 2831 πλήθει
2526 2760 2813 2831 διαιρετῶν
2846 2757 3128 2830 συμϐόλων
3168 2756 3488 2826 δεδώρηται.
3536 2756 3645 2806 Οὐ-

2053 2854 2142 2904 σία
2167 2852 2275 2924 γὰρ
2299 2853 2394 2923 τῆς
2418 2851 2536 2905 καθ’
2563 2854 2708 2922 ἡμᾶς
2734 2851 3015 2921 ἱεραρχίας
3036 2849 3153 2901 ἐστὶ
3174 2847 3243 2900 τὰ
3271 2845 3648 2918 θεοπαράὃοτα

2049 2945 2224 3013 λόγια.
2262 2945 2572 2997 Σεπτότατα
2604 2944 2662 2997 δὲ
2695 2944 2850 3011 λόγια
2884 2942 3061 2997 ταῦτά
3097 2958 3308 3012 φαμεν,
3355 2939 3456 2991 ὅσα
3504 2937 3648 3008 πρὸς

2048 3038 2156 3091 τῶν
2189 3037 2386 3090 ἐνθέων
2421 3037 2576 3108 ἡμῶν
2614 3035 2994 3108 ἱεροτελεστῶν
3028 3037 3084 3086 ἐν
3119 3033 3480 3104 ἁγιογράφοις
3513 3031 3652 3100 ἡμῖν

365 3132 596 3186 Maxime
622 3146 749 3186 vero
771 3131 871 3184 ista
898 3127 1116 3182 oracula
1145 3127 1374 3180 dicimus
1403 3123 1734 3186 veneranda,
1766 3135 1884 3189 qua-
1913 3135 1933 3171 a

2052 3136 2145 3187 καὶ
2178 3132 2514 3201 θεολογικαῐς
2538 3131 2835 3202 δεδώρηται
2860 3129 3065 3192 δέλτοις
3084 3145 3097 3158 ·
3119 3128 3212 3181 καὶ
3240 3126 3344 3197 μὴν
3379 3126 3479 3177 ὅσα
3507 3124 3651 3192 πρὸς

364 3225 533 3278 sacris
558 3223 764 3278 nostris
793 3221 1158 3275 initialoribus
1191 3218 1375 3273 divino
1409 3215 1615 3284 Spiritu
1643 3212 1860 3277 adlatis,
1889 3213 1940 3264 itt

367 3316 666 3387 Scripturis
710 3314 884 3369 sacris
918 3314 1178 3381 librisque
1205 3309 1517 3380 theologicis
1558 3307 1754 3360 tradita
1792 3305 1948 3359 nobis

367 3418 530 3475 sunt;
562 3408 638 3462 uti
680 3417 736 3463 et
765 3407 852 3460 illa
880 3422 1000 3476 qua:
1043 3407 1111 3460 ab
1138 3404 1324 3458 iisdem
1366 3403 1498 3456 viris
1533 3401 1740 3454 sanctis
1772 3399 1946 3453 subti-

368 3503 517 3567 liuri,
543 3515 649 3554 nou
677 3501 902 3555 omnino
927 3499 1117 3553 dissita
1149 3499 1214 3552 ab
1241 3496 1434 3551 ordine
1462 3494 1672 3550 caelesti
1702 3493 1946 3546 insinua-

367 3595 536 3657 tione,
568 3593 633 3646 de
665 3601 848 3647 mente
878 3591 933 3644 in
961 3601 1220 3654 mentem,
1249 3587 1522 3642 mediante
1553 3589 1739 3649 verbo,
1767 3599 1956 3652 corpo-

372 3701 470 3739 reo
516 3685 733 3752 quidem
779 3685 906 3748 illo,
954 3683 1113 3738 simul
1165 3692 1339 3735 tamen
1387 3679 1790 3743 immateriato,
1835 3678 1952 3732 sine

2052 3226 2161 3278 τῶν
2189 3224 2366 3278 αὐτῶν
2404 3224 2564 3294 ἱερῶν
2599 3222 2810 3293 ἀνδρῶν
2855 3219 3122 3291 ἀῦλοτέρα
3152 3221 3370 3290 μυήσει,
3409 3217 3503 3269 καὶ
3528 3214 3648 3282 γεί-

2051 3318 2164 3370 τονί
2212 3335 2326 3380 πως
2368 3316 2470 3388 ήδη
2505 3316 2602 3384 τῆς
2635 3314 2890 3386 οὐρανίας
2931 3312 3214 3383 ἱεραρχίας
3239 3350 3254 3373 ,
3293 3311 3358 3361 ἐκ
3393 3307 3511 3369 νοὸς
3568 3305 3650 3366 εἰς

2054 3407 2200 3471 νοῦν,
2225 3406 2312 3460 διὰ
2339 3407 2504 3478 μέσου
2529 3405 2688 3474 λόγου
2712 3446 2726 3469 ,
2757 3402 3072 3473 σωματικοῦ
3104 3402 3221 3472 μὲν,
3267 3399 3561 3468 ἀῡλότέρου
3595 3396 3654 3448 δὲ

2054 3501 2223 3571 ὅμως,
2253 3500 2469 3570 γραφῆς
2509 3498 2666 3560 ἐκτὸς
2686 3539 2700 3561 ,
2743 3498 2792 3549 οἱ
2821 3494 3196 3565 καθηγεμόνες
3221 3491 3379 3564 ἡμῶν
3404 3488 3656 3561 ἐμυήθη-

2058 3608 2174 3644 σαν.
2206 3591 2339 3644 Οὐδὲ
2364 3590 2533 3642 ταῦτα
2563 3588 2670 3640 τῶν
2705 3587 2902 3640 ἐνθέων
2931 3583 3206 3658 ίεραρχῶν
3229 3586 3312 3646 είς
3345 3581 3405 3635 τὸ
3438 3581 3538 3650 τῆς
3579 3581 3650 3634 ιε-

2063 3682 2318 3754 ρουργίας
2351 3682 2526 3736 κοινὸν
2560 3680 3047 3751 ἀπαρακαλύπτως
3063 3678 3110 3707 δ’
3133 3677 3400 3746 νοήσεσιν,
3439 3671 3555 3726 ἀλλ’
3599 3674 3657 3724 ἐν

373 3777 694 3847 scriptione,
729 3778 1070 3831 institutores
1101 3774 1272 3830 nostri
1312 3786 1468 3827 sacra
1499 3769 1732 3840 quadam
1762 3769 1933 3823 tradu-

2061 3775 2350 3844 συμϐόλοις
2401 3776 2564 3844 ἱεροῖς
2613 3771 3106 3843 παραδεδωκότων·
3150 3768 3265 3820 ἔστι
3299 3766 3408 3836 γὰρ
3442 3765 3503 3817 οὐ
3546 3765 3657 3827 πᾶς

374 3872 556 3925 ctione
588 3877 714 3922 sunt
742 3868 944 3924 edocti.
981 3865 1169 3934 Neque
1203 3879 1332 3918 vero
1377 3863 1483 3917 ista
1526 3861 1714 3916 divino
1745 3860 1933 3929 Spiritt

2064 3863 2238 3934 ἱερὸς,
2263 3863 2385 3916 οὐδὲ
2416 3862 2652 3924 πάντων,
2687 3861 2762 3924 ὡς
2792 3859 2861 3912 τὰ
2886 3858 3046 3926 λόγιά
3073 3875 3238 3929 φησιν
3255 3897 3269 3921 ,
3296 3859 3329 3928 ἡ
3354 3855 3580 3924 γνῶσις.

376 3963 682 4019 alllatorum
713 3975 991 4014 sacrorum
1017 3959 1304 4028 prtesulutn
1364 3963 1731 4016 monumenta,
1778 3954 1829 4007 in
1884 3955 2023 4008 sacri
2065 3957 2272 4010 ordinis
2315 3969 2603 4009 commune
2647 3956 2869 4015 bonum,
2911 3951 3210 4021 propatulis
3255 3947 3658 4018 inteﬂigentiis.

378 4057 474 4110 sed
496 4053 758 4125 symbolis
797 4051 1116 4121 quibusdam
1163 4051 1335 4107 sacris
1362 4051 1610 4105 traducta
1654 4055 1814 4112 sunt;
1874 4062 1980 4103 non
2020 4050 2165 4104 enim
2215 4049 2442 4118 quilibet
2487 4048 2764 4112 sacerdos,
2814 4044 2972 4120 157
3042 4058 3218 4114 neque
3279 4042 3545 4107 omnium,
3599 4051 3660 4094 ut

384 4149 606 4218 eloquia
641 4147 887 4210 tradunt,
912 4145 1137 4200 scientia
1165 4153 1272 4198 est.

1943 4282 2077 4356 ἓν.

456 4427 785 4483 Necessario
808 4425 975 4494 igitur
1019 4422 1179 4491 primi
1210 4422 1350 4476 sacri
1401 4421 1608 4476 ordinis
1642 4421 1812 4474 nostri
1851 4434 1933 4472 tuo

2163 4418 2502 4487 ’Δναγκαίως
2533 4413 2626 4471 οὖν
2659 4418 2706 4471 oi
2754 4416 2961 4486 πρῶτοι
2995 4417 3092 4486 τῆς
3136 4415 3256 4468 καθ’
3291 4414 3437 4485 ἡμᾶς
3486 4413 3672 4483 ίεραρο

386 4525 694 4580 deratores,
728 4513 1275 4586 supersubstantialis
1308 4514 1399 4567 Dei
1438 4514 1776 4583 principatus
1807 4526 1929 4566 sacr

2041 4512 2042 4526 ‘
2088 4509 2210 4580 χίας
2232 4509 2623 4579 καθηγεμόνες,
2644 4508 2707 4560 ἐκ
2728 4508 2826 4577 τῆς
2860 4507 3184 4578 ὑπερουσίου
3209 4505 3487 4576 θεαρχίας,
3515 4505 3674 4556 αὐτοί

389 4616 490 4682 ipsi
537 4625 761 4666 munere
805 4609 968 4678 pleni,
997 4616 1052 4662 et
1077 4607 1129 4661 in
1160 4614 1406 4675 posteros
1435 4605 1562 4658 illud
1614 4605 1790 4671 ipsum
1824 4604 1933 4657 deri

2082 4619 2145 4654 τε
2181 4601 2618 4668 ἀναπλησθέντες
2654 4599 2746 4652 τοῦ
2797 4599 2940 4670 ἱεροῦ
2983 4597 3188 4670 δώρου,
3214 4600 3308 4651 καὶ
3339 4598 3420 4659 είς
3459 4595 3524 4648 τὸ
3547 4596 3678 4666 ἑξῆς

388 4711 572 4754 vatum
607 4716 636 4753 a
675 4699 857 4752 divina
888 4698 1133 4752 bonitate
1163 4697 1336 4760 missi,
1369 4711 1490 4749 cum
1531 4704 1585 4750 et
1625 4695 1744 4764 ipsi,
1782 4702 1933 4762 utpot

2087 4694 2218 4748 αὐτὸ
2251 4697 2585 4765 προαγαγεῖν
2609 4691 2714 4746 ὐπὸ
2733 4693 2830 4762 τῆς
2864 4691 3159 4764 θεαρχικῆς
3188 4689 3526 4759 ἀγαθότητος
3548 4690 3680 4742 ἀπε-

391 4791 581 4854 divini,
635 4793 1032 4858 promotionem
1073 4788 1584 4856 deiﬁcationemque
1629 4782 1933 4856 posterorut

2089 4785 2397 4856 σταλμένοι,
2433 4785 2527 4837 καὶ
2559 4782 2714 4834 αὐτοὶ
2743 4782 2799 4834 δὲ
2849 4781 3096 4850 ἀφθόνως
3121 4779 3374 4850 ἐρῶντες,
3409 4776 3486 4840 ὼς
3520 4777 3682 4839 θεῖοι,

393 4879 599 4934 aﬂ'atim
629 4881 1030 4943 desiderarent,
1083 4881 1433 4934 sensibilibus
1463 4879 1650 4948 figuris
1694 4891 1933 4947 superet!

2083 4877 2182 4945 τῆς
2213 4874 2324 4928 τῶν
2351 4873 2467 4944 μετ’
2502 4874 2699 4935 αὐτοὺς
2728 4872 3019 4941 ἀναγωγῆς
3051 4869 3146 4922 καὶ
3178 4867 3447 4930 θεώσεως,
3484 4866 3678 4936 αἰσθη-

397 4980 576 5041 ;estia,
614 4986 670 5031 et
697 4977 842 5045 quod
877 4978 1082 5030 unitate
1125 4975 1411 5030 collectum
1441 4984 1524 5029 est
1569 4976 1714 5028 varia
1745 4989 1868 5029 cum
1893 4975 1933 5027 di

2083 4971 2207 5031 ταῖς
2249 4967 2420 5020 εἰκόσι
2465 4964 2532 5018 τὰ
2567 4965 2956 5035 ὑπερουράνια,
2993 4964 3087 5016 καὶ
3126 4961 3370 5031 ποικιλίᾳ
3408 4960 3504 5012 καὶ
3537 4957 3682 5028 πλή-

393 5070 690 5126 stinCtioue
721 5079 830 5121 tum
859 5067 1225 5133 multitudine,
1255 5083 1354 5122 nec
1397 5082 1501 5121 non
1530 5066 1584 5120 in
1612 5065 1865 5120 humanis
1894 5065 1925 5118 d

2085 5057 2166 5110 θει
2215 5057 2278 5109 τὸ
2333 5054 2788 5124 συνεπτυγμένον,
2835 5052 2930 5104 καὶ
2970 5052 3030 5102 ἐν
3087 5048 3452 5120 ἀνθρωπίνοις
3496 5061 3557 5096 τε
3610 5043 3685 5096 τὰ

397 5167 551 5229 vina,
579 5161 713 5215 etin
747 5157 991 5212 materiis
1028 5157 1409 5221 immateriata,
1443 5165 1604 5223 atque
1631 5155 1683 5208 in
1717 5155 1933 5207 nostrat‘

2085 5150 2224 5214 θεῖα,
2259 5149 2354 5201 καὶ
2400 5147 2605 5209 ἐνύλοις
2636 5144 2706 5198 τὰ
2751 5143 2909 5205 ᾶῦλα,
2967 5145 3062 5197 καὶ
3104 5143 3217 5203 τοῖς
3254 5137 3376 5192 καθ’
3404 5139 3554 5208 ἡμᾶς
3612 5136 3686 5189 τὰ

397 5259 500 5312 bus
534 5256 694 5310 rebus
723 5249 1295 5318 supersubstantialia,
1329 5264 1436 5317 qua
1483 5247 1704 5314 scriptis
1734 5260 1838 5313 qua
1871 5259 1933 5298 no

2084 5242 2405 5314 ὐπερούσια,
2461 5243 2581 5303 ταῖς
2613 5237 2910 5308 ἐγγράφοις
2940 5253 3002 5290 τε
3034 5236 3214 5289 αὐτῶν
3260 5234 3355 5286 καὶ
3408 5232 3688 5303 ἀγράφοις

397 5349 623 5419 scriptis
645 5341 1100 5404 institutionibus,
1124 5340 1178 5393 in
1209 5339 1597 5394 sacratissimis
1623 5336 1856 5391 oraculis
1884 5351 1933 5390 nt

2090 5338 2342 5407 μυήσεσι,
2378 5334 2520 5389 κατὰ
2562 5333 2688 5395 τοὺς
2722 5331 2902 5401 ἱεροὺς
2941 5331 3078 5400 ἡμῖν
3111 5327 3301 5380 ἔδοσαν
3334 5325 3380 5357 ³⁸
3417 5322 3663 5393 θεσμοὺς

1688 5493 1928 5549 νΑΒΙΑζ
1969 5492 2374 5549 LECTIONES.

469 5630 518 5663 ει
560 5623 612 5676 in
642 5619 805 5673 dandi
842 5633 970 5672 casu
994 5611 1612 5688 ίὰπάσῃᾷξεραρχίαην.
1647 5611 1845 5688 minor,
1878 5607 1991 5688 Cb;
2019 5607 2082 5663 D.
2131 5609 2190 5665 S.
2265 5608 2310 5640 ⁸⁸
2363 5605 2612 5677 λέγομεν,
2647 5601 2708 5657 Ρ.
2743 5601 2805 5656 D.
2861 5601 2960 5658 Cb.
3038 5600 3081 5633 ⁸⁷
3124 5615 3214 5670 γρ.
3253 5585 3430 5652 θείαν.

402 5699 529 5759 αἱδί
626 5693 669 5723 ⁸9
704 5679 1202 5756 ἁπερικαλύπτοιςζ
1225 5679 1302 5740 1)(
1325 5679 1429 5740 αἱ.
1467 5679 1547 5715 ἐ¹⁰
1572 5681 1910 5754 γπαρέδοσαν,
1956 5679 2016 5734 D.

3508 5595 3554 5626 ⁸⁸
3590 5608 3686 5663 γρ-
