3874 6228
166 311 263 365 577
881 307 969 361 DE
998 306 1285 364 ECCLES.
1318 306 1719 372 HlERARCll.,
1753 306 1908 361 CAP.
1950 306 1992 361 Ι.
2037 338 2102 347 -—
2130 305 2455 362 CORDERII
2504 304 2732 361 ΝΟΤιΕ.
3360 308 3464 366 578

165 427 223 479 οὗ
256 422 367 477 τῶν
409 422 642 495 ἀνιέρων
693 421 858 477 ἕνεκα
895 422 1075 494 μόνον,
1111 416 1193 485 οἷς
1246 422 1366 476 οὐδὲ
1400 423 1517 491 δῶν
1566 423 1766 496 συμϐό-

1878 420 1963 474 bis
2001 420 2342 475 tradiderunt
2374 437 2388 474 :
2434 434 2535 475 nec
2573 420 2623 475 id
2664 427 2885 489 propter
2916 419 3174 487 profanos
3223 429 3460 481 tantum.

165 516 267 570 λων
302 515 578 569 ἅπτεσθαι
633 513 873 585 θεμιτὸν,
904 512 1019 567 ἀλλ’
1068 515 1151 566 ὅτι
1202 515 1295 568 καὶ
1353 514 1655 587 συμϐολικὴ
1687 515 1771 576 τίς

164 611 331 670 ἐστιν,
362 606 505 677 ὅπερ
538 605 695 676 ἔφην,
724 602 1005 671 ἀναλόγως
1026 604 1158 674 ἡμῖν
1192 604 1377 667 αὐτοῖς
1408 606 1440 675 ὴ
1479 604 1599 657 καθ’
1624 606 1771 675 ἡμᾶς

167 698 439 772 ἱεραρχία,
469 696 699 768 δεομένη
722 696 831 751 τῶν
853 694 1127 766 αἰσθητῶν
1163 697 1243 759 εἰς
1274 695 1372 767 τὴν
1398 697 1454 763 ἐξ
1477 696 1655 749 αὐτῶν
1680 696 1770 750 ἐπὶ

167 793 226 846 τὰ
256 790 431 863 νοητά
480 788 759 860 θειοτέραν
792 787 953 860 ἡμῶν
997 789 1311 858 ἀναγωγήν.
1365 788 1770 859 Ἀνακεκαλυμ-

165 889 314 957 μένοι
337 886 398 937 δὲ
423 886 574 955 ὅμως
604 882 743 935 εἰσὶν
773 883 821 934 οἱ
848 880 956 934 τῶν
980 898 1043 933 συ
1052 882 1265 952 μϐόλων
1288 881 1435 950 λόγοι
1468 885 1582 945 τοῖς
1606 882 1770 943 θείοις

163 979 585 1052 ἱεροτελεσταῖς,
621 974 715 1038 οὓς
766 975 827 1027 οὐ
861 974 1078 1046 θεμιτὸν
1130 974 1347 1045 ἐξάγειν
1384 978 1464 1039 εἰς
1512 976 1640 1039 τοὺς
1689 974 1768 1029 ἔτι

160 1071 576 1141 τελειουμένους
624 1069 691 1131 ⁹¹,
719 1067 929 1132 εἰδότας
965 1069 1041 1131 ὡς
1071 1068 1120 1120 οἱ
1151 1068 1261 1121 τῶν
1305 1067 1466 1139 ἱερῶν
1500 1067 1770 1138 θεοπαρα-

158 1166 324 1229 δότως
353 1164 403 1196 ³³
426 1161 738 1233 νομοθέται,
762 1162 885 1223 ταῖς
906 1159 1014 1213 τῶν
1038 1159 1348 1231 διακόσμων
1367 1159 1650 1214 εὐσταθέσι
1673 1161 1768 1215 καὶ

158 1256 386 1327 mon
399 1272 547 1328 ρτοις
580 1254 787 1321 τάξεσι,
822 1253 917 1305 καὶ
948 1254 1069 1315 ταῖς
1091 1251 1185 1305 τοῦ
1214 1252 1428 1324 ἑκάστῳ
1461 1255 1582 1306 κατ’
1611 1254 1766 1320 ἀξίαν

156 1350 540 1422 προσήκοντος
574 1347 859 1417 ἀναλόγοις
899 1346 995 1400 καὶ
1030 1347 1201 1418 ἱεραῖς
1246 1347 1639 1420 ἀπονεμήσεσι,
1667 1348 1768 1420 τὴν

157 1442 453 1513 ξεραρχίαν
482 1441 814 1507 διετάξαντο.
840 1439 931 1492 Διὸ
961 1440 1054 1493 καὶ
1078 1442 1199 1502 ταῖς
1216 1442 1336 1504 σαῖς
1371 1441 1543 1511 ἱεραῖς
1573 1442 1765 1513 ὁμολο-

157 1532 304 1600 γξαις
334 1530 590 1595 πεισθεὶς
623 1531 958 1604 (ἀναμνῆσαι
989 1530 1098 1602 γὰρ
1132 1530 1312 1584 αὐτῶν
1363 1533 1617 1605 εὐαγὲς),
1667 1535 1763 1598 ὡς,

157 1624 385 1695 ἀπάσης
411 1623 514 1694 μὲν
547 1624 952 1696 ὑπερκειμένης
992 1623 1311 1695 ἱεραρχικῆς
1342 1623 1660 1695 ἱερολογίας,
1703 1628 1763 1681 οὐ

159 1715 504 1787 μεταδώσεις
549 1715 744 1786 ἑτέρῳ,
776 1714 927 1786 παρά
948 1715 1076 1777 τοὺς
1099 1716 1385 1786 όμοταγεῖς
1409 1733 1491 1769 σοι
1515 1716 1766 1782 θεοειδεῖς

1876 514 2077 583 quibus
2123 514 2208 569 vel
2244 515 2359 582 ipsa
2410 516 2563 582 signa
2599 523 2825 583 tangere
2856 512 3011 567 nefas
3054 513 3146 577 sit,
3178 514 3273 568 sed
3322 517 3465 584 quod

1876 611 2086 670 noster,
2119 612 2178 656 ut
2207 602 2342 666 dixi,
2387 617 2543 657 sacra
2572 602 2859 656 ordinandi
2906 603 3064 668 ritus,
3092 618 3214 655 cum
3248 604 3464 657 illorum

1875 704 2249 762 comparatus,
2303 695 2635 766 symbolicus
2684 696 2906 760 existat,
2951 694 3249 751 sensilibus
3297 698 3466 765 signis

1872 804 2007 857 upus
2039 788 2269 851 habens,
2302 790 2369 843 ad
2402 789 2731 843 diviniorem
2767 790 2936 844 nostri
2972 805 3037 842 ex
3064 787 3173 843 illis
3207 790 3273 842 ad
3308 789 3467 843 intel-

1875 881 2103 952 ligibilia
2154 883 2615 937 sublimationem.
2659 883 2913 936 Attamen
2969 884 3273 936 manifestae
3302 884 3465 935 simul

1870 983 2000 1028 sunt
2027 975 2462 1029 sacerdotalibus
2492 974 2778 1043 signorum
2806 974 3070 1039 rationes,
3118 991 3256 1043 quas
3278 991 3467 1029 sacro-

1871 1082 1991 1122 rum
2038 1066 2334 1120 etiamdum
2390 1064 2700 1119 candidatis
2749 1064 3045 1133 eXplanare
3091 1065 3264 1132 nefas,
3319 1068 3463 1135 quod

1870 1160 2217 1229 exploratum
2260 1158 2351 1224 sit,
2389 1172 2673 1213 sacrorum
2722 1158 2985 1213 divinitus
3033 1160 3357 1215 traditorum
3388 1161 3465 1217 le-

1869 1252 2183 1323 gislatores,
2234 1249 2528 1305 stabilibus
2586 1259 2751 1316 atque
2813 1250 3167 1319 impermistis
3212 1252 3463 1305 ordinum

1868 1343 2340 1408 distinctionibus,
2379 1342 2641 1413 cujusque
2672 1342 2868 1397 merito
2901 1344 3465 1410 accommodatis,dis—

1874 1436 2143 1503 parilibus
2210 1451 2278 1491 ac
2320 1436 2494 1491 sacris
2524 1433 2912 1504 partitionibus
2958 1450 3175 1488 sacrum
3214 1437 3463 1489 ordinem

1868 1528 2234 1584 distribuisse.
2292 1528 2634 1596 Quapropter
2695 1527 2771 1580 tui
2822 1528 2985 1580 etiam
3044 1527 3215 1596 ipsius
3274 1542 3465 1581 sacro—

1868 1621 2071 1675 sanctis
2104 1621 2452 1691 pactionibus
2496 1636 2790 1689 persuasus
2829 1620 3041 1690 (earum
3071 1621 3220 1674 enim
3269 1620 3467 1676 memi~

1870 1720 2020 1774 nisse
2063 1719 2344 1790 sanctum)
2407 1720 2758 1789 episcOpatus
2813 1718 3037 1786 quidem
3088 1716 3360 1784 ordinem,
3406 1728 3467 1773 ut

160 1808 562 1880 ἱεροτελεστάς·
616 1807 815 1869 αὐτούς
870 1823 931 1859 τε
980 1807 1190 1870 πείσεις
1246 1807 1577 1879 ὁμολογῆσαι
1626 1811 1766 1864 κατά

1872 1813 2088 1867 cazteris
2120 1814 2578 1882 praeStantiorem,
2617 1825 2964 1880 nequaquam
3010 1809 3166 1865 alteri
3220 1826 3467 1864 comtnu~

156 1900 360 1971 θεσμὸν
413 1899 751 1971 ἱεραρχικδν,
792 1897 1050 1969 καθαρῶν
1089 1898 1186 1969 μὲν
1232 1898 1490 1971 καθαρῶς
1523 1901 1763 1969 ἐφάπτε-

156 1992 301 2054 σθαι,
326 1994 617 2046 κοινωνεῖν
640 1991 697 2044 δὲ
723 1990 903 2062 μόνοις
932 1988 1041 2042 τῶν
1069 1989 1404 2062 θεουργικῶν
1436 1995 1551 2056 τοῖς
1577 1994 1761 2060 θείοις,

156 2082 398 2137 καὶτῶν
445 2082 671 2135 τελείων
716 2080 1099 2144 τελειωτικοῖς,
1129 2082 1306 2149 ἁγίοις
1337 2100 1395 2135 τε
1435 2083 1545 2137 τῶν
1590 2104 1765 2140 πανα-

158 2174 468 2241 γεστάτων,
496 2174 670 2228 ἄλλων
696 2191 755 2226 τε
799 2172 1126 2244 ἱεραρχικῶν
1149 2172 1194 2204 ⁸³
1220 2191 1301 2227 σοι
1334 2176 1428 2228 καὶ
1450 2176 1639 2232 τούτου
1669 2196 1766 2249 με-

161 2268 442 2324 ταδεδωκα
473 2269 571 2323 τοῦ
598 2268 781 2323 ἐνθέου
809 2268 1002 2341 δώρου.

1873 1903 2103 1968 nicabis,
2146 1912 2511 1973 praeterquam
2560 1904 2635 1957 tui
2670 1903 2941 1957 similibus
2986 1902 3341 1957 dciformibus
3373 1914 3465 1955 sa-

1874 1996 2219 2060 cerdotibus;
2274 1998 2520 2067 ipsisque
2577 1998 2935 2067 persuadebis
2984 2005 3043 2051 ut
3093 1994 3246 2063 juxta
3300 1993 3464 2046 ritum

1876 2088 2282 2143 bierarchicum
2336 2089 2722 2159 profiteantur,
2775 2100 2962 2147 sancta
3013 2089 3231 2160 quidem
3277 2095 3467 2141 sancte

1875 2194 2243 2253 contrectare,
2269 2186 2401 2241 solis
2432 2196 2613 2241 autem
2645 2187 2838 2242 deifica
2872 2187 3091 2252 divinis,
3130 2181 3465 2253 pcrﬁeientia

1877 2278 2235 2350 perfectionis
2258 2281 2577 2349 capacibus,
2610 2281 2930 2350 sanctisque
2955 2278 3299 2334 sanctissima
3323 2291 3470 2329 com-

160 2366 452 2423 municare
508 2381 521 2417 :

163 2475 301 2515 ntus.

580 2377 706 2417 nam
729 2370 928 2433 przeter
984 2361 1090 2417 alia
1157 2377 1441 2419 sacrorum
1467 2365 1722 2422 ordinum
1779 2385 2027 2432 munera.
2057 2372 2159 2429 hoc
2203 2388 2424 2443 quoque
2473 2373 2717 2429 divinum
2772 2374 2870 2430 tibi
2925 2388 3124 2431 munus
3168 2371 3466 2429 demanda-

1240 2617 1402 2689 158
1454 2616 1990 2675 ADNOTATIONES
2044 2617 2405 2709 CURDERI.‘

244 2756 352 2829 ςι.
383 2756 527 2829 Nota
554 2756 752 2829 primo.
788 2754 1051 2829 sublimes
1085 2753 1207 2829 illas
1250 2755 1525 2829 loquendi
1551 2754 1842 2829 formulas,
1887 2756 2084 2824 qmbus
2131 2758 2499 2812 literarcmam
2536 2771 2627 2829 seu
2662 2770 2877 2829 sacrum
2912 2756 3163 2811 ordinem
3214 2767 3460 2816 nostrum

164 2825 485 2901 ὁρέει-ἰδῇς
521 2825 779 2901 t,"dice_ns
802 2827 956 2901 illum
986 2841 1110 2881 esse
1146 2825 1244 2896 τῆς
1271 2825 1476 2889 ἐνθέου,
1514 2826 1567 2901 id
1595 2836 1699 2901 est,
1732 2826 1766 2877 L

1873 2828 2047 2880 insitcc
2071 2845 2161 2901 seu
2188 2830 2438 2901 indeiataz,
2469 2828 2566 2882 καὶ
2594 2828 2777 2893 θείας,
2802 2840 2850 2881 et
2877 2829 3111 2901 divinw,_
3128 2829 3228 2883 καὶ
3260 2833 3466 2901 ﬂeovp-

166 2898 363 2969 τικῆς,
385 2908 433 2951 et
462 2896 677 2963 deiﬁcae
702 2898 849 2965 (quia
876 2914 975 2967 per
995 2906 1362 2969 sacramenta,
1384 2896 1840 2969 quaefunctiones
1864 2912 1986 2951 sunt
2011 2900 2244 2960 ordinis,
2269 2900 2467 2951 divinae
2487 2908 2701 2951 natura:
2718 2908 3003 2952 consortes
3030 2899 3320 2965 efficimur,
3347 2896 3460 2956 πιέ-

166 2966 554 3091 diantejgratia
576 2966 953 3023 sanctificante
977 2983 1141 3035 quam
1166 2967 1476 3036 conferunt)
1495 2966 1766 3035 ἐπιστήμ

166 3051 357 3091 vertcn
407 3055 520 3091 um.
552 3054 717 3091 quam
762 3040 1116 3091 ouerationis.
1159 3038 1419 3091 quoniam
1469 3038 1610 3090 sacri
1651 3039 1766 3090 ordi

1875 2969 2130 3032 scientiw,
2151 2969 2249 3021 καὶ
2266 2969 2589 3039 ἐνεργείας,
2609 2978 2658 3020 et
2686 2969 2965 3039 aﬂlalionir
2987 2970 3088 3039 (sic
3106 2970 3250 3023 enim
3280 2974 3466 3040 potius

1872 3076 1873 3083 η
1924 3055 2021 3091 Der
2055 3038 2479 3091 iusuﬂlatmnetn
2531 3050 2586 3091 et
2620 3038 2861 3091 Suiritus
2893 3039 3071 3091 sancti
3111 3041 3464 3091 donationem

166 3038 520 3101 vertendum,
552 3054 717 3108 quam
762 3040 1116 3104 operationis,
1159 3038 1419 3106 quoniam
1469 3038 1610 3090 sacri
1651 3039 1873 3092 ordines
1924 3055 2021 3107 per
2055 3038 2479 3094 inSnfflattouetn
2531 3050 2586 3093 et
2620 3038 2861 3107 Spiritus
2893 3039 3071 3093 sancti
3111 3038 3465 3099 donationem

167 3110 534 3166 cuttferuntur
566 3107 582 3163 ἑ
633 3110 759 3164 hinc
792 3108 1175 3180 ὲνεργούμενοι
1202 3119 1487 3180 vocantur,
1528 3108 1619 3176 qui
1666 3107 1860 3175 spiritu
1894 3110 2077 3178 aliquo
2125 3110 2292 3163 afllati
2346 3120 2494 3173 sunt,
2540 3110 2657 3163 sive
2688 3111 2856 3173 bono,
2893 3120 2951 3163 ut
2988 3111 3048 3163 ﬁt
3081 3111 3132 3164 in
3175 3113 3463 3167 ordinibus

170 3198 296 3235 cum
338 3181 616 3249 accipitur
664 3179 901 3247 Spiritus
940 3190 1184 3242 sanctus,
1232 3179 1322 3246 qni
1361 3188 1616 3247 tanquam
1648 3194 1815 3247 agens
1848 3182 2157 3247 praecipuus
2212 3196 2308 3249 per
2362 3182 2678 3235 sacerdotes
2729 3191 3077 3234 sacramenta
3114 3180 3467 3237 conferentes

168 3260 435 3320 operatur
479 3250 1007 3315 sanctificationem;
1044 3252 1159 3303 sive
1200 3250 1364 3320 malo,
1397 3259 1455 3301 ut
1499 3250 1557 3301 fit
1591 3250 1644 3320 in
1674 3251 1929 3320 obsessis,
1958 3251 2047 3317 qui
2098 3266 2127 3303 a
2160 3252 2407 3305 daemone
2435 3252 2811 3318 exagitantur,
2843 3262 2894 3304 et
2923 3254 2974 3304 in
3023 3253 3222 3320 quibus
3249 3252 3464 3306 damnor:

168 3318 352 3394 petitis
385 3324 500 3391 agit
530 3336 693 3394 quam
742 3321 867 3394 ipsi)
891 3321 989 3374 καὶ
1023 3318 1485 3394 τελειώσεως-,ει
1524 3319 1864 3394 perfectionis
1907 3321 2026 3375 sive
2077 3323 2489 3376 consecrationis
2538 3335 2667 3394 esse,
2694 3330 2805 3375 etc.
2830 3322 2966 3377 Vide
3012 3318 3176 3391 supra
3201 3323 3254 3376 iu
3302 3339 3469 3393 gene-

171 3393 383 3445 ralibus
416 3392 897 3446 observationibus
928 3393 1185 3460 primam,
1219 3392 1515 3445 secundam
1550 3400 1603 3443 et
1639 3391 1877 3445 tertiam.

240 3463 381 3517 Nota
410 3463 656 3515 secundo
688 3462 878 3527 etiam,
912 3477 1073 3531 quam
1107 3460 1291 3515 divina
1327 3460 1692 3529 sublimiaquc
1723 3478 1766 3512 ιιι

1875 3476 1941 3515 na
1979 3462 2071 3516 det
2100 3462 2340 3527 Christo,
2370 3463 2561 3517 dicens
2592 3479 2605 3517 :
2660 3462 2904 3532 Ἰησοῦς
2928 3466 2960 3516 ό
2995 3464 3466 3531 θεαρχικώτατος

168 3533 336 3599 νοῦς,
376 3532 479 3585 καὶ
512 3534 895 3600 ὑπερούσιος,
928 3532 1087 3586 Jesus
1115 3532 1398 3585 divinitate
1433 3532 1948 3592 transcendens,seu
1976 3534 2310 3586 divinissima
2343 3543 2387 3586 et
2416 3536 2876 3601 superessentialis
2902 3550 2995 3587 seu
3033 3538 3465 3601 supernatat-alis

171 3621 356 3669 mens;
385 3605 593 3674 quippe
637 3606 729 3670 qui
766 3606 945 3657 oumis
986 3603 1292 3674 divinitatis
1323 3617 1387 3674 ac
1418 3602 1738 3674 subStantia:
1766 3618 1858 3655 seu
1906 3614 2116 3657 natura:
2141 3620 2168 3655 a
2205 3604 2360 3674 nobis
2404 3607 2783 3674 conceptibilis
2816 3605 3136 3672 dignitatem
3178 3605 3334 3674 longe
3368 3623 3464 3659 su-

171 3686 359 3742 peret;
413 3675 450 3742 ἡ
488 3672 692 3740 πάσης
747 3674 1068 3741 ίεραρχίας,
1103 3672 1450 3742 ἀγιαστείας
1483 3688 1546 3725 τε
1582 3672 1679 3725 καὶ
1738 3674 2046 3742 θεουργίας
2097 3672 2277 3742 ἀρχὴ,
2316 3674 2414 3727 καὶ
2466 3672 2667 3736 οὐσία,
2727 3680 2825 3728 καὶ
2878 3672 3314 3742 θεαρχικωτάτὴ
3361 3675 3465 3730 ὀύ-

172 3763 370 3814 ναμις,
409 3744 672 3816 universae
700 3744 1072 3816 ordinationis
1119 3760 1288 3797 sacra:
1331 3743 1798 3812 sanctimonia’que
1829 3761 1889 3795 ac
1934 3746 2127 3797 divina:
2164 3745 2454 3816 [unctionis
2493 3748 2811 3813 principium
2843 3757 2890 3800 et
2916 3748 3171 3810 essentia,
3199 3747 3466 3816 virtusque

174 3813 537 3869 dieinissima.
578 3815 831 3868 Christus
876 3814 1021 3868 enim
1053 3830 1158 3883 qua
1196 3817 1334 3869 Deus
1377 3816 1559 3876 homo,
1595 3824 1679 3867 est
1711 3822 1903 3867 auctor
1934 3825 1986 3868 et
2022 3824 2185 3882 caput
2236 3813 2514 3879 Ecclesite,
2550 3826 2605 3869 et
2640 3818 2920 3870 institutor
2963 3813 3464 3881 sacramentorum,

173 3888 376 3952 quibus
406 3886 520 3956 vim
552 3884 933 3956 sanctificandi
961 3886 1180 3952 indidit,
1212 3887 1347 3938 etin
1389 3883 1587 3952 quibus
1613 3895 1671 3936 ut
1717 3885 2037 3952 principalis
2085 3900 2347 3953 operatus,
2378 3887 2567 3940 eadem
2604 3891 2838 3955 ipsemet
2868 3894 3150 3956 operatur,
3178 3898 3235 3939 ιιι
3266 3888 3466 3941 docent

178 3955 421 4026 theologi
467 3969 592 4026 cum
630 3954 694 4007 D.
721 3955 930 4009 Thema
965 3966 1119 4026 parte
1149 3971 1232 4019 ut,
1268 3965 1464 4023 quaast.
1505 3956 1595 4021 64,
1623 3965 1727 4008 art.
1764 3955 1818 4007 2.
1854 3954 2339 4009 Sacramentorum
2372 3957 2516 4010 enim
2564 3954 2833 4013 institutio
2870 3954 3108 4026 pertinet
3151 3961 3221 4011 ad
3262 3974 3463 4011 munus

176 4024 495 4081 Sacerdotii
530 4026 759 4089 Christi,
790 4026 881 4094 qui
910 4024 973 4079 et
997 4036 1055 4078 ut
1080 4024 1226 4080 Deus
1253 4037 1308 4080 et
1330 4036 1387 4078 ut
1420 4026 1585 4079 homo
1624 4036 1884 4093 operatur
1924 4027 2239 4079 interiorem
2267 4026 2518 4095 effectum
2552 4024 2885 4083 sacramenti
2912 4046 2925 4089 ;
2964 4038 3022 4080 ut
3050 4030 3189 4081 Deus
3219 4030 3464 4095 quidem,

177 4105 456 4168 potestate
477 4098 853 4159 auctoritatis;
877 4106 934 4149 ut
952 4097 1115 4150 homo
1137 4111 1289 4163 vero,
1312 4107 1584 4163 potestate
1603 4097 1924 4150 excellentis
1950 4097 2258 4149 ministerii.
2282 4094 2530 4168 l’otestas
2554 4111 2733 4152 autem
2762 4098 3111 4152 auctoritatis
3132 4108 3214 4152 est
3235 4094 3321 4151 illa
3348 4114 3468 4168 qua)

177 4169 403 4221 omnino
438 4167 817 4239 independens
844 4176 951 4233 est,
989 4180 1044 4221 et
1079 4167 1178 4223 soli
1214 4168 1325 4221 Deo
1357 4168 1655 4239 convenit:
1694 4177 1939 4239 potestas
1979 4182 2108 4219 vero
2145 4166 2480 4239 excellentia:
2517 4170 2767 4222 consistit
2796 4172 2848 4221 in
2900 4183 2988 4232 eo,
3018 4171 3162 4237 quod
3200 4166 3464 4221 nimirum

180 4239 439 4293 Christus
470 4238 647 4304 primo
681 4238 922 4307 potuerit
968 4249 1321 4292 sacramenta
1356 4237 1647 4290 instituere
1673 4237 1705 4305 ;‘
1745 4240 1987 4291 secundo
2016 4240 2164 4305 quod
2211 4238 2325 4289 suis
2364 4238 2578 4293 meritis
2619 4254 2835 4293 onmem
2888 4240 2956 4293 iis
2987 4241 3093 4292 vim
3140 4240 3465 4303 contulerit;

182 4310 360 4375 tertio,
400 4307 548 4376 quod
588 4308 641 4361 in
673 4309 791 4377 ejus
830 4308 1053 4363 nomine
1081 4319 1484 4362 consecrentur
1525 4318 1578 4362 et
1606 4309 1863 4362 dicantur
1896 4318 2241 4362 sacramenta
2287 4308 2516 4372 Christi,
2549 4321 2603 4362 et
2642 4310 2879 4363 ministri
2914 4320 3120 4362 tantum
3151 4312 3268 4375 ejus
3295 4311 3467 4362 vicem

186 4389 420 4449 gerant;
455 4388 655 4451 quarto
677 4381 823 4449 quod
846 4381 1011 4451 etiam
1056 4385 1261 4449 absque
1319 4379 1684 4433 sacramentis
1715 4389 1931 4449 poterat
1958 4383 2189 4449 gratiam
2240 4379 2511 4433 conferre.
2548 4378 2679 4433 Vide
2708 4382 2864 4451 plura
2898 4382 3038 4451 apud
3084 4381 3266 4434 divum
3321 4380 3470 4433 'l’lio-

182 4465 321 4502 mam
362 4464 533 4519 supra
563 4449 793 4504 citatum
824 4458 929 4504 art.
955 4449 1013 4506 5.
2545 4489 2553 4497 ι
2710 4449 2725 4451 “
2940 4449 2944 4451 ’
3108 4456 3113 4463 ’

247 4520 391 4573 Nola
424 4520 613 4584 tertio,
640 4536 802 4589 quam
839 4521 1069 4589 pulchre
1100 4523 1358 4576 virtutem
1386 4523 1724 4575 sacramenti
1751 4521 1966 4576 ordinis
1996 4521 2293 4585 describat,
2328 4522 2517 4575 dicens
2543 4538 2557 4576 :
2589 4521 2731 4586 Quin
2765 4530 2813 4574 et
2843 4523 3046 4576 intento
3070 4522 3127 4574 in
3153 4536 3272 4573 eum
3295 4521 3468 4574 amori

181 4602 358 4644 nostra
393 4590 696 4660 frequentes
726 4592 976 4645 admiscet
1012 4594 1311 4658 varietates,
1356 4591 1547 4646 Graece
1586 4592 1935 4662 ἑτερότητας
1971 4595 2020 4646 id
2055 4604 2132 4645 est
2154 4594 2447 4646 alteiiiates
2471 4609 2564 4647 seu
2597 4596 2927 4648 diversitates
2959 4606 2977 4645 :
3009 4607 3112 4645 non
3160 4594 3307 4646 enim
3338 4596 3470 4644 sim-

181 4663 300 4727 plici
342 4662 1008 4717 rationesanctilicamur
1038 4674 1096 4716 ut
1121 4666 1323 4731 angeli,
1349 4666 1442 4717 sed
1465 4678 1559 4731 per
1585 4665 1833 4718 diversas
1865 4667 2223 4718 cmremonias
2243 4676 2295 4719 et
2323 4666 2464 4717 ritus
2495 4674 2982 4727 sacramentorum,
3007 4677 3129 4730 qum
3165 4664 3267 4716 sub
3298 4663 3471 4730 signis

182 4744 235 4804 et
267 4732 542 4804 symbolis
569 4733 951 4787 conferuntur.
980 4734 1274 4803 Additque,
1308 4744 1507 4801 praeter
1546 4735 1776 4803 gratiam
1812 4734 2274 4799 sanctificantem,
2327 4735 2704 4788 sacerdotibus
2747 4744 3001 4788 Virtutem
3034 4735 3329 4801 quamdam
3366 4736 3468 4785 ha-

182 4802 445 4874 bitualem
476 4804 811 4858 sacramenti
842 4805 1051 4859 ordinis
1099 4802 1375 4874 propriam
1418 4805 1679 4869 conferri,
1712 4822 1817 4874 qua
1847 4807 2217 4872 disponuntur
2264 4807 2329 4858 ad
2379 4815 2721 4859 sacramenta
2775 4815 2965 4858 sancte
3009 4804 3465 4861 administranda.

182 4871 315 4950 Hinc
352 4876 723 4950 confirmatur
754 4876 1031 4950 sententia
1071 4871 1448 4950 theologorum
1481 4877 1533 4928 in
1584 4871 1744 4950 parte
1770 4892 1856 4950 ιιι⁹
1887 4871 1951 4945 (ιζ
1972 4877 2068 4950 62.,
2100 4886 2207 4929 art.
2236 4878 2293 4939 9.,
2318 4878 2657 4950 docentium,
2690 4876 3159 4950 praater__gratiatn
3206 4876 3469 4950 habitun-

182 4947 280 4999 lem
308 4955 368 5000 et
399 4945 637 4998 virtutes
669 4955 721 4999 et
752 4946 918 5008 dona,
957 4946 1169 5016 singula
1197 4945 1544 5000 sacramenta
1579 4945 1852 5001 conferre
1874 4949 2143 5015 quoddam
2178 4949 2447 4999 auxilium
2502 4946 2761 5015 speciale,
2803 4946 3119 4999 ordinatum
3171 4945 3237 4997 ad
3272 4959 3471 4999 conse-

182 5019 462 5087 quendum
506 5019 792 5084 proprium
828 5017 974 5071 illius
1005 5020 1332 5072 sacramenti
1372 5018 1557 5083 finem,
1594 5018 1669 5070 ita
1699 5028 1760 5071 ut
1795 5033 1846 5071 v.
1891 5035 1944 5087 g.
1987 5018 2317 5084 baptismus,
2354 5026 2552 5087 praeter
2584 5017 2720 5069 dona
2758 5016 3056 5070 habitualia
3100 5017 3308 5084 gratim,
3334 5030 3437 5068 con

182 5085 321 5141 ferat
352 5090 523 5141 etiam
551 5087 792 5154 speciale
817 5087 1079 5142 auxilium
1109 5091 1177 5141 ad
1210 5096 1651 5143 conservandam
1684 5085 2113 5150 noVam'vitam,
2151 5098 2209 5142 et
2261 5090 2329 5142 ad
2356 5085 2483 5140 ialia
2540 5098 2885 5143 sacramenta
2933 5088 3038 5141 rite
3080 5086 3426 5153 suscipienda
3449 5124 3467 5152 ,

185 5159 544 5211 confirmatio
579 5162 647 5211 ad
679 5160 842 5212 [idem
888 5161 1278 5228 profitendam,
1313 5160 1650 5213 eueharistia
1681 5162 1747 5211 ad
1785 5159 2146 5214 crescendum
2197 5159 2249 5211 in
2282 5160 2582 5223 charitate,
2628 5160 2765 5211 ordo
2817 5160 2886 5211 ad
2945 5168 3291 5211 sacramenta
3338 5171 3473 5209 con-

183 5230 442 5294 ficienda,
496 5228 581 5282 vel
629 5229 939 5284 functiones
986 5230 1199 5284 ordinis
1238 5231 1505 5299 cujusque
1559 5232 1663 5283 rite
1702 5232 2005 5294 obeundas,
2062 5240 2118 5283 et
2172 5232 2250 5283 sic
2296 5232 2365 5285 de
2428 5230 2672 5283 cmteris.
2723 5231 2857 5283 Cum
2910 5231 3056 5281 enim
3123 5235 3470 5281 sacramenta

183 5302 515 5354 ordinentur
541 5302 611 5355 ad
640 5301 827 5355 varios
852 5300 1081 5357 effectus
1112 5312 1167 5354 et
1198 5302 1536 5363 functiones,
1584 5304 1875 5355 conferunt
1904 5314 2070 5354 etiam
2111 5301 2329 5355 diversa
2371 5301 2571 5354 auxilia
2610 5301 2677 5353 ad
2716 5300 2838 5353 illos
2872 5300 3121 5353 effectus.

255 5370 367 5442 εὶ.
414 5372 581 5437 Nota,
604 5387 673 5425 ex
703 5386 769 5425 eo
801 5375 946 5441 quod
972 5374 1107 5426 dicit
1138 5390 1153 5426 :
1180 5373 1374 5428 Omnes
1426 5390 1590 5426 unum
1618 5382 1892 5441 appetunt,
1943 5372 2060 5439 ejus
2094 5384 2270 5425 tamen
2315 5376 2454 5441 quod
2506 5387 2672 5425 unum
2719 5380 2793 5424 est
2838 5386 2945 5423 non
2994 5368 3242 5442 unimode
3293 5366 3436 5435 parti
3466 5394 3471 5397 -

185 5441 323 5512 cipe;
356 5447 619 5509 existunt,
668 5443 903 5513 liquere,
943 5458 1165 5500 omnem
1206 5446 1575 5499 differentiam
1611 5443 2097 5513 participationem
2150 5457 2220 5497 ex
2270 5444 2580 5499 dttferentia
2630 5442 3076 5512 participautium
3123 5441 3367 5519 existere
3414 5445 3469 5491 et

1552 5604 1777 5661 vanus
1814 5600 2211 5659 LECTIONES.
2248 5572 2251 5585 ³

256 5793 301 5831 ⁸⁸
329 5793 707 5865 τελουμένους,
747 5794 805 5848 D.
844 5795 903 5852 P.
981 5797 1023 5829 θ’
1056 5795 1488 5867 θεοπαραόότων,
1526 5794 1626 5850 Ch.
1705 5793 1751 5826 9³
1786 5789 2132 5863 ἱερτῑρχῑκῶς,
2168 5788 2232 5842 ἶ)-
