3874 6228
159 363 254 419 581
728 352 813 413 DE
854 352 1136 411 ECCLES.
1175 350 1583 419 lllERARCH.,
1620 351 1777 407 CAP.
1814 351 1854 411 l.
1908 383 1978 393 —-
2027 349 2380 407 PARAPHR.
2421 349 2891 407 PACHYMERIE.

3347 349 3453 405 33?

1220 465 1712 523 PARAPHRASIS
1750 467 2202 525 PACHYMERIE
2240 469 2374 540 (9.9.).

220 698 387 753 Μετὰ
437 696 539 767 τὴν
594 696 854 767 οὐρανίαν
910 696 1193 768 ίεραρχίαν
1241 695 1603 767 διαλαμϐάνει
1667 699 1762 751 καὶ

1943 700 2075 756 Post
2095 699 2377 755 cmlestem
2395 697 2761 753 hierarchiant
2785 704 2984 751 tractat
2999 695 3165 751 etiam
3188 695 3253 751 de
3269 704 3455 750 nostra

152 793 283 862 πρὶ
303 790 409 861 τῆς
433 788 557 842 καθ’
590 789 739 859 ἡμᾶς
780 788 1088 860 ἱεραρχίας,
1118 789 1186 858 ἥν
1231 788 1333 841 οὐκ
1374 783 1495 842 εἷπε
1541 790 1759 861 γηῖνηψ

151 884 199 936 εί
230 882 343 954 γὰρ
386 882 485 935 καὶ
526 882 586 933 ἐν
620 883 690 951 γῇ
720 879 1081 945 πολιτεύεται,
1122 880 1237 933 ἀλλ’
1267 882 1297 933 ὁ
1340 880 1545 945 σκοπὸς
1574 883 1669 935 καὶ
1703 881 1765 935 τὸ

152 974 305 1038 τέλος
337 974 518 1043 αὐτῆς
560 972 812 1043 οὐράνιός
849 973 1034 1037 ἐστιν,
1079 974 1160 1036 εἰς
1206 972 1441 1043 μίμησιν
1488 972 1583 1025 τοῦ
1626 972 1763 1027 Θεοῦ

150 1068 368 1136 ἄγουσα
416 1066 510 1119 τὸν
544 1064 854 1136 ἄνθρωπον,
900 1062 1082 1126 καθὼς
1111 1063 1297 1134 ἐκείνη
1336 1061 1437 1127 τὰς
1481 1063 1633 1128 θείας
1667 1064 1765 1119 καὶ

150 1158 443 1232 οὐρανίους
485 1157 765 1227 δυνάμειςο
812 1154 1241 1227 προηγουμένως
1287 1154 1397 1227 γὰρ
1433 1156 1527 1210 καὶ
1559 1156 1765 1229 κυρίως

148 1251 213 1304 τὸ
241 1248 558 1319 καθαίρειν,
578 1246 640 1299 τὸ
663 1245 942 1315 φωτίζειν,
964 1246 1027 1299 τὸ
1049 1244 1311 1311 τελειοῦν,
1338 1246 1432 1300 τοῦ
1455 1246 1591 1300 Θεοῦ
1618 1248 1756 1301 ἐστι·

150 1341 431 1412 δευτέρως
451 1340 510 1392 δὲ
536 1338 631 1392 καὶ
656 1336 767 1390 τῶν
807 1336 1078 1405 ἀγγέλων,
1118 1337 1263 1391 κατὰ
1290 1338 1475 1410 τρίτον
1511 1338 1568 1391 δὲ
1604 1337 1764 1406 λόγον

157 1436 252 1488 καὶ
283 1433 473 1488 αὐτῶν
496 1432 607 1485 τῶν
635 1430 962 1504 ἀνθρώπων·
994 1430 1169 1484 ταῦτα
1195 1431 1306 1503 γάρ
1337 1433 1445 1485 είσι
1465 1431 1535 1484 τὰ
1561 1431 1689 1504 τρία
1727 1434 1761 1504 ή

152 1528 253 1597 τῆς
279 1525 575 1597 ἱεραρχίας
606 1525 878 1597 ἐνέργεια.
920 1523 1108 1577 Ταῦτα
1150 1522 1306 1595 παρὰ
1341 1523 1439 1594 μὲν
1484 1526 1607 1588 ταῖς
1649 1523 1762 1578 ἄνω

155 1619 371 1683 οὐσίαις
397 1617 727 1689 τελούμενα,
769 1619 817 1671 εί
857 1617 953 1670 καὶ
999 1616 1278 1687 μυστήρια
1306 1618 1467 1680 εἰσιν,
1504 1616 1581 1680 ὡς
1624 1616 1761 1669 Θεοῦ

157 1714 295 1784 ἔργα
322 1713 635 1785 ὑπέρτατα,
669 1710 787 1766 ἀλλ’
813 1707 909 1765 οὖν
947 1711 1008 1765 οὐ
1057 1710 1332 1781 μυστήριὰ
1364 1711 1469 1763 είσι
1497 1709 1633 1782 πρὸς
1664 1709 1761 1762 ἀλ-

156 1804 345 1875 λήλας·
374 1805 552 1857 πᾶσαι
584 1802 695 1875 γὰρ
723 1802 877 1872 ἆγιαι
911 1803 1005 1855 καὶ
1048 1801 1399 1873 μεμυημέναι
1431 1801 1536 1855 εἰσὶ
1565 1804 1633 1873 τῇ
1665 1815 1765 1873 χά-

159 1915 266 1969 ριτι
289 1896 390 1951 τοῦ
417 1896 577 1959 Θεοῦ,
601 1897 650 1949 εὶ
677 1896 772 1951 καὶ
796 1894 931 1965 ἄλλη
956 1893 1125 1965 ἄλλης
1160 1893 1382 1965 προέχει
1408 1893 1549 1947 κατὰ
1575 1894 1637 1947 τὸ
1667 1895 1763 1964 μέ-

154 2007 283 2063 τρον
304 1991 413 2061 τῆς
449 1992 568 2043 ἐκεῖ
605 1988 717 2042 εἴτε
752 1986 981 2052 τάξεως,
1025 1986 1137 2041 εἴτε
1183 1986 1288 2057 μὴν
1322 1986 1417 2039 καὶ
1451 1984 1758 2057 δυνάμεως·

1875 792 2224 857 hierarchia,
2266 807 2430 861 quam
2467 806 2575 844 non
2615 790 2751 844 dixit
2802 801 3111 853 terrenam;
3143 789 3294 856 quia,
3326 787 3455 841 licet

1866 884 1921 939 in
1955 893 2101 938 terra
2143 881 2554 937 administretur
2576 920 2593 947 ,
2630 894 2829 948 scopus
2864 888 3043 933 tamen
3076 888 3129 933 et
3166 879 3293 932 linis
3334 892 3455 946 ejus

1864 978 2113 1035 etelestis
2139 985 2248 1042 est,
2291 992 2415 1030 cum
2451 977 2518 1029 ad
2552 974 2877 1029 imitandum
2907 972 3079 1026 Deum
3109 972 3336 1027 inducat
3357 971 3456 1028 bo-

1867 1069 2095 1134 minem,
2116 1083 2223 1122 non
2257 1081 2418 1122 secus
2440 1080 2506 1121 ac
2536 1064 2626 1119 illa
2650 1065 2865 1119 divinas
2892 1062 3253 1133 ctelestesque
3285 1063 3457 1117 virtu-

1871 1169 1974 1226 tes,
2006 1159 2278 1229 siquidem
2309 1156 2691 1229 principaliter
2719 1172 2783 1210 ac
2823 1154 3069 1227 proprie,
3099 1155 3347 1225 expiare,
3385 1154 3454 1209 il-

1865 1251 2163 1318 luminare,
2235 1250 2521 1321 perlicere,
2573 1248 2670 1304 Dei
2728 1258 2842 1316 est;
2889 1248 3220 1309 secundario
3272 1255 3455 1301 autem

1867 1342 2037 1397 etiam
2068 1341 2407 1410 angelorum,
2435 1342 2735 1395 secundum
2774 1353 2905 1393 vero
2928 1338 3144 1393 tertiam
3179 1337 3451 1393 rationem

1865 1434 2033 1489 etiam
2072 1434 2315 1503 ipsorum
2371 1432 2689 1496 hominum,
2722 1431 2982 1501 quoniam
3020 1429 3136 1484 base
3186 1429 3290 1483 tria
3325 1439 3457 1483 sunt

1866 1541 2068 1580 munus
2100 1523 2447 1581 hierarchia:.
2483 1522 2610 1578 llam
2649 1524 2778 1578 dum
2831 1522 2885 1576 in
2934 1521 3191 1590 supernis
3233 1519 3453 1589 quidem

1865 1617 2121 1673 essentiis
2150 1616 2526 1684 perﬁciuntur,
2556 1614 2772 1670 tametsi
2794 1614 2904 1668 sint
2937 1612 3219 1683 mysteria,
3254 1612 3457 1680 quippe

1866 1710 1964 1765 Dei
2009 1723 2179 1777 opera
2223 1708 2643 1773 sublimissima,
2684 1717 3064 1762 verumtamen
3110 1705 3291 1773 quoad
3336 1703 3455 1759 illas

1866 1818 1977 1857 non
2009 1812 2143 1857 sunt
2172 1801 2465 1873 mysteria;
2502 1800 2759 1870 quoniam
2791 1815 2983 1855 omnes
3015 1806 3218 1852 sanctae
3245 1806 3373 1851 sunt
3400 1806 3459 1852 et

1868 1894 2046 1963 gratia
2092 1892 2186 1948 Dei
2240 1902 2603 1957 consecratze,
2646 1890 2898 1961 quamvis
2951 1889 3123 1944 altera
3168 1888 3242 1943 sit
3283 1888 3456 1943 altera

1868 1983 2246 2053 praestantior,
2276 1983 2575 2038 secundum
2613 1984 2882 2038 rationem
2913 1998 3034 2053 qua:
3061 1981 3171 2036 illic
3199 1992 3309 2046 est,
3339 1981 3458 2036 sive

157 2062 286 2155 παρ’
319 2085 456 2155 ἡμῖν
494 2081 552 2135 δὲ
592 2080 915 2150 τελούμενα,
949 2080 1225 2150 μυστήρια
1254 2077 1534 2146 λέγονται,
1565 2078 1624 2129 οὐ
1657 2076 1766 2147 γὰρ

1873 2076 2079 2133 ordinis
2106 2076 2224 2131 sive
2254 2076 2508 2143 virtutis;
2544 2090 2665 2146 qua:
2699 2091 2827 2131 vero
2852 2074 2993 2145 apud
3024 2090 3127 2129 nos
3154 2073 3453 2145 perﬁciun-

155 2177 360 2240 πάντες
407 2174 677 2248 καθαροὶ,
724 2171 850 2226 οὔτε
903 2173 1009 2242 μὴν
1062 2172 1428 2242 μεμυημένοι.
1473 2169 1635 2223 ’Ὀθεν
1675 2170 1771 2222 καὶ

155 2269 288 2341 παρ’
314 2268 561 2330 ἐκείναις
592 2266 692 2337 μὲν
734 2264 977 2327 ἁπάσαις
1005 2263 1181 2316 ταῦτά
1226 2265 1385 2327 εἰσιν,
1431 2264 1480 2315 εί
1526 2263 1622 2315 καὶ
1663 2260 1770 2315 ἀνὰ

159 2362 324 2434 μέρος
353 2361 453 2415 καὶ
480 2359 861 2431 καθαίρονται,
890 2357 983 2409 καὶ
1010 2355 1356 2426 φωτίζονται,
1384 2356 1479 2409 καὶ
1502 2353 1769 2408 τελειοῦν-

152 2473 276 2509 ται·
310 2456 451 2525 παρ’
476 2456 612 2525 ἡμῖν
647 2453 705 2506 δὲ
748 2451 809 2504 οὐ
839 2452 1025 2513 πᾶσιν,
1054 2448 1193 2503 ἀλλά
1218 2465 1351 2513 τισι,
1393 2447 1577 2512 καθὼς
1618 2448 1715 2502 καὶ
1740 2449 1770 2501 ὀ

154 2550 287 2613 Θεὸς
320 2548 416 2602 διὰ
456 2547 559 2601 τοῦ
596 2548 880 2618 προφήτου
922 2546 1093 2613 λέγει·
1147 2544 1215 2598 Τὸ
1263 2543 1608 2615 μυστήριόν
1648 2560 1768 2613 μου

156 2642 284 2711 ἐμοὶ
306 2640 414 2694 καὶ
440 2638 761 2707 τοῖς-ἐμοῖς·
790 2637 976 2708 ἐμοὺς
1001 2636 1178 2706 λέγων
1209 2637 1428 2700 πάντως
1450 2637 1577 2700 τοὺς
1603 2636 1769 2707 ἱερεῖς

158 2734 192 2804 ἧ
241 2734 374 2797 τοὺς
424 2730 833 2803 μεμυημένους.
883 2730 993 2801 Τὴν
1050 2726 1183 2799 γοῦν
1234 2727 1343 2782 τῶν
1390 2728 1768 2799 προκειμένων

161 2822 478 2893 κεφαλαίων
502 2821 852 2876 διδασκαλίαν
890 2820 1035 2878 κατὰ
1057 2819 1233 2876 διττὸν
1269 2820 1506 2874 ποιεῖται
1541 2818 1764 2890 τρόπον.

160 2916 384 2989 Πρῶτον
415 2917 526 2988 γὰρ
549 2915 820 2971 ἐκτίθεται
850 2914 933 2980 τὸ,
968 2914 1086 2979 πῶς
1111 2913 1348 2967 τελεῖται
1373 2912 1436 2965 τὸ
1471 2912 1768 2983 μυστήριον

158 3031 250 3084 τοῦ
276 3030 605 3100 κεφαλαίου·
634 3030 730 3083 καὶ
759 3029 1059 3099 μετέπειτα
1085 3026 1290 3097 θεωρία
1329 3024 1437 3078 τινὶ
1471 3023 1632 3077 τοῦτο
1658 3040 1765 3075 πα-

164 3122 472 3193 ραδίδωσιν.
540 3116 699 3185 Οἷον,
770 3120 1072 3192 μυστηρίου
1142 3120 1495 3187 φωτίσματος
1552 3114 1768 3177 έκθεσις

161 3211 402 3283 πρῶτον,
445 3204 567 3262 εἶτα
609 3209 836 3281 δευτέρα
873 3212 907 3281 ἡ
937 3209 1142 3281 θεωρία
1187 3206 1376 3261 αὐτοῦ⁸
1424 3205 1611 3269 πάλιν,
1662 3222 1767 3276 μυ-

161 3304 388 3375 στηρίου
435 3304 714 3370 συνάξεως
766 3302 1015 3364 ἔκθεσις,
1061 3296 1182 3353 εἶτα
1236 3302 1270 3370 ή
1320 3298 1525 3370 θεωρία
1578 3294 1765 3349 αὑτοῦ.

172 3395 322 3448 'Em‘t
353 3393 470 3465 γὰρ
507 3393 688 3446 διπλοῖ
722 3394 890 3464 ἐσμεν
927 3392 1021 3446 καὶ
1058 3394 1258 3462 ἡμεῖς,
1302 3390 1491 3461 ὁρατοὶ⁵
1530 3386 1673 3441 κατὰ
1706 3388 1768 3440 τὸ

1874 2180 1987 2237 tur,
2028 2170 2286 2240 mysteria
2313 2184 2407 2224 seu
2458 2180 2803 2226 sacramenta
2842 2168 3120 2231 dicuntur,
3169 2181 3277 2222 non
3307 2168 3455 2222 enim

1871 2277 2065 2319 omnes
2086 2262 2209 2332 puri
2241 2270 2394 2329 sunt,
2425 2277 2604 2332 neque
2630 2261 2794 2315 etiam
2821 2260 3046 2315 initiati.
3081 2259 3235 2315 Unde
3270 2261 3324 2313 in
3350 2258 3457 2313 illis

1870 2357 2128 2412 omnibus
2158 2357 2260 2411 ista
2296 2365 2447 2420 sunt,
2479 2355 2581 2410 etsi
2611 2370 2710 2424 per
2730 2362 2914 2424 partes
2942 2355 3107 2408 etiam
3141 2352 3453 2422 expientur,

1870 2458 1927 2507 et
1947 2451 2325 2506 illuminentur
2352 2458 2517 2519 atque
2548 2446 2939 2517 perﬁciantur;
2965 2445 3109 2514 apud
3140 2460 3239 2499 nos
3271 2452 3455 2497 autem

1872 2559 1980 2599 non
2004 2545 2060 2599 in
2088 2546 2364 2607 omnibus,
2397 2545 2494 2598 sed
2523 2543 2576 2596 in
2600 2541 2949 2612 quibusdam,
2996 2540 3454 2610 quemadmodum

1870 2639 2036 2692 etiam
2065 2636 2207 2692 Deus
2240 2651 2333 2706 per
2357 2636 2679 2706 prophetam
2722 2634 2839 2699 ait,
2873 2633 3217 2705 mysterium,
3249 2646 3345 2687 seu
3374 2647 3459 2683 se-

1870 2742 2070 2784 cretum
2104 2747 2276 2786 meum
2312 2730 2437 2783 mihi
2468 2730 2497 2769 ιι
2525 2741 2573 2784 et
2623 2728 2784 2793 meis;
2817 2744 2958 2781 meos
3000 2727 3209 2790 dicens,
3267 2724 3458 2794 utique

1871 2823 2187 2879 sacerdotes
2215 2822 2299 2876 vel
2334 2822 2606 2876 initiatos.
2636 2820 3048 2890 Propositorum
3091 2819 3277 2888 itaque
3301 2817 3455 2887 capi~

1873 2914 2113 2970 tulorum
2168 2913 2474 2969 doctrinam
2525 2912 2723 2982 duplici
2773 2912 2935 2967 modo
2982 2910 3167 2967 tradit.
3215 2910 3458 2963 Primum

1870 3008 2022 3063 enim
2068 3006 2399 3076 exponitur,
2448 3006 2721 3075 quomodo
2761 3003 3083 3075 mysterium
3124 3017 3219 3057 seu
3270 3012 3457 3055 saera-

1873 3109 2121 3155 mentum
2152 3100 2259 3155 isto
2291 3099 2475 3168 capite
2520 3097 2865 3168 propositum
2914 3103 3345 3156 consunnnetur,
3392 3107 3460 3147 ac

1871 3191 2068 3247 deinde
2097 3206 2194 3261 per
2225 3189 2743 3260 contemplationem
2775 3187 3067 3258 quamdam
3113 3186 3245 3239 illud
3276 3186 3459 3256 expli-

1871 3292 1981 3338 cat.
2015 3281 2177 3338 Verbi
2218 3282 2435 3353 gratia,
2476 3274 2571 3337 est
2614 3281 2884 3351 expositio
2934 3278 3319 3334 illustrationis
3361 3294 3460 3333 seu

1870 3376 2239 3446 baptismatis,
2271 3376 2468 3431 deinde
2490 3373 2846 3443 subsequitur
2875 3372 2993 3442 ejus
3030 3372 3457 3442 contemplatio;

162 3484 340 3555 σῶμα,
367 3456 480 3537 ⁷καί.
524 3456 809 3555 νοούμενοι
845 3482 991 3536 κατὰ
1017 3456 1218 3553 φυγὴν,
1263 3456 1427 3552 διπλῆ
1452 3482 1548 3533 καὶ
1572 3481 1607 3551 ή
1645 3478 1766 3532 καθ’

1874 3467 2135 3535 similiter
2178 3468 2451 3537 expositio
2495 3464 2832 3521 sacramenti
2868 3478 3142 3534 synaxeos
3179 3478 3273 3517 seu
3303 3477 3459 3517 com-

160 3579 304 3648 ήμᾶς
333 3579 593 3649 ἰεραρχία
612 3616 626 3641 ,
655 3576 889 3648 αἰσθητὴ
931 3575 1021 3629 διὰ
1048 3575 1157 3629 τῶν
1184 3575 1600 3647 ἐνεργουμένων
1633 3591 1771 3645 συμ-

163 3668 365 3732 ϐόλων,
405 3669 614 3740 νοητὴ,
656 3667 746 3721 διὰ
782 3668 884 3738 τῆς
947 3667 1199 3739 θεωρίας.
1248 3667 1462 3738 Θεωρία
1518 3665 1576 3719 δέ
1622 3666 1771 3718 ἐστιν

162 3757 389 3832 ἐπιϐολὴ
418 3759 542 3824 νοὸς
575 3758 780 3829 ἄμεσος
805 3759 901 3812 καὶ
920 3757 1050 3829 ψιλὴ
1078 3758 1186 3812 τῶν
1211 3757 1515 3830 αἰσθήσεων
1540 3756 1677 3828 πρὸς
1700 3755 1772 3809 τὰ

164 3848 526 3921 ὑποκείμενα.
573 3851 687 3921 Τῆς
738 3848 870 3918 γοῦν
914 3849 1172 3920 τοιαύτης
1224 3849 1511 3921 ἱεραρχίας
1562 3849 1658 3902 καὶ⁵
1699 3848 1771 3901 τὰ

164 3941 417 4013 σύμῦολα
445 3942 725 4014 μυστήρια
748 3943 855 3995 είσι
884 3942 1019 4013 πρὸς
1041 3943 1172 4006 τοὺς
1195 3940 1380 4008 ξένους
1406 3942 1503 4012 τῆς
1542 3939 1771 4011 Ἐκκλη-

166 4034 283 4097 aia;
309 4036 412 4087 mi.
443 4035 746 4105 ἀμυήτους·
776 4031 913 4087 ἀλλὰ
940 4034 1035 4087 καὶ
1065 4035 1099 4105 ή
1126 4033 1353 4105 θεωρία,
1383 4034 1459 4098 ὡς
1485 4033 1768 4105 ὑπερτάτη

166 4126 389 4193 γνῶσις,
428 4129 525 4179 καὶ
558 4127 789 4197 δεομένη
817 4127 1075 4193 πίστεως,
1113 4130 1410 4199 μυστήριον
1454 4128 1652 4198 λέγοιτ’
1680 4127 1766 4193 ἂν,

166 4218 345 4283 καθὼς
396 4221 493 4273 καὶ
530 4221 558 4272 ὁ
609 4221 927 4285 Ἀπόστολος
963 4221 1113 4289 λέγει
1140 4237 1155 4252 ο
1196 4218 1550 4288 Μυστήριον
1611 4218 1769 4288 λέγω

167 4312 324 4381 ὑμῖνσ
367 4313 602 4380 πάντες
645 4313 757 4381 μὲν
797 4316 869 4369 οὐ
908 4314 1413 4383 κοιμηθησόμεθα,
1448 4311 1672 4378 πάντες
1700 4312 1771 4365 δὲ

166 4404 659 4474 ἀλλαγησόμεθα.
707 4405 845 4458 Ἀλλ’
874 4405 1023 4476 ὅμως
1047 4403 1130 4457 τα
1161 4402 1406 4475 σύμϐολα
1436 4404 1597 4474 μόνον
1620 4402 1768 4471 λέγει

169 4494 445 4566 μυστήρια
493 4495 633 4566 πρὸς
676 4497 805 4560 τοὺς
847 4496 1149 4567 ἀμυήτους,
1182 4495 1258 4558 ὡς
1298 4493 1537 4567 εἴρηται·
1574 4492 1672 4557 τὰς
1711 4492 1768 4545 δὲ

166 4586 458 4656 ἀναγωγότς
487 4588 673 4641 αὐτῶν
721 4588 954 4660 θεωρίας
980 4587 1166 4659 φησὶν,
1193 4586 1269 4650 ὡς
1295 4586 1388 4639 τὸν
1426 4585 1552 4641 νοῦν
1587 4584 1769 4638 αὐτῶν

168 4682 479 4753 ἁναγούσας
520 4682 591 4736 τὰ
627 4686 802 4740 οἰκεῖα
831 4685 1055 4758 θεωρεῖν
1094 4682 1279 4747 καθὼς
1310 4682 1549 4754 ἔχουσιν,
1586 4685 1634 4736 εί
1674 4684 1769 4736 καὶ

166 4774 337 4840 ἄλλως
378 4774 472 4829 διὰ
519 4776 802 4846 συμϐόλων
840 4776 1217 4847 ὲμφαίνονται.
1266 4774 1326 4828 '0
1366 4774 1476 4847 γὰρ
1535 4773 1769 4845 μυηθεὶς
1804 4803 1850 4861 D

167 4868 258 4919 καὶ
293 4866 451 4930 ἐντὸς
478 4867 773 4938 γενόμενος
797 4867 899 4937 τῆς
925 4867 1088 4937 ἁγίας
1129 4866 1358 4938 σκηνῆς,
1387 4862 1774 4933 ἀνακεκαλυμ-

169 4958 311 5029 μένῳ
338 4957 622 5031 προσώπῳ
651 4958 855 5029 ὀφείλει
878 4958 1106 5032 θεωρεῖν
1132 4958 1204 5015 τὰ
1238 4958 1339 5029 τῆς
1364 4957 1605 5020 πίστεως
1635 4956 1776 5026 μετὰ

169 5067 430 5113 πιστεως.

1872 3558 2179 3624 ntunionis,
2205 3558 2403 3614 deinde
2429 3556 2820 3627 contemplatio
2837 3556 3107 3625 ejusdem.
3132 3554 3266 3609 Cum
3297 3552 3455 3625 161

1871 3654 2020 3707 enim
2034 3663 2090 3708 et
2104 3667 2201 3709 nos
2214 3652 2411 3722 duplici
2427 3660 2581 3720 parte
2597 3647 3139 3716 constemus,visibili
3156 3649 3459 3703 secundum

1871 3758 2094 3813 corpus,
2139 3753 2196 3798 et
2236 3743 2543 3798 intellectili
2591 3743 2891 3797 secundum
2942 3741 3224 3806 animam,
3256 3738 3460 3809 duplex

1870 3845 1957 3893 est
2004 3835 2170 3891 etiam
2216 3837 2360 3906 apud
2407 3850 2507 3891 nos
2549 3835 2886 3901 hierarchia,
2920 3833 3139 3889 sensilis
3172 3833 3458 3896 nimirum,

1871 3936 2095 3998 propter
2137 3926 2383 3999 symbola
2425 3942 2547 3996 quae
2587 3926 2947 3989 exhibentur;
2996 3932 3050 3977 et
3096 3921 3457 3988 intellectiiis,

1872 4028 2094 4089 propter
2123 4019 2664 4091 contemplationem.
2696 4016 3103 4086 Contemplatio
3152 4024 3334 4071 autem
3376 4025 3461 4069 est

1872 4112 2194 4186 itnntediata
2238 4114 2436 4169 mentis
2477 4124 2532 4168 et
2580 4113 2740 4169 exilis
2770 4128 3031 4167 sensuum
3061 4110 3353 4182 applicatio
3390 4110 3459 4163 ad

1871 4218 1937 4257 ea
1974 4220 2097 4274 qua:
2127 4214 2528 4274 proponuntur.
2575 4202 2887 4258 Istiusmodi
2938 4203 3104 4272 igitur
3134 4200 3461 4255 hierarcbize

1871 4298 2145 4366 symbola,
2174 4298 2421 4367 profanis
2444 4309 2499 4351 et
2520 4298 2590 4353 ab
2620 4297 2863 4352 Ecclesia
2893 4295 3169 4350 extraneis
3199 4294 3461 4364 mysteria

1872 4405 2092 4460 quoque
2120 4400 2251 4445 sunt
2284 4407 2298 4442 :
2328 4399 2704 4445 verumtamen
2735 4388 3155 4457 contemplatio,
3197 4399 3457 4455 tanquam

1871 4497 2125 4552 suprema
2151 4484 2412 4553 cognitio,
2442 4498 2671 4553 quaeque
2698 4482 2805 4536 [ide
2834 4495 2970 4550 Opus
3002 4478 3223 4541 habeat,
3259 4487 3462 4547 myste-

1872 4576 2019 4629 rium
2068 4576 2396 4645 appellatur,
2448 4576 2603 4644 juxta
2664 4574 2807 4642 quod
2859 4582 2914 4626 et
2959 4569 3253 4640 Apostolus
3306 4568 3385 4622 ait
3442 4582 3455 4617 :

1873 4666 2196 4735 Mysterium
2242 4668 2386 4719 vobis
2430 4667 2723 4718 dico:non
2774 4678 2952 4717 omnes
3000 4661 3214 4731 quidem
3262 4660 3459 4713 obdorv

1876 4765 2121 4826 miemus,
2153 4761 2242 4815 sed
2273 4776 2450 4814 omnes
2498 4758 2900 4813 immutubimur
2934 4756 2980 4808 ί.
3010 4757 3267 4808 Attamen
3311 4767 3462 4823 synt-

1875 4854 2000 4909 bola
2030 4863 2238 4908 tantum
2270 4862 2429 4907 vocat
2456 4851 2739 4921 mysteria,
2770 4849 2964 4917 quoad"
2989 4862 3086 4902 eos
3123 4845 3337 4901 scilicet
3367 4842 3463 4913 qui

1874 4947 2107 5002 necdum
2140 4946 2337 5000 initiati
2374 4954 2521 5010 sunt,
2557 4944 2635 4998 uti
2663 4944 2873 4998 dictum
2906 4949 3030 4997 est:
3062 4955 3250 4995 eorum
3279 4948 3463 4992 autem

1874 5058 2187 5114 anagogas,
2240 5038 2478 5109 appellat
2530 5036 3057 5106 contemplationes,
3097 5033 3297 5104 quippe
3343 5044 3464 5100 qua:

168 5155 409 5198 mentem
448 5142 667 5213 erigant
700 5144 769 5198 ad
810 5159 995 5199 rerum
1027 5145 1298 5214 ipsarum,
1331 5150 1393 5196 ut
1448 5141 1504 5196 in
1544 5155 1607 5196 se
1674 5148 1826 5205 sunt,
1866 5134 2415 5204 contemplationem,
2447 5132 2578 5186 licet
2624 5129 2785 5184 aliter
2838 5131 3007 5186 etiam
3058 5144 3154 5197 per
3211 5122 3462 5196 symbola

170 5236 540 5291 insinuentur.
574 5236 676 5304 Qui
709 5238 854 5292 enim
887 5237 1135 5293 initiatus
1164 5246 1251 5292 est
1313 5245 1372 5291 et
1400 5235 1543 5291 intra
1570 5249 1792 5290 sacrum
1858 5231 2037 5287 velum
2082 5230 2385 5299 ingressus,
2422 5225 2655 5281 revelata
2694 5224 2842 5280 faeie
2882 5238 3007 5279 cum
3057 5220 3165 5276 ﬁde
3218 5226 3463 5274 contem-

168 5332 303 5401 plari
334 5333 503 5387 debet
534 5347 596 5386 ea
631 5348 754 5403 qua:
786 5344 915 5387 sunt
942 5332 1089 5387 ﬁdei.

219 5425 245 5497 ᾗ
269 5428 313 5480 Ι.
343 5427 470 5479 ’Ότι
494 5426 597 5496 μὲν
618 5428 651 5496 ή
673 5426 797 5479 καθ’
819 5427 965 5496 ἡμᾶς
982 5423 1256 5496 Ξεραρχία,
1279 5424 1329 5476 εἰ
1353 5423 1449 5476 καὶ
1468 5422 1591 5476 καθ’
1620 5424 1766 5493 ἡμᾶς

171 5515 407 5588 λέγεται,
435 5518 553 5572 ἀλλ’
575 5514 671 5572 οὖν
696 5517 793 5572 καὶ
822 5517 963 5587 αὑτὴ
989 5518 1083 5570 καὶ¹
1108 5516 1231 5570 θεία
1258 5516 1378 5569 ἐστὶ
1416 5514 1538 5569 καθ’
1570 5514 1763 5586 αὐτὴν,

270 5676 300 5716 δ
328 5675 435 5729 lsa.
473 5688 625 5739 xxiv,
664 5674 761 5734 16.
797 5688 910 5728 scc.
937 5672 1193 5743 Septuag.
1226 5670 1283 5726 in
1310 5670 1519 5741 aliquot
1550 5667 1710 5725 codd.

1954 5416 1981 5488 ᾗ
2024 5420 2066 5471 Ι.
2115 5414 2494 5469 Hierarchiam
2540 5420 2806 5475 nostram,
2841 5409 2968 5464 licet
3003 5414 3185 5461 nostra
3224 5402 3461 5465 dicatur,

1871 5520 2110 5565 attamen
2134 5517 2190 5562 et
2214 5507 2384 5578 ipsam
2421 5520 2518 5577 per
2544 5520 2604 5561 se
2627 5502 2870 5560 divinam
2908 5512 3053 5566 esse,
3080 5510 3188 5554 non
3216 5508 3377 5549 secus
3397 5506 3459 5549 ac

1796 5668 1812 5706 i
1853 5662 2027 5721 lCor.
2061 5678 2150 5730 xv,
2183 5661 2274 5719 51.

246 5836 357 5893 ιῖἓὶ
407 5833 539 5890 Vide
584 5832 807 5889 S.bolia
852 5830 909 5887 ὃ.
955 5829 1174 5889 Maximi
1237 5841 1369 5890 tom.
1414 5829 1485 5899 ll,
1535 5845 1656 5900 cap.
1707 5828 1728 5883 i
1799 5825 2003 5883 Eccles.
2044 5821 2195 5879 Hier.
