3874 6228
388 274 493 328 583

1580 267 1636 323 S.
1680 267 1981 324 DIONYSII
2018 266 2483 325 AREOPAGITJ‘I

3578 263 3683 319 386

389 384 672 439 οωιῖεειοιη
703 381 1097 439 bierarcniam.
1117 388 1173 435 et
1200 393 1227 431 a
1258 377 1369 433 Deo
1402 377 1649 445 insitam,
1689 378 1988 432 secundum

2100 377 2172 441 ὡς
2196 378 2288 430 καὶ
2312 379 2343 446 ἡ
2369 378 2597 448 οὐρανία
2624 377 2893 449 ἱεραρχία,
2928 380 3019 431 καὶ
3051 378 3248 442 ἔνθεος,
3280 377 3423 430 κατά
3450 381 3685 449 μετοχὴν

391 475 869 545 participationem
904 489 1085 528 rerum
1112 472 1328 526 illarum
1360 470 1695 535 divinarum,
1723 470 1989 539 juxtaque

390 584 604 623 sacram
647 568 794 621 illam
830 566 1123 621 scientiam
1169 574 1224 619 et
1264 564 1671 633 operationem,
1707 565 1787 618 sui
1821 563 1991 634 parti-

388 661 542 729 cipes
586 660 849 714 deificare
901 670 1067 729 atque
1120 658 1425 728 perlicere,
1476 670 1544 710 ex
1595 656 1990 712 sacratissimis

391 751 694 818 Scripturis
717 749 1209 805 demonstrandum
1242 756 1353 811 est;
1397 763 1505 801 non
1536 756 1716 802 tamen
1763 750 1988 805 omnino

390 841 671 907 euntibus,
702 843 797 897 sed
839 842 976 898 solis
1016 842 1102 907 iis,
1142 843 1232 911 qui
1274 858 1373 912 per
1403 842 1729 898 traditiones
1763 853 1988 913 aposto-

394 937 574 991 lorum
611 937 921 993 istiusmodi
962 937 1309 993 institutione
1338 937 1487 1008 digni
1519 944 1647 991 sunt
1678 937 1875 991 habiti.
1910 937 1987 992 Tu

396 1038 577 1083 antem
612 1030 869 1093 observa,
898 1040 1085 1085 sancte
1114 1029 1211 1093 fili,
1250 1044 1320 1084 ne
1347 1033 1431 1086 vel
1454 1029 1607 1099 juxta
1639 1048 1837 1086 novum
1874 1048 1987 1089 mo-

392 1136 534 1185 rem,
565 1121 648 1174 vel
685 1136 784 1191 per
812 1123 1068 1177 ordinem
1097 1122 1362 1177 doctrina:
1400 1122 1624 1194 (patres
1671 1123 1816 1179 enim
1864 1134 1992 1178 sunt

391 1214 799 1283 praeceptores)
852 1214 1081 1269 ridicule
1138 1224 1193 1270 et
1252 1216 1626 1271 irreverenter
1677 1215 1987 1271 istiusmodi

392 1308 654 1378 mysteria
686 1307 977 1363 manifesta
1008 1306 1179 1364 facias
1200 1310 1458 1364 omnibus
1485 1309 1750 1380 profanis,
1780 1312 1871 1380 qui
1900 1326 1987 1367 res

392 1399 610 1453 divinas
670 1400 1042 1469 mysticasque
1101 1401 1249 1456 risus
1302 1401 1655 1458 occasionem
1708 1401 1985 1467 facerent;

392 1490 487 1544 sed
520 1504 785 1545 venerare
833 1490 977 1555 illas,
1010 1492 1152 1547 sicut
1175 1507 1389 1561 azquum
1429 1501 1534 1558 est,
1568 1494 1809 1551 silentio.
1842 1496 1913 1550 At
1942 1495 1987 1549 si

392 1583 611 1651 quando
634 1585 801 1637 etiam
832 1598 968 1653 opus
998 1585 1069 1639 sit
1098 1585 1408 1640 istiusmodi
1450 1590 1882 1653 communicare,
1921 1602 1989 1643 ne

394 1677 773 1731 communices
800 1678 1147 1740 rudioribns;
1180 1679 1276 1733 sed
1314 1682 1547 1744 sanctis,
1578 1682 1742 1750 idque
1772 1681 1876 1735 illis
1903 1697 1989 1736 sa-

2099 466 2207 519 τῶν
2250 466 2409 519 θείων
2444 466 2691 531 ἐκείνων,
2728 469 2823 520 καὶ
2868 470 2987 521 κατ’
3017 469 3229 540 ἐκείνην
3251 469 3350 539 τὴν
3384 467 3538 539 ἱερὰ-ν
3561 470 3681 521 ὲπι-

2101 562 2198 631 στῆ
2210 578 2316 631 μην
2350 562 2445 613 καὶ
2473 561 2751 632 ἐνέργειαν
2780 561 2936 625 θεοὺς
2978 562 3232 615 ἀποτελεῖ
3262 563 3387 626 τοὺς
3423 562 3683 634 μετόχους

2096 654 2267 723 αὐτῆς
2303 655 2396 707 καὶ
2425 655 2654 717 τελειοῖ,
2691 657 2756 707 ὲκ
2797 655 2905 708 τῶν
2950 657 3254 725 ἱερωτάτων
3287 654 3524 725 Γραφῶν
3554 656 3685 707 ἀπο-

2094 746 2264 810 δεῖξαι
2306 748 2445 817 χρή·
2477 747 2591 799 ἀλλ’
2621 748 2681 799 οὐ
2723 747 2941 811 πάντως
2974 749 3157 811 πᾶσιν,
3185 748 3321 801 ἀλλὰ
3357 747 3541 817 μόνοις
3574 748 3685 809 τοῖς

2092 840 2415 911 ἠξιωμένοις
2445 840 2541 911 τῆς
2574 841 2831 911 τοιαύτης
2874 841 3261 912 μυσταγωγίας
3299 840 3387 893 διά
3411 841 3514 910 τῆς
3548 842 3685 892 ἀπο-

2097 934 2300 989 στόλων
2323 936 2698 1006 παραδόσεως.
2736 937 2809 989 Σὺ
2843 934 2898 988 δὲ
2941 936 3152 997 σκόπει,
3183 935 3295 1007 ἱερὲ
3322 938 3440 999 παῖ,
3480 936 3516 1006 ἦ
3543 936 3689 987 κατὰ

2092 1028 2153 1082 τὸ
2186 1029 2469 1100 νεώτερον,
2500 1030 2533 1102 ἦ
2560 1029 2701 1083 κατὰ
2734 1029 2833 1101 τήν
2860 1030 3013 1097 τάξιν
3038 1029 3138 1099 τῆς
3168 1030 3521 1092 διδασκαλίας
3550 1029 3570 1099 (
3586 1047 3691 1082 πα-

2091 1121 2248 1191 τέρες
2307 1121 2416 1193 γὰρ
2474 1124 2521 1174 οί
2583 1121 2961 1193 διδάσκαλοι),
3011 1122 3159 1185 ὅπως
3213 1121 3286 1191 μὴ
3339 1118 3689 1188 παιγνιωδῶς

2094 1214 2189 1266 καὶ
2225 1214 2541 1279 ἀνευλαϐῶς
2590 1216 2825 1287 ποιήσῃς
2867 1217 2982 1279 τοῖς
3025 1216 3261 1287 ἀνιέροις
3296 1214 3586 1284 καταφανῆ
3624 1211 3692 1264 τὰ

2091 1306 2316 1360 τοιαῦτα
2346 1310 2648 1379 μυστήρια,
2680 1307 2916 1377 γέλωτος
2951 1309 3204 1381 ἀφορμὴν
3231 1308 3580 1378 ποιουμένοις
3618 1304 3691 1357 τὰ

2094 1396 2214 1451 θεῖα
2243 1399 2337 1451 καὶ
2364 1400 2629 1469 μυστικά·
2660 1398 2796 1453 ἁλλά
2819 1399 3048 1470 τίμησον
3069 1399 3228 1462 αὐτὰ,
3246 1398 3438 1471 ῶσπερ
3460 1398 3626 1466 λόγον
3649 1401 3690 1459 ⁸.

2094 1494 2160 1562 τῇ
2211 1493 2412 1561 σιωπῇ.
2450 1493 2513 1543 El
2557 1491 2615 1544 δέ
2663 1510 2765 1545 που
2813 1493 2906 1546 καὶ
2947 1491 3129 1562 δεήσει
3175 1489 3566 1553 κοινώσασθαι,
3614 1491 3692 1560 μὴ

2092 1584 2205 1643 τοῖς
2242 1582 2548 1646 ἀτελέστοις
2580 1582 2785 1636 τούτων
2829 1581 3108 1645 κοινώνει,
3159 1580 3293 1634 ἀλλά
3337 1584 3450 1645 τοῖς
3497 1583 3691 1652 ἱεροῖς,

2095 1674 2371 1737 κάκείνοις
2428 1674 2772 1747 ἱεροπρεπῶς
2823 1675 2917 1727 καὶ
2972 1672 3090 1745 μεθ’
3131 1674 3281 1744 ἱερᾶς
3328 1673 3693 1743 ὲλλάμψεως,

393 1778 685 1823 crosancte
736 1779 943 1825 etcum
994 1785 1150 1825 sacra
1197 1771 1594 1837 illustratione,
1631 1774 1855 1828 minime
1889 1776 1989 1828 im-

2100 1768 2172 1838 μὴ
2198 1767 2550 1838 ὲναπομένων
2583 1770 2697 1831 τοῖς
2728 1766 2921 1830 τύποις
2944 1806 2958 1831 ,
2992 1766 3127 1819 ἀλλά
3152 1764 3221 1819 τὰ
3245 1766 3446 1820 ἀθέατα
3484 1764 3697 1835 ἐλλαμ-

395 1865 661 1921 morando
694 1865 868 1935 typis,
910 1866 1002 1921 sed
1054 1866 1469 1936 inaspectabilia
1504 1866 1829 1921 illustrando
1865 1887 1877 1921 :
1914 1869 1992 1923 sic

392 1956 539 2011 enim
581 1957 747 2012 etiam
788 1958 945 2014 nobis
989 1959 1057 2013 ad
1108 1960 1292 2013 divina
1342 1959 1657 2023 conversis,
1692 1961 1775 2014 vel
1809 1962 1989 2015 divina

395 2049 818 2106 concinentibus
842 2051 1066 2120 collegis
1099 2052 1297 2105 tradita
1331 2050 1570 2105 fuerunt.
1600 2052 1739 2118 Quin
1764 2063 1819 2106 et
1848 2054 1987 2123 ipse-

396 2151 508 2197 met
546 2142 722 2209 Deus,
763 2144 854 2211 qui
895 2158 1052 2198 mens
1099 2155 1185 2197 est
1234 2142 1325 2196 illa
1374 2143 1663 2198 divinitate
1711 2154 1993 2199 transcen-

397 2235 555 2300 dens,
583 2231 676 2301 qui
707 2233 887 2288 omnis
910 2234 1295 2288 sanctimonia:
1325 2234 1634 2301 divinmqne
1657 2235 1991 2302 operationis

397 2340 561 2380 causa
594 2325 785 2379 existit
816 2325 965 2395 (cum
1010 2326 1157 2379 enim
1202 2325 1515 2379 bierarcliia
1552 2326 1786 2381 scientia
1835 2329 1905 2381 sit
1937 2337 1992 2380 et

397 2415 667 2485 operatio,
692 2415 1115 2470 sanctimoniam
1142 2416 1361 2485 quidem
1388 2416 1455 2469 ad
1482 2416 1768 2471 scientiam
1797 2416 1988 2481 refert,

398 2508 494 2563 Dei
527 2523 657 2562 vero
693 2508 851 2579 162
883 2509 1261 2577 operationem
1284 2508 1351 2561 ad
1378 2507 1675 2563 eﬂicaciam
1696 2523 1789 2562 seu
1817 2509 1989 2562 actio-

398 2597 547 2668 nem)
571 2599 897 2654 cmlestibus
929 2599 1224 2653 virtutibus
1250 2598 1595 2654 manifestius
1628 2599 1790 2653 simul
1822 2609 1877 2653 et
1907 2600 1990 2654 in-

399 2691 743 2761 telligibilius
790 2690 1017 2761 aﬂ‘nlget
1065 2692 1449 2761 (intelligimus
1478 2694 1624 2747 enim
1653 2702 1707 2747 et
1736 2708 1855 2755 nos,
1894 2694 1989 2747 sed

402 2796 509 2836 non
548 2793 609 2836 ut
637 2784 775 2853 istae)
801 2798 940 2854 quas
970 2784 1138 2838 etiam
1180 2785 1248 2837 ad
1286 2785 1563 2853 propriam
1612 2800 1769 2839 suam
1815 2785 1989 2840 lucem

404 2872 693 2937 informat,
718 2885 776 2929 ut
807 2878 1066 2930 nimirum
1098 2878 1264 2930 etiam
1306 2878 1441 2932 alios
1475 2877 1801 2946 illuminent,
1836 2878 1989 2946 juxta

398 2966 661 3021 virtutem
688 2968 1018 3035 spiritalium
1053 2977 1107 3024 et
1131 2970 1529 3025 intellectilium
1563 2987 1787 3026 suarum
1830 2983 1991 3027 natu—

399 3074 605 3125 rarum,
623 3075 729 3114 non
749 3071 930 3115 autem
954 3062 1253 3117 secundum
1275 3063 1533 3116 virtutem
1560 3064 1762 3117 suimet
1789 3064 1987 3133 ipsius;

398 3167 527 3205 nam
580 3151 721 3207 Deus
776 3152 1004 3208 inﬁnita:
1052 3154 1273 3208 virtutis
1317 3162 1421 3208 est.
1462 3154 1604 3220 Quin
1651 3165 1709 3210 et
1750 3164 1987 3224 nostras,

399 3260 521 3311 quae
557 3245 742 3299 multa:
774 3254 926 3311 sunt,
964 3246 1281 3309 varietates,
1315 3253 1373 3301 et
1402 3246 1767 3301 multiformes
1797 3263 1992 3304 carna-

400 3336 534 3390 lium
565 3338 967 3393 desideriorum
1014 3356 1198 3403 curas,
1242 3354 1383 3409 quas
1414 3338 1675 3409 prohibet
1706 3341 1990 3410 Dominus,

402 3434 473 3489 ad
507 3432 842 3488 nniformem
874 3434 1232 3505 divinamqne
1258 3438 1426 3491 vitam
1468 3436 1699 3501 reducit,
1725 3445 1785 3490 ut
1828 3437 1991 3490 nimi-

400 3543 520 3585 rum
564 3542 879 3597 quaeramus
924 3528 1161 3597 primum
1204 3545 1431 3601 regnum
1464 3528 1585 3597 Dei,
1633 3539 1688 3585 et
1720 3530 1991 3600 justitiam

398 3620 537 3688 ejus.
588 3620 644 3674 ld
694 3629 878 3676 autem
911 3636 1021 3690 quo
1063 3622 1143 3677 sic
1187 3623 1370 3677 anima
1410 3622 1743 3693 disponitur,
1772 3635 1991 3676 sacrum

402 3712 648 3766 habitum
692 3713 1030 3782 appellavit,
1080 3713 1174 3781 qui
1206 3713 1293 3768 vel
1332 3714 1568 3768 maxime
1618 3713 1995 3768 sacerdotibus

404 3814 491 3861 est
519 3814 955 3859 consentaneus.
985 3806 1335 3876 Accipientes
1359 3806 1541 3875 itaque
1569 3806 1639 3860 ab
1669 3806 1788 3875 ipso
1814 3806 1992 3859 virtu-

406 3907 543 3961 tem,
578 3897 969 3966 progredimur
1015 3899 1081 3952 ad
1131 3898 1457 3953 hierarchize
1507 3897 1844 3952 functionem
1887 3917 1901 3952 :
1942 3908 1996 3953 et

406 3989 509 4045 hoc
541 3989 705 4041 modo
733 3989 942 4043 sanctis
990 3988 1199 4059 angelis
1234 3991 1718 4060 approximamus,
1749 3990 1995 4045 illorum-

404 4096 513 4149 que
560 4096 663 4150 ope
700 4082 767 4135 ad
816 4081 1267 4152 divinamJucem
1307 4082 1713 4153 suspicientes,
1755 4083 1996 4152 indeque

404 4178 635 4232 scientia
660 4176 996 4247 cognitionis
1021 4177 1458 4245 spectaculorum
1483 4176 1743 4231 illustrati
1766 4178 1999 4248 (specta-

404 4271 527 4326 cula
577 4281 758 4326 autem
792 4279 954 4326 vocat
988 4271 1271 4326 doctrinas
1314 4271 1380 4325 de
1416 4271 1558 4337 Deo,
1607 4287 1729 4341 qua:
1774 4287 1882 4326 non
1930 4286 1997 4325 ex

407 4368 550 4421 nudo
577 4367 869 4422 verborum
920 4365 1134 4429 auditu,
1168 4365 1255 4420 vel
1289 4380 1576 4420 sacrarum
1625 4367 1997 4421 doctrinarum

2095 1862 2328 1932 πόμενος
2347 1879 2358 1890 ·
2388 1861 2528 1914 οὕτω
2560 1861 2669 1931 γὰρ
2692 1861 2789 1913 καὶ
2815 1861 2947 1931 ήμῖν
2977 1863 3090 1923 τοῖς
3131 1860 3259 1931 περὶ
3296 1859 3365 1912 τά
3402 1858 3525 1912 θεῖα
3562 1860 3699 1910 ἑπε-

2096 1952 2483 2023 στραμμένοις,
2511 1952 2543 2023 ἢ
2567 1950 2635 2004 τὰ
2659 1951 2778 2005 θεῖα
2813 1950 2999 2022 ᾄδουσι
3038 1952 3322 2022 χορευταῖς
3341 1990 3355 2013 ,
3383 1949 3700 2021 παρεδόθη-

2096 2060 2211 2096 σαν.
2263 2044 2373 2096 Καὶ
2421 2043 2583 2105 αὐτὸς
2639 2045 2668 2095 ὁ
2713 2040 3154 2114 θεαρχικώτατος
3206 2040 3332 2106 νοῦς
3379 2043 3409 2095 ὁ
3457 2041 3619 2105 Θεὸς,
3662 2043 3700 2111 ή

2094 2136 2275 2206 πάσης
2317 2136 2627 2205 ἁγιωσύνης
2672 2136 2766 2189 καὶ
2798 2134 3086 2207 θεουργίας
3115 2135 3281 2200 αἰτία,
3329 2134 3482 2205 (ἐπεὶ
3510 2134 3626 2205 γὰρ
3664 2135 3701 2205 ἠ

2096 2230 2347 2300 ἰεραρχία
2375 2231 2652 2299 ἐπιστήμη
2688 2229 2805 2280 ἐστὶ
2831 2227 2929 2280 καὶ
2963 2228 3235 2299 ἐνέργεια,
3270 2228 3371 2299 τὴν
3405 2228 3506 2299 μὲν
3529 2228 3703 2295 ἀγιω-

2096 2321 2261 2392 σύνην
2304 2322 2444 2391 πρὸς
2476 2323 2575 2391 τὴν
2603 2322 2916 2393 ἐπιστήμην
2946 2322 3235 2391 λαμϐάνει,
3272 2322 3369 2393 τὴν
3403 2320 3460 2373 δὲ
3497 2320 3701 2391 θεουρ-

2094 2413 2218 2479 γίαν
2260 2413 2395 2485 πρὸς
2437 2415 2534 2485 τὴν
2581 2414 2894 2486 ἐνέργειαν)
2929 2415 3050 2477 ταῖς
3096 2413 3379 2484 οὐρανίαις
3420 2411 3702 2483 ὲλλάμπει

2092 2505 2353 2577 δυνάμεσι
2394 2503 2716 2575 τρανότερον
2740 2523 2801 2559 τε
2828 2506 2922 2560 καὶ
2948 2504 3277 2578 νοερώτερον
3300 2503 3555 2575 (νοοῦμεν
3584 2501 3704 2573 γὰρ

2096 2600 2189 2650 καὶ
2220 2600 2382 2669 ἡμεῖς
2406 2638 2419 2661 ,
2458 2599 2572 2652 ἀλλ’
2601 2600 2662 2653 οὐ
2704 2600 2825 2653 κατ’
2859 2598 3106 2669 ὲκείνας)
3130 2638 3143 2663 ,
3182 2600 3274 2652 καὶ
3309 2597 3514 2660 ταύτας
3555 2597 3703 2667 πρὸς

2094 2690 2155 2742 τὸ
2197 2692 2395 2743 οἰκεῖον
2454 2690 2602 2759 φῶς,
2649 2691 2736 2744 ἵνα
2770 2691 2863 2744 καὶ
2889 2691 3047 2743 αὐταὶ
3086 2689 3285 2761 δηλαδὴ
3332 2690 3458 2751 τοὺς
3497 2688 3703 2753 ἄλλους

2098 2783 2406 2853 φωτίζωσιν
2431 2823 2444 2846 ,
2495 2785 2783 2855 ἀφομοιοῖ,
2822 2782 2965 2837 κατά
3003 2782 3233 2853 δύναμιν
3266 2781 3446 2835 αὐτῶν
3482 2782 3551 2852 δὴ
3584 2781 3705 2833 τῶν

2096 2875 2298 2948 νοερῶν
2324 2892 2387 2929 τε
2415 2876 2510 2929 καὶ
2535 2876 2741 2947 νοητῶν
2764 2876 2984 2942 οὐσιῶν,
3021 2876 3083 2930 οὐ
3118 2875 3228 2947 γὰρ
3261 2874 3401 2928 κατά
3436 2875 3537 2945 τὴν
3563 2876 3701 2928 tau-

2096 2968 2189 3021 τοῦ
2223 2969 2451 3041 δύναμιν
2476 2986 2488 2998 ·
2538 2969 2975 3042 ὰπειροδύναμος
3019 2968 3129 3039 γὰρ
3163 2970 3192 3021 ὁ
3222 2968 3375 3031 Θεὸς.
3417 2966 3609 3038 Ἦμῶν
3636 2984 3702 3019 τε

2096 3061 2196 3127 τὰς
2228 3062 2429 3127 πολλάς
2454 3064 2797 3134 ἑτερότητας,
2832 3061 2932 3125 τὰς
2957 3060 3255 3124 πολυειδεῖς
3277 3060 3384 3113 τῶν
3412 3058 3704 3129 σαρκικῶν

2096 3154 2401 3226 ἐπιθυμιῶν
2439 3155 2726 3229 μερίμνας,
2760 3154 2824 3219 ἀς
2859 3153 3198 3226 ἀπαγορεύει
3233 3154 3261 3204 ὁ
3292 3153 3496 3224 Κύριος
3518 3192 3534 3218 ,
3568 3168 3702 3205 συν-

2095 3250 2217 3317 άγει
2254 3252 2334 3313 είς
2369 3250 2572 3319 ἐνοειδῆ
2612 3249 2707 3301 καὶ
2739 3248 2890 3303 θείαν
2923 3247 3090 3317 ζωὴν,
3125 3248 3188 3300 τὸ
3223 3246 3407 3317 ζητεῖν
3448 3244 3704 3316 δηλονὰτι

2099 3344 2157 3395 ἐν
2194 3341 2434 3414 πρώτοις
2461 3342 2561 3411 τὴν
2590 3340 2869 3411 βασιλείαν
2892 3338 2986 3392 τοῦ
3021 3338 3182 3403 Θεοῦ,
3224 3339 3320 3390 καὶ
3357 3337 3457 3407 τὴν
3490 3336 3705 3389 δικαιο-

2099 3434 2261 3503 σύνην
2288 3432 2471 3486 αὐτοῦ.
2499 3433 2572 3485 Τὸ
2594 3434 2651 3485 δὲ
2673 3432 2815 3485 οὕτω
2842 3428 3187 3485 πεποιῶσθαι
3220 3429 3322 3500 τὴν
3344 3428 3550 3499 ψυχὴν,
3580 3427 3704 3493 ἕξιν

2099 3526 2249 3598 ἱερὰν
2273 3526 2631 3589 ἀπεκάλεσεν,
2666 3526 2787 3596 ἥτις
2823 3528 2916 3579 καὶ
2954 3524 3189 3596 μάλιστα
3221 3524 3336 3585 τοῖς
3364 3521 3705 3592 ξερωμένοις

2099 3618 2391 3692 πρεπώδης
2414 3621 2548 3673 ἐστί.
2592 3620 2976 3690 Λαμὸἀνοντες
3016 3618 3148 3689 γοῦν
3176 3619 3306 3689 παρ’
3342 3616 3557 3669 ἐκείνου
3598 3616 3704 3688 τὴν

2096 3712 2326 3785 δύναμιν
2386 3711 2780 3783 προχωροῦμεν
2837 3714 2931 3766 καὶ
2977 3714 3072 3766 επὶ
3114 3712 3214 3783 τὴν
3257 3713 3355 3782 τῆς
3414 3712 3705 3782 ἱεραρχίας

2098 3805 2415 3876 ἐνέργειαν*
2456 3808 2552 3859 καὶ
2598 3806 2773 3869 οὕτως
2809 3804 3101 3877 ἐγγίζομεν
3140 3809 3256 3869 τοῖς
3288 3804 3579 3873 ἀγγέλοις,
3630 3806 3707 3875 τῇ

2102 3900 2239 3972 πρὸς
2287 3899 2484 3963 αὐτοὺς
2534 3899 2870 3970 ἀφομοιώσει
2896 3941 2909 3963 ,
2963 3902 3058 3953 καὶ
3099 3899 3167 3952 δι’
3209 3898 3387 3952 αὐτῶν
3427 3897 3567 3967 πρὸς
3601 3897 3707 3968 τὴν

2101 3992 2398 4064 θεαρχικὴν
2450 3993 2626 4063 αὐγὴν
2680 3992 3118 4063 ἀναϐλέψαντες,
3165 3992 3259 4045 καὶ
3298 3990 3707 4061 ὲλλαμφθέντες

2102 4085 2309 4138 ἐκεῖθεν
2341 4086 2440 4156 τὴν
2479 4086 2792 4158 ἐπιστήμην
2825 4086 2924 4156 τῆς
2963 4088 3072 4139 τῶν
3105 4085 3396 4156 θεαμάτων
3440 4083 3708 4153 γνώσεως

2104 4176 2385 4247 (θεάματα
2409 4177 2465 4230 δὲ
2498 4177 2566 4231 τὰ
2592 4178 2720 4248 περὶ
2761 4177 2896 4229 Θεοῦ
2945 4194 3079 4248 φησι
3104 4177 3445 4248 δ.δάγματα·
3486 4175 3548 4228 οὐ
3591 4176 3709 4246 γὰρ

2101 4269 2227 4342 ἄχρι
2252 4269 2415 4340 ψιλῆς
2456 4270 2554 4340 τῆς
2590 4270 2701 4322 τῶν
2738 4268 2915 4337 λόγων
2947 4270 3117 4339 ἀκοῆς
3155 4268 3188 4339 ἣ
3236 4269 3603 4339 ὲκφωνήσεως
3635 4269 3711 4321 τὰ

2101 4362 2210 4413 τῶν
2248 4361 2406 4434 ἱερῶν
2438 4360 2691 4433 μυήσεών
2716 4364 2819 4415 εἰσι
2843 4361 2915 4432 ·),
2939 4363 3191 4429 γενέσθαι
3226 4361 3593 4432 δυνησόμεθα,
3628 4362 3711 4424 ὡς

407 4460 862 4527 pronuntiatione
889 4458 1159 4529 existunt)
1186 4461 1423 4513 evadere
1450 4460 1776 4529 poterimus,
1810 4468 1867 4514 ut
1902 4474 1992 4527 pa-

2104 4454 2369 4518 παθόντες
2418 4455 2517 4526 μὲν
2562 4454 2630 4508 τὰ
2678 4454 2892 4509 ἐκεῖθεν
2949 4454 3123 4520 καλὰ,
3168 4454 3576 4527 ἀφιερωμένοι,
3613 4454 3712 4525 δην

406 4550 611 4603 tientes
642 4549 863 4616 quidem
905 4564 1028 4617 qua:
1079 4548 1152 4603 ibi
1197 4547 1427 4616 pulchra
1478 4556 1625 4610 sunt,
1663 4546 1992 4612 consecrati,

409 4654 605 4709 nempe
628 4642 749 4710 puri
780 4651 835 4695 et
866 4640 1209 4706 luciformes,
1242 4649 1299 4693 et
1325 4637 1587 4707 perfecti;
1622 4638 1770 4692 velut
1799 4637 1996 4692 habitu

407 4745 536 4784 vero
574 4731 679 4784 hoc
726 4730 1061 4797 obtinentes,
1090 4741 1255 4799 atque
1300 4731 1491 4785 eadem
1536 4729 1659 4783 aliis
1693 4730 2000 4783 communi-

407 4835 536 4876 care
570 4820 841 4885 valentes,
894 4831 1345 4887 consecratores,
1394 4829 1450 4875 et
1499 4820 1637 4874 lucis
1681 4829 2001 4890 operatores

408 4928 505 4968 seu
554 4913 977 4977 illuminatores,
1032 4923 1088 4968 et
1136 4913 1505 4982 perfectores;
1563 4912 1679 4967 banc
1729 4912 1998 4982 siquidem

410 5005 516 5061 tria
555 5013 685 5059 sunt
716 5005 1046 5059 hierarchiae
1073 5016 1286 5075 partes.

485 5097 514 5170 §
543 5097 607 5153 ll.
639 5096 777 5152 Cum
809 5109 990 5152 autem
1019 5098 1109 5152 hic
1133 5112 1313 5153 sermo
1342 5097 1477 5151 duas
1505 5105 1765 5165 agnoscat
1791 5096 2002 5150 liierar-

410 5191 589 5256 cbias,
619 5189 917 5245 secundum
942 5189 1413 5257 participationem
1432 5188 1783 5242 divinissimze
1812 5200 2004 5241 essen-

415 5287 504 5340 tia:
534 5284 717 5340 omnis
752 5282 1081 5338 bierarcbize
1112 5281 1233 5346 Dei,
1264 5280 1563 5336 vultPater
1588 5281 1677 5338 hic
1701 5278 2000 5345 declarare,

416 5375 549 5442 quid
585 5374 691 5429 illis
721 5384 1014 5430 commune
1056 5378 1113 5426 et
1149 5370 1281 5439 quid
1307 5371 1589 5439 proprium
1624 5370 1715 5434 sit,
1744 5370 2004 5439 quocirca

418 5465 552 5519 dicit
583 5481 598 5520 :
631 5465 761 5531 Qum
793 5463 1017 5533 quidem
1045 5462 1293 5519 ccelestis
1317 5461 1389 5516 sit
1414 5462 1723 5517 hierarcliia
1749 5462 1880 5515 alibi
1912 5477 2002 5516 re-

422 5556 622 5623 peries,
655 5557 747 5611 ubi
776 5556 906 5611 licet
934 5570 1041 5609 non
1076 5568 1177 5622 pro
1201 5553 1487 5622 dignitate,
1516 5567 1615 5622 pro
1646 5552 1788 5606 virili
1824 5561 2003 5607 tamen

421 5655 635 5709 nostra,
669 5647 734 5700 de
770 5647 876 5697 illis
912 5646 1252 5714 disputatum
1277 5654 1402 5708 est;
1434 5642 1489 5696 in
1524 5659 1633 5712 quo
1658 5644 1918 5698 Tractatn
1952 5646 2003 5698 id

427 5749 593 5792 unum
621 5736 853 5795 dicimus
896 5737 1280 5796 observatione
1330 5736 1572 5808 dignum,
1604 5738 1748 5808 quod
1781 5752 1901 5794 cum
1952 5738 2005 5793 in

296 6076 513 6149 λ

2101 4548 2273 4602 λονότι
2312 4548 2575 4621 καθαροὶ,
2623 4550 2717 4602 καὶ
2770 4549 3084 4618 φωτοειδεῖς
3110 4590 3123 4613 ,
3162 4550 3255 4603 καὶ
3288 4548 3672 4619 τετελεσμένοι
3695 4568 3707 4579 ·

2102 4640 2178 4703 ὡς
2212 4639 2334 4693 καθ’
2372 4638 2485 4705 ἕξιν
2526 4641 2582 4695 δὲ
2616 4642 2834 4711 ἔχοντες
2870 4640 3044 4694 ταῦτα
3069 4682 3083 4707 ,
3115 4643 3209 4694 καὶ
3243 4641 3377 4713 δρᾷν
3413 4641 3502 4692 ἐπ’
3546 4641 3714 4694 ἄλλον

2103 4733 2416 4804 δυνάμενοι,
2455 4735 2759 4806 ἀφιερωταὶ
2790 4736 2887 4789 καὶ
2911 4737 3298 4807 φωτουργικοὶ,
3324 4734 3425 4786 εἴτ’
3459 4730 3557 4788 οὖν
3594 4753 3711 4803 φω-

2101 4828 2359 4890 τιστικοὶ,
2392 4826 2487 4879 καὶ
2523 4826 2923 4899 τελεσιουργοί’
2963 4826 3135 4882 ταῦτα
3171 4827 3282 4899 γὰρ
3303 4827 3371 4880 τὰ
3403 4827 3533 4898 τρία
3566 4828 3711 4900 μέρη

2104 4920 2204 4991 τῆς
2243 4923 2285 4973 te
2296 4920 2523 4993 ραρχίας
2550 4922 2707 4975 είσίν.

2179 5100 2208 5172 §
2235 5099 2295 5154 ΙΙ.
2334 5100 2553 5173 Ἐπειδὴ
2577 5100 2670 5153 δύο
2706 5101 2991 5173 ίεραρχίας
3012 5104 3041 5155 ὁ
3066 5100 3225 5169 λόγος
3248 5096 3363 5154 οἶδε
3388 5100 3532 5155 κατά
3562 5119 3718 5172 μετο-

2106 5193 2207 5264 χὴν
2241 5194 2339 5263 τῆς
2367 5193 2812 5265 θεαρχικωτάτης
2833 5192 3024 5258 οὐσίας
3047 5194 3266 5265 ἁπάσης
3294 5194 3588 5265 ίεραρχίας
3618 5193 3715 5249 τοῦ

2105 5284 2277 5351 Θεοῦ,
2312 5284 2613 5355 βούλεταιὸ
2639 5286 2830 5357 Πατὴρ
2873 5285 2935 5338 τό
2980 5302 3040 5338 τε
3078 5286 3257 5339 ·ιοινὺν
3300 5287 3484 5339 αὐτῶν
3520 5290 3618 5341 καὶ
3654 5286 3716 5339 τὸ

2110 5377 2241 5431 [διον
2272 5378 2642 5449 διασαφῆσαι,
2680 5379 2772 5431 διά
2806 5377 2966 5430 τοῦτο
3011 5378 3159 5449 λεγει
3183 5396 3196 5408 ’
3242 5380 3340 5443 Τίς
3369 5378 3469 5451 μέν
3494 5382 3649 5433 ἐστιν
3682 5381 3715 5441 ἡ

2107 5469 2333 5540 οὐρανία
2385 5470 2673 5539 ἱεραρχία,
2728 5470 2982 5541 εὑρήσεις
3037 5471 3096 5522 ὲν
3151 5471 3372 5535 ἄλλοις,
3427 5472 3567 5525 ὅπου
3616 5473 3715 5525 οὐκ

2110 5560 2274 5625 ἀξίως
2314 5562 2429 5631 μὲν,
2466 5560 2542 5623 ὼς
2576 5561 2797 5629 ἐφικτὸν
2820 5561 2876 5613 δὲ
2913 5563 3063 5631 ἡμῖν,
3096 5564 3224 5634 περὶ
3249 5562 3429 5615 αὐτῶν
3456 5561 3711 5635 εἴρηταιο

2111 5652 2167 5701 ἐν
2203 5646 2235 5723 ᾗ
2281 5650 2335 5702 δὲ
2379 5654 2656 5721 περικοπῇ
2689 5650 2747 5704 ’ἐν
2781 5667 2833 5703 τι
2878 5650 3111 5721 λέγομεν
3148 5652 3490 5715 ἐπιστάσεως
3537 5652 3711 5718 ἄξιον,

2112 5742 2191 5794 ὅτι
2222 5745 2378 5814 ἡμεῖς
2421 5743 2539 5813 μὲν,
2577 5741 2719 5797 κατὰ
2754 5743 2929 5797 πάντα
2966 5743 3289 5815 προθέμενοι
3329 5747 3440 5807 τοῖς
3492 5744 3710 5815 ἀρχαιο-
