3874 6228
137 302 247 358 385

688 298 778 353 DE
810 295 1092 352 ECCLES.
1123 292 1528 359 HIERARSH.,
1565 291 1721 349 CAP.
1762 292 1807 349 Ι.
1846 324 1916 334 —-—
1957 290 2311 347 PARAPHR.
2356 290 2830 347 PACIIYMERJZ.

3338 285 3442 341 586

134 421 322 493 τέροις
352 415 803 480 κατακολουθεῖν,
838 417 897 469 ὲν
928 413 1007 485 τῷ
1042 413 1180 482 Περί
1210 410 1321 481 τῆς
1346 411 1631 479 οὐρανίας
1672 412 1733 464 ἱε-

1855 408 2115 463 onmibus
2144 407 2481 476 propositum
2514 408 2585 460 sit
2619 406 2773 461 nobis
2807 406 3150 477 antiquiores
3171 408 3345 479 sequi,
3383 402 3442 460 in

126 512 393 580 ραρκιάς
422 509 652 578 εἴπομεν
678 508 799 561 κατ’
827 506 1070 567 ἐκείνους
1096 505 1195 576 τὴν
1217 504 1327 556 τῶν
1360 503 1567 575 θρόνων
1590 501 1742 566 τάξιν

133 603 485 674 ὑψηλοτέραν
526 601 635 653 τῶν
670 600 864 654 ἄλλων.
899 598 1208 668 Σκοπητέον
1240 598 1298 650 δὲ
1333 598 1396 648 ὲκ
1441 595 1666 655 τούτων,
1693 596 1742 647 εἰ

133 694 320 757 καλῶς
374 693 617 763 ταύτην,
674 693 767 745 καί
803 693 863 744 οὐ
912 690 1006 761 τὴν
1046 688 1154 741 τῶν
1197 688 1464 761 σεραφίμ·
1509 686 1744 739 ἐνταῦθα

133 787 244 857 γὰρ
271 786 386 839 ἀπὸ
426 784 533 837 τῶν
569 786 813 855 ἐσχάτων
846 781 1158 851 διακότμων
1194 779 1535 850 ἀρξάμενος,
1581 777 1742 849 μέχρι

134 880 229 931 καὶ
250 878 364 931 τῶν
396 879 641 949 σεραφίμ
666 874 950 943 κατέληξε.
982 874 1129 945 Πλὴν
1171 872 1284 925 ἀλλ’
1317 873 1465 935 ὅπως
1499 871 1566 925 ἂν
1606 871 1739 941 ἔχοι,

134 970 343 1023 νικάτω
386 969 449 1021 τὸ
507 966 888 1038 ἀρχαιότερον.
932 964 1198 1018 Τοσοῦτον
1237 965 1293 1017 δὲ
1331 966 1482 1035 ὅμως
1521 966 1549 1016 ὁ
1589 964 1742 1032 ἅγιος

133 1061 304 1128 λέγει,
331 1061 393 1113 τὸ
421 1060 597 1113 κοινὸν
622 1058 841 1129 ἀπάσης
869 1057 1149 1130 ἰεραρχίας
1177 1057 1450 1121 συνιστὰς,
1480 1058 1560 1109 ὅτι
1590 1057 1742 1109 πᾶσα

133 1153 391 1223 ἰεραρχία
418 1153 546 1223 μίαν
582 1151 695 1221 ἕχει
737 1151 836 1220 τὴν
874 1150 1126 1222 δύναμιν.
1165 1151 1237 1203 Τὸ
1269 1150 1449 1203 τοίνυν
1478 1150 1640 1225 αὐτόν
1682 1166 1740 1200 τε

129 1246 220 1297 τὸν
252 1246 521 1315 ἰεράρχην
549 1242 688 1296 κατὰ
720 1244 820 1314 τὴν
860 1243 991 1297 ἰδίαν
1025 1244 1247 1296 οὐσίαν·
1285 1243 1418 1315 άλλη
1444 1243 1552 1314 γὰρ
1578 1244 1744 1312 ἀγγέ-

130 1337 221 1389 λου
256 1337 560 1409 τελειότης,
601 1336 694 1389 καὶ
739 1337 874 1407 άλλη
912 1335 1233 1407 ἀνθρώπου·
1280 1338 1376 1389 καὶ
1402 1334 1559 1401 αὖθις
1602 1338 1745 1390 κατά

128 1433 228 1500 τὴν
265 1431 479 1485 οἰκείαν
510 1433 800 1501 ἀναλογίαν
838 1434 932 1486 καὶ
970 1430 1123 1497 τάξιν
1144 1449 1155 1461 ·
1186 1433 1278 1485 ἐπὶ
1301 1432 1410 1503 γὰρ
1436 1436 1548 1495 τοῖς
1578 1433 1744 1502 οὐρα-

130 1526 265 1590 νίοις
295 1526 434 1597 ἄλλη
470 1528 570 1597 τῆς
607 1526 1072 1599 ὑπερϐεϐηκυίας,
1108 1526 1205 1579 καὶ
1236 1527 1371 1595 ἄλλη
1407 1522 1509 1595 τῆς
1541 1524 1742 1578 ὑποϐε-

132 1619 370 1689 ϐηκυίας
419 1620 629 1684 τάξεως
669 1622 701 1692 ἡ
749 1620 1075 1691 λαμπρότης
1100 1637 1111 1648 ο
1155 1619 1248 1671 ἐπὶ
1279 1618 1336 1671 δὲ
1379 1620 1493 1681 τοῖς
1533 1617 1743 1688 γηϊνοις

130 1713 265 1784 ἄλλη
299 1713 412 1767 τῶν
441 1716 786 1780 ἐπισκόπων,
824 1715 920 1768 καὶ
959 1714 1095 1785 ἄλλη
1133 1714 1241 1767 τῶν
1281 1714 1667 1785 πρεσϐυτέρων
1707 1714 1741 1783 ἡ

1848 500 1989 555 libro
2009 499 2084 555 De
2105 497 2312 553 Cwlesti
2338 498 2659 553 Hierarchia
2685 499 2948 566 diximus,
2976 502 3120 555 inter
3142 500 3264 554 illos
3292 502 3444 555 thro-

1848 608 2043 648 norum
2092 594 2344 647 ordinem
2382 593 2600 648 caeteris
2631 608 2751 648 esse
2795 594 3198 649 sublimiorem.
3234 596 3440 651 Verum

1846 702 1911 739 ex
1945 687 2031 740 his
2059 687 2533 756 perpendendum,
2573 702 2702 740 num
2730 687 2879 741 illum
2916 698 3089 754 recte,
3120 700 3173 743 et
3214 706 3322 744 non
3353 705 3442 746 se-

1846 779 2097 848 raphim,
2143 776 2524 833 sublimiorem
2582 777 2832 833 ordinem
2880 794 3132 834 asserere
3185 781 3445 836 debueri-

1847 886 1967 923 nuts
2011 886 2025 923 :
2083 870 2173 924 hic
2223 872 2370 924 enim
2417 870 2490 924 ab
2535 869 2745 925 ultimis
2798 872 3250 941 dispositionibus
3306 874 3444 927 inci-

1848 966 2022 1034 piens,
2058 967 2274 1018 tandem
2309 964 2363 1017 in
2393 964 2669 1032 seraphim
2703 964 2918 1018 desivit.
2951 965 3251 1031 Caeterum,
3284 968 3445 1037 quid-

1844 1057 1974 1125 quid
2015 1058 2118 1110 hac
2169 1056 2236 1110 de
2284 1071 2346 1111 re
2392 1056 2484 1121 sit,
2522 1056 2707 1113 vincat
2750 1057 2802 1111 id
2835 1057 2980 1125 quod
3022 1058 3304 1127 antiquius
3333 1067 3440 1113 est.

1845 1148 1979 1202 Illud
2025 1158 2176 1203 certe
2234 1157 2465 1203 sanctus
2522 1148 2610 1202 hic
2657 1148 2921 1215 aﬂirmat,
2972 1164 3268 1204 commune
3317 1164 3443 1204 esse

1843 1242 1990 1296 omni
2015 1242 2335 1297 hierarchiac
2354 1242 2499 1310 quod
2517 1243 2697 1296 omnis
2720 1242 3028 1296 hierarchia
3051 1258 3216 1296 unam
3236 1242 3445 1297 habeat

1844 1338 2124 1390 virtutem.
2158 1334 2359 1389 Delinit
2396 1337 2582 1404 itaque
2616 1334 2982 1389 hierarchiam
3037 1334 3195 1404 163
3242 1335 3440 1404 partim

1846 1430 2149 1483 secundum
2189 1429 2475 1498 propriam
2507 1437 2786 1495 naturam,
2816 1429 3075 1495 quoniam
3100 1428 3208 1481 alia
3237 1439 3321 1482 est
3344 1443 3444 1482 an-

1849 1521 1979 1590 geli,
2010 1530 2065 1575 et
2100 1520 2203 1573 alia
2235 1521 2475 1575 hominis
2504 1519 2790 1589 perfectio,
2823 1521 3026 1589 partim
3062 1520 3227 1573 etiam
3255 1533 3443 1573 secun-

1848 1614 1976 1668 dum
2019 1613 2432 1684 proportionem
2485 1623 2542 1667 et
2590 1612 2839 1666 ordinem
2889 1612 3087 1680 cuique
3122 1611 3436 1679 proprium:

1848 1706 2110 1774 quoniam
2156 1706 2211 1759 in
2266 1704 2584 1760 caelestibus
2618 1704 2724 1757 alia
2766 1712 2852 1758 est
2895 1702 3221 1771 superioris,
3252 1712 3307 1757 et
3333 1702 3440 1756 alia

128 1806 306 1873 τάξις.
351 1808 429 1860 Τὸ
464 1808 748 1876 ἀναλόγως
788 1805 920 1875 γοῦν
971 1806 1291 1876 τελεσθῆναι
1329 1806 1423 1859 τὸν
1464 1806 1733 1876 ἰεράρχηνη

1854 1791 2133 1846 inferioris
2191 1791 2402 1845 ordinis
2453 1790 2757 1853 claritudo;
2805 1789 2859 1841 in
2912 1789 3269 1843 terreStribus
3308 1804 3440 1842 vero

130 1900 225 1952 καὶ
269 1902 388 1963 τοῖς
443 1899 817 1970 ὑποϐεϐηκόσι
868 1898 1207 1968 μεταδιδόναι
1246 1900 1345 1969 τῆς
1384 1897 1742 1967 ἐγγινομένης

130 1991 279 2062 αὐτῷ
320 1992 511 2045 θεόθεν
539 1992 882 2062 ἐλλάμψεως,
914 1992 1005 2044 καί
1034 1990 1196 2045 πάλιν
1232 1991 1363 2053 τοὺς
1404 1989 1743 2060 ὑποϐεϐηκό-

128 2101 223 2147 τας
252 2087 369 2148 τοῖς
399 2084 678 2156 κρείττοσι
706 2085 803 2155 μὲν
826 2084 1076 2148 ἕπεσθαι,
1114 2083 1221 2135 τῶν
1247 2082 1303 2134 δε
1331 2082 1568 2152 ἡττόνων
1594 2082 1743 2151 ἡγεῖ-

130 2178 273 2242 σθαι,
311 2176 478 2231 τοῦτό
502 2179 649 2231 ἐστιν
677 2180 710 2250 ἡ
743 2178 895 2249 κοινὴ
934 2179 1033 2248 τῆς
1076 2175 1361 2247 ίεραρχίας
1400 2176 1620 2245 ἀπάσης
1647 2175 1737 2228 δύ-

128 2289 311 2342 ναμις.
358 2272 436 2323 0-3
469 2272 576 2342 μὴν
599 2271 678 2334 δὲ,
721 2270 837 2323 ἀλλ’
864 2270 996 2323 ἴδιόν
1019 2271 1166 2322 ἐστιν
1191 2269 1428 2341 ἑκατέρᾳ
1462 2270 1738 2342 ίεραρχίᾳ,

128 2364 205 2415 δτι
233 2367 268 2434 ἠ
302 2364 411 2434 μὲν
454 2364 683 2435 οὐρανία
723 2364 1032 2435 ἀσωμάτων
1072 2362 1190 2415 ἐστί
1224 2364 1319 2415 καί¹
1358 2361 1563 2433 νοητῶν
1604 2363 1741 2434 πρὸς

128 2458 273 2527 ἡμᾶς
315 2457 609 2525 (κάκεῖναι
635 2456 745 2528 γὰρ
776 2454 911 2528 πρὸς
940 2456 1030 2510 τὸν
1068 2455 1200 2509 Θεὸν
1223 2455 1406 2524 νοεραί
1453 2455 1618 2525 εἰσι),
1646 2457 1741 2508 καί¹

127 2548 209 2601 διὰ
234 2548 405 2600 τοῦτο
432 2550 528 2601 καὶ
565 2548 822 2620 ἱεραρχία
840 2548 1021 2601 αὐτῶν
1048 2547 1216 2618 νοητὴ
1243 2548 1338 2600 καί¹
1369 2547 1740 2618 ὑπερκόσμιός

127 2641 309 2694 ἐστιν’
360 2642 397 2711 ἡ
448 2640 577 2693 καθ’
609 2642 758 2711 ἡμᾶς
796 2640 852 2693 δὲ
890 2641 957 2693 δι’
986 2639 1263 2710 αἰσθητῶν
1295 2639 1598 2709 συμϐόλων,
1640 2639 1738 2711 δη-

126 2732 299 2785 λονότι
338 2732 723 2803 βαπτίσματος
749 2773 763 2797 ,
802 2732 1097 2799 συνάξεως,
1147 2732 1467 2797 κοινωνίας,
1500 2732 1593 2784 καὶ
1630 2733 1738 2785 τῶν

126 2822 330 2876 λοιπῶν
364 2824 760 2895 ποικιλλομένη
786 2823 1143 2894 πληθύνεται.
1183 2826 1334 2895 Ὄσῳ
1364 2824 1473 2895 γάρ
1496 2841 1579 2887 τις
1609 2824 1740 2878 ἀνά-

128 2933 279 2981 γεται
309 2918 398 2980 εἰς
433 2916 495 2968 τὸ
535 2917 758 2980 ὲνιαῖον,
803 2915 995 2985 φθάνει
1032 2917 1132 2987 τῆς
1172 2916 1413 2987 νοήσεως
1440 2934 1455 2946 ·
1497 2918 1592 2969 καὶ
1629 2917 1739 2987 ὅσῳ

126 3007 235 3068 τοῖς
274 3004 564 3074 αἰσθητοῖς
600 3008 913 3076 προχωρεῖ,
956 3005 1290 3076 πληθύνεται
1319 3009 1432 3069 τοῖς
1462 3006 1737 3077 αἰσθητοῖς

127 3086 198 3145 ὧν
227 3094 575 3148 αἰσθάνεται.
638 3095 831 3165 Ἑτέρα
882 3091 1039 3159 αὖθις
1078 3095 1189 3149 τῶν
1231 3096 1326 3149 δύο
1366 3096 1621 3170 διάφορα,
1655 3097 1737 3150 ὅτι

1846 1885 2094 1951 alius,est
2119 1884 2362 1953 episcopi
2391 1893 2447 1939 et
2476 1884 2616 1937 alius
2644 1884 2781 1937 ordo
2811 1883 3283 1954 presbyterorum.
3310 1882 3439 1937 Hie-

1846 1978 2122 2032 rarchiam
2172 1978 2358 2045 itaque
2395 1976 2623 2041 initiari,
2666 1985 2721 2030 et
2768 1976 3125 2030 inferioribus
3149 1976 3264 2030 suis
3298 1976 3438 2036 insi-

1846 2080 1954 2124 tam
2007 2069 2113 2125 sibi
2175 2069 2440 2124 divinitus
2490 2068 2918 2123 illustrationem
2975 2068 3434 2132 communicare,

1843 2173 2010 2232 atque
2044 2164 2214 2217 etiam
2255 2162 2549 2218 inferiores
2600 2160 2981 2231 superioribus
3025 2161 3246 2230 quidem
3274 2162 3437 2215 obse-

1844 2257 1959 2327 qui,
1995 2264 2051 2310 et
2088 2256 2413 2309 inferiorum
2441 2270 2665 2310 suorum
2702 2254 2867 2307 duces
2893 2254 3155 2319 existere,
3182 2253 3297 2307 haec
3331 2254 3441 2307 vir-

1846 2357 1933 2403 tus
1988 2349 2239 2417 quaedam
2295 2356 2376 2402 est
2438 2345 2665 2401 cuilibet
2720 2345 3046 2403 hicrarchim
3108 2345 3435 2400 communis.

1842 2441 2113 2495 Caeterum
2148 2454 2255 2493 non
2284 2452 2599 2502 commune,
2628 2438 2721 2492 sed
2752 2438 3032 2506 proprium
3061 2437 3289 2491 cuilibet
3322 2438 3440 2490 hic-

1844 2531 2080 2586 rarchia:
2116 2540 2224 2593 est,
2258 2530 2403 2598 quod
2432 2528 2676 2583 caelestis
2730 2527 2824 2581 illa
2871 2538 3122 2596 respectu
3156 2527 3331 2582 nostri
3368 2526 3440 2581 sit

1844 2636 2031 2675 rerum
2070 2622 2526 2691 incorporearum
2576 2631 2631 2675 et
2678 2621 3115 2691 intelligihilium
3154 2626 3305 2694 (nam
3356 2642 3439 2682 re-

1841 2725 2035 2783 Spectu
2087 2713 2183 2767 Dei
2236 2723 2291 2768 et
2352 2713 2454 2768 illae
2502 2723 2632 2768 sunt
2680 2714 3118 2785 iutclligentes);
3176 2718 3437 2785 quocirca

1842 2807 2009 2861 etiam
2048 2821 2238 2861 earum
2272 2806 2586 2861 hierarchia
2620 2807 2987 2875 intelligibilis
3014 2823 3079 2862 ac
3104 2824 3440 2879 supramun-

1846 2902 2010 2957 dialis
2037 2904 2227 2959 existit
2261 2921 2273 2957 :
2312 2912 2502 2958 nostra
2540 2910 2723 2958 autem
2766 2919 2863 2973 per
2903 2906 3156 2975 symbola
3192 2907 3436 2971 sensilia,

1841 2995 2050 3051 scilicet
2081 2995 2453 3063 baptismatis,
2489 3011 2783 3066 synaxeos,
2807 2998 3247 3061 communionis,
3276 3008 3439 3055 caete-

1843 3090 2034 3159 risque
2066 3091 2348 3159 variegata
2378 3088 2798 3159 multiplicatur.
2829 3088 3107 3155 Quantum
3142 3092 3287 3145 enim
3314 3094 3439 3160 quia

127 3188 213 3240 τὸν
253 3187 391 3241 Θεὸν
423 3190 520 3241 καὶ
555 3189 655 3260 τὴν
696 3188 845 3243 θείαν
885 3188 1087 3260 ἀρετὴν
1118 3191 1319 3242 ἐκεῖνοι
1366 3189 1465 3261 μὲν
1503 3190 1579 3255 ὡς
1619 3191 1733 3257 νόες

1844 3183 2138 3237 adducitur
2170 3184 2237 3236 ad
2266 3198 2431 3235 unum
2466 3182 2595 3237 illud
2626 3183 2942 3251 singulare,
2980 3193 3191 3238 tantum
3222 3187 3438 3241 accedit

128 3283 359 3349 νοοῦσιν,
388 3282 530 3336 ἀλλὰ
550 3282 674 3335 καθ’
691 3283 813 3336 ὅσον
837 3281 1126 3346 κάκείνους
1146 3285 1288 3335 νοεῖν
1314 3284 1460 3336 ἐστιν
1484 3284 1734 3353 ἐφικτόνο

129 3376 283 3447 ἡμεῖς
308 3376 369 3429 δὲ
408 3374 467 3441 ἐξ
510 3374 786 3444 αἰσθητῶν
825 3374 1076 3440 εἰκόνων,
1110 3374 1221 3427 τῶν
1246 3375 1303 3426 ἐν
1328 3376 1395 3445 τῇ
1442 3375 1737 3447 Ἐκκλησία

127 3469 472 3541 τελουμένων
508 3470 671 3540 φημὶ,
703 3468 797 3521 ἐπὶ
825 3468 918 3521 τὸν
950 3468 1086 3521 Θεὸν
1112 3468 1446 3540 ἀναγόμεθα.
1497 3471 1736 3542 Ἀληθῶς

128 3577 183 3613 τε
212 3565 417 3627 εἰπεῖν,
449 3560 511 3614 ’ἐν
542 3561 644 3633 μέν
672 3564 824 3615 ἐστιν
863 3556 926 3616 οὗ
966 3562 1168 3625 πάντες
1196 3562 1439 3630 ἐφίενται
1465 3579 1478 3591 ⁶
1515 3563 1654 3626 τέως
1681 3562 1737 3616 δὲ

129 3653 361 3709 ἐνταῦθα
393 3654 534 3726 πρὸς
561 3653 653 3707 τὸν
686 3653 888 3708 σκοπὸν
928 3652 1037 3705 τῶν
1075 3652 1171 3706 δύο
1212 3653 1528 3725 ίεραρχιῶν,
1561 3655 1737 3708 ἀπαν-

128 3761 211 3808 τες
242 3747 293 3797 οἰ
324 3745 587 3808 ὲνοειδείς
623 3744 901 3815 δηλονότι,
944 3745 993 3796 οἰ
1034 3743 1177 3797 κατὰ
1218 3744 1413 3816 νοεράν
1451 3744 1738 3816 ἐνέργειαν

130 3838 452 3909 ἑνιζόμενοι.
522 3838 612 3901 Ὠς
663 3836 774 3909 γὰρ
826 3839 988 3908 ἡμεῖς
1030 3836 1321 3907 ὲνιζόμεθα
1372 3838 1734 3909 ἀναγόμενοι,

129 3931 264 3984 οὕτω
313 3931 414 3984 καὶ
463 3932 516 3982 οἰ
563 3929 697 3983 θεῖοι
747 3929 968 3999 ἄγγελοι
1022 3930 1102 3984 ἔτι
1148 3930 1416 3995 ἑνίζονται
1464 3932 1600 4004 πρὸς
1634 3932 1735 3997 τὰς

130 4024 274 4088 θείας
314 4024 539 4094 νοήσεις
569 4022 918 4093 ἀναγόμενοι.
965 4023 1115 4087 Ἐνὸς
1142 4022 1251 4094 γὰρ
1277 4023 1429 4087 ὄντος
1472 4024 1567 4077 τοῦ
1609 4026 1737 4094 ἐφευ-

128 4116 237 4181 τοῦ,
262 4116 363 4185 οὐχ
388 4113 610 4177 ὲνιαίως
633 4115 729 4168 καὶ
758 4114 883 4168 καθ’
912 4113 1008 4169 ἕνα
1036 4115 1244 4168 καὶτὸν
1268 4113 1431 4169 αὐτὸν
1451 4117 1653 4188 τρόπον
1685 4119 1733 4171 οἰ

128 4210 405 4280 ἐφιέμενοι
421 4206 690 4277 ἐφίενται,
714 4206 850 4261 ἀλλά
871 4206 1016 4261 κατὰ
1034 4208 1132 4278 τὴν
1153 4207 1287 4261 ἰδίαν
1307 4208 1462 4275 ἀξίαν
1482 4210 1732 4273 ἕκαστος.

140 4302 294 4355 Ἀλλὰ
323 4300 507 4354 ταῦτα
532 4300 630 4372 μὲν
655 4301 713 4353 ὲν
738 4298 918 4363 ἄλλοις
948 4299 1198 4372 εἴρηται·
1243 4298 1339 4353 νῦν
1377 4301 1434 4354 δὲ
1472 4302 1571 4373 τὴν
1611 4301 1734 4355 καθ’

128 4394 267 4465 ἡμᾶς
318 4391 634 4465 ἰεραρχίαν,
678 4391 774 4445 καί⁹
824 4390 925 4463 τὴν
967 4392 1148 4445 αἰτίαν
1184 4392 1282 4445 καὶ
1333 4394 1520 4447 οὐσίαν
1565 4395 1735 4467 αὐτῆς

127 4487 145 4555 (
160 4487 298 4557 αὕτη
320 4485 383 4539 δέ
410 4486 564 4538 ἐστιν
588 4485 619 4554 ὴ
644 4483 1058 4556 θεαρχικωτάτη
1082 4483 1382 4557 δύναμις),
1417 4486 1591 4540 εἰπεῖν
1615 4503 1735 4539 πει-

129 4580 387 4650 ράσομαι,
421 4576 517 4631 τὸν
541 4577 773 4648 Σωτῆρα
798 4575 1267 4647 ἐπικαλεσάμενος
1309 4577 1537 4650 Ἰησοῦν.

1842 3276 1908 3329 ad
1936 3276 2369 3331 intellectionem
2398 3292 2413 3330 :
2445 3286 2712 3347 quantum
2747 3292 2878 3331 vero
2902 3278 2969 3331 ab
3001 3293 3067 3332 co
3098 3278 3352 3344 discedit,
3380 3280 3436 3333 in

1843 3379 2053 3425 tantum
2094 3372 2492 3440 multiplicatur
2520 3386 2616 3426 seu
2655 3371 2986 3425 distrahitur
3012 3372 3174 3427 rebus
3198 3373 3433 3428 sensibi-

1840 3463 2007 3528 libus,
2044 3479 2185 3531 quas
2226 3464 2415 3517 sentit.
2446 3462 2565 3516 Alia
2605 3462 2804 3516 iterum
2845 3471 2931 3517 est
2971 3463 3167 3517 horum
3200 3464 3431 3520 duorum

1841 3553 2180 3617 diﬂ‘ereutia,
2219 3555 2362 3623 quod
2404 3554 2481 3608 illi
2524 3555 2771 3624 quidem,
2810 3563 2869 3608 ut
2910 3565 3147 3622 mentes,
3180 3556 3349 3610 Deum
3378 3568 3437 3612 et

1840 3647 2081 3702 divinam
2106 3647 2363 3701 virtutem
2390 3646 2722 3717 intelligant,
2741 3647 2793 3702 in
2820 3658 3085 3718 quantum
3117 3650 3329 3706 scilicet
3364 3653 3434 3706 iis

1839 3738 1924 3793 fas
1973 3739 2319 3810 intelligere;
2374 3754 2475 3794 nos
2504 3751 2690 3794 autem
2734 3756 2799 3795 ex
2847 3742 3203 3798 scnsibilibus
3238 3745 3433 3814 signis,

1840 3848 1985 3901 quae,
2031 3833 2281 3903 inquam,
2311 3832 2365 3886 in
2398 3831 2644 3888 Ecclesia
2691 3844 3109 3903 consecrantur,
3160 3837 3227 3889 ad
3261 3836 3430 3892 Deum

1839 3926 2201 3980 adducamur.
2249 3925 2317 3980 Et
2350 3935 2408 3979 ut
2452 3940 2581 3981 vere
2613 3927 2831 3993 dicam,
2879 3944 3047 3982 unum
3082 3928 3301 3998 quidem
3348 3942 3433 3986 eet

1840 4020 1983 4083 quod
2009 4032 2199 4071 omnes
2216 4026 2502 4087 appetunt,
2524 4019 2927 4089 scilicetquoad
2952 4035 3173 4089 scopum
3199 4023 3431 4078 duarum

1841 4109 2282 4165 hicrarchiarum
2311 4152 2326 4178 ,
2361 4114 2429 4167 de
2463 4128 2572 4183 quo
2606 4112 2879 4168 haetenus
2912 4114 3060 4185 agit,
3094 4128 3283 4169 onmes
3310 4118 3431 4171 uniw

1840 4204 2046 4258 lormes
2074 4212 2203 4258 sunt
2230 4204 2321 4273 qui
2351 4220 2446 4275 per
2477 4205 2780 4276 spiritalem
2827 4207 3102 4263 actionem
3142 4208 3429 4266 uniuntur.

1841 4294 1998 4349 Sicut
2045 4296 2192 4349 enim
2242 4312 2344 4351 nos
2397 4297 2636 4362 unimur,
2687 4314 2810 4354 cum
2866 4300 3213 4366 adducimur,
3257 4301 3338 4355 sic
3373 4312 3433 4357 et

1840 4386 2017 4458 angeli
2072 4388 2243 4443 divini
2291 4389 2584 4455 uniuntur,
2620 4404 2745 4444 cum
2798 4392 2867 4445 ad
2915 4391 3132 4446 divinas
3180 4393 3430 4449 notiones

1841 4482 2209 4536 adducuntur.
2251 4481 2387 4536 Cum
2423 4482 2570 4538 enim
2617 4498 2785 4536 unum
2830 4483 2904 4538 sit
2936 4487 3080 4554 quod
3125 4487 3426 4557 appetitur,

1766 4566 1810 4620 Ῑ)
1842 4594 1947 4633 non
2002 4587 2184 4634 tamen
2242 4578 2499 4634 unimode
2535 4594 2634 4634 seu
2681 4579 2993 4634 secundum
3043 4596 3211 4634 unum
3265 4596 3427 4636 eum-

128 4674 361 4743 demque
407 4672 661 4736 modum,
703 4671 799 4741 qui
839 4670 893 4725 id
935 4680 1242 4742 appetunt,
1279 4670 1612 4739 alﬁciuntur,
1680 4675 1779 4730 sed
1840 4674 2071 4744 quilibet
2126 4676 2425 4731 secundum
2477 4676 2763 4745 propriam
2817 4675 3161 4744 dignitatem.
3226 4677 3428 4734 Verum

130 4770 237 4824 hac
263 4766 401 4822 alibi
428 4766 578 4821 dicta
604 4776 734 4818 sunt
765 4781 780 4817 :
818 4767 983 4820 modo
1012 4776 1197 4823 autem
1228 4779 1474 4824 nostram
1507 4769 1908 4835 hierarchiam,
1970 4778 2028 4825 et
2057 4770 2178 4839 ejus
2203 4786 2426 4827 causam
2462 4787 2528 4827 ac
2580 4774 2880 4828 essentiam
2934 4775 3079 4846 (qua:
3130 4785 3214 4831 est
3254 4777 3435 4833 virtus

129 4860 215 4915 illa
261 4859 643 4927 divinissima)
680 4872 959 4928 exponere
1004 4862 1272 4925 conabor,
1322 4863 1578 4918 invocato
1607 4860 1898 4920 Salvatore
1926 4864 2081 4919 Jesu.

171 4954 316 5027 §III.
336 4952 622 5025 Ἱεραρχία
644 4953 780 5018 ἐστὶ,
802 4953 1037 5027 καθὼςὴ
1062 4957 1234 5029 σεπτὴ
1257 4956 1414 5027 ἡμῶν
1431 4958 1732 5029 παράδοσις

129 5047 464 5119 παρίστησι,
513 5040 599 5098 τά
623 5044 931 5111 καθολικῶς
978 5047 1330 5121 θεωρούμενα
1382 5049 1415 5121 ἢ
1462 5050 1733 5121 λεγόμενα

130 5137 391 5210 περὶτῶν
416 5135 801 5208 ὑποκειμένων
840 5137 1002 5210 ἱερῶν
1041 5142 1406 5212 πραγμάτων.
1448 5143 1734 5213 Συγκεφα-

130 5225 349 5284 λαίωσιν
384 5229 498 5301 γάρ
521 5230 624 5301 τὴν
666 5229 763 5282 τοῦ
810 5230 933 5284 ὅλου
965 5232 1261 5304 περίληψιν
1307 5233 1497 5304 λέγει,
1540 5234 1732 5309 ὥσπερ

132 5324 605 5397 ἀνακεφαλαίωσιν
636 5323 870 5395 λέγομεν
904 5326 968 5379 τὸ
1008 5326 1302 5381 ἀναλαϐεῖν
1333 5329 1391 5382 ὲν
1422 5328 1625 5398 ὀλίγοις
1662 5331 1733 5385 τὰ

135 5417 529 5489 προλεχθέντα⁸
562 5416 819 5471 ἁπάντων
857 5416 967 5489 γὰρ
1005 5417 1116 5484 ἕξει
1148 5419 1257 5473 τῶν
1288 5420 1412 5474 κατ”
1440 5421 1603 5475 αὐτὸν
1629 5423 1730 5495 τὴν

137 5511 460 5581 επιστήμην,
489 5508 585 5562 καὶ
604 5508 715 5563 τῶν
740 5508 1150 5581 πρεσϐυτέρων,
1178 5512 1274 5565 καὶ
1302 5512 1410 5567 τῶν
1438 5514 1727 5581 διακόνων,

139 5603 221 5655 καὶ
250 5601 363 5655 τῶν
410 5600 639 5666 λοιπῶν,
669 5600 761 5654 διά
779 5600 940 5654 τοῦτο
979 5601 1089 5674 γὰρ
1112 5605 1207 5657 καὶ
1245 5606 1508 5678 ἰεράρχης
1539 5609 1732 5663 ἐπονο-

142 5694 388 5763 μάζεται,
414 5694 513 5749 καὶ
538 5695 841 5769 σκοπητέον
868 5696 927 5764 ἐξ
957 5696 1252 5766 ἀναλογίας
1278 5699 1387 5752 ἀπὸ
1414 5701 1514 5771 τῆς
1544 5701 1729 5775 ἰεραρ-

142 5789 268 5855 χίας.
309 5790 398 5853 Ὧς
423 5788 559 5859 γοῦν
589 5788 728 5861 αὕτη
759 5789 827 5843 δι’
852 5789 975 5845 ὅλου
1010 5790 1103 5844 καὶ
1132 5791 1226 5843 ἐπὶ
1251 5794 1384 5845 πᾶσι
1414 5795 1528 5858 τοῖς
1560 5795 1729 5867 ἱεροῖς

1918 4958 2064 5030 §III.
2106 4960 2202 5015 Est
2236 4961 2568 5023 hierarchia,
2599 4963 3064 5031 quemadmodum
3110 4965 3427 5020 veneranda

1838 5063 2024 5107 nostra
2055 5055 2277 5108 traditio
2309 5056 2583 5126 proponit,
2606 5070 2668 5110 ea
2695 5070 2816 5124 quae
2839 5058 3138 5113 universim
3166 5060 3429 5114 videntur

1836 5157 1930 5200 aut
1968 5146 2225 5201 dicuntur
2254 5147 2320 5202 de
2348 5148 2645 5217 propositis
2683 5149 2859 5203 sacris
2907 5152 3094 5206 rebus.
3138 5150 3425 5207 Summam

1834 5238 1981 5293 enim
2010 5253 2108 5294 seu
2133 5241 2521 5305 summarium,
2546 5250 2709 5296 vocat
2740 5242 2908 5297 totius
2945 5243 3386 5312 complexionem
3406 5287 3421 5307 ,

1834 5334 1981 5388 sicut
2018 5333 2534 5405 recapitulationem
2563 5335 2820 5395 dicimus.
2852 5352 2976 5391 cum
3001 5338 3190 5407 paucis
3216 5352 3278 5391 ea
3305 5354 3425 5406 quae

1835 5435 1967 5479 ante
1999 5426 2142 5481 dicta
2170 5434 2297 5480 sunt
2329 5436 2680 5497 repetuntur;
2716 5428 2973 5497 quoniam
3006 5429 3246 5483 omnium
3279 5429 3332 5482 in
3363 5445 3423 5482 se

1834 5517 2125 5572 scientiam
2178 5518 2437 5585 habebit;
2492 5534 2617 5574 cum
2652 5519 3123 5591 presbyterorum,
3158 5530 3268 5575 tum
3306 5520 3423 5573 dia-

1831 5624 2096 5665 conorum
2148 5610 2307 5683 164
2358 5613 3424 5681 ειειθιοτυιηιιυο,υηάειιὶιιιίτυηιιιίθ-

1833 5706 2033 5760 rarcha
2078 5706 2416 5772 nominatur,
2468 5707 2546 5761 uti
2582 5709 2842 5780 colligere
2888 5708 3016 5764 licet
3060 5723 3128 5763 ex
3167 5707 3421 5779 analogia

1833 5798 2073 5854 nominis
2098 5797 2440 5856 hierarchizr.
2474 5798 2947 5866 Quemadmodum
2976 5799 3145 5871 igitur
3178 5800 3278 5856 hoc
3316 5814 3419 5856 tto-
