3874 6228
424 270 525 329 587

1607 226 1998 318 s.1uouvsn
2031 258 2500 316 AREOPAGITAS

3606 253 3714 309 388

425 404 552 445 men
590 386 660 443 de
687 382 967 441 universis
997 388 1052 441 et
1077 379 1335 439 omnibus
1362 378 1537 435 sacris
1577 376 2020 433 ordinationibus

2127 372 2439 442 διακόσμοις
2467 370 2710 439 λέγεται,
2736 367 2910 431 οὕτως
2932 366 2962 420 ὁ
2988 364 3159 419 εἰπὼν
3184 362 3446 438 ἱερὰρχην
3468 363 3562 418 τὸν
3590 365 3715 417 ἐπι-

428 480 745 544 dicitur,ita
768 477 860 548 qui
884 476 1231 532 hierarcham
1256 472 1528 537 nominat,
1554 470 1731 525 virum
1753 470 1901 525 omni
1924 483 2013 524 sa-

429 591 523 633 cra
547 576 861 644 cognitione
881 574 1171 644 prmditum
1189 573 1482 643 signiﬁcat,
1502 570 1555 625 in
1572 582 1681 639 quo
1696 569 1879 624 omnis
1893 582 2017 638 qua;

428 669 507 724 illi
549 668 693 723 ineat
726 667 1039 724 hierarchia
1071 665 1277 735 liquido
1307 664 1680 734 cognoscitur.
1718 661 1833 716 Nisi
1867 661 2015 716 enim

432 759 549 829 ipse
577 760 795 828 penitus
823 767 878 813 et
915 758 971 812 in
1013 755 1268 810 omnibus
1307 755 1518 825 peritus
1534 760 1816 818 existeret,
1836 764 2017 821 neque

430 853 665 908 scientia
692 852 857 907 etiam
891 849 1212 905 trierarchis:
1244 856 1588 917 operaretur.
1639 845 1809 901 Nemo
1850 846 2018 916 igitur

429 947 579 1002 dicat
603 964 617 1001 :
644 944 843 1015 Ecquis
863 952 970 998 tam
994 928 1403 1011 pcrl‘ectusest‘?
1424 940 1542 996 Non
1566 940 1711 994 enim
1737 939 2021 1010 proposuit

431 1040 521 1094 hic
543 1039 707 1093 Pater
732 1039 799 1092 de
818 1037 917 1091 hoc
936 1038 1022 1091 vel
1048 1036 1137 1091 illo
1158 1036 1443 1091 hierarcha
1470 1035 1676 1099 dicere,
1695 1033 1791 1089 sed
1812 1034 2021 1103 simpli-

429 1134 568 1188 citer
581 1134 644 1188 de
664 1131 972 1197 hierarcba,
989 1129 1168 1199 qualis
1190 1144 1313 1183 esse
1333 1128 1528 1183 debeat
1548 1129 1664 1183 sine
1680 1127 1890 1183 defectu
1913 1144 1931 1183 :
1954 1142 2021 1183 ac

430 1229 476 1283 si
495 1227 619 1297 quis
642 1225 967 1294 simpliciter
992 1225 1062 1280 de
1083 1225 1447 1296 grammatico
1472 1224 1722 1294 loquens,
1750 1238 1811 1279 ea
1830 1237 2021 1278 recen-

430 1329 551 1377 seat
574 1334 697 1390 qua:
732 1320 800 1375 ad
829 1317 1136 1376 absolutum
1177 1317 1596 1388 grammaticum
1641 1317 2017 1385 requiruntur,

431 1412 671 1483 alioquin
703 1412 1041 1468 cleudicaret
1066 1410 1448 1481 grammatica,
1480 1408 1584 1464 nisi
1614 1407 2019 1463 demonstrare-

430 1515 542 1571 tur,
568 1506 745 1576 qualis
792 1507 907 1575 ipsa
942 1504 1159 1559 tandem
1198 1502 1294 1557 sit.
1328 1501 1500 1572 Hujus
1519 1500 1846 1556 hierarchiaa
1862 1499 2020 1570 prin-

430 1601 630 1669 cipium
651 1606 736 1653 est
761 1606 951 1653 sancta
982 1612 1046 1653 ac
1082 1598 1242 1652 beata
1287 1594 1554 1659 Trinitas,
1595 1608 1717 1663 qum
1747 1606 1876 1647 vere
1913 1601 2017 1656 est,

430 1694 655 1763 solaque
669 1693 1019 1764 semetipsam
1035 1691 1336 1760 cognoscit,
1355 1698 1611 1759 tanquam
1628 1686 1832 1743 habens
1846 1684 2021 1741 notio-

436 1804 559 1843 neut
580 1789 811 1858 propriae
830 1787 1159 1843 existentize.
1174 1785 1299 1840 llaec
1320 1794 1500 1840 autem
1524 1783 1638 1838 vult
1659 1783 1871 1838 ratione
1890 1795 2022 1851 pra:-

431 1883 670 1937 ditorutn
716 1879 1035 1950 angelorum
1086 1886 1141 1933 et
1181 1878 1460 1933 hominum
1512 1876 1788 1939 salutem,-
1829 1882 2020 1942 estque

433 1972 713 2027 deillcatio
746 1970 1155 2025 salvandorum.
1201 1967 1670 2035 Quemadmodum
1718 1966 1865 2020 enim
1912 1964 2020 2017 alia

433 2067 667 2122 dicimus
696 2080 726 2119 a
754 2072 899 2119 metu
927 2063 1159 2126 servari,
1193 2062 1247 2115 id
1277 2069 1360 2115 est
1379 2060 1733 2116 securitatem
1760 2047 2018 2126 adipisci;

430 2172 490 2218 et
521 2176 551 2215 a
577 2162 725 2215 caede
747 2156 979 2223 servari,
1008 2156 1062 2210 id
1102 2166 1187 2211 est
1208 2156 1377 2209 vitam
1410 2153 1662 2223 assequi;
1691 2160 1747 2205 et
1774 2166 1803 2205 a
1833 2152 2023 2206 morbo

433 2254 666 2319 servari,
708 2252 761 2306 id
795 2258 881 2306 est
912 2250 1097 2305 sanari
1135 2266 1149 2303 :
1180 2249 1262 2303 sic
1290 2247 1458 2303 etiam
1490 2246 1545 2299 in
1575 2244 1872 2314 propositis
1908 2258 2025 2299 ser-

435 2346 551 2399 vari
584 2346 654 2398 ah
691 2342 1026 2403 alienatione
1059 2339 1176 2398 Dei.
1211 2347 1297 2395 est
1330 2336 1553 2405 adjungi
1597 2334 1729 2401 Deo,
1777 2335 2023 2404 adeoque

434 2438 733 2494 deiﬁcatio.
764 2433 1094 2491 Omnimoda
1140 2443 1323 2487 autem
1356 2432 1681 2487 assimilatio
1710 2438 1766 2484 et
1794 2431 1924 2485 unio
1954 2430 2024 2485 ad

438 2533 629 2595 Deum,
678 2530 872 2597 utique
920 2517 1193 2581 terminus
1226 2539 1291 2579 ac
1330 2522 1457 2578 ﬁnis
1485 2533 1570 2578 est
1606 2523 1786 2577 omnis
1814 2523 2024 2577 hierar-

436 2623 597 2686 chiaa,
627 2636 748 2692 quae
797 2620 863 2674 ad
914 2614 1086 2673 Deum
1132 2627 1218 2672 est
1263 2617 1527 2671 dilectio:
1562 2629 1683 2685 quae
1715 2626 1771 2672 et
1817 2615 2024 2670 unitive

434 2722 875 2777 consummatur,
919 2709 1216 2767 secundum
1251 2710 1493 2764 divinam
1524 2718 1581 2763 et
1626 2710 1843 2764 unicam
1888 2708 2024 2762 sim-

436 2807 737 2878 plicitatem
765 2844 782 2871 ,
832 2803 1133 2859 secundum
1178 2817 1345 2873 quam
1396 2801 1543 2856 Deus
1586 2810 1672 2856 est
1710 2801 2023 2856 omnitnoda

437 2900 664 2956 dilectio
702 2898 785 2969 (et
811 2911 921 2952 non
970 2896 1101 2950 huic
1158 2894 1413 2964 quidem,
1454 2892 1531 2948 illi
1576 2908 1709 2948 vero
1750 2908 1893 2958 non,
1926 2894 2023 2947 sed

436 2994 573 3062 quid
622 3006 793 3046 unum
846 2986 1213 3044 desiderabile
1257 2986 1541 3051 existens,
1591 2984 1754 3040 simul
1791 2998 1919 3053 erga
1965 2997 2025 3038 se

440 3086 611 3141 habet
654 3081 950 3143 desideria,
985 3094 1086 3151 pro
1129 3078 1331 3134 merito
1377 3079 1670 3147 studioque
1709 3077 2023 3133 desiderau-
2052 3118 2097 3178 C

438 3202 596 3264 tium,
618 3195 885 3267 diversa),
926 3208 1129 3265 quique
1164 3193 1268 3247 hac
1295 3193 1447 3263 prior
1470 3202 1577 3259 est,
1612 3190 1960 3248 omnimodas
1990 3207 2022 3246 a

442 3290 747 3348 contrariis
794 3302 1069 3343 recessus.
1118 3285 1236 3340 Nisi
1283 3284 1429 3341 enim
1465 3285 1535 3339 ab
1563 3284 1711 3340 omni
1746 3285 2021 3339 materiali

436 3394 493 3441 ct
529 3384 749 3439 sordida
780 3380 1064 3449 voluptate
1093 3378 1312 3448 penitus
1346 3376 1557 3447 expiati
1586 3377 1875 3441 fuerimus,
1905 3377 2021 3433 veri

440 3477 566 3534 boni
609 3473 831 3530 dilectio
859 3488 967 3527 non
1017 3472 1124 3527 erit
1168 3471 1224 3524 in
1268 3470 1451 3525 nobis.
1502 3468 1731 3538 Quando
1781 3478 1962 3523 autem
1992 3484 2023 3523 a

438 3569 733 3627 contrariis
777 3565 1198 3622 discesserimus
1222 3604 1239 3629 ,
1290 3573 1404 3617 tum
1439 3577 1529 3617 res
1564 3563 1712 3631 ipsas
1736 3602 1753 3627 ,
1786 3570 1845 3616 ut
1873 3562 1926 3616 in
1964 3574 2025 3615 se

440 3675 590 3727 sunt,
623 3671 826 3717 natura
846 3673 943 3714 sua
993 3670 1436 3729 cognoscemus;
1482 3670 1680 3727 nempe
1732 3655 2019 3727 praesentia

445 3760 564 3813 haec
600 3766 957 3824 temporanea
981 3766 1125 3817 esse,
1155 3766 1275 3819 qua:
1304 3764 1437 3804 vero
1483 3750 1555 3805 ibi
1600 3758 1750 3813 sunt,
1792 3759 2024 3812 (eterna,

442 3864 543 3902 nec
588 3848 924 3916 decipiemur
959 3846 1106 3901 circa
1139 3842 1271 3899 boni
1301 3840 1718 3912 apparentiam;
1753 3840 2022 3908 siquidem

440 3942 535 3997 illa
569 3954 675 3993 non
725 3949 809 3993 est
856 3938 1050 3993 notitia
1127 3951 1311 3991 rerum
1366 3950 1471 4004 qua
1528 3949 1614 3990 res
1663 3943 1820 3999 sunt;
1897 3941 2024 3989 tunc

441 4033 589 4089 enim
619 4033 685 4086 ad
716 4032 1010 4101 ipsammet
1037 4030 1328 4085 veritatem
1358 4027 1694 4095 accedimus,
1716 4037 1881 4097 atque
1901 4029 2023 4081 uni-

445 4125 674 4175 l'ormem
709 4117 1102 4188 perfectionem
1136 4117 1550 4187 participamus.
1585 4116 1724 4183 Quid
1756 4131 1919 4188 porro
1940 4129 2027 4173 est

443 4211 836 4266 uniformitas?
867 4209 1099 4277 Quando
1133 4209 1395 4263 nimirum
1421 4224 1450 4263 a
1481 4211 1645 4264 rebus
1672 4210 1825 4266 hisce
1847 4212 2025 4266 sensi-

445 4305 648 4361 bilibus
674 4313 730 4360 et
759 4304 1086 4358 aerumnosis
1124 4302 1191 4355 ad
1225 4301 1465 4356 divinam
1507 4300 1665 4373 165
1706 4301 2029 4372 simplicita-

444 4410 554 4454 tem
589 4398 937 4461 adducimur,
969 4397 1062 4466 qui
1112 4404 1198 4451 est
1238 4393 1393 4450 cibus
1442 4394 1616 4450 beata:
1659 4395 1922 4459 visionis,
1968 4408 2031 4454 ut

2126 467 2371 537 στήμονα
2385 464 2565 536 πάσης
2591 465 2743 535 ἱερᾶς
2757 460 3013 531 γνώσεως
3029 460 3197 529 λέγει,
3215 460 3271 510 ὲν
3352 455 3611 528 καθαρῶς
3632 473 3715 525 γι-

2122 556 2393 612 νώσκεται
2429 557 2463 627 ἡ
2502 555 2625 609 καθ’
2642 554 2805 609 αὐτὸν
2826 552 2936 625 [ῖσ.
2956 553 3077 605 κατ’
3106 548 3290 621 αὑτὸν]
3325 545 3600 620 ἱεραρχία.
3624 544 3716 619 Μὴ

2118 649 2228 720 γὰρ
2256 648 2407 712 ὄντος
2447 646 2613 701 αὐτοῦ
2650 645 2879 700 καθόλου
2902 644 2998 697 καὶ
3020 643 3111 696 ἐπὶ
3134 642 3299 695 πᾶσιν
3322 641 3712 712 ἐπιστήμονος,

2117 738 2294 810 οὐδὲὴ
2321 739 2596 809 ἐπιστήμη
2638 736 2775 807 αὐτὴ
2812 736 2911 807 τῆς
2952 734 3235 806 ἱεραρχίας
3263 730 3711 803 ἐνεργηθησεται.

2119 831 2213 903 Μὴ
2246 830 2377 900 γοῦν
2402 830 2545 883 εἴποι
2582 846 2663 893 τις
2687 846 2699 858 ·
2721 828 2833 881 Καὶ
2866 829 3016 889 ποῖος
3042 825 3183 878 οὕτω
3206 824 3410 887 τέλειος
3436 840 3451 888 ;
3475 821 3553 875 Οὐ
3580 838 3719 893 προ-

2126 921 2284 974 έθετο
2320 920 2430 993 γὰρ
2468 920 2707 992 όΠατὴρ
2746 917 2875 990 περὶ
2896 918 3049 970 τοῦδε
3091 916 3125 987 ἢ
3168 914 3323 967 τοῦδε
3346 913 3605 985 ίεράρχου
3638 912 3718 964 εί-

2120 1017 2263 1078 πεῖν,
2290 1014 2425 1067 ἀλλά
2447 1014 2575 1086 περὶ
2599 1012 2692 1066 τοῦ
2721 1011 2906 1075 ἁπλῶς
2934 1010 3212 1081 ἱεράρχου,
3242 1008 3301 1072 ὃς
3334 1002 3542 1077 ὀφείλει
3572 1005 3718 1076 ἔχειν

2120 1106 2424 1170 ἀνελλιπῶς
2475 1106 2545 1159 τὰ
2596 1104 2799 1159 αὐτοῦ·
2854 1103 3044 1175 ὥσπερ
3096 1098 3192 1155 καὶ
3248 1102 3297 1154 εί
3345 1100 3477 1171 περὶ
3526 1097 3719 1160 ἁπλῶς

2121 1194 2511 1271 γραμματικοῦ
2536 1195 2741 1265 ἔλεγεν,
2779 1193 2971 1266 ἔμελλε
2999 1193 3177 1263 λέγειν
3204 1193 3386 1246 ἐκεῖνα
3408 1190 3535 1245 καθ’
3563 1189 3601 1244 ἃ
3625 1188 3719 1242 τὸν

2118 1289 2323 1341 τέλειον
2354 1287 2555 1358 ἀπῄτει
2583 1284 2968 1358 γραμματικόν
2988 1300 3001 1314 ⁸
3032 1286 3080 1337 εἰ
3105 1282 3150 1337 δ’
3181 1278 3273 1337 οῦν
3304 1281 3418 1335 ἀλλ’
3447 1279 3720 1352 έχὼλευεν

2120 1378 2155 1449 ἡ
2184 1376 2548 1449 γραμματικὴ
2582 1377 2657 1449 μὴ
2686 1375 2882 1445 ἔχουσα
2907 1373 3185 1445 δειχθῆναι
3215 1373 3372 1426 ὁποία
3395 1375 3517 1425 ποτ’
3546 1373 3716 1426 ἐστίν.

2120 1469 2338 1541 Ταύτης
2354 1468 2455 1538 τῆς
2471 1466 2755 1540 ἱεραρχίας
2777 1466 2919 1538 ἀρχὴ
2932 1467 2966 1536 ἡ
2989 1466 3120 1533 ἀγία
3142 1464 3235 1518 καὶ
3259 1464 3505 1535 μακαρία
3522 1463 3719 1535 Τριὰς,

2122 1563 2357 1634 ὴόντως
2406 1558 2572 1628 οὖσα,
2616 1562 2711 1614 καὶ
2755 1560 2893 1630 αὑτὴ
2936 1558 3072 1629 μόνη
3119 1557 3318 1627 ἑαυτὴν
3345 1555 3716 1627 ἐπισταμένη,

2120 1656 2195 1720 ὡς
2225 1656 2369 1727 ἔχειν
2398 1654 2695 1725 ἐπιστητὸν
2729 1653 2792 1705 τὸ
2820 1653 2918 1724 τῆς
2948 1650 3155 1713 οἰκείας
3193 1649 3505 1719 ὑπάρξεως.
3553 1650 3625 1701 Ἡ
3665 1649 3723 1701 δὲ

2049 1756 2094 1811 Β
2123 1748 2332 1820 θέλημα
2375 1746 2474 1819 μέν
2513 1746 2697 1807 ἐστιν,
2738 1746 2772 1815 ἡ
2810 1744 2920 1797 τῶν
2958 1742 3190 1812 λογικῶν
3228 1740 3479 1809 ἀγγέλων
3519 1757 3585 1793 τε
3629 1741 3725 1794 καὶ

2123 1838 2427 1913 ἀνθρώπων
2466 1837 2742 1910 σωτηρία·
2773 1838 2807 1907 ἡ
2837 1836 2915 1897 δὲ,
2946 1834 3140 1898 θέωσίς
3178 1836 3294 1887 ἐστι
3324 1832 3435 1886 τῶν
3475 1830 3727 1904 σωζομέ-

2121 1952 2248 1988 νων.
2289 1933 2502 2004 Ὥσπερ
2544 1930 2653 2003 γὰρ
2708 1928 2944 1982 ἐπὶτῶν
2991 1928 3167 1982 ἀλλων
3215 1926 3398 1997 φαμὲν
3450 1925 3727 1989 σώζεσθαι

2123 2024 2231 2079 ἀπὸ
2256 2024 2443 2093 φόϐου,
2470 2023 2637 2094 ἡγουν
2663 2023 2729 2092 τῇ
2761 2019 2962 2091 ἀφοόία
2994 2017 3413 2091 προσπελάζειν,
3449 2015 3728 2080 σώζεσθαι

2122 2112 2231 2165 ἀπὸ
2261 2110 2444 2181 φόνου,
2480 2111 2646 2182 ἤγουν
2686 2111 2753 2180 τῇ
2797 2110 2911 2179 ζωῇ
2956 2106 3391 2180 προσπελάζειν·
3442 2105 3725 2170 σώζεσθαι

2122 2203 2230 2258 ἀπὸ
2269 2202 2445 2267 νόσου,
2488 2204 2655 2274 ἦγουν
2695 2200 2847 2265 ὲντὸς
2884 2202 2982 2272 τῆς
3023 2199 3213 2270 ὑγείας
3250 2198 3498 2269 γίνεσθαι
3526 2213 3543 2231 ⁸
3584 2200 3729 2252 οὕτω

2123 2298 2217 2351 καὶ
2247 2297 2343 2349 ἐπὶ
2368 2296 2476 2349 τῶν
2506 2293 2885 2368 προκειμένων
2916 2295 2976 2347 τὸ
3005 2293 3273 2357 σώζεσθαι
3300 2293 3407 2346 ἀπὸ
3432 2291 3729 2364 ἀλλοτριώ-

2125 2401 2263 2448 σεως
2294 2382 2430 2436 Θεοῦ
2463 2384 2862 2455 προσπελάζειν
2890 2384 2968 2454 τῷ
3006 2383 3147 2454 Θεῷ,
3186 2384 3281 2437 καὶ
3318 2383 3516 2447 θέωσίς
3550 2383 3726 2437 ἐστιν.

2135 2474 2199 2526 Ἥ
2229 2474 2285 2526 δὲ
2319 2474 2538 2537 πάντως
2567 2473 2902 2545 ἀφομοίωσις
2930 2474 3025 2528 καὶ
3053 2473 3247 2537 ἓνωσις
3276 2472 3413 2545 πρὸς
3442 2473 3602 2537 Θεὸν,
3631 2476 3729 2529 καὶ

2122 2565 2186 2637 δὴ
2213 2565 2388 2639 πέρας
2416 2567 2510 2620 καὶ
2540 2566 2694 2630 τέλος
2726 2568 2873 2619 ἐστὶν
2901 2567 3122 2637 ἀπάσης
3155 2566 3439 2638 ίεραρχίας
3462 2604 3476 2629 ,
3517 2568 3553 2637 ἡ
3588 2566 3729 2638 πρὸς

2122 2656 2257 2711 Θεὸν
2281 2659 2564 2729 ἀγάπησις
2588 2674 2600 2687 ·
2630 2658 2665 2728 ἢ
2695 2657 2759 2728 δὴ
2798 2659 2892 2711 καὶ
2928 2656 3145 2720 ἑνιαίως
3176 2658 3541 2729 ίερουργεῖται
3580 2658 3729 2711 κατὰ

2122 2752 2223 2823 τὴν
2257 2751 2408 2804 θείαν
2441 2752 2535 2804 καὶ
2579 2750 2785 2804 ἑνιαίαν
2833 2750 3117 2821 ἁπλότητα
3140 2789 3156 2813 ,
3200 2749 3321 2803 καθ’
3350 2751 3417 2820 ἣν
3448 2749 3729 2820 παντελὴς

2124 2841 2312 2913 ἀγάπη
2344 2841 2540 2893 ὲστὶνό
2569 2839 2701 2903 Θεὸς
2742 2839 2876 2910 (καὶ
2912 2841 2971 2892 οὐ
3019 2840 3098 2911 τῷ
3143 2841 3263 2911 μὲν,
3287 2839 3366 2910 τῷ
3407 2840 3455 2893 δ’
3490 2838 3577 2902 οὗ,
3604 2838 3727 2892 ἀλλ’

2126 2934 2327 2987 ἑνιαίον
2354 2932 2548 3001 ἐφετὸν
2571 2930 2668 2996 ὢν,
2696 2932 2846 3001 ὅμως
2870 2930 2971 2995 τὰς
3000 2932 3136 3003 πρὸς
3164 2930 3329 2983 αὐτὸν
3352 2930 3574 3000 ἐφέσεις
3606 2930 3729 2984 δια-

2130 3024 2331 3096 φόρους
2375 3024 2487 3093 ἔχει
2537 3023 2674 3094 πρὸς
2714 3023 2819 3093 τὴν
2858 3022 3016 3088 ἀξίαν
3055 3023 3149 3075 καὶ
3184 3021 3284 3092 τὴν
3331 3021 3570 3091 σπουδὴν
3610 3019 3730 3073 τῶν

2225 3117 2467 3188 εμένων)
2496 3155 2511 3179 ,
2560 3116 2656 3168 καὶ
2703 3115 2811 3187 πρὸ
2861 3115 3052 3168 τούτου
3106 3116 3140 3187 ἡ
3201 3114 3564 3186 ἀποφοίτησις
3612 3113 3731 3167 τῶν

2127 3208 2387 3262 ἐναντίων
2422 3210 2456 3278 ἡ
2487 3208 2777 3280 παντελής.
2820 3208 2884 3260 Εἰ
2936 3208 3010 3279 μὴ
3060 3207 3171 3279 γὰρ
3210 3207 3578 3279 καθαρθῶμεν
3616 3208 3731 3261 ἀπὸ

2130 3303 2313 3373 πάσης
2343 3301 2533 3356 ὲνύλου
2573 3302 2668 3355 καὶ
2714 3303 2971 3374 ρυπαρᾶς
3001 3300 3280 3365 παντελῶς
3305 3301 3518 3372 ἡδονῆς,
3550 3300 3612 3353 οὐ
3652 3303 3732 3372 μὴ

2126 3396 2415 3468 γενήσεται
2459 3396 2492 3467 ἡ
2532 3395 2811 3466 ἀγάπησις
2860 3393 2955 3446 τοῦ
3010 3393 3180 3457 ὅντως
3217 3391 3446 3463 ἀγαθοῦ.
3488 3393 3631 3446 Πότε
3673 3393 3732 3447 δὲ

2127 3488 2512 3560 ἀποφοιτῶμεν
2541 3487 2652 3540 τῶν
2690 3486 2983 3551 ὲναντίων;
3013 3486 3102 3539 ὅτε
3143 3485 3468 3557 γνωσόμεθα
3492 3484 3565 3539 τά
3597 3485 3731 3538 ὖντα

2127 3580 2307 3645 καθὼς
2328 3580 2509 3651 ἔχουσι
2542 3581 2780 3650 φύσεως,
2809 3580 2900 3632 ὅτε
2931 3577 3000 3631 τά
3039 3577 3281 3649 παρόντα
3301 3576 3639 3648 πρόσκαιρα,
3661 3576 3733 3629 τὰ

2126 3673 2172 3727 δ’
2196 3674 2375 3726 ἐκεῖσε
2399 3671 2614 3738 αἰώνια,
2640 3672 2714 3743 μὴ
2742 3669 3091 3741 ἀπατώμενοι
3121 3671 3252 3742 περὶ
3277 3669 3374 3740 τὴν
3394 3669 3619 3741 δόκησιν
3633 3668 3732 3722 τοῦ

2128 3762 2297 3818 καλοῦ
2320 3780 2333 3792 ·
2361 3763 2521 3817 τοῦτο
2547 3763 2657 3835 γὰρ
2686 3764 2786 3816 οὐκ
2812 3762 2928 3815 ἔστι
2961 3761 3164 3830 γνῶσις
3183 3760 3293 3815 τῶν
3317 3754 3543 3834 ὄντωνῇ
3576 3759 3731 3823 ὄντα,

2127 3856 2247 3910 τότε
2270 3854 2380 3928 γὰρ
2410 3857 2502 3909 καὶ
2519 3859 2587 3928 τῇ
2604 3855 2833 3928 ἀληθείᾳ
2858 3854 3279 3927 προσϐαίνομεν,
3305 3855 3400 3909 καὶ
3427 3855 3731 3926 μετέχομεν

2127 3950 2227 4019 τῆς
2268 3947 2537 4012 ὲνοειδοῦς
2588 3947 2947 4014 τελειώσεως.
2989 3949 3055 4003 Τί
3092 3948 3151 4003 δέ
3189 3951 3306 4002 ἐστι
3352 3947 3414 4001 τὸ
3460 3946 3731 4001 ἐνοειδές·

2143 4039 2484 4111 ’Λναγόμεθα
2522 4039 2766 4113 δηλονότι
2794 4042 2904 4095 ἀπὸ
2930 4043 3042 4097 τῶν
3080 4041 3357 4114 αἰσθητῶν
3398 4040 3608 4094 τούτων
3640 4039 3736 4093 καὶ

2134 4129 2422 4201 μοχθηρῶν
2468 4132 2547 4195 εἰς
2595 4130 2746 4185 θείαν
2797 4133 3105 4205 ἁπλότητα,
3148 4132 3177 4185 ὃ
3214 4132 3279 4205 δὴ
3323 4130 3567 4194 ὲστίασίς
3614 4132 3733 4183 ἐστι

2129 4221 2228 4293 τῆς
2267 4222 2501 4292 ὲποψίας
2526 4237 2540 4252 ⁸
2571 4222 2837 4296 τρέφεται
2870 4223 2980 4296 γάρ
3015 4223 3095 4295 τῷ
3130 4223 3306 4297 νοητῷ
3332 4222 3424 4275 τὸν
3452 4222 3601 4286 νοῦν,
3627 4240 3733 4276 κα-

2132 4312 2243 4377 θὼς
2284 4316 2378 4368 καὶ
2411 4314 2603 4369 ἄλλοτε
2648 4316 2933 4388 ἐλέγομεν.
2974 4317 3085 4370 Καὶ
3122 4315 3281 4369 τοῦτό
3318 4316 3466 4368 ἐστιν
3503 4315 3539 4385 ἡ
3580 4332 3729 4385 παρ-

2132 4408 2263 4470 τοῖς
2286 4406 2643 4477 Εὐαγγελίοις
2682 4407 2803 4461 θεία
2839 4409 2933 4461 καὶ
2972 4407 3342 4479 ὑπερκόσμιος
3379 4404 3657 4478 τράπεζα.

444 4505 566 4560 qum
588 4501 824 4545 mentem
854 4504 913 4545 re
937 4486 1216 4545 intellecta
1245 4488 1439 4554 nutrit,
1474 4487 1619 4545 sicut
1643 4487 1772 4545 alibi
1796 4490 2055 4548 diximus.
2100 4498 2166 4554 Et
2196 4499 2311 4556 haec
2362 4514 2450 4557 est
2482 4502 2537 4557 in
2580 4500 2894 4574 Evangeliis
2929 4500 3021 4556 illa
3058 4502 3240 4557 divina
3300 4515 3367 4556 ac
3404 4514 3733 4570 supermun-

444 4584 604 4639 dialis
633 4598 840 4639 mensa.

521 4676 550 4749 §
584 4675 673 4731 IV.
718 4677 962 4733 Dicimus
983 4677 1193 4749 itaque,
1216 4679 1386 4734 Deum
1410 4677 1631 4734 dedisse
1654 4679 2023 4738 hierarchiam

2211 4682 2356 4755 ειν.
2397 4684 2644 4755 Λέγομεν
2688 4685 2888 4752 τοίνυν,
2923 4685 3000 4752 ὡς
3043 4687 3073 4740 ὀ
3117 4684 3252 4749 Θεὸς
3294 4683 3396 4757 τὴν
3447 4654 3735 4756 ἱεραρχίσν

447 4770 502 4825 in
556 4769 782 4826 salutem
832 4781 891 4827 et
935 4772 1336 4828 deiﬁcationem
1374 4786 1564 4829 eorum
1598 4774 1691 4844 qui
1739 4776 1858 4846 ejus
1900 4785 2028 4830 sunt

448 4863 762 4934 participes,
790 4873 956 4933 atque
998 4865 1207 4936 angelis
1249 4865 1465 4934 quidem
1504 4866 1818 4935 spiritaliori
1865 4869 2026 4922 modo

447 4964 503 5009 et
533 4956 705 5025 magis
736 4972 765 5009 a
812 4958 1039 5010 materia
1079 4967 1310 5023 remoto,
1344 4958 1500 5013 nobis
1537 4969 1718 5014 autem
1752 4974 1849 5028 per
1878 4974 2026 5031 sym-

450 5048 571 5102 bola
621 5066 634 5101 :
680 5048 948 5117 siquidem
994 5049 1243 5104 homlnes
1289 5053 1631 5107 extrinsecus
1686 5067 1715 5105 a
1764 5062 2029 5108 creaturas

450 5141 936 5209 contemplatione,
966 5144 1149 5197 verbis
1180 5144 1597 5209 doctriualibus,
1624 5147 1850 5216 aliisque
1881 5164 2028 5219 sym-

450 5234 590 5289 bolis
618 5248 713 5288 seu
746 5234 939 5304 signis,
970 5248 1156 5288 veram
1201 5237 1565 5306 cognitionem
1599 5238 1888 5305 hauriunt;
1926 5257 2026 5295 an-

332 5343 339 5351 °
450 5321 555 5398 geli
585 5342 715 5381 vero
747 5327 896 5381 intus
920 5328 1223 5382 secundum
1250 5328 1549 5397 spiritalem
1583 5332 1843 5386 virtutem
1871 5347 2026 5386 suam

454 5421 914 5485 illustrantur,ac
969 5417 1148 5472 divina
1201 5420 1477 5475 voluntate
1540 5421 1928 5491 insigniuutur,
1977 5423 2030 5476 id

450 5522 535 5568 est
581 5514 647 5567 ad
701 5513 941 5565 divinam
995 5512 1384 5573 imitationem,
1424 5528 1738 5583 rerumque,
1786 5531 1891 5584 qua
1941 5532 2030 5571 res

452 5615 598 5669 sunt,
626 5606 902 5660 notionem
950 5603 1325 5659 eﬂ‘ormantur.
1359 5605 1493 5659 Cum
1539 5607 1682 5660 enim
1720 5607 2030 5677 intelligens

453 5701 670 5766 quidem
716 5702 787 5755 sit
837 5702 890 5754 id
926 5701 1070 5771 quod
1122 5701 1400 5771 intelligit,
1428 5700 1770 5771 intelligibile
1815 5716 1945 5754 vero
1977 5702 2029 5754 id

451 5795 595 5855 quod
629 5794 968 5861 intelligitur,
996 5795 1149 5849 cibus
1189 5804 1371 5849 autem
1409 5804 1462 5849 et
1498 5796 1653 5863 quasi
1701 5795 2030 5849 sustentatio

2130 4778 2225 4830 ἐπὶ
2252 4778 2496 4849 σωτηρίᾳ
2527 4778 2622 4831 καὶ
2656 4776 2847 4832 θεώσει
2880 4779 2990 4833 τῶν
3041 4776 3420 4850 μετεχομένων
3454 4776 3734 4848 ἐδωρήσατ-

2129 4887 2212 4934 το,
2249 4871 2344 4924 καὶ
2387 4873 2501 4935 τοῖς
2550 4870 2650 4941 μὲν
2693 4872 2944 4941 ἀγγέλοις
2992 4870 3322 4944 νοερώτερον
3364 4870 3462 4923 καὶ
3494 4869 3734 4923 ἀῦλώτε-

2134 4982 2246 5035 ρον,
2280 4964 2415 5035 ἡμῖν
2448 4963 2503 5016 δὲ
2536 4964 2625 5017 διὰ
2660 4965 2979 5037 συμϐόλωψ
3007 4964 3283 5036 ἄνθρωποι
3321 4961 3420 5033 μὲν
3454 4958 3567 5033 γὰρ
3600 4960 3734 5029 ἐξιό-

2131 5052 2223 5105 θεν
2257 5053 2365 5106 ἀπὸ
2395 5053 2495 5123 τῆς
2530 5054 2673 5107 κατὰ
2702 5055 2802 5126 τὴν
2853 5055 3031 5108 κτίσιν
3076 5052 3332 5122 θεωρίας,
3370 5052 3466 5105 xu‘t
3499 5052 3615 5105 ἀπὸ
3648 5052 3731 5105 λόσ

2130 5163 2242 5214 γων
2274 5145 2690 5211 διδασκαλικῶν,
2725 5148 2820 5200 καὶ
2867 5147 3069 5218 ἑτέρων
3107 5144 3391 5216 συμϐόλων
3422 5144 3523 5212 τὴν
3558 5143 3731 5205 ἀληθεῖΊ

2130 5238 2331 5310 γνῶσιν
2366 5239 2732 5310 λαμϐάνουσιν
2758 5257 2772 5270 ·
2809 5238 3031 5308 ἄγγελοι
3063 5238 3119 5292 δὲ
3169 5237 3339 5309 αὐτὴν
3385 5237 3603 5290 ἔνδοθεν
3640 5243 3731 5310 τηε-

2130 5332 2324 5405 νοερὰν
2374 5332 2554 5386 αὐτῶν
2604 5332 2972 5403 ὲλλάμπονται
3023 5332 3274 5403 δύναμιν,
3310 5330 3407 5384 καὶ
3450 5330 3552 5402 τὴν
3588 5331 3739 5383 θείαν

2131 5427 2550 5499 ὲνσημαίνονται
2606 5426 2880 5498 βούλησιν,
2916 5427 3084 5496 ἤγουν
3136 5423 3437 5478 τυποῦνται
3487 5424 3632 5495 πρὸς
3678 5425 3739 5478 τὸ

2132 5516 2461 5587 θεομίμητόν
2494 5534 2574 5579 τε,
2608 5517 2705 5569 καὶ
2736 5516 2799 5568 τὸ
2831 5515 2940 5569 τῶν
2972 5516 3164 5581 ὄντων,
3261 5516 3392 5568 ὄντα
3423 5514 3568 5579 ἐστὶ,
3594 5532 3737 5583 γνωο

2134 5610 2335 5663 στικόν.
2356 5609 2572 5681 Ἐπειδὴ
2594 5609 2703 5681 γὰρ
2724 5608 2909 5679 νοερὸν
2935 5608 3032 5679 μέν
3053 5611 3170 5662 ἐστι
3184 5608 3246 5661 τὸ
3265 5605 3443 5672 νοοῦν,
3468 5608 3662 5679 νοητὸν
3679 5609 3739 5661 δε

2130 5702 2192 5754 τὸ
2224 5702 2532 5773 νοούμενον,
2557 5701 2730 5773 τροφὴ
2751 5701 2809 5755 δὲ
2832 5702 2927 5754 καὶ
2957 5702 3119 5754 οἱονεὶ
3146 5700 3405 5763 σύστασις
3425 5699 3525 5753 τοῦ
3550 5699 3735 5753 νοοῦν.

2131 5796 2221 5859 τός
2258 5798 2373 5849 ἐστι
2408 5798 2467 5850 τὸ
2501 5796 2814 5867 νοούμενον,
2840 5795 3065 5859 εἰκότως
3097 5795 3125 5847 ὁ
3160 5794 3312 5857 Θεὸς,
3345 5794 3439 5846 its
3477 5793 3618 5847 νόων
3650 5794 3731 5846 6v-
