3874 6228
166 301 270 358 389

740 295 828 351 DE
867 295 1149 354 ECCLES.
1191 294 1596 352 HIERARCH..
1637 293 1792 350 CAP.
1828 293 1869 348 ἰ.
1901 324 1969 335 --
1997 292 2352 354 PARAPHR.
2392 292 2844 350 PACHYMERIE

3337 297 3446 355 590

166 442 273 475 amt
324 421 440 477 τῶν
490 420 820 493 ἀσωμάτων,
874 416 1036 479 αὐτὸς
1089 413 1380 483 νοούμενος
1428 411 1523 465 καὶ
1571 409 1763 483 νοητὸς

1882 396 2225 487 intelligentis
2277 409 2350 464 sit
2397 409 2450 463 id
2502 408 2646 478 quod
2681 407 3032 479 intelligitur,
3057 409 3255 465 merito
3280 410 3447 479 Deus,

165 515 374 578 αὐτοῖς,
397 511 580 576 καθὼς
618 509 984 581 ἐφικνοῦνται,
1010 505 1314 577 γινόμενος,
1337 502 1541 556 ἔσωθεν
1566 501 1762 564 αὐτοὺς

166 607 460 677 ὲλλάμπει.
500 605 566 657 Ὃ
594 603 727 672 γοῦν
746 602 962 673 ἔχουσιν
994 600 1190 652 ἐκεῖνοι
1220 596 1436 659 ὲνιαίως
1456 596 1551 649 καὶ
1573 609 1766 647 συνεπ-

164 698 459 767 τυγμένως
491 695 567 759 ὡς
601 694 774 756 ἄῦλοι,
808 691 967 745 τοῦτο
988 692 1149 762 ἡμεῖς
1181 688 1269 747 διὰ
1306 687 1590 758 συμϐόλων
1621 686 1762 739 διαι-

170 787 342 865 ρετῶν
390 792 486 845 καὶ
518 789 713 860 πλήθει
746 786 1116 857 λαμϐάνομεν.
1152 777 1404 853 Σύμϐολα
1435 776 1490 833 δὲ
1523 778 1767 851 διαιρετὰ

166 890 264 953 τὰς
314 889 419 960 τῆς
463 888 687 958 Γραφῆς
734 885 1030 948 πολυειδεῖς
1073 882 1421 945 διδασκαλίας
1467 881 1652 951 φησίν.
1702 881 1766 932 Εἰ

166 981 297 1050 γοῦν
332 981 432 1033 καὶ
465 977 659 1050 πρώην
686 977 964 1047 ἐλέγομεν,
992 976 1072 1028 ὅτι
1100 975 1279 1047 πάσης
1306 975 1589 1047 ἱεραρχίας
1610 973 1767 1027 οὐσία

168 1074 317 1125 ἐστὶν
337 1071 371 1123 ὁ
397 1069 550 1136 Θεὸς,
579 1069 717 1123 ἀλλά
748 1069 849 1139 τῆς
881 1068 1003 1122 καθ’
1024 1069 1172 1139 ἡμᾶς
1197 1068 1342 1132 ἰδίως
1369 1069 1461 1121 καὶ
1496 1067 1768 1140 προσεχὴς

166 1161 348 1224 οὐσία,
383 1161 455 1214 τά
491 1160 863 1233 θεοπαράδοτα
896 1160 1071 1229 λόγια,
1106 1160 1200 1213 καὶ
1234 1160 1433 1231 μᾶλλον
1465 1159 1669 1214 τούτων
1701 1159 1770 1212 τὰ

172 1255 481 1309 σεπτότατα
511 1253 619 1305 τῶν
651 1252 964 1306 ἀποστόλων
995 1252 1395 1324 διδάγματα.Ὃ
1420 1250 1641 1323 γὰρ’τῇ
1659 1252 1769 1305 τῶν

170 1346 441 1419 οὐρανίων
477 1345 731 1418 ἱεραρχίᾳ
762 1344 923 1408 αὐτὸς
954 1346 982 1397 ὁ
1014 1344 1166 1409 Θεὸς,
1201 1345 1399 1409 ἀΰλως,
1434 1345 1510 1408 ῶς
1549 1345 1770 1415 ἐφικτὸν

171 1443 385 1505 αὐτοῖς,
422 1439 734 1509 ὲνούμενος,
770 1437 864 1491 καὶ
910 1438 1116 1510 ταύτην
1166 1437 1466 1502 ἀποτελῶν,
1499 1437 1656 1491 τοῦτο
1704 1441 1768 1511 τῇ

170 1533 291 1587 καθ’
326 1534 480 1604 ἡμᾶς
514 1534 569 1585 αἱ
604 1530 840 1603 Γραφαί,
876 1531 942 1584 δι’
970 1524 1045 1584 ὧν
1079 1530 1276 1602 ἔχομεν
1308 1530 1602 1599 ἀνάγεσθαι
1635 1531 1772 1603 πρὸς

170 1624 266 1696 τὴν
311 1625 467 1678 θείαν
517 1624 824 1696 ἁπλότητα·
862 1624 955 1677 καί¹
992 1623 1097 1695 μὴν
1130 1624 1224 1676 καὶ
1255 1622 1324 1677 τὰ
1355 1624 1456 1677 ὅσα
1501 1624 1565 1676 δι’
1599 1624 1761 1690 ἀῦγο-

170 1719 339 1789 τέρας
378 1718 656 1788 μυήσεως,
686 1716 785 1785 τῆς
819 1717 884 1769 ἐκ
915 1715 1011 1767 τοῦ
1046 1715 1363 1785 Πνεῦματος
1394 1714 1595 1786 δηλαδὴ
1629 1716 1773 1784 ἐγγι-

172 1810 408 1881 νομένης
452 1812 567 1873 τοῖς
617 1808 938 1872 ἀποστόλοις
983 1806 1240 1875 γνώσεως
1271 1806 1381 1861 τῶν
1412 1807 1513 1877 τῆς
1546 1808 1772 1880 Γραφῆς

172 1903 486 1975 νοημάτων,
523 1901 677 1954 αὐτοὶ
721 1904 835 1965 τοῖς
881 1900 1062 1964 ἄλλοις
1110 1899 1199 1955 διὰ
1241 1900 1421 1970 λόγου,
1460 1900 1773 1972 σωματικοῦ

175 1992 294 2065 μὲν,
331 1995 416 2046 ὅτι
466 1994 534 2047 δι’
568 1993 817 2064 ὀργάνων
864 1990 1193 2065 σωματικῶν
1226 1991 1496 2062 ἐλέγοντο,
1551 1993 1774 2047 ἀῦλοτέ-

176 2100 266 2155 ρου
301 2085 360 2138 δὲ
383 2086 555 2156 ὅμως,
582 2086 663 2138 ὅτι
688 2083 830 2154 λόγῳ
870 2081 1036 2156 μόνῳ,
1072 2086 1165 2139 καὶ
1196 2085 1286 2139 διὰ
1318 2086 1537 2158 γραφῆς
1558 2090 1571 2108 ⁶
1606 2085 1776 2158 παρέ-

171 2178 334 2231 δοσαν
373 2177 678 2249 μυστικῶς,
713 2179 1026 2251 Παρέδοσαν
1057 2179 1114 2232 δὲ
1146 2178 1318 2234 ταῦτα
1351 2182 1452 2234 οὐκ
1484 2183 1777 2253 ἀπαρακα-

170 2267 401 2334 λύπτοις
435 2271 708 2342 νοήσεσιν,
744 2270 857 2323 ἀλλ’
878 2272 935 2324 ὲν
972 2272 1260 2343 συμϐόλοις
1292 2273 1433 2326 τισὶν
1470 2275 1774 2345 ἰεροῖς,ὃσα

171 2357 375 2429 δηλαδὴ
401 2360 460 2411 ὲν
490 2361 555 2429 τῇ
590 2359 722 2429 ἁγίᾳ
752 2359 1047 2432 Ἐκκλησία
1078 2360 1376 2424 τελοῦνται,
1396 2362 1553 2431 λόγον
1584 2363 1775 2433 ἔχοντα

170 2454 262 2506 τοῦ
299 2454 632 2524 φαινομένου
676 2454 1006 2527 ὑψηλότερον
1051 2453 1146 2508 καὶ
1190 2454 1481 2527 θειότερον.
1516 2455 1686 2509 Τοῦτο
1717 2455 1775 2509 δὲ

172 2549 535 2617 πεποιήκασι,
572 2548 666 2599 καὶ
706 2548 807 2599 οὐκ
839 2546 1195 2616 ἀπεκάλυψαν
1232 2548 1403 2600 ἆπασι
1434 2547 1504 2601 τὰ
1535 2550 1778 2621 ἀπόκρυ-

173 2656 270 2706 φα,
304 2638 392 2690 ὅτι
424 2637 485 2689 οὐ
522 2639 628 2701 πᾶς
666 2637 830 2710 ἱερὸς,
862 2638 983 2691 οὐδὲ
1018 2640 1237 2692 πάντων
1270 2640 1303 2709 ἡ
1337 2639 1572 2707 γνῶσις·
1619 2640 1779 2710 Ὑμῖν

172 2732 282 2800 γὰρ
312 2730 576 2795 δέδοται,
613 2733 779 2803 φησιν
828 2734 857 2785 ό
903 2731 1111 2803 Κύριος
1154 2734 1269 2796 τοῖς
1316 2732 1636 2798 ἀποστόλοις
1682 2735 1777 2788 καὶ

1864 517 1987 556 cum
2036 508 2250 556 mentes
2295 502 2410 557 sint
2448 501 2805 570 incorporeae.
2840 501 3075 568 ipsemet
3118 500 3449 571 intelligens,

1864 602 1923 648 et
1952 593 2078 660 illis,
2112 601 2379 664 quantum
2420 608 2618 664 capere
2642 602 2897 664 possunt,
2927 593 3104 649 l'actns
3131 594 3451 665 intelligibi-

1866 686 1953 753 lis,
1982 687 2129 741 intus
2157 687 2303 756 ipsas
2335 686 2594 741 illustrat.
2630 686 2785 752 Quod
2810 687 2995 756 itaque
3028 687 3152 756 ipsi,
3190 696 3450 759 tanquam

1866 775 2280 842 immateriales,
2307 774 2460 830 unite
2510 775 2716 831 habent
2762 791 2826 832 ac
2862 786 3167 849 compaete,
3197 779 3303 835 hoc
3353 794 3455 834 nos

1868 867 1970 921 sub
1998 866 2293 920 divisorum
2319 865 2687 937 symbolorum
2732 867 3082 925 multitudine
3130 870 3453 941 accipimus.

1871 959 2128 1030 Symbola
2175 975 2341 1030 porro
2387 960 2584 1025 divisa,
2614 970 2778 1015 vocat
2826 962 3103 1017 doctrinas
3157 962 3456 1033 Scriptura:

1869 1054 2255 1109 multiformes.
2288 1053 2345 1109 Si
2372 1054 2577 1123 itaque.
2608 1062 2670 1106 ut
2716 1054 2880 1108 etiam
2924 1064 3052 1109 ante
3076 1055 3335 1118 diximus,
3364 1070 3457 1109 εει

1872 1149 2047 1201 sentia
2102 1148 2283 1201 omnis
2337 1145 2665 1203 hierarcbiar.
2711 1146 2852 1201 Deus
2883 1156 2989 1211 est,
3020 1156 3223 1201 nostrae
3274 1159 3456 1203 tamen

1872 1243 2131 1313 proprie,
2160 1242 2317 1311 quasi
2378 1242 2630 1311 proxima
2676 1241 2928 1305 materia,
2971 1250 3098 1296 sunt
3146 1240 3369 1295 oracula
3425 1255 3456 1295 a

1875 1335 1985 1389 Deo
2010 1336 2231 1395 tradita.
2248 1334 2551 1404 praesertim
2577 1333 2951 1403 apostolorum
2984 1333 3253 1388 doctrina:
3281 1332 3459 1387 maxi-

1877 1442 1964 1482 me
1985 1426 2334 1483 venerandae.
2366 1426 2520 1492 Quod
2556 1428 2700 1481 enim
2739 1426 2953 1481 cmlesti
3009 1425 3332 1480 hierarchize
3375 1435 3462 1480 est

1877 1523 1994 1592 ipse
2042 1521 2203 1584 Deus,
2236 1520 2696 1585 immaterialiter,
2731 1522 2907 1589 quoad
2957 1518 3074 1574 lieri
3122 1528 3320 1588 potest,
3357 1519 3460 1589 ipsi

1875 1611 2062 1664 unitus
2104 1624 2335 1680 eamque
2381 1610 2695 1680 perﬁciens,
2739 1611 2845 1664 hoc
2892 1620 3091 1664 nostra:
3137 1609 3463 1665 hierarcbiaa

1877 1710 2004 1756 sunt
2035 1700 2351 1771 Scriptura},
2386 1716 2483 1771 per
2511 1716 2649 1770 quas
2685 1702 2752 1755 ad
2777 1700 3017 1755 divinam
3050 1697 3461 1770 simplicitatem

1876 1793 2231 1859 adducimur;
2257 1798 2335 1847 utl
2380 1801 2435 1847 et
2482 1792 2806 1846 traditiones
2833 1792 2960 1858 illae,
2995 1793 3196 1861 quibus
3238 1793 3464 1847 institu-

1876 1886 2026 1939 tionc
2056 1884 2228 1953 magis
2276 1899 2306 1938 a
2355 1884 2585 1938 materia
2637 1893 2868 1946 semota,
2896 1899 2965 1937 ex
2996 1885 3172 1938 sancti
3223 1883 3463 1954 Spiritus

1878 1980 2161 2041 instinctu,
2196 1975 2425 2047 apostoli
2456 1991 2718 2031 sensuum
2746 1975 3047 2045 Scriptura:
3072 1975 3460 2045 cognitionem,

1878 2073 1968 2127 alii
2001 2071 2146 2137 aliis,
2177 2087 2429 2127 sermone
2476 2072 2697 2141 quidem
2742 2083 3032 2141 corporeo,
3056 2067 3182 2137 quia
3228 2084 3326 2138 per
3376 2070 3463 2124 in-

1877 2173 2180 2220 strumenta
2228 2178 2490 2233 corporea
2540 2164 2709 2219 locuti
2763 2171 2916 2227 sunt,
2948 2162 3126 2230 magis
3159 2170 3337 2215 tamen
3372 2161 3469 2213 im-

1882 2258 2176 2323 materiali,
2207 2257 2335 2327 quia
2360 2272 2615 2312 sermone
2644 2255 2763 2311 solo
2795 2266 2851 2313 et
2887 2271 2994 2310 non
3022 2254 3249 2325 scripto,
3282 2252 3469 2324 mysti-

1881 2367 1946 2407 ce
1973 2352 2334 2409 tradiderunt.
2362 2350 2715 2421 Nequaquam
2748 2361 2928 2407 autem
2981 2350 3095 2404 haec
3146 2347 3344 2419 patulis
3381 2348 3463 2401 in-

1884 2444 2198 2513 telligentiis
2229 2445 2596 2511 tradiderunt,
2624 2444 2719 2499 sed
2759 2444 2811 2497 in
2855 2441 3117 2513 symbolis
3145 2440 3466 2511 quibusdam

1882 2537 2079 2598 sacris,
2111 2550 2233 2605 qua:
2266 2535 2523 2589 nimirum
2579 2535 2635 2589 in
2683 2532 2928 2590 Ecclesia
2963 2543 3154 2588 sancta
3185 2530 3471 2587 celebran-

1886 2637 1994 2692 tur,
2024 2643 2148 2682 cum
2180 2629 2447 2682 rationem
2479 2628 2721 2683 habeant
2749 2641 2815 2682 eo
2855 2626 3001 2695 quod
3041 2634 3269 2695 apparet
3296 2624 3469 2679 subli-

1886 2718 2113 2773 miorem
2163 2728 2327 2787 atque
2369 2718 2712 2773 diviniorem.
2749 2714 2863 2772 Hoc
2898 2727 3081 2771 autem
3112 2716 3386 2780 fecerunt,
3416 2721 3472 2770 et

173 2823 287 2883 τοῖς
338 2821 461 2890 μετ’
495 2821 695 2885 αὐτοὺς
737 2820 934 2889 ἁγίοις,
969 2818 1192 2889 γνῶναι
1224 2818 1297 2872 τὰ
1320 2817 1627 2888 μυστήρια
1665 2820 1776 2889 τῆς

1882 2815 2305 2883 haudquaquam
2325 2814 2584 2869 omnibus
2616 2828 2814 2867 arcana
2844 2808 3181 2876 revelarunt,
3206 2813 3331 2881 quia
3363 2824 3471 2863 non

169 2914 429 2978 ,ϐασιλεῖ
429 2927 505 2977 ας
527 2908 635 2966 τοῦ
668 2912 835 2965 Θεοῦ.

1884 2912 2063 2966 omnis
2098 2920 2349 2977 sanctus,
2384 2925 2563 2980 neque
2590 2908 2833 2965 omnium
2877 2908 3106 2963 scientia
3138 2916 3225 2962 est
3254 2924 3269 2961 :
3316 2900 3470 2958 Vobis

180 3005 346 3075 166
379 3005 543 3069 enim,
577 3005 751 3073 inquit
778 3004 1036 3057 Dominus
1066 3002 1332 3071 apostolis
1356 3011 1411 3059 et
1438 3005 1845 3060 successoribus
1874 3004 2102 3073 sanctis,
2133 3006 2319 3059 datum
2357 3014 2433 3059 est
2471 3019 2624 3059 nosse
2650 3002 2898 3071 mysteria
2929 3000 3075 3070 regni
3107 3000 3205 3055 Dei
3223 3000 3274 3053 ιι.

245 3100 273 3169 §
302 3098 371 3151 ν.
428 3097 769 3166 Ἀναγκαίως
814 3094 994 3150 τοίνυν
1027 3100 1077 3150 οἱ
1113 3098 1249 3167 ἱεροὶ
1281 3098 1591 3163 ἀπόστολοι,
1626 3099 1781 3152 αὐτοὶ

175 3188 624 3260 ἀναπλησθέντες
674 3186 768 3241 τοῦ
825 3186 971 3240 θείου
1024 3187 1365 3258 χαρίσματος
1418 3186 1782 3257 (ὲθεώθησαν

176 3279 282 3351 γὰρ
315 3282 387 3350 τῇ
424 3278 563 3350 πρῦς
596 3277 776 3330 αὐτῶν
810 3276 1151 3348 ἀγαπήσει),
1189 3277 1284 3329 καὶ
1317 3278 1398 3341 εἰς
1430 3278 1558 3341 τοὺς
1590 3278 1782 3341 ἄλλους

176 3366 584 3440 ἀπεσταλμένοι
633 3367 787 3440 παρά
834 3369 933 3439 τῆς
980 3366 1340 3440 ἀγαθότητος,
1376 3368 1471 3422 καὶ
1520 3370 1675 3422 αὐτοὶ
1722 3369 1781 3422 δὲ

176 3464 274 3534 ἤδη
312 3462 434 3514 θεοὶ
469 3461 777 3530 γεγονότες,
817 3460 891 3532 μὴ
924 3460 1248 3530 φθονοῦντες
1278 3464 1392 3526 τοῖς
1436 3463 1555 3532 μετ’
1587 3461 1782 3525 αὐτοὺς

178 3552 273 3620 τῆς
307 3549 570 3621 τοιαύτης
606 3549 853 3613 θεῶσεως
880 3550 1177 3622 (ἀλλότριον
1200 3550 1309 3623 γάρ
1326 3551 1387 3603 τὸ
1404 3550 1663 3622 φθονερὸν
1685 3551 1782 3604 τοῦ

177 3644 361 3714 Θεοῦ),
390 3642 675 3714 αἰσθητοῖς
697 3641 765 3695 τὰ
778 3642 963 3714 νοητὰ,
983 3644 1076 3696 καὶ
1094 3642 1298 3705 ὑλικοῖς
1313 3642 1381 3696 τὰ
1400 3642 1557 3708 άῦλα,
1575 3644 1669 3697 καὶ
1690 3643 1781 3697 ἁν-

180 3734 422 3805 θρώποις
445 3733 517 3786 τὰ
537 3734 678 3797 θεῖα,
703 3733 796 3785 καὶ
815 3733 1109 3805 ἐγγράφως
1130 3733 1225 3785 καὶ
1252 3733 1515 3803 ἀγράφως
1548 3733 1785 3805 παρέδο-

181 3842 300 3885 σαν,
325 3824 390 3875 οὐ
417 3822 579 3893 μόνον
596 3824 757 3894 χάριν
772 3821 881 3874 τῶν
898 3821 1128 3893 ἀνιέρων
1146 3822 1220 3894 (τί
1236 3821 1343 3894 γάρ
1361 3824 1491 3893 ἡμῖν
1509 3823 1784 3888 κάκείνοις

180 3918 383 3979 κοινὸν,
407 3917 458 3969 οἳ
486 3916 606 3968 οὐδὲ
630 3914 738 3967 τῶν
767 3914 1050 3985 συμϐόλων
1072 3913 1243 3985 ψιλῶν
1276 3914 1552 3979 ἀξιοῦνται
1576 3914 1625 3985 ;)
1650 3914 1786 3968 ἁλλά

181 4010 271 4061 καὶ
311 4010 440 4062 κατ’
476 4006 634 4061 ἄλλον
681 4008 881 4079 τρόπον
915 4008 998 4060 ὅτι
1030 4006 1310 4076 ἀναλόγως
1340 4008 1474 4078 ἡμῖν
1507 4007 1785 4077 αἰσθητοῖς

180 4095 317 4161 οὖσι,
358 4098 456 4151 καὶ
506 4097 759 4167 αἰσθήσει
810 4096 965 4161 ζῶσι,
1001 4098 1097 4150 καὶ
1142 4097 1176 4168 ή
1232 4096 1483 4169 ἰεραρχία
1526 4097 1781 4152 τελεῖται.

181 4190 251 4242 Οὐ
288 4190 405 4261 γὰρ
436 4183 548 4241 οἶόν
580 4205 639 4241 τε
672 4192 897 4260 γυμνοῖς
930 4189 1114 4252 αὐτοῖς
1155 4190 1272 4253 τοῖς
1319 4189 1483 4254 θείοις
1528 4192 1787 4263 πράγμα-

183 4301 264 4337 σιν
295 4282 682 4353 ἐντυγχάνειν,
717 4282 815 4335 καὶ
864 4280 1072 4354 νοητῶς
1108 4282 1497 4347 συνάπτεσθαι,
1532 4284 1785 4355 αἰσθήσει

1956 3099 1986 3172 ﬁ
2028 3100 2090 3155 γ.
2132 3098 2457 3154 Necessario
2520 3097 2686 3167 igitur
2736 3096 2921 3150 sancti
2970 3092 3201 3162 apostoli
3254 3092 3473 3162 ipsimct

1882 3191 2069 3247 divino
2097 3202 2324 3246 munere
2359 3189 2507 3261 pleni
2538 3191 2661 3259 (per
2683 3185 3032 3242 dilectionem
3065 3185 3210 3240 enim
3232 3184 3471 3239 deillcat-i

1883 3287 2063 3354 erant)
2095 3290 2150 3338 et
2196 3283 2265 3337 ad
2322 3282 2459 3337 alios
2502 3281 2570 3337 ab
2604 3280 2719 3349 ipsa
2752 3278 2999 3334 bonitate
3035 3277 3213 3341 missi,
3256 3278 3386 3347 quin
3419 3287 3473 3331 et

1883 3377 1983 3446 ipsi
2007 3376 2119 3446 jam
2152 3377 2227 3431 dii
2258 3375 2414 3438 facti,
2445 3372 2860 3429 successoribn's
2905 3370 3217 3427 istiusmodi
3250 3368 3474 3423 deiﬁca-

1887 3468 2089 3521 tionem
2120 3466 2347 3520 minime
2381 3464 2693 3519 invidentes
2731 3461 2933 3525 (aliena
2979 3461 3124 3516 enim
3155 3458 3357 3513 invidia
3388 3465 3473 3512 est

1884 3575 1913 3614 a
1943 3560 2117 3624 θεοὶ,
2149 3559 2504 3615 sensibilibns
2532 3556 2897 3621 intellectilia,
2928 3564 2986 3610 et
3029 3553 3335 3609 materiatis
3370 3553 3473 3607 im-

1885 3650 2213 3715 materialia,
2242 3660 2299 3707 et
2326 3649 2640 3705 hominibus
2670 3648 2875 3711 divina,
2919 3657 3029 3700 tam
3060 3646 3268 3713 scripto
3304 3657 3470 3714 quam

1884 3759 1994 3799 non
2029 3743 2234 3812 scripto
2264 3742 2631 3805 tradiderunt,
2666 3757 2770 3795 non
2804 3750 3027 3810 propter
3064 3738 3327 3808 profanos
3357 3746 3473 3791 tau-

1887 3843 1998 3888 ttnn
2028 3835 2183 3904 (quid
2207 3835 2353 3889 cnim
2383 3832 2540 3887 nobis
2560 3841 2615 3888 et
2635 3832 2741 3887 illis
2763 3846 3073 3912 commune,
3104 3829 3197 3899 qui
3231 3843 3298 3883 ne
3323 3842 3473 3897 sym-

1885 3924 2024 3981 bolis
2078 3925 2300 3995 quidem
2360 3923 2522 3978 nudis
2585 3923 2742 3993 digni
2798 3932 2925 3976 sunt
2974 3921 3221 3989 habiti?)
3281 3933 3472 3973 verum

1885 4021 2051 4075 etiam
2079 4019 2149 4075 ob
2182 4019 2344 4073 aliam
2378 4018 2668 4083 rationem,
2702 4019 2847 4087 quod
2876 4016 3130 4071 nimirum
3167 4029 3474 4084 congruen-

1886 4123 1969 4169 ter
2012 4112 2169 4167 nobis
2217 4127 2381 4167 sensu
2425 4111 2732 4165 viventibus
2753 4119 2810 4165 et
2834 4108 3109 4165 sensitivis
3140 4106 3472 4173 ,hierarchia

1888 4202 2357 4258 subministretur.
2392 4198 2511 4255 Non
2557 4201 2703 4254 enim
2735 4214 2833 4270 par
2858 4208 2969 4263 est,
3000 4208 3062 4253 ut
3093 4197 3148 4251 hi
3183 4197 3276 4266 qui
3305 4211 3471 4251 sensu

1889 4298 2102 4362 vivunt,
2139 4296 2313 4351 nudas
2352 4295 2501 4365 ipsas
2532 4308 2622 4349 res
2647 4293 2861 4348 divinas
2896 4291 3267 4362 frequentem,
3305 4301 3361 4345 et
3388 4288 3473 4343 in-

181 4377 429 4441 ζῶντας·
468 4375 561 4429 διὰ
588 4374 748 4428 τοῦτο
795 4374 886 4429 διὰ
932 4375 1217 4446 συμϐόλων
1247 4375 1519 4429 τελεῖσθαι
1552 4377 1776 4449 ἐτάχθη-

1891 4387 2271 4444 tellectualiter
2301 4387 2371 4442 iis
2395 4386 2832 4457 conjungantur;
2870 4383 3077 4440 idcirco
3108 4398 3205 4454 per
3229 4380 3471 4455 syntbola

184 4487 299 4540 μεν.
332 4467 493 4531 Τέως
525 4467 584 4520 δὲ
614 4467 763 4539 ὅμως
795 4469 845 4520 οἱ
877 4467 988 4521 τῶν
1024 4467 1308 4538 συμϐόλων
1338 4466 1486 4536 λόγοι
1519 4468 1580 4520 οὐ
1616 4470 1781 4522 πᾶσίν

181 4563 318 4615 εἰσιν
353 4559 872 4632 ἀνακεκαλυμμένω
898 4561 992 4614 καί⁹
1015 4560 1300 4632 γνώριμοι,
1324 4559 1461 4613 ἀλλὰ
1480 4563 1592 4625 τοῖς
1618 4562 1782 4632 ἱεροῖς

180 4653 466 4724 ἀνδράσιν,
501 4651 595 4716 οὓς
644 4653 704 4704 οὐ
754 4650 971 4722 θεμιτόν
1022 4653 1169 4705 ἐστιν
1217 4652 1433 4722 ἐξάγειν
1478 4653 1672 4718 αὐτοὺς
1704 4654 1781 4716 εἰς

180 4746 305 4807 τοὺς
359 4743 444 4795 ἔτι
500 4742 961 4814 κατηχουμένους,
999 4743 1227 4808 εἰδότας,
1262 4745 1344 4797 ὅτι
1397 4745 1784 4818 προσηκόντως

182 4837 401 4905 ἑκάστῳ
446 4835 595 4888 κατά
638 4836 740 4907 τὴν
785 4836 1044 4908 οὐρανίαν
1088 4837 1244 4902 τάξιν
1286 4836 1384 4908 τὴν
1418 4838 1655 4908 εὐσταθῆ
1690 4838 1786 4891 καὶ

182 4929 544 4999 ἁσύμφυρτον
588 4928 866 4997 ἀναλόγως
922 4929 1021 5001 τὴν
1077 4930 1202 4984 καθ’
1246 4930 1394 5001 ἡμᾶς
1449 4929 1782 4995 διετάξαντο.

181 5024 269 5075 Διὸ
304 5020 557 5084 πεισθεὶς
589 5024 710 5085 ταῖς
741 5021 1054 5092 ὁμολογίαις
1088 5026 1209 5087 ταῖς
1242 5027 1385 5087 σαῖς,
1423 5023 1499 5086 ὡς
1531 5024 1629 5094 οὐχ
1661 5022 1786 5074 ἐτέ-

184 5133 260 5187 ρῳ
297 5113 666 5185 μεταδώσεις,
702 5114 753 5166 εἰ
789 5113 864 5185 μὴ
898 5118 1010 5178 τοῖς
1056 5114 1199 5168 κατὰ
1248 5115 1305 5167 σὲ
1341 5118 1539 5186 ἱεροῖς·
1578 5116 1671 5167 καὶ
1704 5114 1786 5166 ὅτι

184 5207 477 5269 κάκείνους
527 5206 802 5278 ἀσφαλίσῃ
845 5206 1122 5270 τοιούτους
1172 5201 1314 5259 εἶναι
1364 5207 1492 5277 περὶ
1537 5204 1606 5258 τὰ
1640 5204 1786 5268 θεῖα,

185 5294 290 5362 οἶος
328 5300 394 5351 σὺ
428 5296 593 5361 αὐτὸς
626 5293 763 5350 εἶναι
799 5298 925 5369 περὶ
956 5297 1129 5351 ταῦτα
1164 5298 1420 5368 ὑπισχνῇ,
1457 5296 1550 5349 καὶ
1591 5296 1782 5348 τούτου

192 5390 524 5460 μεταδίδωμί
559 5406 641 5442 σοι
672 5389 767 5442 τοῦ
800 5389 995 5461 δώρου.

264 5636 290 5675 ι
320 5633 492 5689 Marc.
526 5648 606 5701 tv,
633 5632 724 5688 11.

1883 4482 2021 4553 jussi
2069 4497 2260 4538 sumus
2305 4481 2532 4538 initiari.
2566 4480 2953 4537 Verumtamen:
2983 4493 3052 4532 ne
3078 4478 3209 4548 ipsa:
3252 4474 3473 4547 quidem

1886 4573 2259 4645 symbolorum
2287 4573 2528 4628 rationes
2553 4571 2810 4628 omnibus
2839 4578 2966 4625 sunt
2994 4566 3249 4623 revelata:
3279 4580 3346 4620 ac
3376 4579 3475 4618 no-

1891 4676 1981 4731 tae,
2012 4665 2107 4721 sed
2136 4664 2271 4720 viris
2301 4664 2533 4727 sanctis,
2556 4664 2760 4733 quibus
2793 4676 2898 4716 non
2925 4660 3052 4716 licet
3073 4673 3168 4713 eas
3197 4669 3475 4727 esponere

1890 4760 1957 4814 iis
1986 4760 2078 4829 qui
2107 4760 2285 4814 adhuc
2317 4756 2729 4823 catcchumeni;
2761 4769 2885 4809 cum
2908 4753 3051 4807 scire
3080 4752 3319 4806 debeant
3340 4764 3474 4803 con-

1891 4853 2176 4907 venienter
2210 4851 2528 4920 unicuique,
2560 4848 2861 4904 secundum
2893 4845 3142 4899 ordinem
3192 4843 3471 4899 caelestem

1891 4944 2135 4999 stabilem
2166 4952 2221 4998 et
2246 4942 2617 5007 inconfusum,
2644 4940 2709 4994 ad
2737 4947 2950 5007 captum
2980 4946 3226 4991 nostrum
3255 4936 3469 4989 bierar—

1892 5038 2071 5091 cltiam
2097 5036 2270 5105 ipsam
2296 5036 2604 5089 ordinatam
2636 5046 2778 5087 esse.
2805 5032 3149 5100 Quapmpter
3175 5028 3338 5082 etiam
3368 5026 3472 5081 tuis

1893 5127 2006 5197 ipse
2058 5125 2495 5197 professionibus
2543 5138 2845 5194 persuasus
2887 5137 2969 5186 es,
3001 5135 3070 5175 ne
3114 5120 3259 5175 illam
3312 5120 3468 5173 alteri

1896 5221 2107 5286 tradas,
2140 5230 2504 5289 praeterquam
2538 5219 2613 5272 tui
2643 5216 2914 5272 similibus
2944 5214 3178 5279 sanctis;
3210 5220 3265 5266 et
3292 5212 3362 5267 ab
3391 5214 3473 5267 eis

1894 5319 2044 5380 petes
2073 5313 2407 5376 cautionem,
2448 5311 2595 5379 ipsos
2626 5309 2773 5363 circa
2807 5308 2989 5363 divina
3025 5306 3159 5361 tales
3188 5304 3472 5374 fore,qna.-

1890 5401 1995 5455 leni
2026 5402 2142 5469 ipse
2171 5412 2222 5457 te
2248 5403 2393 5456 circa
2424 5402 2611 5457 eadem
2642 5400 2760 5457 fore
2789 5398 3062 5468 recepisti,
3094 5397 3255 5466 idque
3280 5411 3472 5452 munt:—

1889 5496 1965 5549 ris
1994 5494 2090 5549 tibi
2122 5496 2298 5551 trado.

263 5728 281 5747 ’
309 5738 451 5800 ιεὲθ
479 5724 661 5800 καὶού
695 5723 784 5778 διὰ
812 5727 1046 5800 γραφῆς.
1078 5725 1137 5784 In
1174 5738 1319 5786 textu
1345 5728 1490 5784 enim
1524 5727 1583 5783 S.
1627 5727 1776 5796 Dion}

1920 5723 2121 5794 legitur
2169 5725 2324 5788 ἐκτὸς
2374 5693 2617 5795 γραφῆς.
2652 5722 3003 5793 Negationem
3032 5737 3093 5773 ου
3124 5718 3254 5789 legit
3292 5719 3465 5773 inter-

200 5812 337 5855 urcs.
368 5795 530 5850 EDIT.
554 5795 797 5851 PATROL.
