3874 6228
139 335 255 390 595
1227 334 1313 390 DE
1345 333 1622 389 ECCLES.
1665 333 2066 400 lllERARCll.,
2109 332 2262 389 CAP.
2300 333 2364 389 II.

505 450 570 504 ll.
612 450 957 520 Μυστήριον
981 451 1373 520 φωτίσματος.

3285 338 3390 392 598

1758 467 1802 520 Α
1849 445 2009 518 168
2045 445 2104 500 ΙΙ.
2148 444 2548 500 Sacramentum
2575 444 2970 508 illustratiouis,
2992 446 3096 500 sive
3125 447 3388 515 baptismi.

1726 587 1752 657 §
1789 583 1852 658 1-.

222 728 284 786 '0
320 733 424 804 μὲν
459 734 740 806 ίεράρχης,
758 735 1016 788 ἑκάστοτε
1039 737 1106 804 τῇ
1141 733 1276 804 πρὸς
1302 730 1434 784 Θεὸν
1457 728 1730 800 ἀφομοιώ-

109 842 222 880 ,σει
271 825 527 886 ἅπαντας
572 822 890 895 ἀνθρώπους
936 824 1102 877 θέλων
1126 825 1192 855 ¹⁰⁰
1222 823 1476 892 σωθῆναι,
1513 823 1606 874 καὶ
1650 820 1730 882 εἰς

130 917 442 986 ὶπίγνωσιν
475 916 730 985 ἀληθείας
761 915 956 979 ὲλθεῖν,
991 913 1350 987 ἀνακηρύττει
1385 915 1515 967 πᾶσι
1547 914 1616 966 τὰ
1645 914 1733 965 δν·-

136 1029 248 1074 τως
280 1009 614 1080 Εὐαγγέλια,
651 1009 782 1063 Θεὸν
823 1010 951 1063 ἵλεω
995 1012 1104 1074 τοῖς
1151 1011 1242 1063 ἐπὶ
1287 1009 1392 1080 γῆς
1437 1008 1494 1075 ἐξ
1525 1007 1729 1068 οἰκείας

1901 729 2191 786 Sacrorum
2225 727 2438 799 praesul,
2470 741 2592 782 cum
2622 741 2810 782 omnes
2847 728 3120 797 sigillatim
3148 731 3396 788 homines

1831 820 1895 872 ad
1923 821 2088 874 Deum
2115 816 2500 874 assitnilatione
2527 817 2708 872 salvos
2733 817 2946 886 ﬂeri,et
2971 821 3035 873 ad
3063 821 3394 889 agnitionem

1833 911 2077 966 veritatis
2123 911 2307 965 venire
2353 911 2554 980 cupiat,
2589 910 2842 978 praedicat
2872 909 3126 966 omnibus
3159 927 3226 967 ex
3256 915 3399 969 veris

1834 1001 2161 1072 Evangeliis,
2192 1002 2361 1056 Deum
2399 1003 2569 1070 ipsum
2608 1001 2897 1071 terrigenis
2924 1003 3140 1071 propria
3165 1019 3263 1058 sua
3296 1021 3396 1058 na-

139 1101 270 1153 δντα
303 1101 402 1152 καὶ
434 1098 672 1168 φυσικῆς
704 1099 1056 1170 ἀγαθότητος,
1091 1097 1252 1152 «om
1284 1099 1358 1162 ὼς
1389 1099 1536 1168 ἡμᾶς
1580 1096 1731 1149 εὐτό-

139 1208 248 1254 νως
273 1193 288 1222 ⁸
340 1191 639 1260 ἀφικέσθαι
684 1191 772 1246 διὰ
817 1189 1224 1262 φιλανθρωπίαν
1269 1188 1592 1255 ἀξιώσαντα,
1641 1188 1732 1239 καὶ

138 1287 207 1354 τῇ
259 1284 402 1354 πρὸς
447 1285 611 1338 αὐτὸν
656 1283 844 1338 ἐνώσει
889 1283 1045 1356 δίκην
1091 1282 1260 1355 πυρὸς
1294 1281 1633 1352 ἀφομοιῶσαι
1664 1278 1734 1331 τὰ

141 1373 443 1438 ἑνωθέντα,
480 1375 622 1428 κατὰ
661 1375 760 1446 τὴν
794 1373 972 1428 αὐτῶν
1007 1374 1140 1446 πρὸς
1175 1373 1405 1426 θέωσιν¹
1438 1370 1734 1443 ἐπιτηδειό-

141 1481 303 1536 τητα.
334 1467 504 1520 Ὅσοι
558 1465 670 1535 τὰρ
721 1466 944 1519 ἔλαϐον
994 1465 1202 1527 αὐτὸν,
1255 1462 1478 1516 ἔδωκεν
1533 1460 1735 1524 αὐτοῖς

140 1557 443 1619 ἐξουσίαν
474 1556 656 1610 τέκνα
683 1557 830 1616 Θεοῦ
863 1555 1164 1625 γενέσθαι,
1191 1555 1314 1620 τοῖς
1345 1555 1737 1607 πιστεύουσιν

142 1648 231 1711 εἰς
263 1648 331 1699 τὸ
370 1647 562 1715 ὄνομα
593 1647 778 1700 αὐτοῦ
804 1664 817 1676 °
856 1647 913 1699 οἳ
941 1648 1052 1700 οὐκ
1086 1646 1154 1710 ἐξ
1186 1645 1464 1714 αἱμάτων,
1498 1643 1640 1698 οὐδὲ
1669 1645 1737 1696 ἐκ

145 1737 490 1807 θελήματος
522 1738 801 1807 σίιρκὸς³,
836 1738 974 1792 ἀλλ’
1000 1739 1067 1792 ἐκ
1126 1737 1272 1791 Θεοῦ
1298 1735 1733 1806 ἐγεννήθησαν.

1835 1093 2102 1163 turalique
2121 1093 2358 1147 bonitate
2385 1091 2699 1162 propitium,
2722 1092 2910 1146 adnos
2935 1107 3032 1161 pro
3057 1093 3401 1149 humanitate

1834 1201 2042 1239 summa
2068 1185 2435 1248 descendisse,
2469 1195 2526 1238 ut
2551 1184 2633 1240 sui
2663 1185 2880 1251 unione,
2914 1185 2968 1238 in
3004 1201 3210 1240 morem
3235 1187 3399 1255 ignis,

1835 1279 1984 1333 unita
2015 1277 2116 1332 sibi
2150 1277 2532 1342 conformaret,
2567 1285 2827 1347 quantum
2867 1276 2934 1331 ad
2967 1291 3156 1332 eorum
3186 1281 3400 1333 condu-

1835 1377 1984 1424 ceret
2010 1367 2426 1423 deilicationem.
2457 1366 2720 1437 Quotquot
2755 1367 2893 1420 enim
2929 1376 3228 1436 receperunt
3259 1383 3399 1430 eum,

1837 1460 1978 1512 dedit
2004 1459 2079 1512 eis
2108 1467 2410 1526 potestatem
2434 1457 2574 1525 ﬁlios
2599 1457 2692 1512 Dei
2719 1457 2857 1527 ﬁeri,
2885 1455 2966 1510 his
2987 1456 3078 1526 qui
3099 1458 3318 1510 credunt
3348 1461 3403 1511 in

1838 1552 2046 1604 nomine
2067 1551 2178 1619 ejus
2203 1567 2221 1604 :
2243 1551 2331 1616 qui
2356 1567 2457 1604 non
2489 1567 2553 1604 ea:
2575 1551 2942 1619 sanguinibus,
2978 1565 3070 1604 nec
3116 1565 3182 1605 ea:
3218 1550 3403 1604 uoluu-

1841 1654 1945 1697 tate
1977 1646 2170 1707 carnis,
2199 1647 2288 1696 sed
2322 1659 2386 1695 ea:
2416 1643 2522 1697 Deo
2542 1645 2650 1696 nati
2676 1652 2872 1700 sunt".

1709 1891 1845 1964 §ll.

228 2063 286 2118 '0
337 2063 550 2117 τούτων
603 2060 932 2133 ἀγαπήσαςδ
983 2059 1091 2112 τῶν
1137 2059 1301 2121 ὅντως
1353 2057 1735 2126 ὐπερκοσμίων

1909 2055 2162 2124 Quisquis
2214 2067 2396 2112 autem
2446 2058 2639 2112 horum
2689 2071 2972 2114 munerum
3025 2075 3152 2115 vere
3221 2076 3410 2129 super-

146 2156 246 2228 τὴν
280 2156 441 2228 ἱερὰν
479 2156 791 2227 μετουσίαν,
827 2153 995 2206 ὲλθὼν
1043 2153 1134 2204 ἐπί
1165 2169 1286 2204 τινα
1319 2150 1427 2202 τῶν
1464 2149 1744 2220 μεμυημέ-

149 2267 275 2312 νων,
304 2250 490 2302 πείθει
526 2250 624 2319 μὲν
659 2249 842 2310 αὐτὸν,
871 2247 1176 2319 ἡγήσασθαι
1211 2245 1373 2300 αὐτοῦ
1405 2247 1502 2315 τῆς
1537 2246 1628 2298 ἐπὶ
1653 2244 1743 2296 τὸν

149 2342 420 2413 ἰεράρχην
439 2340 584 2404 ὁδοῦ,
618 2341 780 2403 αὐτὸς
800 2340 856 2392 δὲ
875 2339 1069 2402 ὑλικῶς
1102 2338 1556 2408 ὲπακολουθήσειν
1577 2338 1745 2402 ἐπαγ-

148 2433 402 2501 γέλλεται
424 2434 541 2493 τοῖς
558 2429 1111 2501 παραδοθησομένοις,
1129 2429 1222 2481 καὶ
1241 2428 1383 2493 ἀξιοῖ
1401 2428 1496 2497 τῆς
1507 2444 1564 2479 τε
1577 2442 1745 2495 προσ-

150 2524 381 2593 αγωγῆς
415 2521 607 2583 αὐτοῦ,
634 2523 730 2574 καὶ
764 2521 1059 2592 συμπάσης
1091 2520 1190 2589 τῆς
1225 2520 1314 2572 ιπι
1347 2519 1407 2571 τὸ
1441 2519 1567 2587 ἑξῆς
1600 2516 1745 2586 ζωῆς

150 2614 250 2683 τὴν
299 2612 629 2665 ἐπιστασίαν
681 2610 1056 2676 ἀναδέξασθαι.
1093 2609 1198 2662 Τὸν
1228 2609 1306 2670 δὲ,
1340 2608 1440 2677 τῆς
1475 2608 1571 2678 μὲν
1603 2607 1746 2660 ὲκεί-

152 2720 244 2759 νου
290 2703 572 2774 σωτηρίας
620 2701 782 2772 ἱερῶς
829 2701 1059 2772 ἐρῶντα,
1096 2700 1234 2772 πρὸς
1265 2699 1323 2752 δὲ
1351 2699 1412 2751 τὸ
1442 2697 1536 2751 τοῦ
1596 2698 1747 2767 πρά-

143 2794 503 2863 γματοςύψος
535 2791 959 2864 ἀντιμετροῦντα
981 2792 1043 2844 τὸ
1069 2790 1425 2862 ἀνθρώπινον,
1455 2791 1620 2860 φρίκη
1650 2790 1748 2858 μὲν

154 2886 312 2955 ἄφνω
345 2886 443 2939 καὶ
478 2884 760 2956 ἀμηχανία
795 2885 1170 2955 περιίσταται·
1207 2882 1473 2937 τελευτῶν
1497 2881 1554 2935 δὲ
1578 2883 1745 2952 ὅμως,

156 2981 410 3050 ποιήσειν
434 2977 496 3030 τὸ
521 2976 776 3045 αἱτηθὲνδ
810 2973 1140 3043 ἀγαθοειδῶς
1170 2973 1506 3044 ὡμολόγησε,
1528 2973 1621 3024 καὶ
1646 2991 1748 3025 πα-

158 3070 413 3144 ραλαϐὼν
450 3070 612 3124 αὐτὸν
643 3070 764 3136 ἄγει
797 3067 934 3139 πρὸς
966 3068 1057 3122 τὸν
1089 3067 1189 3137 τῆς
1223 3065 1503 3136 ἰεραρχίας
1534 3063 1747 3119 ἐπώνυ-

161 3183 280 3236 μον.

1843 2148 2198 2203 mundialium
2235 2159 2423 2204 sancte
2468 2150 2739 2219 particeps
2784 2165 2906 2206 esse
2936 2153 3108 2220 cupit,
3143 2157 3410 2210 accedens

1843 2237 2151 2308 quempiam
2184 2239 2356 2293 sacris
2382 2239 2675 2304 initiatum,
2709 2237 2917 2309 ﬂagitat
2942 2243 3013 2296 ab
3040 2257 3105 2297 eo
3130 2245 3197 2298 ad
3223 2260 3410 2299 sacro-

1848 2345 1965 2383 rum
1996 2330 2282 2399 prazsidem
2313 2331 2624 2394 manuduci,
2663 2347 2760 2386 nec
2805 2347 2910 2388 non
2950 2335 3161 2405 integre
3203 2337 3412 2392 cunctis

1846 2421 2217 2477 sanctionibus
2239 2422 2463 2492 obsequi
2492 2425 2794 2493 pollicetur,
2835 2433 3119 2494 rogatque,
3149 2442 3263 2482 sua:
3285 2443 3410 2482 cum

1847 2513 2192 2568 admissionis
2234 2522 2346 2568 tum
2399 2515 2566 2569 totius
2621 2516 2816 2570 exinde
2871 2517 2992 2572 vita:
3021 2533 3206 2572 curam
3237 2521 3414 2574 susci-

1848 2620 1977 2674 pere
2019 2619 2085 2660 ne
2114 2615 2344 2662 recuset.
2377 2606 2513 2659 Tum
2565 2607 2731 2670 hunc,
2759 2606 2948 2663 salutis
2993 2609 3211 2678 quidem
3270 2610 3414 2666 illius

1849 2705 2038 2750 sancte
2060 2696 2334 2766 cupidum,
2364 2697 2458 2752 sed
2509 2697 2586 2751 rei
2621 2697 2998 2752 celsitudinem
3031 2699 3277 2756 humana:
3305 2703 3415 2756 l'ra-

1849 2790 2042 2860 gilitati
2097 2794 2583 2862 opponderantem,
2631 2796 2824 2849 horror
2868 2793 3014 2850 illico
3058 2798 3417 2868 anxietasque

1850 2882 2634 2940 circumdant:verumtamen
2683 2886 2944 2943 benevole
3004 2889 3220 2943 tandem
3256 2889 3418 2946 simul

1850 2976 2096 3044 petitioni
2144 2977 2259 3046 ejus
2305 2978 2437 3032 satis
2484 2993 2542 3032 se
2589 2976 2852 3032 facturum
2887 2980 3098 3046 annuit,
3135 2981 3418 3050 ipsumque

1852 3070 2154 3139 suscipiens
2180 3071 2249 3126 ad
2279 3085 2549 3127 summum
2581 3072 2729 3128 ducit
2758 3072 3117 3128 sacerdotem.

1711 3278 1741 3352 5
1778 3275 1888 3339 Ill.

240 3425 298 3478 '0
331 3424 392 3477 δὲ
429 3427 550 3494 μετ’
576 3425 934 3496 εὐφροσύνης,
955 3426 1031 3490 ὡς
1062 3427 1122 3480 τὸ
1153 3427 1239 3480 ἐπ’
1265 3424 1430 3497 ὤμων
1457 3425 1748 3498 πρόϐατον,
1778 3434 1821 3492 C

159 3516 542 3588 εἰσδεξάμενος
560 3521 673 3570 τοῖν
698 3519 930 3590 ἀνδροῖν,
953 3519 1154 3592 ὲσέφθη
1184 3521 1371 3592 πρῶτα
1408 3523 1501 3574 καί
1533 3523 1693 3592 ὑμνεῖ
1709 3524 1750 3585 ⁸,

1927 3431 1976 3484 Is
2005 3441 2184 3484 autem
2224 3446 2346 3484 cum
2381 3431 2591 3495 ltetitia,
2626 3447 2730 3485 non
2780 3446 2938 3487 secus
2976 3440 3142 3502 atque
3178 3430 3420 3487 humeris

1855 3539 2032 3585 ovem,
2062 3525 2196 3579 duos
2241 3524 2365 3578 illos
2396 3527 2541 3579 viros
2571 3526 2873 3594 excipiens,
2911 3524 3142 3594 spiritali
3185 3525 3417 3593 primum

159 3610 246 3664 διὰ
277 3612 480 3680 νοερᾶς
512 3611 865 3681 εὐχαριστίας
897 3613 991 3664 καὶ
1027 3611 1422 3682 σωματοειδοῦς
1449 3615 1746 3684 προσκυνή-

1856 3616 2068 3669 actione
2118 3617 2442 3682 gratiarum,
2504 3618 2860 3686 corporisque
2911 3615 3249 3678 adoratione,
3299 3615 3422 3668 uni-

165 3721 321 3768 σεως,
357 3704 459 3774 τὴν
498 3703 624 3773 μίαν
658 3704 1046 3776 ἀγαθοεργέτιν
1090 3706 1285 3777 ἀρχὴν,
1321 3709 1410 3776 ὑφ’
1443 3702 1510 3778 ἧς
1551 3707 1619 3760 τὰ
1649 3723 1752 3760 κα-

163 3793 405 3864 λούμενα
442 3792 711 3856 καλεῖται,
748 3795 842 3847 κα)⁸
874 3795 942 3846 τὰ
975 3796 1256 3866 σωζόμενα
1290 3794 1540 3860 σώζεται.

1858 3722 2002 3768 cum,
2032 3723 2060 3759 a
2093 3722 2200 3774 quo
2233 3709 2471 3763 vocanda
2506 3716 2785 3773 vocantur,
2819 3723 2884 3762 ac
2910 3705 3170 3761 salvanda
3204 3705 3421 3759 salvan-

1861 3809 1948 3853 tur
1978 3798 2277 3853 henelicum
2311 3799 2636 3870 principium
2663 3807 2974 3855 veneratur.

1706 3955 1731 4025 §
1781 3954 1883 4013 IV.

233 4093 370 4149 Εἶτα
421 4096 606 4148 πᾶσαν
639 4095 789 4165 ἰεράν
821 4095 1197 4168 διακόσμησιν,
1233 4100 1325 4151 ἐπὶ
1359 4099 1618 4170 συνεργίᾳ
1654 4100 1750 4169 μὲν

165 4189 258 4240 καὶ
301 4189 652 4259 συνεορτάσει
684 4188 785 4258 τῆς
817 4189 1074 4260 τάνδρὸςτ
1111 4191 1400 4262 σωτηρίας,
1436 4191 1754 4263 εὐχαριστίᾳ

165 4281 219 4332 δὲ
249 4282 351 4352 τῆς
387 4282 539 4344 θείας
571 4281 926 4352 ἀγαθότητος,
961 4282 1040 4344 εἰς
1084 4281 1177 4334 τὸν
1211 4282 1352 4353 ἰερὸν
1385 4283 1560 4354 χῶρον
1595 4300 1756 4336 συνα-

165 4375 373 4443 γαγὼν,
402 4377 462 4428 ὲν
506 4375 649 4446 ἀρχῇ
697 4375 793 4446 μὲν
844 4373 1012 4445 ὕμνον
1052 4374 1173 4427 τινὰ
1203 4378 1315 4438 τοῖς
1347 4375 1545 4444 λογίοις
1575 4377 1755 4444 ἐγκεί-

172 4481 326 4535 μενον
379 4466 499 4537 ἆμα
540 4467 674 4520 πᾶσι
720 4467 832 4528 τοῖς
880 4465 978 4535 τῆς
1025 4465 1344 4538 Ἑκκλησίας
1396 4466 1754 4538 πληρώμασιν

173 4557 460 4629 ἰερολογεῖ·
498 4559 593 4610 καὶ
646 4557 783 4629 μετά
831 4557 992 4610 τοῦτο
1036 4559 1136 4630 τὴν
1185 4558 1335 4630 ἰεράν
1368 4560 1755 4629 ἀσπασάμενος

168 4649 471 4720 τράπεζαν,
528 4649 666 4720 πρὸς
718 4650 808 4706 τὸν
866 4650 1032 4721 ἄνδρα
1084 4649 1328 4722 παρόντα
1377 4651 1609 4722 πρόεισι,
1661 4653 1754 4705 καὶ

171 4739 507 4794 πυνθάνεται
541 4743 671 4812 παρ’
704 4742 868 4796 αὐτοῦ
902 4743 953 4794 τί
991 4742 1309 4812 βουλόμενος
1338 4744 1483 4815 ἥκοι.

1861 4107 1871 4156 ἶ
1933 4099 2156 4154 Omnem
2185 4099 2378 4154 deinde
2409 4115 2622 4155 sacrum
2652 4103 2921 4168 ordinem,
2956 4117 3078 4158 cum
3103 4112 3163 4158 ut
3189 4103 3424 4159 hominis

1864 4189 2026 4244 saluti
2057 4201 2418 4258 coopercntur
2444 4201 2606 4260 atque
2633 4195 3024 4261 congaudeant,
3057 4203 3168 4249 tum
3203 4202 3260 4247 ut
3281 4195 3421 4248 divi-

1863 4298 1945 4336 na:
1977 4284 2197 4337 bonitati
2221 4285 2424 4352 gratias
2446 4291 2631 4352 agant,
2663 4284 2714 4336 in
2746 4301 2959 4339 sacrum
2995 4286 3168 4340 locum
3199 4301 3421 4356 cogens,

1864 4373 2018 4426 initio
2068 4373 2285 4442 quidem
2337 4374 2594 4444 hymnum
2650 4373 3266 4445 aliquemeScriptut-is
3319 4393 3423 4431 una

1867 4481 1988 4519 cum
2029 4465 2282 4520 universo
2332 4466 2576 4520 ecclesia:
2620 4467 2768 4522 clero
2799 4471 3081 4524 decantat:
3110 4486 3215 4538 quo
3247 4470 3422 4537 ﬁnito,

1866 4559 1954 4611 ubi
1993 4573 2208 4612 sacrum
2257 4558 2428 4613 altare
2456 4559 2818 4622 [deosculatus
2868 4569 2971 4629 est,
3005 4562 3070 4615 ad
3105 4563 3302 4627 virum,
3332 4565 3424 4630 qui

1859 4667 2100 4718 praesens
2123 4660 2225 4720 est,
2268 4652 2500 4718 accedit,
2527 4661 2580 4708 et
2621 4653 2749 4723 quid
2795 4655 3026 4724 petitum
3067 4655 3276 4708 venerit
3315 4655 3424 4711 sci-

1856 4745 2103 4801 scitatur.

1729 4903 1864 4978 §V.

239 5049 348 5102 Τοῦ
407 5049 466 5101 δὲ
525 5047 783 5116 θεοφιλῶς
837 5049 1220 5119 αἰτιασαμένου
1236 5051 1278 5113 ⁸,
1334 5049 1474 5103 κατὰ
1514 5052 1610 5122 τὴν
1664 5050 1746 5104 τοῐ

1937 5052 2070 5106 Tum
2099 5051 2296 5120 ipsum,
2315 5051 2472 5123 juxta
2499 5051 2912 5108 instructionem
2959 5053 3312 5124 lidejussoris,
3340 5055 3425 5108 iu-

173 5140 436 5212 ἀναδόχου
486 5140 804 5211 παράδοσιν,
847 5139 945 5212 τὴν
993 5140 1282 5213 ἀθεότητα,
1336 5143 1432 5214 τὴν
1481 5143 1753 5211 ἀγνωσίαν

243 5311 285 5339 ω
313 5298 482 5354 Joan.
511 5314 551 5366 ι,
580 5299 666 5355 12.

1863 5143 2176 5199 ﬁdelitatem
2217 5145 2521 5212 pristinam,
2549 5144 2774 5213 verique
2829 5145 2956 5199 boni
3007 5146 3422 5216 ignorationem.

1486 5421 1719 5477 VARUE
1759 5423 2162 5479 LECTIONES.

248 5534 319 5566 ¹⁰⁶
337 5536 587 5612 ’πάντας
603 5538 920 5612 ἀνθρώπους
949 5541 1164 5607 ἐθέλων,
1202 5542 1266 5596 D.
1295 5541 1397 5597 Ch.
1434 5543 1640 5604 πάντας
1672 5552 1724 5595 et
1758 5541 1983 5602 ἐθέλων,
2019 5540 2080 5594 Ρ.
2113 5541 2356 5604 ἅπαντας
2390 5552 2445 5596 et
2473 5543 2693 5606 ἐθέλων,
2732 5543 2791 5599 S.
2870 5544 2888 5576 ¹
2922 5544 3156 5605 εὐτόνως
3189 5555 3295 5594 non
3323 5540 3425 5612 ha-

181 5603 308 5683 bent
448 5610 509 5683 if.
560 5603 720 5683 0.75.
752 5612 876 5683 Sar.
900 5603 958 5683 et
989 5603 1315 5667 VienaCacs.
1391 5613 1412 5643 ¹
1441 5603 1864 5683 πρόσθεσινπΜ.
1897 5613 1984 5683 ubi
2016 5603 2347 5683 correctura
2372 5603 2688 5683 πρόσθεσιν,
2714 5626 2769 5668 et
2791 5615 2871 5668 sic
2895 5615 3056 5668 vertit
3083 5603 3172 5683 Sc.
3203 5612 3333 5664 item
3362 5611 3421 5683 δ.

184 5673 559 5754 ξςιιιιιίἰξβιιἒ
597 5680 813 5754 οὐδὲᾼὲκ
858 5681 1155 5754 θελήματος
1199 5683 1407 5754 ἀνδρός.
1483 5673 1505 5714 ί
1538 5684 1566 5734 ὁ
1597 5683 1650 5734 δὲ
1693 5682 1901 5754 τούτων
1943 5682 2253 5754 ἀγαπήσας,
2294 5681 2354 5754 ΡΣ
2401 5673 2500 5754 Ch.
2533 5685 2592 5736 ι).
2641 5673 2749 5754 Sic.
2781 5684 2905 5738 Sar.
2979 5683 3002 5714 ⁸
3029 5681 3335 5754 τελευταῖον

184 5744 348 5836 festini,
387 5747 490 5836 Ch.
528 5750 588 5836 PI:
623 5744 1312 5836 érrolqai'zqoiltnpév,ﬂbll
1344 5744 1407 5807 ν.
1447 5761 1703 5836 ιιιιξιιιιιρι
1771 5755 1789 5782 ³
1818 5744 2019 5830 ἐσέφθή
2056 5744 2174 5836 μέν,
2216 5752 2289 5836 l3.-
2326 5751 2389 5805 Ρ.
2434 5753 2685 5836 S..Sar.;
2725 5753 2799 5836 ιῦς
2833 5754 3059 5823 ἔφημεν,
3095 5751 3288 5824 πρῶτα
3323 5751 3421 5821 μὲν

185 5811 361 5884 ὑμνεῖ,
420 5817 492 5872 Μ.
554 5819 668 5883 Sc.;
723 5811 988 5891 ἐσεϐάσθη
1045 5811 1161 5892 μ’ἐν,
1196 5811 1360 5879 Ἥρη.
1413 5811 1607 5877 minet".

506 5913 762 5975 Pnaor.
818 5917 936 5978 Gn.
977 5917 1083 5976 lll.

1685 5824 1703 5851 ⁷
1754 5841 1840 5894 γρ.
1895 5824 1988 5874 τοῦ
2044 5824 2193 5892 ἁνδρ.

2271 5825 2290 5855 ⁸
2324 5840 2412 5893 γρ.
2467 5823 2851 5894 αἰτησαμένου.

3069 5915 3143 5977 13
