3874 6228
414 286 520 344 395

1621 283 1678 341 S.
1721 280 2017 338 DIONYSII
2079 278 2539 337 ABEOPAGITJB

3563 280 3671 335 E96

418 419 519 459 nec
571 416 675 455 non
723 400 848 453 vita!
895 398 1156 468 spiritalis
1204 398 1561 469 privationem
1603 398 1981 463 detestantem,

2091 392 2184 446 τοῦ
2217 395 2383 457 ὅντως
2416 392 2603 457 καλοῦ,
2625 391 2720 463 τὴν
2740 392 2839 463 τῆς
2863 392 3043 445 ἐνθέου
3077 391 3221 463 ζωῆς
3250 394 3671 462 ἀνενεργηοίαν,

415 501 579 559 atque
624 498 813 543 sancta
849 487 968 555 ejus
1004 489 1392 543 intercessione
1423 486 1517 542 Dei
1567 487 1981 556 divinorumque

412 591 715 650 compotem
750 580 865 635 ﬁeri
895 580 1276 651 postulantem,
1308 590 1627 651 praemonet,
1664 582 1876 652 integre
1905 581 1978 635 illi

416 670 578 741 169
618 670 684 724 ad
740 671 906 725 Deum
957 671 1323 727 accedendum
1375 687 1517 737 esse,
1542 680 1726 740 utpote
1757 688 1980 742 prorsus

411 764 711 829 perlectum
764 772 819 817 et
867 762 1275 818 immaculatum
1314 780 1328 817 :
1365 763 1751 835 propositaque
1797 765 1979 821 divine

408 853 623 906 vivendi
673 868 889 919 norma,
918 869 1017 909 nec
1050 870 1153 908 non
1188 855 1525 925 interrogato
1555 871 1682 910 num
1708 873 1774 911 ex
1806 870 1868 911 ea
1900 857 1981 911 vi-

410 954 597 1001 cturus
627 956 791 1011 esset,
830 949 1146 1004 assentienti
1199 964 1415 1004 manum
1459 950 1624 1020 capiti
1652 951 1896 1021 imponit,
1933 962 1987 1007 et

410 1039 737 1109 consignans
789 1053 935 1106 eum,
981 1042 1357 1096 sacerdotibus
1412 1042 1652 1106 mandat,
1703 1052 1762 1096 ut
1807 1042 1981 1100 virum

408 1141 885 1203 sasceptorcmque
910 1130 1241 1191 describant.

1328 1238 1358 1261 π

2083 486 2357 551 ἁξιοῦντός
2389 504 2447 538 τε
2481 484 2565 539 διὰ
2597 485 2696 555 τῆς
2731 486 2880 556 ἱερᾶς
2912 485 3076 538 αύτοῦ
3115 485 3386 555 μεσιτείας
3406 481 3547 536 Θεοῦ
3574 484 3673 536 καὶ

2084 580 2191 632 τῶν
2226 578 2387 631 θείων
2415 581 2613 648 τυχεῖν,
2640 577 2998 649 μαρτύρεται⁸
3017 578 3114 647 μὲν
3163 577 3314 646 αὐτῴ
3382 576 3485 647 τὴν
3531 576 3676 642 ὀφει-

2084 669 2314 740 λομένην
2348 668 2531 739 δλικὴν
2566 667 2815 736 γενέσθαι
2855 667 3225 738 προσέλευσιν,
3259 667 3335 729 ὡς
3367 667 3675 738 παντελείῳ

2088 762 2181 813 καὶ
2203 759 2419 829 ἀμώμῳ
2445 758 2557 810 δντι
2579 758 2726 829 Θεῷ·
2767 758 2860 811 καὶ
2891 758 2987 828 τὴν
3018 758 3195 811 ἔνθεον
3220 758 3367 827 αύτῷ
3394 759 3675 812 πολιτείαν

2090 853 2531 923 ύφηγησάμενος,
2568 852 2660 903 καὶ
2705 853 3129 922 προσερωτήσας
3165 853 3212 904 εί
3246 851 3388 903 οὕτω
3423 850 3677 905 πολιτεύ-

2086 969 2259 1013 σαιτο,
2300 955 2436 1022 μετὰ
2474 956 2571 1027 τὴν
2598 954 2907 1025 ὁμολογίαν,
2943 950 3246 1019 ἐπιτίθησιν
3275 948 3441 1002 αὐτοῦ
3475 951 3545 1019 τῇ
3575 966 3674 1001 κε-

2086 1043 2230 1115 φαλῇ
2266 1044 2361 1114 τὴν
2393 1050 2571 1118 χεῖρα,
2608 1046 2701 1100 καὶ
2748 1044 3206 1116 σφραγισάμενος,
3242 1038 3676 1113 ἀπογράψασθαι

2094 1136 2304 1189 κελεύει
2338 1142 2449 1201 τοῖς
2484 1138 2685 1211 ἱερεῦσι
2717 1138 2807 1191 τὸν
2837 1136 3004 1209 ἄνδρα
3036 1137 3129 1189 καὶ
3160 1136 3249 1187 τὸν
3282 1135 3565 1204 ἀνάδοχον.

1956 1298 1984 1371 §
2016 1298 2124 1359 Vl.

483 1406 689 1487 Quibus
718 1414 998 1484 ascriptis,
1026 1428 1241 1469 sacram
1278 1414 1396 1468 inﬁt
1426 1418 1794 1485 precationem
1830 1431 1845 1469 :
1878 1431 1982 1484 qua

404 1528 513 1567 una
547 1526 670 1567 eum
699 1512 815 1579 ipso
849 1510 916 1563 ab
948 1508 1203 1563 universa
1232 1508 1657 1577 congregatione
1688 1510 1980 1579 completa,

405 1604 556 1659 illum
613 1602 909 1672 discingit,
972 1609 1028 1654 et
1082 1617 1181 1671 per
1223 1600 1504 1655 ministros
1557 1602 1730 1656 exuit.
1774 1601 1985 1657 Sistcns

2162 1418 2281 1471 Τῶν
2325 1419 2381 1471 δέ
2426 1418 2921 1489 ἀπογραψαμένων,
2971 1417 3136 1487 εύχην
3187 1416 3337 1488 ἱερὰν
3398 1420 3674 1472 ποιεῖται·

2092 1512 2186 1564 καὶ
2229 1512 2432 1581 ταύτην
2468 1512 2684 1580 ἀπάσης
2730 1508 2877 1579 αύτῴ
2915 1509 3013 1579 τῆς
3059 1508 3385 1579 Ἐκκλησίας
3428 1509 3682 1581 συμπλη-

2094 1606 2366 1676 ρωσάσης,
2404 1603 2623 1657 ύπολύει
2670 1604 2711 1634 ¹⁰
2764 1602 2860 1672 μὲν
2909 1601 3089 1666 αὑτὸν,
3137 1603 3230 1654 καὶ
3262 1602 3681 1671 ἀπαμφιέννυσι

408 1697 605 1754 exinde
636 1690 815 1767 ipsum‘
862 1695 929 1750 ad
972 1695 1313 1750 occidentem
1360 1707 1823 1764 prospectantem.
1869 1713 1981 1749 ma-

2090 1696 2172 1751 διὰ
2204 1696 2313 1749 τῶν
2340 1694 2690 1766 λειτουργῶν.
2720 1695 2852 1747 Εἶτα
2880 1697 3082 1763 στήσας
3113 1696 3203 1746 ἐπὶ
3243 1694 3474 1763 δυσμαῖς
3503 1712 3682 1765 προσ·-

406 1808 620 1864 nusque
650 1807 840 1847 versus
871 1792 1018 1845 illam
1053 1789 1267 1860 plagam
1296 1803 1522 1844 aversas
1551 1791 1982 1857 protrudentem,

405 1888 568 1941 tertio
624 1883 887 1940 Satanam
955 1882 1232 1937 insulilare
1277 1880 1475 1948 jubet,
1530 1890 1693 1949 atque
1761 1882 1986 1948 insuper

406 1976 900 2034 abrenuntiationis
956 1976 1123 2029 verba
1174 1974 1449 2043 proferre;
1501 1973 1661 2041 eique
1704 1981 1787 2027 ter
1830 1974 1986 2027 abre-

406 2069 766 2125 nuntiationis
789 2065 1123 2121 solemnibus
1152 2063 1331 2117 verbis
1355 2064 1665 2133 propositis,
1696 2078 1817 2116 cum
1844 2078 1985 2116 eam-

406 2163 528 2217 dem
561 2162 723 2215 toties
754 2158 1037 2226 conceptis
1066 2157 1251 2211 verbis
1284 2155 1673 2223 pronuntiavit,
1712 2155 1883 2223 ipsum
1916 2156 1982 2209 ad

405 2254 673 2309 orientem
723 2247 1019 2315 transfert,
1063 2257 1119 2302 et
1167 2248 1219 2301 in
1255 2248 1451 2302 caelum
1499 2246 1829 2312 intuentem,
1877 2261 1983 2299 ma-

407 2360 621 2413 nusque
652 2342 1009 2406 attollentem,
1034 2341 1256 2396 Christo
1282 2342 1601 2410 cunctisque
1624 2340 1795 2395 sacris
1818 2356 1846 2393 a
1875 2338 1986 2395 Deo

409 2439 622 2493 traditis
651 2436 883 2507 eloquiis
905 2436 1061 2506 jubet
1087 2434 1375 2490 assentire.

2085 1790 2275 1859 έχοντα
2295 1827 2309 1850 ,
2359 1788 2450 1841 καὶ
2483 1786 2586 1851 τὰς
2618 1789 2802 1859 χεῖρας
2823 1787 3145 1841 ἀπωθοῦντα
3181 1787 3221 1817 ¹¹
3264 1786 3402 1856 πρὸς
3432 1787 3535 1855 τὴν
3575 1787 3682 1839 αύ-

2083 1881 2180 1952 τὴν
2207 1881 2667 1953 ἀπεστραμμένας
2690 1881 2890 1953 χώραν,
2912 1880 3224 1952 ἐμφυσῆσαι
3256 1878 3352 1950 μὲν
3370 1878 3522 1949 αὐτῷ
3551 1880 3683 1950 τρὶς

2084 1972 2458 2026 διακελεύεται
2481 1972 2559 2043 τῷ
2582 1974 2814 2042 Σατανᾷ,
2844 1974 2936 2025 καὶ
2975 1970 3198 2042 προσέτι
3230 1969 3302 2022 τὰ
3331 1970 3432 2039 τῆς
3466 1970 3682 2022 ἀποτα-

2084 2064 2223 2134 γῆςὸ
2230 2064 2429 2135 μολογῆ
2438 2080 2525 2115 σαι
2544 2080 2555 2092 '
2580 2064 2672 2116 xui.
2690 2080 2719 2113 τ
2727 2063 2811 2133 ρὶς
2830 2062 2976 2132 αὐτῷ
2990 2063 3086 2133 τὴν
3104 2062 3385 2129 άποταγὴν
3402 2059 3685 2131 μαρτυρό-

2087 2173 2247 2226 μενος
2284 2157 2347 2218 ¹’,
2388 2154 2795 2225 ὁμολογήσαντα
2828 2155 2949 2224 τρὶς
2981 2153 3139 2206 τοῦτο
3181 2154 3243 2216 η,
3274 2154 3500 2222 μετάγει
3538 2152 3684 2222 πρὸς

2084 2247 2279 2309 ἕω,καὶ
2328 2248 2466 2317 πρὸς
2508 2246 2733 2317 οὐρανὸν
2776 2245 3173 2313 ἀναϐλέψαντα,
3211 2246 3305 2297 καὶ
3349 2247 3449 2306 τὰς
3486 2247 3684 2314 χεῖρας

2086 2339 2472 2401 ἀνατείναντα,
2522 2338 2735 2392 κελεύει
2786 2337 3147 2401 συντάξασθαι
3188 2336 3269 2405 τῷ
3314 2336 3539 2407 Χριστῷ
3582 2337 3687 2389 καὶ

2087 2433 2287 2495 πάσαις
2320 2433 2440 2495 ταῖς
2474 2429 2892 2502 θεοπαραδότοις
2921 2429 3261 2500 ίερολογίαις.

1931 2549 2127 2625 §Vll.

476 2681 595 2749 Quo
620 2680 787 2744 facto,
823 2678 1023 2733 trinam
1056 2677 1131 2731 illi
1174 2678 1351 2733 denuo
1402 2677 1643 2747 praecipit
1688 2675 1974 2746 professio-

406 2785 553 2837 nem,
586 2771 858 2840 tertioque
902 2767 1208 2838 professum
1251 2769 1621 2823 benedicendo
1648 2768 1860 2837 recipit,
1894 2768 1978 2821 ei-

2157 2673 2262 2726 Τοῦ
2303 2674 2359 2727 δὲ
2399 2674 2490 2727 καὶ
2523 2672 2686 2726 τοῦτο
2721 2671 3103 2743 πεποιηκότος,
3142 2669 3481 2741 μαρτύρεται
3517 2671 3689 2725 πάλιν

2085 2767 2233 2837 αὐτῷ
2265 2768 2385 2838 τρὶς
2420 2768 2518 2837 τὴν
2542 2766 2831 2837 ὁμολογίαν
2852 2782 2863 2792 ·
2903 2766 2995 2818 καὶ
3022 2763 3183 2817 πάλιν
3219 2762 3382 2815 αὐτού
3409 2764 3534 2833 τρὶς
3560 2766 3691 2834 ὁμο-

404 2877 512 2933 que
558 2877 779 2916 manum
818 2862 1063 2929 imponit.
1120 2861 1253 2915 Dum
1306 2877 1437 2914 vero
1488 2861 1719 2914 ministri
1767 2859 1981 2930 penitus

2090 2860 2432 2929 λογήσαντος,
2461 2858 2824 2929 ἐπευξάμενος
2857 2857 3065 2924 εύλογεῖ
3098 2855 3192 2907 xui.
3226 2855 3553 2926 χειροθετεῖ.
3576 2858 3689 2910 Καὶ

405 2971 528 3011 eum
545 2962 774 3020 exuunt,
789 2969 1006 3009 sacrum
1036 2955 1307 3009 unctionis
1334 2955 1510 3010 oleum
1539 2954 1770 3008 afferunt
1797 2968 1980 3007 sacer-

407 3051 584 3107 dotes.
613 3049 865 3105 Pontifex
894 3063 1025 3104 vero
1070 3050 1214 3104 trino
1260 3048 1540 3118 signaculo
1582 3049 1841 3102 inchoans
1879 3061 1982 3099 un-

406 3149 672 3213 ctionem,
702 3144 1080 3201 sacerdotibus
1107 3145 1382 3200 hominem
1413 3145 1576 3199 tradit
1610 3154 1722 3198 toto
1757 3156 1983 3212 corpore

404 3239 830 3310 inungendumgi
840 3253 933 3308 pse
951 3246 1131 3292 autem
1150 3238 1216 3292 ad
1238 3237 1542 3306 adOptionis
1561 3247 1783 3291 matrem
1802 3238 1876 3305 (id
1900 3245 1984 3289 est

403 3332 634 3402 fontem)
662 3332 839 3398 vadit;
904 3330 1057 3399 cujus
1110 3344 1279 3400 aquas
1308 3338 1592 3399 postquam
1626 3330 1798 3383 sacris
1824 3328 1980 3383 invo—

404 3426 717 3481 cationibus
750 3423 1142 3488 sanctiﬁcavit,
1174 3436 1274 3475 nee
1304 3436 1409 3475 non
1456 3421 1630 3475 tribus
1674 3419 1981 3473 sacratissi-

404 3518 483 3571 mi
537 3517 797 3586 unguenti
857 3515 1038 3570 crucis
1094 3512 1267 3569 forma
1319 3510 1705 3576 alfusiouibus,
1758 3509 1979 3564 totidem

404 3610 546 3665 sacri
596 3609 861 3679 unguenti
908 3605 1341 3677 appositionibus
1406 3612 1814 3659 sacrosanctum
1871 3600 1983 3653 Deo

405 3700 706 3756 amatorum
751 3700 1140 3769 prepbetarum
1189 3696 1386 3751 divime
1424 3692 1782 3764 aspirationis
1828 3692 1983 3762 bym-

403 3810 537 3847 num
594 3792 979 3853 concinendo,
1055 3787 1442 3851 consecravit,
1533 3784 1726 3838 adduci
1806 3782 1982 3835 virum

400 3884 597 3956 jubet;
667 3896 732 3937 ac
819 3879 1104 3935 sacerdote
1170 3878 1422 3947 quopiam
1497 3890 1529 3930 e
1587 3874 1792 3943 scripto
1857 3886 1979 3928 cum

404 3979 586 4045 ipsum
641 3983 753 4029 tum
801 3980 1173 4040 susceptorem
1235 3969 1642 4038 proclamante,
1684 3966 1980 4023 initiandus

403 4067 747 4124 sacerdotum
774 4064 1027 4121 manibus
1054 4064 1111 4117 in
1160 4078 1358 4131 aquam
1407 4062 1627 4117 ducitur
1670 4062 1735 4116 ad
1761 4076 1979 4115 manum

404 4158 724 4231 pontiﬁcis:
759 4156 852 4227 qui
887 4170 1123 4225 superne
1169 4163 1380 4219 astans,
1426 4154 1517 4209 ubi
1563 4154 1873 4209 sacerdotes
1898 4168 1980 4205 se-

2085 2950 2303 3012 τελείως
2338 2951 2803 3020 ἀπαμφιεσάντων
2830 2949 2990 3002 αὑτὸν
3015 2949 3124 3001 τῶν
3148 2948 3499 3018 λειτουργῶν,
3526 2950 3690 3019 κομί-

2084 3044 2231 3107 ζουσι
2255 3044 2351 3114 μὲν
2378 3043 2427 3095 οἱ
2478 3043 2644 3113 ἱερεῖς
2678 3042 2738 3094 τὸ
2777 3043 2873 3113 τῆς
2911 3042 3145 3111 χρίσεως
3179 3042 3333 3108 ἅγιον
3371 3041 3573 3093 ἔλαιον.
3624 3041 3687 3092 Ὀ

2083 3137 2137 3189 δέ
2168 3136 2267 3205 τῆς
2291 3135 2522 3206 χρίσεως
2555 3133 2643 3187 διὰ
2674 3133 2767 3187 τοῦ
2806 3134 3103 3204 σφραγίσαι
3126 3134 3247 3203 τρὶς
3265 3132 3685 3203 ἀπαρξάμενος,

2081 3228 2141 3280 τὸ
2174 3226 2357 3280 λοιπὸν
2397 3230 2511 3290 τοῖς
2551 3226 2752 3297 ἱερεῦσι
2786 3226 2875 3279 τὸν
2915 3226 3085 3297 ἄνδρα
3122 3229 3309 3296 χρῖσαι
3362 3224 3691 3295 πανσὼμως

2082 3321 2377 3392 παραδοὺς,
2411 3320 2570 3383 αὐτὸς
2595 3322 2687 3373 ἐπὶ
2728 3321 2827 3391 τὴν
2871 3319 3081 3390 μητέρα
3116 3317 3219 3387 τῆς
3267 3316 3543 3379 υἱοθεσίας
3588 3316 3689 3386 έρ-

2083 3429 2256 3480 χεται,
2298 3413 2390 3464 καὶ
2435 3411 2496 3465 τὸ
2538 3413 2744 3483 ταύτης
2789 3412 2931 3482 ὕδωρ
2974 3416 3093 3475 ταῖς
3146 3413 3317 3483 ἱεραῖς
3357 3412 3689 3482 ἐπικλήσεσι

2083 3502 2441 3569 καθαγιάσας,
2467 3504 2560 3555 καὶ
2582 3504 2729 3572 τρισὶ⁸
2751 3502 2845 3555 τοῦ
2872 3503 3285 3571 παναγεστάτου
3313 3504 3489 3573 μύρου
3517 3520 3697 3556 aruu-

2085 3594 2313 3663 ροειδέσι
2346 3594 2537 3663 χύσεσι
2570 3594 2863 3658 τελειώσας
2894 3595 3046 3659 αὐτὸ,
3077 3595 3170 3647 καὶ
3201 3597 3323 3656 ταῖς
3366 3593 3463 3646 τοῦ
3503 3595 3689 3666 μύρου

2084 3687 2363 3758 πανιέροις
2388 3688 2666 3752 ἐπιϐολαῖς
2702 3688 3004 3759 ἰσαρίθμως
3034 3689 3096 3741 τὸ
3125 3688 3267 3759 ἱερὸν
3291 3688 3393 3758 τῆς
3425 3688 3539 3741 τῶν
3567 3688 3691 3741 θεο-

2082 3776 2301 3847 λήπτων
2335 3779 2630 3849 προφητῶν
2670 3779 2956 3842 ἐπιπνοίας
2986 3778 3284 3849 μελῴδημα
3312 3779 3691 3847 συνεπιφθεγ-

2086 3868 2333 3939 ξάμενος,
2372 3869 2580 3921 κελεύει
2614 3869 2703 3922 τὸν
2728 3870 2898 3940 ἄνδρα
2933 3870 3407 3941 προπομισθῆναι
3430 3888 3442 3899 ·
3478 3872 3575 3923 καί
3610 3889 3694 3923 τι·

2082 3977 2171 4023 νος
2198 3960 2386 4031 ἱερέως
2412 3963 2474 4013 ἐκ
2514 3962 2615 4030 τῆς
2642 3962 2966 4032 ἀπογραφῆς
2993 3963 3161 4015 αὐτόν
3195 3979 3255 4014 τε
3296 3964 3391 4016 καὶ
3429 3964 3523 4015 τὸν
3551 3966 3691 4019 ἀνά-

2082 4052 2233 4122 δοχον
2260 4053 2717 4124 άνακηρύξαντος,
2746 4054 2774 4105 ὁ
2812 4054 2907 4123 μὲν
2936 4054 3038 4105 ὑπὸ
3072 4052 3182 4106 τῶν
3229 4053 3420 4124 ἱερέων
3449 4055 3547 4106 ἐπὶ
3586 4056 3687 4109 τοῦ

2085 4146 2275 4209 ὓδατος
2314 4146 2524 4213 ἄγεται,
2564 4146 2698 4216 πρὸς
2737 4146 2837 4215 τὴν
2884 4145 2981 4199 τοῦ
3034 4146 3290 4216 ἱεράρχου
3334 4150 3493 4218 χεῖρα
3544 4150 3687 4219 πρὸς

405 4252 643 4306 cundum
690 4262 881 4319 aquas,
912 4261 1104 4302 versus
1148 4244 1456 4315 pontiﬁcem
1498 4244 1750 4297 initiandi
1786 4258 1977 4297 nomen

2090 4237 2242 4290 αὑτὸν
2288 4238 2791 4309 χειραγωγούμενος
2843 4238 2923 4269 “"
2973 4240 3002 4291 ὁ
3042 4238 3098 4291 δὲ
3149 4239 3412 4310 ίεράρχης
3468 4240 3687 4294 ἄνωθεν

404 4341 837 4412 proclamarunt,
871 4348 956 4393 ter
977 4352 1102 4392 eum
1133 4333 1428 4405 immergit,
1457 4334 1559 4387 sub
1588 4342 1794 4387 ternam
1824 4333 1982 4385 istam

405 4432 816 4488 immersionem
846 4439 1013 4500 atque
1060 4426 1429 4482 emersionem
1455 4436 1569 4479 tres
1612 4424 1807 4477 divinae
1852 4424 1981 4477 bea-

410 4524 662 4579 titudinis
720 4521 994 4577 Personas
1055 4519 1383 4574 invocando.
1441 4516 1595 4571 Tunc
1652 4516 1985 4585 excipientes

409 4628 533 4667 eum
563 4613 749 4669 caeteri
790 4611 1127 4677 sacerdotes,
1156 4609 1703 4678 traduntsusceptori
1749 4622 1841 4662 seu
1886 4608 1983 4660 ad-

410 4704 690 4759 missionis
721 4704 968 4769 auetori,
1019 4710 1075 4758 et
1124 4703 1215 4756 ubi
1271 4717 1376 4755 una
1423 4715 1546 4755 eum
1591 4715 1655 4753 eo
1708 4699 1981 4753 initiatum

408 4800 560 4847 veste
586 4806 825 4861 congrua
855 4791 1239 4856 amiciverunt,
1269 4806 1459 4846 rursus
1496 4790 1647 4844 illum
1684 4790 1750 4843 ad
1800 4791 1981 4860 ponti-

412 4885 569 4940 ﬁcem
618 4884 824 4939 ducunt
862 4902 875 4937 :
922 4884 1036 4952 qui,
1074 4883 1333 4939 divinitus
1377 4891 1595 4938 sacrato
1640 4883 1760 4937 oleo
1806 4884 1981 4936 virum

411 4976 765 5045 consignans,
794 4988 1156 5033 sacrosancta:
1181 4975 1534 5032 Eueharistia:
1552 4975 1867 5047 participem
1892 4978 1986 5029 de-

410 5070 607 5126 elarat.

2081 4329 2346 4400 ὲστηκὼς,
2377 4330 2791 4400 ἀναϐοησάντων
2815 4328 2975 4383 πάλιν
2999 4329 3093 4382 ἐπὶ
3123 4330 3218 4383 τοῦ
3249 4332 3507 4402 ίεράρχου
3537 4334 3690 4387 κατὰ

2080 4423 2141 4475 τὸ
2163 4423 2307 4494 ὕδωρ
2339 4423 2398 4476 τὸ
2430 4424 2600 4494 ὄνομα
2643 4422 2736 4475 τοῦ
2771 4421 3093 4493 τελουμένου
3135 4423 3244 4475 τῶν
3291 4424 3506 4493 ἱερέων,
3562 4428 3689 4497 tp‘u;

2086 4516 2182 4585 μὲν
2213 4515 2374 4568 αὑτὸν
2407 4518 2435 4568 ὁ
2464 4515 2723 4586 ίεράρχης
2753 4513 3025 4585 βαπτίζει,
3050 4518 3171 4579 ταῖς
3195 4516 3344 4587 τρισὶ
3368 4516 3465 4568 τοῦ
3492 4518 3689 4572 τελου-

2085 4607 2247 4677 μένου
2271 4607 2595 4660 καταδύσεσι
2622 4608 2715 4659 xui.
2737 4608 3025 4660 ἁναδύσεσι
3039 4609 3137 4679 τὴν
3164 4608 3393 4677 τρισσὴν
3406 4608 3510 4679 τῆς
3524 4610 3685 4674 θείας

2091 4701 2486 4773 μακαριότητος
2521 4700 2819 4771 ἐπιϐοήσας
2865 4700 3213 4752 ’Υπόο-τασιν.
3251 4700 3683 4770 Παραλαϐόντες

2086 4795 2142 4847 δέ
2171 4795 2330 4847 αὐτὸν
2359 4796 2463 4846 ¹⁶οί
2491 4796 2674 4865 ἱερεῖς,
2703 4793 3161 4865 ἐγχειρίζουσιτῷ
3180 4794 3280 4864 τῆς
3299 4799 3684 4868 προσαγωγῆς

2087 4884 2329 4955 ἀναδὸχῳ
2353 4901 2412 4936 τε
2449 4885 2542 4935 καὶ
2570 4884 2794 4954 ἡγεμόνι
2827 4905 2840 4918 ·
2871 4883 2965 4935 καὶ
2990 4884 3086 4935 σὺν
3118 4882 3265 4953 αύτῷ
3285 4884 3684 4954 περιϐαλόντες

2088 4975 2289 5046 ἐσθῆτα
2330 4975 2408 5045 τῷ
2433 4974 2739 5045 τελουμένῳ
2768 4974 3122 5043 κατάλληλον,
3152 4975 3246 5027 ἐπὶ
3276 4974 3370 5027 τὸν
3410 4976 3683 5048 ἱεράρχην

2089 5063 2242 5129 αὖθις
2287 5068 2588 5135 ἀπάγουσιν
2626 5068 2669 5097 ¹⁶
2696 5082 2712 5099 ⁸
2736 5069 2765 5119 ὁ
2787 5067 2844 5119 δὲ
2879 5067 2957 5137 τῷ
2990 5066 3447 5138 θεουργικωτάτῳ
3516 5070 3681 5142 μύρῳ

2089 5160 2177 5211 τὸν
2205 5158 2371 5229 ἄνδρα
2408 5159 2865 5229 σφραγισάμενος,
2918 5158 3144 5227 μέτοχον
3172 5159 3464 5227 ἀποφαίνει
3488 5159 3681 5215 λοιπὸν

2088 5251 2186 5321 τῆς
2218 5251 2788 5323 ἱεροτελεστικοπάτης
2839 5253 2878 5283 ⁸⁷
2914 5252 3296 5323 Εύχαριστίας.

1670 5382 1706 5423 ί
1727 5401 1954 5457 nam:
1995 5404 2395 5461 LECTIONES.

513 5496 835 5569 1ἰιιειιρπτυρεῖ,
863 5496 933 5550 Μ.
992 5496 1035 5527 ¹⁰
1068 5494 1314 5559 ἀπολύει,
1351 5496 1451 5551 Ch.
1496 5496 1536 5526 “
1614 5496 1708 5548 ἐπὶ
1740 5495 1978 5564 δυσμῶν,
2014 5499 2226 5551 Uini-mi.
2260 5500 2488 5569 δυσμάς,
2531 5502 2593 5553 li.
2622 5502 2955 5565 ἀνωθοῦντα,
3006 5500 3077 5559 Μ.

513 5609 514 5614 η
572 5570 716 5620 ιλν.
782 5565 1240 5620 μαρτυρούμενος.
1321 5567 1363 5597 ¹³
1400 5566 1608 5620 τοῦτον,
1666 5567 1810 5620 Ch.:
1872 5566 2057 5620 αὐτόν.
2116 5568 2175 5620 Ρ.
2257 5572 2297 5599 ¹¹⁶
2330 5573 2422 5620 καὶ
2470 5572 2607 5620 πρὸς
2660 5574 2845 5620 αὐτόν-
2881 5575 2982 5620 M.:
3021 5592 3077 5620 πι

1400 5584 1608 5629 τουτον,
1666 5584 1810 5631 UL;
1860 5584 2057 5645 μυρίον,
2116 5584 2175 5621 ι’.
2258 5584 2297 5599 ³*
2330 5584 2422 5623 καί
2470 5584 2607 5641 προς
2660 5584 2845 5634 αυτον,
2882 5584 2982 5635 Μ.;
3021 5584 3161 5643 πρὸς
3206 5584 3410 5634 αύτων,
3463 5584 3543 5626 ω]
3613 5584 3672 5627 υ.

1423 5639 1481 5694 S-
1562 5637 2111 5708 ¹⁵καὶπαραλοιὸόντες
2142 5639 2336 5707 αὑτὸν,
2371 5644 2472 5699 Cb.
2510 5646 2570 5699 Li.
2608 5643 2667 5699 P.
2696 5645 2753 5701 S.
2780 5647 2902 5701 δεῖ.
2934 5645 2977 5675 ¹⁶
3004 5643 3248 5712 ἄγουσιν,
3277 5646 3377 5701 Cb.
3408 5645 3473 5698 D.
3509 5643 3575 5699 Ρ.
3610 5646 3673 5717 ὃ,

415 5568 514 5645 Ch.
554 5565 746 5620 “υ.’ν.”
782 5565 1240 5645 μαρτυρούμενος.

420 5642 571 5715 ξήηιη
633 5639 1135 5724 χειραγωγούμενος
1177 5639 1357 5724 χεῖρα,
1423 5639 1481 5694 S.

418 5710 453 5757 .‘ré
479 5724 537 5757 ιι.
622 5712 655 5737 ³³
691 5707 1143 5778 ῐέροτελεστάτης,
1172 5708 1244 5762 Μ.

3159 5504 3202 5534 ¹²
3228 5503 3676 5574 μαρτυράμενοςο

2257 5572 2297 5643 ξ¹⁶
2330 5573 2422 5623 καὶ
2470 5572 2607 5641 πρὸς
2660 5574 2845 5634 αὑτὸν,
2881 5575 2982 5635 Μ.;
3021 5574 3161 5643 πρὸς
3206 5572 3410 5634 αὐτῶν,
3463 5574 3543 5626 (Lh
3613 5576 3672 5627 υ.
