3874 6228
158 334 265 391 397
446 390 453 395 ,
1234 332 1322 389 DE
1359 330 1642 389 ECCLES.
1678 329 2079 396 lllERARCH.,
2119 330 2272 387 CAP.
2311 329 2377 384 ll.

1684 448 1712 522 ς
1747 447 1913 510 vm.

3339 326 3444 381 39b

230 590 426 645 Ταῦτα
456 590 516 646 δὲ
537 591 763 656 τελέσας
786 591 894 646 ἀπὸ
917 593 1017 665 τῆς
1043 593 1137 646 ἐπὶ
1168 590 1238 645 τὰ
1258 591 1484 665 δεύτερα
1516 593 1765 666 προόδου,

1946 591 2106 662 170
2133 591 2228 646 His
2277 590 2381 645 rite
2429 588 2688 660 peractis,
2719 603 2749 647 a
2795 603 2895 645 suo
2942 588 3009 643 ad
3038 588 3274 643 secunda
3324 602 3447 655 pro-

159 684 327 739 πάλιν
363 685 462 737 ἐπὶ
488 682 719 754 τὴντῶν
758 684 991 755 πρώτων
1029 683 1367 738 ἀνατείνεται
1401 684 1654 755 θεωρίαν,
1689 686 1765 750 ὡς

1881 699 2084 755 gressu,
2111 685 2177 739 ad
2206 698 2389 738 rerum
2420 683 2617 738 iterum
2642 682 3041 751 prmcipuarum
3064 680 3301 752 exigitur
3324 695 3449 735 con-

159 772 308 829 κιιτὰ
336 774 548 847 μηδένα
573 775 767 846 καιρὸν
799 775 832 846 ἢ
864 775 1089 848 τρόπον,
1116 775 1203 829 ἐπ’
1241 774 1508 848 ἀλλοτρίῳ
1530 777 1638 829 "civi.
1664 795 1768 830 πα-

162 868 234 940 ρὰ
253 868 329 921 τά
351 869 531 922 οἰκεῖα
551 868 1028 940 τρεπόμενος,ἀλλ’
1045 870 1153 923 ἀπὸ
1183 870 1343 924 θείων
1368 873 1446 934 εἰς
1474 870 1593 924 θεῖα
1607 889 1769 945 προσ-

158 959 305 1029 εχῶς
356 961 456 1014 καὶ
505 961 595 1017 ἀεὶ
656 962 737 1029 τῷ
787 961 1064 1035 θεαρχικῷ
1110 962 1390 1035 Πνεύματι
1434 964 1766 1036 μεταταττόι

162 1066 350 1120 μενος.

781 1165 875 1220 tu.
920 1168 1170 1239 empta.-

1752 1324 1864 1401 §I.

227 1522 386 1594 Δῦτη
424 1522 527 1595 μὲν
572 1516 669 1577 οὖν
712 1523 780 1587 ¹⁸,
816 1524 899 1588 ὡς
942 1525 999 1577 ὲν
1042 1522 1352 1597 συμϐόλοις,
1393 1523 1429 1594 ἡ
1474 1523 1577 1593 τῆς
1612 1522 1760 1594 ἱερᾶς

160 1614 353 1684 τελετὴ
392 1613 738 1683 θεογενεσίας
765 1614 830 1677 ¹⁹,
858 1614 1011 1667 οὐδὲν
1043 1614 1290 1684 ἀπρεπὲς
1314 1612 1347 1684 ἧ
1377 1612 1613 1684 ἀνίερον,
1640 1614 1765 1669 οὐδὲ

1871 776 2305 846 templatiouem,
2334 788 2403 828 ne
2432 773 2542 829 ullo
2569 783 2813 843 tempore
2844 774 2929 830 vel
2966 772 3127 827 modo
3170 771 3448 840 quidpiam

1822 884 1828 890 ’
1870 882 1902 922 a
1930 867 2046 922 suis
2073 866 2338 921 institutis
2370 874 2567 921 tractet
2606 864 2868 931 alienum,
2918 864 3012 920 sed
3059 862 3282 918 assidue
3326 875 3451 931 per-

1871 970 2148 1031 petuoque
2173 959 2343 1015 divini
2376 959 2614 1031 Spiritus
2641 959 2805 1013 ductu
2834 972 2864 1012 a
2910 955 3112 1014 divinis
3156 955 3226 1012 ad
3268 952 3450 1011 divina

1874 1052 2316 1109 transformetur.

2392 1161 2481 1217 ll].
2521 1160 2928 1231 Contemplatio.

1943 1517 2070 1573 Hart:
2118 1518 2171 1570 in
2215 1517 2389 1572 sacris
2413 1516 2677 1587 symbolis
2722 1515 2920 1569 divina:
2948 1514 3324 1585 generationis
3357 1513 3456 1568 ini-

1873 1614 2031 1668 tiatio
2058 1611 2194 1667 nihil
2224 1612 2468 1667 indecori
2513 1610 2597 1666 vel
2638 1608 2852 1680 profani
2900 1609 3033 1677 quin
3080 1623 3182 1662 nec
3225 1609 3455 1662 sensiies

160 1707 269 1759 τῶν
294 1707 582 1779 αἰσθητῶν
614 1708 659 1738 ²⁰
685 1706 885 1777 ἔχουσα
919 1706 1164 1770 είκόνων,
1198 1705 1315 1758 ἀλλ’
1351 1704 1595 1772 ἀξωθέου
1632 1704 1767 1758 θεω-

1881 1706 2080 1773 ﬁguras
2123 1705 2406 1768 continet,
2449 1703 2543 1757 sed
2591 1702 2702 1757 Deo
2752 1702 2929 1771 dignae
2977 1699 3456 1767 contemplationis

166 1801 284 1871 ρίας
315 1800 626 1871 αἰνίγματα
672 1803 921 1869 φυσικοῖς
954 1800 1048 1853 καὶ
1082 1798 1609 1870 ἀνθρωποπρεπέσιν
1648 1797 1769 1850 ἐσό-

1881 1797 2161 1866 aeuigmata
2193 1795 2248 1849 in
2276 1793 2615 1849 naturalibus
2651 1793 2719 1847 ad
2746 1800 2964 1859 captum
3015 1789 3298 1844 hominum
3332 1803 3455 1858 spe-

163 1910 358 1965 πτροις
384 1893 786 1964 εἰκονιζόμενα.
827 1892 892 1945 Τί
925 1892 1033 1963 γὰρ
1068 1892 1134 1946 ἂν
1163 1891 1358 1961 φανείη
1391 1891 1432 1922 ’⁸
1466 1890 1769 1960 διαμαρτά-

1881 1889 2011 1943 culis
2043 1886 2297 1957 elligiata.
2335 1886 2476 1953 Quid
2519 1885 2665 1939 enim
2710 1886 2758 1939 ei
2788 1882 3030 1938 defuisse
3059 1881 3335 1946 videatur,
3367 1881 3453 1934 di—

164 2002 352 2049 νουσα,
393 1984 609 2038 καὶτοῦ
638 1984 915 2054 θειοτέρου
948 1982 1111 2050 λόγου
1159 1983 1270 2035 τῶν
1310 1981 1652 2051 τελουμένων
1694 1998 1774 2033 σε-

1881 1980 2072 2036 viniori
2103 1981 2268 2033 etiam
2296 1979 2684 2048 mysteriorum
2713 1975 2932 2030 silentio
2963 1987 3259 2042 suppressa
3286 1972 3455 2025 ratio-

165 2094 290 2147 στγη
297 2077 497 2147 μένου,
517 2075 696 2129 πειθοῖ
711 2075 805 2128 καὶ
817 2072 1229 2146 θεοῤῥημοσύνῃ
1243 2070 1445 2143 τὴντοῦ
1460 2070 1774 2142 προσιόντος

1881 2089 1963 2140 ne,
1995 2087 2119 2129 cum
2144 2072 2329 2126 divina
2358 2070 2702 2124 institutione
2727 2068 2861 2122 satis
2888 2069 3081 2137 probet
3112 2064 3453 2127 aceedentis,

165 2169 401 2232 εὐζωῖαν
434 2160 598 2238 ἱερῶς
638 2167 1253 2240 διαπραγματευομένη,
1291 2168 1386 2219 καὶ
1416 2166 1515 2237 τὴν
1551 2167 1776 2236 ἀπάσης

163 2257 297 2328 ὁμοῦ
322 2258 535 2321 κακίας
558 2260 626 2312 δι’
643 2260 899 2331 ἐναρέτου
925 2261 1020 2313 καὶ
1043 2258 1192 2322 θείας
1209 2259 1351 2329 ζωῆς
1373 2258 1773 2330 ἀποκάθαρσιν,

162 2355 226 2423 τῇ
259 2351 329 2403 δι’
362 2349 561 2415 ὓδατος
589 2356 792 2425 φυσικῇ
826 2352 1112 2424 καθάρσει,
1140 2351 1595 2423 σωματικώτερον
1625 2351 1775 2424 αὐτῷ

162 2444 569 2513 διαγγέλλουσα
582 2462 597 2511 ;

231 2536 391 2608 Αὐτὴ
416 2539 464 2568 ’⁵
506 2538 550 2591 δ’
584 2533 701 2603 οὖν,
735 2539 783 2591 εἰ
824 2537 919 2591 καὶ⁵
957 2535 1123 2608 μηδέν
1158 2553 1213 2588 τι
1255 2534 1525 2607 θειότερον
1561 2531 1704 2605 εἶχεν
1739 2537 1772 2607 ἡ

164 2628 275 2683 τῶν
308 2630 660 2700 τελουμένων
696 2629 996 2701 συμϐολικὴ
1042 2628 1373 2699 παράδοσις,
1410 2627 1509 2679 οὐκ
1559 2627 1775 2698 ἀνίερος

164 2716 265 2793 ἦν,
301 2721 385 2785 ὡς
443 2717 618 2792 οἶμαι,
658 2720 1005 2775 διδασκαλίαν
1042 2720 1142 2789 μὲν
1187 2717 1405 2770 εὐθέτου
1442 2717 1586 2788 ζωῆς
1625 2719 1774 2787 εἰση-

166 2814 440 2886 γουμένη,
469 2816 571 2886 τὴν
594 2814 838 2884 παντελῆ
864 2813 920 2867 δὲ
943 2813 1045 2883 τῆς
1067 2815 1123 2865 ὲν
1137 2811 1305 2883 κακίᾳ
1336 2810 1614 2874 πολιτείας
1630 2810 1767 2862 ἀπο-

1872 2178 2035 2233 quam
2067 2172 2258 2219 sancte
2298 2169 2581 2233 cperatur,
2632 2161 2757 2216 vitae
2804 2159 3209 2229 integritatem,
3257 2166 3313 2212 et
3358 2171 3456 2225 per

1871 2256 2039 2310 vitam
2072 2256 2300 2325 probam
2337 2269 2403 2310 ac
2425 2254 2688 2321 divinam,
2721 2253 2994 2309 universae
3023 2251 3186 2308 simul
3234 2249 3456 2305 malitiae

1871 2348 2371 2419 perpurgationem,
2419 2347 2653 2402 naturali
2700 2346 3086 2401 emundatione
3132 2358 3286 2413 aquae
3330 2357 3456 2398 cor-

1873 2440 2115 2511 poralius
2144 2440 2242 2507 ipsi
2272 2439 2591 2495 denuntiet?

1946 2529 2018 2587 Ut
2043 2531 2226 2602 itaque
2241 2531 2540 2602 symbolica
2570 2531 2937 2585 initiationum
2952 2527 3174 2583 traditio
3194 2526 3331 2581 nihil
3352 2527 3457 2580 hoc

1876 2625 2114 2679 divinius
2154 2624 2404 2690 haberet,
2440 2638 2806 2694 nequaquam,
2835 2633 2893 2678 ut
2920 2638 3047 2678 reor
3075 2636 3272 2690 expers
3310 2630 3458 2676 esset

1873 2715 2200 2781 sanctitatis,
2226 2729 2349 2769 cum
2379 2725 2434 2771 et
2484 2725 2632 2769 recte
2663 2715 2876 2769 vivendi
2911 2713 3250 2781 disciplinam
3288 2713 3458 2767 intro—

1870 2811 2059 2874 ducat,
2081 2818 2136 2863 et
2153 2808 2525 2863 omnimodam
2550 2808 2603 2862 in
2630 2807 2777 2864 vitiis
2804 2815 3097 2861 trausactze
3121 2805 3244 2859 vita:
3266 2818 3459 2859 emun-

167 2906 467 2978 κάθαρσιν,
500 2907 697 2971 ὑλικῶς
736 2906 817 2978 τῷ
865 2904 1076 2977 σώματι
1111 2903 1495 2975 καθαιρομένῳ
1522 2902 1767 2972 φυσικῶς

1881 2902 2164 2966 lationem,
2201 2910 2317 2956 toto
2370 2915 2604 2971 corpore
2636 2915 2777 2973 aqua
2827 2901 3047 2972 penitus
3095 2908 3457 2971 perpurgato,

166 3005 237 3058 δι’
264 3004 465 3069 ὓδατος
492 3003 868 3074 αἱνισσομένη.

1865 2992 2190 3048 naturaliter
2215 2992 2480 3048 insinuet.

1768 3155 1795 3229 θ
1829 3151 1909 3215 u.

256 3346 402 3399 Ἀλλ’
430 3345 572 3400 ἔστω
593 3347 693 3418 μὲν
726 3346 865 3417 αὕτη
899 3346 1013 3409 τοῖς
1036 3344 1285 3398 ἀτελέσιν
1308 3340 1645 3413 είσαγωγικὴ
1670 3341 1774 3412 ψυ-

1951 3339 2155 3396 Vcrum
2183 3341 2382 3409 siﬁharc
2410 3339 2629 3410 quidem
2662 3341 2970 3397 rudiorib’us
2995 3338 3326 3396 introductio
3349 3309 3459 3410 Spi-

169 3439 449 3507 χαγωγία,
480 3439 549 3491 τά
582 3454 643 3490 τε
683 3437 971 3510 ίεραρχικά
994 3438 1089 3491 καὶ
1130 3436 1337 3506 ένοειδῆ
1376 3435 1475 3506 τῆς
1514 3433 1773 3506 πληθύος,

169 3531 249 3594 ὡς
285 3530 471 3601 θέμις,
507 3530 1016 3595 ἀποδιαστέλλουσα,
1065 3531 1160 3583 καὶ
1210 3528 1599 3600 συμμετροῦσα
1649 3529 1773 3590 ταῖς

172 3624 319 3678 κατὰ
370 3625 538 3695 μέρος
587 3623 805 3691 τάξεσιν
851 3626 952 3695 τὴν
999 3623 1317 3695 ἐναρμόνιον
1369 3621 1658 3692 ἀναγωγήν
1685 3620 1731 3651 ’³
1757 3637 1771 3651 ·

173 3718 341 3787 ἡμεῖς
374 3716 452 3779 δὲ,
490 3715 819 3769 ἀναϐάσεσιν
856 3716 1025 3786 ἱεραῖς
1051 3716 1145 3766 ἐπὶ
1169 3713 1269 3777 τὰς
1301 3713 1410 3766 τῶν
1434 3711 1774 3782 τελουμένων

176 3808 356 3879 ἀρχὰς
396 3808 823 3878 ἀναϐλέψαντες,
863 3808 959 3861 καὶ
1006 3806 1210 3870 ταύτας
1246 3805 1412 3877 ἱερῶς
1455 3803 1772 3876 μυηθέντες,

178 3899 601 3970 ὲπιγνωσόμεθα
632 3901 793 3953 τίνων
818 3900 924 3953 εἰσὶ
947 3901 1309 3971 χαρακτήρων
1336 3897 1407 3951 τὰ
1446 3895 1775 3968 ὲκτυπώμα-

175 4010 269 4057 τα,
316 3994 416 4045 καὶ
446 3992 613 4046 τίνων
653 3991 879 4062 ἀφανῶν
916 3994 973 4046 αἱ
1002 3993 1229 4056 εἰκόνες.
1262 3993 1421 4045 Ἔστι
1463 3990 1594 4064 γὰρ,
1619 3990 1695 4054 ὡς
1717 3991 1776 4043 ὲν

175 4089 243 4157 τῇ
271 4088 416 4153 Περὶ
448 4085 686 4154 νοητῶν
727 4102 792 4140 τε
825 4088 924 4141 καὶ
954 4084 1257 4153 αἰσθητῶν
1295 4083 1647 4157 πραγματείᾳ
1683 4098 1779 4134 σα-

178 4181 299 4249 φῶς
324 4178 695 4250 διηγόρευται,
722 4178 792 4232 τὰ
827 4179 925 4250 μὲν
968 4177 1241 4248 αἰσθητῶς
1267 4176 1389 4250 ἱερά
1423 4178 1531 4231 τῶν
1568 4174 1778 4248 νοητῶν

178 4274 642 4345 ἀπεικονίσματα,
680 4274 776 4328 καὶ
806 4273 894 4326 ἐπ’
938 4272 1079 4326 αὑτά
1121 4272 1459 4345 χειραγωγία
1501 4271 1597 4325 καὶ
1620 4270 1738 4333 ὁδός
1761 4285 1775 4299 ·

176 4369 249 4423 τὰ
278 4368 338 4421 δὲ
373 4364 563 4437 νοητὰ,
598 4365 709 4419 τῶν
741 4366 865 4419 κατ’
890 4363 1141 4436 αἴσθησιν
1167 4362 1496 4436 ίεραρχικῶν
1519 4362 1662 4434 ἀρχὴ
1686 4363 1782 4417 καὶ

181 4461 491 4531 ἐπιστήμη.

1874 3435 2069 3495 ritalis,
2102 3448 2223 3503 qua:
2247 3443 2302 3488 et
2347 3443 2687 3487 sacramenta
2742 3443 2935 3490 sancto
3001 3442 3165 3502 atque
3206 3432 3456 3501 unitiva,

1879 3529 1955 3581 uti
1982 3528 2065 3581 fas
2087 3538 2189 3591 est,
2217 3543 2246 3581 a
2273 3527 2597 3594 promiscuis
2623 3527 2937 3596 distinguat,
2968 3536 3021 3581 et
3058 3525 3285 3597 singulis
3311 3525 3461 3581 ordi-

1878 3621 2037 3677 nibus
2063 3621 2528 3676 accommodatam
2551 3618 2839 3673 concinnet
2865 3618 3333 3675 sublimationem:
3360 3634 3460 3675 nos

1878 3724 2097 3777 autem,
2143 3728 2264 3767 cum
2311 3711 2483 3765 sacris
2530 3710 2940 3765 ascensionibus
2990 3720 3459 3767 sacramentorum

1877 3804 2141 3876 principia
2187 3801 2645 3871 contemplantes,
2672 3814 2826 3855 sacro
2851 3800 3038 3855 eadem
3063 3800 3244 3857 alllatu
3270 3817 3460 3868 perce-

1876 3898 2151 3969 perimus’,
2200 3906 2592 3965 cognoscemus
2636 3906 2866 3961 quorum
2918 3892 3301 3949 charactcrum
3349 3894 3462 3949 sint

1875 3990 2119 4061 eﬂigies,
2168 3998 2222 4043 et
2272 4002 2503 4057 quarum
2554 4001 2735 4041 rerum
2797 3985 3133 4042 occultarum
3193 3987 3460 4058 imagines

1877 4082 2138 4137 existant.
2170 4078 2238 4136 Ut
2262 4079 2405 4134 enim
2438 4079 2491 4133 in
2520 4077 2698 4147 Opere
2722 4077 2801 4133 De
2822 4079 3243 4150 intelligibilibus
3264 4096 3326 4134 ac
3347 4096 3460 4134 scn-

1877 4174 2065 4230 silibus
2089 4172 2374 4242 perspicue
2409 4171 2740 4227 declaratum
2785 4181 2903 4240 est,
2950 4172 3225 4229 sensibilia
3268 4188 3456 4229 sacra-

1880 4278 2088 4333 menta,
2117 4266 2403 4322 simulacra
2428 4272 2555 4320 sunt
2596 4264 3038 4335 intelligibilium,
3083 4267 3151 4319 ad
3194 4280 3313 4335 qua:
3339 4282 3457 4320 ma-

1879 4362 2158 4417 nuducnut
2199 4372 2263 4413 ac
2297 4358 2439 4412 viam
2479 4364 2759 4422 sternunt;
2793 4357 3145 4426 intelligibilia
3188 4373 3341 4424 vero,
3370 4374 3459 4413 sa-

1880 4459 2283 4507 cramentorum
2333 4446 2669 4504 sensibilium
2738 4448 3063 4518 principium
3114 4457 3243 4504 sunt
3294 4460 3458 4521 atque

1880 4541 2128 4599 scientia.

1752 4707 1779 4779 ς
1810 4702 1921 4765 tu.

334 4879 604 4946 Λέγωμεν
636 4874 815 4928 τοίνυν
839 4874 905 4937 ’⁵,
940 4874 1016 4937 ὼς
1049 4872 1195 4926 ἔστιν
1228 4873 1261 4943 ἡ
1288 4871 1385 4942 τῆς
1428 4869 1577 4933 θείας
1604 4885 1774 4939 μακα-

1956 4867 2194 4921 Dicimus
2233 4864 2435 4934 itaque,
2482 4862 2679 4919 divinae
2731 4861 3084 4918 beatitudinis
3130 4860 3454 4929 bonitatem,

187 4970 439 5039 ριότητος
462 4964 736 5035 ἀγαθότης
763 4965 850 5017 ἀεὶ
875 4963 1016 5017 κατά
1037 4962 1209 5016 ταὺτά
1230 4963 1323 5015 καὶ
1352 4960 1611 5024 ὡσαύτως
1635 4959 1787 5029 ἐχου-

188 5081 256 5117 σα
288 5063 392 5126 τὰς
429 5060 526 5114 τοῦ
562 5058 765 5112 οἰκείου
820 5058 995 5127 φωτὸς
1036 5055 1493 5128 ἀγαθοεργέτιδας
1538 5056 1783 5118 ἀκτῖνας,

187 5160 282 5211 ἐπὶ
338 5156 523 5218 πάσας
572 5153 819 5223 ἀφθόνως
882 5149 1133 5205 ἀπλοῦσα
1197 5148 1296 5213 τὰς
1363 5147 1555 5219 νοεράς
1611 5147 1784 5216 ὄψεις.

188 5252 302 5307 Εἶτ’
330 5246 428 5303 οὖν
454 5250 497 5280 ³⁵
524 5245 795 5315 ἀποσταίη
819 5242 915 5297 τοῦ
939 5241 1128 5314 νοητοῦ
1156 5242 1333 5311 φωτὸς
1367 5244 1401 5315 ὴ
1434 5241 1545 5294 τῶν
1580 5238 1780 5311 νοερῶν

1881 4962 2126 5016 eamdem
2156 4973 2372 5026 semper
2393 4965 2449 5014 et
2472 4956 2660 5013 eodem
2686 4956 2849 5012 modo
2874 4969 2936 5011 se
2952 4955 3266 5023 habentem,
3292 4957 3457 5011 benc-

1883 5052 2015 5106 ﬁcos
2075 5049 2211 5105 lueis
2256 5063 2366 5104 suae
2413 5048 2599 5102 radios
2642 5046 2853 5101 cunctis
2912 5045 3085 5101 oculis
3134 5045 3456 5102 mentalibus

1881 5144 2222 5198 abundanter
2292 5140 2649 5210 expandisse;
2728 5141 2974 5207 adeoque
3044 5137 3089 5191 si
3159 5145 3454 5207 spontanea

1882 5235 2436 5306 mente-praeditorum
2481 5230 2690 5286 arbitrii
2721 5230 2947 5286 libertas
2988 5229 3232 5301 spiritale
3276 5227 3453 5281 lumen

1476 5412 1713 5470 VARUE
1750 5410 2152 5467 LECTIONES.

279 5606 448 5666 μοῦν
497 5624 604 5664 non
652 5604 854 5659 habent
898 5602 959 5657 Ρ.
1013 5602 1115 5657 Cit.
1172 5601 1232 5654 Ι).

200 5759 260 5810 S.
308 5745 367 5809 et
394 5756 505 5808 duo
532 5750 688 5803 Vien.
737 5747 809 5814 ﬂ”
832 5748 948 5808 ταῖς
1001 5745 1184 5814 ἀνιέρο

200 5825 360 5883 Vien.
438 5823 485 5856 ”
509 5819 668 5885 εἴτις
699 5813 814 5885 οὖν,
841 5816 910 5871 Μ.
943 5815 1003 5870 Ρ.
1032 5815 1123 5871 Sc.

279 5606 448 5666 μοῦν
497 5624 604 5664 non
652 5604 854 5659 habent
898 5602 959 5657 Ρ.
1013 5602 1115 5657 Cit.
1172 5601 1232 5654 Ι).
1298 5597 1355 5653 S.
1404 5594 1494 5651 Sc.
1551 5592 1673 5649 Sar.
1711 5603 1767 5647 et
1802 5594 1836 5647 3
1866 5594 2019 5650 Vien.
2124 5596 2166 5625 ’9
2190 5592 2414 5663 τελετῆς
2464 5592 2797 5659 θεογενεσία,
2824 5592 2894 5641 Μ.
2927 5592 2991 5643 SC

195 5682 496 5755 αἰσθητῶνν
532 5679 607 5755 9!.-
644 5678 733 5732 Sc-
889 5671 1278 5755 είκογιξεῖμένη·
1307 5666 1449 5755 ἐαξτά
1470 5657 2991 5755 τίίγᾲρὲἵνὲἓεἶθ-ξένεξξρνιξέέιξϊίι,ἓ;,.¹’;.,-.ῗῗ..τ⁰ξξ⁵ἔε

1189 5726 1259 5807 ις’
1281 5738 1467 5807 τάξεσι
1516 5726 1635 5807 τῆν’
1660 5734 1980 5807 ἐναρμόνιον
2001 5726 2249 5806 ἀγωγήν.
2305 5726 2374 5767 ³⁵
2401 5732 2632 5803 λέγομεν
2658 5730 2859 5793 τοίνυν,
2887 5726 3081 5785 (ΠΙΣΙ).
3115 5726 3236 5784 Sar.
3270 5735 3324 5779 et
3352 5726 3456 5779 duo

2124 5596 2166 5625 ’9
2190 5592 2414 5663 τελετῆς
2464 5589 2805 5663 θεογενεσία,
2824 5586 2894 5641 Μ.
2925 5586 3109 5663 _Scot._
3259 5583 3458 5663 ἐκτῶν

2768 5662 2811 5690 ²²
2839 5656 3144 5729 ται5τ”ξγ],Μἒ
3169 5655 3266 5710 Ch.
3308 5654 3452 5729 D._P.
