3874 6228
429 284 536 346 899

1594 282 1651 338 S.
1684 281 1987 338 DlONYSll
2026 280 2492 339 AREOPAGITE

3569 282 3678 339 ιω

434 404 668 464 deserat,
697 411 724 451 a
761 403 952 453 natura
981 394 1081 451 sibi
1126 393 1314 449 insitas
1357 393 1462 448 luci
1507 397 1835 464 excipiendae
1863 396 1998 450 vires

2107 393 2423 466 αὐθαίρετος
2455 393 2882 466 αὐτεξουσιότης,
2924 396 3120 460 κακίας
3153 394 3311 468 ἔρωτι
3346 368 3679 467 συμμύσασα

431 506 621 547 amore
664 489 814 561 pravi
854 487 1207 560 praecludens,
1239 485 1491 558 praesenti
1534 488 1751 556 quidem
1798 489 1900 543 luci
1941 503 2001 545 se

431 585 710 648 subducit,
742 585 859 639 inec
891 591 1066 638 tamen
1098 594 1215 636 eam
1246 581 1465 635 minime
1507 581 1768 646 destituit,
1797 581 1889 636 sed
1917 581 2001 637 vel

433 677 814 734 conniventem
870 672 1178 737 illuminat,
1224 682 1386 743 atque
1449 674 1722 728 aversanti
1769 673 2002 745 benigne

433 781 661 838 prorsus
689 764 950 820 occurrit.
991 764 1144 833 171
1179 762 1331 830 Quod
1355 762 1399 818 si
1437 763 1694 818 mediocri
1737 764 1997 820 instructa

432 857 652 914 videndi
684 854 940 911 facultate
966 857 1220 909 terminos
1263 853 1594 917 transilierit,
1621 854 1894 926 radiisque
1919 857 2000 908 vi-

433 965 552 1008 sum
585 946 968 1019 superantibus
1014 955 1216 1000 temere
1257 961 1388 1000 ausa
1440 944 1604 1002 fuerit
1647 947 1876 1011 obtueri,
1911 949 2001 1003 lux

434 1041 651 1112 quidem
685 1039 816 1094 nihil
853 1053 881 1092 a
913 1051 972 1093 se
1004 1037 1238 1092 alienum
1269 1037 1450 1105 faciet,
1483 1053 1669 1092 verum
1714 1039 1828 1107 ipsa
1873 1055 1999 1108 per-

432 1133 590 1188 fectis
621 1131 930 1201 imperfecte
961 1146 1016 1187 se
1048 1132 1320 1201 ingerens,
1351 1131 1526 1185 aliena
1571 1134 1880 1200 neutiquam
1909 1147 2000 1186 as-

434 1231 711 1292 sequetur,
742 1221 1116 1276 mediocritate
1142 1237 1303 1291 porro
1327 1236 1422 1276 sua
1473 1219 1771 1275 insolenter
1807 1235 1999 1290 super-

432 1316 607 1381 biens,
652 1329 750 1370 sua
799 1313 952 1383 culpa
1000 1313 1373 1367 frustrabitur.
1425 1311 1661 1382 Benigne
1711 1323 1911 1380 tamen,
1942 1321 2001 1368 ut

432 1406 565 1471 dixi,
612 1405 793 1460 divina
847 1405 936 1458 lux
982 1405 1310 1459 mentalibns
1353 1419 1568 1474 semper
1614 1405 1787 1460 oculis
1832 1414 2001 1474 patet,

430 1497 778 1568 ejusdemque
800 1496 1101 1565 praesentis,
1133 1504 1186 1550 et
1209 1496 1274 1549 ad
1299 1496 1408 1552 Deo
1431 1495 1648 1567 dignam
1675 1498 1757 1552 sui
1789 1512 2002 1568 semper

432 1588 982 1642 communicationem
1025 1587 1398 1656 paratissimae,
1427 1589 1636 1657 copiam
1684 1589 1884 1644 habere
1933 1589 2000 1642 li-

429 1690 539 1737 cet.
584 1681 658 1734 Ad
691 1681 847 1751 hujus
880 1679 1237 1733 imitationem
1269 1679 1482 1734 divinus
1517 1681 1741 1736 antistes
1789 1681 1998 1753 efﬁngi-

2099 485 2200 550 τὰς
2233 486 2477 555 φυσικῶς
2509 488 2918 559 ὲνεσπαρμένας
2951 490 3086 559 αὐτῇ
3121 489 3252 560 πρὸς
3272 488 3676 559 τδφωτίξεσθαι

2100 579 2376 650 δυνάμεις,
2412 581 2722 652 ἀπήρτηται
2767 579 2861 632 τοῦ
2895 580 3158 652 παρόντος
3196 582 3330 652 αὐτῇ
3368 584 3542 649 φωτὸς
3574 583 3678 635 οὐκ

2101 673 2454 737 ἀποστάντος,
2489 673 2601 726 ἀλλ’
2650 672 3046 743 ὲπιλάμποντος
3086 674 3219 744 αὐτῇ
3273 673 3674 746 μυωπαζούσῃ,

2100 764 2194 816 καὶ
2225 763 2672 835 ἀποστρεφομένη
2707 763 3130 836 προπρέχοντος
3171 763 3497 831 ἀγαθοειδῶς
3519 780 3534 794 ο
3563 766 3676 816 εἴτε

2098 853 2195 907 τοῦ
2231 855 2464 926 μετρίως
2487 855 2622 924 αὐτῇ
2649 853 2891 917 δοθέντος
2917 853 3112 926 ὁρατοῦ
3157 856 3282 918 τοὺς
3313 855 3470 926 ὅρους
3509 855 3679 924 ὑπερ-

2102 945 2351 1018 πηδήπῆ
2378 947 2474 1000 καὶ
2508 947 2644 1018 πρὸς
2669 947 2766 1010 τὰς
2797 947 2938 1018 ὑπὲρ
2969 946 3067 1017 τὴν
3092 948 3212 999 κατ’
3237 947 3403 1016 αὐτὴν
3436 946 3558 1016 ὄψιν
3581 947 3680 998 αὐ-

2099 1039 2202 1108 γὰς
2225 1038 2545 1110 αὑτωπῆσαι
2579 1041 2624 1073 ⁸⁸
2648 1038 2931 1110 τολμηρῶς
2965 1038 3321 1110 ἐπιχειρήσοιυ
3345 1039 3406 1092 τδ
3439 1041 3537 1110 μὲν
3559 1039 3680 1109 φῶς

2101 1130 2384 1203 ἐνεργήσει
2419 1130 2570 1202 παρά
2601 1130 2670 1183 τὰ
2719 1129 2894 1200 φωτὸς
2931 1129 3115 1183 οὐδέν’
3151 1130 3285 1201 αὑτὴ
3319 1130 3403 1194 δὲ,
3435 1134 3549 1194 τοῖς
3585 1147 3680 1184 τε·

2100 1219 2263 1285 λείοις
2311 1219 2518 1284 ἀτελῶς
2563 1221 2945 1281 ὲπιὸάλλουσα,
2980 1221 3089 1274 τῶν
3125 1221 3223 1292 μὲν
3259 1222 3540 1276 ἀνοικείων
3577 1224 3681 1275 οὐκ

2101 1312 2168 1364 ἃν
2199 1310 2458 1380 ἐφίκοιτο,
2485 1311 2579 1364 τοῦ
2623 1311 2839 1382 μετρίου
2877 1311 2934 1364 δὲ
2971 1310 3226 1382 ἀκόσμως
3261 1314 3681 1386 ὑπερφρονοῦσα

2099 1402 2164 1455 δι’
2192 1403 2389 1473 ἑαυτὴν
2423 1403 2793 1470 ἀποτεύξεται.
2845 1402 3012 1474 Πλὴν,
3046 1403 3181 1474 ὅπερ
3213 1405 3366 1475 ἔφην,
3407 1405 3683 1478 ἀγαθουρ-

2100 1492 2270 1560 γικῶς
2293 1495 2377 1546 ἀεὶ
2403 1497 2523 1557 ταῖς
2550 1500 2760 1566 νοεραῖς
2793 1498 2946 1567 ὕψεσι
2967 1497 3029 1552 τὸ
3063 1498 3214 1552 Θεῖον
3239 1497 3483 1569 ἦπλωται
3520 1497 3639 1566 φῶς
3663 1514 3678 1527 ·

2101 1584 2274 1639 ἔνεστί
2309 1604 2368 1639 τε
2395 1588 2582 1650 αὑταῖς
2605 1589 2986 1644 ἀντιλαϐέσθαι
3011 1591 3054 1621 ⁸⁷
3080 1591 3342 1662 παρόντος
3367 1589 3557 1650 αὑτοῦ,
3584 1589 3684 1643 καὶ

2103 1677 2186 1730 ἀεὶ
2220 1677 2356 1748 πρὸς
2379 1677 2651 1750 θεοπρεπῆ
2684 1679 2793 1734 τῶν
2817 1680 3030 1734 οἰκείων
3056 1682 3336 1752 μετάδοσιν
3363 1681 3514 1744 ὄντος
3549 1683 3686 1734 ἐτοι-

429 1783 540 1841 tur,
576 1772 784 1828 lucidos
815 1773 1010 1827 divinae
1039 1771 1358 1827 eruditionis
1400 1773 1580 1826 radios
1621 1788 1784 1840 super
1812 1789 1998 1828 omnes

2107 1769 2356 1839 μοτάτου.
2400 1770 2542 1841 Πρὸς
2567 1772 2769 1843 ταύτην
2794 1776 2822 1827 ὁ
2848 1773 2987 1839 θεῖος
3023 1776 3277 1846 ίεράρχης
3303 1772 3683 1827 ἀππυποῦται

428 1865 732 1920 luculenter
760 1864 1058 1931 explicans,
1085 1873 1139 1918 et
1185 1877 1243 1917 se
1275 1861 1658 1918 accendentem
1690 1863 1783 1918 Dei
1824 1863 2003 1918 imita-

431 1958 579 2011 tione
604 1954 942 2009 illuminandi
970 1955 1428 2023 promptissimus,
1457 1953 1598 2008 nulla
1628 1963 1785 2010 utens
1811 1954 1998 2024 objur-

429 2049 668 2116 gatione,
700 2045 784 2099 vel
814 2047 930 2100 dira
963 2056 1184 2116 propter
1227 2045 1466 2113 priorem
1511 2043 1866 2100 defectionem
1916 2044 1998 2101 vel

428 2141 902 2210 intemperantiam
952 2138 1362 2206 imprecatione,
1391 2139 1484 2191 sed
1510 2137 1762 2208 exemplo
1787 2139 1903 2203 Dei,
1929 2141 1997 2195 ad

429 2247 488 2286 se
513 2231 898 2284 accedentibus
941 2229 1054 2284 suis
1088 2243 1305 2298 semper
1346 2229 1830 2286 illuminationibus
1859 2247 1998 2301 pon-

429 2322 706 2376 tificaliter
733 2321 998 2389 allulgcns
1025 2334 1146 2373 cum
1173 2319 1371 2373 decore
1397 2329 1562 2388 atque
1588 2323 1797 2387 ordine,
1821 2332 1875 2376 et
1900 2337 1997 2392 pro

428 2413 694 2483 cujusque
719 2413 784 2466 ad
812 2429 964 2468 sacra
998 2412 1311 2482 capacitatis
1337 2412 1570 2467 ratione.

2104 1861 2202 1932 τὴν
2241 1861 2488 1933 μίμησιν,
2526 1863 2622 1928 τάς
2657 1868 2961 1934 φωτοειδεῖς
2994 1868 3156 1923 αὑτοῦ
3189 1870 3284 1939 τῆς
3319 1867 3500 1921 ἐνθέου
3534 1867 3687 1920 διδα-

2105 1953 2328 2017 σκαλίας
2356 1954 2527 2023 αὐγὰς
2551 1956 2796 2025 ἀφθόνως
2831 1959 2924 2012 ἐπὶ
2958 1961 3170 2024 πάντας
3215 1959 3422 2022 ἀπλῶν,
3453 1960 3550 2012 καὶ
3587 1959 3685 2011 τὸν

2103 2046 2391 2116 προσιόντα
2442 2048 2672 2116 φωτίσαι
2716 2049 3057 2124 θεομιμήτως
3089 2052 3429 2122 ἑτοιμότατος
3464 2052 3576 2113 ὢν,
3619 2053 3684 2104 οὐ

2104 2135 2300 2208 φθόνῳ,
2335 2138 2454 2190 οὐδὲ
2487 2139 2686 2212 ἀνιέρῳ
2709 2141 2811 2212 τῆς
2856 2146 3126 2215 προτέρας
3169 2146 3214 2176 ’⁸
3255 2143 3592 2206 ἀποστασίας
3648 2144 3683 2213 ἢ

2103 2225 2366 2298 ἀμετρίας
2400 2227 2576 2299 μήνιδι
2595 2229 2892 2301 χρώμενος,
2917 2234 3240 2298 ἀλλ’ὲνθὲως
3263 2235 3346 2287 ἀεὶ
3371 2236 3480 2295 τοῖς
3509 2248 3686 2302 πωσ-

2106 2317 2246 2371 ιοῦσι
2317 2323 2436 2383 ταῖς
2478 2322 2640 2374 αὐτοῦ
2683 2323 3065 2392 φωταγωγίαις
3109 2325 3431 2395 ἱεραρχικῶς
3476 2323 3686 2391 ὲλ).άμ--

2102 2428 2219 2466 πων
2253 2413 2310 2465 ὲν
2350 2413 2616 2485 εὐκοσμίᾳ
2649 2417 2741 2468 καὶ
2774 2417 2940 2481 τάξει,
2976 2419 3067 2470 καί
3104 2418 3366 2488 ἀναλογίᾳ
3406 2417 3504 2487 τῆς
3549 2416 3684 2469 ἐκά-

2103 2521 2231 2558 στου
2261 2505 2397 2576 πρὸς
2423 2505 2490 2558 τὰ
2519 2507 2636 2578 ἱερά
2672 2511 3025 2582 συμμετρίας.

1986 2634 2015 2710 ς
2044 2635 2147 2696 IV.

498 2815 606 2872 Sed
656 2814 912 2885 quoniam
957 2813 1195 2868 divinum
1241 2812 1453 2868 Numen
1503 2827 1673 2867 sacrae
1701 2812 1996 2882 disciplime

426 2907 751 2981 principium
777 2906 1012 2972 exsism,
1033 2921 1136 2974 qua
1181 2916 1383 2958 sanctae
1407 2913 1616 2960 mentes
1647 2906 1697 2959 in
1723 2907 1803 2958 sui
1834 2907 1998 2960 deve-

427 3004 584 3059 niunt
614 3001 1006 3070 cognitionem;
1036 2999 1280 3067 quisquis
1321 2999 1387 3052 ad
1419 2999 1637 3052 insitum
1685 3011 1888 3054 naturae
1913 2999 1998 3054 lu-

428 3111 549 3150 men
577 3092 892 3157 recurrerit,
920 3092 1189 3160 principio
1216 3092 1436 3158 quidem
1462 3092 1582 3159 quis
1615 3091 1834 3145 tandem
1882 3093 1998 3162 ipse

428 3189 500 3242 sit
527 3187 752 3250 videbit,
786 3188 996 3252 hocque
1029 3183 1163 3237 lucis
1194 3182 1505 3236 accessione
1555 3198 1750 3236 munus
1781 3197 1997 3238 sacrum

427 3280 666 3344 referet;
701 3293 861 3345 porro
889 3277 979 3344 qui
1011 3276 1222 3344 propria
1249 3290 1342 3328 sua
1379 3285 1523 3328 recte
1548 3274 1810 3329 irreflexis
1829 3275 2000 3332 oculis

427 3368 805 3432 considerarit,
838 3365 1047 3419 abditas
1078 3365 1291 3431 quidem
1336 3365 1690 3434 ignorationis
1723 3365 1806 3418 sui
1851 3377 1999 3420 tene-

431 3460 553 3514 bras
578 3458 882 3512 eliminabit
913 3456 1324 3525 perfectissimae
1357 3466 1531 3508 tamen
1564 3454 1657 3508 Dei
1708 3456 1920 3510 unionis
1946 3464 1999 3510 et

427 3535 860 3620 participationis
911 3549 1085 3601 adhuc
1145 3562 1370 3611 exsors,
1422 3546 1662 3615 ejusdem
1728 3547 1999 3602 desiderio

427 3652 616 3712 sponte
644 3657 752 3696 non
782 3640 1079 3704 aﬂieietur;
1130 3640 1222 3693 sed
1264 3639 1464 3692 sensim
1513 3639 1742 3706 primum
1791 3653 1820 3690 a
1869 3653 1998 3708 pro-

427 3733 561 3801 priis
608 3732 674 3784 ad
706 3731 938 3800 potiora,
967 3741 1021 3782 et
1054 3745 1122 3783 ex
1173 3729 1240 3784 iis
1285 3729 1350 3782 ad
1398 3727 1698 3796 potissima,
1749 3741 1846 3781 nec
1892 3742 1997 3781 non

429 3823 701 3891 perfectus
721 3820 832 3888 jam
861 3837 913 3874 Ill
940 3820 1153 3884 ordine,
1189 3821 1255 3873 ad
1308 3818 1660 3888 principalem
1714 3819 1805 3872 Dei
1839 3819 2002 3873 celsi-

430 3914 670 3967 tudinem
700 3928 858 3968 sacro
891 3911 1119 3980 quodam
1151 3912 1308 3965 modo
1336 3914 1614 3966 eveltelur.
1646 3910 1879 3980 Hujusce
1910 3927 2000 3966 ve-

429 4002 572 4058 nusti
621 4001 874 4069 sacrique
919 4001 1124 4055 ordinis
1154 4010 1528 4070 argumentum
1557 4010 1660 4065 est,
1691 4001 1997 4055 accedentis

428 4093 775 4158 verecundia,
805 4106 1097 4159 rerumque
1144 4093 1210 4145 ad
1257 4105 1314 4143 se
1347 4093 1702 4159 spectantium
1739 4093 1995 4160 cognitio,

431 4188 496 4241 ad
527 4198 796 4240 summum
842 4183 1178 4236 sacerdotem
1225 4183 1322 4234 viae
1376 4183 1565 4235 ducem
1614 4194 1768 4235 nacta
1817 4196 1999 4236 susce-

429 4288 656 4348 ptorem.
693 4276 785 4332 Sic
813 4275 1121 4339 adductum,
1162 4271 1342 4326 divina
1373 4272 1648 4324 beatitudo
1689 4273 1756 4325 ad
1789 4273 1868 4326 sui
1899 4272 1997 4324 ad-

2183 2816 2319 2870 Ἀλλ’
2353 2819 2582 2894 ἐπείπερ
2613 2822 2657 2853 ³⁸
2690 2822 2939 2888 εὐταξίας
2978 2824 3124 2876 ἐστὶν
3154 2823 3294 2895 ἀρχὴ
3318 2824 3378 2877 τὸ
3412 2825 3570 2878 Θεῖον
3609 2827 3687 2878 ἱε-

2105 2911 2224 2984 ρᾶς,
2261 2911 2383 2965 καθ’
2421 2914 2487 2984 ἣν
2534 2915 2741 2967 ἑαυτῶν
2800 2916 3168 2986 ἐπιγνώμονες
3205 2919 3254 2969 οἱ
3295 2918 3429 2988 ἱεροὶ
3465 2918 3608 2981 νόες,
3656 2920 3686 2970 ό

2026 3035 2068 3092 c
2103 3007 2239 3078 πρὸς
2280 3006 2341 3059 τὸ
2386 3007 2581 3061 οἰκεῖον
2623 3007 2721 3078 τῆς
2765 3007 2976 3076 φύσεως
3011 3007 3203 3079 ὁρατὸν
3243 3010 3579 3079 ἀνατρέχων,
3627 3013 3686 3063 ἐν

2100 3098 2240 3170 ἀρχῇ
2279 3098 2376 3169 μὲν
2403 3099 2550 3161 ὅστις
2583 3099 2710 3150 ποτέ
2743 3101 2908 3160 ἐστιν,
2942 3100 3102 3162 αὐτὸς
3145 3100 3354 3168 ὄψεται,
3393 3100 3488 3152 καὶ
3522 3101 3686 3154 τοῦτο

2099 3189 2324 3261 λήψεται
2360 3189 2571 3260 πρῶτον
2606 3190 2670 3241 ἐκ
2708 3191 2804 3260 τῆς
2842 3189 2974 3260 πρὸς
3008 3189 3068 3241 τὸ
3100 3191 3214 3258 φῶς
3241 3191 3581 3255 ἀνανεύσεως
3614 3193 3688 3243 ἱε-

2100 3280 2192 3351 ρὸν
2251 3278 2449 3348 δῶρον’
2509 3281 2537 3332 ὁ
2599 3279 2655 3331 δὲ
2695 3279 2763 3331 τὰ
2816 3281 2989 3332 οἰκεῖα
3046 3281 3225 3343 καλῶς
3269 3282 3686 3352 ἀπροσπαθέσιν

2098 3367 2391 3439 ὀφθαλμοῖς
2432 3370 2823 3439 ἐπισκοπήσας,
2859 3368 2966 3420 τῶν
3001 3367 3266 3439 ἀλαμπῶν
3303 3369 3402 3439 μὲν
3447 3371 3684 3438 ἀποφοι-

2097 3459 2250 3528 τήσει
2273 3460 2369 3529 τῆς
2393 3458 2662 3525 ἀγνωσίας
2681 3457 2866 3528 μυχῶν
2888 3477 2900 3489 ·
2924 3458 3166 3529 τῆςΘεοῦ
3177 3460 3241 3514 δὲ
3254 3461 3685 3535 τελειωτάτηςδθ

2099 3549 2340 3612 ἑνώσεως
2374 3551 2466 3603 καὶ
2501 3549 2764 3620 μεθέξεως
2798 3551 2989 3622 ἀτελὴς
3019 3551 3112 3615 ὢν,
3138 3555 3296 3617 αὐτὸς
3319 3555 3419 3606 οὐκ
3454 3557 3688 3612 αὐτόθεν

2098 3642 2446 3714 ἐπιθυμήσει,
2473 3644 2614 3697 κατά
2649 3644 2820 3714 βραχὺ
2856 3645 2911 3697 δὲ
2943 3645 3032 3697 διὰ
3055 3647 3160 3698 τῶν
3191 3646 3353 3698 αὑτοῦ
3378 3648 3418 3677 ³³
3445 3648 3684 3719 πρώτων

2099 3734 2188 3786 ἐπὶ
2222 3733 2289 3785 τὰ
2321 3733 2399 3785 ἔτι
2428 3734 2684 3805 πρότερα,
2710 3736 2801 3786 καὶ
2824 3734 2891 3786 δι’
2918 3735 3139 3787 ἐκείνων
3163 3736 3256 3787 ἐπὶ
3285 3735 3354 3788 τὰ
3373 3737 3683 3808 πρώτιστα,

2099 3825 2192 3875 καὶ
2225 3824 2524 3887 τελειωθεὶς
2565 3825 2658 3876 ἐπὶ
2691 3826 2788 3895 τὴν
2827 3825 3103 3896 ἀκρότητα
3148 3825 3244 3896 τὴν
3287 3826 3585 3899 θεαρχικὴν
3622 3833 3684 3882 ἐν

2096 3915 2244 3980 τάξει
2276 3914 2321 3948 ³²
2353 3917 2446 3969 καὶ
2480 3917 2638 3989 ἱερῶς
2663 3915 3041 3987 ἀναχθήσεται.
3072 3916 3284 3987 Ταύτης
3308 3919 3423 3971 ἐστὶ
3456 3919 3554 3989 τῆς
3593 3924 3686 3975 εὑ·-

2099 4005 2302 4074 κόσμου
2332 4005 2375 4035 ”
2407 4006 2501 4057 καὶ
2530 4006 2678 4074 ἱερᾶς
2710 4005 2912 4071 τάξεως
2949 4006 3109 4059 εἰκὼν
3152 4011 3184 4078 ἡ
3217 4008 3310 4060 τοῦ
3360 4013 3682 4080 προσιόντος

2098 4095 2279 4160 αἰδὼς,
2307 4097 2400 4148 καὶ
2438 4096 2546 4148 τῶν
2569 4097 2690 4149 καθ’
2737 4098 2928 4149 ἑαυτὸν
2967 4098 3399 4168 ἐπιγνωμοσύνη,
3444 4101 3547 4170 τῆς
3585 4104 3682 4156 ἐπὶ

2097 4187 2186 4239 τὸν
2217 4188 2474 4257 ἱεράρχην
2498 4186 2616 4238 ὁδοῦ
2658 4188 2746 4238 τὸν
2779 4187 3033 4257 άνάδοχον
3069 4188 3265 4258 ἔχουσα
3301 4190 3680 4263 καθηγεμόνα.

2099 4279 2200 4331 Τὸν
2226 4279 2268 4332 δ’
2295 4278 2340 4310 ³⁸
2361 4279 2535 4341 οὕτως
2565 4279 2893 4350 ἀναγόμενον
2918 4283 2950 4351 ἡ
2975 4279 3090 4332 θεία
3117 4283 3451 4353 μακαριότης
3477 4287 3557 4348 είς
3579 4289 3683 4357 την

429 4369 595 4424 mittit
639 4364 1194 4423 communicationem
1228 4361 1568 4430 propriaeque
1609 4361 1779 4427 lucis,
1830 4363 1998 4415 instar

2106 4370 2302 4440 ἑαυτῆς
2329 4370 2614 4440 μετουσίαν
2643 4370 2960 4440 εἰσδέχεται,
2990 4372 3082 4423 καὶ
3113 4372 3207 4424 τοῦ
3235 4374 3436 4426 οίκείου
3477 4377 3680 4444 φωτὸς,

430 4461 567 4530 signi
597 4461 899 4530 cujusdam,
931 4458 1105 4527 ipsum
1134 4454 1446 4524 participat,
1476 4455 1585 4508 Deo
1610 4455 1857 4507 intimum
1882 4454 2001 4508 red-

432 4554 586 4617 dens,
615 4566 678 4605 ac
702 4560 1008 4605 consortem
1039 4559 1322 4600 munerum
1359 4544 1687 4608 divinorum,
1720 4557 1881 4614 atque
1905 4561 1997 4600 or-

432 4641 573 4696 dinis
607 4643 778 4706 sacri;
803 4655 1032 4710 quorum
1073 4652 1230 4694 sacra
1270 4647 1354 4692 est
1404 4647 1635 4700 tessera,
1682 4639 1876 4692 summi
1906 4653 1997 4693 sa-

433 4733 670 4788 cerdotis
719 4731 999 4787 accedenti
1053 4733 1235 4786 datum
1290 4729 1626 4798 signaculum
1658 4769 1676 4795 ,
1738 4747 1838 4785 nec
1890 4748 1996 4787 non

432 4821 686 4877 salutaris
757 4821 1049 4889 descriptio
1115 4819 1496 4886 sacerdotum,
1543 4819 1816 4874 salvandis
1873 4835 1994 4874 eum

433 4926 753 4982 aggregans,
787 4921 946 4980 atque
995 4911 1170 4964 sacris
1204 4911 1450 4964 inserens
1498 4914 1861 4966 monumentis
1890 4929 1996 4966 una

435 5018 557 5058 cum
583 5014 977 5071 susceptor-em,
1010 5015 1262 5072 tanquam
1290 5002 1582 5059 salutiferae
1611 5005 1678 5058 ad
1707 5006 1994 5061 veritatem

2101 4463 2289 4534 ὥσπερ
2312 4463 2455 4526 τινὸς
2488 4463 2634 4534 αὐτῷ
2667 4465 2893 4534 σημείου
2936 4468 3299 4537 μεταδίδωσιν,
3329 4467 3509 4520 ἔνθεον
3542 4469 3684 4522 ἀπο-

2099 4553 2325 4605 τελοῦσα
2349 4554 2441 4606 καὶ
2467 4554 2718 4606 κοινωνὸν
2739 4556 2836 4625 τῆς
2865 4555 2972 4606 τῶν
3009 4557 3204 4610 ἐνθέων
3242 4559 3682 4630 ἀποκληρώσεως

2102 4645 2194 4697 καὶ
2221 4646 2369 4716 ἱερᾶς
2401 4644 2742 4710 κατατάξεως
2769 4662 2783 4676 ο
2810 4639 2883 4698 ὧν
2917 4649 3030 4700 ἐστι
3057 4649 3118 4701 σύ
3129 4649 3320 4719 μὸολον
3350 4651 3490 4720 ἱερὸν
3523 4653 3556 4721 ἠ
3584 4651 3680 4703 τοῦ

2104 4737 2352 4807 ἱεράρχου
2387 4737 2463 4806 τῷ
2498 4737 2773 4808 προσιόντι
2797 4736 3113 4811 δωρουμένη
3152 4743 3406 4813 σφραγὶς,
3436 4743 3530 4794 καὶ
3569 4744 3681 4796 τῶν

2103 4826 2290 4896 ἱερέων
2316 4828 2348 4898 ἡ
2376 4827 2721 4898 σωτηριώδης
2748 4830 3062 4900 ἀπογραφὴ,
3090 4835 3200 4895 τοῖς
3219 4831 3547 4902 σωζομένοις
3583 4834 3682 4885 αὐ-

2099 4921 2190 4972 τὸν
2216 4922 2670 4990 ὲγκαταλὲγουσα,
2688 4924 2781 4976 καὶ
2799 4942 2904 4994 μνη
2913 4925 3159 4994 μοσύνοις
3180 4926 3340 4996 ἱεροῖς
3361 4925 3682 4979 ἀνατιθεῖσα

2104 5012 2237 5083 πρὸς
2275 5013 2422 5083 αὐτῷ
2447 5015 2540 5067 καὶ
2562 5013 2653 5067 τὸν
2685 5015 2960 5085 ἀνάδοχον,
3000 5016 3074 5079 ὡς
3105 5017 3205 5086 τῆς
3244 5015 3511 5081 ζωοποιοῦ
3538 5018 3679 5088 πρὸς

1696 5250 1933 5306 ΫΑΒΙᾹΞ
1973 5251 2377 5310 LECTIONES.

521 5406 566 5436 ιο
591 5421 679 5474 γρ,
734 5403 1069 5472 ἀντωπῆσαι.
1138 5404 1186 5474 7"
1212 5420 1300 5474 γρ.
1358 5405 1866 5474 ἀντιλαμϐάνεσθαι.

1944 5412 1988 5442 ’⁸
2019 5413 2161 5487 hunc
2190 5412 2465 5487 locutnjla
2505 5412 2772 5487 I‘IDIICIAM.
2804 5422 2858 5487 et
2899 5413 3178 5487 vertit_Sc.
3215 5436 3227 5472 :
3257 5414 3396 5487 Οὑδε
3419 5415 3674 5487 -ἀνιέρως

435 5471 850 5561 Ξῆςηπιροτὲρας
881 5471 1261 5561 maestast“,
1291 5473 1324 5542 ἦ
1367 5471 1635 5561 ,ἀμετρίας
1669 5478 1830 5561 μηδὲν
1852 5481 1939 5561 ἀεὶ
1963 5480 2263 5561 χρῶμενον,
2307 5480 2644 5561 ἀλλ’-ενθύεως
2669 5483 2753 5536 ἀεὶ
2775 5486 2887 5546 τοῖς
2911 5483 3179 5561 “PQ-£09“:
3219 5471 3431 5561 ⁷ῌίνάλλν
3473 5471 3672 5558 disp;

440 5545 496 5594 δ.
531 5543 587 5594 Β.
623 5552 709 5596 bc.
745 5543 864 5597 bar.
945 5544 986 5572 ³ο
1017 5543 1130 5606 lege
1152 5543 1594 5611 τελεωτάτηςζν.

442 5680 499 5733 l'.
535 5680 654 5736 bar}
768 5683 891 5735 ³-³δέ
918 5680 1207 5737 ιιυίέεδιίιι
1239 5685 1293 5737 ὃ.
1323 5681 1382 5735 1’.
1419 5685 1478 5736 υ.
1521 5683 1620 5738 Cb.
1653 5687 1773 5740 δίη.

1634 5551 1990 5621 τελειοτάτης.
2038 5552 2078 5582 δι
2112 5551 2178 5602 δι’
2210 5552 2406 5614 αὐτῶν,
2434 5552 2502 5603 Μ.
2534 5553 2625 5606 Sc.
2657 5564 2710 5607 et
2734 5571 2854 5606 mox
2885 5551 2981 5621 pro
3006 5556 3095 5607 ἐπὶ
3120 5555 3209 5618 τά,
3233 5555 3445 5608 ἔπειτα.
3510 5559 3554 5589 ³³
3582 5551 3674 5611 ἐπὶ

435 5615 533 5686 τὴν
561 5615 855 5686 ἀκροτάτην
877 5613 1192 5686 Decimum,
1225 5617 1286 5686 Μ.
1321 5615 1499 5686 ξων.
1538 5615 1637 5686 Ρη)
1671 5617 1727 5667 ἐν
1762 5613 1940 5686 τάξει,
1965 5623 2021 5676 S.
2056 5630 2106 5676 et
2138 5623 2194 5676 l’.
2224 5621 2375 5685 τάξιν
2402 5625 2605 5678 habent

2707 5624 2768 5698 _”
2795 5626 3085 5695 ἐγκόσμου,
3118 5626 3185 5680 Μ.
3222 5626 3308 5682 Sc.
3349 5626 3671 5700 εὐκοσμίαν,
