3874 6228
211 335 314 393 ιοι

1297 332 1386 391 DE
1424 335 1708 393 ECCLES.
1743 334 2142 401 HIERARCH.,
2171 333 2326 392 CAP.
2363 331 2428 389 11.

3381 329 3487 388 οὕθῖ

205 448 474 522 ἀλήθειαν
527 450 777 522 πορείας,
827 449 919 504 τὸν
969 451 1090 522 μὲν,
1139 453 1375 526 ἐραστὴν
1424 454 1599 526 ἀληθῆ
1633 455 1677 486 ³³
1715 456 1803 508 καὶ

1911 455 2013 510 via:
2045 470 2060 510 :
2091 453 2243 510 illum
2273 455 2522 524 quidem,
2556 457 2853 506 amatorem
2897 451 3169 503 sincerum
3211 463 3276 504 ac
3317 451 3486 506 comi-

209 543 515 596 συνοπαδδν
557 545 823 615 ἡγεμόνος
861 542 1044 598 ἐνθέου
1061 562 1074 574 ·
1103 545 1193 598 τὸν
1221 547 1277 600 δὲ
1303 546 1516 617 ἀπλανῆ
1539 549 1660 612 ταῖς
1687 547 1803 602 θεο-

1910 556 2012 602 tem
2038 548 2280 604 ductoris
2311 546 2511 610 divini;
2545 544 2691 599 hunc
2723 557 2850 597 vero
2877 541 3101 598 minime
3124 544 3486 599 errabundum

207 632 540 703 παραδότοις
573 636 804 707 ἡγήσεσι
835 635 930 690 τοῦ
954 637 1220 707 ἑπομένου
1248 637 1610 709 χειραγωγὸν.

1905 639 2172 695 divinitus
2225 639 2382 710 172
2437 636 2654 693 traditis
2704 633 3140 692 institutionibus
3197 634 3485 707 sequendis

1909 733 2387 787 mannductorern.

1775 913 1927 988 §V.

287 1096 435 1152 Ἀλλ’
460 1098 561 1151 οὐκ
602 1096 778 1151 ἔνεστι
811 1097 920 1150 τῶν
953 1095 1141 1169 ἀκρως
1182 1098 1440 1154 ἐναντίων
1482 1100 1599 1172 ἅμα
1643 1102 1801 1172 μετέ-

204 1209 322 1263 χειν
346 1191 416 1254 ³⁸,
444 1190 566 1244 οὐδὲ
599 1189 690 1243 τὸν
713 1189 1000 1243 κοινωνίαν
1023 1189 1144 1243 τινά
1179 1191 1314 1262 πρὸς
1338 1191 1400 1246 τὸ
1423 1192 1481 1245 ἓν
1503 1193 1800 1264 ἐσχηκότα,

207 1281 480 1354 μεριστὰς
506 1282 648 1352 ἔχειν
677 1280 842 1346 ζωὰς,
870 1283 917 1334 εὶ
956 1282 1056 1352 τῆς
1093 1281 1187 1336 τοῦ
1233 1285 1351 1348 ἐνὸς
1393 1285 1680 1356 ἀντέχεται
1717 1285 1805 1356 βε-

204 1374 371 1438 ϐαίας
399 1375 670 1446 μεθέξεως
696 1391 709 1403 ο
739 1374 854 1426 ἀλλ’
878 1374 1106 1444 ἄσχετον
1131 1370 1270 1428 εἶναι
1297 1378 1390 1431 καὶ
1423 1378 1803 1433 ἀκατάτακτον

205 1468 263 1518 ἐν
282 1467 496 1529 πάσαις
526 1468 644 1529 ταῖς
674 1463 768 1517 τοῦ
803 1464 1066 1529 ἐνοειδοῦς
1089 1466 1415 1538 διαιρέσεσιν
1438 1486 1450 1497 ’
1477 1469 1614 1541 ὅπερ
1641 1469 1803 1541 ἡτῶν

206 1558 499 1628 συμϐόλων
542 1558 838 1629 παράδοσις
875 1558 1036 1630 ίερῶς
1068 1561 1424 1633 ἀίνισσομένη
1455 1603 1469 1626 ,
1510 1562 1602 1615 τὸν
1632 1579 1801 1633 προσ-

207 1651 359 1703 ιόντα
392 1651 497 1722 τὴν
540 1643 650 1704 οἷον
693 1650 735 1681 ³⁷
778 1650 1049 1722 προτέραν
1097 1650 1243 1724 ζωὴν
1300 1652 1652 1707 ἀπεκδύσασα
1709 1655 1803 1707 καὶ

206 1743 375 1814 μέχρι
402 1741 515 1794 τῶν
543 1743 662 1796 κατ’
700 1742 916 1813 ἐκείνην
953 1745 1205 1814 ἐσχάτων
1247 1746 1484 1815 σχέσεων
1525 1746 1802 1800 ἀπολύσα-

1979 1100 2250 1156 Cmterum
2284 1115 2389 1155 non
2423 1099 2549 1156 licet
2582 1114 2796 1158 summe
2819 1099 3090 1154 contraria
3125 1097 3283 1154 simul
3316 1097 3485 1169 parti-

1907 1195 2113 1264 cipare,
2142 1209 2324 1264 neque
2359 1193 2909 1250 communicationem
2946 1191 3182 1260 aliquam
3224 1207 3348 1246 cum
3375 1207 3484 1247 uno

1909 1287 2126 1342 babenti
2161 1287 2365 1341 divisas
2390 1286 2596 1341 habere
2627 1285 2792 1348 vitas,
2819 1284 2862 1337 si
2895 1283 3054 1336 unius
3079 1282 3321 1338 stabilem
3350 1298 3485 1353 prae-

1909 1380 2045 1435 ferat
2070 1381 2575 1450 participationem;
2605 1378 2697 1433 sed
2730 1385 3006 1431 exsortem
3039 1390 3162 1430 esse
3202 1375 3357 1430 decet
3383 1391 3482 1430 ex-

1906 1482 2224 1541 pertemque
2268 1472 2512 1526 omnium
2564 1468 2955 1524 uniformitatis
3003 1467 3325 1521 divisionum
3373 1488 3384 1522 :
3430 1467 3482 1521 id

1905 1565 2049 1635 quod
2085 1565 2363 1634 signorum
2401 1563 2621 1616 traditio
2649 1576 2804 1616 sacra
2839 1559 3039 1622 innuit,
3067 1559 3192 1612 dum
3221 1558 3486 1612 acceden-

1907 1669 2012 1713 tem
2051 1659 2220 1728 priori
2253 1655 2653 1726 quodammodo
2693 1654 2804 1707 vita
2845 1667 3073 1714 exuens,
3107 1659 3162 1704 et
3201 1650 3267 1703 ad
3301 1659 3498 1705 extre-

1907 1766 2026 1806 mos
2056 1763 2228 1818 usque
2255 1747 2484 1803 atl‘ectus
2510 1747 2847 1816 exspolians,
2876 1745 3075 1799 nudum
3102 1754 3156 1799 et
3184 1743 3484 1799 discalcea-

204 1850 271 1887 σα
321 1834 391 1898 ³⁸,
421 1835 630 1906 γυμνὸν
677 1835 772 1889 καὶ
819 1836 1143 1889 ἀνυπόδετον
1188 1837 1368 1908 ἵστησι
1418 1839 1553 1908 πρὸς
1592 1839 1802 1910 δυσμὰς

1910 1853 2017 1899 tum
2047 1843 2236 1898 statuit
2264 1857 2453 1895 versus
2483 1841 2825 1896 occidentem
2861 1847 3218 1906 spectantem,
3250 1852 3348 1890 nec
3377 1851 3484 1890 nou

202 1929 524 2002 ἀφορῶντα,
567 1931 660 1983 καὶ
705 1933 770 2001 τῇ
819 1929 928 1983 τῶν
979 1929 1177 2002 χειρῶν
1224 1929 1434 1985 ἀπώσει
1469 1933 1512 1964 ⁸³
1555 1931 1653 1996 τὰς
1700 1933 1800 2004 τῆς

196 2021 501 2091 ἀλαμποῦς
524 2023 723 2085 κακίας
763 2023 1113 2094 ἀναινόμενον
1140 2025 1446 2087 κοινωνίας,
1474 2025 1568 2077 καὶ
1588 2025 1686 2095 τὴν
1711 2025 1802 2093 ἐγ-

200 2113 510 2184 γενομένην
559 2113 710 2184 αὐτῷ
757 2114 858 2184 τῆς
902 2115 1282 2186 ἀνομοιότητος
1328 2114 1439 2181 ἕξιν
1481 2114 1671 2186 ὥσπερ
1710 2116 1804 2168 ἐκ-

201 2205 462 2267 πνέοντα,
490 2206 584 2259 καὶ
629 2205 728 2268 τάς
753 2205 938 2272 ὀλικάς
965 2205 1396 2278 ὁμολογήσαντα,
1436 2206 1571 2279 πρὸς
1611 2206 1673 2260 τὸ
1705 2205 1800 2260 τοῦ

202 2295 477 2361 θεοειδοῦς
502 2295 762 2358 ἐναντίον,
804 2298 1105 2367 ἀποταγάς.
1134 2298 1289 2352 Οὕτω
1316 2298 1594 2363 παντελῶς
1639 2298 1802 2370 ἄσχε-

199 2407 291 2444 τον
329 2391 500 2444 αὺτὸν
538 2392 631 2444 καὶ
669 2390 1032 2462 ἀκοινώνητον
1057 2391 1318 2460 γεγονότα
1356 2391 1492 2463 πρὸς
1526 2391 1600 2444 ἕω
1645 2391 1804 2462 μετά-

199 2500 288 2551 γει
315 2483 386 2545 δθ,
414 2483 517 2553 τὴν
562 2483 621 2534 ἐν
647 2481 726 2554 τῷ
753 2481 882 2553 θείῳ
910 2483 1050 2552 φωτὶ
1080 2483 1268 2537 στάσιν
1294 2501 1353 2536 τε
1380 2485 1475 2537 καὶ
1515 2483 1802 2537 ἀνάνευσιν

204 2573 432 2627 ἔσεσθαι
462 2572 721 2644 καθαρῶς
746 2575 804 2626 ἐν
832 2575 899 2644 τῇ
939 2573 1194 2627 παντελεῖ
1213 2573 1314 2644 τῆς
1349 2572 1548 2637 κακίας
1574 2574 1802 2642 ἀποφοι-

199 2669 362 2739 τήσει
395 2666 810 2735 διαγγέλλουσα,
839 2665 933 2718 καὶ
956 2664 1056 2729 τὰς
1085 2664 1237 2736 ἱεράς
1265 2664 1428 2718 αὑτοῦ
1454 2665 1557 2736 τῆς
1583 2665 1719 2736 πρὸς
1742 2666 1804 2720 τὸ

200 2755 258 2809 ἓν
304 2757 499 2827 ὑλικῆς
542 2757 876 2820 συννεύσεως
912 2757 1235 2828 ὁμολογίας,
1272 2755 1537 2821 ἐνοειδοῦς
1577 2759 1796 2830 γενομέ-

201 2867 294 2902 νου
347 2849 660 2921 φιλαλήθως
702 2846 1097 2918 ἀποδεχομένη.
1140 2847 1277 2900 Ἀλλ’
1315 2846 1430 2900 ἔστι
1479 2863 1582 2901 που
1619 2847 1800 2920 δῆλον,

203 2943 279 3005 ὡς
303 2938 483 3012 οἶμαι,
507 2945 621 3006 τοῖς
654 2941 761 2997 τῶν
792 2940 1118 3012 ἱεραρχικῶν
1155 2941 1536 3012 ἐπιστήμοσιν,
1562 2942 1643 2994 ὅτι
1682 2945 1805 3006 ταῖς

201 3032 515 3103 διηνεκέσιν
540 3033 599 3084 ἐν
629 3031 877 3102 συντονίᾳ
908 3030 1044 3102 πρὸς
1069 3029 1127 3084 ἒν
1155 3030 1196 3062 δι
1223 3030 1538 3098 ἀνατάσεσι,
1563 3033 1662 3088 καὶ
1683 3036 1805 3098 ταῖς

201 3125 313 3180 τῶν
340 3124 600 3177 ἐναντίων
625 3123 833 3186 ὁλικαῖς
873 3121 1170 3194 νεκρώσεσι
1209 3125 1304 3179 καὶ
1325 3125 1708 3196 άνυπαρξίαις,
1743 3127 1804 3180 τὸ

203 3214 571 3268 ἀναλλοίωτον
603 3213 742 3283 ἴσχει
775 3211 846 3265 τὰ
874 3211 1038 3283 νοερά
1076 3211 1177 3282 τῆς
1203 3211 1471 3279 θεοειδοῦς
1511 3214 1696 3281 ἕξεως.
1726 3215 1798 3268 Οὐ
1829 3200 1873 3260 C

203 3306 314 3378 γὰρ
341 3306 697 3377 ἀναχωρῆσαι
723 3305 828 3378 χρὴ
857 3305 1015 3375 μόνον
1043 3305 1151 3359 ἀπὸ
1172 3307 1369 3370 κακίας
1397 3309 1637 3381 ἀπάσης,
1669 3307 1805 3362 ἀλλά

203 3400 300 3454 καὶ
328 3396 671 3472 ἀρῤενωπῶς
718 3398 1067 3468 ἀμάλθακτον
1109 3396 1270 3466 εἶναι,
1321 3401 1366 3433 ⁴²
1413 3402 1683 3472 ἀφόϐητον
1717 3401 1804 3454 ἀεὶ

205 3490 346 3563 ⁸πρὸς
386 3491 492 3562 τὴν
533 3490 622 3541 ἐπ’
650 3488 817 3559 αὐτὴν
853 3488 1095 3560 ὀλέθριον
1141 3489 1352 3559 ὕφεσιν,
1377 3491 1498 3544 οὐδὲ
1534 3489 1628 3543 τοῦ
1655 3488 1801 3561 ἱεροῦ

205 3580 307 3650 τῆς
355 3579 617 3648 ἀληθείας
666 3578 866 3650 ἔρωτος
915 3579 970 3630 ἐν
1021 3579 1313 3651 καταλήξει
1355 3581 1485 3634 ποτέ
1528 3579 1800 3649 γενέσθαι,

207 3671 499 3746 προσεχιῖκ
533 3673 592 3726 δέ
631 3673 723 3726 καὶ
755 3672 987 3735 αίωνίως
1017 3673 1102 3724 ἐπ’
1133 3673 1322 3744 αὐτὴν,
1353 3674 1450 3745 ὅση
1479 3673 1706 3744 δύναμις
1731 3673 1797 3739 η,

208 3767 611 3830 ἀνατείνεσθαι,
635 3769 734 3840 τὴν
753 3769 858 3820 ἐπὶ
899 3767 966 3821 τὰ
997 3768 1308 3840 τελειότερα
1332 3767 1379 3798 ⁸⁵
1412 3767 1513 3838 τῆς
1544 3766 1804 3839 θεαρχίας

207 3861 502 3933 ἀναγωγὴν
531 3860 689 3932 ἱερῶς
717 3860 802 3913 ἀεὶ
823 3859 1428 3932 διαπραγματευόμενον

1905 1952 2165 1992 manuum
2199 1933 2494 2002 rejectione
2526 1930 2878 1985 tenebricosae
2904 1927 3121 1982 malitiae
3146 1929 3486 1982 communio--

1903 2046 2026 2085 nent
2056 2013 2587 2092 abnuentemzatque
2609 2033 2863 2092 agnatum
2893 2020 2994 2076 sibi
3025 2017 3496 2074 dissimilitudinis.

1902 2136 2103 2182 statum
2140 2121 2544 2194 quodammodo
2603 2119 2914 2183 eﬂlantent,
2971 2116 3268 2185 totalesque
3313 2115 3484 2184 proﬁ-

1903 2229 2105 2274 tentem
2176 2213 2533 2271 deil'ormitati
2599 2209 3008 2266 adversantium
3057 2205 3488 2262 abrenuntiatio-

1903 2325 2021 2365 nes.
2058 2309 2149 2365 Sic
2173 2309 2395 2364 omnino
2421 2307 2595 2377 ipsum
2627 2301 2971 2371 affectusjam
2996 2309 3274 2371 expertem
3299 2314 3490 2353 exsor-

1904 2413 2124 2471 temque
2156 2400 2391 2455 traducit
2422 2400 2490 2454 ad
2535 2398 2825 2461 orientem,
2867 2394 3064 2448 divinae
3107 2391 3243 2446 lucis
3283 2399 3484 2446 statum

1903 2495 1981 2550 illi
2007 2501 2418 2564 aspectumque,
2446 2493 2762 2547 omnimoda
2813 2487 3035 2542 malitiae
3068 2485 3212 2556 fuga,
3242 2484 3358 2539 fore
3387 2497 3495 2552 pu-

1897 2601 2026 2643 vrum
2063 2586 2433 2649 aur.untians;
2466 2587 2752 2654 ipsumque
2783 2581 3170 2642 sacrosanctis,
3211 2593 3334 2632 cum
3379 2589 3489 2631 uno

1906 2677 2514 2748 totaliconspiratione,
2550 2675 2985 2746 professionibus
3029 2672 3358 2726 uniformem
3403 2668 3491 2724 ef-

1904 2771 2128 2834 fectum,
2157 2785 2286 2826 vere
2313 2778 2561 2824 amanter
2586 2767 2907 2838 suscipiens.
2938 2764 3162 2830 Verum,
3187 2777 3246 2817 ut
3268 2763 3484 2832 opinor,

1904 2880 2190 2922 sacrorum
2230 2863 2422 2934 peritis
2451 2861 2840 2931 principiorum
2889 2867 3233 2927 perspectum
3261 2862 3366 2922 est,
3395 2868 3492 2908 as-

1906 2935 2080 3010 siduis
2131 2954 2199 3009 ad
2252 2968 2417 3006 unum
2465 2949 2798 3006 connitendo
2849 2947 3291 3016 aspirationibus,
3323 2954 3488 3013 atque

1906 3041 2167 3099 totalibus
2209 3041 2614 3097 contrariorum
2665 3036 3176 3094 mortificationibus
3218 3045 3272 3090 et
3315 3035 3487 3090 aboli-

1909 3137 2170 3202 tionibus,
2198 3151 2282 3192 res
2309 3134 2583 3204 spiritales
2603 3143 2778 3190 status
2812 3132 3093 3188 deiformis
3126 3130 3481 3186 immutabili-

1907 3234 2019 3282 tate
2055 3227 2237 3297 potiri.
2262 3225 2379 3281 Non
2404 3229 2553 3282 enim
2589 3227 2657 3280 ab
2685 3224 2832 3278 omni
2863 3228 3128 3279 duntaxat
3163 3221 3370 3276 malitia
3401 3229 3486 3274 est

1906 3322 2290 3382 recedendum,
2337 3319 2432 3373 sed
2478 3319 2858 3373 obdurandum
2901 3315 3153 3380 viriliter,
3182 3322 3238 3368 et
3281 3313 3485 3382 imper-

1905 3414 2096 3469 territe
2121 3427 2337 3481 semper
2365 3411 2740 3466 obsistendum
2791 3410 2892 3480 ipsi
2937 3411 3114 3464 noxia:
3143 3407 3482 3472 remissioni;

1905 3519 2005 3558 nec
2037 3519 2066 3556 a
2096 3519 2252 3558 sacro
2281 3512 2366 3558 est
2395 3518 2631 3572 unquam
2659 3516 2845 3556 amore
2872 3501 3216 3563 cessandum,
3241 3499 3333 3554 sed
3355 3512 3488 3552 con-

1907 3595 2144 3648 tinenter
2171 3609 2235 3648 ac
2274 3603 2534 3664 perpetuo
2574 3609 2673 3664 pro
2716 3593 2925 3648 viribus
2975 3591 3052 3647 illi
3105 3590 3482 3652 insistendum,

1913 3688 1980 3740 ad
2016 3687 2398 3754 perfectiorem
2444 3687 2613 3741 divini
2661 3687 2998 3757 principatus
3048 3684 3486 3742 sublimationetn

1909 3788 2096 3834 sancte
2124 3793 2336 3848 semper
2369 3777 2585 3850 negotia
2615 3792 2711 3833 sua
2739 3777 3012 3850 dirigenti.

1777 4045 1943 4122 ἔνι.

292 4258 460 4330 Ὁρᾷς
479 4256 536 4309 δὲ
560 4255 657 4322 τὰς
679 4256 882 4310 τούτων
907 4257 1153 4330 ἀκριϐεῖς
1181 4259 1395 4322 εἰκόνας
1417 4259 1472 4310 ἐν
1497 4261 1610 4320 τοῖς
1631 4257 1808 4329 ἱεραρ-

211 4369 380 4423 χικως
403 4350 750 4420 τελουμένοις
773 4368 786 4381 ο
831 4353 859 4404 ὁ
911 4351 1010 4422 μὲν
1051 4350 1160 4423 γάρ
1198 4349 1434 4422 θεοειδὴς
1461 4350 1505 4382 ⁸⁸
1544 4351 1804 4422 ίεράρχης

209 4445 522 4516 ἀπάρχεται
546 4443 647 4512 τῆς
677 4445 826 4514 ἱερᾶς
848 4443 1098 4513 ἀλοιφῆς,
1124 4445 1172 4496 οἱ
1198 4443 1254 4497 δὲ
1282 4444 1447 4514 ἱερεῖς
1473 4444 1565 4496 ὑπ’
1591 4442 1739 4514 αὐτῷ
1759 4443 1804 4474 ’⁸⁸

1983 4253 2186 4310 Horum
2217 4263 2394 4310 autem
2421 4264 2641 4311 exactas
2665 4255 2844 4309 cernis
2869 4253 2922 4308 in
2956 4253 3022 4309 iis
3056 4267 3176 4322 quae
3207 4254 3488 4323 pontiﬁca-

1913 4347 2036 4404 liter
2060 4350 2513 4404 administrantur
2545 4348 2810 4418 imagines
2849 4370 2862 4403 ;
2903 4347 3017 4416 ipse
3065 4346 3329 4416 siquidem
3383 4362 3482 4401 au-

1914 4443 2070 4498 tistes
2131 4441 2412 4496 deiformis
2464 4455 2677 4496 sacram
2750 4441 3062 4507 auspicatur
3129 4437 3485 4504 unctionem,

209 4537 424 4591 τελοῦσι
450 4539 550 4608 τὴν
579 4538 678 4608 τῆς
707 4537 939 4608 χρίσεως
967 4537 1298 4608 ἱερουργίαν,
1327 4538 1420 4590 ἐπὶ
1453 4539 1580 4601 τοὺς
1626 4539 1803 4608 ἱεροὺς

1911 4549 2074 4604 quam
2123 4534 2303 4589 (atteri
2365 4532 2561 4588 exinde
2609 4535 2928 4588 sacerdotes
2979 4541 3380 4597 consummant,
3417 4532 3486 4587 ad

208 4635 267 4685 ἐν
323 4630 486 4700 τύπῳ
550 4631 640 4682 τὸν
712 4629 1032 4699 τελούμενον
1105 4631 1320 4698 ἀγῶνας
1369 4630 1798 4701 ἐκκαλούμενοι,

211 4723 430 4787 καθόὒς
471 4721 562 4774 ὑπ’
600 4720 860 4792 ἀθλοθέτῃ
902 4721 1122 4792 Χριστῷ
1159 4722 1462 4793 γινόμενος,
1503 4722 1690 4795 ἐπειδὴ
1729 4724 1805 4788 ὼς

197 4805 340 4880 ’Θεός
371 4819 490 4869 ἐστι
530 4816 630 4886 τῆς
677 4817 994 4882 ἀθλοθεσίας
1041 4816 1392 4887 δημιουργὸς,
1431 4815 1507 4879 ὡς
1545 4817 1707 4884 σοφὸς
1748 4816 1805 4868 δὲ

206 4910 333 4971 τοὺς
359 4908 564 4978 νόμους
598 4909 767 4978 αὐτῆς
798 4909 1062 4970 τέθεικεν,
1103 4909 1398 4979 εἰργάσατο
1436 4907 1493 4959 δὲ
1533 4907 1809 4972 (ὓς-καλὸς

210 5001 465 5072 εὐπρεπῆ
494 5000 536 5031 ’⁵⁷
561 5004 674 5064 τοῖς
700 5001 891 5054 νικῶσι
914 5001 983 5055 τὰ
1006 5001 1236 5055 ἔπαθλα.
1265 5002 1377 5054 Καὶ
1412 5001 1474 5054 τὸ
1504 5001 1585 5055 ἔτι
1610 5001 1810 5054 θειότεεν

213 5110 325 5164 ρον,
368 5093 604 5162 ἐπείπερ
643 5092 718 5156 ὡς
752 5093 955 5162 ἀγαθὸς
997 5096 1056 5146 ἐν
1101 5097 1214 5157 τοῖς
1255 5092 1518 5164 ἀθληταῖς
1565 5093 1808 5161 ἐγεγόνει

214 5188 333 5255 μετ’
357 5185 542 5240 αὐτῶν
572 5186 750 5258 ἱερῶς,
777 5187 919 5258 ὑπὲρ
939 5187 1038 5258 τῆς
1067 5186 1247 5240 αὐτῶν
1271 5185 1586 5258 ἐλευθερίας
1611 5187 1705 5239 καὶ
1730 5186 1807 5240 νί-

1909 4641 2069 4683 sacra
2110 4643 2205 4699 per
2240 4628 2468 4700 tiguram
2517 4627 2657 4680 hanc
2703 4626 3005 4680 certamina
3034 4627 3307 4682 initiatum
3335 4626 3486 4681 exci-

1911 4730 2088 4776 tantes
2115 4721 2213 4776 sub
2236 4721 2453 4777 Christo
2478 4721 2790 4777 munerario
2813 4721 3194 4788 constitutum,
3222 4720 3314 4789 qui
3339 4718 3488 4774 vitle—

1909 4813 2038 4868 licet
2064 4823 2122 4867 ut
2153 4815 2295 4868 Deus
2325 4815 2684 4869 certaminum
2731 4815 3028 4880 exhibitor,
3059 4821 3117 4867 ut
3158 4813 3375 4882 sapiens
3404 4810 3483 4865 le-

1909 4922 2034 4975 gum
2094 4917 2414 4977 prmecptor,
2469 4908 2816 4977 praemiorum
2888 4907 3122 4976 denique
3187 4905 3486 4960 victoribus

1907 5000 2348 5054 convenientium
2400 5009 2459 5053 ut
2504 5000 2733 5070 pulcher
2773 5010 3085 5054 munerator
3136 4997 3376 5053 exsistit.
3423 4995 3487 5049 Et

1907 5089 2051 5160 quod
2081 5091 2168 5147 his
2214 5091 2449 5146 divinius
2491 5101 2596 5159 est,
2646 5108 2770 5146 cum
2823 5093 2877 5144 in
2908 5091 3156 5159 ipsismet
3212 5088 3486 5159 pugilibus

1909 5195 1970 5240 ut
1996 5187 2171 5242 bonus
2196 5186 2489 5252 exstiterit,
2513 5185 2986 5242 sacramentaliter
3027 5200 3127 5256 pro
3172 5183 3388 5240 illorum
3420 5182 3484 5236 li-

1546 5383 1786 5442 VARIIE
1832 5383 2240 5444 LECTIONES.

303 5572 351 5604 ⁸⁸
379 5569 764 5644 ἐραστὴν-τῆς
789 5571 1043 5644 ἀληθείας
1067 5573 1261 5644 ἀληθῆ,
1291 5572 1347 5627 S.
1381 5573 1442 5628 P.
1469 5574 1528 5628 Β.

213 5643 255 5706 Ρ
289 5641 583 5706 ἀποτάσει,
611 5641 678 5694 Μ.
714 5641 804 5697 Sc.

208 5705 241 5771 ἡ
265 5713 503 5783 δύναμις
522 5753 538 5783 ,
569 5705 636 5766 Μ.
665 5713 757 5767 Sc.

213 5783 259 5813 “
283 5783 373 5838 ἐπ’
397 5781 570 5853 αὐτῷ,
597 5783 658 5838 Ρ.
687 5785 808 5840 Sar.
920 5785 962 5817 ⁸⁷
993 5781 1293 5857 εὐπρεπής,
1325 5784 1395 5839 Μ.
1426 5785 1517 5840 Sc.

1628 5574 1673 5606 ³⁸
1705 5577 2012 5645 μετασχεῖν,
2042 5572 2099 5627 Ρ.
2178 5573 2219 5604 ³⁷
2249 5572 2430 5639 οίοθεί,
2471 5573 2535 5645 ι).
2590 5574 2690 5645 Ch.

919 5643 963 5674 ‘°
984 5643 1178 5715 πρόσω
1205 5643 1450 5714 μετάγει,
1475 5645 1543 5698 Μ.
1580 5644 1670 5715 Sc.
1707 5643 1782 5697 ‘in
1830 5643 2202 5713 conspectum.

854 5713 900 5746 “
919 5713 1224 5785 τελεώτερα
1245 5754 1260 5778 ,
1298 5715 1370 5785 Ι).
1402 5715 1528 5780 CIL;
1557 5714 1860 5768 τελεώτατα
1881 5755 1894 5781 ,
1924 5716 1992 5770 Μ.
2023 5715 2112 5772 Sc.

2770 5573 2814 5605 ³⁸
2838 5573 3151 5629 ἀποδύσασα
3170 5613 3184 5639 ,
3237 5572 3297 5628 S.
3330 5572 3385 5626 P.
3416 5574 3476 5630 Β.

2318 5647 2360 5716 ’Ὗ
2390 5644 2599 5716 πρδςτδ
2623 5643 2704 5706 ἓν,
2728 5641 2785 5697 S.
2808 5645 2882 5716 ti).
2911 5644 3011 5698 Ch.
3045 5714 3052 5716 ξ
3084 5644 3128 5675 ιι
3151 5647 3271 5716 καις
3303 5715 3307 5716 ί
3341 5645 3383 5675 δε
3403 5645 3481 5710 ὡς

2229 5714 2272 5748 ⁸⁵
2299 5714 2405 5785 γάρ
2432 5714 2538 5772 non
2571 5716 2776 5771 habent
2802 5715 2870 5769 M.
2904 5717 3003 5772 Cb’.
3032 5714 3371 5786 ἀγαθοειδής,
3408 5719 3476 5768 Μ·
