3874 6228
361 280 467 338 405
1529 285 1591 342 S.
1642 284 1942 342 DIONYSII
1966 334 1968 339 .

2073 284 2435 343 EOPAGITE
3525 279 3633 336 ιιι

363 398 576 452 bertate
601 405 765 468 atque
790 399 1041 465 victoria,
1077 399 1270 457 mortis
1327 414 1394 456 ac
1440 402 1807 474 corruptionis
1850 401 1952 456 im-

2073 422 2160 477 ιης
2187 404 2322 477 πρὸς
2346 404 2408 457 τὸ
2428 401 2525 457 τοῦ
2547 402 2777 458 θανάτου
2803 401 2898 457 καὶ
2923 402 3023 473 τῆς
3069 400 3273 472 φθορᾶς
3300 397 3639 470 ἀγωνιζόμε-

364 492 578 561 perium
611 491 951 561 debellando,
983 493 1040 549 in
1088 494 1387 550 certamina
1416 495 1636 567 quidem
1680 495 1946 567 gaudens,

2073 513 2143 559 νος
2168 497 2387 567 κράτος,
2422 496 2535 558 τοῖς
2573 494 2671 565 μὲν
2707 493 2915 563 ἀγῶσιν
2952 492 3027 557 ὼς
3054 491 3217 555 θείοις
3241 491 3284 522 ⁸³
3317 492 3347 543 ό
3378 490 3611 561 τελούμε

364 592 555 653 utpote
584 584 741 654 173
768 585 975 652 divina,
1006 586 1255 643 initiatus
1288 590 1580 655 ascendet,
1612 588 1819 658 legibus
1854 602 1953 641 au-

2073 606 2143 653 νος
2171 589 2489 660 ὲπιὸήσεται
2516 587 2741 659 χαίρων,
2774 586 3001 657 ἐμμένει
3039 585 3096 638 δὲ
3123 585 3166 617 ⁸⁸
3192 587 3311 648 ταῖς
3334 583 3428 636 τοῦ
3470 599 3641 652 σοφου

366 687 474 730 tem
552 676 815 746 sapientis
865 677 1123 747 insistet,
1195 677 1464 750 juxtaque
1520 678 1639 736 illas
1696 678 1952 735 inviolate

2073 682 2413 753 ρομοθεσίαις,
2432 681 2525 736 καί¹
2563 681 2683 736 κατ’
2709 679 2877 744 αὐτὰς
2907 680 2954 711 ⁸⁸
2982 677 3349 749 ἀπαρασάτως
3384 678 3637 745 ἀγωνιεῖ-

366 768 631 833 certabit,
687 769 977 827 illustrium
1029 772 1379 842 praemiorum
1415 782 1564 827 certa
1608 786 1705 843 spe
1760 772 1950 839 fultus,

2073 794 2163 841 :at,
2214 777 2350 848 πρὸς
2384 776 2482 847 τὴν
2524 774 2633 828 τῶν
2672 773 2852 827 καλῶν
2894 771 3141 826 ἐπάθλων
3179 771 3369 824 ἐλπίδα
3405 769 3641 841 βεϐαίως

373 857 475 912 sub
506 858 648 914 bono
695 861 1057 916 certaminum
1104 861 1412 919 exhibitore
1446 860 1675 919 Domino
1724 877 1789 918 ac
1852 862 1954 918 du-

2073 863 2213 934 Ξχων,
2240 864 2332 916 ὑπ’
2354 862 2545 934 ἀγαθῷ
2578 864 2677 933 τῆς
2711 861 3030 924 ἀθλοθεσίας
3054 860 3243 931 Κυρίῳ
3281 861 3375 913 καὶ
3410 860 3644 931 ἡγεμόνι

366 961 520 1007 ctore
575 954 951 1013 constitutus:
1003 955 1311 1027 divinisque
1372 957 1678 1013 insistendo
1710 957 1953 1027 vestigiis

2073 956 2379 1027 ταττόμενος
2406 973 2419 987 ·
2442 954 2636 1017 ἐπιϐὰς
2660 953 2715 1006 δὲ
2740 955 2853 1015 τοῖς
2877 951 3042 1016 θείοις
3070 952 3241 1022 ἴχνεσι
3274 952 3368 1005 τοῦ
3392 951 3645 1021 ἀθλητῶν

365 1044 537 1115 ipsius
568 1046 827 1118 pugillum
876 1049 1127 1119 primatis
1168 1064 1268 1121 per
1314 1051 1665 1121 probitatem,
1718 1050 1785 1105 ad
1828 1050 1954 1105 imi-

2073 1047 2273 1118 πρώτου
2307 1047 2375 1101 δι’
2401 1045 2731 1118 ἀγαθότητα,
2756 1046 2875 1107 ταῖς
2890 1043 3242 1115 θεομιμήτοις
3266 1044 3526 1116 ἀθλήσεσι
3544 1044 3646 1108 τὰς

368 1137 629 1193 tationem
694 1139 787 1194 Dei
855 1142 1249 1198 certaminibus
1301 1142 1635 1197 deiﬁcationi
1679 1156 1792 1196 sua:
1854 1140 1955 1196 ad-

2073 1138 2195 1209 τρὸς
2222 1137 2417 1191 θέωσιν
2451 1137 2697 1201 ἐναντίας
2734 1136 2885 1207 αὺτῷ
2926 1136 3339 1200 καταπαλαίσας
3363 1136 3647 1207 ἐνεργείας

368 1240 651 1290 versantes
718 1234 946 1303 Spiritus
1004 1242 1168 1304 atque
1242 1236 1621 1307 suggestiones
1697 1233 1955 1305 supplan-

2073 1248 2114 1286 τε
2147 1232 2242 1286 καὶ
2291 1230 2573 1303 ὑπάρξεις,
2615 1229 3043 1301 συναποθνήσκει
3071 1229 3310 1302 Χριστῷ,
3364 1228 3649 1299 μυστικῶς

372 1326 572 1391 tando,
617 1326 1009 1381 commorietur
1056 1324 1274 1383 Christo
1321 1328 1399 1399 (id
1452 1328 1557 1397 est)
1603 1328 1829 1400 mystice
1871 1326 1953 1383 lo-

2073 1328 2240 1381 εἰπεϊν
2265 1328 2332 1398 τῇ
2356 1323 2601 1398 ἁμαρτίᾳ
2623 1323 2766 1378 κατὰ
2786 1323 2848 1378 τὸ
2881 1322 3184 1395 βάπτισμα.

370 1416 607 1483 quendo,
641 1428 891 1488 peccato,
923 1433 1021 1488 per
1045 1419 1399 1489 baptismum.

1925 1538 1954 1613 ς
1988 1536 2119 1598 VII.

444 1721 665 1778 Attento
704 1721 795 1777 hic
838 1721 1024 1776 animo
1065 1721 1375 1792 perpende,
1405 1729 1745 1777 sacramenta
1778 1734 1944 1791 quam

2122 1719 2233 1774 Καί
2261 1736 2352 1791 μοι
2380 1715 2617 1781 συνετῶς
2640 1714 2832 1779 ἐννόει,
2871 1713 2943 1767 τὰ
2984 1712 3109 1785 ἰερά
3136 1711 3251 1785 μεθ’
3279 1713 3410 1784 ὅσης
3442 1709 3653 1765 οἰκειό-

372 1813 617 1883 propriis
660 1811 902 1868 involuta
942 1812 1053 1869 sint
1080 1812 1274 1883 signis.
1308 1812 1525 1868 Etenim
1557 1828 1682 1868 cum
1712 1812 1766 1867 in
1798 1811 1956 1866 nobis

2073 1826 2219 1881 τητος
2248 1808 2358 1879 ἔχει
2385 1808 2455 1860 τὰ
2480 1806 2542 1860 σύ
2552 1805 2744 1878 μ6ολα.
2770 1804 2881 1858 Καὶ
2898 1805 3008 1876 γάρ
3033 1803 3219 1874 ἐπειδὴ
3242 1802 3473 1868 θάνατός
3496 1804 3657 1856 ἐστιν

373 1921 525 1960 mors
582 1920 689 1960 non
740 1904 848 1972 sit,
899 1913 963 1958 ut
1008 1904 1336 1973 quibusdam
1380 1903 1590 1975 placet,
1632 1903 1959 1960 snbstantim

2073 1900 2145 1969 ἐφ’
2177 1898 2336 1971 ἡμῶν
2361 1898 2421 1951 οὐ
2448 1896 2546 1967 τῆς
2590 1895 2778 1959 οὐσίας
2816 1894 3125 1965 ἀνυπαρξία
3141 1894 3182 1925 ⁵¹
3211 1893 3354 1947 κατά
3391 1893 3454 1947 τὸ
3490 1893 3658 1959 δόξαν

375 1993 601 2047 abolitio
623 2030 642 2060 ,
684 1994 779 2047 sed
819 1990 1240 2060 coniunctarum
1269 1994 1506 2063 partium
1540 1995 1846 2064 separatio,
1888 1992 1958 2047 ad

375 2087 429 2140 id
461 2086 605 2155 quod
647 2100 745 2140 nos
775 2085 911 2141 latet
938 2086 1240 2153 abducens,
1267 2086 1504 2141 animam
1529 2085 1956 2156 quidem,quasi

375 2194 608 2249 corpore
641 2188 905 2250 perpetuo
942 2181 1268 2250 privandam
1292 2225 1305 2247 ,
1349 2195 1549 2249 corpus
1587 2194 1751 2247 vero,
1809 2178 1961 2233 velut

376 2271 545 2326 humo
579 2272 820 2326 abditum
844 2315 859 2340 ,
892 2271 1001 2327 alia
1029 2273 1286 2343 quapiam
1315 2264 1639 2329 alteratione
1663 2285 1956 2341 corporea,

379 2378 447 2417 ex
485 2364 725 2418 humana
758 2364 941 2434 specie
971 2366 1445 2420 exterminandum
1478 2382 1493 2433 ;
1529 2380 1634 2420 non
1665 2362 1961 2434 improprie

377 2452 564 2507 totalis
604 2453 707 2507 ista
749 2468 905 2523 aquae
944 2455 1225 2525 coopertio
1261 2456 1314 2510 in
1356 2456 1549 2511 mortis
1586 2464 1749 2525 atque
1789 2453 1963 2508 infor-

379 2545 488 2599 mis
521 2547 811 2614 sepulturae
843 2546 1074 2617 ﬁguram
1107 2546 1433 2618 accipiatur.
1470 2546 1961 2603 Sacramenlaliter

380 2635 570 2706 itaque
627 2637 964 2708 baptizatum
1018 2636 1319 2709 symbolica
1379 2636 1671 2707 disciplina
1732 2635 1963 2709 mystice

383 2731 545 2784 docet
575 2730 752 2785 tribus
783 2729 889 2785 illis
919 2730 973 2784 in
1007 2744 1202 2800 aquam
1237 2730 1680 2786 immersionibus
1705 2738 1762 2785 et
1784 2742 1963 2784 emer-

382 2821 632 2877 sionibus
666 2822 907 2877 divinam
941 2822 1105 2877 trium
1141 2822 1356 2877 dierum
1391 2836 1457 2877 ac
1496 2820 1740 2877 noctium
1778 2818 1963 2889 sepul-

384 2923 524 2970 turae
553 2913 681 2969 Jesu
714 2914 837 2968 vita:
868 2915 1115 2971 auctoris
1148 2922 1381 2969 mortem
1418 2914 1662 2979 imitari,
1695 2922 1964 2982 quatenus

2057 1993 2269 2064 ἐτέροις
2291 2032 2305 2057 ,
2352 1990 2467 2046 ἀλλ’
2510 1992 2545 2062 ή
2582 1989 2694 2043 τῶν
2721 1987 3015 2059 ήνωμένων
3035 1988 3080 2019 ⁸²
3118 1987 3425 2058 διάκρισις,
3475 1990 3557 2051 εἰς
3590 1989 3659 2043 τὸ

2055 2087 2190 2159 ἡμῖν
2218 2084 2422 2154 ἀφανὲς
2459 2082 2666 2151 ἄγουσα
2697 2082 2799 2152 τὴν
2825 2080 3004 2151 ψυχὴν
3033 2079 3150 2150 μὲν,
3177 2079 3253 2142 ὡς
3285 2081 3343 2132 ἐν
3391 2081 3657 2153 στερήσει

2060 2176 2312 2250 σώματος
2339 2176 2491 2247 ἀειδῆ
2518 2175 2865 2246 γιγνομένην,
2888 2173 2949 2226 τὸ
2974 2172 3133 2243 σῶμα
3170 2172 3245 2237 δὲ,
3272 2172 3348 2236 ὡς
3374 2173 3433 2227 ἐν
3455 2175 3527 2244 γῇ
3552 2190 3660 2226 κα-

2059 2270 2417 2340 λυπτόμενον,
2461 2267 2583 2321 καθ’
2610 2268 2800 2338 ἑτέραν
2835 2264 2959 2319 τινὰ
2995 2264 3103 2318 τῶν
3146 2264 3528 2335 σωματοειδῶν
3553 2266 3659 2319 ἁλ-

2059 2360 2331 2416 λοιώσεων
2347 2362 2413 2425 ⁸³,
2440 2361 2503 2413 ἐκ
2524 2360 2624 2430 τῆς
2660 2358 2781 2413 κατ’
2812 2356 3098 2430 ἄνθρωπον
3130 2356 3272 2421 ἰδέας
3311 2355 3662 2428 ἀφανιζόμε-

2061 2471 2183 2509 νον·
2210 2454 2425 2516 οἰκείως
2451 2455 2484 2523 ὴ
2509 2452 2575 2506 δι’
2605 2452 2795 2514 ὓδατος
2832 2453 2988 2524 όλικὴ
3022 2450 3256 2522 κάλυψις
3296 2452 3378 2515 εἰς
3416 2451 3521 2521 τὴν
3558 2450 3661 2505 τοῦ

2063 2546 2292 2601 θανάτου
2332 2546 2425 2599 καὶ
2445 2544 2540 2597 τοῦ
2576 2544 2674 2615 τῆς
2690 2546 2736 2576 ⁸⁵
2759 2545 2937 2615 ταφῆς
2978 2542 3191 2607 ἀειδοῦς
3234 2542 3420 2596 εἰκόνα
3460 2542 3666 2613 παρεί-

2061 2638 2288 2711 ληπται.
2315 2638 2417 2693 Τὸν
2439 2633 2533 2691 οὖν
2559 2636 2721 2709 ίερῶς
2749 2635 3143 2708 βαπτιζόμενον
3166 2636 3201 2707 ἡ
3246 2634 3556 2707 ωμόολικὴ
3581 2634 3666 2688 δι-

2060 2731 2328 2785 δασκαλία
2354 2733 2707 2804 μυσταγωγεῖ
2745 2731 2864 2794 ταῖς
2903 2729 2962 2782 ἐν
2983 2726 3066 2799 τῷ
3103 2727 3255 2781 ὕδατι
3296 2727 3445 2798 τρισὶ
3487 2743 3666 2779 κατα-

2062 2821 2247 2875 δύσεσι
2268 2821 2315 2853 ⁵⁸
2362 2822 2453 2874 τὸν
2491 2820 2779 2892 θεαρχικὸν
2820 2816 2921 2888 τῆς
2962 2814 3427 2888 τριημερονύκτου
3476 2815 3665 2885 ταφῆς

2076 2912 2253 2985 Ἰησοῦ
2297 2912 2393 2967 τοῦ
2430 2912 2693 2978 ζωοδότου
2738 2910 3023 2983 μιμεῖσθαι
3054 2909 3301 2975 θάνατον,
3329 2908 3406 2973 ὡς
3435 2908 3667 2978 ἐφικτὸν

383 3008 700 3063 hominibus
730 3006 1055 3062 conceditur
1081 3006 1202 3076 ejus
1236 3006 1471 3061 imitatio
1492 3045 1507 3072 ,
1541 3006 1594 3059 in
1629 3020 1738 3075 quo
1760 3047 1777 3073 ,
1803 3005 1959 3076 juxta

2073 3006 2293 3077 ἀνδράσι
2318 3005 2379 3058 τὸ
2403 3004 2737 3076 θεομίμητον
2756 3043 2771 3068 ,
2800 3003 2859 3056 ἐν
2885 2995 2949 3069 ᾧ,
2981 3000 3125 3054 κατὰ
3150 3002 3248 3071 τὴν
3270 2998 3365 3053 τοῦ
3407 3000 3594 3069 λογίου
3616 3000 3666 3032 ⁸⁵

385 3100 673 3169 mysuicam
702 3108 758 3154 et
783 3113 1042 3155 arcanam
1071 3097 1367 3169 Scriptura;
1397 3097 1750 3153 traditionem
1769 3141 1784 3165 ,
1808 3096 1963 3167 prin-

2073 3096 2428 3171 μυστηριώδη
2453 3098 2549 3151 καὶ
2574 3096 2811 3170 κρυφίαν
2836 3094 3156 3167 παράδοσιν,
3179 3093 3331 3147 οὐδὲν
3357 3093 3599 3165 εὕρηκεν
3616 3092 3665 3125 ⁸⁷

385 3205 515 3262 ccps
557 3190 720 3261 hujus
759 3190 947 3246 mundi
979 3205 1091 3247 non
1124 3189 1334 3246 invenit
1356 3188 1678 3259 quidquam.

2068 3194 2099 3247 ό
2119 3190 2215 3246 τοῦ
2241 3191 2448 3263 κόσμου
2473 3189 2681 3263 ἄρχων.

1906 3346 1936 3421 §
1970 3344 2142 3409 VIII.

458 3484 720 3545 Candidis
753 3489 954 3546 deinde
986 3490 1336 3547 vestimentis
1374 3489 1605 3547 induunt
1642 3487 1919 3545 initiatum
1948 3505 1966 3545 :

390 3579 532 3633 virili
564 3580 708 3635 enim
741 3596 808 3637 ac
838 3581 1093 3639 deiformi
1127 3598 1420 3654 pravorum
1451 3582 1747 3639 affectuum
1780 3582 1970 3639 vacui-

390 3678 542 3739 tate,
585 3687 683 3727 nec
714 3689 821 3728 non
856 3674 1071 3730 intenta
1114 3675 1169 3730 in
1209 3690 1380 3730 unum
1422 3675 1594 3730 animi
1637 3673 1969 3739 affectione,

393 3777 516 3816 cum
552 3763 605 3817 id
639 3766 783 3834 quod
814 3774 1013 3821 ornatu
1044 3766 1267 3821 carebat
1296 3775 1549 3833 ornatur,
1583 3777 1700 3821 tum
1740 3766 1795 3821 id
1824 3764 1971 3836 quod

392 3852 642 3908 deforme
675 3864 798 3911 erat
831 3857 1119 3926 pulchrum
1161 3858 1415 3927 eﬂieitur,
1457 3859 1585 3914 dum
1617 3857 1820 3913 illustri
1850 3872 1975 3919 om-

392 3946 526 4000 nino
562 3947 675 4002 vita
734 3948 1088 4018 splendescit.
1128 3951 1371 4020 Denique
1404 3952 1667 4022 unguenti
1705 3950 1796 4007 illa
1836 3964 1973 4005 con-

394 4057 680 4098 summans
711 4044 897 4100 unctio
929 4059 1053 4099 eum
1080 4048 1174 4117 qui
1205 4046 1453 4101 initiatur
1482 4046 1670 4101 odoris
1698 4044 1975 4101 suavitate

395 4133 720 4204 perfundit;
754 4150 911 4191 sacra
950 4136 1093 4192 enim
1135 4138 1332 4192 divinae
1373 4136 1746 4209 generationis
1782 4136 1972 4192 initia-

396 4225 474 4279 tio
501 4265 516 4291 ,
551 4240 613 4280 ea
644 4241 765 4296 quae
797 4226 1011 4281 initiata
1043 4236 1172 4283 sunt
1202 4227 1387 4284 divino
1415 4226 1644 4297 Spiritui
1671 4224 1975 4296 coniungit.

2148 3491 2307 3562 Ἑξῆς
2329 3491 2387 3545 δέ
2410 3490 2722 3562 φωτοειδεῖς
2746 3488 2983 3561 ἐσθῆτας
3007 3487 3356 3542 ἐπιϐάλλουσι
3379 3486 3461 3560 τῷ
3482 3488 3669 3542 τελου-

2071 3584 2216 3656 μένῳ
2236 3601 2248 3614 ·
2264 3587 2331 3655 τῇ
2352 3583 2463 3656 γάρ
2486 3583 2714 3654 ἀνδρικῇ
2734 3582 2830 3635 καὶ
2858 3581 3085 3635 θεοειδεί
3107 3580 3215 3633 τῶν
3243 3580 3507 3636 ἐναντίων
3521 3581 3689 3634 ἀπα-’

2069 3678 2313 3749 estquam!
2329 3680 2395 3749 τῇ
2413 3677 2545 3749 πρὸς
2559 3678 2621 3729 τὸ
2634 3676 2691 3730 ἓν
2706 3677 2765 3729 ἐν
2779 3676 3032 3746 συντονίᾳ
3042 3674 3671 3746 συννεύσει,τδάκοσμον

2072 3771 2382 3840 κοσμεῖται,
2406 3770 2501 3821 καὶ
2524 3768 2586 3821 τὺ
2612 3766 2853 3822 ἀνείδεον
2875 3767 3224 3819 εἱδοποιείται
3244 3806 3259 3831 ,
3287 3769 3354 3837 τῇ
3381 3766 3673 3835 φωτοειδεί

2077 3862 2304 3916 καθόλου
2330 3861 2441 3933 ζωῇ
2470 3860 2939 3933 λαμπρυνόμενον.
2958 3859 3023 3912 Ἠ
3044 3859 3101 3913 δὲ
3118 3858 3214 3911 τοῦ
3243 3857 3417 3930 μύρου
3443 3857 3674 3911 τελειω-

2075 3956 2202 4029 τικὴ
2228 3956 2405 4027 χρίσις
2431 3954 2603 4026 εὐώδη
2632 3955 2776 4007 ποιεῖ
2799 3953 2891 4007 τὸν
2911 3951 3295 4022 τετελεσμένον
3313 3968 3326 3980 ·
3350 3952 3382 4020 ή
3412 3950 3526 4021 γάρ
3544 3949 3675 4021 ἱερά

2076 4049 2178 4119 τῆς
2225 4047 2570 4116 θεογενεσίας
2627 4044 2909 4108 τελείωσις
2953 4044 3067 4097 ἑνοῖ
3109 4042 3181 4096 τὰ
3220 4041 3543 4095 τελεσθέντα
3589 4042 3673 4112 τῷ

2080 4136 2358 4209 θεαρχικῷ
2396 4135 2695 4207 Πνεύματι.
2740 4134 2852 4205 Τὴν
2891 4133 2948 4187 δὲ
2976 4132 3186 4205 νοητῶς
3224 4132 3534 4185 εὐοδοποιὸν
3575 4134 3675 4186 καὶ

2079 4230 2455 4302 τελεσιουργὸν
2496 4227 2838 4299 ἐπιφοίτησιν
2856 4266 2871 4292 ,
2898 4225 3275 4298 ἁρῤητοτάτην
3311 4220 3477 4278 οὖσαν
3497 4265 3513 4289 ,
3543 4225 3668 4278 ἐπι-

396 4317 570 4374 Porro
605 4319 859 4389 illapsum
900 4319 1051 4374 illum
1073 4362 1088 4388 ,
1123 4320 1215 4390 qui
1256 4319 1557 4391 spiritalem
1596 4319 1756 4374 istam
1788 4317 1968 4373 odoris

2084 4326 2287 4396 γνῶναι
2314 4323 2515 4395 νοερῶς
2539 4322 2778 4394 παρίημι
2803 4323 2921 4384 τοῖς
2942 4319 3268 4389 ἠξιωμένοις
3288 4319 3389 4389 τῆς
3414 4318 3560 4371 κατά
3577 4318 3677 4370 τὸν

397 4414 725 4468 suavitatem
757 4411 954 4479 aﬂ'ert,
989 4427 1110 4467 cum
1146 4412 1215 4466 sit
1244 4427 1468 4481 prorsus
1504 4408 1827 4474 ineﬁ‘abilis,
1859 4408 1976 4477 spi-

400 4503 631 4558 ritaliter
665 4502 913 4573 relinquo
952 4502 1389 4573 cognoscendum
1431 4502 1497 4557 iis
1535 4502 1627 4572 qui
1668 4499 1976 4557 secundum

400 4602 640 4649 mentem
685 4600 875 4649 sancta
916 4603 972 4648 et
1025 4594 1219 4648 deiﬁca
1265 4593 1431 4648 divini
1468 4592 1705 4663 Spiritus
1736 4605 1982 4649 commu-

402 4687 571 4741 nione
606 4687 753 4756 digni
783 4697 910 4742 sunt
938 4688 1133 4743 habiti.
1165 4687 1393 4743 Demum
1420 4688 1674 4760 omnibus
1704 4688 1942 4757 peractis
1962 4728 1979 4754 ,

402 4792 528 4832 eum
551 4779 643 4846 qui
676 4777 918 4832 initiatus
946 4786 1027 4832 est
1055 4778 1124 4833 ad
1150 4779 1551 4834 sanctissimam
1573 4776 1982 4833 Eucharistiam

403 4880 604 4936 vocat,
638 4879 693 4923 et
725 4868 1114 4940 mysteriorum
1144 4870 1466 4936 perﬁciendi
1504 4870 1617 4926 vim
1660 4870 1981 4927 habentium

407 4962 853 5020 communionem
884 4961 962 5018 illi
997 4963 1183 5019 tradit.

2086 4418 2212 4475 νοῦν
2244 4418 2338 4472 τοῦ
2367 4417 2512 4472 θείου
2537 4415 2678 4469 Πνεύ
2689 4432 2853 4488 ματος
2881 4415 3033 4485 ἱερᾶς
3069 4414 3163 4467 καὶ
3188 4409 3448 4483 θεουργοῦ
3476 4426 3678 4463 κοινω-

2088 4514 2227 4577 νίας.
2274 4513 2361 4565 Ἐν
2382 4510 2527 4564 τέλει
2568 4510 2627 4564 δὲ
2663 4509 2881 4564 πάντων
2905 4508 2934 4559 ό
2961 4506 3223 4577 ίεράρχης
3248 4506 3340 4557 ἐπὶ
3375 4503 3475 4575 τὴν
3512 4506 3677 4573 ἱερω-

2085 4607 2256 4678 τάτην
2304 4600 2669 4676 Εὐχαριστίαν
2724 4602 2883 4656 καλεί
2942 4600 3036 4654 τὸν
3090 4596 3507 4667 τετελεσμένον,
3576 4596 3677 4647 καὶ

2086 4695 2187 4766 τῆς
2243 4693 2353 4748 τῶν
2392 4690 2720 4747 τελεστικῶν
2782 4688 3100 4764 μυστηρίων
3142 4685 3292 4757 αὐτῴ
3343 4684 3673 4756 μεταδίδωσι

2086 4786 2389 4851 κοινωνίας.

1679 5118 1918 5177 νΑιιιιΕ
1956 5117 2361 5175 LECTIONES.

483 5288 530 5321 ⁸⁸
565 5285 708 5351 θεός,
736 5282 808 5357 M_.
842 5282 987 5357 Sc.__
1008 5278 1052 5311 ‘9
1076 5277 1138 5357 In
1164 5352 1175 5357 _
1197 5281 1382 5339 futuro
1430 5283 1766 5357 Eppeysi,_5.
1793 5280 1987 5357 P._Ilh.
2022 5281 2082 5334 D.
2108 5280 2168 5335 Β.
2195 5280 2320 5357 Sar.
2361 5351 2390 5357 _
2414 5277 2609 5357 σζμεθ
2632 5278 2826 5357 αὐτ-ἀς,
2993 5274 3125 5357 “3'?
3152 5274 3251 5357 ’ξῆς
3286 5271 3471 5357 οὒ-σίᾳς
3490 5270 3673 5357 ,αὐξῇς

411 5341 1009 5432 ἀ-ωυπαρξῐά,ι).ειν.
1074 5341 1792 5432 ⁵²ηῂνωμένωνκδὲριβει
1851 5341 3673 5432 ξθρνωρριιυηιῇηδηιξζι).Β.ξεί..επ.,ηᾳλλιρίώσινιρειιέειἐξ.

720 5410 820 5499 τῆς
843 5422 1042 5492 ταφῆς·
1120 5410 1624 5485 ⁸⁸’3ι1ίίιιιιῑϐὶιίῐλ
1662 5425 1723 5482 S.
1755 5424 1817 5480 P.
1850 5410 2004 5480 δεδι.
2039 5410 2175 5481 ’8δῆ
2204 5410 2631 5479 καῖ’ἀναδύσεσι.
2709 5421 2755 5453 ⁵⁸
2782 5419 2965 5488 λόγου,
2986 5410 3094 5474 Ch.
3125 5415 3251 5472 Sar.
3326 5414 3371 5446 ⁸⁷
3395 5410 3581 5484 εὗρεν,
3610 5410 3671 5466 Ρ.
