3874 6228
406 355 505 418 ιιι

1584 349 1643 407 8.
1681 348 1981 409 DIONYSH
2016 342 2483 403 AREOPAGITJE

3564 330 3673 392 412

407 481 623 540 quoque
644 464 698 521 in
723 463 907 520 divina
926 466 1348 537 regeneratione
1370 478 1471 521 usu
1497 466 1686 522 venit:
1719 465 1978 536 quocirca

2090 463 2183 517 καὶ
2210 463 2269 515 ἐν
2295 464 2363 533 τῇ
2394 460 2513 531 θείᾳ
2534 452 2892 528 ἀναγεννήσει
2923 448 3072 505 ἐστί·
3091 448 3112 523 )
3130 450 3219 507 διά
3249 449 3410 506 τοῦτο
3437 448 3672 527 πριῖιτῳς

406 562 640 631 primum
674 567 879 614 tractat
909 557 978 614 de
1005 558 1192 614 divino
1236 558 1592 630 baptismate.
1645 559 1863 616 Dictum
1903 569 1990 619 est

409 654 617 722 itaque,
653 665 880 721 scopum
928 658 1129 706 nostrae
1189 650 1522 707 bierarcbize
1551 664 1675 706 esse
1718 651 1788 706 ad
1823 650 1991 709 Deum

407 746 884 811 assimilationem;
906 744 1052 801 hanc
1078 752 1263 799 autem
1289 758 1394 799 non
1424 743 1588 799 aliter
1605 743 1734 799 licet
1760 745 1991 815 adipisci

405 854 568 909 quam
603 853 701 907 per
727 837 823 891 Dei
853 835 1237 901 dilectionem,
1267 835 1347 889 uti
1376 833 1560 890 divina
1590 844 1646 890 et
1671 836 1991 907 evangelica

405 932 629 1001 eloquia
674 930 918 984 tradunt.
951 928 1088 983 Cum
1129 928 1309 999 igitur
1349 927 1454 984 ista
1499 928 1726 984 dilectio
1776 937 1992 985 constet

403 1018 790 1076 observatione
822 1018 1136 1072 divinorum
1188 1017 1609 1081 mandatorum,
1640 1018 1841 1087 quaerit
1878 1019 1988 1074 sibi

407 1116 601 1167 ducem
654 1120 762 1165 tam
812 1110 987 1165 sancti
1022 1109 1238 1179 operis,
1284 1109 1492 1164 scilicet
1529 1109 1596 1163 ad
1634 1116 1878 1163 sanctam
1912 1107 1992 1163 di-

401 1204 654 1257 vinorum
706 1204 1088 1258 mandatorum
1120 1202 1559 1267 exsecutionem,
1588 1211 1754 1272 atque
1784 1202 1989 1272 reperit

401 1311 508 1350 non
542 1310 662 1351 esse
691 1296 892 1364 alium,
942 1307 1147 1367 praeter
1196 1294 1344 1350 illam
1389 1310 1457 1350 ex
1501 1311 1641 1363 aqua
1690 1303 1747 1350 et
1778 1294 1986 1365 Spiritu

399 1390 897 1459 regenerationem.
941 1389 1223 1460 Siquidem
1289 1389 1504 1447 divinus
1537 1390 1627 1445 ille
1656 1390 1981 1460 baptismus,

404 1482 472 1535 ad
532 1480 630 1537 Dei
671 1480 1113 1537 familiaritatem
1163 1481 1559 1552 caelestemque
1607 1481 1987 1536 hmreditatem

398 1572 733 1643 principium
773 1583 859 1630 cst
906 1582 960 1629 et
1011 1573 1370 1630 introductio.
1416 1572 1541 1629 Nisi
1566 1577 1740 1639 enim,
1786 1574 1980 1645 inquit,

395 1667 513 1735 quis
563 1675 780 1720 renatus
807 1666 969 1736 fuerit
1002 1683 1068 1721 ea:
1098 1684 1236 1741 aquq
1283 1676 1331 1721 et
1376 1666 1600 1734 Spiritu,
1644 1683 1750 1721 non
1790 1667 1983 1723 videbit

2093 551 2446 623 διαλαμϐάνει
2496 549 2626 619 περὶ
2670 544 2766 601 τοῦ
2811 544 2958 599 θείου
3004 543 3396 615 βαπτίσματος.
3439 540 3671 613 Εἴρηται

2092 642 2272 695 τοίνυν
2303 642 2384 695 ὃτι
2414 639 2615 700 σκοπὸς
2656 639 2759 711 τῆς
2826 635 2951 691 καθ’
2985 636 3136 707 ἡμᾶς
3187 633 3468 706 ίεραρχίας
3517 633 3672 699 ἐστὶν

2091 736 2128 807 ἡ
2154 733 2291 806 πρὸς
2318 733 2450 789 Θεὸν
2476 732 2839 805 ἀφομοίωσις·
2866 728 3069 801 ταύτης
3096 728 3154 782 δὲ
3200 729 3301 783 οὑκ
3325 728 3497 792 άλλως
3518 728 3671 782 ἐστιν

2092 829 2371 898 ἐπιτυχεῖν
2404 827 2454 880 εί
2484 826 2559 898 μὴ
2582 825 2672 879 διὰ
2698 823 2799 895 τῆς
2827 820 2967 895 πρὸς
3012 820 3147 875 Θεὸν
3170 821 3501 891 ἀγαπήσεως
3520 859 3535 881 ,
3565 837 3671 873 xa-

2092 916 2202 983 θὼς
2232 917 2326 973 καὶ
2362 909 2439 970 τά
2480 916 2599 970 θεῖα
2642 914 2738 969 καὶ
2783 910 3116 981 εὐαγγελικά
3155 910 3460 983 παριστῶσι
3488 909 3667 977 λόγια.

2103 1010 2255 1063 Ἐπεὶ
2290 1008 2471 1063 τοίνυν
2500 1008 2535 1079 ἡ
2564 1005 2785 1077 τοιαύτη
2822 1005 3102 1076 ἀγάπησις
3130 1004 3195 1056 ἐκ
3221 1000 3317 1055 τοῦ
3353 1002 3540 1071 τηρεῖν
3566 1000 3670 1064 τάς

2090 1099 2241 1166 θείας
2264 1099 2483 1164 ἐντολάς
2513 1099 2853 1162 συνίσταται,
2882 1096 3037 1166 ζητεῖ
3063 1094 3164 1166 τὴν
3190 1092 3430 1165 ἀρχηγὸν
3455 1094 3671 1163 ἱερουρ-

2087 1194 2241 1264 γίαν,
2287 1192 2529 1264 δηλονότι
2565 1189 2719 1263 ίεράν
2756 1189 3022 1261 ἐργασίαν
3066 1188 3175 1242 τῶν
3214 1186 3374 1239 θείων
3414 1184 3670 1246 ἐντολῶν,

2087 1285 2184 1339 καὶ
2213 1284 2460 1356 εὑρίσκει
2485 1282 2742 1354 οὐδεμίαν
2765 1281 2929 1352 ἀλλην
2955 1282 3004 1334 εί
3038 1280 3112 1353 μὴ
3140 1278 3237 1350 τὴν
3259 1278 3326 1331 δι’
3358 1276 3673 1340 ὖδατος,καὶ

2085 1376 2397 1448 πνεύματος
2437 1374 2812 1445 άναγέννησιν.
2856 1372 3023 1445 Ἀρχὴ
3062 1370 3171 1444 γάρ
3220 1371 3314 1425 καὶ
3358 1369 3671 1439 ὁδοποίησις

2084 1470 2184 1542 τῆς
2213 1469 2350 1541 πρὸς
2388 1467 2523 1523 Θεὸν
2570 1465 2899 1531 οίκειὼσεως
2932 1463 3148 1535 καὶτῆς
3176 1461 3502 1534 ἐπουρανίου
3530 1460 3668 1529 κλη-

2086 1564 2343 1636 ρονομίας
2366 1562 2428 1615 τὸ
2450 1562 2591 1614 θεῖον
2622 1559 2858 1631 ὑπάρχει
2892 1557 3197 1629 βάπτισμα.
3229 1555 3338 1607 Καὶ
3358 1552 3488 1623 γὰρ,
3526 1551 3672 1605 Ἐὰν

2076 1655 2162 1726 μή
2190 1673 2308 1721 τις,
2336 1654 2489 1725 φησὶ,
2518 1651 2782 1723 γεννηθῇ
2812 1650 2888 1705 δι’
2915 1649 3134 1715 ὕδατος
3164 1646 3261 1702 καὶ
3289 1646 3668 1714 πνεύματος,

394 1774 614 1828 regnum
664 1758 760 1812 Dei
789 1735 829 1813 ιν.
887 1757 1041 1814 Unde
1072 1735 1568 1813 homo'ettterior'1
1600 1758 1873 1814 formatur
1911 1758 1978 1815 ad

2082 1750 2156 1804 σὺ
2178 1747 2265 1820 μὴ
2297 1748 2412 1802 ῑδοι
2438 1748 2553 1817 τὴν
2578 1745 2909 1812 ,βασιλείαν
2934 1743 3043 1798 τσῦ
3065 1739 3399 1796 Θεοῦ.”οθεν
3430 1735 3672 1809 μορφοῦ-

395 1812 675 1908 meliorem
708 1866 773 1907 ac
799 1850 1097 1907 salutarem
1150 1850 1523 1907 habitudinem
1544 1892 1559 1917 ,
1593 1862 1649 1909 et
1685 1853 1752 1907 ad
1786 1852 1978 1909 verbo-

2082 1812 2225 1895 ταινό
2248 1812 2354 1905 ἐξω
2378 1839 2474 1895 ἀνθ
2484 1812 2663 1912 ρωπος
2681 1837 2819 1910 πρὸς
2832 1836 3117 1910 κρείττονα
3131 1832 3244 1899 ’ἐξιν
3260 1832 3352 1886 καὶ
3370 1832 3665 1901 σωτήριον,

395 1959 516 1997 rum
544 1958 888 2015 operumque
917 1944 1012 1999 Dei
1039 1944 1462 1999 institutionem.
1486 1944 1771 2012 Quomodo
1795 1955 1979 2001 autem

392 2032 618 2089 divinus
665 2036 974 2104 baptismus
1023 2036 1303 2091 naturales
1351 2046 1572 2092 nostros
1615 2036 1836 2092 habitus
1879 2052 1980 2094 seu

392 2123 631 2180 allectus
661 2124 957 2181 eliormat?
995 2126 1199 2197 Utique
1227 2128 1335 2181 vim
1366 2129 1656 2197 quamdam
1695 2128 1980 2184 formatri-

393 2231 513 2270 cem
558 2217 749 2272 inserit
783 2218 1039 2288 ﬁgmento
1066 2231 1270 2287 nostro,
1300 2220 1511 2276 scilicet
1539 2222 1850 2291 appetendi,
1881 2221 1979 2278 sed

394 2308 643 2362 caelestia
667 2310 842 2375 bona;
873 2312 1154 2378 movendi,
1181 2314 1277 2367 sed
1307 2312 1373 2366 ad
1390 2327 1554 2368 omne
1580 2329 1723 2382 opus
1750 2316 1975 2381 bonum;

394 2399 765 2454 ratiocinandi
819 2415 915 2457 seu
965 2402 1279 2473 cogitandi,
1326 2404 1421 2460 sed
1470 2420 1592 2475 quae
1623 2406 1816 2463 oculus
1866 2422 1975 2463 non

392 2490 551 2555 vidit,
586 2507 764 2561 neque
795 2494 949 2549 auris
978 2495 1219 2562 audivit;
1252 2498 1702 2567 concupiscendi,
1733 2501 1829 2555 sed
1859 2517 1977 2558 me-

392 2578 569 2645 liora;
622 2585 941 2653 irascendi,
989 2586 1084 2642 sed
1143 2588 1366 2645 inimico
1420 2590 1614 2647 salutis
1662 2603 1883 2658 nostrre,
1920 2602 1975 2649 et

390 2682 609 2731 uetera.
655 2673 925 2733 Praeclare
972 2679 1117 2733 enim
1152 2680 1290 2735 dixit
1340 2682 1575 2753 inclytus
1622 2684 1972 2751 llierothens,

389 2768 624 2836 primum
667 2776 721 2822 et
752 2770 1015 2825 eximium
1058 2772 1259 2828 mentis
1311 2784 1516 2829 motum
1556 2790 1678 2831 esse
1715 2778 1804 2832 Dei
1837 2780 1976 2835 dde-

387 2860 649 2914 ctionem.
711 2860 883 2926 llujus
932 2872 1119 2917 autem
1154 2863 1464 2919 dilectionis
1505 2869 1661 2936 quasi
1699 2871 1973 2938 quoddam

388 2950 716 3021 principium
745 2960 829 3008 est
852 2952 1037 3007 divina
1092 2956 1267 3008 nostri
1306 2956 1600 3011 fabricatio
1619 2997 1636 3024 ,
1666 2974 1787 3028 quae
1814 2961 1977 3014 nimi-

388 3055 510 3095 rum
545 3041 603 3093 [it
648 3057 745 3110 per
772 3042 1105 3112 baptismum
1134 3048 1169 3111 ,⁷
1197 3046 1495 3100 secundum
1532 3064 1696 3117 quam
1729 3051 1971 3106 divinum

2083 1930 2179 1983 καὶ
2204 1927 2312 1983 τῶν
2338 1927 2479 1982 κατά
2505 1927 2638 1981 Θεὸν
2666 1926 2839 1996 λόγων
2862 1943 2922 1979 τε
2942 1924 3038 1979 καὶ
3059 1922 3396 1996 πραγμάτων
3423 1920 3523 1992 τὴν
3549 1921 3671 1973 ἐπι-

2080 2023 2351 2095 τήδευσιν.
2381 2022 2507 2086 Πῶς
2533 2021 2591 2075 δὲ
2624 2021 2822 2091 μορφοί
2850 2017 2950 2082 τάς
2980 2015 3216 2088 φυσικάς
3242 2012 3398 2087 ήμῶν
3432 2011 3579 2078 ἕξεις
3604 2011 3671 2066 τὸ

2082 2114 2225 2168 θεῖον
2254 2114 2571 2186 βάπτισμα;
2609 2114 2682 2167 Ἦ
2723 2112 2943 2175 πάντως
2970 2108 3198 2183 δύναμιν
3224 2109 3401 2181 ἐνίησι
3441 2124 3670 2179 μορφω-

2081 2207 2240 2279 τικὴν
2280 2206 2672 2270 ἀναπλάσεως,
2704 2202 2802 2258 τοῦ
2830 2202 3154 2275 ὀρέγεσθαι,
3194 2199 3329 2254 ἀλλά
3353 2199 3462 2253 τῶν
3494 2200 3668 2271 ούρα-

2080 2302 2209 2357 νίων
2261 2300 2513 2369 ἀγαθῶν·
2563 2297 2660 2352 τοῦ
2709 2297 3008 2361 κινεῖσθαι,
3052 2295 3169 2350 ἀλλ’
3214 2295 3295 2359 είς
3341 2295 3449 2348 πᾶν
3500 2293 3671 2365 ἔργον

2079 2392 2282 2462 ἀγαθόν
2300 2390 2421 2446 ’τοῦ
2445 2389 2777 2461 λογίζεσθαι,
2799 2388 2935 2443 ἀλλά
2953 2389 3025 2443 τά
3050 2388 3085 2443 ά
3104 2387 3381 2459 ὀφθαλμὸς
3405 2387 3508 2441 οὐκ
3532 2382 3669 2452 εἶδε,

2079 2486 2175 2538 καὶ
2202 2480 2297 2549 οὖς
2326 2485 2427 2538 οὐκ
2454 2484 2655 2554 ἦκουσε
2672 2498 2689 2512 ·
2717 2479 2813 2535 τοῦ
2843 2480 3156 2552 ἐπιθυμεῖν,
3181 2479 3316 2534 ἀλλά
3340 2478 3450 2532 τῶν
3481 2495 3671 2550 κρειτ-

2076 2578 2275 2632 τόνων·
2305 2575 2401 2631 τοῦ
2446 2574 2785 2649 θυμοῦσθαι,
2835 2573 2973 2628 ἀλλά
3016 2572 3161 2628 κατά
3201 2571 3296 2625 τοῦ
3336 2570 3534 2641 ἐχθροῦ
3562 2569 3672 2639 τῆς

2080 2668 2356 2739 σωτηρίας
2380 2666 2536 2739 ἡμῶν
2559 2707 2573 2733 ,
2598 2667 2695 2721 καὶ
2720 2662 2919 2737 ἐφεξῆς
2942 2664 3011 2719 τά
3047 2662 3201 2719 ἀλλα.
3232 2662 3427 2726 Καλῶς
3446 2662 3559 2733 γάρ
3588 2656 3672 2714 εί-

2079 2778 2178 2814 πεν
2204 2763 2232 2813 ὁ
2262 2760 2472 2824 κλεινὸς
2503 2757 2781 2831 Ἰερόθεος,
2808 2758 2895 2811 ὅτι
2924 2757 2962 2827 ἡ
2988 2753 3362 2827 προτιμοτάτη
3394 2755 3491 2806 καὶ
3518 2751 3673 2817 ἐξαί-

2080 2871 2232 2924 ρετος
2272 2854 2489 2924 κίνησις
2531 2852 2626 2906 τοῦ
2656 2851 2748 2906 νοῦ
2798 2853 2832 2923 ἠ
2880 2851 3017 2923 πρὸς
3071 2848 3204 2903 Θεὸν
3250 2848 3439 2917 ἀγάπη
3490 2847 3668 2901 ἐστίν.

2076 2948 2293 3019 Ταύτης
2332 2947 2388 3001 δὲ
2422 2948 2522 3017 τῆς
2563 2947 2785 3017 ἀγάπης
2826 2946 2966 3017 ἀρχή
3010 2960 3096 3007 τις
3145 2936 3257 2996 οἷόν
3283 2939 3429 2992 ἐστιν
3463 2941 3499 3011 ὴ
3542 2939 3674 2995 θεία

2075 3040 2405 3113 δημιουργία
2438 3039 2614 3111 ἡμῶν,
2652 3039 2685 3109 ὴ
2722 3036 2812 3090 διὰ
2849 3035 2945 3089 τοῦ
2977 3031 3369 3105 βαπτίσματος
3396 3030 3672 3101 δηλονότι,

388 3142 592 3188 statum
623 3134 948 3190 inchoamus
975 3154 989 3191 :
1021 3138 1294 3206 siquidem
1324 3155 1385 3192 ea
1413 3155 1533 3207 qnze
1558 3156 1622 3195 ex
1651 3143 1860 3199 semine
1890 3154 1974 3199 est

2081 3135 2198 3189 καθ’
2241 3135 2307 3205 ῆν
2344 3134 2504 3197 θείως
2543 3129 2684 3186 εἶναι
2725 3128 3040 3203 ἀρχόμεθα·
3071 3130 3105 3201 ἡ
3141 3128 3239 3200 μὲν
3265 3126 3374 3197 γάρ
3402 3128 3469 3179 ἐκ
3498 3127 3677 3199 σπέρ-

388 3228 562 3282 nostri
588 3226 919 3293 fabricatio,
953 3230 1056 3284 etsi
1105 3232 1176 3285 sit
1202 3247 1267 3285 ex
1302 3233 1586 3289 conditore
1613 3234 1742 3300 Deo,
1784 3247 1966 3291 tamen

2081 3246 2248 3299 ματος
2286 3228 2442 3299 ἡμῶν
2470 3227 2838 3299 δημιουργία,
2872 3226 2923 3279 εί
2967 3223 3061 3278 καὶ
3110 3223 3177 3275 ἐκ
3216 3219 3351 3274 Θεοῦ
3395 3221 3674 3295 δημιουρ-

388 3318 659 3373 naturalis
689 3329 794 3385 est,
839 3335 901 3375 ea
932 3336 1063 3377 vero
1093 3338 1215 3391 qua:
1257 3339 1326 3378 ex
1377 3324 1705 3393 baptismate
1732 3330 1969 3398 exsistit,

390 3410 595 3466 divina.
632 3408 825 3480 Neque
853 3414 999 3466 enim
1031 3430 1096 3467 ex
1116 3414 1485 3483 sanguinibus,
1515 3434 1678 3486 neque
1699 3435 1763 3471 ex
1788 3426 1975 3473 rotun-

391 3508 499 3554 tate
520 3502 639 3567 viri,
693 3519 785 3557 nec
807 3518 874 3556 ea:
900 3502 1171 3558 voluntate
1212 3508 1451 3561 carnis'.
1502 3507 1970 3574 Quemadmodum

390 3591 555 3661 igitur
588 3594 641 3648 in
691 3595 927 3649 naturali
973 3597 1263 3652 nativitate
1296 3608 1515 3667 Oportet
1554 3608 1788 3669 primum
1822 3604 1973 3657 exsi-

390 3693 539 3740 stere
573 3686 627 3739 in
661 3687 823 3757 179
856 3704 1040 3742 rerum
1067 3699 1288 3756 natura,
1317 3707 1380 3746 ac
1403 3692 1601 3747 deinde
1624 3693 1892 3759 vicissim,
1918 3705 1975 3751 et

389 3790 556 3845 agere
582 3786 637 3830 et
668 3780 804 3845 pati,
838 3778 1091 3834 homines
1117 3780 1338 3849 quidem
1372 3797 1493 3850 qua:
1541 3782 1645 3838 sibi
1680 3793 1811 3838 sunt
1843 3801 1972 3854 pro-

390 3864 534 3935 pria,
568 3866 725 3920 bruta
762 3882 894 3922 vero
938 3884 1059 3937 quae
1098 3880 1229 3924 sunt
1255 3872 1619 3927 conducibilia
1645 3890 1659 3925 :
1689 3873 1769 3928 sic
1805 3876 1972 3929 etiam

391 3956 448 4013 in
478 3958 662 4012 divina
715 3959 975 4031 baptismi
1023 3966 1444 4032 regeneratione
1476 3975 1695 4034 oportet
1730 3968 1973 4036 primunt

392 4046 507 4103 Deo
534 4048 773 4106 existere
811 4089 829 4117 ,
875 4066 939 4106 ac
971 4052 1173 4109 deinde
1218 4056 1566 4110 dilectionem
1592 4055 1709 4125 ejus
1734 4058 1974 4126 operari,

392 4138 471 4192 uti
510 4148 709 4195 caetera
739 4158 863 4211 quae
896 4144 965 4199 ad
1003 4154 1152 4202 recte
1194 4147 1485 4202 vivendum
1536 4159 1804 4218 spectant.
1850 4151 1979 4220 Ejus

390 4231 538 4286 enim
569 4232 717 4302 quod
750 4247 1100 4305 nequaquam
1140 4246 1243 4301 est,
1274 4252 1454 4306 neque
1487 4247 1669 4293 motus
1698 4248 1802 4303 est;
1831 4238 1975 4307 quod

393 4334 577 4380 autem
606 4340 832 4395 quoquo
860 4338 1022 4397 pacto
1050 4338 1155 4393 est,
1176 4330 1293 4384 sive
1322 4330 1468 4398 quod
1495 4332 1672 4385 solum
1704 4331 1978 4398 subsistit,

392 4420 709 4488 operabitur
736 4420 970 4475 omnino
1003 4437 1125 4492 quze
1168 4423 1272 4477 sibi
1323 4434 1456 4477 sunt
1507 4424 1885 4489 accommoda,
1919 4436 1980 4479 ut

2074 3320 2297 3390 γοῦντός
2328 3322 2510 3384 ἐστιν,
2552 3321 2666 3374 ἀλλ’
2698 3316 2794 3374 οὖν
2838 3319 3041 3390 φυσική
3090 3318 3270 3370 ἐστιν·
3304 3315 3419 3387 ήδέ
3460 3316 3528 3369 ἐκ
3565 3314 3673 3370 τοῦ

2077 3412 2451 3482 βαπτίσματος
2496 3410 2638 3465 θεία.
2687 3412 2770 3465 Οὐ
2813 3410 2923 3480 γὰρ
2957 3409 3027 3474 ἐξ
3070 3407 3367 3478 αἱμάτων,
3410 3406 3555 3461 οὐδὲ
3599 3408 3676 3463 ἐκ

2076 3502 2409 3572 θελήματος
2447 3502 2668 3571 ἀνδρὸς
2688 3541 2704 3565 ,
2754 3501 2896 3555 οὐδὲ
2920 3501 2989 3554 ὲκ
3034 3498 3368 3568 θελήματος
3409 3500 3672 3566 σαρκός.

2078 3596 2291 3667 ’Ὥσπερ
2344 3596 2525 3649 τοίνυν
2568 3596 2626 3648 ἐν
2666 3596 2734 3664 τῇ
2775 3594 2978 3664 φυσικῇ
3032 3592 3281 3663 γεννήσει
3324 3589 3405 3641 δεῖ
3447 3590 3677 3661 πρῶτον

2078 3690 2317 3761 ὑπάρξαι
2346 3690 2426 3754 είς
2456 3689 2515 3742 τὸ
2543 3684 2682 3742 εἶναι
2701 3729 2716 3753 ,
2748 3688 2843 3741 καὶ
2880 3686 3004 3741 τότε
3040 3687 3333 3759 ἐνεργῆσαι
3371 3684 3440 3741 τά
3466 3687 3678 3742 κατάλ-

2076 3784 2211 3855 ληλα
2235 3823 2250 3848 ,
2297 3784 2391 3836 καὶ
2428 3781 2655 3845 παθεῖν,
2686 3776 2796 3836 οἷον
2838 3780 3161 3853 ἀνθρώπους
3204 3781 3303 3851 μὲν
3357 3780 3428 3834 τά
3464 3782 3673 3846 οἰκεῖα,

2076 3873 2245 3943 ἄλογα
2265 3874 2323 3927 δὲ
2351 3873 2512 3927 πάλιν
2541 3874 2609 3928 τά
2634 3874 2950 3946 πρόσφορα·
2982 3872 3127 3927 οὑτω
3177 3874 3273 3927 καὶ
3317 3875 3375 3926 ἐν
3421 3876 3491 3945 τῇ
3542 3872 3677 3946 θείᾳ.

2077 3966 2171 4021 τοῦ
2204 3967 2579 4038 βαπτίσματος
2609 3967 2968 4039 ἀναγεννήσει
3002 3966 3085 4020 δεῖ
3113 3965 3327 4037 πρῶτον
3347 3965 3467 4037 Θεῷ
3497 3965 3679 4038 ὑπάρ-

2080 4059 2197 4125 ξαι,
2240 4060 2333 4112 καὶ¹
2366 4059 2487 4112 τότε
2517 4060 2812 4131 ἐνεργῆσαι
2841 4060 2942 4131 τὴν
2981 4058 3206 4129 ἀγάπην
3232 4057 3397 4111 αὑτοῦ
3421 4097 3435 4119 ,
3467 4059 3565 4111 καὶ
3602 4059 3676 4112 τά

2077 4151 2239 4205 λοιπά
2284 4151 2421 4223 πρὸς
2459 4151 2721 4215 εὑζωῖαν·
2754 4150 2849 4204 τοῦ
2894 4149 3003 4223 γάρ
3048 4149 3304 4222 μηδαμοῦ
3337 4150 3492 4213 ὄντος
3543 4150 3676 4204 οὐδὲ

2078 4246 2291 4316 κίνησίς
2317 4247 2462 4299 ἐστι·
2494 4246 2556 4299 τὸ
2585 4245 2642 4298 δέ
2673 4263 2790 4309 πως
2815 4244 3080 4316 ὸν,ἦγουν
3101 4244 3160 4297 τὸ
3188 4243 3364 4314 μόνως
3393 4243 3669 4303 ὑποστὰν,

2076 4338 2359 4409 ἐνεργήσει
2399 4337 2616 4399 πάντως
2645 4334 2713 4388 τά
2745 4336 3033 4407 πρόσφορα
3067 4335 3148 4398 εἰς
3175 4334 3236 4386 τὸ
3275 4332 3532 4401 γενέσθαι
3567 4336 3675 4387 καὶ

2079 4430 2303 4485 τοιῶσδε
2342 4430 2400 4483 ὃν
2431 4428 2465 4499 ἢ
2495 4429 2723 4494 τοιόνδε,
2764 4424 2874 4481 οἷον
2903 4426 3091 4490 ἁπλῶς
3130 4427 3211 4491 είς
3240 4425 3473 4496 ὓπαρξιν
3499 4424 3677 4479 ἐλθὼν

393 4512 582 4567 taliter
607 4523 703 4569 aut
734 4515 845 4570 tale
874 4515 1008 4586 quid
1042 4517 1298 4583 exsistat,
1323 4532 1375 4575 ν.
1408 4532 1464 4588 g.
1499 4518 1680 4581 homo,
1710 4518 1803 4588 qui
1850 4518 1976 4573 sim-

2081 4522 2382 4593 ἄνθρωπος.
2417 4520 2541 4584 Πῶς
2576 4516 2668 4573 οὖν
2704 4519 2783 4573 ἔτι
2806 4559 2821 4583 ,
2856 4519 2929 4589 μὴ
2978 4519 3278 4589 ἐνεργήσας
3310 4535 3397 4579 τι,
3441 4517 3677 4571 δύναται

391 4606 612 4677 pliciter
649 4608 702 4661 in
738 4623 920 4664 rerqu
955 4619 1215 4664 naturam
1285 4610 1510 4681 prodiit.
1559 4610 1848 4678 Quomodo
1881 4611 1977 4680 igi-

394 4705 487 4751 tur
514 4698 606 4767 qui
640 4700 873 4754 necdum
905 4708 1171 4769 operatur
1196 4702 1521 4771 quidquam,
1553 4712 1733 4773 potest
1765 4719 1831 4759 eo
1853 4719 1977 4769 per-

394 4789 585 4844 venire
615 4799 673 4843 ut
706 4790 826 4845 talis
862 4792 969 4855 sit,
1027 4792 1178 4847 verbi
1212 4795 1421 4863 gratia,
1463 4794 1671 4863 jusms,
1707 4794 1976 4851 Ifaciendo

391 4879 695 4951 justitiam;
724 4883 806 4938 vel
844 4884 986 4952 talis,
1018 4886 1163 4940 aliud
1194 4888 1325 4954 quid
1351 4889 1667 4957 operando9
1698 4888 1974 4945 Caeterum

397 4987 524 5027 cum
550 4973 721 5028 divini
750 4975 1092 5043 baptismatis
1123 4977 1362 5047 symbola
1394 4977 1743 5046 conspecturi
1774 4978 1964 5041 simus,

397 5070 560 5123 nemo
612 5063 870 5134 profanus
907 5064 975 5119 ad
1030 5081 1212 5119 rerum
1278 5067 1546 5122 dictarunt
1597 5067 1969 5135 spectaculum

396 5156 654 5223 accedat;
704 5169 876 5226 neque
921 5154 1064 5211 enim
1123 5157 1325 5211 debiles
1378 5158 1564 5213 oculos
1625 5159 1955 5213 habentibus

401 5250 581 5307 tutum
612 5258 695 5305 est
730 5249 946 5305 obtueri
996 5248 1166 5303 radiis
1216 5263 1352 5319 quos
1399 5250 1480 5304 sol
1530 5250 1833 5320 cjaculatur
1881 5250 1976 5319 (id

402 5345 550 5401 enim
581 5354 684 5412 est,
710 5360 739 5396 a
769 5341 882 5398 sole
924 5341 1237 5412 fabricatis)
1267 5358 1390 5398 cum
1420 5344 1585 5397 ctiam
1620 5344 1671 5396 in
1700 5343 1836 5413 legis
1862 5358 1981 5396 um-

404 5438 521 5494 bris
554 5438 713 5508 (quas
745 5435 911 5492 etiam
944 5434 1310 5490 hierarcbiam
1338 5436 1599 5505 appellat)
1638 5436 1801 5492 Ozias
1831 5420 1981 5506 lepra

406 5538 692 5600 correptus
719 5528 790 5584 sit
814 5544 1001 5585 coram
1034 5529 1150 5583 Deo
1173 5527 1395 5584 adolens
1423 5529 1735 5597 incensum;
1762 5539 1816 5585 et
1842 5530 1983 5585 Core

492 5777 511 5811 ⁸
538 5774 690 5831 Joan.
723 5793 805 5845 tn,
831 5778 885 5833 5.
958 5778 1004 5818 ἰι
1032 5734 1209 5832 (Max.
1247 5773 1523 5847 interior.]
1601 5784 1629 5815 ⁷
1654 5773 1809 5833 Joan.
1840 5774 1979 5843 r,l3.

2076 4615 2249 4667 ἐλθεῖν
2279 4614 2360 4677 είς
2386 4612 2447 4665 τὸ
2480 4612 2686 4665 τοιόσδε
2718 4606 2877 4672 εἶναι,
2911 4611 3077 4680 ἤγουν
3109 4610 3337 4672 δίκαιος,
3366 4609 3679 4681 ἐνεργήσας

2075 4706 2174 4778 τὴν
2201 4703 2548 4774 δικαιοσύνην
2568 4720 2580 4732 ·
2617 4702 2650 4772 ἢ
2681 4701 2907 4763 τοιόσδε,
2937 4700 3063 4754 ἄλλο
3089 4717 3143 4752 τι
3170 4699 3502 4771 ἐνεργήσας
3523 4700 3681 4751 Ἐπεὶ

2074 4798 2131 4850 δέ
2177 4796 2441 4869 μέλλομεν
2491 4793 2813 4847 ἐποπτεύειν
2846 4793 2916 4846 τά
2966 4792 3061 4846 τοῦ
3104 4793 3249 4846 θείου
3293 4793 3680 4862 βαπτίσματος

2079 4888 2357 4961 σύμϐολα,
2403 4887 2590 4959 μηδεὶς
2635 4886 2921 4950 ἀτέλεστος
2971 4885 3094 4938 ἱέτω
3133 4885 3226 4937 ἐπὶ
3259 4885 3358 4954 τὴν
3392 4883 3522 4936 θέαν
3563 4884 3679 4935 τῶν

2077 4982 2415 5053 λεγομένων·
2443 4979 2538 5033 καὶ
2582 4978 2692 5051 γὰρ
2739 4978 2860 5031 οὐδὲ
2909 4979 3022 5039 τοῖς
3064 4975 3315 5029 ἀσθενέσι
3359 4974 3502 5027 κατὰ
3545 4974 3679 5037 τοὺς

2077 5074 2391 5142 ὀφθαλμοὺς
2422 5072 2705 5126 ἀκίνδυνον
2737 5072 2797 5124 τὸ
2824 5071 3167 5124 ἀντιϐλέπειν
3197 5069 3334 5141 πρὸς
3362 5068 3461 5130 τὰς
3494 5064 3677 5133 αὑγάς

2079 5166 2143 5230 ἃς
2172 5169 2201 5221 ό
2229 5165 2379 5237 ἥλιος
2408 5165 2609 5237 τεύχει,
2642 5163 2821 5236 (τοῦτο
2848 5163 2957 5235 γάρ
2985 5165 3101 5217 ἐστι
3128 5163 3189 5215 τὸ
3223 5158 3591 5231 ἡλιοτεύκτοις
3612 5196 3628 5221 ,
3654 5158 3675 5227 )

2081 5258 2282 5327 ὅπουγε
2312 5259 2406 5310 καὶ
2432 5259 2489 5309 ἐν
2516 5259 2627 5320 τοῖς
2647 5254 2741 5308 τοῦ
2773 5256 2939 5327 νόμου
2980 5254 3252 5317 σκιώδεσι,
3282 5252 3533 5323 (κάκεῖνα
3564 5249 3681 5320 γάρ

2086 5349 2367 5421 ἱεραρχίαν
2420 5346 2649 5418 καλεῖ,)
2699 5349 2791 5401 καὶ
2835 5346 3019 5411 Ὀζίας
3062 5343 3385 5417 ἐλεπρώθη,
3440 5342 3681 5395 ἐνώπιον

2086 5438 2222 5493 Θεοῦ
2252 5440 2554 5510 θυμιάσας·
2588 5439 2682 5492 καὶ
2713 5441 2859 5511 Κορὲ
2895 5437 3196 5509 κατεπόθη,
3226 5436 3333 5490 τῶν
3364 5435 3441 5507 μὴ
3472 5450 3684 5505 προση-

2087 5532 2290 5589 κόντων
2362 5532 2523 5606 ἱερῶν
2554 5599 2573 5609 μ
2596 5532 3081 5607 ἀντιποιούμενος·
3139 5533 3233 5585 καὶ
3312 5525 3503 5582 Ναδάδ
3580 5523 3682 5580 καὶ
3734 5588 3746 5603 ⁸
