3874 6228
221 290 333 346 US

795 287 886 343 DE
913 286 1198 345 ECCLES.
1224 282 1636 348 HIERARCH.,
1675 277 1831 336 CAP.
1862 276 1931 344 Il.
1968 308 2039 319 —
2073 273 2422 332 PABAPHR.
2450 267 2918 337 PACHYMERZE.

3379 268 3487 325 ιιι

233 400 482 467 ’Δ6ιοὺδ,
516 399 656 470 ξένῳ
687 399 822 471 πυρὶ⁵
849 398 1239 472 θυμιάσαντες,
1271 398 1406 470 ξένῳ
1434 396 1527 451 καὶ
1548 390 1796 449 κατεκαύι

1925 396 2069 443 terra
2111 388 2399 456 absorptus
2424 395 2511 443 est
2536 385 2712 440 sacris
2751 383 2852 452 ipsi
2902 397 3008 439 non
3036 380 3490 441 convenientibus

220 492 424 565 θησαν.

786 672 852 725 Π.
894 669 1262 740 Μυστήριον.

290 759 319 831 §
343 761 389 814 Ι.
442 760 503 816 '0
533 762 631 833 μὲν
659 762 928 835 ίερᾶρχης
968 761 1405 833 ἀφομοιούμενος
1427 759 1505 831 τῷ
1534 758 1653 831 Θεῷ
1672 798 1687 824 ,
1716 759 1811 814 καὶ

217 850 395 904 θέλων
426 852 522 905 καὶ
545 845 703 918 οὗτος
732 853 971 924 σωθῆναι
998 854 1227 917 πάντας,
1257 853 1352 905 καὶ
1398 853 1479 915 εἰς
1516 850 1810 920 ἐπίγνωσιν

214 941 484 1011 ἀληθείας
524 943 698 997 ἐλθεῖν
719 984 733 1009 ,
769 944 1045 1016 ἀσιγήτως
1071 944 1334 1016 κηρύττει
1363 943 1434 997 τὰ
1469 942 1806 1011 Εὑαγγέλια,

212 1034 297 1087 ὅτι
320 1036 351 1086 6
378 1034 515 1097 Θεὸς
538 1075 553 1098 ,
587 1035 647 1102 ἐξ
687 1036 898 1099 οἰκείας
923 1036 1243 1107 κινούμενος
1271 1035 1624 1106 ἀγαθότητος,
1652 1036 1809 1100 ἵλεως

212 1128 347 1196 ἡμῖν
384 1128 473 1180 ἀεὶ
509 1126 604 1193 ὣν,
648 1128 809 1200 μέχρι
838 1128 931 1181 καὶ
960 1130 1039 1192 είς
1076 1130 1223 1199 ἡμᾶς
1250 1127 1424 1182 ἐλθεῖν
1464 1129 1558 1182 καὶ
1590 1146 1806 1200 σαρκω-

212 1217 379 1287 θῆναι
410 1218 757 1285 κατεδέξατο.
788 1220 898 1272 Καὶ
943 1217 1132 1291 ὥσπερ
1172 1220 1237 1273 τὸ
1266 1220 1378 1292 πῦρ
1400 1259 1415 1285 ,
1464 1220 1670 1291 ψυχρὸν
1709 1220 1806 1273 καὶ

214 1307 430 1378 μέλανα
460 1308 592 1361 ὄντα
622 1308 715 1362 τὸν
747 1308 961 1382 σίδηρον
980 1350 995 1375 ,
1021 1313 1089 1382 τῇ
1120 1310 1258 1382 πρὸς
1289 1310 1453 1364 ἑαυτὸ
1467 1311 1656 1364 ἐνώσει
1675 1310 1808 1380 ἀφο-

214 1402 397 1471 μοιοί’
423 1398 568 1453 οὕτω
597 1402 691 1453 καὶ
719 1399 853 1464 Θεὸς
891 1401 962 1455 τὰ
990 1400 1078 1455 διὰ
1110 1394 1348 1467 πίστεως
1384 1402 1652 1456 ἐνωθέντα
1680 1404 1807 1472 ἀφο-

213 1492 367 1562 μοιοῖ
402 1488 547 1543 κατά
568 1490 669 1561 τὴν
691 1490 925 1545 ἑκάστου
952 1492 1091 1565 πρὸς
1132 1492 1327 1546 θέωσιν
1354 1492 1802 1564 ἐπιτηδειότητα,

211 1579 403 1645 καθὼς
444 1583 474 1635 6
520 1578 832 1653 ὲπιστήθιος
862 1584 956 1637 καὶ
995 1584 1352 1656 ἠγαπημένος
1390 1586 1446 1638 ὲν
1482 1587 1595 1649 τοῖς
1640 1584 1804 1648 θείοις

208 1671 575 1741 Εὑαγγελίοις
614 1672 832 1741 διέξεισι
854 1690 869 1704 ο
897 1675 991 1728 καὶ
1030 1675 1059 1727 6
1094 1675 1192 1745 μὲν
1225 1674 1487 1747 ἱεράρχης
1532 1673 1802 1746 ὁσημέραι

206 1760 391 1813 ταῦτα
417 1761 512 1815 καὶ
538 1761 607 1815 τά
630 1762 855 1816 τοιαῦτα
882 1762 1159 1835 κηρύττει.

278 1852 307 1925 ς
345 1853 414 1906 II.
470 1854 529 1908 '0
560 1854 617 1907 δὲ
639 1855 739 1926 τὴν
773 1856 1162 1927 ὑπερκοσμίων
1186 1857 1476 1927 μετουσίαν
1508 1856 1803 1929 ἀγαπήσας

205 1942 582 2009 αὐτεξουσίως
602 1983 617 2009 ,
647 1945 743 1998 καὶ
773 1944 848 2016 μὴ
879 1943 939 2009 ea
960 1945 1205 2016 ἀνάγκης
1226 1946 1373 2010 τινὸς
1409 1946 1672 2017 βιασθεὶς,
1704 1945 1803 2017 ζη-

203 2038 384 2109 τήσας
416 2036 697 2107 ἀνάδοχον,
742 2038 836 2091 καὶ
863 2037 1060 2109 εὑρὼν,
1096 2037 1271 2091 πείθει
1302 2037 1464 2092 αὐτὸν
1489 2037 1801 2109 ἡγήσασθαι

204 2130 387 2202 τούτῳ
413 2131 515 2202 τῆς
540 2132 678 2203 πρὸς
703 2132 793 2186 τὸν
834 2132 1098 2204 ίεράρχην
1139 2131 1259 2185 ὁδοῦ
1279 2149 1293 2161 ·
1324 2131 1717 2201 ἐπαγγέλλεται
1745 2131 1801 2186 δὲ

204 2226 708 2299 κατακολουθήσειν
730 2228 912 2294 αὐτὸς,
942 2229 1125 2293 καθὼς
1158 2231 1251 2283 καὶ
1279 2232 1338 2284 ὲν
1365 2229 1442 2301 τῷ
1468 2230 1617 2301 νόμῳ
1645 2231 1799 2301 εἴρη-

202 2333 296 2371 ται
314 2334 328 2348 ·
356 2319 525 2372 Κατὰ
547 2318 746 2373 πάντα
772 2320 1151 2390 ἀκουσόμεθα
1160 2321 1363 2391 φωνῆς
1385 2322 1624 2389 Κυρίου.
1643 2322 1699 2375 Ὀ
1717 2322 1797 2387 δὲ,

202 2407 431 2477 πρῶτον
468 2410 568 2480 μὲν
602 2411 845 2475 ἀκούσας
872 2411 970 2483 τὴν
1007 2412 1276 2485 ἀναδοχὴν
1298 2452 1314 2478 ,
1350 2414 1445 2466 καὶ
1482 2412 1799 2483 ἀποϐλέψας

201 2498 365 2552 ἐνθεν
400 2501 502 2571 μὲν
529 2500 591 2555 τὸ
620 2501 715 2555 τοῦ
741 2503 1066 2574 πράγματος
1108 2502 1270 2573 ὕψος,
1305 2504 1515 2557 ἐκεῖθεν
1535 2505 1592 2558 δὲ
1613 2505 1673 2558 τὸ
1711 2506 1800 2558 εύ-

202 2592 577 2665 περίτρεπτον
607 2594 715 2649 τῶν
746 2595 1070 2667 ἀνθρώπων,
1103 2597 1314 2668 φρίττει
1348 2598 1443 2651 καὶ
1485 2598 1758 2669 ἁμηχανεῖ
1780 2638 1795 2663 ,

202 2684 560 2757 λογιζόμενος
586 2686 648 2741 τὸ
668 2684 762 2740 τοῦ
792 2688 1116 2760 πράγματος
1144 2688 1427 2760 δυσχερὲς,
1464 2688 1586 2759 (ὅρα
1606 2689 1688 2753 δὲ,
1711 2690 1796 2743 ὅτι

204 2780 307 2832 καὶ
338 2773 522 2843 οὗτος,
552 2779 677 2833 ἐπεὶ¹
720 2780 912 2843 πιστός
960 2780 1109 2833 ἐστιν
1129 2818 1143 2843 ,
1179 2780 1282 2852 ἐρᾷ
1307 2780 1410 2851 τῆς
1441 2779 1537 2833 τοῦ
1570 2780 1797 2852 πλησίον

205 2873 519 2945 σωτηρίας,
551 2871 735 2937 καθὼς
779 2872 875 2926 καὶ
913 2874 942 2926 6
981 2872 1277 2944 ίεράρχης,
1324 2872 1472 2927 κατὰ
1512 2874 1612 2947 τὴν
1658 2874 1797 2947 πρὸς

204 2967 345 3021 Θεὸν
390 2964 801 3036 ἀφομοίωσιν,)
831 2966 981 3037 ὅμως
1036 2966 1093 3019 δὲ
1131 2965 1275 3020 κατά
1311 2966 1412 3039 τὴν
1448 2965 1544 3021 τοῦ
1588 2964 1796 3035 ἀγαθοῦ

201 3059 347 3115 Θεοῦ
375 3059 712 3131 ἀφομοίωσιν
743 3060 839 3112 τοῦ
865 3059 1069 3123 πάντας
1092 3059 1506 3131 ἀναδεχομένου,
1548 3059 1799 3131 ὁμολογεῖ
1823 3100 1867 3159 c

203 3155 460 3222 ποιήσειν
481 3151 545 3204 τὸ
574 3150 817 3222 αἰτηθὲν,
836 3151 929 3204 καὶ
957 3151 1053 3204 σὺν
1082 3149 1233 3223 αὐτῷ
1265 3149 1676 3222 καταλαμϐάνει
1703 3150 1796 3205 τὸν

208 3244 497 3317 ἱεράρχην.

278 3335 307 3408 §
334 3337 430 3391 lIl.
479 3336 536 3391 '0
557 3335 635 3400 δὲ,
661 3335 779 3407 μετ’
808 3332 1147 3406 εὐφροσύνης
1179 3334 1255 3399 ὼς
1282 3336 1369 3387 ἐπ’
1393 3332 1558 3405 ὤμων
1586 3331 1647 3386 τὸ
1666 3330 1799 3386 ἀπο-

201 3426 377 3489 λωλὸς
402 3424 676 3497 πρόϐατον
707 3424 1083 3496 είσδεξάμενος
1104 3424 1212 3478 ἀπὸ
1233 3424 1340 3477 τῶν
1364 3423 1595 3496 ἀνδρῶν,
1618 3420 1712 3475 τοῦ
1732 3437 1795 3472 τε

201 3514 471 3584 ἀναδόχου
490 3513 633 3583 λέγω
655 3514 750 3566 καὶ
776 3512 869 3566 τοῦ
895 3512 1306 3584 προσελθόντος,
1326 3511 1696 3583 ηὑχαρίστησε
1716 3507 1795 3580 τῷ

201 3607 323 3678 Θεῷ
349 3605 551 3677 νοερῶς
575 3605 671 3659 καὶ
697 3604 1075 3676 σωματοειδῶς
1094 3603 1182 3657 διὰ
1211 3604 1651 3675 προσκυνήσεως.
1669 3600 1795 3665 Πῶς

199 3699 258 3753 δὲ
286 3698 383 3751 καὶ
412 3696 524 3750 ἀπὸ
547 3696 657 3750 τῶν
683 3696 777 3749 δύο
815 3695 908 3749 τὸν
935 3694 1304 3767 προσελθόντα
1335 3695 1682 3765 ἀναδέχεται;
1712 3695 1794 3747 ὅτι

198 3791 229 3842 6
256 3791 358 3860 μὲν
384 3787 646 3858 άνάδοχος
669 3788 964 3858 προσφέρει
993 3786 1204 3850 τοῦτον,
1240 3786 1403 3849 αὐτὸς
1437 3786 1492 3838 δὲ
1521 3785 1790 3856 προσάγει

199 3880 295 3932 καὶ
328 3879 628 3950 ἐγχειρίζει
669 3880 879 3945 ἑαυτὸν,
928 3878 1070 3932 ὥστε
1118 3879 1151 3948 ἡ
1201 3878 1298 3949 μὲν
1345 3877 1660 3950 προσένεξις
1699 3877 1793 3930 καὶ

197 3954 553 4041 ἀμφοτέρων.

269 4060 402 4132 ςιν.
424 4056 559 4114 Εἶτα
574 4062 780 4124 πάντας
798 4060 923 4123 τοὺς
934 4060 1027 4113 τοῦ
1045 4061 1247 4134 κλήρου
1265 4059 1505 4132 (τούτους
1521 4060 1629 4131 γὰρ
1644 4059 1791 4129 λέγει

198 4153 355 4224 ἱερὰν
384 4153 780 4224 διακόσμησιν)
809 4155 894 4223 ἐφ’
920 4147 964 4222 ᾧ
988 4155 1084 4207 καί
1134 4155 1509 4225 συνεργήσωσι
1544 4155 1637 4207 καὶ
1667 4170 1792 4208 συν-

197 4246 508 4318 εορτάσωσι
531 4286 547 4310 ,
588 4246 938 4314 συγκαλεῖται
964 4286 979 4310 ,
1021 4247 1117 4300 καὶ
1164 4246 1331 4317 ὕμνον
1365 4247 1488 4300 τινὰ
1525 4246 1791 4317 ίερολογεϊ

198 4337 264 4390 ἐκ
305 4336 415 4390 τῶν
458 4336 619 4390 θείων
642 4336 855 4405 λογίων.
884 4339 1195 4410 Σημείωσαι
1223 4338 1333 4409 γὰρ
1353 4379 1366 4403 ,
1404 4339 1485 4391 ὅτι
1516 4339 1581 4390 ὲκ
1606 4338 1788 4408 πάσης

1916 496 1979 536 se
2011 482 2296 552 ingerens;
2349 489 2405 534 et
2447 477 2637 532 Nadab
2676 484 2732 531 et
2769 476 2986 542 Abiud,
3026 474 3315 544 peregrino
3364 473 3490 542 igne

1916 573 2197 630 incensum
2234 573 2537 633 adolentes,
2560 572 2751 625 eodem
2784 583 3004 639 quoque
3037 568 3309 625 combusti
3336 577 3484 627 sunt.

2470 663 2533 718 11.
2571 663 2906 733 Mysterium.

1994 757 2023 831 §
2060 757 2103 814 l.
2143 755 2448 813 Hierarcha
2491 759 2604 814 Deo
2652 757 2849 813 similis
2883 757 3109 813 effectus
3132 755 3325 811 volens
3353 769 3489 825 quo-

1911 864 2018 921 que
2052 850 2252 905 salvari
2283 866 2494 916 omnes,
2523 861 2577 906 et
2602 850 2669 905 ad
2701 849 3034 918 agnitionem
3064 850 3252 905 venire
3282 848 3488 903 verita-

1911 940 2004 1005 tis,
2046 940 2200 996 clara
2244 956 2381 996 voce
2432 940 2694 1011 praedicat
2723 939 3017 1009 Evangelia
3049 956 3062 993 :
3098 939 3370 1009 quomodo
3400 940 3485 993 ni-

1910 1032 2111 1088 mirum
2167 1032 2333 1098 Deus,
2363 1047 2428 1087 ex
2480 1032 2700 1101 propria
2751 1041 2929 1085 motus
2980 1032 3268 1097 bonitate,
3324 1031 3483 1086 nobis

1910 1138 2126 1193 semper
2169 1124 2435 1195 propitius
2465 1125 2735 1180 exsistens
2756 1165 2771 1190 ,
2804 1139 3046 1194 eousque
3088 1124 3251 1179 etiam
3273 1165 3289 1192 ,
3317 1134 3377 1178 ut
3413 1125 3481 1178 ad

1909 1232 2009 1272 nos
2038 1218 2227 1273 venire
2278 1232 2342 1273 ac
2388 1232 2611 1273 carnem
2657 1232 2937 1272 assumere
2986 1217 3241 1288 dignatus
3285 1217 3377 1273 sit.
3421 1216 3487 1271 Et

1908 1308 2051 1363 sicut
2090 1309 2234 1380 ignis
2261 1308 2519 1379 frigidum
2551 1308 2873 1379 nigrumque
2905 1308 3111 1363 ferrum
3141 1309 3341 1365 unione
3383 1323 3481 1362 sua

1906 1399 2007 1455 sibi
2037 1401 2215 1455 simile
2248 1401 2464 1466 reddit;
2499 1400 2578 1455 sic
2626 1399 2791 1455 etiam
2825 1400 2967 1455 Deus
2996 1414 3093 1468 per
3124 1400 3283 1455 (idem
3326 1398 3481 1454 unita

1905 1492 2007 1548 sibi
2037 1493 2237 1547 similia
2265 1492 2429 1547 efﬁcit
2457 1533 2473 1560 ,
2504 1494 2808 1547 secundum
2845 1492 3113 1561 cujusque
3156 1492 3223 1545 ad
3261 1490 3483 1545 deiﬁca-

1906 1585 2107 1639 tionem
2145 1583 2546 1654 aptitudinem,
2594 1592 2756 1654 prout
2792 1583 3022 1638 dilectus
3053 1582 3145 1637 ille
3185 1582 3277 1653 qui
3305 1582 3358 1636 in
3388 1596 3483 1652 pe-

1904 1685 2057 1734 ctore
2102 1675 2350 1731 recubuit
2387 1675 2440 1730 in
2482 1675 3021 1745 divinis-Evangeliis
3047 1674 3383 1729 declaravit:
3425 1680 3484 1728 et

1832 1753 1876 1808 Β
1904 1768 2123 1838 quidem
2158 1767 2417 1822 sacerdos
2441 1767 2557 1822 haec
2584 1776 2640 1822 et
2676 1767 2878 1822 similia
2914 1767 3156 1836 quotidie
3196 1766 3477 1836 praedicat.

1975 1858 2004 1930 §
2038 1859 2097 1914 Il.
2136 1858 2310 1914 Porro
2342 1860 2434 1929 qui
2461 1858 2970 1928 supermundalium
3000 1860 3475 1929 participationem

1902 1950 2074 2007 libere
2104 1960 2290 2017 amat,
2320 1961 2375 2006 et
2404 1967 2513 2007 non
2547 1965 2614 2005 ex
2644 1951 2978 2005 necessitate
3009 1950 3196 2020 aliqua
3220 1960 3475 2016 coactus,

1902 2052 2274 2112 susceptorem
2300 2044 2517 2112 qurerit,
2548 2053 2603 2098 et
2632 2043 2865 2107 invenit,
2895 2042 3191 2115 persuadet
3213 2041 3289 2095 illi
3323 2050 3382 2095 ut
3408 2042 3475 2095 ad

1901 2135 2249 2191 hicrarcham
2297 2150 2358 2190 se
2385 2136 2762 2189 manuducat:
2800 2135 2916 2205 ipse
2953 2141 3136 2188 autem
3186 2133 3379 2203 recipit
3418 2147 3478 2187 se

1901 2224 2057 2279 illum
2111 2233 2463 2291 secuturum,
2497 2225 2962 2295 quemadmodum
3008 2223 3062 2279 in
3110 2222 3229 2292 lege
3268 2223 3475 2277 dictum

1900 2324 2019 2375 est:
2048 2316 2349 2371 Secundum
2371 2320 2547 2371 omnia
2582 2319 2856 2372 audiemus
2882 2332 3054 2371 vocem
3072 2315 3356 2371 Domini".
3377 2315 3476 2371 Hic

1898 2408 2143 2478 primum
2168 2408 2385 2476 quidem
2418 2407 2645 2462 audiens
2691 2407 3099 2476 ﬁdejussionem
3124 2446 3140 2471 ,
3193 2415 3249 2461 et
3272 2420 3471 2476 expen-

1902 2499 2038 2552 dens
2068 2499 2195 2552 hinc
2226 2498 2443 2566 quidem
2478 2497 2555 2551 rei
2582 2499 2990 2567 celsitudinem,
3021 2497 3145 2552 inde
3163 2496 3324 2568 180
3349 2510 3477 2549 vero

1900 2591 2180 2645 hominum
2219 2592 2669 2659 mutabilitatem,
2708 2592 2902 2646 horret
2945 2605 3011 2644 ac
3044 2589 3269 2660 refugit,
3299 2587 3478 2643 consi-

1900 2684 2099 2740 derans
2135 2683 2212 2739 rei
2249 2682 2614 2738 diliicultatem
2672 2682 2925 2754 (observa
2965 2694 3169 2747 autem,
3199 2681 3473 2752 quomodo

1899 2776 2062 2832 etiam
2095 2774 2184 2830 hic
2215 2790 2339 2829 cum
2388 2775 2567 2830 ﬁdelis
2615 2775 2708 2840 sit,
2756 2775 2992 2844 proximi
3039 2774 3270 2828 salutem
3302 2782 3474 2839 amet,

1898 2865 1978 2918 uti
2009 2873 2064 2919 et
2090 2865 2366 2931 sacerdos,
2396 2865 2464 2919 ad
2505 2865 2597 2920 Dei
2626 2866 3080 2937 similitudinem)
3115 2864 3472 2920 nihilominus

1897 2958 2199 3012 secundum
2236 2957 2363 3013 boni
2416 2958 2511 3012 Dei
2560 2968 2789 3013 cunctos
2823 2957 3173 3026 suscipientis
3218 2957 3477 3012 similitu-

1899 3049 2080 3104 dinem
2109 3089 2127 3118 ,
2158 3050 2431 3121 promittit
2463 3064 2520 3105 se
2552 3050 2800 3119 petitioni
2832 3049 3278 3117 satisfacturum,
3311 3058 3475 3119 atque

1902 3158 2008 3197 una
2037 3157 2161 3198 cum
2195 3143 2285 3199 illo
2316 3142 2663 3199 hierarcham
2696 3142 2837 3197 adit..

1948 3314 2001 3393 ς
2042 3321 2130 3378 Ill.
2172 3322 2271 3378 Hic
2297 3337 2427 3378 vero
2459 3338 2583 3380 cum
2613 3322 2799 3379 laetitia
2832 3321 2979 3378 viros
3007 3321 3164 3387 istos,
3194 3330 3475 3393 suscepto-

1897 3429 2016 3469 rem
2048 3408 2275 3485 inquam
2323 3425 2379 3471 et
2423 3417 2795 3481 accedentem,
2827 3415 2983 3484 quasi
3012 3429 3165 3469 ovem
3205 3416 3472 3486 perditam

1896 3506 1955 3563 in
1982 3506 2237 3562 humeros
2252 3508 2546 3577 accipiens,
2567 3507 2771 3576 gratias
2806 3508 2916 3577 agit
2937 3506 3292 3577 Deo,spiritali
3310 3507 3474 3562 simul

1895 3609 1951 3655 et
1996 3602 2262 3669 corporali
2311 3603 2656 3657 adoratione.
2707 3602 2813 3656 Sed
2858 3602 3134 3671 quomodo
3183 3616 3215 3654 e
3258 3599 3473 3655 duobus

1896 3708 2020 3748 eum
2052 3697 2143 3761 qui
2195 3695 2404 3747 accedit
2433 3693 2704 3760 suscipit?
2733 3694 2860 3762 quia
2897 3694 3155 3747 nimirum
3185 3692 3469 3762 ﬁdejussor

1895 3784 2112 3853 quidem
2150 3783 2325 3851 ipsum
2358 3782 2542 3847 oll‘ert,
2597 3783 2711 3851 ipse
2758 3799 2889 3837 vero
2932 3783 3290 3852 semetipsum
3327 3783 3474 3839 sistit

1893 3890 1958 3930 ac
1990 3877 2188 3942 tradit;
2226 3877 2300 3928 ita
2328 3886 2386 3929 ut
2420 3875 2739 3931 conciliatio
2767 3878 2935 3931 etiam
2981 3876 3053 3931 sit
3089 3887 3469 3947 utrorumque.

1964 4056 1993 4130 ᾗ
2019 4054 2107 4111 ιν.
2141 4055 2469 4112 Universum
2500 4056 2698 4115 exinde
2713 4057 2921 4114 clerum
2936 4058 3058 4131 (hos
3088 4059 3233 4114 enim
3257 4074 3469 4116 sacram

1891 4152 2130 4222 appellat
2177 4153 2635 4223 dispositionem)
2665 4168 2789 4207 cum
2824 4162 2884 4207 ut
2927 4164 3320 4225 cooperentur,
3353 4164 3465 4225 tum

1892 4255 1954 4299 ut
1984 4246 2456 4315 congratulentur.
2475 4254 2760 4303 convocat.
2794 4258 2852 4300 et
2882 4261 2912 4300 e
2941 4247 3139 4300 divinis
3171 4244 3467 4314 Scripturis

1891 4336 2153 4407 hymnum
2181 4338 2415 4406 aliquem
2443 4339 2608 4392 canit.
2640 4338 2777 4393 Nota
2806 4348 3008 4405 autem,
3035 4356 3100 4394 ex
3129 4340 3276 4393 omni
3305 4354 3462 4394 sacra

196 4429 300 4499 τῆς
325 4429 481 4500 ἱερᾶς
506 4429 729 4499 Γραφῆς
751 4430 971 4483 δυνατὸν
1000 4430 1165 4501 ὕμνον
1194 4429 1525 4500 προσφέρειν
1551 4427 1629 4498 τῷ
1644 4428 1782 4498 Θεῷ,

1906 4427 2182 4497 Scriptura
2215 4444 2377 4498 posse
2410 4430 2671 4499 hymnum
2701 4444 2796 4484 seu
2845 4430 3061 4484 laudem
3094 4428 3279 4484 oﬂ‘erri
3315 4429 3425 4483 Deo
3447 4468 3464 4495 ,

199 4518 260 4570 ού
290 4520 397 4590 μὴν
424 4521 491 4571 ὲκ
517 4520 677 4590 μόνου
701 4520 793 4572 τοῦ
823 4520 1113 4592 Ψαλτῆρος
1132 4537 1143 4549 ·
1170 4520 1203 4590 ἢ
1226 4522 1325 4591 τὴν
1350 4520 1490 4591 ᾠδὴν
1515 4519 1642 4583 ἴσως
1670 4521 1790 4574 Μα-

202 4610 325 4680 ρίας
360 4611 465 4681 τῆς
490 4611 724 4682 ἀδελφῆς
751 4611 1047 4677 Μωῦσέως,
1082 4614 1355 4683 ’ᾼσωμεν
1386 4611 1465 4676 τῷ
1502 4610 1727 4678 Κυρίῳ·
1753 4610 1786 4681 ἢ

198 4703 289 4755 τὸν
320 4702 401 4771 λγ¹
430 4701 646 4772 ψαλμὸν
668 4743 683 4766 ,
730 4703 762 4773 ἢ
805 4704 898 4755 καὶ
928 4703 1092 4773 μέρος
1135 4702 1326 4754 τούτου
1351 4741 1366 4765 ,
1421 4703 1791 4768 Προσέλθετε

198 4766 601 4861 xpectat-litem,
644 4766 1124 4863 καίφωτίο-(πιτε.
1157 4795 1266 4847 Καὶ
1294 4791 1434 4865 μετά
1456 4766 1650 4857 ταῦτα,
1690 4793 1791 4864 τὴν

198 4888 355 4958 ἱερὰν
380 4885 763 4957 ἀσπαζόμενος
786 4887 1084 4959 τράπεζαν,
1113 4886 1314 4953 ἔξεισι,
1342 4887 1439 4939 καὶ
1461 4886 1790 4941 πυνθάνεται

194 4980 277 5040 εἰς
304 4979 368 5030 τὸ
394 4979 591 5047 μαθεῖν
617 4980 746 5050 παρ’
772 4979 957 5044 αὑτοῦ,
986 4980 1038 5032 τί
1064 4979 1383 5050 βουλόμενος
1411 4979 1554 5049 ἥκοι.

265 5070 295 5142 §
336 5070 401 5124 ν.
455 5070 562 5123 Τοῦ
589 5072 665 5135 δὲ,
703 5071 844 5125 κατὰ
877 5073 975 5143 τὴν
1002 5070 1333 5140 ἐπαγγελίαν
1357 5071 1451 5124 τοῦ
1494 5071 1787 5142 ἁναδόχου,

195 5162 723 5234 μετακλαυσαμένου
748 5162 838 5216 τὸν
864 5163 1127 5235 πρότερον
1150 5164 1355 5216 ἐκεῖνον
1378 5164 1471 5217 καὶ
1492 5162 1651 5216 ἄθεον
1677 5162 1789 5232 βίον

193 5252 390 5318 αὑτοῦ,
410 5252 691 5319 άξιοῦντός
715 5272 774 5307 τε
799 5258 980 5326 τυχεῖν
1004 5256 1098 5309 τοῦ
1124 5256 1257 5310 Θεοῦ
1284 5256 1350 5310 δι’
1367 5255 1557 5321 αὐτοῦ,
1585 5254 1791 5327 μαρτύ-

197 5361 356 5415 ρεται
385 5344 487 5414 μὲν
513 5344 693 5415 αὐτῷ,
736 5347 899 5400 ὁποία
937 5347 1140 5418 ὀφείλει
1165 5343 1361 5419 εἶναιή
1393 5348 1784 5419 προσέλευσις,

195 5437 278 5490 ὃτι
302 5435 509 5501 ὁλιχῶς
536 5439 631 5491 καὶ
653 5437 715 5502 ἐξ
737 5438 867 5509 ὅλης
894 5439 1072 5511 ψυχῆς
1097 5440 1194 5493 καὶ
1225 5440 1516 5513 παντελὴς,
1544 5441 1669 5493 ἐπεὶ
1695 5440 1790 5495 καὶ

191 5531 223 5585 ὁ
242 5530 385 5601 πρὸς
408 5529 469 5583 ὃν
486 5532 520 5601 ἡ
542 5530 911 5601 προσέλευσις,
930 5530 1245 5598 παντέλειός
1270 5532 1386 5586 ἐστι
1408 5533 1502 5587 καὶ
1523 5531 1784 5604 ἄμωμος·

283 5718 331 5744 ν’
348 5703 521 5761 Exod.
543 5721 653 5772 XIX,
672 5709 888 5777 R;xx1v,
917 5708 972 5773 5,
1002 5709 1054 5763 7.

1892 4532 1947 4577 et
1973 4538 2077 4576 non
2106 4538 2173 4577 ex
2203 4524 2319 4577 solo
2351 4522 2655 4590 Psalterio;
2684 4522 2767 4577 vel
2798 4523 3072 4577 canticum
3103 4523 3246 4579 forte
3278 4523 3466 4581 Mariae

1894 4616 2099 4670 sororis
2152 4614 2392 4685 Moysis:
2425 4615 2709 4670 Cantemus
2762 4615 3021 4680 Domino;
3072 4615 3158 4670 vel
3193 4618 3463 4687 psalmum

1894 4708 2229 4762 tricesimum
2260 4708 2476 4761 tertium
2502 4748 2517 4773 ,
2550 4718 2641 4762 aut
2674 4708 2794 4779 ejus
2837 4718 3085 4777 partem:
3117 4710 3364 4764 Accedite
3394 4713 3464 4765 ad

1892 4815 2036 4860 eum,
2082 4808 2129 4851 et
2163 4798 2570 4853 illuminamini.
2620 4799 2687 4853 Et
2736 4809 2861 4869 post
2898 4800 3014 4854 haec
3044 4816 3259 4855 sacrum
3293 4801 3466 4855 altare

1892 4887 2168 4942 osculatus
2193 4874 2491 4957 egreditur,
2525 4899 2582 4942 et
2610 4890 2945 4958 sciscitatur,
2978 4899 3037 4945 ut
3067 4890 3136 4945 ab
3163 4906 3229 4947 eo
3262 4892 3466 4947 intelli-

1891 4990 2004 5050 gal,
2037 4982 2234 5050 ecquid
2263 4983 2492 5051 petitum
2530 4982 2736 5037 veniat.
2834 5046 2837 5049 _

1965 5069 1993 5142 §
2041 5068 2105 5122 V.
2137 5069 2257 5139 Ipso
2304 5080 2481 5125 autem
2503 5111 2517 5136 ,
2547 5069 2706 5137 juxta
2738 5080 3068 5143 praeceptum
3100 5074 3460 5144 susceptoris,

1891 5165 2128 5236 priorem
2160 5164 2306 5218 illam
2337 5178 2402 5218 ac
2426 5164 2518 5219 Dei
2539 5177 2815 5221 exsortem
2835 5166 3002 5221 vitam
3033 5167 3372 5235 deplorante,
3396 5182 3461 5222 ac

1892 5276 1991 5329 per
2018 5276 2140 5314 eum
2179 5259 2273 5314 Dei
2305 5267 2619 5313 consortem
2670 5260 2790 5315 ﬁeri
2841 5260 3183 5328 poStulante,
3232 5270 3462 5314 testatur

1892 5353 1997 5421 ipsi
2030 5352 2209 5422 qualis
2237 5366 2360 5408 esse
2389 5350 2590 5406 habeat
2624 5352 2902 5418 accessio,
2938 5367 3133 5422 nempe
3164 5351 3367 5414 totalis,
3400 5360 3461 5405 et

1891 5458 1959 5497 ex
1995 5452 2102 5497 tota
2134 5441 2334 5508 anima,
2360 5452 2413 5497 et
2436 5443 2659 5497 omnino
2687 5442 2955 5511 perfecta,
2977 5457 3101 5497 cum
3133 5443 3178 5498 is
3198 5442 3267 5497 ad
3295 5457 3461 5510 quem

1895 5534 2194 5602 acceditur,
2244 5548 2470 5605 prorsus
2501 5550 2717 5607 quoque
2774 5534 3050 5607 perfectus
3078 5536 3150 5591 sit
3178 5545 3231 5590 ct
3262 5534 3459 5590 ’mma-
