  <div class='ocr_page' id='page_1' title='image "/cluster/home/n/w/nwhite01/storage/ocr_20150623/3/nnc1.0046978666/229.png"; bbox 0 0 3874 6228; ppageno 0'>
   <div class='ocr_carea' id='block_1_1' title="bbox 437 326 543 385">
    <p class='ocr_par' dir='ltr' id='par_1_1' title="bbox 437 326 543 385">
     <span class='ocr_line' id='line_1_1' title="bbox 437 326 543 385; baseline 0.057 -6"><span class='ocrx_word' id='word_1_1' title='bbox 437 326 543 385; x_wconf 66' lang='grc'><strong>413</strong></span> 
     </span>
    </p>
   </div>
   <div class='ocr_carea' id='block_1_2' title="bbox 1620 316 2513 379">
    <p class='ocr_par' dir='ltr' id='par_1_2' title="bbox 1620 316 2513 379">
     <span class='ocr_line' id='line_1_2' title="bbox 1620 316 2513 379; baseline -0.006 0"><span class='ocrx_word' id='word_1_2' title='bbox 1620 322 1674 379; x_wconf 91' lang='lat' dir='ltr'><strong>S.</strong></span> <span class='ocrx_word' id='word_1_3' title='bbox 1716 324 2016 379; x_wconf 78' lang='lat' dir='ltr'><strong>DIONYSH</strong></span> <span class='ocrx_word' id='word_1_4' title='bbox 2052 316 2513 377; x_wconf 61' lang='lat' dir='ltr'><strong>AREOPACITJE</strong></span> 
     </span>
    </p>
   </div>
   <div class='ocr_carea' id='block_1_3' title="bbox 3586 305 3694 364">
    <p class='ocr_par' dir='ltr' id='par_1_3' title="bbox 3586 305 3694 364">
     <span class='ocr_line' id='line_1_3' title="bbox 3586 305 3694 364; baseline -0.009 -1"><span class='ocrx_word' id='word_1_5' title='bbox 3586 305 3694 364; x_wconf 69' lang='lat'><em>“6</em></span> 
     </span>
    </p>
   </div>
   <div class='ocr_carea' id='block_1_4' title="bbox 430 422 2022 509">
    <p class='ocr_par' dir='ltr' id='par_1_4' title="bbox 430 443 2006 509">
     <span class='ocr_line' id='line_1_4' title="bbox 430 443 2006 509; baseline -0.008 0"><span class='ocrx_word' id='word_1_6' title='bbox 430 453 644 509; x_wconf 83' lang='lat' dir='ltr'><strong>cnlalus</strong></span> <span class='ocrx_word' id='word_1_7' title='bbox 670 468 685 506; x_wconf 90' lang='lat'><strong>:</strong></span> <span class='ocrx_word' id='word_1_8' title='bbox 710 460 839 503; x_wconf 89' lang='lat' dir='ltr'><strong>tunc</strong></span> <span class='ocrx_word' id='word_1_9' title='bbox 866 447 1012 503; x_wconf 86' lang='lat' dir='ltr'><strong>enim</strong></span> <span class='ocrx_word' id='word_1_10' title='bbox 1053 446 1191 502; x_wconf 78' lang='lat' dir='ltr'><strong>forte</strong></span> <span class='ocrx_word' id='word_1_11' title='bbox 1220 459 1327 499; x_wconf 88' lang='lat' dir='ltr'><strong>non</strong></span> <span class='ocrx_word' id='word_1_12' title='bbox 1360 451 1542 498; x_wconf 87' lang='lat' dir='ltr'><strong>totans</strong></span> <span class='ocrx_word' id='word_1_13' title='bbox 1582 452 1726 496; x_wconf 89' lang='lat' dir='ltr'><strong>esset</strong></span> <span class='ocrx_word' id='word_1_14' title='bbox 1761 443 2006 507; x_wconf 75' lang='lat' dir='ltr'><strong>dilectio,</strong></span> 
     </span>
    </p>
   </div>
   <div class='ocr_carea' id='block_1_5' title="bbox 2131 422 3698 509">
    <p class='ocr_par' dir='ltr' id='par_1_5' title="bbox 2131 422 3698 508">
     <span class='ocr_line' id='line_1_5' title="bbox 2131 422 3698 508; baseline -0.011 -15"><span class='ocrx_word' id='word_1_15' title='bbox 2131 441 2235 494; x_wconf 78' lang='grc' dir='ltr'>τότε</span> <span class='ocrx_word' id='word_1_16' title='bbox 2288 438 2396 508; x_wconf 81' lang='grc' dir='ltr'>γὰρ</span> <span class='ocrx_word' id='word_1_17' title='bbox 2426 434 2581 507; x_wconf 78' lang='grc' dir='ltr'>τυχὸν</span> <span class='ocrx_word' id='word_1_18' title='bbox 2605 433 2703 505; x_wconf 79' lang='grc' dir='ltr'>οὐχ</span> <span class='ocrx_word' id='word_1_19' title='bbox 2724 430 2879 504; x_wconf 81' lang='grc' dir='ltr'>ὁλικὴ</span> <span class='ocrx_word' id='word_1_20' title='bbox 2906 428 3112 499; x_wconf 82' lang='grc' dir='ltr'>ἐγίνετο</span> <span class='ocrx_word' id='word_1_21' title='bbox 3134 425 3199 482; x_wconf 76' lang='grc' dir='ltr'><strong>ἂν</strong></span> <span class='ocrx_word' id='word_1_22' title='bbox 3222 426 3258 496; x_wconf 77' lang='grc' dir='ltr'><strong>ἡ</strong></span> <span class='ocrx_word' id='word_1_23' title='bbox 3292 425 3593 497; x_wconf 78' lang='grc' dir='ltr'><strong>ἀγάπησις,</strong></span> <span class='ocrx_word' id='word_1_24' title='bbox 3618 422 3698 475; x_wconf 81' lang='grc' dir='ltr'><strong>ετ-</strong></span> 
     </span>
    </p>
   </div>
   <div class='ocr_carea' id='block_1_6' title="bbox 431 534 2011 608">
    <p class='ocr_par' dir='ltr' id='par_1_6' title="bbox 431 534 2011 608">
     <span class='ocr_line' id='line_1_6' title="bbox 431 534 2011 608; baseline -0.007 -11"><span class='ocrx_word' id='word_1_25' title='bbox 431 544 605 598; x_wconf 76' lang='lat' dir='ltr'><strong>sicnbi</strong></span> <span class='ocrx_word' id='word_1_26' title='bbox 663 541 968 597; x_wconf 89' lang='lat' dir='ltr'><strong>secundum</strong></span> <span class='ocrx_word' id='word_1_27' title='bbox 1005 539 1135 608; x_wconf 90' lang='lat' dir='ltr'><strong>quid</strong></span> <span class='ocrx_word' id='word_1_28' title='bbox 1170 538 1251 601; x_wconf 87' lang='lat' dir='ltr'><strong>is,</strong></span> <span class='ocrx_word' id='word_1_29' title='bbox 1296 535 1363 588; x_wconf 90' lang='lat' dir='ltr'><strong>ad</strong></span> <span class='ocrx_word' id='word_1_30' title='bbox 1402 549 1564 605; x_wconf 88' lang='lat' dir='ltr'><strong>quem</strong></span> <span class='ocrx_word' id='word_1_31' title='bbox 1613 534 1863 589; x_wconf 81' lang='lat' dir='ltr'><strong>accessio</strong></span> <span class='ocrx_word' id='word_1_32' title='bbox 1913 534 2011 601; x_wconf 86' lang='lat' dir='ltr'><strong>lit,</strong></span> 
     </span>
    </p>
   </div>
   <div class='ocr_carea' id='block_1_7' title="bbox 435 630 2013 707">
    <p class='ocr_par' dir='ltr' id='par_1_7' title="bbox 435 630 2013 707">
     <span class='ocr_line' id='line_1_7' title="bbox 435 630 2013 707; baseline -0.006 -17"><span class='ocrx_word' id='word_1_33' title='bbox 435 638 704 707; x_wconf 76' lang='lat' dir='ltr'><strong>perlectus</strong></span> <span class='ocrx_word' id='word_1_34' title='bbox 754 645 897 690; x_wconf 90' lang='lat' dir='ltr'><strong>esset</strong></span> <span class='ocrx_word' id='word_1_35' title='bbox 932 643 986 688; x_wconf 91' lang='lat' dir='ltr'><strong>et</strong></span> <span class='ocrx_word' id='word_1_36' title='bbox 1017 630 1427 697; x_wconf 79' lang='lat' dir='ltr'><strong>iminacnlatns,</strong></span> <span class='ocrx_word' id='word_1_37' title='bbox 1480 630 1625 699; x_wconf 91' lang='lat' dir='ltr'><strong>quod</strong></span> <span class='ocrx_word' id='word_1_38' title='bbox 1658 645 1761 683; x_wconf 90' lang='lat' dir='ltr'><strong>non</strong></span> <span class='ocrx_word' id='word_1_39' title='bbox 1795 638 2013 683; x_wconf 89' lang='lat' dir='ltr'><strong>vacaret</strong></span> 
     </span>
    </p>
   </div>
   <div class='ocr_carea' id='block_1_8' title="bbox 437 721 2014 799">
    <p class='ocr_par' dir='ltr' id='par_1_8' title="bbox 437 721 2014 799">
     <span class='ocr_line' id='line_1_8' title="bbox 437 721 2014 799; baseline -0.006 -16"><span class='ocrx_word' id='word_1_40' title='bbox 437 728 881 799; x_wconf 82' lang='lat' dir='ltr'><strong>reprehensione.</strong></span> <span class='ocrx_word' id='word_1_41' title='bbox 928 726 1007 779; x_wconf 81' lang='lat' dir='ltr'><strong>Ad</strong></span> <span class='ocrx_word' id='word_1_42' title='bbox 1043 725 1156 776; x_wconf 74' lang='lat' dir='ltr'><strong>lucc</strong></span> <span class='ocrx_word' id='word_1_43' title='bbox 1191 736 1345 788; x_wconf 87' lang='lat' dir='ltr'><strong>vero,</strong></span> <span class='ocrx_word' id='word_1_44' title='bbox 1392 732 1679 790; x_wconf 73' lang='lat' dir='ltr'><strong>postquam</strong></span> <span class='ocrx_word' id='word_1_45' title='bbox 1713 721 1888 789; x_wconf 93' lang='lat' dir='ltr'><strong>ipsum</strong></span> <span class='ocrx_word' id='word_1_46' title='bbox 1933 721 2014 773; x_wconf 92' lang='lat' dir='ltr'><strong>in-</strong></span> 
     </span>
    </p>
   </div>
   <div class='ocr_carea' id='block_1_9' title="bbox 434 812 2011 890">
    <p class='ocr_par' dir='ltr' id='par_1_9' title="bbox 434 812 2011 890">
     <span class='ocr_line' id='line_1_9' title="bbox 434 812 2011 890; baseline -0.008 -14"><span class='ocrx_word' id='word_1_47' title='bbox 434 823 631 877; x_wconf 87' lang='lat' dir='ltr'><strong>struxit</strong></span> <span class='ocrx_word' id='word_1_48' title='bbox 659 818 931 890; x_wconf 87' lang='lat' dir='ltr'><strong>quomodo</strong></span> <span class='ocrx_word' id='word_1_49' title='bbox 967 818 1133 871; x_wconf 88' lang='lat' dir='ltr'><strong>vitam</strong></span> <span class='ocrx_word' id='word_1_50' title='bbox 1165 829 1327 883; x_wconf 82' lang='lat' dir='ltr'><strong>agere</strong></span> <span class='ocrx_word' id='word_1_51' title='bbox 1370 830 1432 867; x_wconf 90' lang='lat' dir='ltr'><strong>ac</strong></span> <span class='ocrx_word' id='word_1_52' title='bbox 1467 814 1755 866; x_wconf 82' lang='lat' dir='ltr'><strong>instituere</strong></span> <span class='ocrx_word' id='word_1_53' title='bbox 1785 812 2011 874; x_wconf 81' lang='lat' dir='ltr'><strong>debeat,</strong></span> 
     </span>
    </p>
   </div>
   <div class='ocr_carea' id='block_1_10' title="bbox 432 904 2012 981">
    <p class='ocr_par' dir='ltr' id='par_1_10' title="bbox 432 904 2012 981">
     <span class='ocr_line' id='line_1_10' title="bbox 432 904 2012 981; baseline -0.008 -12"><span class='ocrx_word' id='word_1_54' title='bbox 432 924 487 969; x_wconf 88' lang='lat' dir='ltr'><strong>et</strong></span> <span class='ocrx_word' id='word_1_55' title='bbox 553 912 951 981; x_wconf 76' lang='lat' dir='ltr'><strong>interrogavit,</strong></span> <span class='ocrx_word' id='word_1_56' title='bbox 1008 918 1132 980; x_wconf 81' lang='lat' dir='ltr'><strong>post</strong></span> <span class='ocrx_word' id='word_1_57' title='bbox 1176 906 1627 975; x_wconf 88' lang='lat' dir='ltr'><strong>astipulationem</strong></span> <span class='ocrx_word' id='word_1_58' title='bbox 1678 904 1794 971; x_wconf 86' lang='lat' dir='ltr'><strong>ejus</strong></span> <span class='ocrx_word' id='word_1_59' title='bbox 1846 904 2012 971; x_wconf 88' lang='lat' dir='ltr'><strong>capiti</strong></span> 
     </span>
    </p>
   </div>
   <div class='ocr_carea' id='block_1_11' title="bbox 434 992 2014 1074">
    <p class='ocr_par' dir='ltr' id='par_1_11' title="bbox 434 992 2014 1074">
     <span class='ocr_line' id='line_1_11' title="bbox 434 992 2014 1074; baseline -0.008 -13"><span class='ocrx_word' id='word_1_60' title='bbox 434 992 649 1061; x_wconf 84' lang='lat' dir='ltr'><strong>manum</strong></span> <span class='ocrx_word' id='word_1_61' title='bbox 688 1004 915 1074; x_wconf 86' lang='lat' dir='ltr'><strong>imponit</strong></span> <span class='ocrx_word' id='word_1_62' title='bbox 949 1001 1295 1070; x_wconf 82' lang='lat' dir='ltr'><strong>subditisque</strong></span> <span class='ocrx_word' id='word_1_63' title='bbox 1330 1000 1438 1055; x_wconf 88' lang='lat' dir='ltr'><strong>sibi</strong></span> <span class='ocrx_word' id='word_1_64' title='bbox 1483 999 1868 1053; x_wconf 78' lang='lat' dir='ltr'><strong>sacerdotibus</strong></span> <span class='ocrx_word' id='word_1_65' title='bbox 1898 997 2014 1049; x_wconf 89' lang='lat' dir='ltr'><strong>dia-</strong></span> 
     </span>
    </p>
   </div>
   <div class='ocr_carea' id='block_1_12' title="bbox 433 1088 2015 1167">
    <p class='ocr_par' dir='ltr' id='par_1_12' title="bbox 433 1088 2015 1167">
     <span class='ocr_line' id='line_1_12' title="bbox 433 1088 2015 1167; baseline -0.006 -15"><span class='ocrx_word' id='word_1_66' title='bbox 433 1100 695 1167; x_wconf 86' lang='lat' dir='ltr'><strong>conisque</strong></span> <span class='ocrx_word' id='word_1_67' title='bbox 727 1096 973 1157; x_wconf 83' lang='lat' dir='ltr'><strong>mandat,</strong></span> <span class='ocrx_word' id='word_1_68' title='bbox 1008 1102 1067 1147; x_wconf 92' lang='lat' dir='ltr'><strong>ut</strong></span> <span class='ocrx_word' id='word_1_69' title='bbox 1103 1094 1155 1147; x_wconf 91' lang='lat' dir='ltr'><strong>in</strong></span> <span class='ocrx_word' id='word_1_70' title='bbox 1188 1107 1379 1147; x_wconf 86' lang='lat' dir='ltr'><strong>sacras</strong></span> <span class='ocrx_word' id='word_1_71' title='bbox 1431 1090 1648 1145; x_wconf 91' lang='lat' dir='ltr'><strong>tabulas</strong></span> <span class='ocrx_word' id='word_1_72' title='bbox 1679 1088 1899 1142; x_wconf 91' lang='lat' dir='ltr'><strong>nomina</strong></span> <span class='ocrx_word' id='word_1_73' title='bbox 1931 1101 2015 1143; x_wconf 82' lang='lat' dir='ltr'><strong>re-</strong></span> 
     </span>
    </p>
   </div>
   <div class='ocr_carea' id='block_1_13' title="bbox 435 1178 2013 1253">
    <p class='ocr_par' dir='ltr' id='par_1_13' title="bbox 435 1178 2013 1253">
     <span class='ocr_line' id='line_1_13' title="bbox 435 1178 2013 1253; baseline -0.006 -10"><span class='ocrx_word' id='word_1_74' title='bbox 435 1190 614 1245; x_wconf 84' lang='lat' dir='ltr'><strong>lerant</strong></span> <span class='ocrx_word' id='word_1_75' title='bbox 648 1199 758 1243; x_wconf 88' lang='lat' dir='ltr'><strong>tam</strong></span> <span class='ocrx_word' id='word_1_76' title='bbox 792 1186 1109 1243; x_wconf 90' lang='lat' dir='ltr'><strong>accedentis</strong></span> <span class='ocrx_word' id='word_1_77' title='bbox 1139 1198 1303 1253; x_wconf 87' lang='lat' dir='ltr'><strong>quam</strong></span> <span class='ocrx_word' id='word_1_78' title='bbox 1338 1182 1694 1250; x_wconf 88' lang='lat' dir='ltr'><strong>susceptoris.</strong></span> <span class='ocrx_word' id='word_1_79' title='bbox 1732 1178 1887 1235; x_wconf 88' lang='lat' dir='ltr'><strong>Hunc</strong></span> <span class='ocrx_word' id='word_1_80' title='bbox 1915 1194 2013 1234; x_wconf 83' lang='lat' dir='ltr'><strong>au-</strong></span> 
     </span>
    </p>
   </div>
   <div class='ocr_carea' id='block_1_14' title="bbox 437 1275 1581 1337">
    <p class='ocr_par' dir='ltr' id='par_1_14' title="bbox 437 1275 1581 1337">
     <span class='ocr_line' id='line_1_14' title="bbox 437 1275 1581 1337; baseline -0.009 0"><span class='ocrx_word' id='word_1_81' title='bbox 437 1293 544 1337; x_wconf 85' lang='lat' dir='ltr'><strong>tem</strong></span> <span class='ocrx_word' id='word_1_82' title='bbox 579 1284 835 1337; x_wconf 81' lang='lat' dir='ltr'><strong>existimo</strong></span> <span class='ocrx_word' id='word_1_83' title='bbox 862 1295 986 1335; x_wconf 88' lang='lat' dir='ltr'><strong>esse</strong></span> <span class='ocrx_word' id='word_1_84' title='bbox 1021 1279 1222 1332; x_wconf 91' lang='lat' dir='ltr'><strong>librum</strong></span> <span class='ocrx_word' id='word_1_85' title='bbox 1257 1275 1581 1330; x_wconf 82' lang='lat' dir='ltr'><strong>viventium.</strong></span> 
     </span>
    </p>
   </div>
   <div class='ocr_carea' id='block_1_15' title="bbox 514 1363 2013 1446">
    <p class='ocr_par' dir='ltr' id='par_1_15' title="bbox 514 1363 2013 1446">
     <span class='ocr_line' id='line_1_15' title="bbox 514 1363 2013 1446; baseline -0.007 -16"><span class='ocrx_word' id='word_1_86' title='bbox 514 1376 540 1446; x_wconf 61' lang='grc' dir='ltr'>ᾗ</span> <span class='ocrx_word' id='word_1_87' title='bbox 580 1375 665 1429; x_wconf 85' lang='lat' dir='ltr'><strong>Vl.</strong></span> <span class='ocrx_word' id='word_1_88' title='bbox 710 1374 995 1443; x_wconf 88' lang='lat' dir='ltr'><strong>Completa</strong></span> <span class='ocrx_word' id='word_1_89' title='bbox 1027 1369 1225 1424; x_wconf 85' lang='lat' dir='ltr'><strong>deinde</strong></span> <span class='ocrx_word' id='word_1_90' title='bbox 1261 1383 1429 1438; x_wconf 88' lang='lat' dir='ltr'><strong>super</strong></span> <span class='ocrx_word' id='word_1_91' title='bbox 1456 1367 1571 1435; x_wconf 87' lang='lat' dir='ltr'><strong>ipso</strong></span> <span class='ocrx_word' id='word_1_92' title='bbox 1602 1380 1706 1418; x_wconf 89' lang='lat' dir='ltr'><strong>una</strong></span> <span class='ocrx_word' id='word_1_93' title='bbox 1735 1380 1860 1419; x_wconf 89' lang='lat' dir='ltr'><strong>cum</strong></span> <span class='ocrx_word' id='word_1_94' title='bbox 1891 1363 2013 1419; x_wconf 88' lang='lat' dir='ltr'><strong>aliis</strong></span> 
     </span>
    </p>
   </div>
   <div class='ocr_carea' id='block_1_16' title="bbox 433 1457 2010 1533">
    <p class='ocr_par' dir='ltr' id='par_1_16' title="bbox 433 1457 2010 1533">
     <span class='ocr_line' id='line_1_16' title="bbox 433 1457 2010 1533; baseline -0.006 -13"><span class='ocrx_word' id='word_1_95' title='bbox 433 1468 725 1531; x_wconf 82' lang='lat' dir='ltr'><strong>Oratione,</strong></span> <span class='ocrx_word' id='word_1_96' title='bbox 784 1465 960 1533; x_wconf 85' lang='lat' dir='ltr'><strong>ipsum</strong></span> <span class='ocrx_word' id='word_1_97' title='bbox 1013 1462 1201 1525; x_wconf 78' lang='lat' dir='ltr'><strong>exuit,</strong></span> <span class='ocrx_word' id='word_1_98' title='bbox 1249 1460 1414 1515; x_wconf 88' lang='lat' dir='ltr'><strong>unica</strong></span> <span class='ocrx_word' id='word_1_99' title='bbox 1458 1457 1752 1521; x_wconf 86' lang='lat' dir='ltr'><strong>nimirum,</strong></span> <span class='ocrx_word' id='word_1_100' title='bbox 1802 1466 1857 1511; x_wconf 86' lang='lat' dir='ltr'><strong>et</strong></span> <span class='ocrx_word' id='word_1_101' title='bbox 1903 1472 2010 1510; x_wconf 91' lang='lat' dir='ltr'><strong>non</strong></span> 
     </span>
    </p>
   </div>
   <div class='ocr_carea' id='block_1_17' title="bbox 432 1552 2009 1620">
    <p class='ocr_par' dir='ltr' id='par_1_17' title="bbox 432 1552 2009 1620">
     <span class='ocr_line' id='line_1_17' title="bbox 432 1552 2009 1620; baseline -0.006 -9"><span class='ocrx_word' id='word_1_102' title='bbox 432 1558 578 1611; x_wconf 89' lang='lat' dir='ltr'><strong>onmi</strong></span> <span class='ocrx_word' id='word_1_103' title='bbox 614 1567 795 1620; x_wconf 85' lang='lat' dir='ltr'><strong>veste;</strong></span> <span class='ocrx_word' id='word_1_104' title='bbox 830 1555 1028 1609; x_wconf 78' lang='lat' dir='ltr'><strong>eximie</strong></span> <span class='ocrx_word' id='word_1_105' title='bbox 1076 1561 1328 1607; x_wconf 84' lang='lat' dir='ltr'><strong>statuens</strong></span> <span class='ocrx_word' id='word_1_106' title='bbox 1365 1566 1490 1606; x_wconf 88' lang='lat' dir='ltr'><strong>eum</strong></span> <span class='ocrx_word' id='word_1_107' title='bbox 1534 1552 1598 1604; x_wconf 92' lang='lat' dir='ltr'><strong>ad</strong></span> <span class='ocrx_word' id='word_1_108' title='bbox 1631 1552 2009 1614; x_wconf 84' lang='lat' dir='ltr'><strong>occidentem,</strong></span> 
     </span>
    </p>
   </div>
   <div class='ocr_carea' id='block_1_18' title="bbox 439 1644 2011 1714">
    <p class='ocr_par' dir='ltr' id='par_1_18' title="bbox 439 1644 2011 1714">
     <span class='ocr_line' id='line_1_18' title="bbox 439 1644 2011 1714; baseline -0.005 -13"><span class='ocrx_word' id='word_1_109' title='bbox 439 1649 697 1714; x_wconf 86' lang='lat' dir='ltr'><strong>tcrjubet</strong></span> <span class='ocrx_word' id='word_1_110' title='bbox 747 1645 1020 1701; x_wconf 83' lang='lat' dir='ltr'><strong>insulilare</strong></span> <span class='ocrx_word' id='word_1_111' title='bbox 1072 1644 1327 1708; x_wconf 62' lang='lat' dir='ltr'><strong>Satanae,</strong></span> <span class='ocrx_word' id='word_1_112' title='bbox 1367 1654 1421 1696; x_wconf 88' lang='lat' dir='ltr'><strong>et</strong></span> <span class='ocrx_word' id='word_1_113' title='bbox 1473 1644 2011 1697; x_wconf 87' lang='lat' dir='ltr'><strong>abrenuntiationem</strong></span> 
     </span>
    </p>
   </div>
   <div class='ocr_carea' id='block_1_19' title="bbox 434 1735 2007 1810">
    <p class='ocr_par' dir='ltr' id='par_1_19' title="bbox 434 1735 2007 1810">
     <span class='ocr_line' id='line_1_19' title="bbox 434 1735 2007 1810; baseline -0.003 -19"><span class='ocrx_word' id='word_1_114' title='bbox 434 1742 998 1810; x_wconf 74' lang='lat' dir='ltr'><strong>pioliteti,teretipse</strong></span> <span class='ocrx_word' id='word_1_115' title='bbox 1027 1737 1183 1806; x_wconf 78' lang='lat'><strong>181</strong></span> <span class='ocrx_word' id='word_1_116' title='bbox 1200 1736 1572 1801; x_wconf 85' lang='lat' dir='ltr'><strong>&#39;conlcstatus;</strong></span> <span class='ocrx_word' id='word_1_117' title='bbox 1610 1737 1867 1805; x_wconf 87' lang='lat' dir='ltr'><strong>quoniam</strong></span> <span class='ocrx_word' id='word_1_118' title='bbox 1905 1735 2007 1787; x_wconf 87' lang='lat' dir='ltr'><strong>hoc</strong></span> 
     </span>
    </p>
   </div>
   <div class='ocr_carea' id='block_1_20' title="bbox 2120 518 3696 597">
    <p class='ocr_par' dir='ltr' id='par_1_20' title="bbox 2120 518 3696 597">
     <span class='ocr_line' id='line_1_20' title="bbox 2120 518 3696 597; baseline -0.011 -12"><span class='ocrx_word' id='word_1_119' title='bbox 2120 549 2220 585; x_wconf 89' lang='grc' dir='ltr'><strong>που</strong></span> <span class='ocrx_word' id='word_1_120' title='bbox 2248 530 2389 585; x_wconf 89' lang='grc' dir='ltr'>κατά</span> <span class='ocrx_word' id='word_1_121' title='bbox 2426 545 2480 580; x_wconf 85' lang='grc' dir='ltr'><strong>τι</strong></span> <span class='ocrx_word' id='word_1_122' title='bbox 2507 528 2535 577; x_wconf 79' lang='lat'><strong>6</strong></span> <span class='ocrx_word' id='word_1_123' title='bbox 2559 525 2694 597; x_wconf 83' lang='grc' dir='ltr'>πρὸς</span> <span class='ocrx_word' id='word_1_124' title='bbox 2719 524 2777 577; x_wconf 82' lang='grc' dir='ltr'>ὃν</span> <span class='ocrx_word' id='word_1_125' title='bbox 2804 525 2837 595; x_wconf 81' lang='grc' dir='ltr'>ἡ</span> <span class='ocrx_word' id='word_1_126' title='bbox 2864 522 3214 594; x_wconf 87' lang='grc' dir='ltr'>προσέλευσις</span> <span class='ocrx_word' id='word_1_127' title='bbox 3235 518 3548 581; x_wconf 84' lang='grc' dir='ltr'>παντέλειός</span> <span class='ocrx_word' id='word_1_128' title='bbox 3574 518 3696 569; x_wconf 84' lang='grc' dir='ltr'>ἐστι</span> 
     </span>
    </p>
   </div>
   <div class='ocr_carea' id='block_1_21' title="bbox 2116 610 3697 693">
    <p class='ocr_par' dir='ltr' id='par_1_21' title="bbox 2116 610 3697 693">
     <span class='ocr_line' id='line_1_21' title="bbox 2116 610 3697 693; baseline -0.009 -16"><span class='ocrx_word' id='word_1_129' title='bbox 2116 626 2209 677; x_wconf 68' lang='grc' dir='ltr'>καὶ</span> <span class='ocrx_word' id='word_1_130' title='bbox 2247 622 2508 693; x_wconf 81' lang='grc' dir='ltr'><strong>ἄμωμος,</strong></span> <span class='ocrx_word' id='word_1_131' title='bbox 2550 620 2611 673; x_wconf 85' lang='grc' dir='ltr'><strong>τὸ</strong></span> <span class='ocrx_word' id='word_1_132' title='bbox 2650 618 2959 688; x_wconf 83' lang='grc' dir='ltr'>ἐπίμομφον</span> <span class='ocrx_word' id='word_1_133' title='bbox 2983 610 3145 686; x_wconf 71' lang='grc' dir='ltr'>εἶχεν.</span> <span class='ocrx_word' id='word_1_134' title='bbox 3176 615 3294 667; x_wconf 84' lang='grc' dir='ltr'>Ἔτι</span> <span class='ocrx_word' id='word_1_135' title='bbox 3327 613 3385 666; x_wconf 81' lang='grc' dir='ltr'>δὲ</span> <span class='ocrx_word' id='word_1_136' title='bbox 3409 613 3504 665; x_wconf 72' lang='grc' dir='ltr'><strong>καὶ</strong></span> <span class='ocrx_word' id='word_1_137' title='bbox 3541 612 3697 675; x_wconf 78' lang='grc' dir='ltr'>ὅπως</span> 
     </span>
    </p>
   </div>
   <div class='ocr_carea' id='block_1_22' title="bbox 2114 704 3701 781">
    <p class='ocr_par' dir='ltr' id='par_1_22' title="bbox 2114 704 3701 781">
     <span class='ocr_line' id='line_1_22' title="bbox 2114 704 3701 781; baseline -0.009 -14"><span class='ocrx_word' id='word_1_138' title='bbox 2114 713 2320 781; x_wconf 75' lang='grc' dir='ltr'><strong>διάγειν</strong></span> <span class='ocrx_word' id='word_1_139' title='bbox 2347 712 2441 765; x_wconf 76' lang='grc' dir='ltr'><strong>καὶ</strong></span> <span class='ocrx_word' id='word_1_140' title='bbox 2469 708 2845 763; x_wconf 88' lang='grc' dir='ltr'>πολιτεύεσθαι</span> <span class='ocrx_word' id='word_1_141' title='bbox 2868 707 3288 777; x_wconf 77' lang='grc' dir='ltr'>ὑφηγησάμενος</span> <span class='ocrx_word' id='word_1_142' title='bbox 3306 744 3321 772; x_wconf 94' lang='grc'><strong>,</strong></span> <span class='ocrx_word' id='word_1_143' title='bbox 3362 704 3457 756; x_wconf 76' lang='grc' dir='ltr'>καὶ</span> <span class='ocrx_word' id='word_1_144' title='bbox 3497 718 3701 773; x_wconf 86' lang='grc' dir='ltr'>προσε-</span> 
     </span>
    </p>
   </div>
   <div class='ocr_carea' id='block_1_23' title="bbox 2116 795 3700 876">
    <p class='ocr_par' dir='ltr' id='par_1_23' title="bbox 2116 795 3700 876">
     <span class='ocr_line' id='line_1_23' title="bbox 2116 795 3700 876; baseline -0.007 -20"><span class='ocrx_word' id='word_1_145' title='bbox 2116 805 2385 876; x_wconf 86' lang='grc' dir='ltr'>ρωτήσας,</span> <span class='ocrx_word' id='word_1_146' title='bbox 2418 800 2555 873; x_wconf 85' lang='grc' dir='ltr'><strong>μετὰ</strong></span> <span class='ocrx_word' id='word_1_147' title='bbox 2580 800 2675 871; x_wconf 81' lang='grc' dir='ltr'>τὴν</span> <span class='ocrx_word' id='word_1_148' title='bbox 2699 798 2988 870; x_wconf 83' lang='grc' dir='ltr'><strong>ὁμολογίαν</strong></span> <span class='ocrx_word' id='word_1_149' title='bbox 3014 797 3243 863; x_wconf 85' lang='grc' dir='ltr'>ἐκείνου,</span> <span class='ocrx_word' id='word_1_150' title='bbox 3266 795 3386 849; x_wconf 84' lang='grc' dir='ltr'>τότε</span> <span class='ocrx_word' id='word_1_151' title='bbox 3411 796 3513 866; x_wconf 88' lang='grc' dir='ltr'>τὴν</span> <span class='ocrx_word' id='word_1_152' title='bbox 3536 796 3700 864; x_wconf 84' lang='grc' dir='ltr'>χεῖρα</span> 
     </span>
    </p>
   </div>
   <div class='ocr_carea' id='block_1_24' title="bbox 2112 887 3699 967">
    <p class='ocr_par' dir='ltr' id='par_1_24' title="bbox 2112 887 3699 967">
     <span class='ocr_line' id='line_1_24' title="bbox 2112 887 3699 967; baseline -0.006 -18"><span class='ocrx_word' id='word_1_153' title='bbox 2112 900 2177 967; x_wconf 79' lang='grc' dir='ltr'>τῇ</span> <span class='ocrx_word' id='word_1_154' title='bbox 2225 896 2433 965; x_wconf 80' lang='grc' dir='ltr'><strong>κεφαλῇ</strong></span> <span class='ocrx_word' id='word_1_155' title='bbox 2476 893 2785 965; x_wconf 72' lang='grc' dir='ltr'><strong>ἐπιτίθησι,</strong></span> <span class='ocrx_word' id='word_1_156' title='bbox 2834 892 2928 945; x_wconf 76' lang='grc' dir='ltr'><strong>καὶ</strong></span> <span class='ocrx_word' id='word_1_157' title='bbox 2975 890 3187 945; x_wconf 84' lang='grc' dir='ltr'>κελεύει</span> <span class='ocrx_word' id='word_1_158' title='bbox 3235 892 3349 955; x_wconf 77' lang='grc' dir='ltr'>τοῖς</span> <span class='ocrx_word' id='word_1_159' title='bbox 3393 888 3487 941; x_wconf 81' lang='grc' dir='ltr'>ὑπ’</span> <span class='ocrx_word' id='word_1_160' title='bbox 3531 887 3699 940; x_wconf 79' lang='grc' dir='ltr'>αὑτὸν</span> 
     </span>
    </p>
   </div>
   <div class='ocr_carea' id='block_1_25' title="bbox 2114 979 3699 1059">
    <p class='ocr_par' dir='ltr' id='par_1_25' title="bbox 2114 979 3699 1059">
     <span class='ocr_line' id='line_1_25' title="bbox 2114 979 3699 1059; baseline -0.005 -20"><span class='ocrx_word' id='word_1_161' title='bbox 2114 987 2504 1059; x_wconf 76' lang='grc' dir='ltr'>πρεσϐυτέροις</span> <span class='ocrx_word' id='word_1_162' title='bbox 2549 988 2643 1040; x_wconf 75' lang='grc' dir='ltr'>καὶ</span> <span class='ocrx_word' id='word_1_163' title='bbox 2688 984 2955 1048; x_wconf 83' lang='grc' dir='ltr'><strong>διακόνοις</strong></span> <span class='ocrx_word' id='word_1_164' title='bbox 3002 985 3059 1037; x_wconf 90' lang='grc' dir='ltr'><strong>ἐν</strong></span> <span class='ocrx_word' id='word_1_165' title='bbox 3096 983 3302 1041; x_wconf 76' lang='grc' dir='ltr'><strong>δέλτοις</strong></span> <span class='ocrx_word' id='word_1_166' title='bbox 3341 981 3516 1051; x_wconf 82' lang='grc' dir='ltr'>ἱεραῖς</span> <span class='ocrx_word' id='word_1_167' title='bbox 3560 979 3699 1032; x_wconf 82' lang='grc' dir='ltr'>ἁπο-</span> 
     </span>
    </p>
   </div>
   <div class='ocr_carea' id='block_1_26' title="bbox 2113 1070 3699 1150">
    <p class='ocr_par' dir='ltr' id='par_1_26' title="bbox 2113 1070 3699 1150">
     <span class='ocr_line' id='line_1_26' title="bbox 2113 1070 3699 1150; baseline -0.008 -17"><span class='ocrx_word' id='word_1_168' title='bbox 2113 1079 2425 1150; x_wconf 78' lang='grc' dir='ltr'>γράψασθαι</span> <span class='ocrx_word' id='word_1_169' title='bbox 2465 1078 2533 1132; x_wconf 81' lang='grc' dir='ltr'><strong>τὰ</strong></span> <span class='ocrx_word' id='word_1_170' title='bbox 2569 1078 2842 1148; x_wconf 84' lang='grc' dir='ltr'>ὀνόματα,</span> <span class='ocrx_word' id='word_1_171' title='bbox 2904 1074 3000 1128; x_wconf 89' lang='grc' dir='ltr'><strong>τοῦ</strong></span> <span class='ocrx_word' id='word_1_172' title='bbox 3036 1092 3096 1127; x_wconf 90' lang='grc' dir='ltr'><strong>τε</strong></span> <span class='ocrx_word' id='word_1_173' title='bbox 3158 1072 3546 1145; x_wconf 81' lang='grc' dir='ltr'>προσελθόντος</span> <span class='ocrx_word' id='word_1_174' title='bbox 3604 1070 3699 1127; x_wconf 76' lang='grc' dir='ltr'><strong>καὶ</strong></span> 
     </span>
    </p>
   </div>
   <div class='ocr_carea' id='block_1_27' title="bbox 2110 1160 3701 1238">
    <p class='ocr_par' dir='ltr' id='par_1_27' title="bbox 2110 1160 3701 1238">
     <span class='ocr_line' id='line_1_27' title="bbox 2110 1160 3701 1238; baseline -0.006 -16"><span class='ocrx_word' id='word_1_175' title='bbox 2110 1168 2207 1222; x_wconf 88' lang='grc' dir='ltr'><strong>τοῦ</strong></span> <span class='ocrx_word' id='word_1_176' title='bbox 2232 1168 2511 1238; x_wconf 85' lang='grc' dir='ltr'>ἁναδόχου.</span> <span class='ocrx_word' id='word_1_177' title='bbox 2549 1167 2733 1220; x_wconf 90' lang='grc' dir='ltr'>Ταῦτα</span> <span class='ocrx_word' id='word_1_178' title='bbox 2759 1168 2816 1220; x_wconf 90' lang='grc' dir='ltr'><strong>δέ</strong></span> <span class='ocrx_word' id='word_1_179' title='bbox 2837 1207 2852 1234; x_wconf 90' lang='grc'><strong>,</strong></span> <span class='ocrx_word' id='word_1_180' title='bbox 2884 1162 3068 1237; x_wconf 83' lang='grc' dir='ltr'>οἶμαι,</span> <span class='ocrx_word' id='word_1_181' title='bbox 3097 1165 3204 1218; x_wconf 68' lang='grc' dir='ltr'>εἰσὶ</span> <span class='ocrx_word' id='word_1_182' title='bbox 3231 1164 3301 1217; x_wconf 77' lang='grc' dir='ltr'>τὰ</span> <span class='ocrx_word' id='word_1_183' title='bbox 3333 1162 3441 1216; x_wconf 86' lang='grc' dir='ltr'><strong>τῶν</strong></span> <span class='ocrx_word' id='word_1_184' title='bbox 3479 1160 3701 1225; x_wconf 77' lang='grc' dir='ltr'>ζώντων</span> 
     </span>
    </p>
   </div>
   <div class='ocr_carea' id='block_1_28' title="bbox 2110 1259 2360 1331">
    <p class='ocr_par' dir='ltr' id='par_1_28' title="bbox 2110 1259 2360 1331">
     <span class='ocr_line' id='line_1_28' title="bbox 2110 1259 2360 1331; baseline 0 -18"><span class='ocrx_word' id='word_1_185' title='bbox 2110 1259 2360 1331; x_wconf 84' lang='grc' dir='ltr'>δίπτυχα.</span> 
     </span>
    </p>
   </div>
   <div class='ocr_carea' id='block_1_29' title="bbox 2184 1371 3703 1453">
    <p class='ocr_par' dir='ltr' id='par_1_29' title="bbox 2184 1371 3703 1453">
     <span class='ocr_line' id='line_1_29' title="bbox 2184 1371 3703 1453; baseline -0.007 -20"><span class='ocrx_word' id='word_1_186' title='bbox 2184 1377 2211 1449; x_wconf 79' lang='lat'>§</span> <span class='ocrx_word' id='word_1_187' title='bbox 2238 1379 2323 1436; x_wconf 88' lang='lat' dir='ltr'><strong>VI.</strong></span> <span class='ocrx_word' id='word_1_188' title='bbox 2352 1375 2506 1442; x_wconf 77' lang='grc' dir='ltr'>Εἶτα,</span> <span class='ocrx_word' id='word_1_189' title='bbox 2536 1375 2943 1451; x_wconf 72' lang='grc' dir='ltr'>συμπληρώσας</span> <span class='ocrx_word' id='word_1_190' title='bbox 2968 1379 3081 1439; x_wconf 83' lang='grc' dir='ltr'>τοῖς</span> <span class='ocrx_word' id='word_1_191' title='bbox 3105 1375 3283 1438; x_wconf 73' lang='grc' dir='ltr'>ἄλλοις</span> <span class='ocrx_word' id='word_1_192' title='bbox 3310 1374 3407 1453; x_wconf 60' lang='grc' dir='ltr'><strong>ἐπ’⁸</strong></span> <span class='ocrx_word' id='word_1_193' title='bbox 3425 1371 3581 1443; x_wconf 78' lang='grc' dir='ltr'>αὐτῷ</span> <span class='ocrx_word' id='word_1_194' title='bbox 3603 1372 3703 1444; x_wconf 70' lang='grc' dir='ltr'><strong>τὴν</strong></span> 
     </span>
    </p>
   </div>
   <div class='ocr_carea' id='block_1_30' title="bbox 2114 1466 3702 1541">
    <p class='ocr_par' dir='ltr' id='par_1_30' title="bbox 2114 1466 3702 1541">
     <span class='ocr_line' id='line_1_30' title="bbox 2114 1466 3702 1541; baseline -0.003 -19"><span class='ocrx_word' id='word_1_195' title='bbox 2114 1470 2279 1541; x_wconf 72' lang='grc' dir='ltr'>εὐχὴν</span> <span class='ocrx_word' id='word_1_196' title='bbox 2299 1510 2312 1534; x_wconf 94' lang='grc'><strong>,</strong></span> <span class='ocrx_word' id='word_1_197' title='bbox 2364 1470 2794 1540; x_wconf 79' lang='grc' dir='ltr'>ἁπαμφιέννυσιν</span> <span class='ocrx_word' id='word_1_198' title='bbox 2815 1510 2828 1534; x_wconf 96' lang='grc'><strong>,</strong></span> <span class='ocrx_word' id='word_1_199' title='bbox 2859 1468 2917 1521; x_wconf 86' lang='grc' dir='ltr'>ἒν</span> <span class='ocrx_word' id='word_1_200' title='bbox 2943 1471 3156 1539; x_wconf 78' lang='grc' dir='ltr'>ἱμάτιον</span> <span class='ocrx_word' id='word_1_201' title='bbox 3180 1466 3422 1537; x_wconf 77' lang='grc' dir='ltr'>δηλονότι</span> <span class='ocrx_word' id='word_1_202' title='bbox 3445 1505 3460 1530; x_wconf 89' lang='grc'><strong>,</strong></span> <span class='ocrx_word' id='word_1_203' title='bbox 3505 1468 3602 1519; x_wconf 74' lang='grc' dir='ltr'>καὶ</span> <span class='ocrx_word' id='word_1_204' title='bbox 3641 1467 3702 1517; x_wconf 73' lang='grc' dir='ltr'>οὗ</span> 
     </span>
    </p>
   </div>
   <div class='ocr_carea' id='block_1_31' title="bbox 2113 1556 3703 1633">
    <p class='ocr_par' dir='ltr' id='par_1_31' title="bbox 2113 1556 3703 1633">
     <span class='ocr_line' id='line_1_31' title="bbox 2113 1556 3703 1633; baseline -0.003 -20"><span class='ocrx_word' id='word_1_205' title='bbox 2113 1564 2293 1615; x_wconf 76' lang='grc' dir='ltr'>πᾶσαν</span> <span class='ocrx_word' id='word_1_206' title='bbox 2331 1562 2427 1633; x_wconf 82' lang='grc' dir='ltr'>τὴν</span> <span class='ocrx_word' id='word_1_207' title='bbox 2465 1563 2702 1633; x_wconf 80' lang='grc' dir='ltr'>ἐσθῆτα·</span> <span class='ocrx_word' id='word_1_208' title='bbox 2742 1557 2861 1614; x_wconf 78' lang='grc' dir='ltr'>εἶτα</span> <span class='ocrx_word' id='word_1_209' title='bbox 2905 1560 3242 1631; x_wconf 62' lang='grc' dir='ltr'>ἐπιστρέψας</span> <span class='ocrx_word' id='word_1_210' title='bbox 3286 1559 3425 1630; x_wconf 74' lang='grc' dir='ltr'>πρὸς</span> <span class='ocrx_word' id='word_1_211' title='bbox 3464 1556 3703 1629; x_wconf 74' lang='grc' dir='ltr'>δυσμὰς,</span> 
     </span>
    </p>
   </div>
   <div class='ocr_carea' id='block_1_32' title="bbox 2109 1650 3707 1727">
    <p class='ocr_par' dir='ltr' id='par_1_32' title="bbox 2109 1650 3707 1727">
     <span class='ocr_line' id='line_1_32' title="bbox 2109 1650 3707 1727; baseline -0.003 -20"><span class='ocrx_word' id='word_1_212' title='bbox 2109 1656 2229 1727; x_wconf 71' lang='grc' dir='ltr'>τρὶς</span> <span class='ocrx_word' id='word_1_213' title='bbox 2254 1657 2565 1726; x_wconf 69' lang='grc' dir='ltr'>ἐμφυσῆσαι</span> <span class='ocrx_word' id='word_1_214' title='bbox 2593 1654 2671 1724; x_wconf 83' lang='grc' dir='ltr'>τῷ</span> <span class='ocrx_word' id='word_1_215' title='bbox 2701 1654 2916 1723; x_wconf 77' lang='grc' dir='ltr'>Σατανᾷ</span> <span class='ocrx_word' id='word_1_216' title='bbox 2952 1651 3345 1713; x_wconf 79' lang='grc' dir='ltr'>διακελεύεται,</span> <span class='ocrx_word' id='word_1_217' title='bbox 3377 1652 3472 1704; x_wconf 79' lang='grc' dir='ltr'>καὶ</span> <span class='ocrx_word' id='word_1_218' title='bbox 3508 1650 3707 1721; x_wconf 84' lang='grc' dir='ltr'>ὁμολο-</span> 
     </span>
    </p>
   </div>
   <div class='ocr_carea' id='block_1_33' title="bbox 2116 1742 3702 1815">
    <p class='ocr_par' dir='ltr' id='par_1_33' title="bbox 2116 1742 3702 1815">
     <span class='ocr_line' id='line_1_33' title="bbox 2116 1742 3702 1815; baseline -0.001 -20"><span class='ocrx_word' id='word_1_219' title='bbox 2116 1744 2283 1813; x_wconf 76' lang='grc' dir='ltr'>γῆσαι</span> <span class='ocrx_word' id='word_1_220' title='bbox 2306 1745 2375 1797; x_wconf 77' lang='grc' dir='ltr'>τὰ</span> <span class='ocrx_word' id='word_1_221' title='bbox 2393 1745 2489 1815; x_wconf 83' lang='grc' dir='ltr'>τῆς</span> <span class='ocrx_word' id='word_1_222' title='bbox 2510 1744 2809 1814; x_wconf 83' lang='grc' dir='ltr'>ἁποταγῆς,</span> <span class='ocrx_word' id='word_1_223' title='bbox 2829 1743 2947 1813; x_wconf 71' lang='grc' dir='ltr'>τρὶς</span> <span class='ocrx_word' id='word_1_224' title='bbox 2968 1743 3060 1795; x_wconf 78' lang='grc' dir='ltr'>καὶ</span> <span class='ocrx_word' id='word_1_225' title='bbox 3082 1742 3241 1806; x_wconf 74' lang='grc' dir='ltr'>αὐτὸς</span> <span class='ocrx_word' id='word_1_226' title='bbox 3265 1742 3702 1814; x_wconf 85' lang='grc' dir='ltr'>μαρτυρόμενος,</span> 
     </span>
    </p>
   </div>
   <div class='ocr_carea' id='block_1_34' title="bbox 434 1805 2022 1904">
    <p class='ocr_par' dir='ltr' id='par_1_34' title="bbox 434 1805 2013 1899">
     <span class='ocr_line' id='line_1_34' title="bbox 434 1805 2013 1899; baseline -0.001 -15"><span class='ocrx_word' id='word_1_227' title='bbox 434 1805 589 1887; x_wconf 68' lang='lat' dir='ltr'><strong>lacis.</strong></span> <span class='ocrx_word' id='word_1_228' title='bbox 634 1833 837 1887; x_wconf 77' lang='lat' dir='ltr'><strong>Deinde</strong></span> <span class='ocrx_word' id='word_1_229' title='bbox 880 1805 1157 1885; x_wconf 71' lang='lat' dir='ltr'><strong>transfert</strong></span> <span class='ocrx_word' id='word_1_230' title='bbox 1195 1832 1262 1884; x_wconf 84' lang='lat' dir='ltr'><strong>ad</strong></span> <span class='ocrx_word' id='word_1_231' title='bbox 1291 1833 1589 1892; x_wconf 83' lang='lat' dir='ltr'><strong>orientem,</strong></span> <span class='ocrx_word' id='word_1_232' title='bbox 1614 1830 1833 1899; x_wconf 84' lang='lat' dir='ltr'><strong>Deoqne</strong></span> <span class='ocrx_word' id='word_1_233' title='bbox 1852 1828 2013 1897; x_wconf 82' lang='lat' dir='ltr'><strong>jubet</strong></span> 
     </span>
    </p>
   </div>
   <div class='ocr_carea' id='block_1_35' title="bbox 2131 1805 3706 1904">
    <p class='ocr_par' dir='ltr' id='par_1_35' title="bbox 2131 1829 3706 1904">
     <span class='ocr_line' id='line_1_35' title="bbox 2131 1829 3706 1904; baseline -0.003 -18"><span class='ocrx_word' id='word_1_234' title='bbox 2131 1835 2196 1886; x_wconf 83' lang='grc' dir='ltr'>5τι</span> <span class='ocrx_word' id='word_1_235' title='bbox 2235 1836 2406 1897; x_wconf 80' lang='grc' dir='ltr'>ποιεῖς</span> <span class='ocrx_word' id='word_1_236' title='bbox 2435 1833 2611 1888; x_wconf 90' lang='grc' dir='ltr'>τοῦτο.</span> <span class='ocrx_word' id='word_1_237' title='bbox 2646 1829 2777 1887; x_wconf 81' lang='grc' dir='ltr'>Εἶτα</span> <span class='ocrx_word' id='word_1_238' title='bbox 2808 1832 3034 1904; x_wconf 79' lang='grc' dir='ltr'>μετάγει</span> <span class='ocrx_word' id='word_1_239' title='bbox 3062 1831 3198 1901; x_wconf 84' lang='grc' dir='ltr'>πρὸς</span> <span class='ocrx_word' id='word_1_240' title='bbox 3221 1831 3314 1895; x_wconf 75' lang='grc' dir='ltr'><strong>ἕω,</strong></span> <span class='ocrx_word' id='word_1_241' title='bbox 3360 1830 3558 1901; x_wconf 76' lang='grc' dir='ltr'>καὶτῷ</span> <span class='ocrx_word' id='word_1_242' title='bbox 3581 1830 3706 1901; x_wconf 85' lang='grc' dir='ltr'><strong>Θεῷ</strong></span> 
     </span>
    </p>
   </div>
   <div class='ocr_carea' id='block_1_36' title="bbox 430 1922 2015 1995">
    <p class='ocr_par' dir='ltr' id='par_1_36' title="bbox 430 1922 2015 1995">
     <span class='ocr_line' id='line_1_36' title="bbox 430 1922 2015 1995; baseline -0.001 -17"><span class='ocrx_word' id='word_1_243' title='bbox 430 1925 764 1990; x_wconf 85' lang='lat' dir='ltr'><strong>consentire,</strong></span> <span class='ocrx_word' id='word_1_244' title='bbox 818 1932 1163 1995; x_wconf 82' lang='lat' dir='ltr'><strong>protestatus</strong></span> <span class='ocrx_word' id='word_1_245' title='bbox 1198 1932 1253 1976; x_wconf 92' lang='lat' dir='ltr'><strong>et</strong></span> <span class='ocrx_word' id='word_1_246' title='bbox 1306 1924 1395 1978; x_wconf 91' lang='lat' dir='ltr'><strong>hic</strong></span> <span class='ocrx_word' id='word_1_247' title='bbox 1443 1922 1643 1992; x_wconf 84' lang='lat' dir='ltr'><strong>triplici</strong></span> <span class='ocrx_word' id='word_1_248' title='bbox 1673 1922 2015 1991; x_wconf 85' lang='lat' dir='ltr'><strong>professione</strong></span> 
     </span>
    </p>
   </div>
   <div class='ocr_carea' id='block_1_37' title="bbox 434 2017 619 2070">
    <p class='ocr_par' dir='ltr' id='par_1_37' title="bbox 434 2017 619 2070">
     <span class='ocr_line' id='line_1_37' title="bbox 434 2017 619 2070; baseline -0.011 0"><span class='ocrx_word' id='word_1_249' title='bbox 434 2017 619 2070; x_wconf 81' lang='lat' dir='ltr'><strong>Iidem.</strong></span> 
     </span>
    </p>
   </div>
   <div class='ocr_carea' id='block_1_38' title="bbox 508 2106 2016 2184">
    <p class='ocr_par' dir='ltr' id='par_1_38' title="bbox 508 2106 2016 2184">
     <span class='ocr_line' id='line_1_38' title="bbox 508 2106 2016 2184; baseline -0.002 -19"><span class='ocrx_word' id='word_1_250' title='bbox 508 2110 663 2184; x_wconf 81' lang='lat' dir='ltr'><strong>§Vll.</strong></span> <span class='ocrx_word' id='word_1_251' title='bbox 688 2110 797 2164; x_wconf 86' lang='lat' dir='ltr'><strong>liac</strong></span> <span class='ocrx_word' id='word_1_252' title='bbox 814 2110 997 2179; x_wconf 81' lang='lat' dir='ltr'><strong>itaque</strong></span> <span class='ocrx_word' id='word_1_253' title='bbox 1022 2123 1185 2179; x_wconf 88' lang='lat' dir='ltr'><strong>prece</strong></span> <span class='ocrx_word' id='word_1_254' title='bbox 1211 2108 1374 2175; x_wconf 82' lang='lat' dir='ltr'><strong>facta,</strong></span> <span class='ocrx_word' id='word_1_255' title='bbox 1401 2107 1638 2162; x_wconf 83' lang='lat' dir='ltr'><strong>ministri</strong></span> <span class='ocrx_word' id='word_1_256' title='bbox 1658 2106 1815 2177; x_wconf 91' lang='lat' dir='ltr'><strong>plane</strong></span> <span class='ocrx_word' id='word_1_257' title='bbox 1840 2107 2016 2177; x_wconf 88' lang='lat' dir='ltr'><strong>ipsum</strong></span> 
     </span>
    </p>
   </div>
   <div class='ocr_carea' id='block_1_39' title="bbox 434 2200 2018 2271">
    <p class='ocr_par' dir='ltr' id='par_1_39' title="bbox 434 2200 2018 2271">
     <span class='ocr_line' id='line_1_39' title="bbox 434 2200 2018 2271; baseline -0.001 -13"><span class='ocrx_word' id='word_1_258' title='bbox 434 2214 660 2267; x_wconf 81' lang='lat' dir='ltr'><strong>exnmit,</strong></span> <span class='ocrx_word' id='word_1_259' title='bbox 689 2214 747 2256; x_wconf 92' lang='lat' dir='ltr'><strong>ut</strong></span> <span class='ocrx_word' id='word_1_260' title='bbox 771 2218 927 2257; x_wconf 88' lang='lat' dir='ltr'><strong>sacro</strong></span> <span class='ocrx_word' id='word_1_261' title='bbox 951 2202 1070 2258; x_wconf 94' lang='lat' dir='ltr'><strong>oleo</strong></span> <span class='ocrx_word' id='word_1_262' title='bbox 1114 2204 1427 2271; x_wconf 81' lang='lat' dir='ltr'><strong>inungatur.</strong></span> <span class='ocrx_word' id='word_1_263' title='bbox 1462 2200 1599 2255; x_wconf 90' lang='lat' dir='ltr'><strong>Dum</strong></span> <span class='ocrx_word' id='word_1_264' title='bbox 1624 2210 1803 2255; x_wconf 89' lang='lat' dir='ltr'><strong>autem</strong></span> <span class='ocrx_word' id='word_1_265' title='bbox 1835 2218 2018 2258; x_wconf 88' lang='lat' dir='ltr'><strong>sacer-</strong></span> 
     </span>
    </p>
   </div>
   <div class='ocr_carea' id='block_1_40' title="bbox 435 2295 2018 2367">
    <p class='ocr_par' dir='ltr' id='par_1_40' title="bbox 435 2295 2018 2367">
     <span class='ocr_line' id='line_1_40' title="bbox 435 2295 2018 2367; baseline 0 -18"><span class='ocrx_word' id='word_1_266' title='bbox 435 2296 593 2351; x_wconf 81' lang='lat' dir='ltr'><strong>dotes</strong></span> <span class='ocrx_word' id='word_1_267' title='bbox 642 2312 763 2351; x_wconf 89' lang='lat' dir='ltr'><strong>eum</strong></span> <span class='ocrx_word' id='word_1_268' title='bbox 812 2297 1108 2367; x_wconf 81' lang='lat' dir='ltr'><strong>inungunt,</strong></span> <span class='ocrx_word' id='word_1_269' title='bbox 1154 2295 1407 2350; x_wconf 83' lang='lat' dir='ltr'><strong>Pontifex</strong></span> <span class='ocrx_word' id='word_1_270' title='bbox 1453 2296 1521 2350; x_wconf 90' lang='lat' dir='ltr'><strong>ad</strong></span> <span class='ocrx_word' id='word_1_271' title='bbox 1570 2296 1877 2364; x_wconf 90' lang='lat' dir='ltr'><strong>adoptionis</strong></span> <span class='ocrx_word' id='word_1_272' title='bbox 1904 2310 2018 2349; x_wconf 86' lang='lat' dir='ltr'><strong>ma-</strong></span> 
     </span>
    </p>
   </div>
   <div class='ocr_carea' id='block_1_41' title="bbox 437 2387 2017 2458">
    <p class='ocr_par' dir='ltr' id='par_1_41' title="bbox 437 2387 2017 2458">
     <span class='ocr_line' id='line_1_41' title="bbox 437 2387 2017 2458; baseline 0 -15"><span class='ocrx_word' id='word_1_273' title='bbox 437 2399 577 2443; x_wconf 83' lang='lat' dir='ltr'><strong>trem</strong></span> <span class='ocrx_word' id='word_1_274' title='bbox 635 2390 751 2443; x_wconf 85' lang='lat' dir='ltr'><strong>sive</strong></span> <span class='ocrx_word' id='word_1_275' title='bbox 804 2390 1185 2458; x_wconf 80' lang='lat' dir='ltr'><strong>baptisterium</strong></span> <span class='ocrx_word' id='word_1_276' title='bbox 1235 2388 1467 2454; x_wconf 85' lang='lat' dir='ltr'><strong>accedit,</strong></span> <span class='ocrx_word' id='word_1_277' title='bbox 1532 2387 2017 2457; x_wconf 80' lang='lat' dir='ltr'><strong>ibidemqne‘cum</strong></span> 
     </span>
    </p>
   </div>
   <div class='ocr_carea' id='block_1_42' title="bbox 437 2478 2017 2549">
    <p class='ocr_par' dir='ltr' id='par_1_42' title="bbox 437 2478 2017 2549">
     <span class='ocr_line' id='line_1_42' title="bbox 437 2478 2017 2549; baseline 0.003 -20"><span class='ocrx_word' id='word_1_278' title='bbox 437 2492 634 2547; x_wconf 85' lang='lat' dir='ltr'><strong>aquam</strong></span> <span class='ocrx_word' id='word_1_279' title='bbox 667 2478 968 2542; x_wconf 80' lang='lat' dir='ltr'><strong>benedixit,</strong></span> <span class='ocrx_word' id='word_1_280' title='bbox 1001 2488 1164 2547; x_wconf 89' lang='lat' dir='ltr'><strong>atque</strong></span> <span class='ocrx_word' id='word_1_281' title='bbox 1192 2478 1444 2532; x_wconf 86' lang='lat' dir='ltr'><strong>recitavit</strong></span> <span class='ocrx_word' id='word_1_282' title='bbox 1494 2493 1715 2533; x_wconf 87' lang='lat' dir='ltr'><strong>sacrum</strong></span> <span class='ocrx_word' id='word_1_283' title='bbox 1755 2481 2017 2549; x_wconf 88' lang='lat' dir='ltr'><strong>hymnum</strong></span> 
     </span>
    </p>
   </div>
   <div class='ocr_carea' id='block_1_43' title="bbox 438 2568 2018 2640">
    <p class='ocr_par' dir='ltr' id='par_1_43' title="bbox 438 2568 2018 2640">
     <span class='ocr_line' id='line_1_43' title="bbox 438 2568 2018 2640; baseline 0.003 -18"><span class='ocrx_word' id='word_1_284' title='bbox 438 2569 615 2622; x_wconf 84' lang='lat' dir='ltr'><strong>sancti</strong></span> <span class='ocrx_word' id='word_1_285' title='bbox 644 2568 880 2639; x_wconf 89' lang='lat' dir='ltr'><strong>Spiritus</strong></span> <span class='ocrx_word' id='word_1_286' title='bbox 906 2570 1021 2639; x_wconf 90' lang='lat' dir='ltr'><strong>(qui</strong></span> <span class='ocrx_word' id='word_1_287' title='bbox 1064 2582 1289 2625; x_wconf 87' lang='lat' dir='ltr'><strong>sanctus</strong></span> <span class='ocrx_word' id='word_1_288' title='bbox 1337 2569 1575 2640; x_wconf 89' lang='lat' dir='ltr'><strong>Spiritus</strong></span> <span class='ocrx_word' id='word_1_289' title='bbox 1600 2583 1684 2627; x_wconf 88' lang='lat' dir='ltr'><strong>est</strong></span> <span class='ocrx_word' id='word_1_290' title='bbox 1709 2573 2018 2627; x_wconf 88' lang='lat' dir='ltr'><strong>divinorum</strong></span> 
     </span>
    </p>
   </div>
   <div class='ocr_carea' id='block_1_44' title="bbox 437 2662 2018 2734">
    <p class='ocr_par' dir='ltr' id='par_1_44' title="bbox 437 2662 2018 2734">
     <span class='ocr_line' id='line_1_44' title="bbox 437 2662 2018 2734; baseline 0.004 -21"><span class='ocrx_word' id='word_1_291' title='bbox 437 2662 824 2731; x_wconf 86' lang='lat' dir='ltr'><strong>prophetarum</strong></span> <span class='ocrx_word' id='word_1_292' title='bbox 880 2663 1189 2734; x_wconf 89' lang='lat' dir='ltr'><strong>inspiratio)</strong></span> <span class='ocrx_word' id='word_1_293' title='bbox 1226 2666 1405 2718; x_wconf 89' lang='lat' dir='ltr'><strong>virum</strong></span> <span class='ocrx_word' id='word_1_294' title='bbox 1439 2666 1660 2734; x_wconf 83' lang='lat' dir='ltr'><strong>accipit.</strong></span> <span class='ocrx_word' id='word_1_295' title='bbox 1691 2663 1809 2718; x_wconf 87' lang='lat' dir='ltr'><strong>Non</strong></span> <span class='ocrx_word' id='word_1_296' title='bbox 1837 2675 2018 2720; x_wconf 88' lang='lat' dir='ltr'><strong>autem</strong></span> 
     </span>
    </p>
   </div>
   <div class='ocr_carea' id='block_1_45' title="bbox 438 2750 2012 2826">
    <p class='ocr_par' dir='ltr' id='par_1_45' title="bbox 438 2750 2012 2826">
     <span class='ocr_line' id='line_1_45' title="bbox 438 2750 2012 2826; baseline 0.004 -20"><span class='ocrx_word' id='word_1_297' title='bbox 438 2750 578 2807; x_wconf 90' lang='lat' dir='ltr'><strong>dixit</strong></span> <span class='ocrx_word' id='word_1_298' title='bbox 630 2768 849 2809; x_wconf 87' lang='lat' dir='ltr'><strong>sacrum</strong></span> <span class='ocrx_word' id='word_1_299' title='bbox 909 2754 1172 2825; x_wconf 82' lang='lat' dir='ltr'><strong>hymnum</strong></span> <span class='ocrx_word' id='word_1_300' title='bbox 1223 2757 1535 2811; x_wconf 90' lang='lat' dir='ltr'><strong>divinorum</strong></span> <span class='ocrx_word' id='word_1_301' title='bbox 1594 2758 2012 2826; x_wconf 86' lang='lat' dir='ltr'><strong>prophetarum,</strong></span> 
     </span>
    </p>
   </div>
   <div class='ocr_carea' id='block_1_46' title="bbox 440 2848 2017 2920">
    <p class='ocr_par' dir='ltr' id='par_1_46' title="bbox 440 2848 2017 2920">
     <span class='ocr_line' id='line_1_46' title="bbox 440 2848 2017 2920; baseline 0.004 -20"><span class='ocrx_word' id='word_1_302' title='bbox 440 2860 617 2916; x_wconf 82' lang='lat' dir='ltr'><strong>neque</strong></span> <span class='ocrx_word' id='word_1_303' title='bbox 669 2848 816 2902; x_wconf 92' lang='lat' dir='ltr'><strong>enim</strong></span> <span class='ocrx_word' id='word_1_304' title='bbox 864 2851 1145 2918; x_wconf 75' lang='lat' dir='ltr'><strong>propheta:</strong></span> <span class='ocrx_word' id='word_1_305' title='bbox 1197 2864 1389 2904; x_wconf 88' lang='lat' dir='ltr'><strong>omnes</strong></span> <span class='ocrx_word' id='word_1_306' title='bbox 1444 2866 1608 2903; x_wconf 89' lang='lat' dir='ltr'><strong>unum</strong></span> <span class='ocrx_word' id='word_1_307' title='bbox 1666 2861 1828 2920; x_wconf 86' lang='lat' dir='ltr'><strong>atque</strong></span> <span class='ocrx_word' id='word_1_308' title='bbox 1874 2851 2017 2906; x_wconf 87' lang='lat' dir='ltr'><strong>idem</strong></span> 
     </span>
    </p>
   </div>
   <div class='ocr_carea' id='block_1_47' title="bbox 438 2922 2021 3021">
    <p class='ocr_par' dir='ltr' id='par_1_47' title="bbox 438 2922 2021 3021">
     <span class='ocr_line' id='line_1_47' title="bbox 438 2922 2021 3021; baseline 0.003 -26"><span class='ocrx_word' id='word_1_309' title='bbox 438 2922 1062 3021; x_wconf 52' lang='lat' dir='ltr'><strong>canticumrecitarunt.</strong></span> <span class='ocrx_word' id='word_1_310' title='bbox 1092 2943 1188 2996; x_wconf 86' lang='lat' dir='ltr'><strong>Est</strong></span> <span class='ocrx_word' id='word_1_311' title='bbox 1217 2952 1397 2997; x_wconf 86' lang='lat' dir='ltr'><strong>autem</strong></span> <span class='ocrx_word' id='word_1_312' title='bbox 1444 2944 1691 3011; x_wconf 86' lang='lat' dir='ltr'><strong>psalmus</strong></span> <span class='ocrx_word' id='word_1_313' title='bbox 1722 2944 2021 2999; x_wconf 88' lang='lat' dir='ltr'><strong>vicesimus</strong></span> 
     </span>
    </p>
   </div>
   <div class='ocr_carea' id='block_1_48' title="bbox 438 3030 2017 3104">
    <p class='ocr_par' dir='ltr' id='par_1_48' title="bbox 438 3030 2017 3104">
     <span class='ocr_line' id='line_1_48' title="bbox 438 3030 2017 3104; baseline 0.005 -21"><span class='ocrx_word' id='word_1_314' title='bbox 438 3041 704 3087; x_wconf 88' lang='lat' dir='ltr'><strong>octavus:</strong></span> <span class='ocrx_word' id='word_1_315' title='bbox 748 3030 857 3088; x_wconf 74' lang='lat' dir='ltr'><strong>Vox</strong></span> <span class='ocrx_word' id='word_1_316' title='bbox 910 3032 1121 3087; x_wconf 80' lang='lat' dir='ltr'><strong>Domini</strong></span> <span class='ocrx_word' id='word_1_317' title='bbox 1185 3051 1343 3102; x_wconf 82' lang='lat' dir='ltr'><strong>super</strong></span> <span class='ocrx_word' id='word_1_318' title='bbox 1407 3051 1595 3104; x_wconf 83' lang='lat' dir='ltr'><strong>aquas,</strong></span> <span class='ocrx_word' id='word_1_319' title='bbox 1653 3044 1708 3090; x_wconf 88' lang='lat' dir='ltr'><strong>et</strong></span> <span class='ocrx_word' id='word_1_320' title='bbox 1767 3035 2017 3091; x_wconf 78' lang='lat' dir='ltr'><strong>Alleluia.</strong></span> 
     </span>
    </p>
   </div>
   <div class='ocr_carea' id='block_1_49' title="bbox 440 3124 2091 3225">
    <p class='ocr_par' dir='ltr' id='par_1_49' title="bbox 440 3124 2091 3225">
     <span class='ocr_line' id='line_1_49' title="bbox 440 3124 2091 3225; baseline 0.003 -45"><span class='ocrx_word' id='word_1_321' title='bbox 440 3124 651 3192; x_wconf 84' lang='lat' dir='ltr'><strong>Quibus</strong></span> <span class='ocrx_word' id='word_1_322' title='bbox 704 3126 959 3181; x_wconf 83' lang='lat' dir='ltr'><strong>omnibus</strong></span> <span class='ocrx_word' id='word_1_323' title='bbox 1010 3144 1174 3197; x_wconf 89' lang='lat' dir='ltr'><strong>super</strong></span> <span class='ocrx_word' id='word_1_324' title='bbox 1219 3128 1337 3195; x_wconf 87' lang='lat' dir='ltr'><strong>ipso</strong></span> <span class='ocrx_word' id='word_1_325' title='bbox 1395 3130 1500 3182; x_wconf 86' lang='lat' dir='ltr'><strong>rite</strong></span> <span class='ocrx_word' id='word_1_326' title='bbox 1558 3130 1821 3197; x_wconf 88' lang='lat' dir='ltr'><strong>peractis,</strong></span> <span class='ocrx_word' id='word_1_327' title='bbox 1861 3145 2091 3225; x_wconf 78' lang='lat' dir='ltr'><strong>sacroC</strong></span> 
     </span>
    </p>
   </div>
   <div class='ocr_carea' id='block_1_50' title="bbox 438 3220 2020 3289">
    <p class='ocr_par' dir='ltr' id='par_1_50' title="bbox 438 3220 2020 3289">
     <span class='ocr_line' id='line_1_50' title="bbox 438 3220 2020 3289; baseline 0.004 -19"><span class='ocrx_word' id='word_1_328' title='bbox 438 3222 563 3273; x_wconf 92' lang='lat' dir='ltr'><strong>oleo</strong></span> <span class='ocrx_word' id='word_1_329' title='bbox 616 3220 921 3284; x_wconf 91' lang='lat' dir='ltr'><strong>inunctnm,</strong></span> <span class='ocrx_word' id='word_1_330' title='bbox 960 3222 1282 3289; x_wconf 84' lang='lat' dir='ltr'><strong>participem</strong></span> <span class='ocrx_word' id='word_1_331' title='bbox 1342 3220 1494 3274; x_wconf 92' lang='lat' dir='ltr'><strong>illum</strong></span> <span class='ocrx_word' id='word_1_332' title='bbox 1552 3221 1681 3274; x_wconf 80' lang='lat' dir='ltr'><strong>facit</strong></span> <span class='ocrx_word' id='word_1_333' title='bbox 1734 3221 2020 3276; x_wconf 88' lang='lat' dir='ltr'><strong>immorta-</strong></span> 
     </span>
    </p>
   </div>
   <div class='ocr_carea' id='block_1_51' title="bbox 441 3306 2022 3378">
    <p class='ocr_par' dir='ltr' id='par_1_51' title="bbox 441 3306 2022 3378">
     <span class='ocr_line' id='line_1_51' title="bbox 441 3306 2022 3378; baseline 0.002 -16"><span class='ocrx_word' id='word_1_334' title='bbox 441 3306 574 3363; x_wconf 83' lang='lat' dir='ltr'><strong>lium</strong></span> <span class='ocrx_word' id='word_1_335' title='bbox 604 3310 1010 3378; x_wconf 88' lang='lat' dir='ltr'><strong>mysteriorum.</strong></span> <span class='ocrx_word' id='word_1_336' title='bbox 1046 3310 1161 3363; x_wconf 77' lang='lat' dir='ltr'><strong>Non</strong></span> <span class='ocrx_word' id='word_1_337' title='bbox 1208 3318 1424 3378; x_wconf 91' lang='lat' dir='ltr'><strong>oportet</strong></span> <span class='ocrx_word' id='word_1_338' title='bbox 1486 3318 1671 3363; x_wconf 86' lang='lat' dir='ltr'><strong>autem</strong></span> <span class='ocrx_word' id='word_1_339' title='bbox 1718 3311 1927 3376; x_wconf 91' lang='lat' dir='ltr'><strong>mirari,</strong></span> <span class='ocrx_word' id='word_1_340' title='bbox 1977 3312 2022 3367; x_wconf 92' lang='lat' dir='ltr'><strong>si</strong></span> 
     </span>
    </p>
   </div>
   <div class='ocr_carea' id='block_1_52' title="bbox 440 3400 2023 3471">
    <p class='ocr_par' dir='ltr' id='par_1_52' title="bbox 440 3400 2023 3471">
     <span class='ocr_line' id='line_1_52' title="bbox 440 3400 2023 3471; baseline 0.003 -18"><span class='ocrx_word' id='word_1_341' title='bbox 440 3408 664 3455; x_wconf 87' lang='lat' dir='ltr'><strong>sanctus</strong></span> <span class='ocrx_word' id='word_1_342' title='bbox 695 3402 783 3455; x_wconf 91' lang='lat' dir='ltr'><strong>hic</strong></span> <span class='ocrx_word' id='word_1_343' title='bbox 809 3402 971 3455; x_wconf 70' lang='lat' dir='ltr'><strong>Pater</strong></span> <span class='ocrx_word' id='word_1_344' title='bbox 1007 3401 1253 3471; x_wconf 67' lang='lat' dir='ltr'><strong>quaedam</strong></span> <span class='ocrx_word' id='word_1_345' title='bbox 1298 3400 1365 3454; x_wconf 89' lang='lat' dir='ltr'><strong>ab</strong></span> <span class='ocrx_word' id='word_1_346' title='bbox 1391 3400 1583 3453; x_wconf 82' lang='lat' dir='ltr'><strong>ordine</strong></span> <span class='ocrx_word' id='word_1_347' title='bbox 1606 3401 1718 3470; x_wconf 86' lang='lat' dir='ltr'><strong>jam</strong></span> <span class='ocrx_word' id='word_1_348' title='bbox 1748 3402 1801 3455; x_wconf 91' lang='lat' dir='ltr'><strong>in</strong></span> <span class='ocrx_word' id='word_1_349' title='bbox 1844 3402 2023 3457; x_wconf 61' lang='lat' dir='ltr'><strong>eccle»</strong></span> 
     </span>
    </p>
   </div>
   <div class='ocr_carea' id='block_1_53' title="bbox 442 3491 2023 3561">
    <p class='ocr_par' dir='ltr' id='par_1_53' title="bbox 442 3491 2023 3561">
     <span class='ocr_line' id='line_1_53' title="bbox 442 3491 2023 3561; baseline 0.001 -16"><span class='ocrx_word' id='word_1_350' title='bbox 442 3491 542 3545; x_wconf 87' lang='lat' dir='ltr'><strong>siis</strong></span> <span class='ocrx_word' id='word_1_351' title='bbox 578 3502 798 3561; x_wconf 87' lang='lat' dir='ltr'><strong>recepto</strong></span> <span class='ocrx_word' id='word_1_352' title='bbox 832 3494 1046 3547; x_wconf 77' lang='lat' dir='ltr'><strong>diversa</strong></span> <span class='ocrx_word' id='word_1_353' title='bbox 1088 3502 1521 3547; x_wconf 90' lang='lat' dir='ltr'><strong>commemoret:</strong></span> <span class='ocrx_word' id='word_1_354' title='bbox 1553 3492 1849 3547; x_wconf 86' lang='lat' dir='ltr'><strong>verisimile</strong></span> <span class='ocrx_word' id='word_1_355' title='bbox 1875 3493 2023 3547; x_wconf 91' lang='lat' dir='ltr'><strong>enim</strong></span> 
     </span>
    </p>
   </div>
   <div class='ocr_carea' id='block_1_54' title="bbox 440 3583 2025 3655">
    <p class='ocr_par' dir='ltr' id='par_1_54' title="bbox 440 3583 2025 3655">
     <span class='ocr_line' id='line_1_54' title="bbox 440 3583 2025 3655; baseline 0.003 -19"><span class='ocrx_word' id='word_1_356' title='bbox 440 3590 545 3650; x_wconf 88' lang='lat' dir='ltr'><strong>est,</strong></span> <span class='ocrx_word' id='word_1_357' title='bbox 583 3583 698 3639; x_wconf 60' lang='lat' dir='ltr'><strong>haec</strong></span> <span class='ocrx_word' id='word_1_358' title='bbox 730 3600 828 3653; x_wconf 93' lang='lat' dir='ltr'><strong>pro</strong></span> <span class='ocrx_word' id='word_1_359' title='bbox 861 3586 966 3638; x_wconf 90' lang='lat' dir='ltr'><strong>isto</strong></span> <span class='ocrx_word' id='word_1_360' title='bbox 997 3585 1259 3655; x_wconf 86' lang='lat' dir='ltr'><strong>temporis</strong></span> <span class='ocrx_word' id='word_1_361' title='bbox 1291 3592 1438 3638; x_wconf 91' lang='lat' dir='ltr'><strong>statu</strong></span> <span class='ocrx_word' id='word_1_362' title='bbox 1482 3583 1824 3655; x_wconf 81' lang='lat' dir='ltr'><strong>congruisse,</strong></span> <span class='ocrx_word' id='word_1_363' title='bbox 1878 3600 2025 3639; x_wconf 86' lang='lat' dir='ltr'><strong>nunc</strong></span> 
     </span>
    </p>
   </div>
   <div class='ocr_carea' id='block_1_55' title="bbox 440 3677 1137 3733">
    <p class='ocr_par' dir='ltr' id='par_1_55' title="bbox 440 3677 1137 3733">
     <span class='ocr_line' id='line_1_55' title="bbox 440 3677 1137 3733; baseline 0 -2"><span class='ocrx_word' id='word_1_364' title='bbox 440 3686 620 3731; x_wconf 83' lang='lat' dir='ltr'><strong>autem</strong></span> <span class='ocrx_word' id='word_1_365' title='bbox 656 3678 964 3733; x_wconf 87' lang='lat' dir='ltr'><strong>accuratius</strong></span> <span class='ocrx_word' id='word_1_366' title='bbox 1003 3677 1137 3733; x_wconf 78' lang='lat' dir='ltr'><strong>fieri.</strong></span> 
     </span>
    </p>
   </div>
   <div class='ocr_carea' id='block_1_56' title="bbox 513 3767 2019 3841">
    <p class='ocr_par' dir='ltr' id='par_1_56' title="bbox 513 3767 2019 3841">
     <span class='ocr_line' id='line_1_56' title="bbox 513 3767 2019 3841; baseline -0.002 -18"><span class='ocrx_word' id='word_1_367' title='bbox 513 3767 689 3841; x_wconf 82' lang='lat' dir='ltr'><strong>§VI|L</strong></span> <span class='ocrx_word' id='word_1_368' title='bbox 717 3768 810 3822; x_wconf 85' lang='lat' dir='ltr'><strong>His</strong></span> <span class='ocrx_word' id='word_1_369' title='bbox 844 3770 1441 3836; x_wconf 87' lang='lat' dir='ltr'><strong>absolutis,hierarcha</strong></span> <span class='ocrx_word' id='word_1_370' title='bbox 1471 3770 1647 3824; x_wconf 91' lang='lat' dir='ltr'><strong>denuo</strong></span> <span class='ocrx_word' id='word_1_371' title='bbox 1678 3768 1747 3821; x_wconf 91' lang='lat' dir='ltr'><strong>ad</strong></span> <span class='ocrx_word' id='word_1_372' title='bbox 1788 3769 2019 3837; x_wconf 89' lang='lat' dir='ltr'><strong>primam</strong></span> 
     </span>
    </p>
   </div>
   <div class='ocr_carea' id='block_1_57' title="bbox 441 3859 2024 3933">
    <p class='ocr_par' dir='ltr' id='par_1_57' title="bbox 441 3859 2024 3933">
     <span class='ocr_line' id='line_1_57' title="bbox 441 3859 2024 3933; baseline -0.004 -16"><span class='ocrx_word' id='word_1_373' title='bbox 441 3860 1105 3929; x_wconf 88' lang='lat' dir='ltr'><strong>contemplationem,sive</strong></span> <span class='ocrx_word' id='word_1_374' title='bbox 1121 3863 1407 3933; x_wconf 86' lang='lat' dir='ltr'><strong>mysticam</strong></span> <span class='ocrx_word' id='word_1_375' title='bbox 1433 3862 1819 3932; x_wconf 87' lang='lat' dir='ltr'><strong>precationem,</strong></span> <span class='ocrx_word' id='word_1_376' title='bbox 1840 3859 1892 3912; x_wconf 89' lang='lat' dir='ltr'><strong>id</strong></span> <span class='ocrx_word' id='word_1_377' title='bbox 1918 3867 2024 3923; x_wconf 90' lang='lat' dir='ltr'><strong>est,</strong></span> 
     </span>
    </p>
   </div>
   <div class='ocr_carea' id='block_1_58' title="bbox 444 3952 2025 4022">
    <p class='ocr_par' dir='ltr' id='par_1_58' title="bbox 444 3952 2025 4022">
     <span class='ocr_line' id='line_1_58' title="bbox 444 3952 2025 4022; baseline -0.003 -15"><span class='ocrx_word' id='word_1_378' title='bbox 444 3953 626 4007; x_wconf 73' lang='lat' dir='ltr'><strong>missa:</strong></span> <span class='ocrx_word' id='word_1_379' title='bbox 673 3952 1002 4007; x_wconf 84' lang='lat' dir='ltr'><strong>sacriﬁcium</strong></span> <span class='ocrx_word' id='word_1_380' title='bbox 1055 3956 1424 4008; x_wconf 78' lang='lat' dir='ltr'><strong>coiivertitur:</strong></span> <span class='ocrx_word' id='word_1_381' title='bbox 1460 3969 1634 4022; x_wconf 87' lang='lat' dir='ltr'><strong>neque</strong></span> <span class='ocrx_word' id='word_1_382' title='bbox 1663 3954 1810 4007; x_wconf 89' lang='lat' dir='ltr'><strong>enim</strong></span> <span class='ocrx_word' id='word_1_383' title='bbox 1848 3952 2025 4015; x_wconf 86' lang='lat' dir='ltr'><strong>decet,</strong></span> 
     </span>
    </p>
   </div>
   <div class='ocr_carea' id='block_1_59' title="bbox 448 4043 2030 4113">
    <p class='ocr_par' dir='ltr' id='par_1_59' title="bbox 448 4043 2030 4113">
     <span class='ocr_line' id='line_1_59' title="bbox 448 4043 2030 4113; baseline -0.002 -16"><span class='ocrx_word' id='word_1_384' title='bbox 448 4053 511 4097; x_wconf 87' lang='lat' dir='ltr'><strong>ut</strong></span> <span class='ocrx_word' id='word_1_385' title='bbox 539 4044 836 4113; x_wconf 90' lang='lat' dir='ltr'><strong>quidquam</strong></span> <span class='ocrx_word' id='word_1_386' title='bbox 880 4061 909 4098; x_wconf 91' lang='lat' dir='ltr'><strong>a</strong></span> <span class='ocrx_word' id='word_1_387' title='bbox 956 4046 1067 4099; x_wconf 92' lang='lat' dir='ltr'><strong>suis</strong></span> <span class='ocrx_word' id='word_1_388' title='bbox 1094 4046 1359 4100; x_wconf 89' lang='lat' dir='ltr'><strong>institutis</strong></span> <span class='ocrx_word' id='word_1_389' title='bbox 1405 4054 1603 4099; x_wconf 89' lang='lat' dir='ltr'><strong>tractet</strong></span> <span class='ocrx_word' id='word_1_390' title='bbox 1633 4045 1893 4099; x_wconf 88' lang='lat' dir='ltr'><strong>alienum.</strong></span> <span class='ocrx_word' id='word_1_391' title='bbox 1930 4043 2030 4094; x_wconf 90' lang='lat' dir='ltr'><strong>De-</strong></span> 
     </span>
    </p>
   </div>
   <div class='ocr_carea' id='block_1_60' title="bbox 446 4131 2026 4204">
    <p class='ocr_par' dir='ltr' id='par_1_60' title="bbox 446 4131 2026 4204">
     <span class='ocr_line' id='line_1_60' title="bbox 446 4131 2026 4204; baseline -0.003 -16"><span class='ocrx_word' id='word_1_392' title='bbox 446 4132 624 4188; x_wconf 85' lang='lat' dir='ltr'><strong>clarat</strong></span> <span class='ocrx_word' id='word_1_393' title='bbox 674 4142 854 4187; x_wconf 91' lang='lat' dir='ltr'><strong>autem</strong></span> <span class='ocrx_word' id='word_1_394' title='bbox 912 4135 996 4189; x_wconf 92' lang='lat' dir='ltr'><strong>hic</strong></span> <span class='ocrx_word' id='word_1_395' title='bbox 1045 4149 1250 4199; x_wconf 88' lang='lat' dir='ltr'><strong>sermo,</strong></span> <span class='ocrx_word' id='word_1_396' title='bbox 1306 4136 1447 4203; x_wconf 89' lang='lat' dir='ltr'><strong>quod</strong></span> <span class='ocrx_word' id='word_1_397' title='bbox 1476 4136 1784 4204; x_wconf 83' lang='lat' dir='ltr'><strong>episcOpus,</strong></span> <span class='ocrx_word' id='word_1_398' title='bbox 1814 4133 1905 4201; x_wconf 89' lang='lat' dir='ltr'><strong>qui</strong></span> <span class='ocrx_word' id='word_1_399' title='bbox 1935 4131 2026 4184; x_wconf 88' lang='lat' dir='ltr'><strong>Dei</strong></span> 
     </span>
    </p>
   </div>
   <div class='ocr_carea' id='block_1_61' title="bbox 446 4222 2030 4294">
    <p class='ocr_par' dir='ltr' id='par_1_61' title="bbox 446 4222 2030 4294">
     <span class='ocr_line' id='line_1_61' title="bbox 446 4222 2030 4294; baseline -0.002 -16"><span class='ocrx_word' id='word_1_400' title='bbox 446 4222 693 4278; x_wconf 90' lang='lat' dir='ltr'><strong>onmium</strong></span> <span class='ocrx_word' id='word_1_401' title='bbox 741 4237 1030 4292; x_wconf 87' lang='lat' dir='ltr'><strong>personam</strong></span> <span class='ocrx_word' id='word_1_402' title='bbox 1081 4225 1339 4291; x_wconf 89' lang='lat' dir='ltr'><strong>sustinet,</strong></span> <span class='ocrx_word' id='word_1_403' title='bbox 1389 4226 1847 4294; x_wconf 88' lang='lat' dir='ltr'><strong>quemadmodum</strong></span> <span class='ocrx_word' id='word_1_404' title='bbox 1887 4223 2030 4275; x_wconf 87' lang='lat' dir='ltr'><strong>Deus</strong></span> 
     </span>
    </p>
   </div>
   <div class='ocr_carea' id='block_1_62' title="bbox 450 4313 2031 4385">
    <p class='ocr_par' dir='ltr' id='par_1_62' title="bbox 450 4313 2031 4385">
     <span class='ocr_line' id='line_1_62' title="bbox 450 4313 2031 4385; baseline -0.001 -16"><span class='ocrx_word' id='word_1_405' title='bbox 450 4314 507 4370; x_wconf 90' lang='lat' dir='ltr'><strong>in</strong></span> <span class='ocrx_word' id='word_1_406' title='bbox 548 4329 651 4370; x_wconf 85' lang='lat' dir='ltr'><strong>suo</strong></span> <span class='ocrx_word' id='word_1_407' title='bbox 683 4313 775 4368; x_wconf 85' lang='lat' dir='ltr'><strong>illo</strong></span> <span class='ocrx_word' id='word_1_408' title='bbox 801 4330 909 4370; x_wconf 92' lang='lat' dir='ltr'><strong>uno</strong></span> <span class='ocrx_word' id='word_1_409' title='bbox 942 4316 1246 4385; x_wconf 84' lang='lat' dir='ltr'><strong>eodemque</strong></span> <span class='ocrx_word' id='word_1_410' title='bbox 1288 4327 1431 4370; x_wconf 88' lang='lat' dir='ltr'><strong>statu</strong></span> <span class='ocrx_word' id='word_1_411' title='bbox 1464 4332 1677 4384; x_wconf 88' lang='lat' dir='ltr'><strong>semper</strong></span> <span class='ocrx_word' id='word_1_412' title='bbox 1703 4331 1952 4380; x_wconf 80' lang='lat' dir='ltr'><strong>ntanens,</strong></span> <span class='ocrx_word' id='word_1_413' title='bbox 1978 4324 2031 4368; x_wconf 89' lang='lat' dir='ltr'><strong>ct</strong></span> 
     </span>
    </p>
   </div>
   <div class='ocr_carea' id='block_1_63' title="bbox 450 4406 2029 4475">
    <p class='ocr_par' dir='ltr' id='par_1_63' title="bbox 450 4406 2029 4475">
     <span class='ocr_line' id='line_1_63' title="bbox 450 4406 2029 4475; baseline 0 -16"><span class='ocrx_word' id='word_1_414' title='bbox 450 4406 505 4461; x_wconf 92' lang='lat' dir='ltr'><strong>in</strong></span> <span class='ocrx_word' id='word_1_415' title='bbox 537 4407 653 4475; x_wconf 90' lang='lat' dir='ltr'><strong>ipso</strong></span> <span class='ocrx_word' id='word_1_416' title='bbox 697 4406 840 4460; x_wconf 83' lang='lat' dir='ltr'><strong>ﬁxus</strong></span> <span class='ocrx_word' id='word_1_417' title='bbox 872 4422 1148 4475; x_wconf 89' lang='lat' dir='ltr'><strong>nunquam</strong></span> <span class='ocrx_word' id='word_1_418' title='bbox 1178 4422 1237 4461; x_wconf 86' lang='lat' dir='ltr'><strong>se</strong></span> <span class='ocrx_word' id='word_1_419' title='bbox 1266 4408 1544 4472; x_wconf 82' lang='lat' dir='ltr'><strong>deserens,</strong></span> <span class='ocrx_word' id='word_1_420' title='bbox 1579 4407 1767 4462; x_wconf 85' lang='lat' dir='ltr'><strong>Salutis</strong></span> <span class='ocrx_word' id='word_1_421' title='bbox 1788 4408 2029 4459; x_wconf 88' lang='lat' dir='ltr'><strong>omnium</strong></span> 
     </span>
    </p>
   </div>
   <div class='ocr_carea' id='block_1_64' title="bbox 451 4496 2029 4567">
    <p class='ocr_par' dir='ltr' id='par_1_64' title="bbox 451 4496 2029 4567">
     <span class='ocr_line' id='line_1_64' title="bbox 451 4496 2029 4567; baseline -0.001 -17"><span class='ocrx_word' id='word_1_422' title='bbox 451 4511 641 4561; x_wconf 81' lang='lat' dir='ltr'><strong>causa,</strong></span> <span class='ocrx_word' id='word_1_423' title='bbox 680 4498 1035 4566; x_wconf 67' lang='lat' dir='ltr'><strong>providentia:</strong></span> <span class='ocrx_word' id='word_1_424' title='bbox 1088 4512 1199 4552; x_wconf 65' lang='lat' dir='ltr'><strong>sum</strong></span> <span class='ocrx_word' id='word_1_425' title='bbox 1259 4499 1733 4567; x_wconf 84' lang='lat' dir='ltr'><strong>progressionibus</strong></span> <span class='ocrx_word' id='word_1_426' title='bbox 1759 4498 1824 4550; x_wconf 89' lang='lat' dir='ltr'><strong>ad</strong></span> <span class='ocrx_word' id='word_1_427' title='bbox 1848 4496 2029 4549; x_wconf 90' lang='lat' dir='ltr'><strong>omnia</strong></span> 
     </span>
    </p>
   </div>
   <div class='ocr_carea' id='block_1_65' title="bbox 456 4587 2033 4657">
    <p class='ocr_par' dir='ltr' id='par_1_65' title="bbox 456 4587 2033 4657">
     <span class='ocr_line' id='line_1_65' title="bbox 456 4587 2033 4657; baseline -0.001 -16"><span class='ocrx_word' id='word_1_428' title='bbox 456 4587 714 4641; x_wconf 90' lang='lat' dir='ltr'><strong>bonitatis</strong></span> <span class='ocrx_word' id='word_1_429' title='bbox 755 4589 1146 4644; x_wconf 87' lang='lat' dir='ltr'><strong>illustrationcs</strong></span> <span class='ocrx_word' id='word_1_430' title='bbox 1187 4590 1453 4655; x_wconf 87' lang='lat' dir='ltr'><strong>extendit,</strong></span> <span class='ocrx_word' id='word_1_431' title='bbox 1499 4589 1861 4657; x_wconf 87' lang='lat' dir='ltr'><strong>omnibusque</strong></span> <span class='ocrx_word' id='word_1_432' title='bbox 1894 4602 2033 4657; x_wconf 69' lang='lat' dir='ltr'><strong>prm-</strong></span> 
     </span>
    </p>
   </div>
   <div class='ocr_carea' id='block_1_66' title="bbox 459 4679 2023 4742">
    <p class='ocr_par' dir='ltr' id='par_1_66' title="bbox 459 4679 2023 4742">
     <span class='ocr_line' id='line_1_66' title="bbox 459 4679 2023 4742; baseline 0 -10"><span class='ocrx_word' id='word_1_433' title='bbox 459 4694 587 4733; x_wconf 89' lang='lat' dir='ltr'><strong>scns</strong></span> <span class='ocrx_word' id='word_1_434' title='bbox 612 4690 719 4740; x_wconf 83' lang='lat' dir='ltr'><strong>est.</strong></span> <span class='ocrx_word' id='word_1_435' title='bbox 755 4696 785 4734; x_wconf 89' lang='lat' dir='ltr'><strong>a</strong></span> <span class='ocrx_word' id='word_1_436' title='bbox 833 4681 1133 4736; x_wconf 86' lang='lat' dir='ltr'><strong>stabilitate</strong></span> <span class='ocrx_word' id='word_1_437' title='bbox 1178 4696 1273 4736; x_wconf 90' lang='lat' dir='ltr'><strong>sua</strong></span> <span class='ocrx_word' id='word_1_438' title='bbox 1326 4680 1546 4735; x_wconf 90' lang='lat' dir='ltr'><strong>minime</strong></span> <span class='ocrx_word' id='word_1_439' title='bbox 1588 4680 1898 4742; x_wconf 85' lang='lat' dir='ltr'><strong>discedens,</strong></span> <span class='ocrx_word' id='word_1_440' title='bbox 1945 4679 2023 4732; x_wconf 89' lang='lat' dir='ltr'><strong>sic</strong></span> 
     </span>
    </p>
   </div>
   <div class='ocr_carea' id='block_1_67' title="bbox 457 4773 2037 4845">
    <p class='ocr_par' dir='ltr' id='par_1_67' title="bbox 457 4773 2037 4845">
     <span class='ocr_line' id='line_1_67' title="bbox 457 4773 2037 4845; baseline -0.001 -18"><span class='ocrx_word' id='word_1_441' title='bbox 457 4773 625 4827; x_wconf 90' lang='lat' dir='ltr'><strong>etiam</strong></span> <span class='ocrx_word' id='word_1_442' title='bbox 657 4774 965 4844; x_wconf 85' lang='lat' dir='ltr'><strong>episcopus,</strong></span> <span class='ocrx_word' id='word_1_443' title='bbox 998 4776 1066 4829; x_wconf 91' lang='lat' dir='ltr'><strong>ad</strong></span> <span class='ocrx_word' id='word_1_444' title='bbox 1102 4775 1462 4830; x_wconf 89' lang='lat' dir='ltr'><strong>imitationem</strong></span> <span class='ocrx_word' id='word_1_445' title='bbox 1497 4774 1589 4829; x_wconf 90' lang='lat' dir='ltr'><strong>Dei</strong></span> <span class='ocrx_word' id='word_1_446' title='bbox 1628 4774 1952 4845; x_wconf 87' lang='lat' dir='ltr'><strong>symbolice,</strong></span> <span class='ocrx_word' id='word_1_447' title='bbox 1980 4784 2037 4828; x_wconf 89' lang='lat' dir='ltr'><strong>et</strong></span> 
     </span>
    </p>
   </div>
   <div class='ocr_carea' id='block_1_68' title="bbox 456 4867 2037 4936">
    <p class='ocr_par' dir='ltr' id='par_1_68' title="bbox 456 4867 2037 4936">
     <span class='ocr_line' id='line_1_68' title="bbox 456 4867 2037 4936; baseline -0.001 -16"><span class='ocrx_word' id='word_1_448' title='bbox 456 4874 618 4936; x_wconf 91' lang='lat' dir='ltr'><strong>prout</strong></span> <span class='ocrx_word' id='word_1_449' title='bbox 646 4875 843 4935; x_wconf 89' lang='lat' dir='ltr'><strong>potest,</strong></span> <span class='ocrx_word' id='word_1_450' title='bbox 884 4868 938 4921; x_wconf 90' lang='lat' dir='ltr'><strong>in</strong></span> <span class='ocrx_word' id='word_1_451' title='bbox 990 4883 1087 4922; x_wconf 87' lang='lat' dir='ltr'><strong>sua</strong></span> <span class='ocrx_word' id='word_1_452' title='bbox 1138 4870 1394 4931; x_wconf 88' lang='lat' dir='ltr'><strong>statione,</strong></span> <span class='ocrx_word' id='word_1_453' title='bbox 1453 4867 1507 4921; x_wconf 93' lang='lat' dir='ltr'><strong>id</strong></span> <span class='ocrx_word' id='word_1_454' title='bbox 1558 4876 1660 4929; x_wconf 84' lang='lat' dir='ltr'><strong>est,</strong></span> <span class='ocrx_word' id='word_1_455' title='bbox 1695 4867 1747 4922; x_wconf 91' lang='lat' dir='ltr'><strong>in</strong></span> <span class='ocrx_word' id='word_1_456' title='bbox 1773 4867 2037 4921; x_wconf 82' lang='lat' dir='ltr'><strong>ecclesia-</strong></span> 
     </span>
    </p>
   </div>
   <div class='ocr_carea' id='block_1_69' title="bbox 460 4957 2037 5028">
    <p class='ocr_par' dir='ltr' id='par_1_69' title="bbox 460 4957 2037 5028">
     <span class='ocr_line' id='line_1_69' title="bbox 460 4957 2037 5028; baseline -0.002 -15"><span class='ocrx_word' id='word_1_457' title='bbox 460 4957 599 5013; x_wconf 81' lang='lat' dir='ltr'><strong>SIico</strong></span> <span class='ocrx_word' id='word_1_458' title='bbox 630 4957 935 5028; x_wconf 87' lang='lat' dir='ltr'><strong>principatu</strong></span> <span class='ocrx_word' id='word_1_459' title='bbox 988 4975 1337 5028; x_wconf 90' lang='lat' dir='ltr'><strong>permanens,</strong></span> <span class='ocrx_word' id='word_1_460' title='bbox 1368 4960 1434 5014; x_wconf 91' lang='lat' dir='ltr'><strong>ad</strong></span> <span class='ocrx_word' id='word_1_461' title='bbox 1474 4958 1734 5014; x_wconf 78' lang='lat' dir='ltr'><strong>inferiora</strong></span> <span class='ocrx_word' id='word_1_462' title='bbox 1786 4957 2037 5013; x_wconf 86' lang='lat' dir='ltr'><strong>humani-</strong></span> 
     </span>
    </p>
   </div>
   <div class='ocr_carea' id='block_1_70' title="bbox 462 5048 2038 5119">
    <p class='ocr_par' dir='ltr' id='par_1_70' title="bbox 462 5048 2038 5119">
     <span class='ocr_line' id='line_1_70' title="bbox 462 5048 2038 5119; baseline 0 -16"><span class='ocrx_word' id='word_1_463' title='bbox 462 5048 595 5103; x_wconf 89' lang='lat' dir='ltr'><strong>tatis</strong></span> <span class='ocrx_word' id='word_1_464' title='bbox 620 5048 961 5118; x_wconf 87' lang='lat' dir='ltr'><strong>providentia</strong></span> <span class='ocrx_word' id='word_1_465' title='bbox 1004 5050 1250 5117; x_wconf 90' lang='lat' dir='ltr'><strong>procedit</strong></span> <span class='ocrx_word' id='word_1_466' title='bbox 1277 5061 1385 5105; x_wconf 74' lang='lat' dir='ltr'><strong>:-et</strong></span> <span class='ocrx_word' id='word_1_467' title='bbox 1417 5050 1735 5105; x_wconf 81' lang='lat' dir='ltr'><strong>inferiorum</strong></span> <span class='ocrx_word' id='word_1_468' title='bbox 1767 5052 2038 5119; x_wconf 83' lang='lat' dir='ltr'><strong>guberna-</strong></span> 
     </span>
    </p>
   </div>
   <div class='ocr_carea' id='block_1_71' title="bbox 462 5138 2039 5211">
    <p class='ocr_par' dir='ltr' id='par_1_71' title="bbox 462 5138 2039 5211">
     <span class='ocr_line' id='line_1_71' title="bbox 462 5138 2039 5211; baseline 0.001 -18"><span class='ocrx_word' id='word_1_469' title='bbox 462 5139 610 5193; x_wconf 92' lang='lat' dir='ltr'><strong>tione</strong></span> <span class='ocrx_word' id='word_1_470' title='bbox 662 5138 881 5207; x_wconf 89' lang='lat' dir='ltr'><strong>impleta</strong></span> <span class='ocrx_word' id='word_1_471' title='bbox 937 5155 1147 5193; x_wconf 91' lang='lat' dir='ltr'><strong>rursum</strong></span> <span class='ocrx_word' id='word_1_472' title='bbox 1192 5141 1259 5195; x_wconf 83' lang='lat' dir='ltr'><strong>ad</strong></span> <span class='ocrx_word' id='word_1_473' title='bbox 1303 5142 1474 5196; x_wconf 87' lang='lat' dir='ltr'><strong>altare</strong></span> <span class='ocrx_word' id='word_1_474' title='bbox 1514 5142 1680 5205; x_wconf 87' lang='lat' dir='ltr'><strong>redit,</strong></span> <span class='ocrx_word' id='word_1_475' title='bbox 1735 5141 2039 5211; x_wconf 83' lang='lat' dir='ltr'><strong>symbolice</strong></span> 
     </span>
    </p>
   </div>
   <div class='ocr_carea' id='block_1_72' title="bbox 461 5230 2039 5301">
    <p class='ocr_par' dir='ltr' id='par_1_72' title="bbox 461 5230 2039 5301">
     <span class='ocr_line' id='line_1_72' title="bbox 461 5230 2039 5301; baseline -0.001 -13"><span class='ocrx_word' id='word_1_476' title='bbox 461 5231 769 5296; x_wconf 82' lang='lat' dir='ltr'><strong>declarans,</strong></span> <span class='ocrx_word' id='word_1_477' title='bbox 811 5244 868 5284; x_wconf 91' lang='lat' dir='ltr'><strong>se</strong></span> <span class='ocrx_word' id='word_1_478' title='bbox 900 5230 1217 5286; x_wconf 80' lang='lat' dir='ltr'><strong>inferiorum</strong></span> <span class='ocrx_word' id='word_1_479' title='bbox 1254 5235 1591 5301; x_wconf 86' lang='lat' dir='ltr'><strong>providentia</strong></span> <span class='ocrx_word' id='word_1_480' title='bbox 1620 5242 1844 5297; x_wconf 87' lang='lat' dir='ltr'><strong>motum,</strong></span> <span class='ocrx_word' id='word_1_481' title='bbox 1875 5234 2039 5287; x_wconf 88' lang='lat' dir='ltr'><strong>rebus</strong></span> 
     </span>
    </p>
   </div>
   <div class='ocr_carea' id='block_1_73' title="bbox 465 5322 2039 5393">
    <p class='ocr_par' dir='ltr' id='par_1_73' title="bbox 465 5322 2039 5393">
     <span class='ocr_line' id='line_1_73' title="bbox 465 5322 2039 5393; baseline -0.001 -13"><span class='ocrx_word' id='word_1_482' title='bbox 465 5323 665 5380; x_wconf 91' lang='lat' dir='ltr'><strong>divinis</strong></span> <span class='ocrx_word' id='word_1_483' title='bbox 712 5322 907 5377; x_wconf 89' lang='lat' dir='ltr'><strong>ibidem</strong></span> <span class='ocrx_word' id='word_1_484' title='bbox 954 5325 1213 5393; x_wconf 87' lang='lat' dir='ltr'><strong>peractis,</strong></span> <span class='ocrx_word' id='word_1_485' title='bbox 1255 5339 1284 5377; x_wconf 89' lang='lat' dir='ltr'><strong>a</strong></span> <span class='ocrx_word' id='word_1_486' title='bbox 1312 5326 1509 5380; x_wconf 85' lang='lat' dir='ltr'><strong>divinis</strong></span> <span class='ocrx_word' id='word_1_487' title='bbox 1561 5326 1920 5380; x_wconf 86' lang='lat' dir='ltr'><strong>sacramentis</strong></span> <span class='ocrx_word' id='word_1_488' title='bbox 1954 5340 2039 5378; x_wconf 88' lang='lat' dir='ltr'><strong>re-</strong></span> 
     </span>
    </p>
   </div>
   <div class='ocr_carea' id='block_1_74' title="bbox 465 5415 2038 5486">
    <p class='ocr_par' dir='ltr' id='par_1_74' title="bbox 465 5415 2038 5486">
     <span class='ocr_line' id='line_1_74' title="bbox 465 5415 2038 5486; baseline 0 -15"><span class='ocrx_word' id='word_1_489' title='bbox 465 5431 595 5471; x_wconf 88' lang='lat' dir='ltr'><strong>cens</strong></span> <span class='ocrx_word' id='word_1_490' title='bbox 622 5416 896 5486; x_wconf 85' lang='lat' dir='ltr'><strong>baptizato</strong></span> <span class='ocrx_word' id='word_1_491' title='bbox 940 5415 1171 5481; x_wconf 89' lang='lat' dir='ltr'><strong>collatis,</strong></span> <span class='ocrx_word' id='word_1_492' title='bbox 1224 5416 1290 5474; x_wconf 77' lang='lat' dir='ltr'><strong>ad</strong></span> <span class='ocrx_word' id='word_1_493' title='bbox 1341 5418 1580 5472; x_wconf 89' lang='lat' dir='ltr'><strong>divimnn</strong></span> <span class='ocrx_word' id='word_1_494' title='bbox 1613 5418 1921 5471; x_wconf 89' lang='lat' dir='ltr'><strong>institutum</strong></span> <span class='ocrx_word' id='word_1_495' title='bbox 1951 5433 2038 5471; x_wconf 82' lang='lat' dir='ltr'><strong>re-</strong></span> 
     </span>
    </p>
   </div>
   <div class='ocr_carea' id='block_1_75' title="bbox 473 5507 2042 5579">
    <p class='ocr_par' dir='ltr' id='par_1_75' title="bbox 473 5507 2042 5579">
     <span class='ocr_line' id='line_1_75' title="bbox 473 5507 2042 5579; baseline 0.003 -21"><span class='ocrx_word' id='word_1_496' title='bbox 473 5508 632 5571; x_wconf 85' lang='lat' dir='ltr'><strong>verti,</strong></span> <span class='ocrx_word' id='word_1_497' title='bbox 656 5518 715 5561; x_wconf 90' lang='lat' dir='ltr'><strong>ut</strong></span> <span class='ocrx_word' id='word_1_498' title='bbox 744 5518 1024 5577; x_wconf 87' lang='lat' dir='ltr'><strong>appareat,</strong></span> <span class='ocrx_word' id='word_1_499' title='bbox 1060 5507 1234 5575; x_wconf 91' lang='lat' dir='ltr'><strong>ipsum</strong></span> <span class='ocrx_word' id='word_1_500' title='bbox 1263 5522 1293 5561; x_wconf 87' lang='lat' dir='ltr'><strong>a</strong></span> <span class='ocrx_word' id='word_1_501' title='bbox 1320 5518 1510 5564; x_wconf 89' lang='lat' dir='ltr'><strong>sancto</strong></span> <span class='ocrx_word' id='word_1_502' title='bbox 1564 5508 1769 5579; x_wconf 86' lang='lat' dir='ltr'><strong>Spiritu</strong></span> <span class='ocrx_word' id='word_1_503' title='bbox 1816 5508 1939 5563; x_wconf 90' lang='lat' dir='ltr'><strong>duci</strong></span> <span class='ocrx_word' id='word_1_504' title='bbox 1987 5517 2042 5563; x_wconf 88' lang='lat' dir='ltr'><strong>et</strong></span> 
     </span>
    </p>
   </div>
   <div class='ocr_carea' id='block_1_76' title="bbox 472 5599 674 5654">
    <p class='ocr_par' dir='ltr' id='par_1_76' title="bbox 472 5599 674 5654">
     <span class='ocr_line' id='line_1_76' title="bbox 472 5599 674 5654; baseline 0.015 -3"><span class='ocrx_word' id='word_1_505' title='bbox 472 5599 674 5654; x_wconf 82' lang='lat' dir='ltr'><strong>reduci.</strong></span> 
     </span>
    </p>
   </div>
   <div class='ocr_carea' id='block_1_77' title="bbox 901 5688 1651 5759">
    <p class='ocr_par' dir='ltr' id='par_1_77' title="bbox 901 5688 1651 5759">
     <span class='ocr_line' id='line_1_77' title="bbox 901 5688 1651 5759; baseline -0.003 -14"><span class='ocrx_word' id='word_1_506' title='bbox 901 5689 1060 5759; x_wconf 73' lang='grc'><strong>182</strong></span> <span class='ocrx_word' id='word_1_507' title='bbox 1109 5688 1198 5743; x_wconf 88' lang='lat' dir='ltr'><strong>Ill.</strong></span> <span class='ocrx_word' id='word_1_508' title='bbox 1244 5689 1651 5758; x_wconf 78' lang='lat' dir='ltr'><strong>Contemplatio.</strong></span> 
     </span>
    </p>
   </div>
   <div class='ocr_carea' id='block_1_78' title="bbox 550 5782 2041 5851">
    <p class='ocr_par' dir='ltr' id='par_1_78' title="bbox 550 5782 2041 5851">
     <span class='ocr_line' id='line_1_78' title="bbox 550 5782 2041 5851; baseline 0.005 -19"><span class='ocrx_word' id='word_1_509' title='bbox 550 5783 631 5851; x_wconf 61' lang='grc' dir='ltr'><strong>ξι.</strong></span> <span class='ocrx_word' id='word_1_510' title='bbox 667 5782 777 5838; x_wconf 85' lang='lat' dir='ltr'><strong>lloc</strong></span> <span class='ocrx_word' id='word_1_511' title='bbox 802 5788 983 5850; x_wconf 87' lang='lat' dir='ltr'><strong>itaque</strong></span> <span class='ocrx_word' id='word_1_512' title='bbox 1004 5789 1085 5836; x_wconf 73' lang='lat' dir='ltr'><strong>est</strong></span> <span class='ocrx_word' id='word_1_513' title='bbox 1108 5792 1509 5837; x_wconf 86' lang='lat' dir='ltr'><strong>sacramentum</strong></span> <span class='ocrx_word' id='word_1_514' title='bbox 1532 5790 1730 5837; x_wconf 68' lang='lat' dir='ltr'><strong>nostra:</strong></span> <span class='ocrx_word' id='word_1_515' title='bbox 1756 5795 2041 5851; x_wconf 76' lang='lat' dir='ltr'><strong>regenera-</strong></span> 
     </span>
    </p>
   </div>
   <div class='ocr_carea' id='block_1_79' title="bbox 2115 1923 3706 2000">
    <p class='ocr_par' dir='ltr' id='par_1_79' title="bbox 2115 1923 3706 2000">
     <span class='ocr_line' id='line_1_79' title="bbox 2115 1923 3706 2000; baseline -0.003 -20"><span class='ocrx_word' id='word_1_516' title='bbox 2115 1927 2327 1981; x_wconf 83' lang='grc' dir='ltr'>κελεύει</span> <span class='ocrx_word' id='word_1_517' title='bbox 2351 1927 2733 1993; x_wconf 78' lang='grc' dir='ltr'>συντάξασθαι,</span> <span class='ocrx_word' id='word_1_518' title='bbox 2774 1927 3184 2000; x_wconf 84' lang='grc' dir='ltr'>μαρτυρόμενος</span> <span class='ocrx_word' id='word_1_519' title='bbox 3211 1924 3489 1978; x_wconf 84' lang='grc' dir='ltr'>κάνταῦθα</span> <span class='ocrx_word' id='word_1_520' title='bbox 3515 1923 3613 1976; x_wconf 81' lang='grc' dir='ltr'>ἐπὶ</span> <span class='ocrx_word' id='word_1_521' title='bbox 3635 1925 3706 1995; x_wconf 78' lang='grc' dir='ltr'>τῇ</span> 
     </span>
    </p>
   </div>
   <div class='ocr_carea' id='block_1_80' title="bbox 2114 2020 2999 2093">
    <p class='ocr_par' dir='ltr' id='par_1_80' title="bbox 2114 2020 2999 2093">
     <span class='ocr_line' id='line_1_80' title="bbox 2114 2020 2999 2093; baseline 0 -21"><span class='ocrx_word' id='word_1_522' title='bbox 2114 2024 2307 2093; x_wconf 80' lang='grc' dir='ltr'>τρισσῇ</span> <span class='ocrx_word' id='word_1_523' title='bbox 2334 2021 2594 2092; x_wconf 70' lang='grc' dir='ltr'>ὁμολογίᾳ.</span> <span class='ocrx_word' id='word_1_524' title='bbox 2618 2020 2716 2091; x_wconf 80' lang='grc' dir='ltr'>τῆς</span> <span class='ocrx_word' id='word_1_525' title='bbox 2742 2021 2999 2083; x_wconf 91' lang='grc' dir='ltr'>πίστεως.</span> 
     </span>
    </p>
   </div>
   <div class='ocr_carea' id='block_1_81' title="bbox 2191 2108 3713 2185">
    <p class='ocr_par' dir='ltr' id='par_1_81' title="bbox 2191 2108 3713 2185">
     <span class='ocr_line' id='line_1_81' title="bbox 2191 2108 3713 2185; baseline -0.003 -19"><span class='ocrx_word' id='word_1_526' title='bbox 2191 2114 2217 2185; x_wconf 83' lang='lat'>§</span> <span class='ocrx_word' id='word_1_527' title='bbox 2253 2112 2363 2166; x_wconf 78' lang='lat' dir='ltr'><strong>VII.</strong></span> <span class='ocrx_word' id='word_1_528' title='bbox 2420 2113 2551 2165; x_wconf 84' lang='grc' dir='ltr'>Τότε</span> <span class='ocrx_word' id='word_1_529' title='bbox 2595 2112 2725 2181; x_wconf 91' lang='grc' dir='ltr'>γοῦν</span> <span class='ocrx_word' id='word_1_530' title='bbox 2771 2113 3094 2183; x_wconf 83' lang='grc' dir='ltr'>εὐξαμένου,</span> <span class='ocrx_word' id='word_1_531' title='bbox 3130 2111 3327 2176; x_wconf 85' lang='grc' dir='ltr'>τελέως</span> <span class='ocrx_word' id='word_1_532' title='bbox 3372 2108 3713 2164; x_wconf 63' lang='grc' dir='ltr'>ἁπκδύουσι</span> 
     </span>
    </p>
   </div>
   <div class='ocr_carea' id='block_1_82' title="bbox 2118 2199 3711 2277">
    <p class='ocr_par' dir='ltr' id='par_1_82' title="bbox 2118 2199 3711 2277">
     <span class='ocr_line' id='line_1_82' title="bbox 2118 2199 3711 2277; baseline -0.003 -16"><span class='ocrx_word' id='word_1_533' title='bbox 2118 2207 2304 2261; x_wconf 84' lang='grc' dir='ltr'>τοῦτον</span> <span class='ocrx_word' id='word_1_534' title='bbox 2329 2207 2375 2258; x_wconf 75' lang='grc' dir='ltr'>οἱ</span> <span class='ocrx_word' id='word_1_535' title='bbox 2403 2206 2723 2277; x_wconf 76' lang='grc' dir='ltr'>λειτουργοὶ,</span> <span class='ocrx_word' id='word_1_536' title='bbox 2750 2206 2836 2275; x_wconf 79' lang='grc' dir='ltr'><strong>ἐφ’</strong></span> <span class='ocrx_word' id='word_1_537' title='bbox 2860 2199 2904 2273; x_wconf 84' lang='grc' dir='ltr'><strong>ᾧ</strong></span> <span class='ocrx_word' id='word_1_538' title='bbox 2929 2204 3215 2277; x_wconf 79' lang='grc' dir='ltr'>χρισθῆναι</span> <span class='ocrx_word' id='word_1_539' title='bbox 3241 2204 3303 2258; x_wconf 84' lang='grc' dir='ltr'><strong>τὸ</strong></span> <span class='ocrx_word' id='word_1_540' title='bbox 3323 2203 3477 2273; x_wconf 81' lang='grc' dir='ltr'>ἁγιον</span> <span class='ocrx_word' id='word_1_541' title='bbox 3503 2202 3711 2257; x_wconf 77' lang='grc' dir='ltr'>ἔλαιον.</span> 
     </span>
    </p>
   </div>
   <div class='ocr_carea' id='block_1_83' title="bbox 2120 2293 3717 2370">
    <p class='ocr_par' dir='ltr' id='par_1_83' title="bbox 2120 2293 3717 2370">
     <span class='ocr_line' id='line_1_83' title="bbox 2120 2293 3717 2370; baseline -0.002 -19"><span class='ocrx_word' id='word_1_542' title='bbox 2120 2300 2239 2351; x_wconf 87' lang='grc' dir='ltr'><strong>Τῶν</strong></span> <span class='ocrx_word' id='word_1_543' title='bbox 2264 2299 2392 2368; x_wconf 85' lang='grc' dir='ltr'>γοῦν</span> <span class='ocrx_word' id='word_1_544' title='bbox 2421 2298 2608 2370; x_wconf 78' lang='grc' dir='ltr'>ἱερέων</span> <span class='ocrx_word' id='word_1_545' title='bbox 2635 2298 2915 2370; x_wconf 87' lang='grc' dir='ltr'>χριόντων,</span> <span class='ocrx_word' id='word_1_546' title='bbox 2943 2297 3103 2361; x_wconf 74' lang='grc' dir='ltr'>αὐτὸς</span> <span class='ocrx_word' id='word_1_547' title='bbox 3128 2297 3220 2350; x_wconf 74' lang='grc' dir='ltr'><strong>ἐπὶ</strong></span> <span class='ocrx_word' id='word_1_548' title='bbox 3241 2296 3337 2368; x_wconf 86' lang='grc' dir='ltr'><strong>τὴν</strong></span> <span class='ocrx_word' id='word_1_549' title='bbox 3365 2296 3582 2367; x_wconf 78' lang='grc' dir='ltr'>μητέρα</span> <span class='ocrx_word' id='word_1_550' title='bbox 3607 2293 3717 2365; x_wconf 78' lang='grc' dir='ltr'>τῆς</span> 
     </span>
    </p>
   </div>
   <div class='ocr_carea' id='block_1_84' title="bbox 2122 2388 3717 2462">
    <p class='ocr_par' dir='ltr' id='par_1_84' title="bbox 2122 2388 3717 2462">
     <span class='ocr_line' id='line_1_84' title="bbox 2122 2388 3717 2462; baseline -0.003 -18"><span class='ocrx_word' id='word_1_551' title='bbox 2122 2392 2389 2455; x_wconf 79' lang='grc' dir='ltr'>υἱοθεσίας</span> <span class='ocrx_word' id='word_1_552' title='bbox 2441 2390 2539 2462; x_wconf 76' lang='grc' dir='ltr'><strong>τὴν</strong></span> <span class='ocrx_word' id='word_1_553' title='bbox 2594 2390 2979 2462; x_wconf 76' lang='grc' dir='ltr'>κολυμϐήθραν</span> <span class='ocrx_word' id='word_1_554' title='bbox 3028 2389 3267 2461; x_wconf 76' lang='grc' dir='ltr'>ἔρχεται,</span> <span class='ocrx_word' id='word_1_555' title='bbox 3302 2390 3393 2441; x_wconf 83' lang='grc' dir='ltr'><strong>καί</strong></span> <span class='ocrx_word' id='word_1_556' title='bbox 3437 2388 3503 2440; x_wconf 79' lang='grc' dir='ltr'><strong>τὸ</strong></span> <span class='ocrx_word' id='word_1_557' title='bbox 3527 2389 3717 2440; x_wconf 83' lang='grc' dir='ltr'>ἐκεῖσε</span> 
     </span>
    </p>
   </div>
   <div class='ocr_carea' id='block_1_85' title="bbox 2120 2476 3716 2552">
    <p class='ocr_par' dir='ltr' id='par_1_85' title="bbox 2120 2476 3716 2552">
     <span class='ocr_line' id='line_1_85' title="bbox 2120 2476 3716 2552; baseline -0.006 -14"><span class='ocrx_word' id='word_1_558' title='bbox 2120 2484 2350 2551; x_wconf 75' lang='grc' dir='ltr'>ἁγιάσας</span> <span class='ocrx_word' id='word_1_559' title='bbox 2398 2481 2560 2552; x_wconf 74' lang='grc' dir='ltr'>ὕδωρ,</span> <span class='ocrx_word' id='word_1_560' title='bbox 2619 2480 2714 2533; x_wconf 78' lang='grc' dir='ltr'>καὶ</span> <span class='ocrx_word' id='word_1_561' title='bbox 2758 2478 2925 2533; x_wconf 80' lang='grc' dir='ltr'>εἰπὼν</span> <span class='ocrx_word' id='word_1_562' title='bbox 2969 2480 3031 2533; x_wconf 82' lang='grc' dir='ltr'><strong>τὸ</strong></span> <span class='ocrx_word' id='word_1_563' title='bbox 3074 2480 3216 2551; x_wconf 77' lang='grc' dir='ltr'>ἱερὸν</span> <span class='ocrx_word' id='word_1_564' title='bbox 3266 2477 3565 2549; x_wconf 81' lang='grc' dir='ltr'>μελῲδημα</span> <span class='ocrx_word' id='word_1_565' title='bbox 3612 2476 3716 2529; x_wconf 85' lang='grc' dir='ltr'><strong>τοῦ</strong></span> 
     </span>
    </p>
   </div>
   <div class='ocr_carea' id='block_1_86' title="bbox 2120 2570 3720 2646">
    <p class='ocr_par' dir='ltr' id='par_1_86' title="bbox 2120 2570 3720 2646">
     <span class='ocr_line' id='line_1_86' title="bbox 2120 2570 3720 2646; baseline -0.004 -17"><span class='ocrx_word' id='word_1_566' title='bbox 2120 2575 2275 2643; x_wconf 85' lang='grc' dir='ltr'>ἁγίου</span> <span class='ocrx_word' id='word_1_567' title='bbox 2329 2573 2666 2643; x_wconf 75' lang='grc' dir='ltr'>Πνεύματος,</span> <span class='ocrx_word' id='word_1_568' title='bbox 2715 2573 2873 2646; x_wconf 81' lang='grc' dir='ltr'>(ὅπερ</span> <span class='ocrx_word' id='word_1_569' title='bbox 2922 2573 3075 2642; x_wconf 79' lang='grc' dir='ltr'>ἅγιον</span> <span class='ocrx_word' id='word_1_570' title='bbox 3121 2570 3346 2641; x_wconf 78' lang='grc' dir='ltr'>Πνεῦμα</span> <span class='ocrx_word' id='word_1_571' title='bbox 3380 2572 3413 2642; x_wconf 82' lang='grc' dir='ltr'>ἡ</span> <span class='ocrx_word' id='word_1_572' title='bbox 3449 2570 3720 2623; x_wconf 81' lang='grc' dir='ltr'>ἐπίπνοιὰ</span> 
     </span>
    </p>
   </div>
   <div class='ocr_carea' id='block_1_87' title="bbox 2122 2662 3718 2737">
    <p class='ocr_par' dir='ltr' id='par_1_87' title="bbox 2122 2662 3718 2737">
     <span class='ocr_line' id='line_1_87' title="bbox 2122 2662 3718 2737; baseline -0.005 -16"><span class='ocrx_word' id='word_1_573' title='bbox 2122 2672 2237 2722; x_wconf 85' lang='grc' dir='ltr'>ἐστι</span> <span class='ocrx_word' id='word_1_574' title='bbox 2269 2668 2377 2721; x_wconf 86' lang='grc' dir='ltr'><strong>τῶν</strong></span> <span class='ocrx_word' id='word_1_575' title='bbox 2412 2667 2569 2720; x_wconf 84' lang='grc' dir='ltr'>θείων</span> <span class='ocrx_word' id='word_1_576' title='bbox 2623 2664 2963 2737; x_wconf 76' lang='grc' dir='ltr'>προφητῶν,)</span> <span class='ocrx_word' id='word_1_577' title='bbox 3010 2664 3225 2735; x_wconf 86' lang='grc' dir='ltr'>δέχεται</span> <span class='ocrx_word' id='word_1_578' title='bbox 3268 2663 3360 2716; x_wconf 78' lang='grc' dir='ltr'><strong>τὸν</strong></span> <span class='ocrx_word' id='word_1_579' title='bbox 3408 2662 3605 2733; x_wconf 77' lang='grc' dir='ltr'>ἄνδρα.</span> <span class='ocrx_word' id='word_1_580' title='bbox 3638 2662 3718 2714; x_wconf 80' lang='grc' dir='ltr'><strong>Οὐ</strong></span> 
     </span>
    </p>
   </div>
   <div class='ocr_carea' id='block_1_88' title="bbox 2121 2754 3718 2833">
    <p class='ocr_par' dir='ltr' id='par_1_88' title="bbox 2121 2754 3718 2833">
     <span class='ocr_line' id='line_1_88' title="bbox 2121 2754 3718 2833; baseline -0.006 -18"><span class='ocrx_word' id='word_1_581' title='bbox 2121 2762 2229 2833; x_wconf 73' lang='grc' dir='ltr'><strong>γὰρ</strong></span> <span class='ocrx_word' id='word_1_582' title='bbox 2263 2761 2324 2813; x_wconf 72' lang='grc' dir='ltr'><strong>τὸ</strong></span> <span class='ocrx_word' id='word_1_583' title='bbox 2358 2761 2500 2830; x_wconf 76' lang='grc' dir='ltr'>ἱερὸν</span> <span class='ocrx_word' id='word_1_584' title='bbox 2532 2759 2823 2831; x_wconf 75' lang='grc' dir='ltr'>μελῲδημα</span> <span class='ocrx_word' id='word_1_585' title='bbox 2848 2757 2956 2811; x_wconf 86' lang='grc' dir='ltr'><strong>τῶν</strong></span> <span class='ocrx_word' id='word_1_586' title='bbox 2982 2757 3143 2811; x_wconf 81' lang='grc' dir='ltr'>θείων</span> <span class='ocrx_word' id='word_1_587' title='bbox 3191 2754 3486 2828; x_wconf 77' lang='grc' dir='ltr'>προφητῶν</span> <span class='ocrx_word' id='word_1_588' title='bbox 3522 2771 3718 2824; x_wconf 63' lang='grc' dir='ltr'>ᾳησιν,</span> 
     </span>
    </p>
   </div>
   <div class='ocr_carea' id='block_1_89' title="bbox 2121 2840 3716 2920">
    <p class='ocr_par' dir='ltr' id='par_1_89' title="bbox 2121 2840 3716 2920">
     <span class='ocr_line' id='line_1_89' title="bbox 2121 2840 3716 2920; baseline -0.005 -17"><span class='ocrx_word' id='word_1_589' title='bbox 2121 2852 2180 2903; x_wconf 84' lang='grc' dir='ltr'><strong>οὐ</strong></span> <span class='ocrx_word' id='word_1_590' title='bbox 2205 2849 2313 2920; x_wconf 79' lang='grc' dir='ltr'>γὰρ</span> <span class='ocrx_word' id='word_1_591' title='bbox 2340 2848 2538 2911; x_wconf 85' lang='grc' dir='ltr'>πάντες</span> <span class='ocrx_word' id='word_1_592' title='bbox 2572 2850 2618 2900; x_wconf 83' lang='grc' dir='ltr'>οξ</span> <span class='ocrx_word' id='word_1_593' title='bbox 2655 2847 2929 2918; x_wconf 64' lang='grc' dir='ltr'>προφῆται</span> <span class='ocrx_word' id='word_1_594' title='bbox 2965 2841 3115 2898; x_wconf 76' lang='grc' dir='ltr'>εἷπον</span> <span class='ocrx_word' id='word_1_595' title='bbox 3162 2845 3293 2898; x_wconf 81' lang='grc' dir='ltr'>αὐτὸ</span> <span class='ocrx_word' id='word_1_596' title='bbox 3327 2845 3388 2897; x_wconf 78' lang='grc' dir='ltr'>τὸ</span> <span class='ocrx_word' id='word_1_597' title='bbox 3422 2844 3481 2896; x_wconf 81' lang='grc' dir='ltr'><strong>ἐν</strong></span> <span class='ocrx_word' id='word_1_598' title='bbox 3517 2840 3679 2915; x_wconf 80' lang='grc' dir='ltr'>ᾆσμα</span> <span class='ocrx_word' id='word_1_599' title='bbox 3701 2860 3716 2872; x_wconf 86' lang='grc'><strong>·</strong></span> 
     </span>
    </p>
   </div>
   <div class='ocr_carea' id='block_1_90' title="bbox 2123 2933 3724 3009">
    <p class='ocr_par' dir='ltr' id='par_1_90' title="bbox 2123 2933 3724 3009">
     <span class='ocr_line' id='line_1_90' title="bbox 2123 2933 3724 3009; baseline -0.006 -14"><span class='ocrx_word' id='word_1_600' title='bbox 2123 2942 2238 2995; x_wconf 75' lang='grc' dir='ltr'>ἔστι</span> <span class='ocrx_word' id='word_1_601' title='bbox 2266 2941 2322 2994; x_wconf 79' lang='grc' dir='ltr'>δὲ</span> <span class='ocrx_word' id='word_1_602' title='bbox 2345 2941 2373 2992; x_wconf 98' lang='lat'><strong>6</strong></span> <span class='ocrx_word' id='word_1_603' title='bbox 2405 2948 2489 3009; x_wconf 87' lang='grc' dir='ltr'><strong>κη’</strong></span> <span class='ocrx_word' id='word_1_604' title='bbox 2523 2938 2763 3009; x_wconf 69' lang='grc' dir='ltr'>ψαλμόςο</span> <span class='ocrx_word' id='word_1_605' title='bbox 2794 2936 2969 3004; x_wconf 77' lang='grc' dir='ltr'><strong>Φωνὴ</strong></span> <span class='ocrx_word' id='word_1_606' title='bbox 2998 2937 3220 3004; x_wconf 72' lang='lat' dir='ltr'><strong>Kvp/ov</strong></span> <span class='ocrx_word' id='word_1_607' title='bbox 3251 2936 3347 2989; x_wconf 76' lang='grc' dir='ltr'><strong>ἐπὶ</strong></span> <span class='ocrx_word' id='word_1_608' title='bbox 3398 2935 3522 2988; x_wconf 78' lang='grc' dir='ltr'>τῶν</span> <span class='ocrx_word' id='word_1_609' title='bbox 3570 2933 3724 2989; x_wconf 72' lang='grc' dir='ltr'>ὑδά-</span> 
     </span>
    </p>
   </div>
   <div class='ocr_carea' id='block_1_91' title="bbox 2123 3024 3724 3097">
    <p class='ocr_par' dir='ltr' id='par_1_91' title="bbox 2123 3024 3724 3097">
     <span class='ocr_line' id='line_1_91' title="bbox 2123 3024 3724 3097; baseline -0.007 -10"><span class='ocrx_word' id='word_1_610' title='bbox 2123 3051 2260 3095; x_wconf 82' lang='grc' dir='ltr'>των,</span> <span class='ocrx_word' id='word_1_611' title='bbox 2295 3032 2388 3089; x_wconf 79' lang='grc' dir='ltr'><strong>καὶ</strong></span> <span class='ocrx_word' id='word_1_612' title='bbox 2419 3030 2481 3083; x_wconf 85' lang='grc' dir='ltr'><strong>τὸ</strong></span> <span class='ocrx_word' id='word_1_613' title='bbox 2525 3031 2908 3097; x_wconf 73' lang='grc' dir='ltr'><strong>Ἀλληλούτα.</strong></span> <span class='ocrx_word' id='word_1_614' title='bbox 2929 3028 3038 3081; x_wconf 73' lang='grc' dir='ltr'>Καὶ</span> <span class='ocrx_word' id='word_1_615' title='bbox 3052 3029 3230 3081; x_wconf 81' lang='grc' dir='ltr'>πάντα</span> <span class='ocrx_word' id='word_1_616' title='bbox 3256 3026 3343 3078; x_wconf 86' lang='grc' dir='ltr'>ἐπ’</span> <span class='ocrx_word' id='word_1_617' title='bbox 3376 3025 3529 3095; x_wconf 82' lang='grc' dir='ltr'>αὑτῷ</span> <span class='ocrx_word' id='word_1_618' title='bbox 3556 3024 3724 3096; x_wconf 83' lang='grc' dir='ltr'>ἱερῶς</span> 
     </span>
    </p>
   </div>
   <div class='ocr_carea' id='block_1_92' title="bbox 2123 3119 3727 3199">
    <p class='ocr_par' dir='ltr' id='par_1_92' title="bbox 2123 3119 3727 3199">
     <span class='ocr_line' id='line_1_92' title="bbox 2123 3119 3727 3199; baseline -0.006 -19"><span class='ocrx_word' id='word_1_619' title='bbox 2123 3126 2577 3199; x_wconf 78' lang='grc' dir='ltr'>διαπραξάμενος,</span> <span class='ocrx_word' id='word_1_620' title='bbox 2624 3124 2702 3195; x_wconf 83' lang='grc' dir='ltr'><strong>τῷ</strong></span> <span class='ocrx_word' id='word_1_621' title='bbox 2751 3125 2892 3195; x_wconf 84' lang='grc' dir='ltr'>ἁγίῳ</span> <span class='ocrx_word' id='word_1_622' title='bbox 2940 3123 3199 3195; x_wconf 86' lang='grc' dir='ltr'>ἐγχρίσας</span> <span class='ocrx_word' id='word_1_623' title='bbox 3258 3119 3437 3193; x_wconf 70' lang='grc' dir='ltr'>μύρῳ,</span> <span class='ocrx_word' id='word_1_624' title='bbox 3490 3119 3727 3190; x_wconf 78' lang='grc' dir='ltr'>μέτοχον</span> 
     </span>
    </p>
   </div>
   <div class='ocr_carea' id='block_1_93' title="bbox 2125 3210 3723 3285">
    <p class='ocr_par' dir='ltr' id='par_1_93' title="bbox 2125 3210 3723 3285">
     <span class='ocr_line' id='line_1_93' title="bbox 2125 3210 3723 3285; baseline -0.005 -13"><span class='ocrx_word' id='word_1_625' title='bbox 2125 3219 2286 3273; x_wconf 77' lang='grc' dir='ltr'>αὐτὸν</span> <span class='ocrx_word' id='word_1_626' title='bbox 2321 3220 2415 3271; x_wconf 77' lang='grc' dir='ltr'><strong>καὶ</strong></span> <span class='ocrx_word' id='word_1_627' title='bbox 2460 3217 2569 3270; x_wconf 86' lang='grc' dir='ltr'><strong>τῶν</strong></span> <span class='ocrx_word' id='word_1_628' title='bbox 2614 3218 2895 3270; x_wconf 75' lang='grc' dir='ltr'>ἀθανάτων</span> <span class='ocrx_word' id='word_1_629' title='bbox 2946 3214 3258 3285; x_wconf 80' lang='grc' dir='ltr'>μυστηρίων</span> <span class='ocrx_word' id='word_1_630' title='bbox 3311 3210 3723 3265; x_wconf 85' lang='grc' dir='ltr'>ἀποδείκνυσιν.</span> 
     </span>
    </p>
   </div>
   <div class='ocr_carea' id='block_1_94' title="bbox 2125 3303 3729 3381">
    <p class='ocr_par' dir='ltr' id='par_1_94' title="bbox 2125 3303 3729 3381">
     <span class='ocr_line' id='line_1_94' title="bbox 2125 3303 3729 3381; baseline -0.006 -18"><span class='ocrx_word' id='word_1_631' title='bbox 2125 3311 2199 3363; x_wconf 80' lang='grc' dir='ltr'><strong>Οὐ</strong></span> <span class='ocrx_word' id='word_1_632' title='bbox 2238 3309 2342 3381; x_wconf 85' lang='grc' dir='ltr'><strong>χρὴ</strong></span> <span class='ocrx_word' id='word_1_633' title='bbox 2374 3311 2430 3363; x_wconf 82' lang='grc' dir='ltr'>δὲ</span> <span class='ocrx_word' id='word_1_634' title='bbox 2457 3308 2775 3380; x_wconf 73' lang='grc' dir='ltr'>θαυμάζειν,</span> <span class='ocrx_word' id='word_1_635' title='bbox 2804 3310 2852 3361; x_wconf 78' lang='grc' dir='ltr'>εἰ</span> <span class='ocrx_word' id='word_1_636' title='bbox 2887 3306 3039 3381; x_wconf 78' lang='grc' dir='ltr'>παρὰ</span> <span class='ocrx_word' id='word_1_637' title='bbox 3071 3307 3169 3377; x_wconf 80' lang='grc' dir='ltr'>τὴν</span> <span class='ocrx_word' id='word_1_638' title='bbox 3195 3305 3290 3361; x_wconf 92' lang='grc' dir='ltr'><strong>νῦν</strong></span> <span class='ocrx_word' id='word_1_639' title='bbox 3318 3304 3639 3375; x_wconf 87' lang='grc' dir='ltr'>κρατοῦσαν</span> <span class='ocrx_word' id='word_1_640' title='bbox 3665 3303 3729 3354; x_wconf 90' lang='grc' dir='ltr'><strong>ἐν</strong></span> 
     </span>
    </p>
   </div>
   <div class='ocr_carea' id='block_1_95' title="bbox 2124 3396 3732 3472">
    <p class='ocr_par' dir='ltr' id='par_1_95' title="bbox 2124 3396 3732 3472">
     <span class='ocr_line' id='line_1_95' title="bbox 2124 3396 3732 3472; baseline -0.004 -17"><span class='ocrx_word' id='word_1_641' title='bbox 2124 3407 2243 3466; x_wconf 84' lang='grc' dir='ltr'>ταῖς</span> <span class='ocrx_word' id='word_1_642' title='bbox 2295 3404 2608 3472; x_wconf 78' lang='grc' dir='ltr'>ἐκκλησίαις</span> <span class='ocrx_word' id='word_1_643' title='bbox 2657 3402 2831 3468; x_wconf 80' lang='grc' dir='ltr'>τάξιν,</span> <span class='ocrx_word' id='word_1_644' title='bbox 2884 3398 3315 3472; x_wconf 74' lang='grc' dir='ltr'>παρηλλαγμένα</span> <span class='ocrx_word' id='word_1_645' title='bbox 3352 3398 3504 3466; x_wconf 83' lang='grc' dir='ltr'>λέγει</span> <span class='ocrx_word' id='word_1_646' title='bbox 3540 3396 3669 3450; x_wconf 77' lang='grc' dir='ltr'>τινὰ</span> <span class='ocrx_word' id='word_1_647' title='bbox 3700 3398 3732 3448; x_wconf 88' lang='lat'><strong>6</strong></span> 
     </span>
    </p>
   </div>
   <div class='ocr_carea' id='block_1_96' title="bbox 2126 3490 3732 3567">
    <p class='ocr_par' dir='ltr' id='par_1_96' title="bbox 2126 3490 3732 3567">
     <span class='ocr_line' id='line_1_96' title="bbox 2126 3490 3732 3567; baseline -0.004 -19"><span class='ocrx_word' id='word_1_648' title='bbox 2126 3496 2318 3567; x_wconf 85' lang='grc' dir='ltr'>Πατήρ</span> <span class='ocrx_word' id='word_1_649' title='bbox 2338 3514 2351 3525; x_wconf 79' lang='grc'><em>’</em></span> <span class='ocrx_word' id='word_1_650' title='bbox 2381 3496 2526 3559; x_wconf 77' lang='grc' dir='ltr'>εἰκὸς</span> <span class='ocrx_word' id='word_1_651' title='bbox 2552 3494 2661 3566; x_wconf 78' lang='grc' dir='ltr'><strong>γὰρ</strong></span> <span class='ocrx_word' id='word_1_652' title='bbox 2704 3494 2881 3547; x_wconf 90' lang='grc' dir='ltr'>ταῦτα</span> <span class='ocrx_word' id='word_1_653' title='bbox 2928 3494 3115 3565; x_wconf 82' lang='grc' dir='ltr'>ἐκείνῃ</span> <span class='ocrx_word' id='word_1_654' title='bbox 3144 3495 3241 3565; x_wconf 81' lang='grc' dir='ltr'>μὲν</span> <span class='ocrx_word' id='word_1_655' title='bbox 3270 3494 3337 3563; x_wconf 85' lang='grc' dir='ltr'>τῇ</span> <span class='ocrx_word' id='word_1_656' title='bbox 3364 3491 3475 3543; x_wconf 90' lang='grc' dir='ltr'><strong>τῶν</strong></span> <span class='ocrx_word' id='word_1_657' title='bbox 3513 3490 3732 3562; x_wconf 76' lang='grc' dir='ltr'>χρόνων</span> 
     </span>
    </p>
   </div>
   <div class='ocr_carea' id='block_1_97' title="bbox 2127 3584 3730 3659">
    <p class='ocr_par' dir='ltr' id='par_1_97' title="bbox 2127 3584 3730 3659">
     <span class='ocr_line' id='line_1_97' title="bbox 2127 3584 3730 3659; baseline -0.004 -18"><span class='ocrx_word' id='word_1_658' title='bbox 2127 3590 2455 3643; x_wconf 83' lang='grc' dir='ltr'>καταστάσει</span> <span class='ocrx_word' id='word_1_659' title='bbox 2510 3588 2787 3659; x_wconf 77' lang='grc' dir='ltr'>ἁρμόζειν,</span> <span class='ocrx_word' id='word_1_660' title='bbox 2848 3586 2944 3640; x_wconf 86' lang='grc' dir='ltr'><strong>νῦν</strong></span> <span class='ocrx_word' id='word_1_661' title='bbox 3004 3587 3061 3639; x_wconf 81' lang='grc' dir='ltr'><strong>δὲ</strong></span> <span class='ocrx_word' id='word_1_662' title='bbox 3120 3585 3515 3657; x_wconf 78' lang='grc' dir='ltr'>ἀκριϐέστερον</span> <span class='ocrx_word' id='word_1_663' title='bbox 3574 3584 3730 3651; x_wconf 78' lang='grc' dir='ltr'>γίνε-</span> 
     </span>
    </p>
   </div>
   <div class='ocr_carea' id='block_1_98' title="bbox 2130 3678 2270 3732">
    <p class='ocr_par' dir='ltr' id='par_1_98' title="bbox 2130 3678 2270 3732">
     <span class='ocr_line' id='line_1_98' title="bbox 2130 3678 2270 3732; baseline 0 0"><span class='ocrx_word' id='word_1_664' title='bbox 2130 3678 2270 3732; x_wconf 88' lang='grc' dir='ltr'>σθαι.</span> 
     </span>
    </p>
   </div>
   <div class='ocr_carea' id='block_1_99' title="bbox 2204 3764 3736 3839">
    <p class='ocr_par' dir='ltr' id='par_1_99' title="bbox 2204 3764 3736 3839">
     <span class='ocr_line' id='line_1_99' title="bbox 2204 3764 3736 3839; baseline -0.004 -15"><span class='ocrx_word' id='word_1_665' title='bbox 2204 3766 2380 3839; x_wconf 82' lang='lat' dir='ltr'><strong>§Vlll.</strong></span> <span class='ocrx_word' id='word_1_666' title='bbox 2412 3768 2596 3822; x_wconf 82' lang='grc' dir='ltr'>Ταῦτα</span> <span class='ocrx_word' id='word_1_667' title='bbox 2629 3768 2853 3834; x_wconf 85' lang='grc' dir='ltr'>τελέσας</span> <span class='ocrx_word' id='word_1_668' title='bbox 2888 3771 2916 3822; x_wconf 89' lang='lat'><strong>6</strong></span> <span class='ocrx_word' id='word_1_669' title='bbox 2941 3767 3222 3839; x_wconf 82' lang='grc' dir='ltr'>ίεράρχης,</span> <span class='ocrx_word' id='word_1_670' title='bbox 3250 3767 3341 3819; x_wconf 69' lang='grc' dir='ltr'>ἐπὶ</span> <span class='ocrx_word' id='word_1_671' title='bbox 3366 3765 3467 3837; x_wconf 82' lang='grc' dir='ltr'><strong>τὴν</strong></span> <span class='ocrx_word' id='word_1_672' title='bbox 3500 3764 3736 3837; x_wconf 79' lang='grc' dir='ltr'>πρώτην</span> 
     </span>
    </p>
   </div>
   <div class='ocr_carea' id='block_1_100' title="bbox 2130 3858 3734 3931">
    <p class='ocr_par' dir='ltr' id='par_1_100' title="bbox 2130 3858 3734 3931">
     <span class='ocr_line' id='line_1_100' title="bbox 2130 3858 3734 3931; baseline -0.002 -17"><span class='ocrx_word' id='word_1_673' title='bbox 2130 3862 2223 3914; x_wconf 77' lang='grc' dir='ltr'><strong>καὶ</strong></span> <span class='ocrx_word' id='word_1_674' title='bbox 2252 3861 2413 3916; x_wconf 88' lang='grc' dir='ltr'>πάλιν</span> <span class='ocrx_word' id='word_1_675' title='bbox 2464 3862 2802 3915; x_wconf 84' lang='grc' dir='ltr'>ἀνατείνεται</span> <span class='ocrx_word' id='word_1_676' title='bbox 2828 3859 3135 3931; x_wconf 79' lang='grc' dir='ltr'>θεωρίαν,ῆ</span> <span class='ocrx_word' id='word_1_677' title='bbox 3174 3858 3339 3929; x_wconf 75' lang='grc' dir='ltr'>εὐχὴν</span> <span class='ocrx_word' id='word_1_678' title='bbox 3369 3860 3671 3931; x_wconf 79' lang='grc' dir='ltr'>μυστικὴν,</span> <span class='ocrx_word' id='word_1_679' title='bbox 3697 3859 3734 3929; x_wconf 75' lang='grc' dir='ltr'>ἢ</span> 
     </span>
    </p>
   </div>
   <div class='ocr_carea' id='block_1_101' title="bbox 2128 3949 3738 4026">
    <p class='ocr_par' dir='ltr' id='par_1_101' title="bbox 2128 3949 3738 4026">
     <span class='ocr_line' id='line_1_101' title="bbox 2128 3949 3738 4026; baseline -0.002 -19"><span class='ocrx_word' id='word_1_680' title='bbox 2128 3955 2226 4026; x_wconf 84' lang='grc' dir='ltr'><strong>τὴν</strong></span> <span class='ocrx_word' id='word_1_681' title='bbox 2259 3954 2408 4026; x_wconf 77' lang='grc' dir='ltr'>ἱερὰν</span> <span class='ocrx_word' id='word_1_682' title='bbox 2437 3953 2803 4025; x_wconf 86' lang='grc' dir='ltr'>λειτουργίαν·</span> <span class='ocrx_word' id='word_1_683' title='bbox 2839 3954 2899 4005; x_wconf 75' lang='grc' dir='ltr'><strong>οὐ</strong></span> <span class='ocrx_word' id='word_1_684' title='bbox 2927 3953 3036 4023; x_wconf 71' lang='grc' dir='ltr'><strong>γὰρ</strong></span> <span class='ocrx_word' id='word_1_685' title='bbox 3069 3952 3150 4003; x_wconf 83' lang='grc' dir='ltr'><strong>δεῖ</strong></span> <span class='ocrx_word' id='word_1_686' title='bbox 3194 3953 3279 4003; x_wconf 78' lang='grc' dir='ltr'>ἐπ’</span> <span class='ocrx_word' id='word_1_687' title='bbox 3305 3949 3578 4022; x_wconf 83' lang='grc' dir='ltr'>ἀλλοτρίῳ</span> <span class='ocrx_word' id='word_1_688' title='bbox 3621 3952 3738 4003; x_wconf 81' lang='grc' dir='ltr'>τινὶ</span> 
     </span>
    </p>
   </div>
   <div class='ocr_carea' id='block_1_102' title="bbox 2131 4040 3737 4117">
    <p class='ocr_par' dir='ltr' id='par_1_102' title="bbox 2131 4040 3737 4117">
     <span class='ocr_line' id='line_1_102' title="bbox 2131 4040 3737 4117; baseline -0.004 -17"><span class='ocrx_word' id='word_1_689' title='bbox 2131 4048 2282 4117; x_wconf 81' lang='grc' dir='ltr'>παρὰ</span> <span class='ocrx_word' id='word_1_690' title='bbox 2315 4046 2384 4099; x_wconf 79' lang='grc' dir='ltr'>τὰ</span> <span class='ocrx_word' id='word_1_691' title='bbox 2427 4048 2601 4099; x_wconf 80' lang='grc' dir='ltr'>οἰκεῖα</span> <span class='ocrx_word' id='word_1_692' title='bbox 2651 4043 2970 4117; x_wconf 87' lang='grc' dir='ltr'>τρέπεσθαι.</span> <span class='ocrx_word' id='word_1_693' title='bbox 3009 4043 3167 4114; x_wconf 79' lang='grc' dir='ltr'>Δηλοῐ</span> <span class='ocrx_word' id='word_1_694' title='bbox 3202 4041 3257 4094; x_wconf 81' lang='grc' dir='ltr'><strong>δὲ</strong></span> <span class='ocrx_word' id='word_1_695' title='bbox 3306 4042 3333 4092; x_wconf 94' lang='lat'><strong>6</strong></span> <span class='ocrx_word' id='word_1_696' title='bbox 3367 4040 3554 4108; x_wconf 84' lang='grc' dir='ltr'>λόγος,</span> <span class='ocrx_word' id='word_1_697' title='bbox 3590 4042 3679 4093; x_wconf 79' lang='grc' dir='ltr'><strong>ὅτι</strong></span> <span class='ocrx_word' id='word_1_698' title='bbox 3707 4043 3737 4093; x_wconf 93' lang='lat'><strong>6</strong></span> 
     </span>
    </p>
   </div>
   <div class='ocr_carea' id='block_1_103' title="bbox 2132 4130 3739 4204">
    <p class='ocr_par' dir='ltr' id='par_1_103' title="bbox 2132 4130 3739 4204">
     <span class='ocr_line' id='line_1_103' title="bbox 2132 4130 3739 4204; baseline -0.006 -12"><span class='ocrx_word' id='word_1_699' title='bbox 2132 4139 2445 4202; x_wconf 81' lang='grc' dir='ltr'>ἐπίσκοπος,</span> <span class='ocrx_word' id='word_1_700' title='bbox 2482 4138 2665 4190; x_wconf 78' lang='grc' dir='ltr'>εἰκόνα</span> <span class='ocrx_word' id='word_1_701' title='bbox 2700 4136 2911 4204; x_wconf 86' lang='grc' dir='ltr'>ἐπέχων</span> <span class='ocrx_word' id='word_1_702' title='bbox 2950 4134 3044 4187; x_wconf 89' lang='grc' dir='ltr'><strong>τοῦ</strong></span> <span class='ocrx_word' id='word_1_703' title='bbox 3072 4135 3291 4187; x_wconf 80' lang='grc' dir='ltr'>πάντων</span> <span class='ocrx_word' id='word_1_704' title='bbox 3336 4130 3495 4195; x_wconf 85' lang='grc' dir='ltr'>Θεοῦ,</span> <span class='ocrx_word' id='word_1_705' title='bbox 3535 4132 3739 4203; x_wconf 84' lang='grc' dir='ltr'>ὥσπερ</span> 
     </span>
    </p>
   </div>
   <div class='ocr_carea' id='block_1_104' title="bbox 2131 4225 3742 4301">
    <p class='ocr_par' dir='ltr' id='par_1_104' title="bbox 2131 4225 3742 4301">
     <span class='ocr_line' id='line_1_104' title="bbox 2131 4225 3742 4301; baseline -0.005 -17"><span class='ocrx_word' id='word_1_706' title='bbox 2131 4234 2159 4284; x_wconf 86' lang='grc' dir='ltr'>ὁ</span> <span class='ocrx_word' id='word_1_707' title='bbox 2191 4230 2322 4294; x_wconf 79' lang='grc' dir='ltr'>Θεὸς</span> <span class='ocrx_word' id='word_1_708' title='bbox 2346 4231 2437 4282; x_wconf 74' lang='grc' dir='ltr'><strong>ἐπὶ</strong></span> <span class='ocrx_word' id='word_1_709' title='bbox 2459 4230 2558 4301; x_wconf 82' lang='grc' dir='ltr'>τῆς</span> <span class='ocrx_word' id='word_1_710' title='bbox 2582 4228 2787 4292; x_wconf 81' lang='grc' dir='ltr'>οἰκείας</span> <span class='ocrx_word' id='word_1_711' title='bbox 2825 4228 3075 4299; x_wconf 77' lang='grc' dir='ltr'>ἐνότητος</span> <span class='ocrx_word' id='word_1_712' title='bbox 3120 4227 3214 4279; x_wconf 73' lang='grc' dir='ltr'><strong>καὶ</strong></span> <span class='ocrx_word' id='word_1_713' title='bbox 3264 4225 3597 4295; x_wconf 76' lang='grc' dir='ltr'>ταύτότητος</span> <span class='ocrx_word' id='word_1_714' title='bbox 3646 4225 3742 4277; x_wconf 80' lang='grc' dir='ltr'><strong>ἀεὶ</strong></span> 
     </span>
    </p>
   </div>
   <div class='ocr_carea' id='block_1_105' title="bbox 2136 4317 3741 4395">
    <p class='ocr_par' dir='ltr' id='par_1_105' title="bbox 2136 4317 3741 4395">
     <span class='ocr_line' id='line_1_105' title="bbox 2136 4317 3741 4395; baseline -0.004 -19"><span class='ocrx_word' id='word_1_715' title='bbox 2136 4324 2333 4395; x_wconf 89' lang='grc' dir='ltr'>μένων,</span> <span class='ocrx_word' id='word_1_716' title='bbox 2370 4323 2464 4375; x_wconf 73' lang='grc' dir='ltr'>καὶ</span> <span class='ocrx_word' id='word_1_717' title='bbox 2499 4321 2898 4391; x_wconf 78' lang='grc' dir='ltr'>ἁνεκφοιτήτως</span> <span class='ocrx_word' id='word_1_718' title='bbox 2944 4322 3023 4381; x_wconf 86' lang='grc' dir='ltr'>εἰς</span> <span class='ocrx_word' id='word_1_719' title='bbox 3060 4318 3250 4371; x_wconf 80' lang='grc' dir='ltr'>ἑαυτὸν</span> <span class='ocrx_word' id='word_1_720' title='bbox 3284 4317 3595 4390; x_wconf 78' lang='grc' dir='ltr'>ἱδρυμένος,</span> <span class='ocrx_word' id='word_1_721' title='bbox 3630 4334 3741 4370; x_wconf 70' lang='grc' dir='ltr'>σωο</span> 
     </span>
    </p>
   </div>
   <div class='ocr_carea' id='block_1_106' title="bbox 2133 4408 3741 4486">
    <p class='ocr_par' dir='ltr' id='par_1_106' title="bbox 2133 4408 3741 4486">
     <span class='ocr_line' id='line_1_106' title="bbox 2133 4408 3741 4486; baseline -0.006 -18"><span class='ocrx_word' id='word_1_722' title='bbox 2133 4416 2327 4486; x_wconf 80' lang='grc' dir='ltr'>τηρίας</span> <span class='ocrx_word' id='word_1_723' title='bbox 2363 4413 2525 4467; x_wconf 74' lang='grc' dir='ltr'>ἕνεκα</span> <span class='ocrx_word' id='word_1_724' title='bbox 2572 4413 2789 4467; x_wconf 84' lang='grc' dir='ltr'>πάντων</span> <span class='ocrx_word' id='word_1_725' title='bbox 2832 4413 2954 4474; x_wconf 88' lang='grc' dir='ltr'>ταῖς</span> <span class='ocrx_word' id='word_1_726' title='bbox 3000 4411 3386 4480; x_wconf 80' lang='grc' dir='ltr'>προνοητικαίς</span> <span class='ocrx_word' id='word_1_727' title='bbox 3455 4408 3741 4477; x_wconf 82' lang='grc' dir='ltr'>προόδοις,</span> 
     </span>
    </p>
   </div>
   <div class='ocr_carea' id='block_1_107' title="bbox 2066 4501 3741 4582">
    <p class='ocr_par' dir='ltr' id='par_1_107' title="bbox 2066 4501 3741 4582">
     <span class='ocr_line' id='line_1_107' title="bbox 2066 4501 3741 4582; baseline -0.004 -22"><span class='ocrx_word' id='word_1_728' title='bbox 2066 4528 2108 4582; x_wconf 82' lang='lat' dir='ltr'><strong>D</strong></span> <span class='ocrx_word' id='word_1_729' title='bbox 2139 4509 2231 4560; x_wconf 74' lang='grc' dir='ltr'>ἐπὶ</span> <span class='ocrx_word' id='word_1_730' title='bbox 2255 4508 2431 4562; x_wconf 84' lang='grc' dir='ltr'>πάντα</span> <span class='ocrx_word' id='word_1_731' title='bbox 2470 4505 2568 4569; x_wconf 72' lang='grc' dir='ltr'><strong>τὰς</strong></span> <span class='ocrx_word' id='word_1_732' title='bbox 2611 4506 2709 4576; x_wconf 80' lang='grc' dir='ltr'>τῆς</span> <span class='ocrx_word' id='word_1_733' title='bbox 2756 4502 3091 4573; x_wconf 82' lang='grc' dir='ltr'>ἁγαθότητος</span> <span class='ocrx_word' id='word_1_734' title='bbox 3137 4501 3433 4572; x_wconf 74' lang='grc' dir='ltr'>ὲλλάμψεις</span> <span class='ocrx_word' id='word_1_735' title='bbox 3473 4502 3741 4562; x_wconf 84' lang='grc' dir='ltr'>ἐκτείνει,</span> 
     </span>
    </p>
   </div>
   <div class='ocr_carea' id='block_1_108' title="bbox 2140 4593 3744 4669">
    <p class='ocr_par' dir='ltr' id='par_1_108' title="bbox 2140 4593 3744 4669">
     <span class='ocr_line' id='line_1_108' title="bbox 2140 4593 3744 4669; baseline -0.003 -17"><span class='ocrx_word' id='word_1_736' title='bbox 2140 4599 2233 4652; x_wconf 78' lang='grc' dir='ltr'>καὶ</span> <span class='ocrx_word' id='word_1_737' title='bbox 2266 4600 2399 4651; x_wconf 82' lang='grc' dir='ltr'>πᾶσι</span> <span class='ocrx_word' id='word_1_738' title='bbox 2433 4598 2686 4669; x_wconf 86' lang='grc' dir='ltr'>πάρεστι,</span> <span class='ocrx_word' id='word_1_739' title='bbox 2712 4596 2812 4665; x_wconf 83' lang='grc' dir='ltr'>τῆς</span> <span class='ocrx_word' id='word_1_740' title='bbox 2840 4594 3101 4665; x_wconf 82' lang='grc' dir='ltr'>ἱδρύσεως</span> <span class='ocrx_word' id='word_1_741' title='bbox 3128 4595 3227 4647; x_wconf 71' lang='grc' dir='ltr'><strong>οὐκ</strong></span> <span class='ocrx_word' id='word_1_742' title='bbox 3262 4595 3510 4657; x_wconf 86' lang='grc' dir='ltr'>ἀποστάς</span> <span class='ocrx_word' id='word_1_743' title='bbox 3537 4612 3552 4623; x_wconf 85' lang='grc'>·</span> <span class='ocrx_word' id='word_1_744' title='bbox 3591 4593 3744 4647; x_wconf 75' lang='grc' dir='ltr'>οὕτω</span> 
     </span>
    </p>
   </div>
   <div class='ocr_carea' id='block_1_109' title="bbox 2142 4686 3742 4760">
    <p class='ocr_par' dir='ltr' id='par_1_109' title="bbox 2142 4686 3742 4760">
     <span class='ocr_line' id='line_1_109' title="bbox 2142 4686 3742 4760; baseline -0.007 -13"><span class='ocrx_word' id='word_1_745' title='bbox 2142 4696 2235 4748; x_wconf 73' lang='grc' dir='ltr'>καὶ</span> <span class='ocrx_word' id='word_1_746' title='bbox 2257 4696 2284 4746; x_wconf 91' lang='lat'><strong>6</strong></span> <span class='ocrx_word' id='word_1_747' title='bbox 2308 4693 2604 4754; x_wconf 83' lang='grc' dir='ltr'>ἐπίσκοπος</span> <span class='ocrx_word' id='word_1_748' title='bbox 2628 4688 2770 4743; x_wconf 86' lang='grc' dir='ltr'><strong>κατὰ</strong></span> <span class='ocrx_word' id='word_1_749' title='bbox 2794 4689 3026 4760; x_wconf 85' lang='grc' dir='ltr'>μίμησιν</span> <span class='ocrx_word' id='word_1_750' title='bbox 3052 4687 3145 4742; x_wconf 89' lang='grc' dir='ltr'><strong>τοῦ</strong></span> <span class='ocrx_word' id='word_1_751' title='bbox 3180 4686 3315 4739; x_wconf 82' lang='grc' dir='ltr'>Θεοῦ</span> <span class='ocrx_word' id='word_1_752' title='bbox 3362 4686 3742 4758; x_wconf 78' lang='grc' dir='ltr'>συμϐολικῶς,</span> 
     </span>
    </p>
   </div>
   <div class='ocr_carea' id='block_1_110' title="bbox 2141 4780 3741 4855">
    <p class='ocr_par' dir='ltr' id='par_1_110' title="bbox 2141 4780 3741 4855">
     <span class='ocr_line' id='line_1_110' title="bbox 2141 4780 3741 4855; baseline -0.005 -16"><span class='ocrx_word' id='word_1_753' title='bbox 2141 4786 2235 4839; x_wconf 77' lang='grc' dir='ltr'>καὶ</span> <span class='ocrx_word' id='word_1_754' title='bbox 2260 4786 2334 4849; x_wconf 83' lang='grc' dir='ltr'>ὡς</span> <span class='ocrx_word' id='word_1_755' title='bbox 2370 4784 2517 4855; x_wconf 79' lang='grc' dir='ltr'>αὐτῴ</span> <span class='ocrx_word' id='word_1_756' title='bbox 2562 4782 2807 4846; x_wconf 85' lang='grc' dir='ltr'>δυνατὸν,</span> <span class='ocrx_word' id='word_1_757' title='bbox 2832 4782 2925 4834; x_wconf 82' lang='grc' dir='ltr'><strong>ἐπὶ</strong></span> <span class='ocrx_word' id='word_1_758' title='bbox 2959 4781 3060 4850; x_wconf 80' lang='grc' dir='ltr'>τῆς</span> <span class='ocrx_word' id='word_1_759' title='bbox 3095 4781 3301 4843; x_wconf 84' lang='grc' dir='ltr'>οἰκείας</span> <span class='ocrx_word' id='word_1_760' title='bbox 3348 4781 3599 4843; x_wconf 88' lang='grc' dir='ltr'>στάσεως</span> <span class='ocrx_word' id='word_1_761' title='bbox 3635 4780 3741 4850; x_wconf 82' lang='grc' dir='ltr'>μέ-</span> 
     </span>
    </p>
   </div>
   <div class='ocr_carea' id='block_1_111' title="bbox 2140 4870 3746 4945">
    <p class='ocr_par' dir='ltr' id='par_1_111' title="bbox 2140 4870 3746 4945">
     <span class='ocr_line' id='line_1_111' title="bbox 2140 4870 3746 4945; baseline -0.007 -14"><span class='ocrx_word' id='word_1_762' title='bbox 2140 4896 2266 4942; x_wconf 91' lang='grc' dir='ltr'>νων,</span> <span class='ocrx_word' id='word_1_763' title='bbox 2301 4876 2548 4929; x_wconf 87' lang='grc' dir='ltr'>τουτέστι</span> <span class='ocrx_word' id='word_1_764' title='bbox 2593 4874 2694 4945; x_wconf 87' lang='grc' dir='ltr'>τῆς</span> <span class='ocrx_word' id='word_1_765' title='bbox 2742 4873 3206 4945; x_wconf 82' lang='grc' dir='ltr'>ὲκκλησιαστικῆς</span> <span class='ocrx_word' id='word_1_766' title='bbox 3266 4871 3463 4943; x_wconf 79' lang='grc' dir='ltr'>ἀρχῆς,</span> <span class='ocrx_word' id='word_1_767' title='bbox 3515 4870 3746 4941; x_wconf 80' lang='grc' dir='ltr'>πρόεισι</span> 
     </span>
    </p>
   </div>
   <div class='ocr_carea' id='block_1_112' title="bbox 2140 4960 3747 5041">
    <p class='ocr_par' dir='ltr' id='par_1_112' title="bbox 2140 4960 3747 5041">
     <span class='ocr_line' id='line_1_112' title="bbox 2140 4960 3747 5041; baseline -0.006 -20"><span class='ocrx_word' id='word_1_768' title='bbox 2140 4969 2364 5041; x_wconf 76' lang='grc' dir='ltr'>προνοίᾳ</span> <span class='ocrx_word' id='word_1_769' title='bbox 2388 4966 2791 5038; x_wconf 82' lang='grc' dir='ltr'>φιλανθρωπίας</span> <span class='ocrx_word' id='word_1_770' title='bbox 2825 4967 2919 5019; x_wconf 80' lang='grc' dir='ltr'>ἐπὶ</span> <span class='ocrx_word' id='word_1_771' title='bbox 2960 4964 3031 5017; x_wconf 89' lang='grc' dir='ltr'><strong>τὰ</strong></span> <span class='ocrx_word' id='word_1_772' title='bbox 3068 4964 3297 5036; x_wconf 82' lang='grc' dir='ltr'>δεύτερα</span> <span class='ocrx_word' id='word_1_773' title='bbox 3322 4980 3335 4993; x_wconf 89' lang='grc'><strong>·</strong></span> <span class='ocrx_word' id='word_1_774' title='bbox 3374 4964 3467 5016; x_wconf 73' lang='grc' dir='ltr'><strong>καὶ</strong></span> <span class='ocrx_word' id='word_1_775' title='bbox 3514 4960 3747 5032; x_wconf 74' lang='grc' dir='ltr'>πληρώ-</span> 
     </span>
    </p>
   </div>
   <div class='ocr_carea' id='block_1_113' title="bbox 2142 5052 3743 5131">
    <p class='ocr_par' dir='ltr' id='par_1_113' title="bbox 2142 5052 3743 5131">
     <span class='ocr_line' id='line_1_113' title="bbox 2142 5052 3743 5131; baseline -0.006 -18"><span class='ocrx_word' id='word_1_776' title='bbox 2142 5078 2241 5123; x_wconf 91' lang='grc' dir='ltr'><strong>σας</strong></span> <span class='ocrx_word' id='word_1_777' title='bbox 2264 5060 2363 5131; x_wconf 82' lang='grc' dir='ltr'><strong>τὴν</strong></span> <span class='ocrx_word' id='word_1_778' title='bbox 2407 5059 2515 5111; x_wconf 89' lang='grc' dir='ltr'><strong>τῶν</strong></span> <span class='ocrx_word' id='word_1_779' title='bbox 2561 5058 2828 5127; x_wconf 83' lang='grc' dir='ltr'>δευτέρων</span> <span class='ocrx_word' id='word_1_780' title='bbox 2874 5056 3211 5127; x_wconf 72' lang='grc' dir='ltr'>οἰκονομίαν,</span> <span class='ocrx_word' id='word_1_781' title='bbox 3248 5052 3408 5107; x_wconf 87' lang='grc' dir='ltr'>πάλιν</span> <span class='ocrx_word' id='word_1_782' title='bbox 3451 5054 3743 5107; x_wconf 80' lang='grc' dir='ltr'>ἐπάνεισιν</span> 
     </span>
    </p>
   </div>
   <div class='ocr_carea' id='block_1_114' title="bbox 2140 5141 3745 5222">
    <p class='ocr_par' dir='ltr' id='par_1_114' title="bbox 2140 5141 3745 5222">
     <span class='ocr_line' id='line_1_114' title="bbox 2140 5141 3745 5222; baseline -0.004 -19"><span class='ocrx_word' id='word_1_783' title='bbox 2140 5152 2232 5203; x_wconf 77' lang='grc' dir='ltr'>ἐπὶ</span> <span class='ocrx_word' id='word_1_784' title='bbox 2284 5150 2345 5202; x_wconf 82' lang='grc' dir='ltr'>τὸ</span> <span class='ocrx_word' id='word_1_785' title='bbox 2394 5149 2773 5222; x_wconf 79' lang='grc' dir='ltr'>θυσιαστήριον</span> <span class='ocrx_word' id='word_1_786' title='bbox 2806 5165 2820 5179; x_wconf 89' lang='grc'><strong>·</strong></span> <span class='ocrx_word' id='word_1_787' title='bbox 2882 5146 3164 5218; x_wconf 84' lang='grc' dir='ltr'>παριστῶν</span> <span class='ocrx_word' id='word_1_788' title='bbox 3221 5141 3606 5215; x_wconf 79' lang='grc' dir='ltr'>συμϐολικῶς,</span> <span class='ocrx_word' id='word_1_789' title='bbox 3657 5144 3745 5196; x_wconf 83' lang='grc' dir='ltr'><strong>δτι</strong></span> 
     </span>
    </p>
   </div>
   <div class='ocr_carea' id='block_1_115' title="bbox 2142 5234 3743 5311">
    <p class='ocr_par' dir='ltr' id='par_1_115' title="bbox 2142 5234 3743 5311">
     <span class='ocr_line' id='line_1_115' title="bbox 2142 5234 3743 5311; baseline -0.003 -19"><span class='ocrx_word' id='word_1_790' title='bbox 2142 5241 2512 5311; x_wconf 82' lang='grc' dir='ltr'>προνοητικῶς</span> <span class='ocrx_word' id='word_1_791' title='bbox 2546 5240 2636 5292; x_wconf 69' lang='grc' dir='ltr'><strong>ἐπὶ</strong></span> <span class='ocrx_word' id='word_1_792' title='bbox 2680 5239 2750 5292; x_wconf 83' lang='grc' dir='ltr'>τὰ</span> <span class='ocrx_word' id='word_1_793' title='bbox 2794 5238 3023 5309; x_wconf 79' lang='grc' dir='ltr'>δεύτερα</span> <span class='ocrx_word' id='word_1_794' title='bbox 3070 5236 3331 5308; x_wconf 73' lang='grc' dir='ltr'>κινηθεὶς,</span> <span class='ocrx_word' id='word_1_795' title='bbox 3381 5236 3475 5288; x_wconf 81' lang='grc' dir='ltr'>καὶ</span> <span class='ocrx_word' id='word_1_796' title='bbox 3508 5234 3583 5287; x_wconf 73' lang='grc' dir='ltr'><strong>τὰ</strong></span> <span class='ocrx_word' id='word_1_797' title='bbox 3616 5235 3743 5288; x_wconf 80' lang='grc' dir='ltr'>θεῖα</span> 
     </span>
    </p>
   </div>
   <div class='ocr_carea' id='block_1_116' title="bbox 2144 5324 3746 5403">
    <p class='ocr_par' dir='ltr' id='par_1_116' title="bbox 2144 5324 3746 5403">
     <span class='ocr_line' id='line_1_116' title="bbox 2144 5324 3746 5403; baseline -0.004 -20"><span class='ocrx_word' id='word_1_798' title='bbox 2144 5333 2322 5385; x_wconf 77' lang='grc' dir='ltr'>ἐκεῖσε</span> <span class='ocrx_word' id='word_1_799' title='bbox 2348 5331 2802 5403; x_wconf 77' lang='grc' dir='ltr'>διαπραξάμενος,</span> <span class='ocrx_word' id='word_1_800' title='bbox 2845 5328 2953 5382; x_wconf 84' lang='grc' dir='ltr'>ἀπὸ</span> <span class='ocrx_word' id='word_1_801' title='bbox 2986 5328 3095 5381; x_wconf 88' lang='grc' dir='ltr'><strong>τῶν</strong></span> <span class='ocrx_word' id='word_1_802' title='bbox 3130 5329 3289 5380; x_wconf 86' lang='grc' dir='ltr'>θείων</span> <span class='ocrx_word' id='word_1_803' title='bbox 3311 5327 3404 5379; x_wconf 70' lang='grc' dir='ltr'><strong>ἐπὶ</strong></span> <span class='ocrx_word' id='word_1_804' title='bbox 3426 5324 3504 5395; x_wconf 84' lang='grc' dir='ltr'>τῷ</span> <span class='ocrx_word' id='word_1_805' title='bbox 3531 5342 3746 5393; x_wconf 77' lang='grc' dir='ltr'>νεοφω-</span> 
     </span>
    </p>
   </div>
   <div class='ocr_carea' id='block_1_117' title="bbox 2140 5415 3744 5494">
    <p class='ocr_par' dir='ltr' id='par_1_117' title="bbox 2140 5415 3744 5494">
     <span class='ocr_line' id='line_1_117' title="bbox 2140 5415 3744 5494; baseline -0.004 -19"><span class='ocrx_word' id='word_1_806' title='bbox 2140 5424 2308 5494; x_wconf 85' lang='grc' dir='ltr'>τίστῳ</span> <span class='ocrx_word' id='word_1_807' title='bbox 2354 5424 2713 5477; x_wconf 87' lang='grc' dir='ltr'>τελεσθέντων</span> <span class='ocrx_word' id='word_1_808' title='bbox 2743 5422 2880 5493; x_wconf 88' lang='grc' dir='ltr'>πρὸς</span> <span class='ocrx_word' id='word_1_809' title='bbox 2928 5421 3071 5474; x_wconf 83' lang='grc' dir='ltr'>θεῖον</span> <span class='ocrx_word' id='word_1_810' title='bbox 3106 5418 3447 5489; x_wconf 75' lang='grc' dir='ltr'>ἐπιτήδευμα</span> <span class='ocrx_word' id='word_1_811' title='bbox 3482 5415 3744 5488; x_wconf 75' lang='grc' dir='ltr'>ἐπιστρὲ-</span> 
     </span>
    </p>
   </div>
   <div class='ocr_carea' id='block_1_118' title="bbox 2144 5508 3742 5584">
    <p class='ocr_par' dir='ltr' id='par_1_118' title="bbox 2144 5508 3742 5584">
     <span class='ocr_line' id='line_1_118' title="bbox 2144 5508 3742 5584; baseline -0.005 -17"><span class='ocrx_word' id='word_1_812' title='bbox 2144 5533 2253 5584; x_wconf 84' lang='grc' dir='ltr'>φει,</span> <span class='ocrx_word' id='word_1_813' title='bbox 2280 5514 2416 5584; x_wconf 78' lang='grc' dir='ltr'>πρὸς</span> <span class='ocrx_word' id='word_1_814' title='bbox 2450 5515 2510 5567; x_wconf 85' lang='grc' dir='ltr'><strong>τὸ</strong></span> <span class='ocrx_word' id='word_1_815' title='bbox 2534 5513 2612 5583; x_wconf 80' lang='grc' dir='ltr'>τῷ</span> <span class='ocrx_word' id='word_1_816' title='bbox 2636 5514 2777 5583; x_wconf 81' lang='grc' dir='ltr'>ἁγίῳ</span> <span class='ocrx_word' id='word_1_817' title='bbox 2822 5511 3101 5582; x_wconf 88' lang='grc' dir='ltr'>Πνεύματι</span> <span class='ocrx_word' id='word_1_818' title='bbox 3124 5508 3316 5563; x_wconf 88' lang='grc' dir='ltr'>δοκοῦν</span> <span class='ocrx_word' id='word_1_819' title='bbox 3341 5508 3621 5578; x_wconf 80' lang='grc' dir='ltr'>ἀγόμενος</span> <span class='ocrx_word' id='word_1_820' title='bbox 3648 5509 3742 5562; x_wconf 80' lang='grc' dir='ltr'><strong>καὶ</strong></span> 
     </span>
    </p>
   </div>
   <div class='ocr_carea' id='block_1_119' title="bbox 2146 5606 2530 5677">
    <p class='ocr_par' dir='ltr' id='par_1_119' title="bbox 2146 5606 2530 5677">
     <span class='ocr_line' id='line_1_119' title="bbox 2146 5606 2530 5677; baseline -0.005 -18"><span class='ocrx_word' id='word_1_821' title='bbox 2146 5606 2530 5677; x_wconf 86' lang='grc' dir='ltr'>μεταγόμενος.</span> 
     </span>
    </p>
   </div>
   <div class='ocr_carea' id='block_1_120' title="bbox 2750 5694 3131 5761">
    <p class='ocr_par' dir='ltr' id='par_1_120' title="bbox 2750 5694 3131 5761">
     <span class='ocr_line' id='line_1_120' title="bbox 2750 5694 3131 5761; baseline -0.005 -14"><span class='ocrx_word' id='word_1_822' title='bbox 2750 5696 2843 5748; x_wconf 87' lang='lat' dir='ltr'><strong>Ill.</strong></span> <span class='ocrx_word' id='word_1_823' title='bbox 2894 5694 3131 5761; x_wconf 78' lang='grc' dir='ltr'>Θεωρία.</span> 
     </span>
    </p>
   </div>
   <div class='ocr_carea' id='block_1_121' title="bbox 2217 5783 3740 5858">
    <p class='ocr_par' dir='ltr' id='par_1_121' title="bbox 2217 5783 3740 5858">
     <span class='ocr_line' id='line_1_121' title="bbox 2217 5783 3740 5858; baseline -0.005 -17"><span class='ocrx_word' id='word_1_824' title='bbox 2217 5788 2298 5858; x_wconf 61' lang='grc' dir='ltr'><strong>δι.</strong></span> <span class='ocrx_word' id='word_1_825' title='bbox 2321 5787 2465 5858; x_wconf 76' lang='grc' dir='ltr'>Αῦτη</span> <span class='ocrx_word' id='word_1_826' title='bbox 2487 5789 2579 5858; x_wconf 76' lang='grc' dir='ltr'>μὲν</span> <span class='ocrx_word' id='word_1_827' title='bbox 2616 5783 2705 5841; x_wconf 74' lang='grc' dir='ltr'>οὖν</span> <span class='ocrx_word' id='word_1_828' title='bbox 2731 5789 2876 5840; x_wconf 81' lang='grc' dir='ltr'>ἐστιν</span> <span class='ocrx_word' id='word_1_829' title='bbox 2903 5790 2934 5857; x_wconf 81' lang='grc' dir='ltr'>ὴ</span> <span class='ocrx_word' id='word_1_830' title='bbox 2960 5785 3148 5855; x_wconf 85' lang='grc' dir='ltr'>τελετὴ</span> <span class='ocrx_word' id='word_1_831' title='bbox 3171 5784 3270 5855; x_wconf 80' lang='grc' dir='ltr'><strong>τῆς</strong></span> <span class='ocrx_word' id='word_1_832' title='bbox 3294 5786 3576 5855; x_wconf 83' lang='grc' dir='ltr'>ἡμετερας</span> <span class='ocrx_word' id='word_1_833' title='bbox 3604 5785 3709 5835; x_wconf 79' lang='grc' dir='ltr'><strong>ἀνα</strong></span> <span class='ocrx_word' id='word_1_834' title='bbox 3726 5814 3740 5824; x_wconf 75' lang='grc' dir='ltr'><strong><em>ο</em></strong></span> 
     </span>
    </p>
   </div>
  </div>
