3874 6228
175 303 288 360 417

764 302 853 357 DE
885 299 1168 358 ECCLES.
1203 301 1608 368 IIIERARCH.,
1634 302 1790 360 CAP.
1820 303 1888 358 ll.
1922 329 1990 342 -›
2016 300 2362 358 PARAPIIR.
2399 301 2870 358 PACHYMERA'I.

3331 305 3435 361 418

176 416 526 491 γεννήσεως²
555 421 640 489 ἣν,
668 419 755 472 ὅτε
806 420 900 472 καὶ
949 417 1090 490 πρὸς
1128 418 1228 490 τὴν
1272 417 1532 490 αἰσθητὴν
1578 419 1754 474 εἰκόνα

1868 415 2052 480 tionis,
2073 416 2237 486 quod,
2253 416 2416 497 etiam
2429 417 2556 470 dum
2581 418 2706 487 quis
2725 417 2791 471 ad
2811 416 3118 473 sensibilem
3143 419 3433 490 imaginem

178 509 369 562 ἀπίδοι
396 526 500 572 τις,
533 509 634 562 οὐκ
667 508 734 562 ἂν
764 508 905 562 εἴποι
948 508 1162 580 ἀνίερον
1204 509 1310 562 οὐδ’
1358 509 1582 581 ἀπρεπῆ
1608 527 1622 540 ο
1651 509 1766 580 ἔχει

178 597 296 670 γὰρ
339 600 435 651 καὶ
468 600 764 669 αἰνίγματα
799 598 1030 671 θεωρίας
1079 599 1430 671 ὑψηλοτέρας.
1468 602 1542 654 UO
1581 601 1686 672 μὴν
1709 601 1767 655 δὲ

177 690 281 743 καὶ
329 692 647 745 παντάπασι
690 690 799 744 τῶν
845 690 1089 760 φυσικῶν
1135 691 1635 764 ἀλλοτριοῦταικαί
1676 692 1768 746 ἀν-

180 779 643 852 θρωποπρεπῶς·
696 783 785 835 ὅτε
829 782 938 854 γὰρ
985 785 1126 837 καὶὸ
1160 783 1359 854 ὑῂλὺς
1389 784 1488 854 τῆς
1533 781 1766 856 θεωρίας

179 871 439 945 σιγηθείη
475 873 654 942 λόγος,
689 873 860 938 οὕτως
905 874 1174 945 αἰσθητῶς
1219 875 1577 947 ἐξεταζομένη
1626 876 1767 930 κατά

174 982 232 1020 τι
259 967 458 1038 φανείη
509 967 972 1039 διαμαρτάνουσα,
1020 970 1122 1034 ὅτι,
1172 970 1764 1042 διαπραγματευομένη

172 1057 280 1129 τὴν
313 1057 410 1110 τοῦ
456 1060 771 1131 προσιόντος
803 1061 912 1115 ἀπὸ
944 1061 1123 1134 πάσης
1165 1062 1360 1126 κακίας
1384 1062 1669 1134 κάθαρσιν,
1706 1064 1764 1116 ἐν

176 1149 364 1204 πειθοῖ
397 1152 455 1203 οὐ
486 1152 676 1220 σοφίας
721 1153 1086 1225 ἀνθρωπίνης,
1131 1153 1245 1207 ἀλλ’
1279 1156 1343 1208 ἐκ
1387 1155 1547 1208 θείων
1580 1156 1762 1226 ῥημά-

172 1257 309 1302 των,
334 1242 402 1310 τῇ
429 1244 631 1312 φυσικῇ
668 1241 930 1314 καθάρσει
953 1243 1046 1296 τοῦ
1083 1243 1273 1307 ὓδατος
1309 1244 1761 1315 σωματικὼτερον

172 1329 372 1383 τοῦτον
409 1332 689 1386 ἐκπλύνει.
734 1333 911 1404 Ὅπερ
935 1335 982 1386 εἰ
1021 1335 1113 1387 καὶ
1139 1335 1301 1406 μηδὲν
1325 1331 1469 1406 εἶχεν
1496 1335 1759 1408 ὑψηλότε-

176 1439 294 1492 ρον,
319 1424 420 1475 οὐκ
455 1424 667 1496 ἀνίερος
701 1426 1043 1480 παντάπασιν
1086 1421 1154 1498 ἦν
1177 1425 1267 1480 διά
1302 1443 1359 1479 τε
1384 1427 1484 1498 τὴν
1509 1425 1764 1480 διδασκα-

173 1510 296 1564 λίαν
323 1511 428 1581 τῆς
451 1514 706 1585 ἐναρέτου
742 1514 906 1586 ζωῆς,
952 1514 1042 1568 διά
1072 1533 1132 1568 τε
1158 1514 1255 1587 τὴν
1287 1515 1353 1570 δι’
1381 1514 1566 1581 ὓδατος
1600 1533 1761 1586 φυσι-

174 1603 280 1675 κὴν
314 1605 696 1677 ἀποκάθαρσιν
713 1623 726 1636 ’
752 1605 910 1660 τοῦτο
932 1607 974 1660 δ’
998 1608 1098 1661 οὐκ
1128 1607 1296 1662 ἐστιν.

1869 507 2125 573 attendit,
2141 523 2484 579 nequaquam
2500 508 2698 563 dixerit
2719 509 3007 580 profanum
3031 512 3434 569 autabsonum:

1868 599 2033 655 habet
2073 598 2216 653 enim
2248 599 2413 654 etiarn
2461 598 2658 653 indicia
2709 600 3044 658 sublimioris
3093 605 3434 675 contempla-

1870 690 2053 746 tionis.
2104 689 2361 756 Quinimo
2417 703 2517 744 nec
2561 691 2784 747 omnino
2813 708 2842 745 a
2871 694 3209 750 naturalibus
3238 704 3294 750 et
3336 697 3434 751 hu-

1870 782 2046 839 manis
2082 781 2382 836 rationibus
2423 781 2682 836 abhorret
2717 800 2729 836 :
2769 798 2894 837 nam
2938 784 3040 840 etsi
3102 787 3317 855 quando
3343 803 3436 844 su-

1867 868 2048 924 blimis
2083 869 2171 922 illa
2199 870 2595 940 contemplandi
2645 871 2782 926 ratio
2831 871 3108 938 sileretur,
3145 878 3229 932 vcl
3251 878 3333 934 sic
3356 889 3434 934 la-

1867 974 1991 1013 men
2041 958 2373 1014 sensibiliter
2429 961 2623 1030 inquiri
2683 971 2887 1031 posset,
2944 965 3238 1021 secundum
3304 969 3433 1038 quid

1867 1051 2122 1106 aberrare
2177 1052 2441 1119 videatur,
2495 1054 2750 1122 quoniam
2805 1057 3116 1112 accedentis
3165 1061 3234 1114 ab
3285 1058 3435 1116 omni

1867 1141 2074 1196 malitia
2117 1145 2554 1198 emtmdationem
2614 1154 2893 1215 operatur,
2954 1162 3059 1201 non
3092 1148 3144 1202 in
3178 1149 3435 1206 humanae

1868 1231 2149 1302 sapientia:
2181 1231 2554 1300 persuasione,
2587 1234 2681 1286 sed
2711 1247 2776 1286 ex
2811 1233 3012 1289 divinis
3039 1235 3245 1303 verbis,
3276 1248 3435 1290 natu-

1869 1325 1963 1377 rali
1992 1340 2145 1393 aqua:
2190 1325 2596 1388 emtmdatione,
2624 1325 2768 1380 hunc
2791 1325 2982 1380 abluit.
3017 1326 3134 1392 Quo
3159 1330 3260 1382 etsi
3300 1329 3434 1384 nihil

1865 1416 2151 1471 sublimius
2183 1416 2409 1470 haberet
2441 1418 2607 1485 (quod
2632 1430 2738 1470 non
2765 1420 2868 1485 est)
2892 1433 3229 1488 nequaquam
3255 1423 3435 1476 omnis

1864 1526 2062 1582 expers
2099 1519 2245 1567 esset
2274 1513 2584 1567 sanctitatis
2616 1527 2633 1579 ;
2667 1529 2787 1568 cum
2834 1523 3056 1584 propter
3091 1517 3271 1585 probae
3311 1518 3435 1573 vitae

1866 1603 2232 1673 disciplinam,
2264 1613 2377 1658 tum
2406 1614 2628 1675 propter
2650 1607 2958 1661 naturalem
2990 1623 3142 1677 aquze
3171 1611 3435 1664 emunda-

1868 1695 2091 1750 tionem.

247 1775 275 1848 ς
300 1778 369 1830 Π.
403 1779 583 1832 Ἔστω
601 1779 657 1833 δὲ
673 1779 810 1845 τέως
835 1783 1168 1855 εἰσαγωγική
1196 1799 1279 1846 τις
1299 1781 1622 1853 ψυχαγωγία
1645 1787 1754 1850 τοῖς

1935 1787 2250 1860 §ll.Verum
2277 1790 2342 1844 sit
2372 1789 2488 1844 hac
2517 1790 2822 1845 rudioribus
2841 1791 3431 1862 introductioqumdam

171 1870 414 1932 ἀτελέσι,
451 1871 514 1923 τὸ
539 1871 780 1925 τοιοῦτον
828 1874 941 1927 τῶν
979 1873 1188 1927 πολλῶν
1229 1876 1321 1928 καὶ
1369 1875 1599 1947 ἀνιέρων
1625 1877 1760 1930 ἀπο-

169 1960 564 2015 διαστέλλουσα
610 1963 678 2016 τά
710 1965 933 2036 ἐνοειὸῆ.
985 1966 1222 2036 Ἐνοειδῆ
1256 1967 1312 2020 δέ
1337 1967 1504 2036 λέγει,
1528 1969 1600 2022 τά
1621 1969 1756 2035 θεῖα,

169 2052 247 2116 ὡς
271 2053 478 2125 ὑψηλά,
526 2057 620 2107 καὶ
643 2055 718 2126 νῷ
760 2055 904 2128 μόνῳ
951 2056 1149 2129 ληπτά.
1177 2059 1336 2127 Λέγει
1376 2059 1484 2132 γὰρ
1515 2062 1758 2125 ὡσανεὶ,

169 2142 252 2193 ὅτι
289 2145 341 2194 εἰ
378 2145 472 2196 καὶ
505 2145 707 2208 πάντες
743 2147 842 2199 οὑκ
884 2148 988 2200 sici.
1019 2148 1232 2213 τέλειοι,
1271 2149 1405 2202 ἀλλά
1438 2150 1532 2204 καὶ
1578 2151 1760 2205 πολλοὶ

171 2233 412 2300 ἀτελεῖς,
444 2235 624 2305 έχουσι
672 2237 911 2291 κάκεῖνοι
956 2240 1247 2312 ἀναγωγήν
1273 2259 1394 2294 τινα
1427 2246 1492 2315 τῇ
1539 2243 1760 2314 δυνάμει

172 2325 390 2379 ἑαυτῶν
438 2329 840 2398 προσήκουσαν,
889 2333 946 2383 ἐν
1057 2333 1607 2404 ἀποδιασταλήσονται
1651 2336 1758 2388 τῶν

171 2418 354 2487 πάντη
392 2417 622 2488 ἀνιέρων
657 2422 748 2472 καὶ
793 2421 1158 2491 χλευαζόντων
1187 2423 1246 2476 τὸ
1273 2424 1570 2497 βάπτισμα.
1611 2427 1760 2480 Ἐπεὶ

170 2508 283 2580 γάρ
327 2511 388 2562 οὐ
428 2511 629 2576 πάντες
677 2513 910 2584 χωροῦσι
954 2514 1053 2578 τὰς
1089 2516 1338 2587 θεωρίας,
1375 2518 1456 2570 δεῖ
1492 2521 1759 2573 ποιεῖσθαι

171 2603 265 2652 καὶ
479 2603 576 2668 τάς
601 2606 895 2676 ἑρμηνείας
935 2607 1072 2678 πρὸς
1100 2611 1224 2674 τοὺς
1252 2609 1568 2674 ἀκούοντας,
1595 2611 1669 2674 ὡς
1696 2613 1759 2665 ἂν

172 2694 514 2764 συμμέτρως
558 2698 650 2749 καὶ
682 2698 832 2750 αὐτοὶ
873 2700 964 2751 καί
1015 2699 1399 2771 προσηκόντως
1445 2705 1509 2773 τῇ
1537 2703 1760 2773 δυνάμει

169 2785 282 2836 τῶν
318 2789 582 2856 νοήσεων,
617 2790 919 2858 ἀνάγωνται
944 2809 956 2821 ⁸
996 2794 1155 2863 ἡμεῖς
1190 2793 1266 2856 δὲ,
1301 2794 1589 2858 ἀναϐάσεις
1614 2797 1670 2848 ἐν
1694 2798 1758 2866 τῇ

169 2879 374 2950 καρδία
400 2881 616 2950 θέμενοι
655 2883 825 2954 ἱεράς,
871 2884 1032 2937 τίνων
1057 2888 1418 2958 χαρακτήρων
1442 2888 1578 2940 εἰσὶν
1604 2890 1761 2941 ἐκτυ-

171 2969 415 3042 πὼματα
438 2973 508 3025 τὰ
533 2973 756 3027 τοιαῦτα
781 2975 1228 3048 ἐπιγνωσώμεθα.

1865 1878 2149 1950 spiritalis.
2181 1895 2300 1949 quae
2336 1895 2365 1934 a
2395 1881 2720 1950 promiscuis
2749 1893 2805 1936 et
2848 1881 3093 1952 profanis
3139 1883 3436 1953 distinguat

1864 1969 2181 2024 uniformia.
2236 1969 2542 2026 Uniformia
2606 1981 2788 2027 autem
2839 1983 2998 2029 vocat
3051 1975 3253 2039 divina,
3311 1986 3430 2030 tan-

1863 2075 2027 2130 quam
2077 2061 2328 2116 sublimia
2371 2063 2592 2131 solaque
2648 2073 2829 2118 mente
2873 2065 3289 2134 comprehensa.
3341 2067 3435 2120 Ait

1864 2161 2047 2207 autem
2098 2155 2482 2221 quodammodo
2512 2171 2530 2220 ;
2561 2153 2688 2224 quia
2726 2155 2852 2210 licet
2881 2171 2984 2210 non
3014 2171 3202 2211 omnes
3248 2157 3430 2227 perfe-

1862 2246 1957 2313 cti.
1988 2245 2081 2300 sed
2116 2247 2269 2300 tnulti
2321 2245 2619 2314 imperfecti
2647 2249 2775 2311 sint,
2820 2249 3022 2303 habent
3048 2257 3228 2304 tamen
3264 2251 3428 2304 etiam

1861 2337 1962 2409 ipsi
1996 2354 2293 2409 anagogem
2323 2340 2613 2409 quamdam
2643 2340 2827 2394 virtuti
2861 2356 2973 2396 sum
3013 2353 3430 2410 congruentem,

1863 2442 1965 2496 qua
2002 2428 2402 2498 distinguantur
2448 2429 2516 2483 ah
2561 2431 2784 2483 omnino
2834 2429 3074 2500 profanis
3101 2443 3152 2485 et
3179 2431 3430 2501 baptismi

1862 2518 2198 2574 irrisoribus.
2231 2521 2363 2574 Cum
2396 2522 2538 2574 enim
2589 2537 2692 2574 non
2726 2536 2916 2576 omnes
2945 2524 3162 2591 capiant
3187 2533 3434 2577 contem-

1865 2609 2158 2678 plationes,
2198 2620 2414 2680 oportet
2446 2626 2544 2666 nos
2574 2612 2739 2664 etiam
2776 2612 3252 2680 interpretationes
3279 2615 3437 2669 audi-

1866 2696 2072 2750 toribus
2113 2701 2552 2764 accommodare,
2601 2710 2662 2754 ut
2710 2710 2764 2755 et
2795 2702 2894 2769 ipsi
2947 2719 3044 2772 pro
3092 2705 3310 2760 modulo
3333 2721 3432 2760 suo

1864 2787 2256 2840 convenienter
2305 2788 2372 2842 ad
2423 2789 2676 2843 virtutem
2739 2790 3213 2860 intelligentiarum
3265 2797 3434 2850 addu-

1863 2885 2057 2930 cantur
2089 2894 2102 2942 ;
2138 2893 2236 2932 nos
2260 2893 2387 2934 vero
2413 2882 2762 2936 ascensiones
2814 2897 3000 2937 sacras
3029 2885 3082 2938 in
3107 2885 3270 2940 corde
3320 2901 3434 2940 Sta-

1866 2975 2096 3033 tuentes,
2122 2983 2511 3037 cognoscamus
2552 2984 2783 3039 quorum
2835 2973 3215 3029 charactcrum
3248 2976 3435 3033 istius-

1864 3059 2006 3112 modi
2040 3061 2146 3113 sint
2174 3059 2398 3129 eiligies.

242 3150 270 3222 ξ
298 3152 392 3204 III.
457 3151 743 3206 Εξσϐάλλει
775 3153 959 3208 λοιπὸν
985 3155 1065 3218 εἰς
1087 3155 1184 3226 τὴν
1217 3155 1448 3228 θεωρίαν
1467 3174 1480 3187 °
1519 3157 1613 3212 καὶ
1638 3159 1754 3212 ἐπεὶ

1933 3149 2335 3221 §|ll.C:I:lerum
2354 3152 3216 3225 aggrediturcontemplationem:
3241 3169 3290 3213 et
3309 3174 3430 3214 cum

168 3244 360 3313 μέλλει
383 3244 556 3308 δεῖξαι
599 3245 692 3299 τὸν
717 3246 979 3320 ίεράρχην
1013 3247 1156 3302 κατά
1181 3249 1629 3320 τὴνάφομοίωσιν
1662 3251 1756 3303 τοῦ

164 3335 304 3387 Θεοῦ
361 3336 499 3387 πᾶσι
548 3337 646 3407 τὴν
696 3338 965 3408 σωτηρίαν
1003 3339 1504 3410 εὐαγγελιζόμενον,
1530 3341 1755 3412 ἄρχεται

163 3426 348 3495 λέγειν
375 3427 507 3498 περί
533 3427 668 3480 Θεοῦ
694 3427 762 3481 τά
813 3429 1016 3482 εἰκότα.
1065 3431 1201 3500 Φησὶ
1242 3431 1441 3493 τοίνυν,
1477 3431 1548 3494 ὡς
1592 3433 1624 3502 ἡ
1659 3432 1753 3484 τοῦ

162 3518 301 3571 Θεοῦ
334 3518 611 3589 ἀγαθότης
644 3519 736 3570 ἐπὶ
762 3520 939 3583 πάσας
977 3519 1074 3583 τάς
1108 3519 1299 3592 νοεράς
1325 3519 1476 3589 ὄψεις
1519 3521 1627 3585 τὰς
1659 3520 1751 3574 τοῦ

162 3609 369 3661 οἰκείου
397 3608 576 3676 φωτὸς
605 3609 848 3672 ἀκτῖνας,
878 3608 1122 3678 ἀφθόνως
1147 3609 1382 3676 ἑξαπλοῖ.
1440 3611 1592 3664 Ἐπεὶ
1621 3610 1752 3678 γοῦν

165 3704 272 3754 πᾶν
302 3701 494 3770 νοερὸν
541 3700 882 3766 αὐτεξούσιόν
932 3703 1096 3766 ἐστιν,
1133 3703 1289 3765 εἴτις
1312 3701 1471 3774 νοερά
1519 3701 1628 3767 ἕξις
1667 3702 1756 3755 διά

160 3795 262 3862 τῆν
319 3791 578 3862 τοιαύτην
625 3791 1097 3864 αὑτεξουσιότητα,
1144 3793 1407 3864 ἢτελέως
1463 3795 1753 3864 ἀφίσταται

161 3884 256 3936 τοῦ
283 3883 432 3936 θείου
481 3883 679 3952 φωτὸς,
715 3884 815 3953 τῆς
849 3885 1047 3946 κακίας
1076 3885 1276 3956 ἐρῶσα,
1306 3885 1338 3956 ἢ
1367 3886 1472 3957 μὴν
1492 3885 1551 3938 τὸ
1574 3887 1754 3939 δευτε-

164 3991 279 4044 ρον,
306 3974 368 4026 τὸ
389 3973 542 4027 ὢθέν
589 3975 723 4043 αὖτῇ
771 3973 868 4043 τῆς
913 3972 1226 4043 ἐλλάμψεως
1263 3975 1458 4045 μέτρον
1493 3993 1754 4047 περιφρο-

159 4071 376 4139 νῆσασα
427 4067 732 4138 ὑπερϐῆναι
776 4068 1077 4136 ἐπιχειρεῖ,
1124 4068 1438 4139 ἀπήρτηται
1481 4068 1744 4140 δηλονότι,

161 4159 537 4227 ἀποτυγχάνει
573 4157 795 4219 εἰκότως
818 4156 912 4208 καὶ
944 4155 1037 4208 τοῦ
1066 4157 1308 4221 δοθέντος
1331 4159 1478 4228 αὐτῷ
1530 4160 1747 4231 μέτρου,

159 4254 254 4306 τοῦ
293 4252 441 4304 θείου
478 4253 653 4320 φωτὸς
698 4251 1052 4304 ἀναλλοιώτου
1108 4252 1374 4321 μένοντος.
1409 4253 1619 4323 Ὥσπερ
1641 4253 1748 4324 γάρ

159 4344 222 4395 τὸ
294 4341 716 4414 συνηρτῆσθαι,
783 4341 845 4394 τὸ
922 4341 1292 4412 συνηρμόσθαι
1362 4341 1540 4411 δηλοῖ·
1605 4342 1747 4394 οὕτω

1861 3252 2181 3296 ostensurus
2218 3244 2291 3295 sit
2345 3242 2688 3297 hicrarcham
2732 3247 3027 3299 secundum
3063 3247 3155 3300 Dei
3178 3249 3432 3302 similitu-

1862 3333 2044 3387 dinem
2072 3335 2326 3388 omnibus
2387 3333 2614 3388 salutem
2647 3337 2994 3398 annuntiarc,
3028 3337 3214 3406 incipit
3248 3340 3432 3394 dicere

1862 3423 1929 3476 de
1958 3424 2066 3477 Deo
2103 3439 2222 3492 qua:
2259 3425 2472 3478 decent.
2506 3425 2599 3478 Ait
2645 3426 2848 3495 itaque,
2903 3431 3176 3497 quomodo
3203 3430 3293 3484 Dei
3335 3433 3432 3485 ho-

1862 3515 2005 3567 nitas
2030 3529 2193 3580 super
2220 3529 2411 3567 omnes
2440 3515 2706 3570 mentales
2736 3518 2921 3572 oculos
2944 3518 3082 3572 lucis
3111 3536 3224 3574 sua:
3251 3521 3432 3576 radios

1860 3604 2160 3660 luculenter
2196 3607 2471 3674 expandit.
2514 3608 2644 3660 Cum
2693 3608 2877 3676 itaque
2904 3624 3063 3663 omne
3095 3613 3236 3679 quod
3266 3613 3428 3665 intel-

1857 3699 2000 3752 lectu
2028 3699 2311 3768 praeditum
2349 3710 2430 3753 est
2471 3699 2696 3754 liberum
2727 3701 2818 3765 sit,
2854 3701 2897 3754 si
2929 3703 3052 3770 quis
3083 3703 3426 3758 intellectum

1861 3792 2092 3857 habens,
2125 3801 2346 3862 propter
2395 3793 2556 3847 talem
2588 3793 2892 3848 libertatem
2929 3795 3010 3848 vel
3034 3796 3257 3851 omnino
3290 3799 3429 3851 divi-

1860 3893 1987 3930 num
2021 3877 2201 3932 lumen
2248 3879 2486 3946 deserat,
2523 3897 2712 3938 amans
2750 3885 3074 3952 pravitatem
3109 3904 3123 3952 ;
3160 3886 3243 3940 vel
3279 3897 3429 3942 certe

1857 3971 2243 4024 sccundariam
2292 3971 2673 4029 illustrationis
2724 3991 3035 4031 mensuram
3090 3979 3190 4048 ipsi
3246 3980 3427 4038 datam

1857 4057 2234 4128 contemnens,
2266 4063 2436 4132 ipsam
2485 4069 2787 4135 transgredi
2815 4078 3062 4136 conetur,
3092 4073 3277 4140 utique
3299 4073 3427 4127 sub.

1859 4153 2124 4218 trahitur,
2148 4166 2204 4209 et
2243 4156 2450 4211 indulta
2485 4159 2584 4212 sibi
2635 4174 2890 4214 mensura
2940 4166 3136 4217 merito
3195 4164 3428 4221 frustra-

1856 4255 1964 4309 tttr,
2014 4246 2198 4300 divino
2255 4248 2458 4302 lumine
2509 4251 2559 4302 in
2597 4265 2656 4303 se
2709 4251 2993 4307 immutate
3050 4267 3419 4322 permanente.

1853 4335 2316 4402 Quemadmodum
2368 4340 2525 4410 183
2576 4341 2718 4394 enim
2787 4346 3151 4414 συνηρτῆσθαι
3220 4349 3426 4416 signiti-

163 4434 346 4487 καὶτὸ
372 4433 743 4504 ἀπηρτῆσθαι,
791 4434 851 4487 τὸ
897 4433 1305 4486 ἐκπεπτωκέναι
1351 4433 1449 4502 τῆς
1498 4433 1744 4502 άρμογῆς

1860 4441 1942 4484 cat
1973 4442 2287 4501 coaptatum
2340 4449 2483 4501 esse,
2545 4435 2625 4490 sic
2667 4437 2834 4490 etiam
2881 4438 3225 4508 ἀπηρτῆσθαι
3279 4443 3422 4494 exci-

163 4529 258 4579 καὶ
295 4527 592 4596 συμφυΐας.
645 4527 798 4579 Ἔστι
842 4525 896 4578 δὲ
943 4527 1030 4578 ὅτε
1082 4525 1264 4578 καὶτὸ
1314 4525 1743 4596 ἐκκρεμᾶσθαιή

158 4621 304 4686 λέξις
338 4619 520 4689 δηλοῖο
579 4611 808 4670 ἐνταῦθα
847 4618 1027 4688 μέντοι
1075 4617 1215 4671 κατὰ
1264 4615 1324 4670 τὸ
1361 4617 1623 4688 πρότερον
1653 4634 1748 4687 ση-

164 4712 492 4783 μαινόμενον
529 4709 800 4781 είληπται.
843 4710 1168 4781 Ἐπιλάμπει
1191 4710 1369 4762 τοίνυν
1391 4710 1524 4779 αὖτῇ
1551 4709 1608 4760 τὸ
1633 4709 1746 4775 φῶς

162 4803 555 4877 μυωπαζοὺσῃ,
600 4804 694 4856 καὶ
721 4804 819 4855 οὐκ
852 4803 1178 4871 ἀφίσταται·
1217 4803 1310 4855 καὶ
1334 4803 1395 4855 τὸ
1419 4801 1533 4881 ερὼς
1557 4803 1654 4854 οὐκ
1680 4803 1744 4854 ἂν

158 4897 481 4969 ἐνεργήσειέ
507 4913 559 4947 τι
585 4894 711 4948 ἄλλο
738 4894 889 4964 παρὰ
920 4895 990 4947 τά
1023 4895 1198 4964 φωτὸς
1239 4897 1433 4957 οἰκεῖα,
1469 4885 1584 4947 ’κᾶν
1608 4893 1745 4965 αὑτὴ

157 4988 370 5049 ἀτελῶς
418 4985 715 5039 ἐπιϐάλλοι.
778 4985 1212 5057 Ἀγαθουργικῶς
1260 4984 1389 5054 γοῦν
1440 4984 1746 5056 ἐξήπλωται

157 5071 217 5134 τό
261 5081 408 5133 θεῖον
453 5078 569 5147 φῶς
612 5079 734 5139 ταῖς
766 5080 978 5147 νοεραῖς
1015 5077 1217 5146 ὄψεσιν,
1254 5077 1426 5143 ἔξεστι
1451 5076 1506 5129 δὲ
1527 5077 1746 5138 ταύταις

157 5170 655 5242 ἀντιλαμϐάνεσθαι
688 5170 780 5222 τοῦ
814 5170 989 5238 φωτὸς
1035 5170 1195 5223 ὁπότε
1243 5168 1540 5240 θελήσειαν.
1603 5169 1745 5239 Πρὸς

157 5265 256 5335 τῆν
303 5263 563 5330 τοιαύτην
621 5261 803 5315 εἰκόνα
849 5260 1312 5323 καὶὸἐπίσκοπος
1371 5259 1593 5324 ἐξαπλοί
1643 5261 1740 5322 τὰς

156 5356 255 5425 τῆς
306 5353 656 5417 διδασκαλίας
697 5355 922 5416 ἀκτῖνας
960 5355 1052 5406 καὶ
1085 5356 1195 5416 τοῖς
1238 5353 1564 5424 ἐπιτηδείοις
1609 5353 1745 5423 πρδς

156 5447 253 5517 τὴν
289 5445 580 5515 ὑποδοχὴν,
639 5445 731 5497 καὶ
784 5447 896 5507 τοῖς
943 5444 1038 5515 μὴ,
1097 5444 1155 5496 οὐ
1195 5443 1370 5512 φθόνῃ
1419 5445 1511 5495 καί
1545 5444 1744 5514 ἀνιέρῳ

162 5539 345 5610 μηνιδι
377 5539 479 5608 τῆς
506 5539 774 5609 προτέρας
800 5537 1132 5599 ἀποστασίας
1164 5536 1196 5606 ῆ
1235 5535 1498 5604 ἀμετρίας
1522 5535 1742 5606 χρώμε-

162 5649 262 5693 veg.
296 5630 480 5682 Ταῦτα
506 5631 560 5683 δὲ
583 5631 729 5698 λέγει
759 5630 892 5702 πρδς
916 5629 982 5682 τά
1008 5629 1260 5699 ἀνωτέρω
1287 5627 1517 5698 ρηθέντα
1542 5645 1554 5656 ’
1592 5629 1741 5696 ἔλεγε

159 5740 286 5793 γαρ,
322 5722 413 5774 δύο
441 5725 636 5786 κακίας
664 5719 798 5777 εἶναι
823 5721 928 5775 τῶν
956 5721 1155 5790 νοερῶν
1171 5720 1255 5772 διά
1273 5719 1369 5790 τὴν
1399 5719 1531 5772 ἰδίαν
1561 5720 1743 5785 αὐτεξ-

1855 4523 2001 4578 disse
2038 4540 2066 4578 a
2091 4526 2473 4580 conformitate
2508 4537 2670 4596 atque
2715 4531 3090 4600 congruentia.
3148 4531 3418 4586 lnterdmn

1855 4628 1982 4667 vero
2005 4616 2171 4668 etiam
2209 4615 2312 4669 hoc
2334 4617 2558 4671 verbum
2588 4617 2860 4678 signiﬁcat
2909 4632 3227 4685 suspensum
3258 4633 3416 4685 esse;

1856 4704 1958 4757 hoc
1987 4705 2108 4758 loco
2156 4716 2336 4760 tamen
2381 4708 2433 4760 in
2482 4709 2649 4776 priori
2695 4708 3094 4778 significatione
3135 4721 3417 4780 acceptum

1853 4803 1956 4849 est.
1985 4796 2173 4851 illucet
2196 4798 2378 4867 itaque
2408 4800 2497 4852 lux
2537 4801 2634 4868 ipsi
2667 4803 2830 4855 etiam
2873 4801 3210 4867 conniventi,
3245 4818 3420 4872 neque

1852 4889 2098 4955 deserit;
2135 4906 2308 4959 neque
2354 4893 2515 4946 etiam
2569 4895 2656 4947 lux
2714 4895 3006 4964 quidquam
3044 4896 3174 4950 facit
3225 4909 3420 4966 praeter

1852 4995 1911 5033 ea
1937 4996 2056 5048 qua:
2086 4981 2223 5034 lucis
2250 4993 2373 5036 sunt
2403 4986 2643 5052 propria,
2681 4987 2892 5040 tametsi
2929 5002 3078 5039 mens
3108 4988 3420 5055 imperl'et'te

1850 5075 2168 5129 accesserit.
2221 5073 2460 5143 Benigne
2512 5077 2676 5145 igitur
2721 5076 2902 5130 divina
2947 5075 3038 5130 lux
3096 5079 3421 5133 mentalibus

1851 5179 2066 5232 semper
2106 5165 2280 5220 oculis
2315 5175 2484 5235 patet,
2529 5166 2764 5238 licetque
2815 5168 2898 5222 his
2941 5167 3116 5222 lucem
3166 5169 3419 5238 excipere

1849 5257 2285 5324 quandocunquc
2328 5258 2616 5312 voluerint.
2673 5259 2756 5312 Ad
2816 5259 2975 5328 hujus
3005 5259 3414 5313 similitudinem

1849 5351 2012 5402 etiam
2048 5350 2340 5418 episcopus
2392 5349 2651 5404 doctrinae
2693 5352 2878 5406 radios
2931 5351 3185 5420 expandit
3219 5360 3324 5403 tam
3349 5350 3416 5403 iis

1849 5444 1939 5510 qui
1972 5443 2082 5511 apti
2114 5453 2238 5495 sunt
2286 5441 2351 5495 ad
2377 5457 2468 5495 eos
2500 5444 2868 5511 excipiendos,
2900 5459 3059 5512 quam
3095 5443 3158 5495 iis
3190 5441 3280 5510 qui
3307 5455 3413 5494 non

1850 5545 1976 5588 sunt
2002 5533 2310 5602 apti,nullo
2337 5535 2465 5588 odio
2516 5535 2700 5589 dirave
2754 5535 3143 5604 imprecatione
3191 5543 3413 5602 propter

1851 5629 2082 5697 priorem
2154 5629 2510 5681 defectionem
2596 5628 3180 5696 intemperantiamque
3231 5639 3408 5680 utens.

1853 5720 1974 5776 llaec
2013 5723 2205 5775 autem-
2238 5721 2368 5775 dicit
2419 5731 2638 5790 psnptcr
2693 5736 2754 5776 ea
2809 5736 2924 5790 quae
2962 5721 3210 5790 sul-terius
3265 5720 3409 5773 dicta
