3874 6228
426 319 532 379 “9

1610 323 1668 380 S.
1704 318 2003 379 DlONYSll
2042 320 2509 379 AREOPAGITE

3579 331 3693 387 19.0

426 448 587 496 sunt:
621 438 835 495 dixerat
881 436 1052 504 enim,
1099 439 1208 495 duo
1233 453 1354 495 esse
1384 436 1525 492 mala
1554 438 1834 493 intellectu
1870 455 1994 510 pra:-

2111 439 2431 511 ουσιότητα.
2457 441 2528 495 Ἦ
2573 441 2681 514 γάρ
2724 442 3018 513 ἀφίσταται
3047 459 3133 509 τις
3175 438 3452 501 τοῦθείου
3488 450 3696 520 φωτὸς,

425 532 661 587 ditorum
710 539 935 602 propter
981 532 1263 601 propriam
1316 530 1653 588 libertatem.
1712 529 1809 585 Vel
1859 531 2009 586 enim

425 624 630 679 deserit
664 624 787 694 quis
808 624 1049 679 divinam
1080 623 1285 686 lucem,
1328 622 1414 677 vel
1449 623 1591 691 sapit
1614 636 1779 692 supra
1823 623 2006 679 modu-

424 714 534 769 lum
562 729 741 781 sttum,
770 723 825 768 et
850 714 992 784 quod
1030 729 1137 767 non
1178 712 1433 767 convenit
1464 713 1682 783 quierit.

500 804 632 877 ειν.
662 804 896 870 Rursus,
922 819 1045 859 cum
1066 803 1307 859 divinum
1336 818 1537 858 numen
1564 803 1637 857 sit
1661 802 1820 874 origo
1845 810 2009 859 rectae

423 894 789 950 ordinationis
840 909 1012 949 sacra:
1066 894 1369 949 secundum
1427 909 1590 964 quam
1624 894 1791 948 etiam
1831 893 2007 965 angeli

425 998 597 1045 semet
639 988 789 1058 ipsos
844 995 1064 1053 norunt,
1094 999 1195 1041 nec
1250 985 1563 1041 inordinate
1620 984 1910 1055 prosiliunt
1937 984 2005 1039 ad

422 1097 486 1137 ea
523 1096 643 1153 quae
667 1096 773 1137 non
808 1081 1025 1146 decent,
1081 1080 1318 1150 primum
1362 1094 1558 1134 munus
1585 1094 1653 1133 ex
1678 1076 1860 1133 divina
1908 1075 2006 1130 do-

422 1177 598 1230 ctrina
631 1176 754 1246 quis
784 1175 1165 1241 consequitur,
1220 1174 1365 1242 quod
1408 1172 1648 1243 seipsum
1704 1176 1918 1233 noscat,
1947 1174 2006 1222 ut

422 1266 552 1322 illud
582 1268 726 1337 quod
758 1268 809 1322 in
837 1268 954 1336 lege
999 1268 1264 1337 scriptum
1305 1274 1389 1321 est
1419 1274 1619 1330 servet,
1648 1264 1856 1317 attende
1903 1260 2000 1314 tibi

420 1359 521 1426 ipsi
561 1372 609 1426 ι,
633 1357 1092 1428 quemadmodum
1117 1360 1279 1412 etiam
1311 1357 1534 1427 Magnus
1578 1354 1814 1409 Basilius
1880 1352 1995 1405 ait:

421 1448 657 1503 Eatenus
683 1450 822 1503 enim
853 1450 923 1503 ad
954 1452 1225 1519 praprium
1264 1459 1473 1502 natura:
1523 1448 1722 1511 lumen,
1747 1446 1853 1499 sive
1874 1459 2000 1497 con-

421 1542 808 1611 templationem
852 1544 1189 1596 scirntiamve
1234 1559 1533 1605 recurrens,
1584 1539 1796 1609 angelos
1819 1537 1999 1591 imita—

421 1642 531 1698 tur,
562 1635 649 1702 qui
677 1636 876 1703 seipsos
928 1643 1173 1687 noscunt.
1232 1632 1405 1688 Porro
1432 1634 1522 1703 qui
1554 1633 1795 1701 seipsum
1820 1626 1998 1680 oculis

419 1724 706 1779 affectione
757 1725 945 1780 vacuis
999 1726 1387 1791 considerarit,
1420 1723 1840 1795 profundissima
1873 1717 1997 1788 qui-

2112 530 2147 687 ἒ
2198 532 2529 676 ὑπερφρονεῖ
2581 533 2677 588 τοῦ
2734 536 2993 609 μετρίου,
3026 538 3124 593 καὶ
3152 536 3216 591 τὸ
3257 538 3523 594 ἀνοίκειον
3565 542 3695 595 ἐπι-

2147 639 2243 687 ητε
2274 663 2287 677 .

2147 639 2287 693 ητει.

2185 802 2214 874 ς
2241 802 2329 857 ιν.
2346 805 2536 869 Πάλιν,
2565 807 2689 860 ἐπεὶ
2712 806 2963 874 εὐταξίας
2976 806 3127 879 ἱερᾶς
3140 806 3283 879 ἀρχὴ
3301 806 3363 861 τὸ
3381 806 3536 861 Θείόν
3550 808 3691 871 ἐστι,

2110 896 2233 950 καθ’
2259 896 2328 967 ἢν
2356 898 2451 951 καὶ
2496 899 2545 951 oi
2593 898 2814 967 ἄγγελοι
2851 897 3299 967 ἐπιγινώσκουσιν
3325 900 3568 963 ἑαυτοὺς,
3596 902 3696 954 καὶ

2107 988 2207 1058 οὐχ
2258 989 2645 1061 ὑπερπηδῶσιν
2688 991 2940 1053 ἀτάκτως
2989 990 3127 1062 πρὸς
3151 990 3223 1043 τὰ
3253 990 3517 1057 ἀνοίκεια,
3542 992 3697 1061 πριῖι-

2105 1094 2200 1132 τον
2247 1078 2421 1151 δῶρον
2448 1082 2513 1135 ἐκ
2536 1081 2638 1151 τῆς
2684 1080 2835 1147 Θείας
2887 1082 3256 1148 διδασκαλίας,
3296 1084 3491 1139 κτᾶταί
3519 1102 3604 1147 τις
3632 1082 3697 1137 τὸ

2106 1170 2403 1239 ἐπιγνῶναι
2434 1171 2647 1235 ἐαυτὸν,
2688 1172 2778 1225 ἶνα
2797 1172 2859 1225 τὸ
2886 1173 2945 1225 ἐν
2973 1172 3054 1244 τῷ
3076 1173 3226 1243 νόμῳ
3256 1173 3487 1247 φυλάξῃ,
3503 1176 3579 1241 II;
3595 1170 3703 1239 ὸς-

2102 1280 2205 1331 εχε
2232 1264 2487 1330 σεαυτῷ,
2527 1264 2604 1328 ὡς
2636 1266 2729 1318 καὶ
2760 1266 2789 1319 ὁ
2807 1264 2997 1335 Μέγας
3020 1266 3124 1337 ἔφη
3154 1267 3432 1331 Βασίλειος
3451 1281 3469 1298 ο
3528 1268 3699 1321 Οῦτω

2103 1355 2215 1422 γὰρ
2259 1354 2404 1421 τέως
2436 1356 2587 1425 πρὸς
2635 1358 2701 1410 τὸ
2745 1357 2966 1412 οἰκεῖον
3009 1357 3123 1427 τῆς
3169 1359 3409 1427 φύσεως
3449 1357 3693 1426 ὁρατόν,

2102 1446 2297 1516 ἤγουν
2320 1448 2615 1516 θεωρητόν
2642 1449 2681 1517 ἢ
2709 1449 3056 1518 ἐπιστητὸν,
3103 1451 3469 1519 ἀνατρέχων,
3498 1450 3697 1521 μιμεῖ-

2100 1557 2196 1594 ται
2245 1540 2543 1610 ἀγγέλους
2588 1542 2730 1609 τοὺς
2775 1542 3181 1613 γινώσκοντας
3226 1544 3499 1610 ἑαυτούς.
3554 1545 3615 1597 ὐ
3640 1542 3700 1596 δὲ

2100 1632 2295 1686 ἐαυτὸν
2342 1633 2751 1705 ἀπροσπαθέσιν
2805 1634 2926 1691 ἰδὼν
2975 1635 3290 1707 ὀφθαλμοῖς,
3333 1636 3699 1707 ἀποφοιτήσει

2104 1727 2202 1796 μὲν
2232 1726 2341 1779 τῶν
2367 1727 2681 1796 βαθυτάτων
2709 1726 2894 1783 τόπων
2931 1730 3031 1799 τῆς
3079 1730 3373 1798 ἀγνωσίας,
3405 1731 3506 1784 οὐκ
3536 1730 3699 1783 αύτό-

419 1816 541 1870 dem
576 1817 934 1886 ignorationis
984 1816 1098 1871 loca
1132 1816 1371 1887 ell'ugiet,
1421 1832 1527 1870 non
1587 1826 1764 1869 tamen
1796 1828 1893 1883 per
1920 1824 1994 1874 se,

2107 1818 2201 1872 θεν
2231 1820 2310 1882 δὲ,
2343 1818 2480 1873 ἀλλά
2527 1820 2595 1873 δι’
2648 1820 2843 1892 ὁδηγοῦ
2892 1822 2983 1873 καὶ
3032 1821 3311 1891 ἀναδόχου,
3358 1820 3699 1892 ἐπιθυμήσει

419 1910 517 1964 sed
544 1925 639 1979 per
670 1912 861 1965 ducem
899 1925 963 1965 ac
987 1920 1362 1979 susceptorem
1390 1907 1729 1963 desiderabit
1754 1905 1997 1959 divinam

418 2003 918 2071 participationem.
967 2000 1035 2054 Et
1064 2016 1162 2070 per
1196 2000 1503 2055 doctrinam
1562 1999 1782 2067 quidem
1814 1996 1883 2049 ad
1914 1992 1999 2048 sui

419 2094 691 2158 notitiam,
744 2094 966 2149 devenit
1017 2107 1117 2162 per
1165 2094 1516 2162 semetipsum
1561 2090 1628 2144 ad
1680 2089 1761 2144 sui
1794 2086 2000 2158 princi-

418 2190 565 2259 pium
601 2204 616 2252 ;
648 2204 745 2258 per
775 2187 880 2241 hoc
910 2194 1119 2249 autem,
1165 2185 1233 2239 ad
1267 2186 1320 2239 id
1344 2185 1490 2255 quod
1521 2184 1613 2238 illo
1640 2183 1790 2251 prius
1812 2188 1917 2244 est,
1944 2188 2002 2234 et

418 2265 519 2349 per
545 2280 673 2333 illttd
699 2280 766 2334 ad
798 2279 1035 2349 primum
1088 2277 1409 2331 adducetur.
1458 2275 1582 2330 Haec
1612 2273 1885 2344 signiﬁcat
1909 2285 2001 2325 ac-

420 2370 672 2426 cedentis
694 2370 960 2426 modestia
992 2370 1427 2437 reverentiaque,
1452 2376 1505 2421 et
1534 2366 1602 2419 ad
1628 2370 1997 2432 susceptorum

419 2463 689 2527 accessio,
740 2462 825 2517 cui
876 2461 1067 2532 utique
1123 2462 1413 2515 character
1475 2455 1832 2526 imprimitur,
1880 2464 2000 2507 tan-

417 2569 582 2625 quam
614 2556 829 2624 signum
878 2553 1050 2623 partis
1089 2551 1425 2607 hereditatis
1464 2550 1518 2604 in
1559 2548 1801 2612 Christo,
1827 2555 1883 2599 et
1918 2544 2000 2599 in-

417 2646 644 2715 scriptio
679 2645 830 2701 litad
870 2646 1068 2700 bonam
1115 2642 1435 2699 memoriam
1486 2640 1657 2710 ipsius
1704 2652 1769 2692 ac
1813 2650 1999 2692 susce-

418 2737 839 2807 ptoris;ipsius
904 2738 1145 2806 quidem,
1221 2719 1483 2802 tanquam
1557 2730 1671 2786 veri
1726 2730 1996 2785 bonorum

419 2828 680 2882 amatoris
710 2843 725 2892 ;
757 2827 1094 2897 susceptoris
1142 2838 1273 2879 vero
1334 2832 1595 2891 tanquam
1618 2818 1860 2875 ductoris
1892 2816 1996 2871 mi-

417 2920 566 2974 nime
591 2918 845 2973 errantis.

488 3009 517 3081 ς
560 3007 627 3065 V.
669 3010 872 3063 Deinde
915 3008 1051 3062 dicit
1093 3006 1160 3062 de
1198 3006 1433 3062 vestium
1474 3000 1833 3073 depositione.
1863 3002 1995 3055 Cum

2102 1911 2201 1981 τῆς
2252 1911 2402 1975 Θείας
2463 1911 2752 1981 μεθέξεως.
2780 1913 2889 1966 Καὶ
2916 1911 3006 1966 διά
3046 1912 3144 1983 μὲν
3192 1912 3293 1982 τῆς
3344 1911 3699 1977 διδασκαλίας

2101 2004 2195 2056 ἐπὶ
2219 2002 2280 2055 τὸ
2312 2003 2514 2071 γνῶναι
2562 2004 2755 2057 ἐαυτὸν
2809 2003 3073 2074 βαδιεῖται
3122 2003 3193 2056 δι’
3233 2003 3425 2056 ἐαυτοῦ
3468 2004 3567 2055 ἐπὶ
3598 2003 3698 2057 τὸν

2101 2092 2266 2146 αὑτοῦ
2316 2093 2531 2165 πρῶτον
2550 2111 2563 2124 ·
2608 2093 2698 2147 διὰ
2724 2093 2781 2147 δὲ
2810 2092 3000 2147 τούτου
3028 2094 3119 2146 ἐπὶ
3146 2094 3237 2146 τὸν
3265 2093 3346 2145 ἔτι
3381 2094 3652 2165 πρότερον
3676 2110 3694 2123 ·

2102 2184 2199 2238 καὶ
2245 2184 2315 2237 δι’
2358 2184 2567 2237 ἐκείνου
2636 2185 2730 2237 ἐπὶ
2782 2184 2875 2238 τὸν
2930 2183 3237 2255 πρώτιστον
3296 2184 3694 2254 ἀναχθήσεται.

2101 2275 2286 2330 Ταῦτα
2320 2274 2519 2347 δηλοῖὴ
2546 2275 2641 2329 τοῦ
2683 2276 2999 2347 προσιόντος
3026 2274 3442 2346 ἐπιγνωμοσύνη
3484 2277 3579 2328 καὶ
3605 2276 3700 2327 εὐ-

2100 2368 2309 2431 λάϐεια,
2357 2368 2451 2421 καὶ
2476 2369 2509 2439 ἡ
2537 2367 2673 2439 πρὸς
2722 2368 2814 2422 τὸν
2868 2367 3123 2438 ἀνάδοχον
3171 2367 3450 2438 πρόσοδος,
3489 2360 3536 2434 ᾧ
3563 2368 3633 2439 δὴ
3658 2369 3694 2439 ἠ

2101 2460 2339 2532 σφραγὶς
2374 2459 2595 2523 δίδοται,
2625 2460 2701 2523 ὼς
2734 2461 2961 2530 σημεῖον
2989 2458 3084 2512 τοῦ
3107 2459 3309 2529 κλήρου
3335 2458 3435 2528 τῆς
3459 2460 3520 2511 ἐν
3552 2461 3696 2530 Χρι-

2103 2549 2216 2622 σ’τῷ
2268 2550 2505 2622 μερίδος,
2537 2551 2633 2605 καὶ
2658 2553 2690 2622 ἡ
2718 2550 3011 2621 ἀπογραφὴ
3038 2553 3397 2621 οἰκονομεῖται
3441 2554 3523 2615 είς
3555 2570 3697 2621 μνη-

2102 2642 2333 2714 μόσυνον
2378 2640 2599 2711 ἀγαθῶν
2637 2641 2801 2695 αὑτοῦ
2851 2658 2912 2694 τε
2961 2642 3056 2695 καί
3080 2641 3173 2694 τοῦ
3205 2641 3460 2711 ἀναδόχου
3482 2660 3495 2671 ·
3522 2643 3695 2695 αὑτοῦ

2102 2734 2222 2803 μὲν,
2257 2734 2333 2797 ὼς
2355 2732 2612 2804 ἀληθινοῦ
2638 2732 2748 2786 τῶν
2774 2732 2953 2787 καλῶν
3000 2731 3261 2805 ἐραστοῦ·
3294 2733 3387 2786 τοῦ
3411 2734 3467 2787 δὲ
3497 2733 3698 2787 ἀναδό-

2098 2841 2217 2899 χου,
2244 2823 2322 2887 ὡς
2348 2823 2620 2887 ἀπλανοῦς
2640 2823 2855 2895 ὁδηγοῦ.

2170 3014 2257 3088 εγ
2268 3056 2282 3071 .
2302 3013 2578 3069 Ἐντεῦθεν
2593 3013 2741 3083 λέγει
2760 3014 2888 3085 περὶ
2904 3013 3004 3084 τῆς
3016 3012 3386 3077 ἀπεκδύσεως.
3403 3013 3557 3069 Ἐπεὶ
3580 3017 3699 3089 γὰρ

417 3100 565 3154 enim
596 3114 705 3153 non
736 3098 899 3153 liceat
940 3097 1104 3153 alicui
1153 3112 1365 3153 summe
1393 3096 1791 3151 contrariorum
1822 3093 1994 3163 parti-

2102 3109 2197 3163 st'nt
2219 3107 2337 3163 ἔστι
2365 3110 2654 3179 μετασχεῖν
2677 3123 2801 3159 τινα
2822 3105 2930 3159 τῶν
2954 3105 3141 3178 ἄκρως
3173 3108 3449 3170 ἐναντίων,
3500 3109 3698 3176 ὑγείας

418 3192 591 3261 cipem
622 3192 916 3257 exsistere,
944 3191 1201 3246 sanitatis
1224 3206 1279 3244 v.
1312 3200 1451 3259 κίοι
1474 3188 1671 3255 morbi,
1698 3197 1754 3243 et
1781 3187 1991 3257 peccati

415 3300 480 3340 ac
504 3284 743 3350 virtutis,
773 3292 827 3339 et
872 3284 1195 3353 ignorantiae
1243 3282 1685 3351 cognitionisque
1716 3281 1836 3345 Dei,
1862 3279 1997 3333 divi-

416 3391 530 3430 sam
551 3375 718 3431 etiam
744 3388 969 3431 necesse
1001 3356 1164 3445 185
1192 3374 1265 3429 sit
1291 3374 1492 3428 habere
1530 3373 1695 3427 vitam
1720 3374 1810 3442 qui
1842 3381 1997 3426 utra-

414 3482 521 3537 que
546 3467 920 3537 amplectitur,
967 3475 1370 3537 proptereaque
1415 3464 1647 3522 liberum
1673 3480 1795 3520 esse
1832 3479 1996 3534 opor-

415 3570 527 3615 teat
548 3562 639 3631 qui
666 3560 731 3615 ad
760 3561 989 3615 alteram
1042 3560 1211 3614 vitam
1265 3557 1617 3624 transfertur,
1663 3559 1872 3615 nullum
1913 3558 1997 3612 al-

412 3654 619 3710 lectum
651 3653 937 3708 retinendo
979 3652 1182 3723 prioris
1228 3651 1353 3707 vitae
1382 3666 1397 3716 ;
1427 3651 1630 3706 idcirco
1656 3651 1747 3721 qui
1782 3649 1997 3705 adduci-

413 3756 521 3812 tur,
551 3746 729 3801 nudus
773 3746 1008 3801 sistitur.
1050 3744 1133 3799 Ad
1182 3744 1298 3798 haec
1342 3758 1494 3809 vero,
1520 3743 1779 3812 quoniam
1807 3744 1875 3796 ab
1898 3757 1997 3797 ex-

415 3836 606 3892 tremis
655 3836 1075 3904 minoribusque
1116 3834 1319 3904 prioris
1342 3834 1470 3890 vitze
1496 3832 1872 3890 ailectionibus
1895 3836 1993 3889 ab-

412 3929 548 3985 solvi
577 3929 760 3992 debet,
789 3928 855 3982 ad
884 3936 1162 3982 extremos
1205 3942 1376 3996 usque
1422 3927 1589 3996 pedes
1616 3928 1780 3982 totius
1803 3941 1995 3996 corpo-

412 4022 491 4078 ris
516 4021 852 4076 indumentis
895 4020 1117 4075 exuitur
1146 4035 1163 4086 ;
1194 4027 1409 4090 spectat
1433 4031 1620 4074 autem
1646 4020 1716 4073 ad
1740 4019 1995 4074 occiden-

412 4121 544 4181 tem,
569 4112 862 4167 obscurum
895 4110 1045 4165 illum
1086 4108 1287 4177 locum,
1314 4119 1370 4165 et
1403 4110 1801 4166 tenebricosam
1830 4110 1993 4165 mali-

412 4207 549 4260 tiam
576 4205 823 4275 expellit,
856 4203 1194 4271 insitumque
1218 4202 1321 4257 sibi
1351 4201 1703 4273 malignitatis
1748 4204 1992 4258 habitum

411 4299 575 4365 elllat,
620 4312 856 4368 eumque
878 4312 909 4351 a
946 4296 1115 4351 corde
1142 4311 1241 4352 suo
1284 4294 1447 4364 ejicit.
1497 4295 1677 4366 Atque
1698 4298 1799 4353 hoc
1830 4299 1993 4354 modo

410 4391 707 4447 universali
732 4389 1211 4445 abrenuntiatione
1238 4387 1382 4443 facta
1410 4389 1479 4443 ad
1508 4391 1774 4445 orientem
1805 4393 1993 4446 tradu-

2099 3201 2343 3272 δηλονότι
2378 3201 2471 3254 καὶ
2518 3199 2697 3263 νόσου,
2752 3198 2844 3251 καὶ
2888 3198 3165 3270 ἁμαρτίας
3214 3200 3311 3252 καὶ
3342 3200 3568 3269 ἀρετῆς,
3594 3202 3700 3254 καί⁸

2098 3293 2319 3361 ἀγνοίας
2350 3291 2443 3345 καὶ
2468 3289 2819 3359 θεογνωσίας,
2846 3288 3117 3359 ἐπείτοιγε
3149 3291 3243 3343 καὶ
3266 3292 3530 3363 μεριστὴν
3560 3309 3627 3344 συ
3638 3312 3702 3363 μ-

2097 3383 2323 3454 ϐήσεται
2349 3384 2492 3455 ἔχειν
2533 3382 2631 3454 τὴν
2662 3382 2808 3453 ζωὴν
2836 3382 2926 3436 τὸν
2960 3383 3053 3435 καὶ
3082 3383 3411 3453 ἀμφοτέρων
3459 3384 3692 3454 ἀντεχῶ

2100 3494 2280 3549 μενον,
2309 3479 2402 3531 καὶ
2425 3477 2512 3531 διὰ
2541 3476 2697 3531 τοῦτο
2745 3474 2971 3545 ἄσχετον
3015 3470 3153 3528 εἶναι
3180 3476 3262 3529 δεῖ
3292 3475 3383 3528 τὸν
3409 3476 3547 3547 πρὸς
3569 3478 3700 3530 δευ-

2096 3571 2260 3643 τέραν
2294 3571 2439 3643 ζωὴν
2473 3567 2914 3641 μετατιθέμενον,
2970 3567 3240 3639 μηδεμίαν
3285 3567 3468 3638 σχέσιν
3494 3568 3701 3637 ἔχοντα

2096 3664 2234 3735 πρὸς
2282 3663 2383 3734 τὴν
2436 3661 2710 3734 προτέραν
2760 3661 2926 3733 ζωὴν,
2973 3659 3182 3731 γυμνὸς
3210 3662 3239 3713 ό
3273 3660 3698 3730 προσαγόμενος

2097 3756 2332 3808 ἵσταται.
2374 3755 2493 3807 Ἔτι
2524 3753 2601 3817 δὲ,
2629 3753 2751 3805 ἐπεὶ
2778 3753 2873 3805 καὶ
2918 3751 3081 3823 μέχρι
3124 3749 3231 3803 τῶν
3254 3750 3391 3821 πρὸς
3419 3750 3522 3821 τὴν
3555 3768 3699 3821 προ-

2094 3849 2261 3919 τέραν
2290 3846 2433 3918 ζωὴν
2459 3847 2703 3915 ἐσχάτων
2733 3846 2825 3898 καὶ
2870 3844 3211 3915 μικροτέρων
3258 3843 3499 3913 σχέσεων
3534 3844 3699 3912 ὀφεί-

2094 3940 2177 3993 λει
2203 3940 2554 4001 ἀπολύεσθαι,
2582 3938 2676 3991 καὶ
2696 3936 2765 3989 τὰ
2797 3938 2879 3999 είς
2901 3938 3030 3999 τοὺς
3068 3935 3236 3998 πόδας
3260 3935 3387 3998 τοὺς
3418 3934 3699 4004 ἐσχάτους

2094 4033 2216 4087 ὅλου
2238 4031 2332 4085 τοῦ
2358 4030 2607 4101 σώματος
2631 4030 2923 4101 φορήματα
2946 4026 3237 4081 ὑπολύεται
3260 4043 3273 4056 ·
3306 4026 3491 4097 ἀφορᾷ
3514 4027 3571 4079 δὲ
3591 4029 3700 4082 καὶ

2096 4126 2233 4198 πρὸς
2264 4126 2516 4195 δυσμαῖς,
2543 4122 2621 4194 τῷ
2640 4122 2885 4193 ἀλαμπεί
2912 4120 3083 4191 τόπῳ,
3114 4119 3211 4174 καὶ
3237 4119 3540 4173 ἀπωθεῖται
3585 4122 3699 4193 τὴν

2094 4217 2321 4287 ἀλαμπῆ
2375 4214 2593 4277 κακίαν,
2641 4215 2735 4268 καὶ
2783 4215 2846 4265 ἐκ
2889 4211 2982 4265 τοῦ
3040 4213 3290 4283 ἐμφυσᾷν
3333 4210 3437 4280 τῆς
3483 4212 3696 4276 κακίας

2092 4307 2190 4379 τὴν
2214 4306 2326 4372 ἐξιν
2362 4304 2601 4366 ἐκπνέει,
2633 4304 2727 4356 καὶ
2755 4303 2863 4357 ἀπὸ
2885 4303 2985 4373 τῆς
3007 4301 3197 4356 ἐαυτοῦ
3231 4303 3460 4373 καρδίας
3487 4304 3697 4358 ἐκϐάλ-

2092 4403 2191 4456 λει.
2225 4402 2334 4456 Καὶ
2374 4400 2545 4464 οὕτως
2588 4398 2781 4462 ὁλικῶς
2827 4397 2925 4469 τὴν
2972 4398 3253 4469 ἀποταγὴν
3289 4399 3691 4469 ποιησάμενος,

410 4485 572 4549 citur,
601 4485 669 4539 ad
694 4484 836 4539 Solis
876 4482 1105 4551 juStitize
1148 4489 1365 4546 ortum,
1393 4492 1450 4537 et
1474 4482 1693 4539 totalem
1720 4484 1787 4539 ad
1815 4500 1984 4539 unum

2102 4493 2323 4564 πρὸςὲω
2355 4493 2667 4562 μετάγεται,
2710 4489 2808 4561 τὴν
2860 4489 3123 4561 ἀνατολὴν
3168 4488 3263 4542 τοῦ
3320 4490 3423 4559 τῆς
3476 4490 3695 4545 δικαιο-

410 4578 823 4632 conversionem
882 4576 1373 4646 proﬁteturzcutn
1437 4586 1701 4644 prmterea
1756 4575 1986 4630 manife-

412 4679 555 4725 stum
582 4671 674 4735 sit,
723 4648 993 4722 initiatum
1022 4666 1075 4720 in
1119 4666 1470 4719 contentione
1498 4673 1551 4719 et
1576 4680 1753 4735 agone
1777 4666 1984 4719 versari

411 4763 631 4827 debere,
658 4771 715 4815 ut
742 4758 1241 4814 immutabilitatem
1266 4758 1536 4811 obtineat.
1568 4755 1787 4811 Declina
1816 4758 1984 4822 enim,

410 4857 607 4927 inquit,
636 4873 669 4909 a
709 4853 874 4916 malo,
897 4865 945 4908 et
990 4854 1076 4923 {ac
1100 4853 1290 4905 bonum
1317 4853 1393 4906 ι’.
1427 4853 1493 4906 Ει
1543 4853 1736 4908 iterum
1767 4870 1781 4906 :
1828 4852 1986 4908 Beati

409 4951 735 5005 immaculati
763 4954 813 5003 in
833 4952 915 5003 via
936 4950 1027 5019 qui
1052 4948 1324 5002 ambulant
1347 4957 1398 5000 γ.
1426 4945 1634 5001 Bonum
1663 4951 1806 5002 enim
1834 4957 1984 5003 stare

411 5046 612 5111 nescit,
662 5057 838 5112 neque
904 5041 1064 5097 facile
1111 5052 1195 5095 est
1240 5042 1480 5095 divinqu
1536 5055 1780 5095 amorem
1830 5042 1982 5095 cohi-

408 5139 560 5193 bere.

482 5232 511 5304 ς
554 5230 640 5287 Vl.
687 5228 817 5284 Vide
839 5225 1110 5297 quomodo
1136 5225 1239 5280 olei
1272 5225 1593 5280 inunctione
1642 5224 1888 5280 initiatus
1912 5225 1979 5279 ad

409 5325 711 5380 certamina
755 5322 1078 5385 adducatur,
1118 5320 1219 5373 sub
1262 5318 1481 5374 Christo
1508 5317 1823 5373 munerario
1847 5333 1980 5372 con-

408 5418 651 5472 stitutus.
695 5411 1044 5470 Constructio
1088 5412 1205 5465 haec
1227 5420 1312 5465 est
1338 5424 1437 5478 per
1461 5409 1825 5480 hyperbaton,
1856 5425 1979 5465 cer-

410 5512 634 5575 tamina,
658 5510 902 5579 quidem,
929 5516 1117 5577 ulpote
1167 5504 1373 5570 divina,
1402 5504 1558 5557 laetus
1605 5504 1975 5573 aggretlietur.

408 5600 733 5657 intermedie
772 5612 977 5665 autem,
1025 5612 1146 5652 cum
1196 5595 1566 5649 munerarium
1616 5594 1971 5665 appellaverit

482 5764 549 5816 ιί
586 5761 728 5816 Τίιη.
753 5776 824 5827 tv,
858 5760 943 5816 l6.
1022 5758 1113 5813 ιἸ
1150 5760 1293 5816 Pctr.
1336 5773 1419 5820 Ill,
1454 5756 1539 5810 ll.

2094 4583 2259 4655 σύνης
2302 4581 2505 4645 Ἡλίου,
2537 4582 2630 4635 καὶ
2656 4580 2755 4651 τὴν
2788 4578 2928 4650 πρὸς
2957 4579 3020 4633 τὸ
3067 4578 3126 4632 ἓν
3167 4578 3355 4649 ὁλικὴν
3400 4578 3694 4635 σύννευσιν

2091 4675 2376 4747 ὁμολογεῖ·
2403 4674 2562 4727 πάλιν
2590 4673 2711 4726 ἐπεὶ
2746 4670 2905 4741 δῆλόν
2932 4672 3099 4735 ἐστιν,
3126 4670 3201 4734 ὠς
3223 4671 3280 4723 ἐν
3308 4672 3563 4743 συντονίᾳ
3591 4673 3693 4725 καὶ

2092 4767 2263 4838 ἀγῶνι
2286 4768 2367 4820 δεῖ
2396 4762 2532 4819 εἶναι
2572 4765 2663 4818 τὸν
2711 4762 3049 4833 τελούμενον,
3081 4764 3167 4817 ἵνα
3212 4763 3274 4815 τὸ
3320 4762 3690 4819 ἀναλλοίωτον

2093 4858 2213 4931 ἔχῃ.
2257 4861 2581 4912 Ἔκκλινον
2607 4858 2715 4925 γὰρ
2734 4855 2851 4909 ἀπὸ
2874 4855 3083 4919 κακοῦ,
3106 4854 3259 4925 φησὶ,
3290 4855 3388 4908 καὶ
3417 4857 3691 4924 ποίησον

2090 4952 2344 5020 ἀγαθόν’
2389 4950 2483 5001 καὶ
2532 4947 2725 5003 πάλινο
2775 4946 3063 5016 Μακάριοι
3113 4951 3165 5001 οἱ
3195 4947 3683 5015 ἀμωμοιένόδῷ,

2090 5046 2144 5096 οἱ
2188 5043 2572 5111 πορευόμενοι
2596 5057 2609 5072 ·
2642 5040 2761 5094 οὐδὲ
2813 5040 2922 5113 γὰρ
2962 5041 3147 5094 στάσιν
3199 5035 3307 5093 οἶδε
3345 5040 3405 5092 τὸ
3449 5038 3682 5107 ἀγαθὸν,

2090 5135 2197 5188 οὐδ’
2223 5134 2416 5202 εὐαγές
2443 5150 2573 5186 ποτε
2613 5131 2767 5203 λῆξαι
2793 5134 2883 5186 τὸν
2914 5133 3055 5186 θεῖον
3081 5132 3279 5204 ἔρωτα.

2165 5225 2193 5298 §
2222 5225 2311 5280 Vl.
2342 5226 2484 5297 Ὅρα
2505 5224 2623 5288 πῶς
2646 5224 2734 5278 διὰ
2758 5225 2858 5295 τῆς
2900 5223 2994 5277 τοῦ
3022 5224 3199 5277 ἐλαίου
3254 5223 3485 5294 χρίσεως
3536 5222 3682 5293 πρὸς

2090 5317 2307 5386 ἀγῶνας
2368 5318 2560 5383 ἄγεται
2589 5316 2618 5367 ὁ
2646 5315 2991 5386 τελούμενος,
3014 5315 3135 5369 καθ’
3166 5314 3262 5378 οὒς
3286 5316 3378 5367 ὑπ’
3404 5312 3681 5387 ἀθλοθέτῃ

2084 5408 2305 5482 Χριστῴ
2330 5408 2638 5478 γενόμενος.
2675 5407 2871 5471 Σύνθες
2894 5408 2954 5460 τὸ
2979 5407 3140 5479 ῥητὸν
3166 5406 3289 5459 καθ’
3321 5404 3632 5475 ὑπερϐατόν
3659 5423 3673 5436 ο

2084 5506 2197 5567 τοῖς
2222 5504 2318 5573 μὲν
2344 5502 2569 5570 ἀγῶσιν,
2599 5501 2672 5564 ὡς
2703 5500 2895 5564 θείοις,
2939 5500 3143 5570 χαίρων
3187 5499 3528 5570 ἐπιϐήσεται.
3574 5498 3678 5550 Διά

2091 5596 2254 5667 μέσου
2285 5595 2360 5659 δέ,
2392 5594 2513 5647 ἐπεὶ
2556 5593 2850 5664 ἀθλοθέτην
2905 5593 3129 5649 ἐκάλεσε
3158 5593 3251 5648 τὸν
3279 5593 3484 5664 Κύριον
3512 5592 3677 5663 ἡῴιν

1616 5764 1643 5805 3
1669 5756 1812 5813 Psal.
1845 5770 2040 5815 cxvttt.
2085 5757 2137 5812 l.
