3874 6228
171 246 296 310 εει

772 253 860 309 DE
891 252 1174 312 ECCLES.
1210 252 1610 316 HIERARCIL,
1636 250 1791 309 CAP.
1828 251 1896 309 Π.
1929 282 2001 294 -
2033 251 2383 309 PARAPHR.
2416 251 2891 310 PACIIYMERxE.

3353 254 3467 309 629.

183 371 420 444 Ἰησοῦν
436 368 671 443 Χριστὸν
697 368 794 422 καὶ
816 367 967 433 Θεὸν,
995 368 1164 441 δηλοῖ,
1191 367 1310 432 πῶς
1336 368 1434 438 μὲν
1463 366 1751 438 ἀθλοθέτης

1884 365 2175 422 Dominum
2220 378 2468 423 nostrum
2512 366 2699 424 Jesum
2747 369 3025 425 Christum
3055 384 3116 424 ac
3148 370 3337 434 Deum,
3366 373 3463 427 de-

171 468 313 529 πῶς
328 467 390 519 δὲ
417 462 734 534 νομοθέτης,
764 462 883 525 πῶς
914 460 1236 530 στεφοδότης
1260 458 1441 513 καλῶν
1464 460 1556 512 καὶ
1576 457 1783 529 ἀφθάρ-

170 574 299 611 των
332 557 635 624 στεφάνων,
664 553 782 616 πῶς
800 552 856 605 δὲ
884 552 978 605 καὶ
1008 549 1429 621 συναγωνιστὴς,
1459 550 1620 603 οἱονεὶ
1644 547 1781 601 ἀλεί-

170 667 334 721 πτης
358 649 531 704 ἐστίν.
566 649 623 702 '0
651 648 831 701 τοίνυν
888 644 1095 717 Ἰησοῦς
1122 643 1373 717 Χριστὸς,
1419 645 1494 706 ὼς
1522 642 1619 714 μὲν
1647 641 1778 704 Θεὸς

170 741 310 814 (καὶ
354 742 662 814 σημείωσαι
714 740 776 793 τὸ
825 738 987 810 ῥητὸν
1033 737 1176 791 κατὰ
1235 734 1637 807 νεστοριανῶν,)
1686 734 1779 804 δη-

173 837 447 906 μιουργεί
495 834 597 904 τὴν
641 832 981 894 ἀθλοθεσίαν,
1009 830 1039 882 ὁ
1067 829 1177 901 γὰρ
1212 829 1494 900 ὑπερέχων
1544 827 1640 881 καὶ
1688 826 1779 878 δυ-

167 930 445 1000 νάμενος,
502 927 808 981 ἀθλοθετεῖ·
842 927 919 989 ὡς
949 925 1006 978 δὲ
1048 924 1211 993 σοφὸς
1258 922 1558 994 νομοθετεῖ,
1608 918 1773 988 σοφοῦ

168 1026 296 1097 γὰρ
324 1027 361 1096 ἡ
394 1023 704 1095 νομοθεσία,
754 1022 891 1093 ὅπερ
926 1022 1072 1074 ἐστὶν
1115 1021 1163 1072 εί
1205 1017 1347 1071 οὑτω
1402 1016 1562 1086 τυχὸν
1616 1032 1776 1086 περι-

166 1119 478 1189 γενήσεται
505 1118 534 1169 ὁ
566 1114 982 1185 ἀγωνιζόμενος,
1026 1111 1168 1165 οὕτω
1218 1109 1470 1175 τεύξεται
1523 1107 1619 1162 τοῦ
1662 1124 1777 1160 στε-

134 1178 384 1288 Havet),
419 1212 468 1263 ει
500 1210 573 1280 μὴ
595 1178 760 1269 ὀῦτω,
790 1178 851 1260 ηέδ
876 1205 1128 1278 βραϐεῖον
1174 1206 1234 1258 οὑ
1274 1203 1539 1276 λήψεταιο
1570 1202 1646 1265 ὡς
1674 1218 1775 1254 κα-

164 1304 271 1368 λὸς
301 1303 564 1357 καλλύνει
593 1300 663 1355 τὰ
691 1300 897 1353 ἔπαθλα
916 1316 930 1329 °
986 1300 1055 1353 Ἃ
1078 1298 1189 1368 γὰρ
1211 1298 1541 1366 ἡτοίμασεν
1566 1298 1599 1349 ό
1629 1294 1774 1360 Θεὸς

162 1398 307 1463 τοῖς
332 1394 653 1465 ἀγαπῶσιν
686 1393 895 1457 αὐτὸν,
921 1392 1060 1446 οὔτε
1082 1390 1390 1460 ὀφθαλμὸς
1427 1388 1604 1450 εἶδεν,
1633 1388 1773 1442 οὔτε

164 1489 288 1555 οὖς
312 1488 609 1557 ἤκουσεν,
634 1488 772 1541 οὔτε
804 1485 901 1539 ἐπὶ
927 1484 1181 1553 καρδίαν
1212 1481 1524 1550 ἀνθρώπου
1551 1481 1734 1549 ἀνέϐη
1754 1494 1770 1511 ⁸

163 1584 253 1646 ὡς
278 1582 340 1635 δὲ
372 1581 580 1650 ἀγαθὸς
606 1579 791 1651 βοηθεῖ
838 1579 931 1631 καὶ
964 1576 1406 1645 συναγωνίζεται,
1453 1574 1616 1639 αὐτὸς
1657 1573 1767 1645 γάρ

162 1678 328 1729 ἐστιν
358 1679 390 1729 6
414 1675 620 1743 λέγων·
652 1672 956 1740 Θαρσεῖτε,
1006 1670 1121 1740 ἐγὼ
1173 1670 1462 1736 νενίκηκα
1517 1668 1626 1721 τὸν
1669 1668 1769 1720 κό-

160 1782 358 1835 σμον.
392 1764 633 1818 ’Δνωθεν
660 1765 791 1832 γοῦν
839 1762 1063 1833 ῥητέον,
1084 1758 1206 1814 καθ’
1235 1758 1348 1823 οὒς,
1389 1759 1480 1811 ὑπ’
1502 1758 1764 1830 ἀθλοθέτῃ
1799 1750 1838 1803 Β
1866 1765 1922 1804 86
1952 1759 1975 1786 ²
2011 1767 2025 1804 2

157 1856 401 1929 Χριστῷ
425 1856 767 1926 γιγνόμενος,
792 1853 1121 1908 ἁποδύσεται
1151 1852 1287 1923 πρὸς
1313 1851 1490 1915 θείους
1521 1852 1757 1919 ἀγῶνας,

158 1951 275 2005 ὑπὸ
296 1949 575 2021 νομοθέτῃ
602 1950 831 2019 ὲμμενεί
872 1949 993 2010 ταῖς
1030 1945 1127 1999 τοῦ
1180 1944 1343 2014 σοφοῦ
1397 1944 1757 2015 νομοθεσίαις,

157 2042 275 2095 ὑπὸ
324 2039 484 2109 καλῷ
537 2038 769 2109 βεϐαίως
803 2037 915 2102 ἕξει
942 2037 1030 2091 διὰ
1052 2037 1121 2091 τὰ
1147 2037 1288 2092 καλὰ
1316 2036 1544 2099 ἔπαθλα,
1574 2036 1677 2088 ὑπὸ
1703 2037 1760 2089 δὲ

156 2132 364 2202 αγαθῷ
413 2130 773 2203 βοηθούμενος
820 2131 919 2200 οὐχ
968 2130 1347 2201 ήττηθήσεται.
1399 2128 1624 2192 Ἑπιϐὰς
1652 2127 1761 2198 γὰρ

156 2227 279 2287 τοῖς
313 2222 492 2293 ἴχνεσι
519 2223 614 2276 τοῦ
640 2222 857 2294 πρώτου
885 2220 994 2275 τῶν
1020 2220 1267 2291 ἀθλητῶν
1309 2220 1481 2292 Ἰησοῦ
1522 2218 1758 2291 Χριστοῦ

155 2316 261 2368 τοῦ
284 2314 500 2385 Κυρίου
531 2314 708 2385 ἡμῶν,
731 2314 790 2378 ὃς
817 2313 906 2366 διὰ
937 2314 1104 2385 μόνην
1127 2313 1434 2384 ἀγαθότητα
1464 2312 1597 2365 ἰδίαν
1624 2310 1759 2381 πρὸς

155 2407 226 2459 τὸ
268 2406 373 2460 τοῦ
427 2407 657 2460 θανάτου
720 2406 1023 2475 ἠγωνίσατο
1094 2407 1312 2477 κράτος,
1360 2404 1460 2468 τὰς
1511 2404 1758 2467 ἐναντίας

156 2496 319 2566 αὐτῷ
350 2497 494 2567 πρὸς
529 2497 627 2567 τὴν
655 2496 848 2549 θέωσιν
873 2496 1243 2559 ἀποστατικὰς
1271 2495 1550 2567 ἐνεργείας
1575 2511 1632 2547 τε
1664 2494 1758 2547 καὶ

159 2588 439 2659 ὑπάρξεις
469 2588 901 2653 καταπαλαίσας,
928 2587 1358 2659 συναποθνήσκει
1408 2584 1629 2657 Χριστῷ
1669 2584 1758 2638 διὰ

156 2680 267 2749 τῆς
289 2681 522 2752 τριττῆς
542 2680 912 2747 καταδύσεως,
942 2681 1111 2733 τύπον
1143 2679 1372 2749 ἐχούσης
1400 2680 1499 2748 τῆς
1525 2695 1646 2749 τριη
1657 2679 1754 2749 μέ-

160 2791 262 2843 ρου
312 2773 499 2842 ταφῆς
546 2771 640 2825 τοῦ
687 2774 912 2842 Κυρίου.
974 2772 1283 2842 Ἐνεργείας
1339 2770 1399 2824 δὲ
1445 2770 1591 2838 λέγει
1656 2768 1755 2833 τὰς

156 2866 454 2936 ἁμαρτίας
480 2867 573 2918 καὶ
596 2865 694 2927 τὰς
720 2865 987 2936 ἐμπαθεῖς
1017 2864 1331 2934 ἐπιθυμίας,
1391 2862 1653 2935 ὑπάρξεις
1674 2862 1751 2926 δὲ,

154 2959 263 3022 τὰς
301 2958 517 3012 τούτων
560 2955 918 3028 ὲνεργητικὰς
963 2957 1072 3011 τῶν
1119 2956 1386 3025 δαιμόνων
1430 2953 1656 3023 φύσεις·
1698 2954 1751 3005 αἱ

155 3053 271 3124 γὰρ
330 3052 577 3124 πονηραὶ
627 3050 857 3123 πράξεις
914 3051 1013 3104 οὐκ
1061 3052 1121 3104 ὲν
1179 3049 1288 3121 ἰδίᾳ
1329 3047 1562 3119 ὑπάρξει
1613 3046 1749 3099 θεω-
1782 3092 1823 3148 C

157 3144 411 3215 ροῦνται.

233 3414 263 3487 §
297 3412 414 3468 VII.
460 3413 573 3468 Καί
611 3431 701 3485 μοι
730 3413 841 3467 νόει
887 3413 1071 3467 ἐκεῖνα
1114 3410 1185 3464 τὰ
1230 3409 1353 3482 ἱερὰ
1383 3410 1514 3481 ὅσην
1558 3407 1753 3461 οἰκειό-

152 3521 295 3577 τητα
348 3508 490 3577 πρὸς
524 3507 700 3561 ταῦτα
733 3505 803 3561 τὰ
849 3506 1091 3578 σύμϐολα
1123 3505 1355 3575 ἔχουσιν.
1394 3502 1611 3573 Ἐπειδὴ
1643 3501 1751 3571 γὰρ

150 3603 185 3655 ὁ
209 3605 348 3673 παρ’
378 3604 511 3671 ἡμῖν
556 3600 783 3664 θάνατος
814 3601 914 3653 οὑκ
947 3599 1095 3652 ἔστιν
1138 3596 1448 3668 ἁνυπαρξία
1480 3596 1751 3667 παντελὴς

150 3694 300 3749 κατὰ
343 3695 408 3746 τὸ
448 3693 606 3758 δόξαν
644 3693 872 3764 ἑτέροις,
906 3692 1099 3754 οἵτινες
1137 3693 1229 3744 καὶ
1265 3691 1366 3761 τὴν
1397 3688 1575 3759 ψυχὴν
1611 3684 1749 3741 εἶναι

150 3787 364 3857 θνητὴν
390 3787 597 3854 ἔλεγον,
618 3787 712 3839 καὶ
734 3787 814 3848 είς
835 3786 895 3837 τὸ
928 3784 1150 3855 μηδαμῇ
1187 3784 1453 3854 μηδαμῶς
1484 3777 1623 3834 εἶναι
1656 3779 1748 3833 τὸν

148 3884 450 3955 ἄνθρωπον
522 3878 865 3950 φθείρεσθαι·
912 3878 1026 3931 ἀλλ’
1065 3878 1181 3930 ἔστι
1230 3878 1501 3948 διάκρισις
1571 3877 1747 3948 ψυχῆς

146 3977 260 4030 ἀπὸ
300 3974 579 4045 σώματος,
604 3974 704 4043 τὴν
752 3971 850 4041 μὲν
880 3970 1053 4040 ψυχὴν
1088 3971 1167 4034 είς
1200 3971 1260 4023 τὺ
1289 3969 1491 4039 ἀφανὲς
1519 3969 1744 4037 ἄγουσα,

142 4068 324 4139 (κατὰ
350 4066 510 4118 τοῦτο
539 4063 648 4134 γὰρ
677 4063 772 4115 καὶ
806 4061 937 4133 ᾅδης
965 4062 1349 4130 λέγεται,τοῦτ’
1373 4061 1541 4126 ἐστιν,
1566 4065 1594 4115 6
1615 4064 1750 4132 ἀφα-

146 4163 246 4233 νὴς
277 4159 568 4231 χωρισμὸς
592 4157 769 4229 ψυχῆς
790 4157 898 4210 ἀπὸ
931 4156 1226 4227 σώματος,)
1251 4156 1311 4208 τὸ
1339 4154 1497 4227 σῶμα
1520 4156 1575 4209 δὲ
1604 4156 1637 4226 ἢ
1667 4160 1746 4221 είς

143 4254 254 4324 γῆν
289 4252 764 4323 παραπέμπουσα,
791 4249 824 4320 ἦ
855 4249 951 4301 καὶ
977 4248 1097 4302 καθ’
1120 4249 1312 4318 ἑτέραν
1343 4247 1465 4300 τινὰ
1488 4247 1598 4302 τῶν
1638 4266 1744 4302 σωκ

149 4343 406 4415 ματικῶν
432 4341 771 4396 ὰλλοιώσεων
801 4339 1155 4409 ἀφανίζουσα.
1199 4340 1531 4403 Ἀλλοιώσεις
1550 4340 1607 4392 δὲ
1636 4341 1744 4394 νόει

1884 459 2054 515 clarat
2085 461 2359 530 quomodo
2383 463 2756 525 munerarius.
2784 463 3059 531 quomodo
3086 463 3301 535 legifer,
3327 481 3466 534 quo-

1882 555 2043 608 modo
2084 554 2433 624 pulchrarum
2483 566 2538 610 et
2589 556 2982 612 immortalium
3034 572 3363 613 cor0uarum
3392 560 3472 615 sit

1881 645 2160 718 elargitor,
2211 648 2484 716 quomodo
2530 649 2696 702 etiam
2742 650 3046 704 commilito
3070 651 3141 704 sit
3189 659 3245 706 et
3290 650 3458 706 veluti

1882 739 2154 793 inunctor.
2180 739 2337 795 Jesus
2365 740 2549 809 itaque
2572 741 2845 807 Christus,
2876 752 3139 812 tanquam
3165 742 3311 798 Deus
3337 744 3463 814 qui-

1881 832 2004 885 dem
2051 831 2215 901 (quod
2269 833 2498 887 observa
2573 833 2779 888 dictum
2831 844 3022 889 contra
3072 834 3458 907 Nestoriauos)

1880 922 2228 989 prtemiorum
2279 923 2706 992 propositionem
2758 924 2999 979 instituit
3027 944 3041 980 :
3067 927 3159 995 qui
3188 929 3335 981 enim
3362 941 3458 982 su~

1880 1014 2182 1082 pereminet
2230 1024 2284 1070 et
2305 1025 2499 1085 potens
2524 1026 2631 1079 est,
2661 1017 2711 1071 is
2732 1018 2958 1086 praemia
3008 1021 3265 1087 proponit
3291 1037 3305 1073 :
3339 1029 3462 1074 tan-

1878 1117 2043 1171 quam
2090 1105 2312 1173 sapiens
2362 1121 2493 1161 vero
2541 1106 2688 1177 leges
2739 1106 2889 1169 fert;
2924 1109 3186 1173 sapientis
3209 1111 3355 1164 enim
3379 1119 3463 1166 est

1876 1191 2023 1262 leges
2052 1192 2214 1257 ferre,
2246 1202 2305 1248 ut
2331 1195 2376 1249 si
2404 1211 2463 1251 v.
2486 1209 2538 1264 ε.
2584 1195 2690 1249 hoc
2736 1197 2898 1250 modo
2923 1197 3142 1250 vincere
3165 1198 3462 1268 contigerit

1876 1295 2197 1348 certantem,
2231 1288 2303 1341 ita
2346 1301 2565 1356 quoque
2612 1304 2872 1342 coronam
2925 1300 3318 1358 consequatur,
3371 1290 3457 1344 sin

1875 1392 2053 1441 secus,
2100 1378 2352 1433 bravium
2401 1394 2623 1447 quoque
2652 1395 2758 1434 non
2784 1380 3160 1448 adipiscatur:
3190 1392 3450 1450 tanquam

1874 1470 2102 1541 pulcher
2151 1480 2333 1525 autem
2385 1471 2612 1540 pulchra
2680 1471 2901 1541 praemia
2949 1472 3248 1541 pr0ponit:
3295 1488 3459 1542 neque

1873 1564 2010 1616 erum
2053 1563 2236 1617 oculus
2285 1565 2636 1633 vidit,neque
2684 1564 2832 1617 auris
2888 1565 3116 1628 audivit,
3161 1581 3253 1618 nec
3279 1564 3335 1618 in
3367 1581 3449 1618 cm

1874 1656 2098 1708 hominis
2134 1659 2369 1710 ascendit
2401 1673 2516 1726 qua:
2540 1658 2859 1724 prwparuvit
2915 1657 3059 1711 Deus
3111 1659 3452 1726 diligentibus

2071 1761 2332 1820 tanquam
2380 1750 2557 1805 bonus
2603 1765 2733 1804 vero
2761 1751 2862 1803 fert
2888 1751 3148 1804 auxilium
3176 1762 3228 1805 et
3254 1767 3423 1821 suppe

1869 1843 1994 1911 tias,
2040 1844 2155 1914 ipse
2205 1845 2349 1899 enim
2404 1854 2487 1899 est
2531 1844 2623 1913 qui
2673 1844 3163 1913 dicit:Conﬁdite,
3216 1862 3309 1914 ego
3343 1846 3445 1900 vici

1864 1938 2125 1991 mundum
2154 1949 2203 1991 α.
2240 1938 2424 1990 Denuo
2450 1936 2614 2005 igitur
2641 1937 2955 2002 dicendurm,
2985 1952 3108 1991 eum
3135 1938 3224 2006 qui
3254 1953 3449 1992 secun-

1865 2027 1992 2081 dum
2014 2029 2115 2083 hos
2141 2029 2241 2083 sub
2280 2028 2500 2083 Christo
2539 2030 2853 2081 munerario
2901 2029 3236 2083 constitutus
3261 2030 3327 2082 ad
3365 2030 3449 2081 dvi-

1863 2122 1991 2175 vina
2020 2121 2320 2175 certamina
2364 2132 2561 2175 exutus
2610 2120 2796 2182 fuerit,
2857 2120 2955 2188 qui
3013 2119 3341 2188 legislatoris
3360 2135 3449 2172 sa-

1864 2212 2065 2281 pientis
2110 2212 2489 2267 sanctionibus
2537 2212 2848 2269 adhmserit.
2888 2228 2915 2263 ιι
2962 2210 3187 2278 pulchro
3232 2224 3448 2279 quoque

1862 2305 2091 2375 pulchra
2119 2305 2347 2374 praemia
2376 2314 2529 2359 certo
2558 2316 3002 2367 consecuturum,
3050 2312 3103 2359 ct
3129 2319 3159 2357 a
3188 2303 3327 2357 bono
3351 2303 3447 2356 ad-

1855 2399 2057 2470 iutum,
2106 2398 2331 2453 minime
2381 2398 2653 2453 devictum
2712 2396 2872 2469 185
2923 2400 3009 2452 iri.
3062 2398 3231 2451 Primi
3294 2398 3442 2452 enim

1860 2492 2191 2546 athletarum
2217 2491 2341 2547 Jesu
2373 2493 2577 2546 Christi
2631 2494 2843 2547 Domini
2878 2494 3046 2546 nostri
3082 2492 3324 2562 vestigiis
3366 2493 3445 2543 in-

1860 2586 2086 2650 sistens,
2120 2586 2213 2654 qui
2259 2585 2377 2639 sola
2426 2585 2672 2640 bonitate
2720 2601 2817 2639 sua
2843 2602 2966 2639 cum
2996 2587 3187 2641 mortis
3216 2586 3445 2655 imperio

1860 2678 2166 2743 dimicavit,
2194 2678 2440 2732 actiones
2465 2678 2916 2747 substantiasque
2961 2679 3294 2733 deilicationi
3327 2694 3444 2734 sua:

1859 2770 2213 2825 adversantes
2241 2780 2619 2841 prosternens,
2673 2771 2895 2825 Christo
2942 2774 3307 2826 commoritur
3341 2788 3440 2840 per

1860 2865 2128 2933 triplicem
2182 2864 2612 2931 immersionem,
2649 2880 2771 2934 qua:
2818 2865 3084 2919 triduana:
3136 2865 3436 2934 sepultura:

1861 2957 2073 3010 Domini
2111 2956 2337 3026 ﬁguram
2372 2957 2559 3011 refert.
2608 2958 2865 3012 Actiones
2893 2965 3075 3011 autem
3102 2968 3279 3021 vocat,
3307 2972 3440 3025 pec-

1860 3059 1983 3101 cata
2019 3048 2456 3118 cupiditatesqne
2500 3048 2844 3101 turbulentas
2874 3064 2889 3109 ;
2922 3047 3260 3103 substantias
3288 3062 3439 3115 vero,

1860 3141 2167 3195 daemonum
2202 3151 2446 3204 naturas,
2473 3155 2594 3208 qua:
2636 3140 2941 3195 istiusmodi
2967 3139 3163 3207 agendi
3199 3140 3304 3193 vim
3343 3140 3442 3193 ha»

1858 3234 2027 3288 bent:
2061 3234 2322 3301 improbae
2366 3236 2512 3286 enim
2566 3231 2813 3287 actiones
2861 3246 3204 3302 nequaquam
3232 3233 3283 3285 in
3312 3246 3435 3299 pro-

1856 3327 1977 3397 pria
2004 3341 2099 3379 sua
2131 3325 2437 3380 substantia
2462 3326 2741 3381 videntur.

1929 3418 1957 3490 §
1994 3419 2098 3471 VII.
2131 3418 2448 3483 Considera,
2477 3432 2680 3486 quacso,
2716 3418 2816 3471 ista
2843 3429 3210 3480 sacramenta,
3251 3434 3430 3488 quan-

1862 3523 1969 3564 lant
2000 3526 2121 3564 cum
2153 3509 2419 3580 symbolis
2448 3512 2559 3563 suis
2586 3511 2974 3578 proprietatem
3018 3511 3271 3565 habeant.
3295 3510 3429 3565 Cum

1854 3605 1998 3657 enim
2029 3604 2262 3658 innobis
2310 3618 2457 3657 mors
2489 3619 2599 3658 non
2645 3603 2718 3657 sit
2760 3604 3071 3657 ontnimotla
3113 3605 3433 3659 substantia:

1855 3696 2095 3759 abolitio,
2127 3697 2205 3750 uti
2250 3696 2578 3766 quibusdam
2627 3696 2834 3766 placet,
2871 3698 2964 3768 qui
2995 3699 3161 3753 etiam
3193 3700 3430 3755 animam

1855 3790 2139 3844 mortalem
2187 3804 2329 3854 esse,
2385 3791 2774 3859 hominemque
2824 3793 3040 3861 penitus
3085 3793 3151 3846 ad
3200 3793 3428 3847 nihilum

1854 3882 2019 3950 redigi
2044 3891 2098 3936 et
2119 3881 2397 3951 corrumpi
2433 3883 2787 3947 asserebant;
2811 3883 2905 3936 sed
2934 3882 3208 3950 separatio
3233 3882 3433 3939 animae

1850 3989 1878 4027 a
1910 3987 2155 4043 corpore,
2194 3973 2431 4027 animam
2461 3974 2680 4042 quidem
2710 3974 2777 4027 ad
2804 3974 2855 4029 id
2886 3975 3026 4043 quod
3054 3973 3211 4028 nobis
3240 3975 3431 4029 obscu-

1850 4080 1969 4119 rum
2015 4073 2100 4121 est
2143 4066 2351 4120 ducens
2392 4065 2567 4134 (juxta
2623 4067 2766 4135 quod
2816 4066 2978 4120 etiam
3019 4066 3107 4121 ille
3150 4069 3344 4122 anima:
3396 4082 3427 4122 a

1847 4172 2077 4225 corpore
2105 4158 2377 4212 discessus
2412 4156 2548 4229 ᾅδης
2575 4172 2671 4213 seu
2695 4156 2953 4229 infernus,
2981 4157 3033 4212 id
3063 4166 3146 4212 est
3175 4158 3426 4214 obscurus

1846 4248 2067 4319 dicitur)
2098 4264 2296 4317 corpus
2348 4264 2476 4304 vero
2518 4247 2603 4305 vel
2652 4258 2807 4303 terra:
2860 4250 3157 4315 mandans,
3199 4250 3285 4303 vel
3321 4252 3425 4305 alia

1846 4343 2103 4413 quapiam
2147 4343 2418 4411 corporali
2463 4343 2847 4397 immutatione
2879 4343 3121 4397 abolens.
3163 4343 3423 4396 Immuta-

140 4438 247 4501 τὰς
274 4439 361 4500 είς
389 4434 681 4506 σκώληκας
701 4434 796 4487 καὶ
821 4435 900 4497 εἰς
922 4433 1057 4487 ἄλλα
1085 4431 1297 4501 ζωύφια
1330 4433 1747 4504 μεταστοιχειώ-

1864 4434 2032 4487 tiones
2059 4440 2243 4487 autem
2275 4442 2436 4487 vocat
2460 4432 2583 4486 illas
2610 4446 2733 4500 quae
2777 4432 2829 4485 in
2882 4446 3096 4486 vermes
3148 4431 3302 4500 lium,
3334 4433 3418 4487 vel

146 4548 263 4593 σεις
290 4527 390 4583 τοῦ
427 4526 700 4596 σώματος’
724 4525 813 4578 διὰ
839 4524 997 4578 τοῦτο
1036 4526 1070 4595 ὴ
1102 4523 1255 4595 ὑλικὴ
1293 4524 1386 4577 τοῦ
1423 4524 1613 4589 ὕδατος
1638 4527 1739 4580 κά-

143 4622 306 4691 λυψις
329 4621 433 4692 τὴν
459 4618 713 4689 τοιαύτην
735 4618 911 4671 ἀϊδίαν
932 4617 1032 4686 τῆς
1060 4632 1119 4669 τε
1158 4616 1345 4687 ψυχῆς
1374 4618 1468 4670 καὶ
1508 4617 1602 4670 τοῦ
1632 4616 1738 4670 σώ-

146 4730 344 4783 ματος,
377 4711 622 4783 δηλονότι
652 4711 745 4763 τὸν
779 4709 1002 4764 θάνατον
1047 4708 1368 4781 παραδηλοῖ.
1397 4709 1507 4761 Καὶ⁷
1537 4711 1659 4763 ἐπεὶ
1680 4710 1739 4762 ἐν

140 4806 327 4879 τρισὶν
364 4804 623 4876 ἡμέραις,
658 4804 752 4856 καὶ
775 4804 832 4854 ὲν
867 4804 1014 4873 τρισὶ
1054 4802 1201 4866 νυξὶν
1232 4804 1290 4855 ὲν
1325 4805 1390 4873 τῇ
1431 4802 1609 4873 κοιλίᾳ
1637 4804 1733 4873 τῆς

140 4900 245 4970 γῆς
277 4900 310 4951 ὁ
353 4895 658 4967 ζωαρχικὸς
701 4894 907 4967 Ἰησοῦς
946 4894 1149 4965 ἔμεινε,
1188 4893 1275 4947 διὰ
1315 4896 1412 4965 μὲν
1437 4895 1546 4947 τῶν
1570 4893 1735 4965 τριῶν

1848 4522 2055 4579 similes
2095 4523 2151 4576 in
2191 4522 2293 4575 alia
2345 4521 2670 4578 animalcula
2698 4522 2942 4589 corporis
2986 4520 3423 4578 transformatio-

1849 4630 1976 4680 nes;
2028 4615 2288 4682 quocirca
2339 4616 2502 4669 etiam
2556 4614 2744 4670 totalis
2792 4615 2896 4669 ista
2941 4606 3096 4682 aquai
3141 4616 3421 4684 coopertio

1848 4707 2151 4762 istiusmodi
2183 4717 2501 4777 perpetuam
2542 4707 2740 4761 animae
2787 4707 3141 4776 corporisque
3192 4721 3417 4765 mortem

1846 4798 2139 4867 signiﬁcat.
2172 4798 2238 4854 Et
2275 4801 2534 4868 quoniam
2561 4800 2738 4854 tribus
2774 4800 2966 4854 diebus
3002 4815 3067 4855 ac
3114 4800 3287 4855 tribus
3318 4817 3416 4856 no-

1844 4893 2023 4947 ctibus
2053 4891 2215 4947 Jesus
2244 4894 2333 4963 qui
2359 4893 2483 4948 vita:
2525 4895 2780 4963 princeps
2817 4901 2921 4957 est,
2952 4893 3004 4946 in
3037 4902 3227 4948 ventre
3258 4901 3414 4948 terra:

138 4986 499 5045 καταδύσεων
531 4987 589 5039 αἱ
626 4987 777 5057 τρεῖς
822 4984 1016 5048 νύκτες
1063 4984 1530 5056 παραδηλοῦνται·
1567 4982 1658 5037 διὰ
1682 4983 1738 5035 δὲ

1864 4985 2143 5039 permansit
2168 5026 2182 5047 ,
2206 5000 2306 5056 per
2336 4995 2448 5040 tres
2486 4986 2703 5056 quidem
2748 4986 3147 5049 immersiones,
3182 4996 3291 5039 tres
3321 5001 3416 5039 no—

139 5082 249 5136 τῶν
278 5078 457 5152 τριῶν
487 5078 796 5133 ἀναδύσεων
826 5078 882 5130 αῑ
907 5080 1053 5145 τρεῖς
1072 5077 1300 5147 ἡμέραι.

208 5266 241 5338 ς
278 5261 423 5320 VIII.
489 5263 649 5334 Ἑξῆς
698 5262 755 5316 δὲ
793 5261 1055 5331 φωτοειδῆ
1103 5260 1294 5330 ἱμάτια
1336 5261 1365 5311 6
1408 5257 1731 5329 τελούμενος

1843 5086 1993 5140 ctcs,
2026 5091 2122 5146 per
2170 5088 2282 5134 tres
2322 5089 2501 5135 autem
2546 5078 2911 5142 emersioues,
2947 5084 3059 5132 tres
3104 5077 3222 5132 dies
3269 5077 3416 5133 desi-

1838 5178 2092 5236 gnantur.

1907 5257 2083 5329 §\’lll.
2108 5257 2365 5313 Candidis
2393 5256 2589 5313 deinde
2609 5257 2951 5314 vestimentis
2975 5257 3218 5313 initiatus
3244 5257 3413 5313 indui-

141 5361 509 5432 ἀμφιέννυται
543 5357 633 5411 διὰ
663 5356 727 5411 τὸ
768 5356 976 5420 ἀπαθὲς
1018 5356 1112 5408 καὶ
1137 5353 1479 5426 ἁρρύπωτον,
1509 5352 1605 5406 καὶ
1632 5353 1731 5423 τὴν

1864 5365 1946 5415 ur,
1974 5360 2200 5419 propter
2232 5350 2545 5419 passionum
2579 5365 2643 5404 ac
2685 5351 2925 5405 sordium
2963 5349 3326 5412 vacuitatem,
3357 5360 3411 5403 et

144 5452 280 5525 πρὸς
312 5451 377 5504 τὸ
420 5450 479 5502 ἓν
510 5449 627 5519 φῶς
671 5448 971 5510 σύννευσιν,
1023 5446 1144 5501 καθ’
1178 5447 1245 5517 ἣν
1275 5448 1303 5499 6
1332 5445 1577 5517 ῥυπαρὸς
1619 5443 1731 5513 βίος

1867 5458 1954 5496 um
1989 5457 2099 5497 uno
2133 5442 2338 5497 lumine
2376 5444 2828 5508 consensionem,
2869 5457 2965 5511 per
2993 5456 3155 5512 quam
3188 5441 3407 5495 sordida

141 5546 233 5600 καὶ
259 5546 508 5615 ἄκοσμος
554 5542 649 5596 καὶ
689 5539 926 5603 ἁνείδεος
954 5539 1117 5592 οἱονεὶ
1151 5537 1420 5609 δυσειδής,
1445 5535 1586 5606 (οὐδὲ
1614 5535 1724 5607 γὰρ

211 5733 235 5761 ²
262 5724 283 5779 Ι
312 5725 442 5779 Cor.
473 5739 538 5789 η,
569 5723 625 5779 9.
704 5734 729 5762 ι
761 5719 917 5777 Joan.
953 5736 1067 5787 xvi,
1106 5721 1197 5775 53.

1840 5546 1895 5589 ct
1930 5536 2208 5591 immunda
2244 5536 2617 5607 informisque
2643 5537 2753 5592 vita
2784 5535 2938 5607 quasi
2974 5533 3257 5607 diSparuit.
3288 5532 3408 5591 Non
