3874 6228
425 313 531 374 «ιο

1608 317 1667 374 S.
1702 312 2002 373 DIONYSII
2040 314 2509 373 AREOPAGITA‘Z

3579 326 3692 381 120

424 441 586 490 sunt:
619 432 833 489 dixerat
880 431 1051 498 cnim,
1097 432 1206 488 duo
1231 447 1353 489 esse
1383 430 1523 486 mala
1552 432 1833 487 intellectu
1868 448 1992 504 prmi

2110 433 2431 505 ουσιότητα.
2456 435 2527 489 Ἦ
2573 435 2681 507 γὰρ
2723 436 3018 507 ἀφίσταται
3047 452 3133 503 τις
3174 432 3451 496 τοῦθείου
3487 444 3695 514 φωτὸς,

423 526 660 581 ditorum
709 533 933 595 propter
980 526 1261 595 propriam
1314 524 1651 582 libertatem.
1710 523 1808 579 Vel
1858 525 2007 580 enim

423 618 628 673 deserit
662 617 785 688 quis
806 617 1048 673 divinam
1079 617 1283 680 lucem,
1327 615 1412 671 vel
1448 617 1589 685 sapit
1613 630 1778 686 supra
1821 618 2005 673 modu-

422 707 532 762 lum
560 723 739 775 suum,
768 717 823 761 et
848 707 991 778 quod
1029 723 1136 761 uon
1176 706 1431 761 convenit
1463 706 1680 776 quaerit.

498 797 630 871 §1V.
660 798 895 863 Rursus,
920 813 1044 853 cum
1064 797 1306 853 divinum
1334 812 1536 852 numen
1563 797 1636 851 sit
1659 796 1818 868 origo
1843 805 2008 853 rectae

421 888 787 944 ordinationis
838 903 1010 943 sacrae
1064 888 1367 943 secundum
1426 903 1588 958 quam
1622 888 1789 942 etiam
1830 888 2005 959 angeli

422 991 594 1038 semet
637 982 787 1052 ipsos
842 989 1062 1047 norunt,
1092 993 1193 1035 nec
1248 979 1561 1035 inordinate
1619 977 1909 1049 prosiliunt
1935 978 2003 1033 ad

420 1091 485 1131 ea
521 1090 642 1147 quae
665 1090 772 1131 non
807 1075 1023 1139 decent,
1079 1074 1316 1144 primum
1360 1089 1556 1129 munus
1584 1088 1651 1128 ex
1676 1071 1859 1126 divina
1906 1069 2005 1125 do-

420 1171 596 1224 ctrina
629 1169 753 1240 quis
783 1169 1164 1235 consequitur,
1218 1168 1362 1236 quod
1407 1166 1647 1237 seipsum
1702 1170 1917 1227 noscat,
1946 1169 2004 1216 ut

420 1260 550 1315 illud
581 1262 724 1331 quod
757 1262 807 1316 in
836 1261 953 1330 lege
998 1262 1262 1331 scriptum
1303 1268 1388 1315 est
1417 1268 1617 1325 servet,
1647 1258 1854 1311 attende
1901 1254 1999 1308 tibi

418 1352 519 1420 ipsi
559 1366 607 1419 ι,
631 1351 1090 1422 quemadmodum
1115 1353 1277 1406 etiam
1310 1351 1533 1421 Magnus
1576 1348 1812 1403 Basilius
1878 1346 1994 1399 ait:

419 1442 655 1496 Eatenus
681 1444 821 1496 enim
851 1444 921 1497 ad
952 1445 1223 1513 praprium
1262 1453 1471 1496 natura:
1522 1442 1720 1505 lumen,
1745 1440 1851 1493 sive
1872 1453 1998 1491 cun-

420 1536 807 1605 templationem
851 1538 1187 1590 scientiamve
1233 1552 1531 1599 recurrens,
1582 1530 1997 1604 angelosimila—

420 1636 529 1692 tur,
560 1628 648 1696 qui
676 1630 874 1697 seipsos
926 1638 1171 1681 noscunt.
1230 1627 1402 1682 Porro
1430 1628 1520 1697 qui
1552 1628 1794 1695 seipsum
1818 1620 1996 1675 oculis

418 1717 704 1773 affectione
755 1719 943 1774 vacuis
998 1720 1385 1785 considerarit,
1418 1717 1838 1789 profundissima
1871 1711 1995 1782 qui-

2110 524 2145 681 ἒ
2197 526 2527 670 ὑπερφρονεῖ
2580 528 2676 582 τοῦ
2733 530 2993 603 μετρίου,
3024 532 3124 588 καὶ
3152 531 3216 586 τὺ
3256 532 3522 589 ἀνοίκειον
3564 537 3693 590 ἐπι-

2146 633 2242 681 ητε
2273 657 2285 671 .

2146 633 2285 687 ητει.

2184 796 2213 868 §
2240 796 2327 852 IV.
2344 799 2535 863 Πάλιν,
2564 801 2688 854 ἐπεὶ
2711 800 2961 868 εὐταξίας
2974 801 3126 873 ἱερᾶς
3139 801 3283 875 ἀρχὴ
3301 801 3363 856 τὸ
3380 801 3535 856 Θεῖόν
3549 804 3691 867 ἐστι,

2109 890 2232 944 καθ’
2258 891 2327 961 ἢν
2355 892 2449 945 καὶ
2494 893 2543 945 oi
2592 893 2813 961 ἄγγελοι
2850 892 3299 961 ἐπιγινώσκουσιν
3324 895 3567 959 ἑαυτοὺς,
3595 896 3695 949 καὶ

2105 982 2204 1052 ούχ
2257 983 2644 1055 ύπερπηδῶσιν
2686 985 2939 1047 ἀτάκτως
2988 985 3125 1056 πρὸς
3151 984 3222 1039 τά
3252 986 3516 1052 ἀνοίκεια,
3540 986 3697 1057 πρῶ-

2104 1088 2198 1126 τον
2246 1072 2419 1145 δῶρον
2446 1076 2511 1129 ἐκ
2536 1076 2637 1146 τῆς
2682 1075 2834 1141 Θείας
2886 1076 3254 1142 διδασκαλίας,
3295 1080 3490 1133 κτᾶταί
3517 1097 3603 1143 τις
3630 1078 3695 1132 τὺ

2104 1164 2401 1233 ἐπιγνῶναι
2433 1166 2644 1230 ἑαυτὸν,
2687 1166 2777 1220 ῖνα
2796 1166 2858 1219 τὸ
2885 1167 2944 1220 ἐν
2972 1166 3053 1238 τῷ
3076 1167 3225 1238 νόμῳ
3255 1167 3485 1241 φυλάξῃ,
3502 1172 3575 1237 II;
3594 1165 3702 1235 ός-

2100 1274 2203 1325 εχε
2231 1258 2486 1324 σεαυτῷ,
2526 1258 2603 1322 ὡς
2634 1260 2728 1313 καὶ
2758 1260 2788 1313 ό
2806 1258 2996 1329 Μέγας
3020 1260 3123 1333 ἔφη
3153 1261 3430 1327 Βασίλειος
3449 1276 3467 1294 ο
3527 1263 3697 1317 Οὕτω

2102 1349 2214 1416 γὰρ
2257 1348 2402 1415 τέως
2434 1350 2586 1419 πρὸς
2633 1352 2700 1405 τὸ
2743 1352 2965 1406 οἰκεῖον
3009 1352 3122 1421 τῆς
3167 1354 3408 1422 φύσεως
3448 1352 3693 1421 ὁρατὸν,

2100 1440 2295 1510 ἤγουν
2318 1442 2614 1510 θεωρητόν
2640 1444 2679 1511 ἢ
2708 1444 3055 1512 ἐπιστητὸν,
3103 1446 3468 1514 ἀνατρέχων,
3497 1445 3696 1516 μιμεῖ-

2098 1551 2194 1587 ται
2243 1534 2541 1603 ἀγγέλους
2586 1535 2729 1603 τοὺς
2774 1537 3180 1607 γινώσκοντας
3224 1539 3497 1605 ἑαυτούς.
3553 1540 3613 1592 '0
3638 1538 3698 1591 δὲ

2098 1626 2293 1680 ἐαυτὸν
2340 1628 2749 1699 ἀπροσπαθέσιν
2802 1628 2925 1685 ίδὼν
2974 1629 3289 1701 ὀφθαλμοῖς,
3332 1631 3698 1703 ἀποφοιτήσει

2102 1720 2200 1789 μὲν
2230 1720 2339 1773 τῶν
2365 1720 2679 1791 βαθυτάτων
2706 1720 2893 1777 τόπων
2929 1724 3030 1793 τῆς
3078 1724 3372 1793 ἀγνωσίας,
3403 1726 3505 1779 οὑκ
3534 1725 3698 1778 αὐτό-

418 1810 540 1864 dem
574 1810 932 1880 ignoratiouis
982 1810 1097 1865 loca
1130 1810 1369 1881 eli'ugiet,
1419 1826 1525 1864 non
1585 1820 1762 1863 tamen
1794 1822 1891 1877 per
1918 1818 1992 1868 se,

2105 1812 2199 1866 θεν
2228 1814 2308 1877 δὲ,
2341 1812 2478 1867 ἀλλά
2525 1815 2593 1867 δι’
2646 1814 2841 1886 ὁδηγοῦ
2890 1816 2983 1868 καὶ
3031 1815 3310 1885 ἀναδόχου,
3357 1815 3699 1887 ἐπιθυμήσει

418 1903 515 1958 sed
543 1919 637 1973 per
669 1906 860 1959 ducem
898 1919 961 1958 ac
986 1914 1360 1973 susceptorem
1388 1901 1727 1957 desiderabit
1752 1899 1994 1953 divinam

416 1997 916 2066 participationem.
965 1994 1033 2048 Et
1062 2010 1160 2064 per
1194 1994 1501 2049 doctrinam
1559 1993 1780 2062 quidem
1812 1990 1880 2042 ad
1912 1986 1997 2042 sui

418 2088 689 2152 notitiam,
743 2088 964 2142 devenit
1015 2101 1116 2156 per
1163 2088 1514 2155 semetipsum
1558 2084 1625 2138 ad
1678 2083 1759 2138 sui
1792 2080 1998 2152 princi-

417 2184 564 2254 pium
599 2199 615 2247 ;
646 2198 743 2251 per
774 2182 879 2235 hoc
907 2188 1117 2243 autem,
1163 2179 1231 2233 ad
1266 2179 1318 2233 id
1342 2179 1487 2248 quod
1518 2178 1611 2232 illo
1637 2177 1788 2245 prius
1809 2182 1915 2239 est,
1941 2182 2000 2228 et

418 2260 517 2343 per
544 2274 671 2328 illud
698 2275 764 2328 ad
796 2273 1033 2343 primum
1086 2271 1407 2325 adducetur.
1456 2269 1580 2323 Haec
1610 2267 1882 2338 signiﬁcat
1907 2280 1999 2319 ac-

419 2364 670 2420 cedentis
692 2364 958 2419 modestia
991 2363 1425 2431 reverentiaque,
1450 2370 1503 2415 et
1532 2360 1600 2413 ad
1625 2364 1995 2426 susceptorum

417 2456 687 2521 accessio,
738 2456 823 2510 cui
874 2455 1065 2526 utique
1121 2455 1411 2509 character
1473 2450 1830 2520 imprimitur,
1878 2458 1999 2501 tan-

415 2562 581 2619 quam
613 2551 828 2617 signum
876 2547 1048 2617 partis
1086 2545 1423 2601 hereditatis
1462 2544 1516 2598 in
1556 2542 1799 2606 Christo,
1825 2549 1881 2594 et
1916 2539 1998 2594 in-

415 2640 642 2708 scriptio
677 2639 829 2695 ﬁtad
868 2640 1066 2695 bonam
1113 2636 1432 2693 memoriam
1483 2635 1655 2704 ipsius
1702 2646 1767 2687 ac
1811 2644 1996 2687 susce-

416 2731 632 2801 ptoris;
666 2730 837 2800 ipsius
903 2732 1143 2800 quidem,
1218 2714 1481 2796 tanquam
1555 2725 1669 2780 veri
1724 2725 1994 2780 bonorum

417 2821 678 2876 amatoris
709 2837 724 2887 ;
755 2821 1093 2891 susceptoris
1140 2832 1271 2873 vero
1332 2826 1594 2885 tanquam
1616 2812 1858 2870 ductoris
1891 2811 1994 2866 mi-

415 2914 565 2968 nime
590 2912 843 2967 errantis.

486 3003 515 3075 ς
560 3001 626 3060 V.
667 3004 870 3057 Deinde
913 3002 1048 3057 dicit
1090 3001 1159 3056 de
1196 3000 1431 3057 vestium
1472 2995 1831 3067 depositione.
1861 2997 1994 3050 Cum

2100 1905 2199 1975 τῆς
2251 1905 2400 1969 θείας
2462 1905 2889 1976 μεθέξεως.Καὶ
2915 1906 3005 1960 διά
3046 1906 3143 1978 μὲν
3191 1907 3292 1976 τῆς
3343 1906 3698 1972 διδασκαλίας

2099 1998 2193 2051 ἐπὶ
2216 1997 2278 2050 τὸ
2310 1997 2512 2065 γνῶναι
2560 1998 2753 2052 ἐαυτὸν
2808 1998 3071 2069 βαδιεῖται
3121 1998 3193 2051 δι’
3232 1998 3425 2052 ἐαυτοῦ
3468 1998 3566 2051 ἐπὶ
3597 1998 3697 2052 τὸν

2098 2086 2265 2140 αὑτοῦ
2314 2087 2529 2159 πρῶτον
2548 2105 2562 2119 ”
2606 2088 2696 2141 διά
2722 2088 2779 2142 δὲ
2809 2088 2999 2142 τούτου
3026 2090 3117 2142 ἐπὶ
3145 2089 3236 2141 τὸν
3265 2089 3345 2141 ἔτι
3380 2088 3650 2160 πρότερον
3675 2105 3693 2119 ⁸

2100 2178 2197 2232 καὶ
2243 2178 2313 2232 δι’
2356 2179 2566 2232 ἐκείνου
2634 2180 2728 2232 ἐπὶ
2781 2179 2874 2233 τὸν
2929 2179 3236 2251 πρώτιστον
3295 2180 3693 2250 ἀναχθήσεται.

2099 2270 2284 2324 Ταῦτα
2319 2270 2518 2342 δηλοῖὴ
2544 2269 2640 2324 τοῦ
2682 2272 2997 2343 προσιόντος
3024 2269 3441 2341 ἐπιγνωμοσύνη
3483 2273 3579 2324 καὶ
3603 2272 3698 2323 εύ-

2098 2362 2307 2427 λάσεια,
2355 2364 2449 2416 καῖ¹
2474 2364 2507 2434 ή
2535 2362 2671 2433 πρὸς
2720 2363 2813 2417 τὸν
2867 2363 3122 2433 ἀνάδοχον
3169 2362 3449 2433 πρόσοδος,
3488 2355 3534 2430 ᾧ
3562 2364 3631 2434 δὴ
3656 2364 3693 2435 ἡ

2100 2455 2337 2527 σφραγὶς
2372 2454 2593 2517 δίδοται,
2623 2455 2700 2518 ὠς
2733 2456 2959 2525 σημεῖον
2988 2452 3083 2508 τοῦ
3106 2454 3307 2525 κλήρου
3334 2454 3434 2524 τῆς
3458 2456 3519 2507 ἐν
3550 2456 3694 2526 Χρι-

2101 2544 2215 2617 στῷ
2266 2546 2503 2617 μερίδος,
2535 2546 2631 2599 καὶ
2656 2548 2689 2617 ἡ
2717 2545 3010 2617 ἀπογραφὴ
3037 2548 3395 2617 οἰκονομεῖται
3439 2549 3522 2611 είς
3554 2565 3695 2617 μνη-

2100 2638 2331 2709 μόσυνον
2376 2635 2597 2705 ἀγαθῶν
2636 2636 2800 2690 αὐτοῦ
2849 2653 2911 2689 τε
2960 2637 3054 2691 καί
3078 2637 3171 2690 τοῦ
3203 2637 3493 2707 ἀναδόχου·
3521 2639 3693 2691 αὐτοῦ

2101 2729 2221 2799 μὲν,
2256 2728 2332 2791 ώς
2353 2727 2610 2799 ἀληθινοῦ
2636 2727 2747 2780 τῶν
2773 2727 2952 2782 καλῶν
2999 2727 3259 2800 ἐραστοῦ·
3292 2729 3385 2782 τοῦ
3409 2729 3466 2782 δέ
3496 2729 3695 2783 ἀναδό-

2096 2836 2215 2893 χου,
2242 2818 2320 2882 ὡς
2347 2818 2618 2882 ἀπλανοῦς
2638 2818 2854 2890 ὁδηγοῦ.

2168 3010 2198 3083 5
2214 3009 2255 3063 V
2266 3051 2281 3067 .
2300 3009 2577 3063 Ἐντεῦθεν
2591 3008 2739 3078 λέγει
2758 3010 2887 3080 περὶ
2903 3009 3002 3080 τῆς
3015 3008 3383 3073 ἀπεκδύσεως.
3401 3008 3555 3065 Ἐπεὶ
3578 3012 3696 3083 γὰρ

415 3094 563 3148 enim
595 3108 703 3147 non
735 3092 897 3147 liceat
938 3092 1102 3147 alicui
1150 3106 1363 3147 summe
1390 3090 1789 3146 contrariorum
1820 3087 1992 3157 parti—

2100 3104 2196 3157 st'nt
2216 3102 2335 3157 ἐστι
2364 3105 2653 3174 μετασχεῖν
2676 3118 2799 3155 τινα
2821 3100 2929 3155 τῶν
2952 3101 3138 3174 άκρως
3171 3104 3446 3165 ἐναντίων,
3498 3104 3695 3171 ὑγείας

416 3186 590 3255 cipem
620 3186 914 3251 exsistere,
942 3185 1199 3239 sanitatis
1222 3200 1276 3238 v.
1309 3200 1363 3254 g.
1381 3194 1449 3238 'et
1472 3183 1669 3250 morbi,
1696 3192 1752 3238 et
1780 3181 1989 3251 peccati

413 3293 479 3334 ac
503 3278 741 3344 virtutis,
771 3286 825 3333 et
870 3277 1192 3347 ignorantia:
1240 3277 1683 3345 cognitionisque
1714 3275 1834 3340 Dei,
1860 3274 1996 3328 divi-

414 3384 529 3424 sam
549 3369 716 3424 etiam
742 3382 967 3424 necesse
999 3350 1162 3439 184
1190 3368 1263 3422 sit
1289 3368 1490 3422 habere
1528 3368 1693 3421 vitam
1718 3368 1807 3437 qui
1840 3377 1995 3421 utra-

412 3475 520 3531 que
545 3460 918 3531 amplectitur,
965 3469 1368 3530 proptereaque
1413 3459 1645 3517 liberum
1671 3474 1793 3515 esse
1831 3474 1994 3529 opor-

413 3563 526 3609 teat
546 3555 637 3625 qui
664 3554 729 3608 ad
758 3555 986 3609 alteram
1040 3554 1209 3608 vitam
1263 3552 1615 3619 transfertur,
1662 3554 1870 3609 nullum
1911 3553 1995 3607 ai-

411 3648 617 3703 i'ectum
649 3647 936 3702 retinendo
977 3646 1180 3717 prioris
1225 3645 1351 3701 vitae
1379 3660 1395 3711 ;
1425 3645 1628 3700 idcirco
1654 3646 1745 3716 qui
1780 3644 1995 3699 adduci-

412 3749 520 3805 tur,
550 3740 727 3795 nudus
771 3739 1006 3794 sistitur.
1048 3738 1131 3793 Ad
1179 3738 1295 3793 hac
1339 3752 1492 3803 vero,
1518 3738 1778 3807 quoniam
1805 3738 1874 3791 ab
1896 3752 1995 3792 ex-

413 3830 605 3885 tremis
654 3830 1072 3898 minoribusque
1114 3827 1317 3897 prioris
1340 3828 1468 3884 vita:
1494 3827 1870 3884 aﬂectionibus
1894 3832 1991 3884 ab-

410 3922 547 3977 solvi
576 3922 759 3986 debet,
787 3922 853 3975 ad
882 3930 1159 3976 extremos
1202 3937 1373 3991 usque
1420 3922 1587 3991 pedes
1614 3922 1779 3977 totius
1802 3936 1993 3991 corpo-

411 4015 489 4072 ris
515 4015 850 4069 indumentis
893 4014 1114 4069 exuitur
1144 4030 1161 4081 ;
1192 4022 1406 4085 spectat
1431 4026 1618 4069 autem
1644 4014 1714 4069 ad
1738 4014 1993 4069 occiden-

411 4114 543 4173 tem,
568 4105 861 4160 obscurum
893 4104 1044 4159 illum
1084 4103 1285 4172 locum,
1312 4115 1368 4161 et
1401 4105 1799 4161 tenebricosam
1828 4106 1991 4160 mali-

410 4200 548 4253 tiam
575 4198 822 4269 expellit,
855 4198 1191 4267 insitumque
1215 4197 1319 4252 sibi
1349 4196 1701 4268 malignitatis
1746 4199 1990 4253 habitum

409 4292 573 4358 emat,
619 4305 855 4363 eumque
877 4306 908 4345 a
944 4292 1113 4346 corde
1140 4306 1239 4346 suo
1282 4289 1445 4358 ejicit.
1494 4291 1674 4362 Atque
1696 4293 1797 4348 hoc
1827 4294 1991 4349 modo

409 4386 705 4440 universali
732 4384 1208 4439 abrenuntiatione
1237 4382 1379 4439 facta
1408 4384 1478 4439 ad
1505 4387 1772 4441 orientem
1802 4389 1991 4442 tradu-

2097 3196 2341 3267 δηλονότι
2376 3196 2469 3249 καὶ
2516 3195 2695 3259 νόσου,
2750 3194 2843 3247 καὶ
2886 3193 3164 3265 ἁμαρτίας
3212 3195 3309 3247 καὶ
3340 3195 3565 3264 ἀρετῆς,
3590 3196 3697 3249 καὶ

2096 3289 2317 3357 ἀγνοίας
2349 3287 2441 3341 καὶ
2467 3284 2817 3355 θεογνωσίας,
2844 3284 3115 3354 ἐπείτοιγε
3147 3287 3240 3339 καὶ
3264 3287 3527 3357 μεριστὴν
3557 3304 3699 3358 συμ-

2096 3378 2322 3450 ϐήσεται
2347 3380 2491 3451 ἔχειν
2531 3378 2629 3450 τὴν
2660 3377 2806 3449 ζωὴν
2834 3377 2925 3431 τὸν
2958 3379 3052 3430 καὶ
3080 3378 3409 3449 ἀμφοτέρων
3456 3379 3689 3449 ἀντεχός

2098 3490 2278 3544 μενον,
2307 3474 2400 3527 καὶ
2423 3472 2510 3527 διά
2539 3472 2696 3526 τοῦτο
2743 3470 2969 3541 ἄσχετον
3012 3465 3150 3523 εἶναι
3178 3471 3260 3524 δεῖ
3290 3470 3380 3523 τὸν
3406 3471 3543 3541 πρὸς
3565 3473 3697 3525 δευ-

2094 3567 2258 3638 τέραν
2292 3566 2437 3638 ζωὴν
2471 3563 2912 3636 μετατιθέμενον,
2968 3562 3237 3635 μηδεμίαν
3281 3563 3465 3634 σχέσιν
3490 3562 3697 3633 ἔχοντα

2094 3658 2232 3730 πρὸς
2279 3658 2380 3729 τὴν
2434 3656 2708 3729 προτέραν
2758 3657 2924 3728 ζωὴν,
2971 3655 3179 3727 γυμνὸς
3208 3658 3236 3709 ὁ
3270 3656 3695 3726 προσαγόμενος

2095 3751 2329 3803 ἵσταται.
2372 3750 2491 3801 Ἔτι
2522 3748 2598 3811 δὲ,
2628 3748 2749 3800 ἐπεὶ
2776 3749 2871 3801 καὶ
2916 3748 3078 3819 μέχρι
3120 3745 3229 3800 τῶν
3251 3747 3387 3818 πρὸς
3415 3746 3517 3817 τὴν
3549 3764 3695 3817 προ-

2092 3844 2259 3914 τέραν
2288 3842 2431 3913 ζωὴν
2457 3842 2702 3911 ἐσχάτων
2731 3841 2823 3893 καὶ
2869 3840 3208 3911 μικροτέρων
3256 3840 3494 3909 σχέσεων
3530 3840 3695 3908 ὀφεί-

2093 3935 2174 3989 λει
2200 3934 2552 3997 ἀπολύεσθαι,
2580 3934 2673 3986 καὶ
2694 3930 2763 3985 τὰ
2796 3934 2877 3994 είς
2899 3933 3028 3994 τοὺς
3066 3930 3233 3993 πόδας
3256 3930 3383 3993 τοὺς
3415 3930 3693 3999 ἐσχάτους

2092 4028 2213 4082 ὅλου
2235 4026 2329 4080 τοῦ
2356 4025 2604 4097 σώματος
2628 4025 2922 4096 φορήματα
2944 4022 3234 4075 ὑπολύεται
3257 4037 3270 4051 ·
3302 4021 3486 4093 ἀφορᾷ
3509 4022 3567 4074 δὲ
3587 4025 3694 4078 καὶ

2094 4121 2231 4193 πρὸς
2261 4121 2514 4191 δυσμαῖς,
2540 4117 2619 4189 τῷ
2638 4118 2883 4188 ἀλαμπεῖ
2910 4116 3081 4185 τόπῳ,
3112 4114 3209 4169 καὶ⁸
3234 4115 3536 4169 ἀπωθεῖται
3580 4118 3693 4188 τὴν

2091 4212 2318 4282 ἀλαμπῆ
2372 4210 2591 4272 κακίαν,
2639 4210 2733 4263 καὶ
2781 4210 2844 4261 ἐκ
2886 4206 2981 4260 τοῦ
3038 4209 3287 4278 ἐμφυσᾷν
3330 4206 3433 4276 τῆς
3478 4207 3691 4272 κακίας

2090 4303 2187 4374 τὴν
2212 4302 2324 4368 ἐξιν
2359 4300 2598 4361 ἐκπνέει,
2631 4300 2725 4352 καὶ
2753 4298 2860 4352 ἀπὸ
2882 4298 2982 4368 τῆς
3005 4297 3195 4351 ἐαυτοῦ
3228 4298 3455 4368 καρδίας
3482 4299 3691 4354 ἐκϐάλ-

2090 4399 2189 4452 λει.
2222 4398 2331 4451 Καὶ
2371 4396 2543 4459 οὕτως
2585 4394 2779 4457 ὁλικῶς
2825 4392 2923 4464 τὴν
2970 4394 3251 4464 ἀποταγὴν
3287 4395 3685 4465 ποιησάμενος,

408 4479 570 4544 citur,
600 4479 667 4533 ad
692 4478 835 4533 Solis
874 4477 1103 4546 justitite
1146 4484 1362 4542 ortum,
1391 4488 1448 4533 et
1472 4478 1691 4535 totalem
1718 4480 1784 4534 ad
1813 4496 1981 4534 unum

2100 4488 2320 4559 πρὸςὲω
2352 4488 2664 4557 μετάγεται,
2707 4484 2805 4557 τὴν
2857 4485 3121 4557 ἀνατολὴν
3165 4484 3261 4537 τοῦ
3317 4486 3419 4554 τῆς
3471 4485 3691 4540 δικαιο-

409 4572 821 4627 conversionem
881 4570 1371 4641 proﬁteturzcum
1435 4582 1699 4639 prmterea
1753 4571 1984 4625 manife-

410 4674 554 4720 stum
581 4665 673 4730 sit,
722 4643 992 4717 initiatum
1021 4661 1073 4715 in
1116 4661 1468 4715 contentione
1495 4668 1549 4714 et
1574 4676 1750 4731 agone
1775 4662 1981 4715 versari

409 4758 629 4821 debere,
656 4766 714 4810 ut
741 4752 1238 4809 immutabilitatem
1264 4752 1534 4807 obtineat.
1566 4750 1784 4807 Declina
1814 4754 1981 4818 enim,

408 4852 606 4922 inquit,
634 4868 667 4904 a
708 4848 873 4912 malo,
896 4860 944 4903 et
989 4850 1074 4918 [ac
1098 4848 1288 4900 bonum
1314 4849 1391 4901 ι’.
1424 4848 1491 4902 Ει
1540 4848 1734 4903 iterum
1765 4865 1779 4902 :
1827 4848 1983 4903 Beati

406 4947 733 5001 immaculati
762 4950 812 4998 in
831 4947 913 4999 via
934 4946 1025 5015 qui
1051 4944 1321 4998 ambulant
1344 4952 1395 4996 γ.
1424 4941 1632 4997 Bouutu
1660 4946 1803 4997 enim
1832 4952 1981 4999 stare

408 5041 609 5108 nescit,
659 5052 836 5109 neque
901 5038 1063 5094 facile
1108 5048 1192 5092 est
1237 5038 1478 5091 divinum
1533 5051 1778 5091 amorem
1828 5037 1981 5091 cohi-

407 5136 558 5191 bere.

480 5229 508 5301 ᾗ
552 5227 637 5283 Vl.
684 5226 814 5281 Vide
837 5222 1107 5295 quomodo
1133 5222 1235 5277 olei
1269 5222 1591 5277 inunctione
1638 5221 1886 5277 initiatus
1910 5222 1977 5276 ad

405 5322 707 5378 certamina
751 5320 1075 5382 adducatur,
1115 5318 1216 5371 sub
1258 5316 1478 5371 Christo
1505 5315 1819 5371 munerario
1844 5330 1977 5370 con-

404 5416 648 5470 stitutus.
692 5410 1040 5469 Constructio
1086 5409 1202 5463 haec
1224 5418 1308 5463 est
1335 5422 1433 5476 per
1458 5407 1822 5478 hyperbaton,
1853 5423 1977 5462 cer—

406 5511 630 5574 tamina,
655 5508 898 5577 quidem,
925 5514 1114 5576 utpote
1163 5502 1370 5568 divina,
1400 5502 1555 5555 lactus
1602 5503 1972 5571 aggredietur.

403 5600 728 5656 intermedie
767 5611 973 5665 autem,
1021 5612 1143 5653 cum
1193 5594 1564 5649 munerarium
1614 5593 1969 5663 appellaverit

476 5764 544 5817 ι]
580 5762 723 5817 Tim.
748 5777 819 5828 Iv,
853 5760 938 5817 16.
1018 5759 1109 5814 ι⁴1
1146 5759 1290 5817 Petr.
1333 5773 1415 5820 ιιι,
1451 5755 1537 5810 ll.

2092 4579 2257 4651 σύνης
2299 4577 2502 4640 Ἡλίου,
2534 4577 2627 4631 καὶ
2654 4575 2752 4647 τὴν
2786 4574 2926 4646 πρὸς
2955 4574 3018 4628 τὸ
3065 4574 3123 4627 ἓν
3165 4574 3351 4645 όλικὴν
3395 4574 3687 4630 σύννευσιν

2088 4671 2342 4742 ὁμολογεῖ
2360 4686 2373 4699 ο
2400 4670 2559 4723 πάλιν
2587 4669 2709 4722 ἐπεὶ
2744 4666 2902 4737 δῆλόν
2929 4668 3097 4731 ἐστιν,
3124 4666 3199 4730 ὡς
3220 4668 3277 4719 ἐν
3304 4668 3557 4739 συντονίᾳ
3586 4669 3687 4721 καὶ

2090 4763 2260 4833 ἀγῶνι
2282 4764 2364 4815 δεῖ
2392 4758 2529 4815 εἶναι
2570 4761 2660 4815 τὸν
2708 4758 3046 4829 τελούμενον,
3078 4760 3164 4813 ἵνα
3209 4758 3271 4811 τὸ
3317 4758 3685 4814 ἀναλλοίωτον

2091 4854 2210 4926 ἔχῃ.
2254 4856 2578 4908 Ἔκκλινον
2604 4855 2713 4921 γὰρ
2731 4851 2849 4906 ἀπὸ
2872 4851 3080 4916 κακοῦ,
3103 4850 3256 4921 φησὶ,
3287 4851 3384 4904 καὶ
3412 4853 3685 4919 ποίησον

2087 4947 2341 5015 ἀγαθόν·
2386 4946 2480 4998 καὶ
2529 4944 2689 4999 πάλιν
2710 4962 2722 4974 ·
2771 4943 3061 5013 Μακάριοι
3110 4947 3163 4997 οἱ
3191 4944 3413 5012 ἄμωμοι
3439 4943 3510 4995 ἐν
3533 4942 3678 5008 ὀδῷ,

2087 5041 2143 5092 οἱ
2185 5039 2569 5107 πορευόμενοι
2594 5054 2605 5068 ·
2639 5037 2759 5091 οὐδὲ
2811 5038 2919 5109 γὰρ
2959 5038 3143 5091 στάσιν
3196 5032 3303 5089 οἶδε
3340 5035 3400 5088 τὸ
3444 5033 3675 5102 ἀγαθὸν,

2088 5131 2195 5184 οὐδ’
2220 5130 2414 5199 εὐαγές
2441 5147 2570 5182 ποτε
2611 5127 2766 5200 λῆξαι
2790 5130 2881 5183 τὸν
2911 5129 3052 5183 θεῖον
3078 5129 3274 5201 ἔρωτα.

2162 5222 2191 5295 §
2219 5221 2308 5276 Vl.
2339 5224 2481 5294 Ὅρα
2503 5220 2621 5285 πῶς
2644 5220 2732 5275 διὰ
2755 5222 2856 5291 τῆς
2897 5220 2991 5274 τοῦ
3019 5221 3195 5273 ἐλαίου
3249 5220 3479 5291 χρίσεως
3529 5218 3675 5289 πρὸς

2087 5314 2304 5383 ἀγῶνας
2365 5315 2558 5380 ἄγεται
2587 5314 2616 5365 ὁ
2643 5312 2988 5383 τελούμενος,
3011 5311 3131 5366 καθ’
3163 5310 3258 5374 οὒς
3282 5312 3372 5364 ὑπ’
3398 5308 3675 5384 ἀθλοθέτῃ

2081 5405 2303 5479 Χριστῷ
2327 5405 2636 5475 γενόμενος.
2672 5404 2869 5467 Σύνθες
2891 5404 2951 5457 τὸ
2975 5404 3137 5475 ῥητὸν
3162 5402 3285 5456 καθ’
3316 5401 3625 5471 ὑπερϐατόν
3652 5419 3666 5433 ο

2081 5503 2195 5564 τοῖς
2219 5502 2315 5571 μὲν
2341 5498 2566 5568 ἀγῶσιν,
2596 5498 2670 5561 ὡς
2701 5497 2892 5562 θείοις,
2936 5497 3139 5567 χαίρων
3184 5496 3520 5567 ἐπιϐήσεται.
3566 5494 3671 5546 Διὰ

2089 5595 2252 5666 μέσου
2282 5592 2357 5657 δὲ,
2389 5592 2511 5645 ἐπεὶ
2553 5590 2847 5661 ἀθλοθέτην
2902 5590 3127 5646 ἐκάλεσε
3154 5591 3247 5644 τὸν
3276 5590 3477 5661 Κύριον
3504 5588 3669 5659 ἡμῶν

1614 5764 1640 5805 .V
1666 5756 1809 5812 Psal.
1842 5770 2037 5814 C\‘\’Nl.
2083 5756 2134 5811 l.
