3874 6228
169 291 288 354 ιιιι

763 297 851 353 DE
883 298 1165 357 ECCLES.
1201 297 1601 361 HIERABCIL.
1628 295 1782 354 CAP.
1820 296 1887 354 ll.
1921 328 1993 339 —
2025 296 2374 355 PARAPHR.
2408 296 2884 356 PACIIYMERxE.

3346 300 3460 356 422

180 416 412 488 Ἶησηῦν
428 413 663 487 Χριστὸν
689 412 785 467 καὶ
808 412 959 478 Θεὸν,
986 414 1155 485 δηλοῖ,
1182 412 1302 476 πῶς
1328 413 1426 483 μὲν
1455 411 1745 483 ἀθλοθέτης

1876 410 2167 467 Dominum
2213 424 2461 469 nostrum
2504 412 2691 469 Jesum
2738 414 3016 471 Christum
3047 430 3108 469 ac
3140 416 3329 481 Deum,
3359 419 3455 473 dc-

166 512 305 575 πῶς
319 510 382 563 δὲ
408 506 725 578 νομοθέτης,
756 506 874 570 πῶς
906 505 1228 575 στεφοδότης
1252 503 1433 558 καλῶν
1455 505 1547 557 καὶ
1567 502 1774 574 ἀφθάρ-

165 618 291 655 των
323 601 626 668 στεφάνων,
656 597 773 660 πῶς
792 597 847 650 δὲ
875 596 969 650 καὶ
999 595 1421 666 συναγωνιστὴς,
1451 595 1611 648 οἱονεὶ
1635 592 1773 646 ἀλεί-

165 712 326 766 πτης
350 694 523 748 ἐστίν.
557 693 615 747 ’0
642 692 822 746 τοίνυν
880 690 1086 762 Ἰησοῦς
1114 689 1365 762 Χριστὸς,
1410 690 1486 751 ὡς
1514 688 1611 759 μὲν
1639 687 1769 749 Θεὸς

166 786 301 858 (καὶ
346 787 653 858 σημείωσαι
705 784 767 837 τὸ
817 784 978 855 ῥητὸν
1024 781 1168 836 κατά
1226 778 1628 852 νεστοριανῶν,)
1677 779 1771 849 δη-

167 882 438 951 μιουργεί
486 879 587 949 τὴν
632 877 973 939 ἀθλοθεσίαν,
1001 876 1030 926 ὁ
1059 874 1169 946 γάρ
1204 874 1485 945 ὑπερέχων
1536 872 1631 926 καὶ
1680 871 1770 923 δυ-

160 974 436 1043 νάμενος,
494 972 800 1026 ἀθλοθετεῖ’
834 972 910 1034 ὼς
940 971 997 1023 δὲ
1039 970 1202 1038 σοφὸς
1250 968 1550 1039 νομοθετεῖ,
1600 963 1764 1034 σοφοῦ

162 1070 287 1141 γὰρ
315 1072 351 1140 ή
385 1068 695 1139 νομοθεσία,
745 1067 882 1137 ὅπερ
917 1067 1063 1119 ἐστὶν
1106 1066 1154 1117 εί
1195 1062 1338 1115 οὕτω
1393 1061 1553 1131 τυχὸν
1606 1077 1767 1131 περι-

160 1164 470 1233 γενήσεται
497 1162 525 1213 ὁ
558 1159 974 1230 ἀγωνιζόμενος,
1017 1156 1159 1210 οὕτω
1209 1154 1462 1221 τεύξεται
1514 1152 1609 1207 τοῦ
1653 1169 1768 1205 στε-

132 1226 375 1332 ίςράνου,
410 1256 459 1307 εί
491 1255 563 1325 μὴ
587 1226 751 1313 οὕτω,
781 1226 843 1305 τὸ
867 1250 1120 1322 βραδεῖον
1164 1251 1225 1303 ού
1266 1248 1498 1320 λήψεται
1516 1265 1530 1279 ο
1560 1248 1637 1311 ὡς
1665 1263 1767 1299 κα-

158 1348 263 1412 λὸς
293 1348 555 1401 καλλύνει
584 1345 655 1400 τὰ
682 1344 887 1398 ἔπαθλα
908 1361 920 1373 ·
977 1346 1045 1398 Ἀ
1068 1343 1179 1413 γὰρ
1202 1343 1531 1411 ἡτοίμασεν
1556 1344 1590 1395 ὁ
1620 1339 1765 1405 Θεὸς

156 1443 297 1508 τοῖς
322 1439 644 1510 ἀγαπῶσιν
677 1438 885 1501 αὐτὸν,
912 1437 1050 1491 οὔτε
1072 1435 1380 1504 ὀφθαλμὸς
1417 1434 1595 1495 εἶδεν,
1624 1434 1763 1487 οὔτε

158 1534 279 1599 οὖς
304 1533 599 1601 ἤκουσεν,
625 1532 763 1585 οὔτε
794 1531 892 1583 ἐπὶ
918 1529 1172 1598 καρδίαν
1202 1526 1515 1595 ἀνθρώπου
1542 1526 1725 1595 ἀνέϐη
1744 1539 1760 1557 ⁰

157 1628 245 1690 ὡς
269 1627 331 1679 δὲ
363 1626 571 1694 ἀγαθὸς
597 1624 782 1695 βοηθεῖ
828 1624 922 1676 καὶ
955 1621 1397 1690 συναγωνίζεται,
1443 1619 1607 1684 αὐτὸς
1647 1618 1758 1690 γάρ

155 1722 318 1773 ἐστιν
348 1723 381 1774 ὁ
404 1719 611 1788 λέγων·
643 1717 946 1785 Θαρσεῖτε,
996 1715 1111 1785 ἐγὼ
1163 1715 1453 1781 νενίκηκα
1508 1714 1616 1767 τὸν
1659 1713 1760 1765 κό-

153 1825 349 1879 σμον.
382 1809 623 1863 ’Δνωθεν
650 1809 781 1876 γοῦν
829 1807 1054 1879 ῥητέον,
1074 1803 1196 1859 καθ’
1226 1803 1339 1868 οὒς,
1379 1804 1471 1857 ὑπ’
1492 1803 1755 1875 ἀθλοθέτῃ
1789 1795 1829 1849 Β
1857 1811 1913 1849 δε
1942 1805 1966 1831 ²
2002 1813 2015 1849 ε

150 1901 391 1973 Χριστῷ
416 1902 758 1971 γιγνόμενος,
783 1898 1112 1953 ἀποδύσεται
1142 1898 1277 1968 πρὸς
1303 1897 1480 1960 θείους
1511 1898 1748 1965 ἀγῶνας,

151 1996 267 2050 ὑπὸ
288 1994 565 2066 νομοθέτῃ
593 1994 821 2063 ὲμμενεῖ
862 1994 984 2055 ταῖς
1020 1990 1118 2044 τοῦ
1170 1990 1334 2060 σοφοῦ
1388 1989 1748 2060 νομοθεσίαις,

150 2086 265 2139 ὑπὸ
315 2084 474 2154 καλῷ
527 2083 760 2154 βεϐαίως
794 2082 905 2147 ἔξει
932 2082 1020 2136 διά
1042 2082 1111 2137 τὰ
1138 2082 1278 2137 καλά
1306 2082 1534 2145 ἔπαθλα,
1565 2082 1668 2134 ὑπὸ
1694 2082 1750 2135 δὲ

149 2176 355 2247 αγαθῷ
403 2175 763 2248 βοηθούμενος
810 2176 909 2245 οὐχ
958 2174 1337 2247 ἡττηθήσεται.
1390 2173 1614 2238 Ἑπιϐἀς
1643 2172 1751 2243 γάρ

149 2271 270 2332 τοῖς
303 2267 482 2338 ἴχνεσι
508 2268 604 2320 τοῦ
630 2267 847 2339 πρώτου
874 2265 984 2320 τῶν
1010 2264 1258 2337 ἀθλητῶν
1298 2265 1471 2337 Ἰησοῦ
1512 2263 1748 2336 Χριστοῦ

148 2361 252 2412 τοῦ
276 2359 489 2429 Κυρίου
521 2359 698 2431 ἡμῶν,
721 2359 780 2423 ὃς
806 2358 895 2411 διά
926 2359 1094 2430 μόνην
1118 2358 1424 2429 ἀγαθότητα
1454 2358 1587 2411 ἰδίαν
1614 2356 1749 2427 πρὸς

147 2451 218 2503 τὸ
260 2450 365 2504 τοῦ
417 2451 647 2505 θανάτου
710 2451 1013 2519 ἠγωνίσατο
1084 2452 1303 2522 κράτος,
1350 2450 1450 2514 τάς
1501 2449 1748 2513 ἐναντίας

148 2541 310 2610 αὐτῷ
341 2541 483 2612 πρὸς
518 2542 617 2612 τὴν
644 2540 838 2593 θέωσιν
863 2541 1233 2604 ἀποστατικὰς
1260 2540 1540 2612 ἐνεργείας
1564 2556 1622 2592 τε
1654 2539 1748 2592 καὶ

151 2633 430 2703 ὑπάρξεις
459 2633 891 2697 καταπαλαίσας,
918 2632 1347 2704 συναποθνήσκει
1398 2630 1619 2702 Χριστῷ
1659 2629 1748 2683 διὰ

148 2724 258 2794 τῆς
282 2727 512 2797 τριττῆς
532 2725 901 2791 καταδύσεως,
932 2725 1101 2778 τύπον
1133 2724 1362 2795 ἐχούσης
1390 2724 1488 2793 τῆς
1515 2724 1744 2795 τριημέ-

153 2836 254 2888 ρου
306 2818 489 2887 ταφῆς
536 2817 629 2870 τοῦ
675 2818 902 2887 Κυρίου.
964 2817 1274 2888 Ἐνεργείας
1329 2816 1388 2869 δὲ
1434 2814 1581 2883 λέγει
1645 2814 1745 2878 τάς

149 2911 445 2981 ἁμαρτίας
470 2912 562 2963 κα)⁸
585 2910 684 2973 τάς
709 2910 976 2981 ἐμπαθεῖς
1006 2910 1321 2980 ἐπιθυμίας,
1380 2908 1643 2980 ὑπάρξεις
1664 2907 1740 2971 δὲ,

147 3003 255 3067 τὰς
293 3003 507 3056 τούτων
549 3000 908 3073 ὲνεργητικάς
953 3002 1061 3056 τῶν
1108 3001 1375 3071 δαιμόνων
1419 2998 1645 3068 φύσεις·
1688 3000 1741 3050 αἰ

148 3098 263 3169 γὰρ
322 3098 567 3169 πονηραὶ
616 3095 847 3168 πράξεις
903 3096 1002 3149 οὐκ
1051 3097 1110 3149 ὲν
1168 3094 1278 3166 ίδίᾳ
1319 3092 1551 3165 ὑπάρξει
1603 3092 1738 3145 θεω-

150 3206 402 3260 ρουνται.

225 3457 405 3531 §VIL
451 3458 563 3512 Καί
600 3476 691 3530 μοι
719 3458 830 3512 νόει
876 3459 1060 3511 ἐκεῖνα
1104 3456 1174 3510 τά
1220 3454 1342 3528 ἱερά
1372 3456 1503 3526 ὅσην
1548 3453 1742 3507 οἰκειό-

143 3565 287 3622 τητα
340 3552 480 3621 πρὸς
514 3552 689 3605 ταῦτα
722 3551 793 3605 τά
838 3550 1080 3623 σύμϐολα
1112 3550 1344 3620 ἔχουσιν.
1383 3547 1600 3618 Ἐπειδὴ
1632 3546 1740 3617 γὰρ

142 3647 176 3699 ὁ
202 3648 340 3717 παρ’
369 3648 501 3716 ἡμῖν
546 3645 771 3709 θάνατος
804 3646 903 3698 οὐκ
936 3644 1083 3697 ἔστιν
1127 3641 1437 3714 ἀνυπαρξία
1469 3642 1740 3712 παντελὴς

140 3739 292 3793 χιιτά
334 3740 398 3791 τὸ
438 3738 595 3803 δόξαν
633 3738 861 3809 ἑτέροις,
895 3736 1088 3799 οἵτινες
1126 3738 1219 3789 καὶ
1254 3736 1355 3806 τὴν
1386 3734 1564 3804 ψυχὴν
1600 3729 1737 3787 εἶναι

141 3831 354 3901 θνητὴν
381 3832 587 3899 ἔλεγον,
607 3832 701 3883 καὶ
722 3832 803 3893 είς
824 3831 884 3882 τὸ
917 3829 1139 3901 μηδαμῇ
1176 3829 1442 3899 μηδαμῶς
1473 3823 1612 3880 εἶναι
1644 3824 1737 3879 τὸν

140 3929 440 3999 ἄνθρωπον
511 3924 854 3994 φθείρεσθαι·
901 3923 1014 3976 ἀλλ’
1054 3924 1169 3975 ἔστι
1219 3923 1489 3994 διάκρισις
1560 3924 1737 3994 ψυχῆς

138 4021 253 4075 ἀπὸ
292 4018 568 4089 σώματος,
593 4019 694 4088 τὴν
740 4016 839 4087 μὲν
868 4015 1042 4086 ψυχὴν
1077 4017 1156 4079 είς
1188 4016 1248 4068 τὸ
1277 4015 1480 4085 ἀφανὲς
1507 4014 1733 4083 ἄγουσα,

134 4112 316 4183 (κατά
341 4111 499 4162 τοῦτο
528 4108 638 4179 γάρ
667 4108 760 4160 καὶ
794 4107 926 4177 ᾅδης
954 4108 1337 4175 λέγεται,τοῦτ’
1362 4106 1529 4171 ἐστιν,
1555 4111 1583 4161 ὁ
1603 4109 1738 4177 ἀφα-

1875 504 2045 560 clarat
2076 507 2351 575 quomodo
2375 509 2748 571 munerarius.
2776 509 3051 577 quomodo
3079 510 3293 580 legifer,
3319 527 3459 581 quo-

1873 600 2035 653 modo
2077 600 2425 670 pulchrarum
2475 611 2530 656 et
2580 602 2974 658 immortalium
3027 618 3356 659 coronarum
3384 607 3464 661 sit

1872 691 2152 763 elargitor,
2202 694 2476 762 quomodo
2521 696 2689 749 etiam
2734 697 3038 750 commilito
3062 697 3133 751 sit
3180 706 3237 751 et
3282 697 3450 752 veluti

1874 784 2145 839 iuunctor.
2171 784 2329 841 Jesus
2356 786 2541 856 itaque
2564 788 2837 854 Christus,
2869 798 3129 859 tanquam
3157 789 3304 845 Deus
3329 790 3455 860 qui-

1872 877 1995 930 dem
2043 876 2207 948 (quod
2261 879 2490 933 observa
2565 880 2770 934 dictum
2823 890 3014 936 contra
3065 880 3450 953 Nestoriauos)

1872 968 2219 1035 pmmiorum
2270 969 2698 1038 propositionem
2750 970 2991 1025 instituit
3019 990 3032 1026 :
3059 973 3151 1042 qui
3179 976 3326 1027 enim
3354 988 3450 1028 ου-

1870 1060 2173 1127 pereminet
2221 1070 2275 1116 et
2296 1071 2490 1131 potens
2515 1072 2623 1125 est,
2652 1063 2703 1116 is
2724 1064 2950 1132 praemia
3000 1068 3257 1134 proponit
3283 1083 3296 1120 :
3331 1076 3454 1121 tan-

1868 1163 2034 1216 quam
2081 1151 2303 1219 sapiens
2353 1166 2484 1207 vero
2532 1152 2680 1223 leges
2731 1152 2881 1215 fert;
2915 1155 3178 1219 sapientis
3201 1157 3346 1210 enim
3370 1165 3455 1212 est.

1867 1237 2014 1307 leges
2043 1238 2205 1304 ferre,
2236 1248 2296 1294 ut
2323 1241 2367 1295 si
2397 1256 2454 1297 ν.
2478 1255 2530 1310 g.
2576 1241 2681 1295 huc
2728 1243 2890 1296 modo
2914 1243 3133 1297 vincere
3157 1244 3454 1315 contigerit

1867 1341 2188 1393 certantem.
2222 1333 2294 1386 ita
2338 1347 2555 1402 quoque
2604 1350 2863 1388 coronam
2916 1347 3309 1404 consequatur,
3362 1337 3448 1391 sin

1866 1437 2045 1487 secus,
2091 1425 2343 1478 bravium
2392 1440 2615 1493 quoque
2643 1441 2749 1480 non
2775 1426 3151 1494 adipiscatur:
3182 1437 3441 1496 tanquam

1865 1516 2093 1586 pulcher
2142 1527 2323 1571 autem
2377 1518 2603 1586 pulchra
2671 1518 2892 1587 prazmia
2940 1519 3239 1588 proponit:
3286 1534 3451 1589 neque

1864 1610 2001 1661 enim
2044 1608 2227 1663 oculus
2276 1611 2627 1679 vidit,neque
2675 1611 2823 1663 auris
2878 1612 3107 1674 audivit,
3152 1628 3244 1665 nec
3270 1611 3327 1665 in
3358 1628 3441 1665 co:

1864 1701 2089 1754 hominis
2125 1705 2360 1755 ascendit
2392 1719 2507 1772 qua:
2531 1705 2849 1770 prwparavit
2905 1703 3050 1758 Deus
3102 1706 3444 1772 diligentibus

2062 1806 2323 1865 tanquam
2371 1796 2548 1851 bonus
2594 1811 2724 1849 vero
2752 1796 2853 1849 fert
2878 1798 3139 1851 auxilium
3167 1810 3218 1852 et
3245 1814 3414 1868 suppe

1859 1888 1984 1957 tias,
2031 1890 2146 1959 ipse
2195 1891 2339 1945 enim
2394 1901 2478 1945 est
2522 1890 2615 1959 qui
2663 1890 3153 1959 dicit:Conﬁdite,
3206 1909 3300 1961 ego
3334 1893 3436 1947 vici

1854 1984 2115 2037 mundum
2144 1994 2194 2037 tl.
2230 1984 2415 2036 Denuo
2441 1982 2604 2051 igitur
2632 1983 2946 2049 dicendum,
2976 1999 3098 2037 eum
3126 1985 3214 2052 qui
3245 1999 3440 2039 secun-

1855 2073 1982 2127 dum
2004 2075 2105 2129 hos
2131 2075 2231 2129 sub
2270 2073 2491 2128 Christo
2530 2076 2844 2127 munerario
2892 2075 3226 2129 constitutus
3253 2076 3317 2128 ad
3356 2076 3441 2127 tli-

1854 2168 1981 2220 vina
2010 2167 2310 2221 certamina
2355 2178 2552 2221 exutus
2600 2166 2787 2228 fuerit,
2847 2166 2946 2235 qui
3004 2165 3332 2234 lcgislatoris
3350 2182 3439 2219 sa-

1854 2258 2056 2327 pientis
2100 2258 2479 2312 sanctionibus
2527 2258 2838 2315 adhaeserit.
2878 2275 2905 2309 a
2953 2256 3178 2325 pulchro
3222 2271 3438 2325 quoque

1852 2350 2080 2420 pulchra
2108 2350 2337 2420 praemia
2366 2360 2520 2405 certo
2548 2362 2992 2413 consecuturum,
3041 2359 3093 2405 ct
3120 2365 3149 2403 a
3178 2350 3317 2404 bono
3341 2350 3437 2402 atl-

1845 2445 2047 2515 jutum,
2095 2444 2321 2499 minime
2371 2445 2644 2499 devictum
2703 2442 2862 2515 185
2913 2446 3000 2498 iri.
3053 2444 3222 2497 Primi
3285 2445 3432 2498 enim

1850 2537 2181 2592 athletarum
2207 2537 2332 2592 Jesu
2363 2538 2567 2591 Christi
2621 2540 2833 2593 Domini
2868 2541 3037 2592 nostri
3072 2538 3315 2608 vestigiis
3356 2540 3436 2590 in-

1850 2632 2076 2695 sistens,
2110 2632 2202 2700 qui
2249 2631 2367 2685 sola
2417 2631 2662 2686 bonitate
2710 2648 2806 2686 sua
2833 2648 2955 2685 cum
2986 2634 3177 2687 mortis
3206 2633 3436 2701 imperio

1850 2723 2156 2789 dimicavit,
2184 2724 2430 2778 actiones
2455 2725 2906 2794 substantiasque
2952 2725 3284 2780 tleilicationi
3317 2740 3434 2780 sua:

1849 2816 2202 2871 adversantes
2231 2826 2609 2887 prosternens,
2662 2818 2885 2872 Chrisw
2932 2820 3296 2872 commoritnr
3331 2835 3430 2887 per

1850 2910 2118 2979 triplicem
2173 2910 2602 2978 immersionem,
2639 2926 2760 2980 qua:
2809 2911 3074 2965 triduana:
3126 2911 3426 2981 sepultura:

1851 3002 2062 3056 Domini
2101 3002 2327 3071 ﬁguram
2362 3003 2549 3057 refert.
2598 3004 2854 3058 Actiones
2883 3012 3065 3057 autem
3092 3014 3269 3067 vocat,
3297 3019 3430 3071 pec-

1849 3105 1971 3147 cata
2008 3095 2445 3164 cupiditatesque
2489 3094 2834 3148 turbulentas
2863 3110 2879 3156 ξ
2912 3094 3250 3149 substantias
3278 3109 3429 3161 vero,

1849 3187 2157 3240 daemonum
2192 3197 2435 3249 naturas,
2462 3202 2583 3255 quae
2626 3187 2930 3241 istiusmodi
2957 3186 3153 3255 agendi
3188 3186 3294 3239 vim
3333 3187 3431 3240 ha»

1848 3280 2017 3334 bent:
2051 3280 2312 3347 improba:
2355 3282 2502 3332 enim
2555 3277 2802 3333 actiones
2851 3294 3194 3349 nequaquam
3221 3280 3273 3331 iu
3301 3293 3425 3346 pro-

1845 3373 1966 3442 pria
1993 3387 2089 3425 sua
2121 3371 2427 3426 substantia
2452 3372 2729 3428 videntur.

1918 3464 1946 3536 §
1984 3465 2087 3517 νη.
2120 3464 2437 3529 Considera,
2467 3478 2669 3531 quaeso,
2706 3464 2805 3517 ista
2832 3475 3200 3527 sacramenta,
3240 3480 3419 3534 quan-

1851 3568 1957 3609 lum
1989 3572 2111 3610 cum
2143 3555 2408 3626 symbolis
2437 3558 2548 3610 suis
2576 3557 2963 3625 proprietatem
3006 3557 3261 3611 habeant.
3284 3557 3419 3611 Cum

1843 3651 1987 3703 enim
2018 3650 2072 3703 in
2097 3649 2251 3704 nobis
2299 3663 2446 3703 mors
2478 3665 2588 3703 non
2634 3649 2706 3703 sit
2748 3651 3061 3704 omnimoda
3102 3651 3422 3705 substantiae

1843 3742 2084 3805 abolitio,
2116 3743 2194 3796 uti
2239 3742 2567 3812 quihusdam
2616 3742 2822 3812 placet,
2860 3745 2953 3814 qui
2984 3746 3150 3799 etiam
3182 3746 3419 3802 animam

1844 3836 2128 3889 mortalem
2175 3850 2317 3900 esse,
2374 3837 2763 3905 hominemque
2814 3840 3029 3907 penitus
3074 3840 3140 3893 ad
3190 3840 3417 3894 nihilum

1842 3928 2007 3996 redigi
2032 3937 2086 3982 et
2108 3927 2385 3997 corrumpi
2422 3929 2776 3993 asserebant;
2800 3929 2893 3982 sed
2923 3928 3197 3997 separatio
3223 3929 3421 3986 anima

1838 4035 1867 4072 a
1899 4032 2143 4089 corpore,
2183 4019 2420 4073 animam
2450 4020 2669 4088 quidem
2699 4021 2766 4074 ad
2793 4020 2844 4075 id
2875 4022 3015 4090 quod
3043 4020 3201 4075 nobis
3229 4022 3420 4076 obscu-

1839 4126 1957 4165 rum
2004 4119 2088 4167 est
2132 4111 2339 4165 ducens
2381 4111 2555 4181 (juxta
2612 4114 2754 4182 quod
2804 4113 2967 4166 etiam
3008 4113 3096 4167 ille
3138 4116 3333 4168 animm
3385 4129 3416 4169 a

138 4207 238 4277 νὴς
269 4204 557 4275 χωρισμὸς
582 4203 758 4273 ψυχῆς
779 4202 887 4256 ἀπὸ
920 4201 1214 4272 σώματος,)
1239 4201 1299 4253 τὸ
1327 4200 1485 4272 σῶμα
1508 4202 1563 4255 δὲ
1592 4202 1625 4272 ἢ
1655 4205 1735 4266 εἰς

1854 4218 2066 4272 :orpore
2093 4204 2365 4258 discessus
2401 4203 2537 4275 ᾅδης
2564 4219 2660 4260 seu
2684 4203 2942 4275 infernus,
2971 4204 3022 4259 id
3052 4213 3134 4259 est
3164 4205 3415 4260 obscurus

134 4299 245 4368 γῆν
280 4296 752 4367 παραπέμπουσα,
779 4295 812 4365 ἢ
843 4294 939 4347 καὶ
965 4294 1085 4347 καθ’
1108 4294 1300 4364 ἑτέραν
1331 4293 1453 4346 τινὰ
1476 4293 1587 4347 τῶν
1627 4311 1733 4347 σω·-

1835 4294 2055 4365 dicitur)
2086 4309 2285 4363 corpus
2336 4310 2466 4350 vero
2506 4293 2591 4352 vel
2640 4305 2795 4350 terrae
2849 4297 3145 4363 mandans,
3188 4297 3273 4349 vel
3310 4299 3413 4351 alia

140 4388 396 4461 ματικῶν
423 4386 759 4441 ἀλλοιώσεων
790 4384 1143 4454 ἀφανίζουσα,
1188 4385 1519 4448 Ἀλλοιὼσεις
1538 4386 1595 4438 δὲ
1624 4387 1732 4440 νόει

1854 4389 2091 4458 luapiatn
2135 4388 2406 4458 corporali
2452 4390 2835 4443 immutatione
2868 4390 3110 4444 abolens.
3152 4389 3412 4443 Immuta-

132 4483 239 4546 τὰς
266 4483 351 4544 εἰς
380 4479 670 4551 σκώληκας
690 4480 785 4532 καὶ
810 4480 890 4542 εἰς
911 4478 1045 4532 ἄλλα
1073 4477 1285 4547 ζωΰφια
1318 4479 1735 4549 μεταστοιχειώ-

1854 4480 2021 4533 tiones
2047 4487 2231 4533 autem
2263 4489 2425 4534 vocat
2449 4478 2572 4532 illas
2599 4492 2722 4547 quae
2766 4480 2818 4533 in
2870 4494 3085 4533 vermes
3136 4478 3291 4547 fiunt,
3323 4480 3407 4534 vel

137 4591 255 4638 σεις
282 4572 380 4627 τοῦ
418 4571 688 4641 σώματος·
713 4571 802 4623 διά
828 4569 986 4623 τοῦτο
1025 4572 1058 4640 ἡ
1090 4568 1243 4640 ὁλικὴ
1280 4570 1374 4623 τοῦ
1411 4570 1601 4635 ὕδατος
1626 4573 1727 4625 κά-

133 4667 299 4736 λυψις
321 4665 423 4737 τὴν
449 4663 702 4733 τοιαύτην
724 4663 899 4716 ἀϊδίαν
920 4662 1021 4731 τῆς
1048 4678 1107 4715 τε
1146 4661 1324 4732 ψυχῆς
1363 4664 1456 4715 καὶ
1496 4662 1590 4716 τοῦ
1620 4662 1727 4716 σώ-

136 4773 336 4828 ματος,
368 4756 611 4827 δηλονότι
642 4755 733 4807 τὸν
767 4754 991 4809 θάνατον
1036 4754 1356 4825 παραδηλοῖ.
1385 4754 1494 4807 Καὶ
1525 4756 1647 4808 ἐπεὶ
1667 4756 1727 4809 ὲν

1836 4569 2044 4624 similes
2084 4568 2139 4623 in
2178 4568 2282 4621 alia
2333 4568 2659 4624 animalcula
2686 4569 2930 4636 corporis
2974 4567 3411 4625 transformatio-

1838 4677 1964 4725 nes;
2016 4662 2276 4729 quocirca
2327 4662 2491 4715 etiam
2546 4661 2732 4717 totalis
2780 4662 2885 4716 ista
2929 4652 3084 4729 aquae
3130 4663 3410 4731 eoopertio

1836 4754 2139 4808 istiusmodi
2171 4763 2489 4823 perpetuam
2531 4754 2728 4807 animae
2776 4753 3130 4823 c0rporisque
3179 4768 3406 4811 mortem

131 4850 320 4922 τρισὶν
354 4849 612 4920 ἡμέραις,
646 4849 741 4901 καὶ
764 4849 820 4899 ὲν
855 4848 1003 4919 τρισὶ
1043 4846 1189 4911 νυξὶν
1220 4849 1279 4901 ὲν
1313 4851 1378 4919 τῇ
1418 4848 1597 4919 κοιλίᾳ
1624 4849 1721 4919 τῆς

1854 4844 2127 4913 significat.
2160 4844 2226 4900 Et
2263 4847 2522 4914 quoniam
2551 4847 2727 4901 tribus
2762 4846 2955 4901 diebus
2990 4862 3055 4901 ac
3102 4847 3275 4902 tribus
3307 4864 3404 4903 no-

128 4944 237 5014 γῆς
269 4944 303 4995 ὁ
344 4940 646 5012 ζωαρχικὸς
689 4939 895 5012 Ἰησοῦς
934 4938 1137 5010 ἔμεινε,
1176 4938 1263 4993 διὰ
1303 4941 1399 5011 μὲν
1424 4941 1534 4993 τῶν
1557 4939 1723 5011 τριῶν

1854 4939 2011 4993 :tibus
2041 4937 2203 4994 Jesus
2232 4940 2322 5009 qui
2348 4940 2472 4994 vitae
2514 4942 2769 5009 princeps
2805 4948 2909 5003 est,
2940 4939 2993 4993 in
3026 4949 3215 4995 ventre
3246 4949 3402 4995 terra:

129 5030 487 5089 καταδύσεων
520 5032 578 5084 αἱ
615 5032 765 5102 τρεῖς
810 5030 1005 5093 νύκτες
1051 5030 1517 5102 παραδηλοῦνται·
1555 5029 1646 5082 διὰ
1670 5029 1726 5081 δὲ

1854 5031 2131 5085 permansit
2155 5071 2171 5093 ,
2194 5046 2295 5102 per
2324 5040 2436 5087 tres
2474 5033 2691 5102 quidem
2736 5032 3135 5095 immersiones,
3170 5043 3280 5086 tres
3309 5047 3405 5085 nn-

129 5127 241 5180 τῶν
271 5123 446 5196 τριῶν
476 5123 784 5178 ἀναδύσεων
814 5123 870 5175 al
894 5124 1041 5191 τρεῖς
1061 5122 1288 5192 ἡμέραι.

200 5310 233 5381 ς
272 5305 414 5363 VIII.
478 5307 637 5378 Ἑξῆς
686 5307 743 5361 δὲ
781 5306 1043 5377 φωτοειδῆ
1092 5305 1281 5375 ἱμάτια
1324 5307 1353 5357 ὁ
1396 5303 1718 5375 τελούμενος

1831 5133 1981 5185 ctcs.
2014 5138 2110 5192 per
2158 5134 2270 5181 tres
2310 5135 2489 5182 autem
2535 5124 2899 5189 emersiones,
2935 5131 3046 5179 tres
3092 5124 3210 5179 dies
3257 5124 3404 5180 desi-

1825 5224 2080 5282 gnantur.

1895 5302 2071 5375 §Vlll.
2096 5303 2353 5359 Candidis
2381 5304 2577 5360 deinde
2598 5304 2940 5361 vestimentis
2963 5303 3205 5359 initiatus
3232 5304 3401 5359 indui-

130 5405 499 5476 ἀμφιέννυται
533 5402 622 5455 διὰ
652 5401 715 5456 τὸ
756 5401 964 5465 ἀπαθὲς
1007 5401 1100 5453 καὶ
1125 5400 1466 5471 ἀρῤύπωτον,
1497 5398 1593 5452 καὶ
1619 5399 1718 5468 τὴν

1854 5411 1934 5461 ur,
1962 5406 2188 5465 propter
2220 5396 2533 5465 passionum
2566 5412 2631 5450 ac
2672 5398 2913 5452 sordium
2952 5396 3314 5459 vacuitatem,
3345 5406 3399 5449 et

132 5496 272 5569 πρὸς
304 5494 367 5548 τὸ
412 5494 469 5547 ἓν
500 5494 617 5563 φῶς
659 5493 960 5554 σύννευσιν,
1010 5492 1132 5546 καθ’
1166 5493 1233 5563 ἢν
1262 5494 1290 5544 ὁ
1319 5490 1564 5561 ῥυπαρὸς
1606 5489 1718 5559 βίος

129 5590 224 5644 καὶ
252 5589 499 5659 ἄκοσμος
543 5587 637 5640 καὶ
676 5584 914 5648 ἁνείδεος
942 5584 1105 5637 οἱονεὶ
1138 5582 1406 5654 δυσειδής,
1433 5581 1573 5651 (οὐδὲ
1602 5581 1711 5653 γὰρ

62 5752 107 5772 ’“”’
202 5777 225 5804 ι
252 5767 274 5822 ι
304 5768 433 5822 Cor.
464 5783 529 5833 η,
559 5767 615 5823 9.
693 5778 718 5806 α
750 5764 905 5821 Joan.
941 5781 1054 5831 xvi,
1094 5766 1184 5821 55.

1820 5505 1941 5542 cum
1977 5504 2087 5543 uno
2121 5489 2325 5544 lumine
2363 5491 2815 5555 consensionem,
2857 5503 2952 5558 per
2980 5504 3143 5558 quam
3176 5488 3395 5542 sordida

1827 5592 1882 5636 et
1918 5582 2195 5638 immunda
2232 5582 2605 5654 .informisque
2631 5584 2741 5638 vita
2772 5582 2926 5653 quasi
2962 5580 3245 5654 disparuit.
3277 5579 3396 5638 Non
