3874 6228
189 313 311 370 425

1224 314 1310 371 DE
1343 313 1621 371 ECCLES.
1660 310 2063 377 lllERARCH.,
2107 309 2260 367 CAP.
2304 309 2387 365 Ill.

3329 307 3433 364 49.6

186 427 683 501 τελεσιουργούσης
715 427 877 483 αὐτοῦ
908 430 1007 503 τὴν
1046 431 1182 504 πρὸς
1214 432 1344 487 Θεὸν
1384 432 1686 485 κοινωνίαν.
1712 433 1766 484 El

1882 428 2145 483 mantinm
2189 426 2571 495 mysteriorum
2610 425 2751 479 dono
2786 425 3021 480 divinam
3058 424 3159 494 ipSI
3191 424 3434 478 conferat

186 523 381 574 τοίνυν
420 523 626 591 ἑκάστη
668 522 777 574 τῶν
820 524 1147 594 ίεραρχικῶν
1172 525 1423 588 τελετῶν,
1448 526 1641 596 ἀτελὴς
1675 524 1775 595 μὲν

186 608 335 665 οὖσα
356 613 423 673 ⁸⁸,
441 612 539 683 τὴν
560 612 696 683 πρὸς
717 612 775 664 τὸ
796 611 852 665 ἓν
874 613 1030 683 ήμῶν
1055 616 1336 667 κοινωνίαν
1363 617 1454 669 καὶ
1476 616 1689 681 σύναξιν
1714 618 1772 669 οὐ

187 705 660 775 τελεσιουργήσει,
683 705 776 756 καὶ
794 705 853 757 τὸ
877 701 1014 758 εἶναι
1032 705 1219 777 τελετὴ
1244 707 1328 759 διὰ
1344 708 1403 760 τὸ
1425 708 1705 760 ἀτέλεστον
1730 710 1770 739 ⁶¹

190 796 527 866 ἀφῃρημένη
547 813 559 825 ·
588 796 650 848 τὸ
679 796 736 848 δὲ
776 798 927 859 τέλος
953 798 1169 869 ἀπάσης
1191 800 1234 830 θ’
1254 800 1346 852 καὶ
1387 799 1447 852 τὸ
1486 800 1774 868 κεφάλαιον

186 892 225 959 ἡ
270 888 383 941 τῶν
428 888 732 960 θεαρχικῶν
781 891 1091 962 μυστηρίων
1138 892 1214 963 τῷ
1252 893 1556 964 τελουμένῳ
1608 894 1773 964 μετά-

188 980 366 1043 δοσις,
400 982 621 1043 εἰκότως
651 982 684 1050 ἠ
712 982 996 1053 ίεραρχικὴ
1032 982 1242 1046 σύνεσις
1288 985 1600 1055 ἐπωνυμίαν
1636 987 1771 1057 αὐτῇ

189 1076 395 1146 κυρίαν
423 1078 489 1129 ὲκ
529 1077 626 1146 τῆς
658 1075 765 1129 τῶν
819 1079 1160 1147 πραγμάτων
1212 1078 1465 1149 ἀληθείας
1514 1078 1770 1150 ἐφεῦρεν·

188 1166 345 1219 οὕτω
378 1167 443 1238 δὴ
500 1168 593 1220 καὶ
645 1167 743 1238 τὴν
785 1168 938 1239 ἱερὰν
986 1168 1085 1237 τῆς
1140 1168 1477 1237 θεογενεσίας
1521 1170 1768 1240 τελετὴν,

188 1256 388 1326 ἐπειδὴ
418 1256 633 1327 πρώτου
675 1257 848 1325 φωτὸς
882 1256 1225 1325 μεταδίδωσι,
1267 1258 1360 1310 καὶ
1404 1256 1591 1310 πασῶν
1629 1258 1773 1308 ἐστιν

189 1346 346 1416 ἀρχὴ
387 1345 496 1397 τῶν
543 1345 701 1397 θείων
748 1344 1151 1414 φωταγωγιῶν,
1200 1346 1263 1399 ὲκ
1310 1345 1402 1397 τοῦ
1452 1345 1771 1414 τελουμένου

188 1435 295 1506 τὴν
327 1435 501 1506 ἀληθῆ
540 1434 635 1487 τοῦ
668 1436 1011 1507 φωτίσματος
1040 1436 1351 1506 ἐπωνυμίαν
1392 1435 1684 1506 ὑμνοῦμεν.
1710 1437 1772 1489 Εἰ

189 1525 309 1598 γὰρ
356 1528 450 1580 καὶ
482 1529 615 1580 πᾶσι
662 1527 839 1580 κοινὸν
887 1532 997 1591 τοῖς
1045 1529 1373 1599 ἱεραρχικοίς
1403 1529 1447 1560 ⁵³
1488 1528 1549 1580 τὸ
1595 1528 1771 1596 φωτὸς

192 1617 353 1690 ἱεροῦ
407 1619 739 1689 μεταδιδόναι
790 1622 901 1682 τοῖς
948 1619 1323 1689 τελουμένοις,
1375 1618 1487 1673 ἀλλ’
1530 1619 1665 1691 αὕτη
1712 1620 1773 1673 τὸ

191 1708 435 1780 πρώτως
474 1710 673 1782 ⁸⁸,ίδεῖν
708 1710 1019 1781 ἐδωρήσατό
1055 1727 1162 1781 μοι,
1200 1711 1291 1763 καὶ
1334 1709 1421 1763 διά
1447 1709 1539 1762 τοῦ
1570 1710 1770 1781 ταύτης

1879 521 2336 577 communionem.
2373 518 2572 583 Quare,
2612 517 2655 570 si
2687 518 2935 586 quaelibet
2966 516 3431 570 ltierarchicarnm

1876 612 2353 668 consecrationum
2385 610 2699 676 imperfecta
2731 617 2931 671 manet,
2964 610 3088 661 dum
3120 608 3287 660 nostri
3310 622 3434 661 cum

1877 702 1968 756 illo
1988 716 2095 756 uno
2124 700 2552 755 communionem
2579 699 2939 765 uninnemque
2967 712 3071 750 non
3094 698 3305 765 perficit
3332 697 3434 753 hoc

1876 794 1994 862 ipso
2024 792 2163 861 quod
2185 805 2287 844 non
2312 790 2612 859 perﬁcitur,
2649 788 2958 858 perﬁciendi
2989 787 3096 840 vim
3141 789 3432 853 amittens;

1874 884 1998 938 ﬁnis
2022 892 2197 937 autem
2218 882 2460 936 omnium
2478 891 2558 933 est
2577 890 2626 932 et
2647 890 2826 948 caput,
2845 888 2900 931 ut
2919 894 3037 932 enm
3057 880 3146 948 qui
3169 880 3433 943 initiatur,

1873 978 2273 1046 praecipuorum
2319 974 2411 1029 Dei
2446 974 2824 1043 mysteriorum
2862 974 3176 1042 participem
3216 972 3433 1040 efﬁciat,

1875 1068 2000 1138 jure
2032 1068 2226 1121 merito
2284 1065 2607 1135 pontiﬁcalis
2659 1065 2884 1117 scientia
2937 1066 3214 1133 proprium
3268 1064 3343 1119 illi
3402 1080 3433 1118 a

1876 1173 2055 1212 rerum
2080 1158 2306 1212 veritate
2326 1170 2519 1209 nomen
2540 1156 2817 1208 adinvenit
2843 1172 2854 1207 :
2885 1155 2955 1207 ita
2974 1170 3191 1224 quoque
3214 1170 3430 1210 sacram

1875 1250 2068 1304 divina:
2116 1246 2539 1317 regenerationis
2574 1245 2964 1308 initiationem,
3015 1249 3156 1315 quod
3204 1247 3431 1315 primam

1874 1342 2047 1396 lucem
2092 1340 2355 1404 conferat,
2390 1338 2741 1406 omniumque
2779 1338 3082 1392 divinarum
3117 1338 3436 1394 illustratio-

1875 1448 2001 1486 num
2020 1432 2341 1502 principium
2364 1429 2597 1488 existat.
2615 1443 2680 1482 ex
2699 1427 2889 1483 cﬁ‘ectu
2910 1444 3037 1484 vero
3058 1429 3435 1485 illustratioais

1876 1529 2091 1578 nomine
2140 1523 2501 1577 celebramus.
2565 1522 2824 1588 Quamvis
2877 1522 3023 1574 enim
3090 1522 3254 1575 etiam
3317 1522 3436 1577 aliis

1876 1612 2235 1667 bierarchicis
2290 1612 2663 1665 [unctionibus
2715 1626 3001 1665 commune
3052 1612 3144 1676 sit,
3194 1627 3288 1667 eos
3341 1614 3434 1682 qui

1880 1704 2165 1757 initiantur
2216 1719 2385 1758 sacra:
2432 1704 2570 1757 lucis
2618 1712 2900 1756 consortes
2951 1702 3163 1769 facere;
3197 1714 3434 1759 attamen

189 1774 574 1872 ἀρχικωτάτου
605 1802 777 1872 φωτὸς
920 1803 1020 1874 τὴν
1054 1774 1162 1855 τῶν
1197 1802 1239 1833 ⁸⁵
1266 1798 1438 1853 ἄλλων
1461 1802 1623 1873 ίερῶν
1644 1774 1766 1856 ὲπο-

1873 1796 1989 1850 haec
2016 1795 2106 1849 illa
2161 1805 2245 1849 est
2288 1810 2406 1863 quae
2446 1796 2676 1863 primum
2728 1794 2855 1847 mihi
2892 1794 3065 1847 visum
3115 1795 3431 1865 impertivit,

186 1893 331 1961 ψίαν
362 1894 803 1966 φωταγωγοῦμαι
851 1897 915 1948 ⁸⁸.
958 1895 1139 1949 Ταῦτα
1163 1896 1219 1949 δὲ
1248 1896 1511 1959 εἰπόντες,
1544 1896 1774 1949 ἀνασκε-

185 1984 429 2055 ψώμεθα
456 1987 548 2038 καὶ
577 1985 877 2057 κατίδωμεν
918 1987 1244 2058 ἱεραρχικῶς
1274 1987 1371 2058 τὴν
1402 1987 1519 2040 καθ’
1547 1988 1772 2041 ἕκαστον

188 2073 403 2145 ἀκριϐῆ
434 2074 533 2145 τῆς
573 2075 881 2146 ἁγιωτάτης
914 2075 1136 2146 τελετῆς
1168 2075 1477 2148 ἱερουργίαν
1511 2076 1604 2129 καὶ
1638 2075 1774 2129 θεω-

191 2182 343 2236 ριαν.

264 2360 337 2415 ΙΙ.
375 2362 726 2429 Μυστήριον
755 2363 1085 2433 συνάξεως,
1126 2367 1328 2422 εἶτουν
1372 2373 1700 2439 κοινωνίας.

278 2476 341 2526 'U
371 2475 473 2545 μὲν
497 2477 775 2548 ίεράρχης,
808 2479 970 2551 εὐχὴν
1003 2480 1153 2552 ἱερὰν
1180 2482 1272 2535 ἐπὶ
1295 2483 1388 2536 τοῦ
1416 2484 1557 2538 θείου
1585 2486 1769 2541 θυσια-

191 2568 423 2638 στηρίου
472 2568 724 2633 τελέσας,
774 2569 832 2636 ἐξ
866 2570 1028 2623 αὑτοῦ
1080 2572 1173 2625 τοῦ
1205 2573 1401 2646 θυμιᾷν
1448 2576 1768 2648 ἀρξάμενος,

186 2660 289 2712 ἐπὶ
325 2661 505 2712 πᾶσαν
537 2660 754 2730 ἔρχεται
782 2661 881 2732 τὴν
909 2663 1002 2715 τοῦ
1033 2665 1178 2736 ἱεροῦ
1210 2667 1388 2738 χωροῦ
1412 2668 1453 2700 ⁸⁷
1486 2678 1765 2742 περιοχὴν·

190 2752 472 2815 ἀναλύσας
505 2752 563 2804 δὲ
587 2752 748 2806 πάλιν
777 2755 869 2806 ἐπὶ
894 2755 954 2807 τὸ
986 2756 1127 2809 θεῖον
1166 2757 1562 2832 θυσιαστήριον,
1590 2763 1768 2835 ἀπάρ-

188 2862 350 2915 χεται
380 2845 480 2914 τῆς
512 2846 661 2914 ἱερᾶς
690 2844 798 2897 τῶν
830 2847 1058 2919 ψαλμῶν
1102 2849 1386 2919 μελῳδίας,
1439 2854 1769 2925 συνᾳδούσης

188 2937 346 3006 αὑτῷ
375 2939 479 3007 τὴν
506 2937 786 3009 ψαλμικὴν
816 2940 861 2972 ⁸⁸
890 2941 1187 3011 ίερολογίαν
1212 2943 1428 3014 ἀπάσης
1449 2944 1549 3013 τῆς
1569 2947 1763 3018 ἐκκλη-

191 3029 484 3099 σιαπικῆς
499 3029 925 3102 διακοσμήσεως.
944 3032 1099 3103 Ἑξῆς
1118 3034 1173 3085 δὲ
1207 3033 1294 3086 διὰ
1317 3034 1423 3087 τῶν
1444 3034 1765 3109 λειτουργῶν

1874 1902 2078 1956 perque
2142 1886 2284 1939 illius
2337 1884 2511 1940 lucem
2582 1885 3035 1954 principaliorem
3098 1887 3167 1940 ad
3241 1898 3435 1942 caetera

1874 1992 2091 2047 quoque
2140 1992 2297 2031 sacra
2358 1976 2661 2029 contnenda
2725 1974 2908 2030 lumen
2962 1976 3191 2046 accipio.
3241 1975 3336 2031 His
3365 1978 3437 2030 ita

1874 2075 2219 2138 constitutis,
2273 2073 2684 2127 consideremus
2743 2080 2798 2124 et
2876 2072 3221 2135 intueamur,
3287 2089 3439 2127 more

1874 2165 2236 2229 bierarchico,
2266 2163 2564 2233 quemlibet
2611 2172 2861 2215 exactum
2903 2162 3231 2217 sanctissimi
3279 2163 3438 2231 hujus

1871 2261 2197 2311 sacramenti
2223 2256 2382 2310 ritum
2412 2263 2467 2309 et
2490 2254 2958 2325 signiﬁcationem.

2028 2370 2091 2425 ll.
2131 2369 2438 2440 Mysterium
2458 2386 2737 2438 synaxeos,
2763 2386 2853 2423 seu
2882 2371 3283 2425 communionis.

1939 2484 2189 2539 Pontifex
2235 2498 2450 2553 precem
2482 2498 2693 2539 sacram
2731 2482 2801 2537 ad
2846 2483 3017 2540 altare
3060 2483 3154 2539 Dei
3195 2483 3436 2555 celebra-

1874 2584 2049 2643 turus,
2081 2577 2151 2631 ab
2193 2576 2436 2643 ejusdem
2473 2574 2749 2631 suﬁitione
2797 2576 3009 2630 initium
3053 2575 3279 2641 faciens,
3312 2576 3437 2630 nni-

1875 2683 2095 2724 versum
2149 2667 2342 2722 circuit
2390 2667 2542 2721 chori
2587 2667 2889 2730 ambitum;
2924 2668 3095 2722 donec
3130 2682 3341 2720 rursum
3371 2668 3437 2721 ad

1872 2758 2049 2814 altare
2107 2758 2345 2812 divinum
2392 2758 2644 2825 rediens,
2694 2772 2907 2811 sacrum
2944 2759 3060 2811 inﬁt
3104 2758 3435 2827 psalmorum

1872 2848 2063 2914 melos,
2098 2849 2243 2903 omni
2281 2847 2472 2902 ordine
2503 2846 2877 2902 ecclesiastico
2906 2861 3120 2901 sacram
3164 2848 3261 2916 ipsi
3292 2848 3439 2917 psal-

1870 2941 2107 2995 modiam
2161 2940 2503 2995 succinente.
2537 2939 2641 2994 Per
2694 2938 2972 2992 ministros
3019 2939 3215 2994 exinde
3246 2954 3437 2995 conse-

1869 3041 2102 3101 quenter
2142 3046 2421 3086 sacrarum
2473 3031 2881 3103 Scripturarum
2931 3030 3092 3085 lectio
3137 3032 3435 3097 recitatur;

186 3116 222 3185 ἡ
242 3117 352 3170 τῶν
377 3120 731 3189 ἀγιογράφων
755 3120 950 3173 δέλτων
973 3123 1275 3191 ἀνάγνωσις
1305 3126 1608 3191 ἀκολούθως
1627 3130 1766 3197 γίνε-

1872 3135 1976 3190 qua
2004 3121 2155 3175 ﬁnita
2178 3162 2193 3188 ,
2224 3135 2383 3176 sacro
2413 3122 2616 3177 ambitu
2667 3132 2924 3175 arcentur
2953 3122 3354 3185 calechumeni,
3382 3132 3440 3176 et

184 3223 294 3258 ται·
318 3208 417 3260 καὶ
437 3208 577 3279 μετά
596 3210 795 3273 ταύτας
812 3209 913 3274 ἔξω
935 3212 1207 3278 γίγνονται
1226 3214 1322 3283 τῆς
1348 3215 1497 3285 ἱερᾶς
1513 3219 1770 3288 περιοχῆς

186 3296 236 3347 οἱ
274 3300 699 3371 κατηχούμενοι,
744 3303 835 3354 καὶ
892 3303 1026 3373 πρὸς
1070 3305 1248 3369 αὐτοῖς
1300 3307 1349 3358 οί
1396 3309 1770 3380 ὲνεργούμενοι

188 3387 283 3437 καὶ
312 3390 363 3439 oi
415 3392 476 3441 ὲν
508 3392 764 3461 μετανοίᾳ
807 3393 989 3455 ὄντες,
1033 3392 1250 3462 μένουσι
1276 3393 1331 3446 δὲ
1373 3395 1421 3447 οἱ
1466 3397 1564 3466 τῆς
1609 3397 1768 3451 θείων

186 3484 423 3553 ἐποψίας
462 3483 559 3535 καὶ
600 3484 882 3546 κοινωνίας
916 3484 1073 3548 ἄξιοι.
1116 3485 1236 3538 Τῶν
1271 3484 1593 3558 λειτουργῶν
1624 3489 1679 3541 δὲ
1716 3491 1765 3541 οἱ

189 3577 287 3645 μὲν
312 3576 508 3628 ἑστᾶσι
540 3574 690 3646 παρὰ
712 3574 812 3638 τὰς
837 3575 929 3628 τοῦ
970 3575 1115 3647 ἱεροῦ
1149 3576 1320 3640 πύλας
1350 3579 1765 3651 συγκεκλεισμέ-

188 3687 306 3732 νας,
337 3669 390 3720 οἱ
420 3666 478 3719 δὲ
498 3667 626 3720 ἄλλο
647 3684 699 3719 τι
721 3665 829 3718 τῶν
858 3668 956 3737 τῆς
978 3668 1182 3731 οίκείας
1207 3668 1408 3735 τάξεως
1433 3671 1762 3743 ἐνεργοῦσιν.

185 3761 248 3811 Οἱ
275 3760 334 3811 δὲ
378 3760 485 3829 τῆς
524 3757 899 3829 λειτουργικῆς
932 3760 1342 3831 διακοσμήσεως
1389 3760 1624 3834 ἔκκριτοι
1672 3764 1768 3817 σὺν

183 3854 295 3915 τοῖς
328 3849 574 3922 ἱερεῦσιν
599 3850 692 3902 ἐπὶ
722 3850 817 3902 τοῦ
852 3850 995 3903 θείου
1030 3850 1408 3923 θυσιαστηρίου
1454 3853 1765 3925 προτιθέασι

183 3942 274 3993 τὸν
302 3942 453 4007 ἱερὸν
485 3941 649 4011 ἄρτον
688 3942 781 3993 καὶ
807 3941 867 3993 τὸ
904 3943 1002 4012 τῆς
1031 3941 1275 4010 εὐλογίας
1304 3944 1574 4014 ποτήριον,
1608 3962 1767 4016 προο-

189 4032 587 4103 μολογηθείσης
614 4032 719 4084 ὑπὸ
769 4033 965 4096 παντὸς
1007 4033 1101 4086 τοῦ
1142 4035 1239 4104 τῆς
1292 4036 1581 4107 ἐκκλησίας
1627 4037 1764 4109 πλη-

188 4119 446 4192 ρώματος
486 4122 585 4191 τῆς
612 4120 905 4191 καθολικῆς
939 4122 1275 4193 ὑμνολογίας.
1301 4124 1443 4195 Πρὸς
1468 4119 1548 4188 οἷς
1571 4128 1598 4178 ό
1625 4126 1764 4190 θεῖος

189 4212 456 4284 ίεράρχης
488 4213 650 4282 εὐχὴν
695 4212 846 4283 ἱερὰν
881 4214 1040 4278 τελεῖ,
1087 4216 1179 4267 καὶ
1217 4214 1314 4286 τὴν
1344 4216 1502 4284 ἁγίαν
1545 4219 1762 4289 εἰρήνην

186 4304 362 4357 ἅπασι
391 4304 724 4371 διαγγέλλει·
758 4305 869 4367 καὶ,
887 4305 1285 4376 ἀσπασαμένων
1312 4306 1569 4376 ἀλλήλους
1590 4309 1761 4361 ἀπάν-

182 4412 314 4459 των,
360 4399 394 4466 ή
447 4396 681 4467 μυστικὴ
706 4395 815 4448 τῶν
856 4396 1014 4467 ἱερῶν
1059 4396 1275 4466 πτυχῶν
1306 4398 1600 4468 ἀνάρῤησις
1640 4400 1757 4452 ἐπι-

1872 3225 1996 3265 cum
2026 3211 2093 3267 iis
2128 3212 2475 3282 energumeni
2515 3226 2580 3267 ac
2623 3214 2972 3283 pmnitentes,
3016 3213 3122 3269 illis
3170 3213 3262 3282 qui
3299 3213 3438 3266 divi-

1870 3319 2065 3358 norum
2110 3314 2330 3372 aspectu
2363 3313 2417 3358 et
2456 3304 2836 3359 communione
2883 3304 3031 3373 digni
3082 3312 3209 3359 sunt
3259 3320 3437 3360 rema-

1871 3396 2144 3450 nentibus.
2182 3394 2355 3450 Porro
2407 3396 2786 3451 ministrorum
2832 3396 3051 3465 quidem
3101 3397 3192 3452 alii
3225 3398 3429 3454 clausis

1870 3484 2057 3553 templi
2092 3484 2301 3540 foribus
2345 3486 2626 3552 assistunt,
2677 3487 2769 3540 alii
2808 3502 2937 3542 vero
2987 3487 3131 3541 aliud
3161 3488 3436 3559 quidpiam

1870 3579 2012 3648 quod
2046 3578 2116 3633 sit
2148 3577 2357 3633 ordinis
2388 3578 2473 3633 sui
2503 3588 2695 3647 agunt.
2724 3578 2824 3645 Qui
2867 3588 3045 3633 autem
3080 3579 3133 3633 in
3160 3581 3438 3635 ministro-

1868 3685 1991 3725 rum
2034 3670 2224 3725 ordine
2254 3669 2461 3741 primas
2503 3679 2730 3735 tenent,
2763 3686 2871 3724 una
2894 3686 3017 3726 cun:
3068 3672 3436 3729 sacerdotibus

1868 3759 2050 3814 divino
2088 3758 2245 3814 altari
2302 3774 2495 3829 panem
2550 3774 2763 3814 sacrum
2822 3760 3157 3831 calicemque
3208 3762 3433 3818 benedi-

1868 3849 2066 3905 ctionis
2117 3850 2423 3920 imponunt,
2455 3851 2521 3903 ab
2548 3852 2804 3906 universa
2867 3852 3201 3919 plenitudine
3241 3852 3432 3910 Eccle-

1869 3940 1964 3995 sia:
2005 3939 2167 4009 188
2202 3940 2474 3993 communi
2505 3939 2845 4011 hymnologia
2870 3941 3168 4009 prmmissa.
3201 3942 3283 3996 Ad
3318 3943 3435 3998 haec

1869 4032 2085 4087 divinus
2118 4030 2365 4100 pontifex
2399 4045 2610 4085 sacram
2644 4032 2858 4101 peragit
2886 4031 3277 4098 precationem,
3306 4047 3434 4087 san-

1871 4133 2123 4192 etamque
2159 4121 2376 4176 cunctis
2410 4135 2598 4190 pacem
2623 4129 2973 4192 apprecatur;
3009 4130 3064 4175 et
3089 4121 3216 4174 dum
3245 4136 3433 4177 omnes

1875 4215 2099 4268 invicem
2124 4213 2521 4283 amplexantur,
2547 4212 2773 4281 mystica
2797 4226 3077 4267 sacrorum
3101 4212 3431 4266 voluminum

1874 4306 2121 4360 recitatio
2152 4305 2359 4358 ﬁnitur.
2394 4302 2528 4358 Tum
2560 4303 2688 4357 lotis
2716 4318 2853 4371 aqua
2879 4304 3127 4357 manibus
3159 4302 3431 4372 pontiﬁcis

1873 4408 1937 4448 ac
1973 4394 2349 4459 sacerdotum,
2382 4392 2620 4463 pontifex
2647 4392 2811 4447 divini
2850 4391 3040 4448 altaris
3086 4392 3264 4446 medio
3292 4393 3429 4448 assi—

180 4489 442 4540 τελείται.
464 4487 590 4549 Καὶ,
612 4486 920 4556 νιψαμένων
950 4484 1048 4549 τὰς
1078 4489 1262 4556 χεῖρας
1282 4486 1430 4539 ὕδατι
1456 4486 1548 4538 τοῦ
1585 4488 1765 4559 ίεράρ-

1872 4485 1986 4550 Stit,
2015 4484 2499 4539 circumstantibus
2540 4483 2690 4536 illum
2736 4481 2866 4536 solis
2902 4481 3275 4536 ministrorum
3314 4483 3429 4549 pri-

181 4594 277 4646 χου
320 4579 415 4630 καὶ
464 4576 573 4628 τῶν
620 4577 825 4647 ἱερέων,
855 4578 883 4629 ὁ
932 4577 1027 4646 μὲν
1073 4578 1329 4648 ίεράρχης
1369 4579 1426 4629 ἐν
1474 4578 1621 4648 μέσῳ
1664 4578 1756 4630 τοῦ

182 4668 329 4721 θείου
362 4668 745 4739 θυσιαστηρίου
791 4667 1137 4733 καθίσταται,
1170 4671 1484 4739 περιεστᾶσι
1521 4668 1576 4721 δὲ
1611 4669 1758 4739 μόνοι

184 4762 327 4832 μετὰ
355 4760 469 4813 τῶν
516 4761 706 4831 ἱερέων
744 4763 791 4812 οί
838 4761 946 4813 τῶν
991 4760 1314 4833 λειτουργῶν
1361 4761 1618 4832 ἔκκριτοι.
1650 4758 1758 4814 Καὶ

177 4850 276 4914 τὰς
307 4852 462 4921 ἱερὰς
500 4849 787 4921 θεουργίας
815 4853 842 4903 ὁ
878 4851 1134 4922 ίεράρχης
1174 4852 1420 4922 ὑμνήσας
1444 4854 1508 4916 ⁶⁹,
1551 4853 1757 4922 ἱερουρ-

178 4944 265 5009 γεί
291 4940 364 4992 τὰ
390 4940 661 5003 θειότατα,
686 4942 777 4993 καὶ
812 4942 903 4994 ὑπ’
931 4941 1056 5011 ὄψιν
1080 4942 1203 5010 ἄγει
1241 4943 1312 4996 τὰ
1350 4944 1634 5013 ὑμνημένα
1671 4942 1758 4994 διὰ

175 5032 287 5085 τῶν
321 5032 484 5103 ίερὼς
524 5032 900 5102 προκειμένων
939 5033 1252 5104 συμϐόλων·
1284 5037 1378 5089 καὶ
1409 5036 1507 5100 τὰς
1550 5034 1758 5106 δωρεὰς

176 5125 284 5177 τῶν
313 5124 613 5194 θεουργιῶν
641 5124 944 5191 ὑποδείξας,
977 5127 1056 5189 είς
1082 5126 1364 5180 κοινωνίαν
1407 5128 1583 5181 αὐτῶν
1610 5129 1758 5201 ἱερὰν

176 5218 342 5281 αὑτός
366 5235 429 5271 τε
472 5218 708 5290 ἔρχεται,
734 5220 826 5273 καὶ
860 5220 985 5282 τοὺς
1010 5218 1201 5284 ἄλλους
1230 5221 1613 5294 προτρέπεται.
1644 5223 1757 5275 Με-

1866 4580 2108 4635 moribus
2140 4595 2245 4632 una
2278 4593 2404 4632 cum
2443 4576 2837 4631 sacerdotibus.
2866 4573 3039 4629 Porro
3064 4573 3151 4628 ubi
3189 4573 3425 4643 pontifex

1865 4681 2213 4728 Sacrosancta
2258 4671 2352 4725 Dei
2402 4684 2627 4724 munera
2678 4666 3036 4733 collaudavit,
3090 4666 3423 4721 divinissitna

1864 4771 2148 4817 consecrat
2178 4762 2459 4831 mysteria,
2493 4774 2613 4829 quae
2646 4758 2808 4812 etiam
2836 4757 3108 4813 celebrata
3149 4758 3248 4812 sub
3278 4772 3425 4829 sym-

1863 4854 2001 4909 bolis
2049 4862 2405 4909 sacrosancte
2452 4852 2749 4923 propositis
2800 4853 2853 4906 in
2908 4860 3187 4920 aspectum
3233 4850 3418 4917 ducit;

1864 4946 2230 5015 exltibitisque
2275 4946 2580 5000 divinorum
2607 4957 2829 5013 operum
2874 4944 3188 5000 muneribus
3235 4942 3303 4997 ad
3329 4958 3421 4997 sa-

1861 5047 2199 5093 crosanctam
2286 5035 2605 5090 earumdem
2684 5035 3230 5091 communicationem
3298 5051 3420 5090 cum

1862 5131 2095 5201 ipsemet
2123 5128 2355 5195 accedit,
2386 5135 2501 5182 tum
2541 5134 2765 5183 caeteros
2801 5127 3017 5182 invitat.
3058 5128 3294 5197 Accepta
3328 5128 3422 5182 de-

1861 5222 2026 5293 nique
2049 5221 2281 5291 dataque
2311 5219 2491 5275 divina
2512 5219 2889 5274 communione
2912 5219 2965 5272 in
2986 5234 3196 5274 sacram
3222 5218 3418 5273 desinit

1452 5400 1686 5457 VARIE
1724 5400 2125 5457 LECTIONES.

247 5541 295 5573 ⁸⁸
375 5541 588 5605 λνουσα,
619 5541 675 5596 S.
712 5542 777 5598 D.
810 5544 909 5598 Ch.
941 5554 994 5599 et
1026 5544 1157 5599 Bnd.
1189 5545 1260 5600 ita
1302 5543 1556 5599 correxit.
1635 5543 1675 5573 ⁶¹
1701 5540 2087 5601 ἀτελέστατον,
2114 5534 2176 5588 1).
2205 5532 2317 5615 Sc._
2375 5534 2419 5566 ⁶²
2446 5534 2560 5587 ἁπά
2637 5572 2651 5596 ,
2690 5532 2749 5587 Ρ.
2771 5534 2833 5588 1).
2868 5532 2967 5589 Ch.
3045 5533 3090 5564 ⁶³
3115 5534 3161 5586 εί
3189 5531 3296 5604 γὰρ
3323 5533 3416 5614 καὶ

247 5613 286 5663 Lr
313 5558 495 5663 ἀλλοις
519 5613 715 5663 κοινόν.
745 5615 844 5663 Ch.
878 5628 933 5663 et
958 5614 1039 5663 V-:
1072 5618 1202 5663 πᾶσι
1224 5618 1335 5663 τοῖς
1362 5615 1539 5663 ἄλλοις
1568 5612 1740 5663 κοινὸν
1770 5614 1869 5663 ίεο.
1903 5611 1963 5663 Ι).
1996 5607 2056 5661 Ρ.
2136 5604 2183 5634 ⁸³
2207 5620 2441 5663 πρωτον.
2501 5549 2691 5659 ﬁta-gfx
2742 5605 2861 5658 Sat.
2933 5604 2978 5635 ⁸³
3003 5603 3136 5663 πρὸς
3160 5603 3259 5663 τὴν
3284 5620 3415 5663 των.

175 5603 715 5685 τάςίᾶλλοιςμκοινὸν,
745 5615 933 5685 (Ξῑιηει
958 5614 1040 5681 ν.;
1072 5618 1202 5669 πᾶσι
1224 5618 1335 5679 τοῖς
1362 5615 1539 5678 ἄλλοις
1568 5612 1740 5685 κοινὸν
1770 5614 1869 5682 ἱερ.
1996 5607 2056 5661 Ρ.
2136 5604 2183 5634 ⁸³
2207 5604 2441 5685 πρῶτον2
2486 5609 2569 5685 ,Με
2602 5603 2691 5685 ὃς·
2742 5605 2886 5685 ,Sal‘;
2933 5604 2978 5635 ⁸³
3003 5603 3136 5685 ῖξρᾷς
3160 5603 3415 5685 τὴνέτῶν,

179 5681 239 5755 l3.
274 5684 400 5755 ξπ.
476 5682 522 5711 ⁶⁶
549 5683 1022 5755 χειραγωγοῦμαι,
1052 5688 1109 5742 S.
1146 5687 1204 5741 Β.
1280 5687 1322 5717 ⁸⁷
1349 5687 1674 5755 interpretes
1702 5683 1792 5738 Sc.
1826 5681 1883 5736 et
1908 5684 2053 5747 han,
2112 5681 2297 5746 χοροῦ.

180 5750 237 5805 δ.
270 5752 332 5806 Β.
470 5842 728 5924 Panos,
764 5839 882 5902 Gn.
922 5839 1034 5904 III.

2398 5676 2441 5707 ⁸⁸
2470 5671 2818 5746 ψαλμοδικήν,
2849 5674 2908 5729 Ρ.
3006 5671 3057 5704 ⁶⁹⁷
3076 5671 3412 5745 ὑπομνήσας,

3065 5836 3137 5895 1'4
