3874 6228
421 260 523 316 427

1597 267 1651 320 S.
1694 265 1991 322 DIONYSII
2044 268 2508 326 AREOPAGITIE

3561 276 3670 338 ιη

422 379 717 448 gratiarum
774 379 1090 444 actionem;
1143 377 1452 450 populoque
1519 381 1701 436 divina
1774 392 1984 437 tantum

2092 383 2307 454 τασχὼν
2328 386 2383 438 δὲ
2410 390 2499 439 καὶ
2530 387 2788 457 μεταδοὺς
2812 389 2908 459 τῆς
2931 387 3226 461 θεαρχικῆς
3253 391 3556 456 κοινωνίας,
3586 396 3671 457 εἰς

425 470 664 540 symbols
717 480 1039 534 contuente,
1079 471 1193 540 ipse
1249 487 1461 541 semper
1502 472 1706 541 Spiritu
1759 475 1982 540 divino,

423 577 520 630 per
576 558 759 616 beatas
807 577 868 617 ac
916 565 1182 632 spiritales
1225 565 1736 634 contemplationes,
1783 569 1986 623 bierar-

425 652 582 707 cltice
631 654 696 705 ad
749 666 1092 709 sacrosancta
1156 657 1539 726 mysteriorum
1595 659 1885 722 primordia
1938 662 1989 712 iu

422 742 585 798 divini
621 749 792 799 status
825 745 1060 814 puritate
1092 746 1330 799 ducitur.

936 1055 1021 1110 111.
1062 1057 1462 1127 Contemplatio.

2095 475 2440 547 εὐχαριστίαν
2485 477 2633 548 ίεράν
2680 480 2995 550 καταλήγει,
3041 481 3146 532 τῶν
3195 481 3401 533 πολλῶν
3447 482 3546 551 μὲν
3587 485 3669 547 είς

2097 569 2231 638 μόνα
2255 569 2321 623 τά
2359 569 2476 622 θεῖα
2520 569 2761 640 σύμϐολα
2803 572 3258 642 παρακυψάντων,
3305 571 3467 625 αὐτοῦ
3493 573 3553 626 δὲ
3579 575 3673 628 ἀεὶ

2091 661 2168 730 τῷ
2209 662 2480 732 Θεαρχικῷ
2525 663 2800 732 Πνεῦματι
2837 664 2970 732 πρὸς
3009 664 3106 726 τὰς
3147 663 3306 731 ἁγίας
3345 664 3452 716 τῶν
3474 666 3659 719 τελου-

2096 754 2272 822 μένων
2300 753 2471 824 ἁρχάς
2514 757 2569 806 ἐν
2617 755 2901 825 μακαρίοις
2942 757 3034 807 καὶ
3072 758 3282 825 νοητοῖς
3320 756 3365 786 ⁷ο
3395 756 3671 826 θεάμασιν

2095 846 2420 916 ἱεραρχικὼς
2448 847 2504 896 ἐν
2532 845 2860 917 καθαρότητι
2897 848 2996 916 τῆς
3024 846 3286 909 θεοειδοῦς
3324 845 3490 911 ἕξεως
3531 850 3670 900 ἀνα-

2092 939 2341 1005 γομένου.

2697 1055 2786 1106 111.
2829 1057 3064 1122 Θεωρία.

1982 1217 2081 1293 §l.

487 1355 729 1425 Agedum
783 1372 937 1427 ergo,
986 1361 1152 1428 probe
1208 1361 1324 1424 lili,
1379 1370 1498 1429 post
1547 1361 1746 1431 ﬁguras
1797 1361 1984 1415 ordine

416 1459 709 1516 sancteque
741 1450 1000 1519 digestas,
1049 1451 1368 1506 deiformem
1409 1453 1858 1523 primigeniorum
1891 1468 1984 1507 ve-

417 1543 632 1595 ritatem
687 1542 754 1595 iis
806 1543 895 1610 qui
954 1544 1132 1596 adlmc
1206 1545 1489 1599 iuitiautur
1547 1545 1864 1610 declarabo,
1917 1545 1981 1598 ad

415 1649 604 1688 eorum
643 1636 861 1689 animos
887 1650 1128 1705 congrue
1163 1637 1513 1703 excitandos;
1548 1653 1614 1691 ne
1657 1638 1866 1691 diversa
1898 1636 1982 1689 illa

417 1725 779 1795 symbolorum
823 1740 978 1779 sacra
1026 1727 1346 1793 compositio
1398 1726 1528 1794 ipsis
1561 1725 1790 1794 insipida
1843 1725 1986 1792 (inu-

2159 1357 2328 1428 Δεῦρο
2353 1358 2416 1426 δὴ
2445 1352 2559 1417 οὖν,
2586 1350 2630 1408 ὦ
2657 1357 2756 1407 παῖ
2779 1355 2930 1417 καλὲ,
2964 1354 3098 1424 μετὰ
3123 1354 3220 1417 τὰς
3245 1353 3456 1415 εἰκόνας
3486 1354 3543 1404 ἐν
3568 1354 3669 1406 τάδ

2091 1451 2169 1515 ξει
2197 1451 2289 1503 καὶ
2328 1449 2486 1520 ίερῶς
2528 1449 2619 1500 ἐπὶ
2660 1447 2755 1517 τὴν
2797 1447 3000 1517 θεοειδῆ
3037 1446 3150 1498 -τῶν
3187 1447 3507 1517 ἀρχετῦπων
3532 1446 3670 1518 ἀλή-

2089 1543 2260 1603 θειαν,
2292 1542 2466 1592 ἐκεῖνο
2502 1542 2612 1602 τοῖς
2639 1539 2717 1590 ἔτι
2741 1537 3134 1608 τελειουμένοις
3157 1538 3201 1568 τί
3229 1538 3306 1600 είς
3345 1537 3670 1607 ἐναρμόνιον

2090 1631 2267 1684 αὐτῶν
2294 1629 2651 1698 ψυχαγωγίαν
2699 1626 2865 1680 εἰπὼν
2893 1629 2958 1690 τ’,
2988 1627 3063 1690 ὡς
3105 1627 3221 1679 οῦδέ
3245 1626 3351 1678 τῶν
3379 1627 3669 1696 συμϐόλων

2090 1726 2122 1794 ή
2153 1723 2366 1792 ποικίλη
2395 1723 2485 1774 καὶ
2515 1720 2632 1792 ἱερά
2660 1719 2902 1782 σύνθεσις
2945 1721 3165 1790 ἀνόητος
3197 1720 3243 1750 ⁷³
3281 1720 3462 1782 αὐτοῖς
3489 1719 3671 1789 ὑπάρ-

415 1818 546 1886 tilis)
577 1818 795 1879 existat,
829 1819 872 1872 si
926 1819 1262 1902 exteriorem
1283 1827 1489 1871 tantum
1521 1827 1839 1887 apparatum
1870 1831 1980 1885 prae

2089 1834 2185 1886 χει,
2220 1816 2376 1886 μέχρι
2411 1813 2518 1865 τῶν
2547 1814 2591 1843 ⁷³
2615 1815 2769 1877 ἐκτὸς
2799 1813 3093 1882 φαινομένη
3127 1813 3301 1881 μόνον.
3325 1813 3389 1862 Αἱ
3421 1811 3519 1881 μὲν
3555 1811 3671 1880 γάρ

416 1925 474 1963 se
508 1909 664 1964 ferat.
708 1911 785 1970 Ac
812 1911 1178 1965 sacratissima
1221 1911 1438 1980 quidem
1485 1910 1822 1978 cloquiorum
1851 1923 1980 1962 can-

416 1999 518 2052 tica
553 2012 608 2053 et
638 2000 897 2054 lectiones
924 2003 1105 2070 proba:
1147 2001 1276 2068 ipsis
1304 2000 1538 2053 iunuunt
1579 2000 1699 2052 vita:
1741 1999 1973 2066 discipli-

414 2104 558 2154 nam,
591 2099 645 2142 et
678 2105 797 2158 quae
828 2091 967 2142 hanc
1003 2089 1284 2157 praecedit,
1317 2089 1686 2142 omnimodam
1717 2099 1983 2156 corrupta:

412 2180 697 2246 pravitatis
755 2180 1172 2246 expiationem:
1233 2179 1571 2232 divinissima
1633 2193 1763 2232 vero
1826 2179 1983 2231 unius

413 2270 764 2339 ejusdemque
820 2286 944 2324 cum
975 2273 1127 2340 panis
1161 2280 1272 2324 tum
1325 2270 1516 2324 calicis
1562 2271 1867 2324 communis
1915 2285 1980 2325 ac

414 2364 647 2432 pacifica
695 2364 1064 2433 participatio,
1117 2363 1354 2416 divinam
1392 2362 1457 2416 iis
1510 2377 1718 2416 morum
1767 2361 1981 2416 confor-

413 2457 696 2519 mitatem,
759 2466 1022 2524 tanquam
1075 2453 1462 2518 connutritiis,
1497 2455 1831 2523 praescrihit;
1884 2470 1983 2509 nec

412 2563 520 2601 nou
550 2561 720 2601 coenae
752 2547 1104 2600 divinissimae
1149 2555 1308 2616 atque
1337 2546 1751 2617 archisymbolaz
1786 2557 1986 2616 myste-

411 2639 618 2692 riorum
660 2640 855 2692 borum
913 2648 1329 2692 sacrosanctam
1382 2639 1684 2694 introducit
1741 2653 1985 2693 comme-

411 2731 824 2795 mutationem;
875 2728 1032 2798 cujus
1085 2731 1251 2786 etiam
1311 2731 1539 2800 ipsemet
1607 2731 1978 2800 symbolarum

411 2830 602 2876 auctor
653 2819 777 2888 jure
820 2821 1174 2875 meritissimo
1225 2829 1467 2875 exortem
1518 2819 1651 2875 facit
1695 2836 1840 2888 eum,
1887 2821 1979 2890 qui

409 2927 587 2982 neque
618 2922 805 2967 sancte
832 2927 1009 2980 neque
1034 2913 1218 2966 animo
1260 2913 1522 2968 concordi
1555 2927 1767 2966 sacram
1796 2928 1979 2966 secum

411 3018 622 3058 ctenam
670 3005 1066 3073 trequentarat;
1104 3005 1304 3059 docens
1349 3004 1506 3058 simul
1549 3011 1737 3058 sancte
1767 3003 1982 3071 Deoque

2083 1906 2365 1977 ἱερώταται
2382 1905 2486 1956 τῶν
2504 1905 2696 1973 λογίων
2716 1905 2850 1975 ᾠδαὶ
2867 1905 2958 1956 καὶ
2975 1902 3304 1971 ἀναγνώσεις
3319 1902 3674 1956 διδασκαλίαν

2083 1995 2261 2059 αὐτοῖς
2289 1995 2542 2065 ἐναρέτου
2567 1994 2707 2063 ζωῆς
2740 1993 3093 2064 ὑφηγοῦνται,
3126 1993 3218 2045 καὶ
3242 1992 3346 2062 πρό
3376 2009 3438 2059 γε
3470 1992 3670 2044 τούτου

2080 2091 2176 2160 τὴν
2205 2088 2442 2158 παντελῆ
2469 2088 2514 2118 ⁷⁸
2540 2086 2640 2155 τῆς
2681 2084 3002 2156 φθοροποιΟῦ
3031 2083 3225 2146 κακίας
3265 2082 3671 2154 ἀποκάθαρσιν·

2082 2185 2115 2252 ἡ
2143 2182 2197 2234 δὲ
2226 2180 2473 2250 θειοτάτη
2501 2179 2593 2230 τοῦ
2624 2177 2739 2240 ἐνὸς
2783 2179 2876 2230 καὶ
2900 2175 3097 2229 ταὺτοῦ
3138 2176 3231 2228 καὶ
3255 2174 3420 2245 ἄρτου
3451 2175 3547 2226 καὶ
3576 2192 3676 2226 πο-

2082 2271 2270 2342 τηρίου
2298 2271 2450 2340 κοινὴ
2495 2271 2590 2322 καὶ
2616 2268 2864 2340 εἰρηναία
2896 2267 3176 2338 μετάδοσις
3211 2264 3546 2334 ὁμοτροπίαν
3575 2265 3674 2316 αῦ-

2081 2366 2193 2425 τοίς
2222 2361 2398 2414 ἔνθεον
2428 2361 2502 2422 ὡς
2527 2360 2848 2432 ὁμοτρὸφοις
2871 2357 2919 2389 ’⁷⁸
2945 2358 3240 2428 νομοθετεῖ,
3271 2356 3364 2408 καὶ
3397 2353 3494 2406 τοῦ
3525 2354 3672 2407 θειο-

2083 2455 2243 2508 τάτου
2271 2455 2484 2507 δείπνου
2514 2455 2609 2506 καὶ
2655 2451 3052 2523 ἀρχισυμϐόλου
3080 2450 3187 2501 τῶν
3212 2448 3554 2517 τελουμένων
3593 2448 3675 2508 είς

2089 2548 2309 2617 μνήμην
2340 2545 2490 2616 ίεράν
2516 2544 2638 2611 ἄγει
2658 2560 2669 2571 ·
2711 2543 2832 2596 καθ’
2857 2544 2884 2596 ὃ
2911 2545 3005 2596 καὶ
3020 2541 3181 2604 αὐτὸς
3206 2542 3234 2593 ὁ
3255 2539 3367 2592 τῶν
3383 2555 3445 2591 συ
3455 2537 3680 2608 μῦόλων

2085 2635 2412 2706 δημιουργὸς
2441 2635 2740 2705 ἀποκληροί
2760 2633 3072 2686 δικαιότατα
3098 2631 3190 2682 τὸν
3214 2631 3310 2699 οὐχ
3329 2630 3496 2690 ὁσίως
3523 2628 3678 2697 αὐτῷ

2085 2730 2178 2780 καὶ
2215 2727 2533 2797 ὁμοτρόπως
2582 2726 2651 2778 τά
2701 2724 2823 2793 ἱερά
2865 2724 3357 2794 συνδειπνήσαντα,
3400 2721 3678 2773 διδάσκων

2085 2820 2296 2888 εὐαγῶς
2324 2838 2382 2872 τε
2411 2821 2525 2890 ἅμα
2551 2821 2643 2872 καὶ
2678 2819 3016 2890 θεοπρεπῶς,
3045 2818 3120 2879 ὡς
3163 2817 3195 2886 ἡ
3239 2813 3358 2867 καθ’
3387 2813 3505 2879 ἕξιν
3544 2811 3680 2882 ἀλη-

2085 2911 2180 2980 θὴς
2210 2911 2302 2963 ἐπὶ
2324 2911 2390 2962 τά
2414 2911 2532 2964 θεῖα
2559 2910 2931 2981 προσέλευσις,
2970 2909 3069 2978 τὴν
3109 2907 3244 2977 πρὸς
3267 2907 3327 2957 τὸ
3362 2905 3553 2974 ὅμοιον
3581 2905 3682 2955 αὑ-

2083 3004 2189 3056 τῶν
2214 3003 2495 3056 κοινωνίαν
2522 3006 2631 3065 τοῖς
2662 3001 2944 3072 προσιοῦσι
2972 3000 3268 3070 χαρίζεται.

411 3105 786 3152 consentanee
819 3097 1018 3153 sinceri
1074 3097 1140 3150 ad
1179 3096 1361 3151 divina
1418 3098 1586 3152 animi
1639 3097 2036 3163 accessionem,
2064 3098 2444 3153 similitudinis
2482 3112 2698 3167 quoque
2752 3097 2948 3151 divina:
3002 3094 3295 3164 participes
3331 3092 3550 3149 ellicere
3596 3095 3680 3149 sic

407 3189 749 3244 accedentes.

1959 3285 1986 3354 §
2034 3283 2110 3342 11.

470 3447 737 3503 Caeterum
780 3446 883 3507 bis,
929 3459 1051 3513 quae
1094 3445 1360 3499 aditorum
1401 3443 1687 3499 vestibulis
1713 3444 1984 3513 eleganter

2161 3445 2344 3500 Ταῦτα
2375 3446 2474 3516 μὲν
2497 3441 2610 3508 οὖν,
2640 3446 2715 3510 ὡς
2743 3445 2898 3515 ἔφην,
2937 3446 3029 3497 ἐπὶ
3065 3445 3134 3498 τὰ
3159 3444 3266 3496 τῶν
3305 3443 3518 3498 ἀδύτων
3543 3463 3686 3518 προ-

407 3539 622 3610 adpieta
668 3537 944 3590 mdiorum
991 3534 1152 3606 189
1193 3535 1635 3604 contemplationi
1665 3537 1797 3589 satis
1837 3544 1982 3597 sunt,

410 3632 639 3697 relictis,
666 3630 734 3683 ab
767 3628 980 3683 eﬂ'ectis
1008 3633 1073 3683 ad
1099 3644 1294 3683 causas
1328 3629 1763 3698 progrediemur,
1792 3627 1985 3682 deinde

409 3737 622 3778 sacram
655 3733 894 3776 nostram
945 3722 1197 3792 synaxin,
1232 3732 1394 3790 atque
1438 3731 1865 3776 consentaneam
1899 3737 1987 3775 re~

367 3799 372 3803 ⁷
406 3832 528 3870 rum
554 3815 906 3885 spiritalium,
929 3813 1054 3867 Jesu
1089 3814 1442 3883 pra-lucente,
1470 3814 1983 3884 contemplationem

407 3905 873 3975 conspicabimur,
912 3903 1125 3958 beatam
1181 3905 1584 3973 primitivorum
1627 3904 1986 3974 pulchritudi-

411 4013 536 4051 nem
565 3995 827 4065 praeclare
869 4011 1094 4064 prorsus
1121 3996 1483 4050 evibrautem.
1512 3994 1619 4050 Sed
1661 4006 1739 4060 tu,
1769 4003 1816 4064 'lo
1851 3997 1984 4050 divi-

411 4091 697 4145 nissimum
731 4105 794 4142 ac
823 4097 1235 4143 sacrosanctum
1279 4097 1676 4142 sacramentum
1698 4128 1712 4154 ,
1747 4089 1986 4143 circum-
2016 4079 2018 4081 ί

410 4182 583 4246 posita
624 4179 717 4233 tibi
749 4178 1051 4249 symbolice
1078 4179 1427 4248 aenigmatum
1465 4179 1802 4245 Operimenta
1833 4193 1986 4232 reve-

411 4271 572 4337 lans,
645 4271 853 4340 liquido
928 4269 1086 4324 nobis
1141 4268 1550 4334 manifesteris,
1618 4269 1985 4338 mentalesque

409 4377 625 4418 nostros
678 4365 904 4417 obtutus
959 4361 1225 4432 singulari
1283 4372 1356 4419 et.
1410 4369 1592 4428 aperta
1642 4360 1760 4414 luce
1812 4361 1986 4414 adim-

411 4455 577 4523 pleto.

2088 3537 2288 3590 πύλαια
2315 3538 2494 3602 καλῶς
2520 3538 2966 3609 διαγεγραμμένα
3012 3541 3124 3600 τοῖς
3152 3537 3399 3590 ἀτελέσιν
3427 3537 3509 3590 ἔτι
3536 3539 3684 3609 πρὸς

2087 3632 2318 3704 θεωρίαν
2363 3633 2608 3703 αὐτάρκη
2657 3632 3112 3696 καταλείποντες,
3171 3631 3504 3701 εἰσέλθωμεν
3565 3634 3684 3686 ἀπὸ
3757 3622 3764 3642 ’

2086 3723 2194 3775 τῶν
2219 3722 2476 3775 αἱτιατῶν
2503 3725 2581 3785 εἰς
2606 3723 2676 3775 τὰ
2703 3722 2875 3786 αἴτια,
2898 3723 3040 3776 κατὰ
3062 3724 3161 3794 τὴν
3191 3722 3341 3794 ίεράν
3367 3722 3528 3793 ἡμῶν
3557 3723 3686 3776 σύν-

2087 3813 2237 3880 αξιν,
2282 3816 2375 3866 καὶ
2416 3814 2513 3884 τὴν
2557 3813 2808 3884 εῦπρετᾶλ
2850 3813 2956 3865 τῶν
2994 3814 3200 3884 νοητῶν
3236 3815 3303 3874 τ’,
3346 3814 3523 3884 Ἰησοῦ
3561 3832 3684 3883 φω-

2087 3907 2462 3976 ταγωγοῦντος
2489 3907 2554 3968 ⁷⁸,
2589 3907 2830 3977 ὀψόμεθα
2855 3906 3106 3976 θεωρίαν,
3135 3907 3195 3959 τὸ
3238 3908 3507 3977 μακάριον
3538 3907 3683 3960 ἀπο-

2094 3999 2410 4052 στίλϐουσαν
2435 3997 2691 4068 ἐμφανῶς
2730 3996 2840 4049 τῶν
2864 3997 3189 4067 ἀρχετύπων
3229 3996 3443 4059 κάλλος.
3488 3996 3681 4061 Ἀλλὰ,

2087 4084 2131 4142 ὧ
2156 4089 2400 4159 θειοτάτη
2429 4091 2521 4140 καὶ
2549 4087 2670 4157 ἱερὰ
2707 4085 2915 4156 τελετὴ,
2945 4086 3013 4138 τά
3041 4086 3400 4158 περικείμενά
3424 4103 3506 4138 σοι
3537 4104 3686 4158 συμ-

2089 4179 2316 4241 ϐολικῶς
2364 4178 2719 4248 ἀμφιέσματα
2770 4176 2878 4228 τῶν
2925 4177 3259 4246 αἰνιγμάτων
3316 4175 3683 4245 ἀποκαλυψα-

2091 4271 2224 4340 μένη
2246 4310 2260 4332 ,
2303 4267 2587 4339 τηλαυγῶς
2628 4271 2759 4338 ἡμῖν
2803 4267 3144 4338 ἀναδείχθητι
3166 4307 3179 4328 ,
3210 4269 3302 4319 καὶ
3340 4267 3439 4330 τὰς
3476 4267 3680 4338 νοεράς

2090 4363 2244 4434 ἡμῶν
2268 4362 2417 4431 ὄψεις
2469 4362 2666 4416 ἐνιαίου
2711 4363 2803 4415 καὶ
2847 4359 3288 4430 ἀπερικαλύπτου
3329 4358 3509 4427 φωτὸς
3538 4360 3681 4412 ἀπο-

2091 4457 2395 4527 πλήρωσον.

1954 4611 1981 4683 §
2018 4609 2129 4672 111.

485 4750 688 4805 Sancta
717 4753 896 4819 itaque
941 4753 1099 4808 nobis
1166 4751 1495 4820 peuelranda
1524 4765 1741 4814 censeo,
1789 4759 1870 4814 ut,
1903 4750 1984 4803 in-

2160 4755 2249 4805 Δεῖ
2273 4754 2336 4825 δὴ
2360 4750 2454 4807 οῦν
2481 4757 2625 4826 ἡμᾶς
2651 4755 2800 4817 ἐντὸς
2848 4756 3100 4826 παρεῖναι
3147 4755 3191 4786 ⁷⁸
3215 4753 3322 4806 τῶν
3371 4757 3675 4826 πανιέρων,

416 4842 708 4910 telligentia
775 4841 934 4910 primi
1009 4842 1288 4896 simulacri
1361 4841 1680 4912 spiritaliter
1745 4841 1984 4904 detecta,

415 4932 734 4988 deiformem
761 4933 876 5001 ejus
899 4933 1356 5002 pulchritudinem
1393 4933 1720 4996 intueamur,
1760 4949 1985 4987 necnon

421 5024 712 5078 antistitem
745 5025 926 5077 divino
957 5040 1178 5094 prorsus
1225 5027 1388 5081 modo
1439 5027 1718 5081 videamus
1749 5041 1776 5078 a
1803 5026 1987 5080 divino

421 5117 578 5172 altari
602 5117 668 5171 ad
694 5117 1070 5173 extremitates
1098 5133 1269 5186 usque
1300 5119 1484 5189 templi
1514 5135 1634 5174 cum
1661 5119 1843 5173 odoris
1864 5134 1987 5172 sua—

2085 4844 2287 4915 οἴομαι,
2332 4847 2391 4898 τὸ
2439 4847 2626 4917 νοητὸν
2668 4848 2712 4878 ⁸ο
2766 4846 2861 4899 τοῦ
2911 4846 3129 4918 πρώτου
3179 4846 3287 4898 τῶν
3336 4843 3679 4916 ἀγαλμάτων

2086 4936 2608 5006 ὰπογυμνώσαντας,
2633 4940 2713 5003 εἰς
2755 4940 2815 4992 τὸ
2862 4939 3091 5001 θεοειδὲς
3117 4937 3280 4990 αὐτοῦ
3330 4937 3536 5001 κάλλος
3558 4939 3678 4990 ἐνα-

2085 5029 2308 5093 τενίσαι,
2333 5031 2425 5082 καὶ
2447 5030 2539 5083 τὸν
2566 5031 2827 5102 ἱεράρχην
2851 5031 3049 5095 ἐνθέως
3102 5031 3229 5084 ἰδεῖν
3254 5030 3363 5083 ἀπὸ
3407 5029 3505 5082 τοῦ
3529 5029 3675 5082 θείου

2087 5118 2468 5191 θυσιαστηρίου
2499 5120 2665 5191 μέχρι
2684 5121 2793 5175 τῶν
2816 5123 3060 5191 ἐσχάτων
3083 5122 3176 5176 τοῦ
3206 5122 3350 5193 ἱεροῦ
3402 5124 3525 5192 μετ’
3553 5124 3673 5175 εὐο-

1692 5295 1921 5351 VARLE
1959 5296 2357 5354 LECTIONES.

503 5477 548 5508 "°
580 5479 650 5530 Μ.
685 5476 775 5530 Sc.
801 5479 1022 5546 νοεροίς.
1090 5545 1101 5546 7
1122 5478 1162 5506 ⁷¹
1191 5475 1547 5546 τελουμένοις,
1585 5476 1664 5544 Ρο,

422 5549 477 5600 2.
551 5547 596 5578 ⁷⁸
620 5547 712 5599 καὶ
744 5542 906 5615 μέχρι
924 5547 1051 5609 τῶν,
1081 5545 1138 5600 S.
1173 5546 1229 5597 P.
1276 5542 1429 5595 DfB.
1465 5546 1556 5598 Sc.
1590 5542 1713 5599 δῖα-ι’.

424 5619 485 5671 Ρ.
516 5617 575 5668 Β.
651 5618 693 5645 ⁷⁷
721 5632 810 5683 γρ.
840 5615 1024 5668 ὅντων.
1099 5617 1142 5646 ⁷⁸
1174 5615 1266 5666 τοῦ
1296 5616 1769 5683 φωταγωγοῦντος,
1801 5615 1856 5669 S.
1888 5619 1949 5675 P.

425 5689 517 5738 καὶ
540 5687 598 5738 τὸ
623 5683 826 5757 νοητόν,
857 5686 924 5739 Μ.
953 5686 1041 5740 Sc.
1073 5686 1144 5749 ὡς
1173 5685 1372 5757 οἴομαι,
1399 5685 1488 5736 καί
1519 5683 1649 5740 llud.
1687 5687 1924 5756 corrigit.

1744 5477 1787 5508 ⁷³
1814 5479 1970 5546 εἴπω,
2001 5480 2056 5536 S.
2091 5481 2149 5534 P.
2187 5481 2249 5537 Β.
2285 5483 2373 5538 Sc.

1791 5549 1834 5624 7f
1862 5553 1956 5624 xg‘t
1984 5552 2118 5624 πρός
2142 5570 2212 5624 γε
2230 5553 2676 5624 τούτοις-ἐντελῆ,
2697 5549 2779 5608 Μ.
2826 5556 2918 5611 Sc.

2041 5623 2082 5654 79
2111 5623 2260 5686 ἐντὸς
2283 5625 2390 5695 γὰρ
2418 5621 2576 5684 εἶναι.
2609 5621 2666 5678 PV.
2699 5627 2762 5680 υ.
2787 5626 2885 5682 Ch.
2921 5626 3042 5683 Sar.

2477 5485 2520 5570 ξ’
2547 5485 2952 5570 ἀνόνητρςηρῦ.
2980 5485 3060 5570 [ξ.
3170 5485 3230 5541 Ρ.
3260 5487 3384 5570 ξπ.
3420 5487 3672 5570 etnYieg.

3017 5558 3060 5589 "‘
3085 5556 3438 5629 ὁμοτρόποις,
3467 5555 3576 5610 Cit.
3612 5559 3672 5611 S.

3017 5643 3042 5682 '.
3159 5629 3203 5659 ⁸ο
3229 5626 3337 5680 τῶν
3365 5628 3674 5698 πανιέρων,
