3874 6228
206 315 318 370 1⁸39

1248 428 1271 440 ς-

1275 315 1354 369 ῡΕ
1388 307 1667 369 ECCLES.
1705 307 2101 376 HIERARCH.,
2139 311 2288 368 CAP.
2329 312 2412 366 111.

3342 308 3443 364 450

207 436 382 497 σμίσς
406 429 448 460 ⁸⁸
481 428 647 492 ἰόντα,
693 429 786 482 καὶ
821 428 978 484 πάλιν
1023 430 1108 481 ἐπ’
1135 428 1282 498 αὐτῷ
1325 429 1370 458 ⁸⁸
1420 426 1777 487 τελειωτικῶς

1899 429 2044 480 ritate
2079 429 2452 495 prodeuntem,
2500 426 2672 495 adque
2721 422 2852 478 illud
2910 429 3077 494 ipsum
3132 427 3442 494 perluerendi

205 519 739 590 ἀποκαθιστάμενον.
771 521 844 573 Ἥ
887 538 946 573 τε
995 519 1102 591 γὰρ
1126 520 1265 590 ὑπὲρ
1292 520 1465 572 πάντα
1517 517 1778 587 θεαρχικὴ

210 609 576 681 μακαριότης,
603 611 651 662 εἰ
698 610 792 662 καὶ
837 609 1131 680 ἁγαθότητι
1153 608 1271 678 θείᾳ
1313 606 1554 678 πρόεισιν
1580 607 1658 669 εἰς
1684 606 1780 675 τὴν

204 701 324 752 τῶν
355 700 693 770 μετεχόντων
735 699 904 768 αὐτῆς
951 699 1109 770 ἱερῶν
1132 697 1411 750 κοινωνίαν
1433 697 1498 762 ⁸³,
1547 695 1658 748 ἀλλ’
1683 696 1781 747 οὐκ

207 791 321 856 ἔξω
345 793 442 861 τῆς
463 792 582 843 κατ’
597 791 783 843 οὐσίαν
825 791 1080 859 ἀκινήτου
1127 790 1365 851 στάσεως
1412 789 1502 840 καὶ
1527 786 1781 856 ἱδρύσεως

206 884 487 951 γίγνεται·
517 883 608 934 καὶ
629 883 676 913 ⁸³
704 883 836 935 πᾶσι
859 882 914 934 δὲ
936 883 1048 944 τοῖς
1089 880 1371 932 θεοειδέσιν
1402 879 1675 945 ἀναλόγως
1700 876 1784 927 ἐλ-

207 973 448 1044 λάμπει,
500 973 630 1043 περ).
677 973 873 1044 ἐαυτὴν
916 973 1082 1036 ὅντως
1131 968 1282 1033 οὖσα,
1327 972 1419 1023 καὶ
1457 970 1556 1038 τῆς
1579 970 1783 1030 οἰκείας

208 1065 355 1128 ὅλως
376 1065 436 1116 οὐ
463 1063 903 1134 παρακινουμένη
928 1063 1247 1134 ταυτὼητος
1266 1079 1278 1092 ⁸
1324 1060 1581 1123 ὡσαύτως
1667 1059 1782 1113 θεία

206 1145 317 1224 τῆς
345 1154 616 1220 συνάξεως
643 1153 852 1224 τελετὴ,
880 1153 1002 1214 κᾶν,
1030 1145 1233 1204 ἐνιαίαν
1258 1152 1349 1204 καὶ
1374 1149 1546 1219 ἁπλῆν
1587 1148 1784 1218 ἔχουσα

208 1245 310 1296 καὶ
340 1243 782 1314 συνεπτυγμένην
832 1244 1024 1314 ἀρχὴν,
1072 1244 1150 1305 εἰς
1194 1243 1291 1313 τὴν
1319 1241 1466 1312 ἱερὰν
1518 1239 1784 1292 ποικιλίαν

207 1334 326 1385 τῶν
352 1333 631 1404 συμϐόλων
675 1332 1063 1402 φιλανθρώπως
1089 1331 1442 1402 πληθύνηται,
1481 1331 1574 1382 καὶ
1626 1330 1786 1400 μέχρι

214 1427 405 1498 πάσης
429 1428 596 1498 χωρεῖ
617 1426 661 1457 ⁸⁵
687 1426 786 1494 τῆς
813 1425 1102 1496 θεαρχικῆς
1127 1422 1535 1496 εἰκονογραιρίας
1562 1425 1627 1487 ⁸⁸,
1673 1422 1786 1475 ἀλλ’

212 1517 467 1581 ἐνοειδῶς
494 1519 557 1569 ἐκ
582 1517 784 1570 τούτων
811 1514 962 1581 αὖθις
989 1519 1068 1580 εἰς
1091 1518 1187 1587 τὴν
1213 1517 1416 1569 οἰκείαν
1444 1516 1643 1586 μονάδα
1669 1532 1789 1567 συν-

213 1611 444 1680 άγεται,
493 1609 588 1662 καὶ
652 1611 880 1662 ἐνοποιεί
925 1612 1048 1674 τοὺς
1097 1611 1181 1663 ἐπ’
1206 1611 1371 1682 αὐτὴν
1401 1609 1558 1680 ἰερῶς
1592 1610 1788 1675 ἀναγο-

217 1705 440 1776 μένους.
471 1704 628 1757 Κατὰ
649 1705 740 1756 τὸν
787 1703 947 1757 αὐτὸν
990 1704 1054 1775 δὴ
1076 1706 1118 1736 ⁸⁷
1149 1704 1353 1774 θεοειδῆ
1378 1704 1571 1774 τρόπον
1597 1705 1624 1755 ὁ
1651 1703 1789 1765 θεῖος

1885 521 2023 572 sacri
2056 535 2215 572 causa
2245 527 2623 572 revertentem.
2658 518 2878 572 Summa
2917 520 3180 585 siquidem
3207 521 3291 574 illa
3323 523 3448 577 Dei-

1889 621 1989 670 tas,
2024 625 2142 676 qua:
2173 611 2510 664 beatitudine
2566 611 2779 663 cunctis
2812 612 3105 674 antecellit,
3135 614 3234 667 etsi
3266 616 3446 670 divina

1885 700 2216 768 benignitate
2247 701 2313 754 ad
2368 701 2686 770 participuni
2749 703 2829 754 sui
2893 717 3166 757 sacrorum
3223 709 3448 774 prodeat

1886 791 2342 854 cou‘imunionem,
2399 807 2740 861 nequaquam
2775 803 2950 846 tamen
3009 811 3037 847 3
3089 807 3296 851 natura:
3338 815 3450 853 sua}

1886 880 2062 933 stabili
2098 881 2360 948 firmoque
2408 891 2548 934 statu
2594 883 2845 943 discedit,
2889 885 2983 936 sed
3020 887 3145 939 dum
3195 890 3449 942 omnibus

1886 972 1975 1040 qui
2009 972 2246 1025 divinam
2300 973 2702 1026 similitudinem
2749 989 2858 1042 prte
2910 992 2968 1030 se
3016 977 3196 1032 ferunt
3228 996 3324 1048 pro
3357 996 3451 1034 cu-

1881 1062 2076 1131 jusque
2111 1073 2269 1130 captu
2329 1063 2580 1128 collucet,
2624 1080 2804 1119 secum
2853 1082 2975 1121 vere
3021 1080 3220 1130 manet.
3275 1088 3450 1139 neque

1890 1153 2180 1222 quidquam
2212 1155 2277 1207 ab
2328 1156 2608 1208 identitate
2648 1172 2740 1210 sua
2792 1159 3124 1224 dimovetur;
3176 1163 3338 1217 simili
3367 1181 3454 1218 ra‘

1894 1244 2036 1297 tioue
2077 1246 2313 1299 divinum
2341 1246 2473 1299 illud
2500 1265 2768 1319 synaxeos
2801 1263 3221 1314 sacramentum,
3253 1271 3451 1320 quam-

1891 1335 1974 1385 vis
2033 1335 2306 1401 singulare
2355 1337 2550 1392 habeat
2594 1356 2657 1392 ac
2715 1341 2936 1407 simplex
3008 1354 3453 1412 compactumque

1891 1424 2229 1494 principium,
2289 1431 2428 1496 quod
2490 1430 2857 1499 symbolorum
2918 1432 3177 1486 varietate
3224 1435 3454 1504 benigno

1890 1519 2292 1586 multiplicetur,
2322 1534 2377 1573 et
2423 1522 2489 1574 ad
2522 1539 2736 1576 onmem
2776 1524 2864 1577 Dei
2891 1526 3246 1592 principalem
3277 1544 3335 1582 se
3359 1544 3454 1582 ex-

1892 1608 2079 1661 tendat
2121 1607 2542 1677 eﬂigiationem;
2599 1613 2944 1668 unifortniter
3001 1625 3174 1669 tamen
3207 1620 3273 1670 ad
3325 1635 3452 1686 pro-

1890 1699 2060 1768 priam
2112 1714 2170 1752 se
2198 1699 2371 1753 denuo
2421 1703 2624 1769 colligit
2668 1706 2948 1764 unitatem,
3002 1717 3162 1776 atque
3205 1711 3254 1762 iu
3288 1727 3451 1766 unum

214 1797 502 1868 ῖεράρχης,
529 1797 577 1848 εἰ
625 1796 717 1849 καί
761 1797 858 1867 τὴν
907 1797 1112 1849 ἐνιαίαν
1159 1795 1320 1848 αὐτοῦ
1363 1795 1462 1864 τῆς
1512 1796 1790 1866 ἱεραρχίας

1899 1792 2084 1860 redigit
2111 1808 2203 1845 eos
2236 1793 2326 1858 qui
2361 1793 2426 1845 ad
2463 1809 2520 1846 se
2551 1805 2736 1848 sancte
2769 1797 3057 1852 ducuntur.
3090 1799 3206 1852 Pari
3230 1818 3452 1870 prorsus

213 1887 535 1955 ἐπιστήμην
557 1885 602 1916 ⁸⁸
630 1883 956 1952 ἀγαθοειδῶς
982 1885 1060 1947 εἰς
1085 1883 1208 1946 τοὺς
1233 1881 1634 1951 ὑποϐεϐηκότας
1661 1898 1793 1932 κατ-

214 1975 364 2042 άγει,
393 1975 507 2035 τοῖς
552 1973 658 2025 τῶν
687 1972 846 2043 ἱερῶν
885 1973 1214 2042 αἰνιγμάτων
1238 1969 1458 2040 πλήθεσι
1485 1967 1758 2040 χρώμενος
1778 1983 1789 1998 ⁸

215 2064 336 2118 ἀλλ’
361 2061 539 2128 αὖθις,
565 2064 640 2126 ὡς
666 2063 930 2127 ἀπόλυτος
954 2065 1046 2117 καὶ¹
1091 2067 1203 2127 τοῖς
1248 2064 1462 2133 ἥττοσιν
1486 2061 1791 2131 ἀκατάσχε-

213 2173 331 2221 τος,
361 2157 444 2218 εἰς
466 2154 567 2224 τὴν
590 2155 794 2207 οἰκείαν
820 2157 990 2226 ἀρχὴν
1029 2154 1311 2225 ἀμειώτως
1333 2154 1788 2218 ἀποκαθίσταται,

217 2253 317 2304 καὶ
341 2252 443 2322 τὴν
471 2251 550 2313 εἰς
571 2249 630 2302 τὸ
655 2249 712 2301 ἓν
739 2249 930 2301 ἑαυτοῦ
953 2249 996 2280 ⁸³
1027 2246 1217 2317 νοεράν
1263 2247 1624 2316 ποιησάμενος
1649 2246 1791 2297 εἵσο-

214 2343 330 2410 δον,
355 2345 461 2414 ὁρᾷ
483 2342 740 2413 καθαρῶς
763 2341 1020 2405 τοῦς-τῶν
1062 2339 1394 2409 τελουμένων
1440 2339 1683 2401 ἐνοειδείς
1707 2337 1792 2389 λό-

216 2448 373 2499 γους,
397 2432 500 2502 τῆς
545 2432 636 2484 ἐπὶ
681 2431 750 2484 τὰ
797 2431 1021 2502 δεύτερα
1068 2427 1441 2500 φιλανθρώπου
1485 2427 1706 2498 προόδου
1732 2427 1791 2478 τὸ

217 2527 396 2596 πέρας
447 2526 546 2597 τὴν
593 2527 673 2589 εἰς
733 2525 801 2578 τὰ
868 2523 1056 2594 πρῶτα
1125 2521 1398 2591 θειοτέραν
1466 2520 1793 2588 ἐπιστροφὴν

219 2618 379 2669 ποιοῦ
387 2632 568 2685 μενος.

1897 1897 2069 1949 eoque
2099 1881 2345 1935 deiformi
2377 1885 2534 1937 modo
2575 1886 2787 1939 divinus
2832 1889 3094 1955 pontifex,
3130 1892 3228 1944 elsi
3265 1893 3451 1958 singu-

1896 1971 2065 2026 larem
2093 1975 2256 2028 divini
2292 1977 2628 2044 principatus
2685 1979 2764 2031 sui
2805 1981 3089 2034 scientiam
3129 1983 3179 2035 in
3215 1985 3455 2039 subditos

1893 2064 2151 2119 benevole
2179 2067 2406 2133 derivet,
2448 2069 2572 2120 dum
2595 2071 2934 2137 mniginatum
2967 2087 3244 2126 sacrorum
3279 2076 3454 2130 varie-

1896 2158 2096 2209 tatibus
2124 2158 2322 2217 utitur:
2355 2176 2542 2213 rursus
2579 2175 2778 2224 tamen,
2804 2177 2900 2214 ceu
2930 2163 3208 2218 absolutus
3236 2181 3263 2218 a
3293 2168 3456 2221 rebus

1895 2247 2242 2302 inferioribus
2275 2265 2338 2303 ac
2364 2249 2524 2316 liber,
2557 2253 2620 2303 ad
2643 2255 2920 2321 pr0prium
2939 2255 3260 2323 principium
3297 2275 3453 2313 suum

1898 2339 2106 2408 integre
2133 2343 2448 2404 revertitur,
2479 2345 2812 2413 spiritalique
2837 2360 2933 2398 suo
2957 2348 3007 2398 in
3038 2362 3200 2400 unum
3231 2349 3454 2403 introitu

1897 2431 2159 2498 perfecto,
2195 2433 2499 2500 singulares
2551 2435 2682 2488 istas
2729 2447 3194 2491 sacramentorum
3222 2440 3460 2496 rationes

1899 2538 2029 2590 pura
2061 2535 2238 2577 mente
2269 2527 2464 2590 cernit,
2514 2525 2638 2580 dum
2673 2528 2889 2595 benigni
2925 2530 3258 2600 humanique
3282 2535 3360 2586 sui
3391 2537 3455 2587 ad

1900 2611 2154 2666 inferiora
2190 2631 2505 2684 progressus
2561 2618 2722 2672 tinem
2785 2622 3107 2676 diviniorem
3159 2625 3225 2676 ad
3286 2624 3458 2693 prima

1903 2703 2031 2759 facit
2054 2708 2442 2762 reversionem.

1767 2906 1792 2976 §
1834 2904 1938 2964 IV.

308 3069 457 3124 Ἠδέ
478 3069 587 3123 τῶν
633 3069 862 3140 ψαλμῶν
912 3069 1178 3140 ἰερολογία
1225 3068 1622 3139 συνουσιωμένη
1676 3069 1794 3120 πᾶσι

1980 3068 2315 3125 Psalmorum
2373 3087 2534 3141 porro
2565 3087 2718 3127 sacra
2774 3073 3087 3138 modulatio,
3115 3089 3234 3144 qua:
3266 3088 3458 3148 IltYSlc-

226 3163 418 3234 σχεδὸν
489 3164 602 3224 τοῖς
659 3164 988 3232 ἱεραρχικοῖς
1040 3161 1388 3232 μυστηρίοις,
1436 3163 1535 3213 οὐκ
1582 3160 1800 3231 ἔμελλεν

221 3249 561 3323 ὰπηρτίσθαι
583 3249 676 3303 τοῦ
707 3251 920 3304 πάντων
947 3252 1399 3322 ἱεραρχικωτάτου
1424 3252 1469 3284 ⁸ο
1492 3269 1504 3280 ο
1535 3253 1682 3304 πᾶσα
1707 3252 1802 3321 μὲν

223 3343 335 3414 γὰρ
361 3342 486 3412 ἱερά
511 3342 607 3395 καὶ
631 3343 962 3412 ἀγιόγραφος
1007 3343 1207 3406 δέλτος,
1254 3342 1285 3412 ἢ
1329 3344 1428 3413 τὴν
1451 3345 1514 3396 ἐκ
1540 3343 1673 3396 Θεοῦ
1695 3343 1802 3395 τῶν

226 3431 396 3486 ὄντων
424 3432 686 3503 γεννητὴν
714 3431 944 3503 ῦπαρξίν
989 3450 1046 3485 τε
1097 3435 1191 3486 καὶ
1235 3433 1605 3504 διακόσμησιν,
1647 3433 1834 3504 ῆτὴν.

223 3525 460 3596 νομικὴν
486 3524 765 3595 ίεραρχίαν
815 3527 910 3577 καὶ
955 3525 1252 3590 πολιτείαν,
1306 3525 1339 3595 ἢ
1389 3525 1497 3579 τῶν
1537 3525 1629 3578 τοῦ
1659 3525 1800 3578 θείου

223 3613 358 3669 λαοῦ
411 3613 770 3685 κληροδοσιῶν
812 3613 1152 3686 διανεμήσεις
1200 3617 1292 3668 καὶ
1339 3617 1722 3686 κατασχέσεις,
1768 3617 1800 3686 ἢ

226 3706 437 3778 κριτῶν
462 3704 708 3778 ἱερῶν,ῆ
752 3706 1012 3776 βασιλέων
1062 3708 1260 3777 σοφῶν,
1314 3708 1346 3779 ἢ
1395 3709 1581 3780 ἱερέων
1609 3709 1803 3762 ἐνθέων

228 3798 533 3870 σύνεσιν,ῆ
589 3799 830 3852 παλαιῶν
878 3800 1082 3871 ἀνδρῶν
1109 3802 1167 3854 ἐν
1215 3801 1453 3872 ποικιλίᾳ
1473 3803 1566 3854 καὶ
1615 3801 1803 3873 πλήθει

225 3891 336 3943 τῶν
361 3891 622 3944 ἀνιόντων
665 3893 707 3923 ⁹¹
756 3892 1140 3946 ἀκατάσειστον
1188 3894 1244 3946 ἐν
1290 3895 1552 3965 καρτερίᾳ
1597 3895 1804 3962 φιλοσο-

230 3984 382 4052 φίαν,
471 3983 578 4036 τῶν
605 3985 890 4054 πρακτέων
917 3985 1084 4053 σοφὰς
1110 3985 1404 4057 ὑποθήκας,
1432 3988 1463 4058 ἢ
1489 3988 1644 4040 θείων
1671 3986 1803 4058 ἐρώ-

227 4093 339 4128 των
363 4075 586 4146 ᾅσματα
611 4076 704 4127 καὶ
729 4075 944 4140 ἐνθέους
965 4077 1195 4142 εἰκόνας,
1222 4077 1254 4148 ἢ
1278 4078 1386 4130 τῶν
1409 4079 1679 4148 ἐσομένων
1705 4077 1803 4141 τὰς

231 4167 578 4238 ὖποςοητικάς
629 4170 1145 4240 προαναρῤήσεις,ἢ
1189 4169 1288 4233 τὰς
1323 4170 1579 4241 ἀνδρικάς
1629 4169 1800 4239 Ἰησοῦ

231 4256 524 4329 θεουργίας
546 4260 610 4320 θ’,
639 4259 672 4330 ἢ
700 4257 796 4322 τὰς
840 4259 946 4312 τῶν
971 4261 1133 4314 αὑτοῦ
1181 4261 1431 4332 μαθητῶν
1476 4262 1802 4333 θεοπαραδό-

229 4364 358 4411 τους
403 4349 498 4400 καὶ
543 4349 904 4421 θεομιμήτους
941 4351 1211 4414 πολιτείας
1240 4352 1332 4404 καὶ
1357 4351 1505 4422 ἱερὰς
1552 4352 1804 4406 διδασκα-

1906 3160 2001 3215 riis
2036 3163 2390 3217 hierarcliicis
2438 3160 2552 3218 fere
2603 3165 2853 3220 omnibus
2904 3168 3056 3234 quasi
3095 3170 3464 3225 substantialis

1904 3251 2270 3321 conjungitur,
2329 3254 2396 3308 ab
2442 3255 2685 3307 omnium
2747 3246 3094 3312 sane'tissimo
3123 3274 3460 3329 nequaquam

1903 3352 2022 3397 erat
2071 3343 2413 3408 divellenda;
2460 3347 2637 3400 omnis
2679 3362 2911 3416 namque
2949 3363 3118 3404 sacra:
3169 3349 3465 3419 Scripturae

1905 3445 2083 3489 textus
2129 3436 2214 3489 vel
2244 3438 2521 3491 conditam
2579 3453 2609 3490 a
2653 3440 2763 3494 Deo
2793 3455 2970 3493 rerum
3004 3442 3361 3497 substantiam
3400 3461 3464 3499 ae

1905 3526 2453 3594 dispositionem,vel
2513 3529 2737 3599 legalem
2799 3532 3163 3587 liierareliiam
3215 3551 3278 3588 ac
3330 3536 3466 3603 poli-

1907 3618 2056 3685 tiam,
2090 3619 2173 3673 vel
2212 3619 2585 3674 haereditatum
2616 3620 2774 3690 190
2806 3623 2972 3676 divini
2998 3625 3176 3693 populi
3210 3626 3466 3680 distribu-

1907 3713 2077 3765 tiones
2108 3727 2169 3765 ac
2196 3712 2590 3779 possessiones,
2647 3714 2730 3766 vel
2761 3730 3041 3770 sacrorum
3083 3717 3324 3786 judicum
3380 3734 3465 3772 re-

1903 3817 2095 3872 gumve
2144 3803 2467 3871 sapientium
2527 3815 2690 3872 atque
2749 3807 3094 3860 sacerdotum
3159 3809 3462 3862 divinorum

1904 3895 2267 3964 prudentiam,
2320 3896 2406 3949 vel
2459 3897 2762 3964 priscorum
2823 3899 3062 3952 virorum
3120 3901 3174 3954 in
3229 3902 3462 3956 tristium

1904 3991 2171 4043 varietate
2227 4006 2287 4044 ac
2335 3991 2737 4059 multiplicitate
2789 4007 3013 4046 casuum
3083 3993 3464 4050 inconcussam

1907 4082 2206 4136 tolerantia:
2256 4082 2674 4152 philosophiam,
2732 4093 2825 4136 aut
2873 4084 3143 4152 sapientes
3171 4101 3347 4140 rerum
3375 4099 3466 4154 ge—

1905 4177 2196 4228 rendarum
2225 4176 2638 4244 pra-ceptiones,
2691 4177 2775 4229 vel
2820 4192 3062 4230 amorum
3092 4178 3299 4231 cantica
3328 4179 3465 4232 divi-

1905 4282 2095 4320 norum
2146 4267 2522 4337 imaginesque
2553 4269 2782 4331 divinas,
2839 4267 2920 4320 vel
2956 4284 3228 4337 praesagas
3260 4269 3465 4324 futuro-

1905 4374 2020 4411 rum
2048 4358 2444 4427 prmdictiones,
2465 4360 2548 4414 vel
2581 4359 2764 4413 viriles
2794 4358 2924 4413 Jcsu
2962 4360 3056 4414 Dei
3097 4361 3460 4427 operationes.

227 4440 373 4503 λίας,
404 4439 560 4510 ἦτὴν
583 4439 816 4510 κρυφίαν
866 4440 959 4492 καὶ
1005 4441 1266 4510 μυστικὴν
1311 4441 1537 4510 ἐποψίαν
1579 4442 1672 4494 τοῦ
1697 4442 1794 4496 τῶκ.

1910 4448 2265 4519 ejusdemque
2317 4452 2707 4519 discipulorum
2755 4451 3015 4505 divinitus
3063 4453 3258 4506 tradita
3293 4462 3348 4507 et
3398 4455 3464 4506 ad

232 4530 494 4603 μαθητῶν
519 4530 798 4601 ἀγαπητοῦ
817 4532 909 4584 καὶ
933 4532 1290 4602 θεσπεσίου,ἥ
1317 4534 1414 4604 τὴν
1439 4534 1802 4605 ὑπερκόσμιον

241 4621 420 4692 Ἰησοῦ
445 4620 715 4689 θεολογίαν
736 4625 847 4686 τοῖς
872 4623 1006 4694 πρὸς
1034 4623 1223 4676 θέωσιν
1249 4625 1566 4695 ἐπιτηδείοις
1594 4626 1804 4696 ὑφηγή-

231 4729 385 4776 σατο,
437 4713 531 4764 καὶ
574 4717 694 4776 ταῖς
743 4715 914 4786 ἱεραῖς
943 4715 1053 4767 τῶν
1099 4714 1326 4767 τελετῶν
1379 4715 1472 4767 καὶ
1518 4714 1803 4768 θεοειδέσιν

228 4803 547 4870 ἀναγωγαῖς
572 4805 978 4876 συνερρίζωσεν.
1011 4806 1074 4857 Ἡ
1097 4805 1152 4859 δὲ
1179 4805 1284 4858 τῶν
1315 4806 1471 4859 θείων
1495 4807 1643 4877 ᾠδῶν
1667 4811 1806 4879 ἱερο-

229 4895 465 4968 γραιρία,
496 4897 693 4950 σκοπὸν
716 4897 908 4967 ἔχουσα
931 4897 1026 4960 τὰς
1049 4897 1318 4967 θεολογίας
1340 4915 1397 4950 τε
1419 4899 1508 4951 καὶ
1524 4899 1802 4970 θεουργίας

228 4985 453 5049 ἁπάσας
477 4987 732 5056 ὑμνῆσαι,
759 4989 854 5040 καί
897 4987 996 5050 τὰς
1048 4988 1154 5040 τῶν
1177 4987 1334 5042 θείων
1371 4988 1578 5059 ἀνδρῶν
1605 4990 1803 5060 ἱερολο-

230 5078 362 5145 γίάς
387 5095 448 5130 τε
474 5079 564 5131 καὶ
613 5079 917 5150 ἱερουργίας
963 5079 1191 5140 αἰνέσαι,
1239 5079 1529 5150 καθολικὴν
1573 5084 1801 5133 ποιεῖται

231 5166 344 5220 τῶν
367 5167 527 5221 θείων
551 5169 689 5240 ᾠδὴν
719 5170 812 5224 καὶ
834 5171 1124 5240 ἀφήγησιν,
1164 5169 1298 5238 πρὸς
1347 5169 1525 5240 πάσης
1566 5171 1804 5240 ἱεραρχι-

1911 4539 2078 4593 Deum
2139 4539 2464 4594 imitandum
2520 4542 2875 4594 conducentia
2929 4541 3051 4595 vitae
3105 4543 3348 4597 instituta
3373 4546 3468 4599 do-'

1909 4630 2223 4698 ctrinasque
2254 4646 2465 4694 sacras,
2522 4646 2846 4685 arcanamve
2902 4632 3046 4686 illam
3074 4637 3467 4705 mysticamque

1911 4721 2172 4774 visionem
2225 4721 2473 4790 discipuli
2523 4723 2706 4776 dilecti
2738 4723 3036 4792 divinique,
3084 4736 3244 4793 atque
3275 4741 3492 4796 super--

1915 4811 2244 4863 mundialem
2279 4811 2402 4865 .lesu
2437 4812 2763 4880 theologiam
2813 4811 2879 4865 iis
2910 4816 3000 4880 qui
3051 4812 3344 4866 divinitatis
3377 4829 3468 4866 ca-

1910 4915 2072 4969 paces
2106 4909 2230 4953 sunt
2267 4903 2532 4968 exposuit,
2595 4902 2876 4971 sacrisque
2923 4917 3045 4955 cum
3095 4915 3467 4956 sacramento-

1914 5005 2031 5042 rum
2087 4999 2195 5042 tum
2247 4991 2310 5044 ad
2343 4991 2435 5044 Dei
2476 4990 2703 5044 formam
2745 4995 3179 5061 consequendam
3216 4992 3355 5059 aptis
3388 4992 3468 5042 iu-

1911 5079 2279 5132 stitutionibus
2328 5079 2692 5134 conﬁrmavit.
2755 5081 2920 5134 Sacra
2976 5096 3106 5135 vero
3155 5081 3465 5134 divinorum

1910 5173 2211 5225 carminum
2259 5171 2572 5241 descriptio,
2627 5173 2713 5226 cui
2765 5184 2959 5228 cuncta
3007 5172 3102 5227 Dei
3149 5187 3311 5242 opera
3354 5172 3468 5225 clo-

1501 5341 1733 5400 VARIE
1774 5343 2171 5400 LECTIONES.
2196 5393 2199 5400 .

308 5523 350 5555 ⁸¹
379 5523 678 5593 εὐκοσμίας
708 5523 767 5577 D.
799 5524 856 5580 S.
883 5526 940 5580 Β.

234 5593 456 5676 8.15M.
511 5595 576 5676 ,ξ’
606 5595 864 5676 χωρῇκδ.
904 5595 962 5676 Βἶ

237 5666 338 5734 στή
345 5681 476 5736 μην,
511 5665 568 5716 D.

1016 5525 1061 5557 θ’
1087 5526 1236 5590 αὐτό,
1267 5526 1326 5578 D.
1360 5527 1416 5580 S.
1443 5529 1563 5581 Sar.

1065 5597 1110 5667 βξ
1138 5599 1454 5667 ἱεραρχικῆς
1474 5639 1486 5658 ,
1520 5598 1577 5667 Pr.
1620 5596 1678 5648 Β.

597 5681 623 5738 ἓ,
649 5665 746 5734 τῆς
779 5667 1053 5738 θεαρχίας,
1084 5665 1141 5718 Ρ.
1194 5665 1261 5698 ⁷⁸9
1287 5665 1372 5738 γρ.
1402 5665 1584 5720 αὑτοῦ.
1624 5669 1667 5698 9°

1639 5527 1684 5557 ⁸³
1710 5526 1858 5596 ἱερὰν
1887 5526 2186 5588 κοινωνίαν,
2229 5525 2325 5578 Lb.
2365 5526 2419 5578 Β.
2460 5527 2516 5580 S.
2552 5527 2672 5582 Sar.

1781 5597 1822 5626 ³⁷
1857 5596 1946 5656 δέ,
1981 5596 2135 5647 1).Μ.
2172 5597 2260 5650 Sc.

1694 5666 2030 5736 ἀπηρτῆσθαι
2057 5665 2148 5718 τοῦ
2178 5667 2569 5733 ἁρχικωτάτου,
2604 5673 2659 5722 Ι).
2681 5680 2730 5720 et
2765 5668 2847 5732 V.;
2873 5665 3461 5736 navtspapxtxwtimu,

2749 5529 2792 5558 ⁸³
2823 5529 2917 5579 καί
2948 5542 3050 5578 non
3088 5536 3170 5579 est
3207 5525 3255 5576 iu
3289 5523 3345 5576 P.
3398 5524 3458 5579 D.

2361 5598 2403 5627 ⁸⁸
2430 5599 2618 5650 ἑαυτοῦ
2639 5639 2651 5659 ,
2705 5598 2770 5650 Μ.
2804 5602 2927 5658 Sc.;
2978 5595 3295 5666 ἱεραρχικὴν
3325 5593 3460 5674 ’ἐπι-

229 5733 359 5816 “Sal,
413 5733 472 5766 V"
501 5733 794 5801 ἀνιὼντων,
825 5733 1096 5796 sci-Sara
1124 5738 1194 5792 ita
1219 5733 1431 5807 cori-ign
1467 5739 1596 5791 Bud.
1632 5748 1682 5792 et
1715 5733 1862 5791 vuln.
1898 5733 1950 5788 '2.
2029 5738 2071 5767 θλ
2101 5737 2376 5807 θεαρχίας,
2419 5741 2476 5793 υ.
