  <div class='ocr_page' id='page_1' title='image "/cluster/home/n/w/nwhite01/storage/ocr_20150623/3/nnc1.0046978666/239.png"; bbox 0 0 3874 6228; ppageno 0'>
   <div class='ocr_carea' id='block_1_1' title="bbox 370 253 1949 324">
    <p class='ocr_par' dir='ltr' id='par_1_1' title="bbox 370 257 1922 324">
     <span class='ocr_line' id='line_1_1' title="bbox 370 257 1922 324; baseline -0.008 -1"><span class='ocrx_word' id='word_1_1' title='bbox 370 267 468 324; x_wconf 71' lang='grc'><strong>631</strong></span> <span class='ocrx_word' id='word_1_2' title='bbox 1535 259 1586 316; x_wconf 82' lang='lat' dir='ltr'><strong>S.</strong></span> <span class='ocrx_word' id='word_1_3' title='bbox 1624 257 1922 315; x_wconf 75' lang='lat' dir='ltr'><strong>DlONYSll</strong></span> 
     </span>
    </p>
   </div>
   <div class='ocr_carea' id='block_1_2' title="bbox 2052 253 3617 324">
    <p class='ocr_par' dir='ltr' id='par_1_2' title="bbox 2058 253 3617 313">
     <span class='ocr_line' id='line_1_2' title="bbox 2058 253 3617 313; baseline -0.004 -1"><span class='ocrx_word' id='word_1_4' title='bbox 2058 255 2424 313; x_wconf 67' lang='lat' dir='ltr'><strong>EOPAGITIE</strong></span> <span class='ocrx_word' id='word_1_5' title='bbox 3509 253 3617 308; x_wconf 61' lang='grc' dir='ltr'><strong>τε</strong></span> 
     </span>
    </p>
   </div>
   <div class='ocr_carea' id='block_1_3' title="bbox 372 365 1949 456">
    <p class='ocr_par' dir='ltr' id='par_1_3' title="bbox 372 374 1943 456">
     <span class='ocr_line' id='line_1_3' title="bbox 372 374 1943 456; baseline -0.01 -15"><span class='ocrx_word' id='word_1_6' title='bbox 372 380 609 456; x_wconf 79' lang='lat' dir='ltr'><strong>quiaque</strong></span> <span class='ocrx_word' id='word_1_7' title='bbox 639 382 938 443; x_wconf 81' lang='lat' dir='ltr'><strong>celebrare,</strong></span> <span class='ocrx_word' id='word_1_8' title='bbox 968 395 1069 435; x_wconf 87' lang='lat' dir='ltr'><strong>nec</strong></span> <span class='ocrx_word' id='word_1_9' title='bbox 1094 393 1200 434; x_wconf 91' lang='lat' dir='ltr'><strong>non</strong></span> <span class='ocrx_word' id='word_1_10' title='bbox 1238 392 1431 433; x_wconf 88' lang='lat' dir='ltr'><strong>sacros</strong></span> <span class='ocrx_word' id='word_1_11' title='bbox 1461 376 1705 431; x_wconf 86' lang='lat' dir='ltr'><strong>virorum</strong></span> <span class='ocrx_word' id='word_1_12' title='bbox 1736 374 1943 428; x_wconf 88' lang='lat' dir='ltr'><strong>divino-</strong></span> 
     </span>
    </p>
   </div>
   <div class='ocr_carea' id='block_1_4' title="bbox 2052 365 3619 456">
    <p class='ocr_par' dir='ltr' id='par_1_4' title="bbox 2052 365 3619 442">
     <span class='ocr_line' id='line_1_4' title="bbox 2052 365 3619 442; baseline -0.003 -18"><span class='ocrx_word' id='word_1_13' title='bbox 2052 372 2143 442; x_wconf 80' lang='grc' dir='ltr'><strong>κῆς</strong></span> <span class='ocrx_word' id='word_1_14' title='bbox 2188 370 2407 441; x_wconf 83' lang='grc' dir='ltr'>τελετῆς</span> <span class='ocrx_word' id='word_1_15' title='bbox 2454 370 2718 442; x_wconf 78' lang='grc' dir='ltr'>ὑποδοχὴν</span> <span class='ocrx_word' id='word_1_16' title='bbox 2767 369 2861 422; x_wconf 74' lang='grc' dir='ltr'>καὶ</span> <span class='ocrx_word' id='word_1_17' title='bbox 2906 366 3185 437; x_wconf 73' lang='grc' dir='ltr'><strong>μετάδοσιν</strong></span> <span class='ocrx_word' id='word_1_18' title='bbox 3230 365 3344 432; x_wconf 71' lang='grc' dir='ltr'>ἕξιν</span> <span class='ocrx_word' id='word_1_19' title='bbox 3406 366 3619 419; x_wconf 80' lang='grc' dir='ltr'><strong>οἰκείαν</strong></span> 
     </span>
    </p>
   </div>
   <div class='ocr_carea' id='block_1_5' title="bbox 358 457 1949 536">
    <p class='ocr_par' dir='ltr' id='par_1_5' title="bbox 358 466 1941 536">
     <span class='ocr_line' id='line_1_5' title="bbox 358 466 1941 536; baseline -0.008 -5"><span class='ocrx_word' id='word_1_20' title='bbox 358 466 492 532; x_wconf 74' lang='grc' dir='ltr'>’τιιιη</span> <span class='ocrx_word' id='word_1_21' title='bbox 524 491 647 531; x_wconf 89' lang='lat' dir='ltr'><strong>cum</strong></span> <span class='ocrx_word' id='word_1_22' title='bbox 680 487 962 531; x_wconf 81' lang='lat' dir='ltr'><strong>sermones</strong></span> <span class='ocrx_word' id='word_1_23' title='bbox 1001 482 1111 527; x_wconf 92' lang='lat' dir='ltr'><strong>tum</strong></span> <span class='ocrx_word' id='word_1_24' title='bbox 1142 471 1385 525; x_wconf 79' lang='lat' dir='ltr'><strong>actiones</strong></span> <span class='ocrx_word' id='word_1_25' title='bbox 1413 468 1724 524; x_wconf 89' lang='lat' dir='ltr'><strong>collaudare</strong></span> <span class='ocrx_word' id='word_1_26' title='bbox 1744 480 1941 536; x_wconf 88' lang='lat' dir='ltr'><strong>propo-</strong></span> 
     </span>
    </p>
   </div>
   <div class='ocr_carea' id='block_1_6' title="bbox 2052 457 3309 536">
    <p class='ocr_par' dir='ltr' id='par_1_6' title="bbox 2052 457 3309 532">
     <span class='ocr_line' id='line_1_6' title="bbox 2052 457 3309 532; baseline -0.002 -19"><span class='ocrx_word' id='word_1_27' title='bbox 2052 461 2347 532; x_wconf 78' lang='grc' dir='ltr'>ἐμποιοῦσα</span> <span class='ocrx_word' id='word_1_28' title='bbox 2388 464 2500 525; x_wconf 87' lang='grc' dir='ltr'>τοῖς</span> <span class='ocrx_word' id='word_1_29' title='bbox 2526 462 2721 525; x_wconf 81' lang='grc' dir='ltr'>ἐνθέως</span> <span class='ocrx_word' id='word_1_30' title='bbox 2746 460 2911 531; x_wconf 82' lang='grc' dir='ltr'>αὐτὴν</span> <span class='ocrx_word' id='word_1_31' title='bbox 2935 457 3309 530; x_wconf 81' lang='grc' dir='ltr'>ἱερολογοῦσιν.</span> 
     </span>
    </p>
   </div>
   <div class='ocr_carea' id='block_1_7' title="bbox 370 550 3618 636">
    <p class='ocr_par' dir='ltr' id='par_1_7' title="bbox 370 550 3618 636">
     <span class='ocr_line' id='line_1_7' title="bbox 370 550 3618 636; baseline -0.006 -13"><span class='ocrx_word' id='word_1_32' title='bbox 370 570 533 624; x_wconf 89' lang='lat' dir='ltr'><strong>situm</strong></span> <span class='ocrx_word' id='word_1_33' title='bbox 574 577 679 631; x_wconf 88' lang='lat' dir='ltr'><strong>est,</strong></span> <span class='ocrx_word' id='word_1_34' title='bbox 744 566 1054 636; x_wconf 79' lang='lat' dir='ltr'><strong>generalem</strong></span> <span class='ocrx_word' id='word_1_35' title='bbox 1102 564 1403 618; x_wconf 91' lang='lat' dir='ltr'><strong>introducit</strong></span> <span class='ocrx_word' id='word_1_36' title='bbox 1437 577 1617 617; x_wconf 89' lang='lat' dir='ltr'><strong>rerum</strong></span> <span class='ocrx_word' id='word_1_37' title='bbox 1664 560 1973 614; x_wconf 83' lang='lat' dir='ltr'><strong>divinarum</strong></span> <span class='ocrx_word' id='word_1_38' title='bbox 2004 569 2223 610; x_wconf 91' lang='lat' dir='ltr'><strong>cantum</strong></span> <span class='ocrx_word' id='word_1_39' title='bbox 2254 566 2308 611; x_wconf 88' lang='lat' dir='ltr'><strong>et</strong></span> <span class='ocrx_word' id='word_1_40' title='bbox 2337 557 2753 625; x_wconf 75' lang='lat' dir='ltr'><strong>expositionem,</strong></span> <span class='ocrx_word' id='word_1_41' title='bbox 2787 557 2911 611; x_wconf 90' lang='lat' dir='ltr'><strong>dum</strong></span> <span class='ocrx_word' id='word_1_42' title='bbox 2939 554 3007 607; x_wconf 91' lang='lat' dir='ltr'><strong>ad</strong></span> <span class='ocrx_word' id='word_1_43' title='bbox 3057 552 3233 606; x_wconf 86' lang='lat' dir='ltr'><strong>omnia</strong></span> <span class='ocrx_word' id='word_1_44' title='bbox 3284 551 3425 605; x_wconf 87' lang='lat' dir='ltr'><strong>sacri</strong></span> <span class='ocrx_word' id='word_1_45' title='bbox 3473 550 3618 604; x_wconf 89' lang='lat' dir='ltr'><strong>ordi-</strong></span> 
     </span>
    </p>
   </div>
   <div class='ocr_carea' id='block_1_8' title="bbox 369 645 3616 724">
    <p class='ocr_par' dir='ltr' id='par_1_8' title="bbox 369 645 3616 724">
     <span class='ocr_line' id='line_1_8' title="bbox 369 645 3616 724; baseline -0.007 -9"><span class='ocrx_word' id='word_1_46' title='bbox 369 662 457 715; x_wconf 86' lang='lat' dir='ltr'><strong>nis</strong></span> <span class='ocrx_word' id='word_1_47' title='bbox 507 667 875 722; x_wconf 88' lang='lat' dir='ltr'><strong>sacramenta,</strong></span> <span class='ocrx_word' id='word_1_48' title='bbox 932 657 1048 712; x_wconf 87' lang='lat' dir='ltr'><strong>sive</strong></span> <span class='ocrx_word' id='word_1_49' title='bbox 1099 654 1443 724; x_wconf 81' lang='lat' dir='ltr'><strong>suscipienda</strong></span> <span class='ocrx_word' id='word_1_50' title='bbox 1490 654 1607 710; x_wconf 86' lang='lat' dir='ltr'><strong>sive</strong></span> <span class='ocrx_word' id='word_1_51' title='bbox 1648 650 1940 714; x_wconf 88' lang='lat' dir='ltr'><strong>tradenda,</strong></span> <span class='ocrx_word' id='word_1_52' title='bbox 1974 656 2160 717; x_wconf 87' lang='lat' dir='ltr'><strong>aptum</strong></span> <span class='ocrx_word' id='word_1_53' title='bbox 2196 646 2303 703; x_wconf 89' lang='lat' dir='ltr'><strong>illis</strong></span> <span class='ocrx_word' id='word_1_54' title='bbox 2333 649 2576 703; x_wconf 89' lang='lat' dir='ltr'><strong>animum</strong></span> <span class='ocrx_word' id='word_1_55' title='bbox 2608 646 2765 703; x_wconf 74' lang='lat' dir='ltr'><strong>aﬂert</strong></span> <span class='ocrx_word' id='word_1_56' title='bbox 2824 648 2915 716; x_wconf 90' lang='lat' dir='ltr'><strong>qui</strong></span> <span class='ocrx_word' id='word_1_57' title='bbox 2970 646 3145 714; x_wconf 89' lang='lat' dir='ltr'><strong>ipsum</strong></span> <span class='ocrx_word' id='word_1_58' title='bbox 3168 645 3352 700; x_wconf 84' lang='lat' dir='ltr'><strong>divine</strong></span> <span class='ocrx_word' id='word_1_59' title='bbox 3397 658 3462 697; x_wconf 84' lang='lat' dir='ltr'><strong>ac</strong></span> <span class='ocrx_word' id='word_1_60' title='bbox 3489 657 3616 697; x_wconf 85' lang='lat' dir='ltr'><strong>san-</strong></span> 
     </span>
    </p>
   </div>
   <div class='ocr_carea' id='block_1_9' title="bbox 369 755 741 811">
    <p class='ocr_par' dir='ltr' id='par_1_9' title="bbox 369 755 741 811">
     <span class='ocr_line' id='line_1_9' title="bbox 369 755 741 811; baseline -0.003 -1"><span class='ocrx_word' id='word_1_61' title='bbox 369 770 457 811; x_wconf 83' lang='lat' dir='ltr'><strong>cte</strong></span> <span class='ocrx_word' id='word_1_62' title='bbox 485 755 741 810; x_wconf 88' lang='lat' dir='ltr'><strong>recitant.</strong></span> 
     </span>
    </p>
   </div>
   <div class='ocr_carea' id='block_1_10' title="bbox 1935 876 2070 951">
    <p class='ocr_par' dir='ltr' id='par_1_10' title="bbox 1935 876 2070 951">
     <span class='ocr_line' id='line_1_10' title="bbox 1935 876 2070 951; baseline -0.015 -15"><span class='ocrx_word' id='word_1_63' title='bbox 1935 876 2070 951; x_wconf 83' lang='lat' dir='ltr'><strong>§V.</strong></span> 
     </span>
    </p>
   </div>
   <div class='ocr_carea' id='block_1_11' title="bbox 442 1048 1953 1123">
    <p class='ocr_par' dir='ltr' id='par_1_11' title="bbox 442 1048 1953 1123">
     <span class='ocr_line' id='line_1_11' title="bbox 442 1048 1953 1123; baseline 0.003 -16"><span class='ocrx_word' id='word_1_64' title='bbox 442 1050 543 1107; x_wconf 85' lang='lat' dir='ltr'><strong>Ubi</strong></span> <span class='ocrx_word' id='word_1_65' title='bbox 568 1064 699 1120; x_wconf 87' lang='lat' dir='ltr'><strong>ergo</strong></span> <span class='ocrx_word' id='word_1_66' title='bbox 731 1048 822 1102; x_wconf 89' lang='lat' dir='ltr'><strong>illa</strong></span> <span class='ocrx_word' id='word_1_67' title='bbox 852 1061 971 1116; x_wconf 66' lang='lat' dir='ltr'><strong>quae</strong></span> <span class='ocrx_word' id='word_1_68' title='bbox 1003 1062 1090 1102; x_wconf 88' lang='lat' dir='ltr'><strong>res</strong></span> <span class='ocrx_word' id='word_1_69' title='bbox 1132 1062 1374 1117; x_wconf 85' lang='lat' dir='ltr'><strong>quasque</strong></span> <span class='ocrx_word' id='word_1_70' title='bbox 1401 1063 1589 1104; x_wconf 88' lang='lat' dir='ltr'><strong>sacras</strong></span> <span class='ocrx_word' id='word_1_71' title='bbox 1618 1052 1953 1123; x_wconf 87' lang='lat' dir='ltr'><strong>&#39;complecti-</strong></span> 
     </span>
    </p>
   </div>
   <div class='ocr_carea' id='block_1_12' title="bbox 373 1140 1947 1217">
    <p class='ocr_par' dir='ltr' id='par_1_12' title="bbox 373 1140 1947 1217">
     <span class='ocr_line' id='line_1_12' title="bbox 373 1140 1947 1217; baseline 0.003 -19"><span class='ocrx_word' id='word_1_72' title='bbox 373 1153 457 1198; x_wconf 88' lang='lat' dir='ltr'><strong>tur</strong></span> <span class='ocrx_word' id='word_1_73' title='bbox 488 1144 810 1214; x_wconf 82' lang='lat' dir='ltr'><strong>hymnorum</strong></span> <span class='ocrx_word' id='word_1_74' title='bbox 846 1140 1145 1194; x_wconf 78' lang='lat' dir='ltr'><strong>modulatio</strong></span> <span class='ocrx_word' id='word_1_75' title='bbox 1168 1141 1363 1194; x_wconf 74' lang='lat' dir='ltr'><strong>anima:</strong></span> <span class='ocrx_word' id='word_1_76' title='bbox 1388 1151 1589 1196; x_wconf 72' lang='lat' dir='ltr'><strong>nostm</strong></span> <span class='ocrx_word' id='word_1_77' title='bbox 1613 1142 1947 1217; x_wconf 68' lang='lat' dir='ltr'><strong>aﬁectiones,</strong></span> 
     </span>
    </p>
   </div>
   <div class='ocr_carea' id='block_1_13' title="bbox 370 1230 1949 1303">
    <p class='ocr_par' dir='ltr' id='par_1_13' title="bbox 370 1230 1949 1303">
     <span class='ocr_line' id='line_1_13' title="bbox 370 1230 1949 1303; baseline 0.003 -12"><span class='ocrx_word' id='word_1_78' title='bbox 370 1246 427 1291; x_wconf 90' lang='lat' dir='ltr'><strong>et</strong></span> <span class='ocrx_word' id='word_1_79' title='bbox 467 1250 531 1290; x_wconf 88' lang='lat' dir='ltr'><strong>ea</strong></span> <span class='ocrx_word' id='word_1_80' title='bbox 561 1248 717 1288; x_wconf 89' lang='lat' dir='ltr'><strong>sacra</strong></span> <span class='ocrx_word' id='word_1_81' title='bbox 750 1247 871 1301; x_wconf 78' lang='lat' dir='ltr'><strong>qua:</strong></span> <span class='ocrx_word' id='word_1_82' title='bbox 905 1230 1071 1301; x_wconf 90' lang='lat' dir='ltr'><strong>paulo</strong></span> <span class='ocrx_word' id='word_1_83' title='bbox 1115 1240 1239 1301; x_wconf 91' lang='lat' dir='ltr'><strong>post</strong></span> <span class='ocrx_word' id='word_1_84' title='bbox 1288 1232 1609 1289; x_wconf 85' lang='lat' dir='ltr'><strong>celebranda</strong></span> <span class='ocrx_word' id='word_1_85' title='bbox 1661 1245 1809 1303; x_wconf 89' lang='lat' dir='ltr'><strong>sunt,</strong></span> <span class='ocrx_word' id='word_1_86' title='bbox 1846 1241 1949 1295; x_wconf 89' lang='lat' dir='ltr'><strong>rite</strong></span> 
     </span>
    </p>
   </div>
   <div class='ocr_carea' id='block_1_14' title="bbox 372 1326 1947 1399">
    <p class='ocr_par' dir='ltr' id='par_1_14' title="bbox 372 1326 1947 1399">
     <span class='ocr_line' id='line_1_14' title="bbox 372 1326 1947 1399; baseline 0.002 -15"><span class='ocrx_word' id='word_1_87' title='bbox 372 1328 662 1399; x_wconf 87' lang='lat' dir='ltr'><strong>disposuit,</strong></span> <span class='ocrx_word' id='word_1_88' title='bbox 721 1326 1143 1394; x_wconf 87' lang='lat' dir='ltr'><strong>divinorumque</strong></span> <span class='ocrx_word' id='word_1_89' title='bbox 1178 1326 1483 1379; x_wconf 86' lang='lat' dir='ltr'><strong>carminum</strong></span> <span class='ocrx_word' id='word_1_90' title='bbox 1525 1339 1791 1384; x_wconf 90' lang='lat' dir='ltr'><strong>concentu</strong></span> <span class='ocrx_word' id='word_1_91' title='bbox 1826 1346 1947 1387; x_wconf 85' lang='lat' dir='ltr'><strong>cum</strong></span> 
     </span>
    </p>
   </div>
   <div class='ocr_carea' id='block_1_15' title="bbox 372 1414 1947 1489">
    <p class='ocr_par' dir='ltr' id='par_1_15' title="bbox 372 1414 1947 1489">
     <span class='ocr_line' id='line_1_15' title="bbox 372 1414 1947 1489; baseline -0.006 -16"><span class='ocrx_word' id='word_1_92' title='bbox 372 1421 439 1473; x_wconf 92' lang='lat' dir='ltr'><strong>ad</strong></span> <span class='ocrx_word' id='word_1_93' title='bbox 471 1432 559 1473; x_wconf 86' lang='lat' dir='ltr'><strong>res</strong></span> <span class='ocrx_word' id='word_1_94' title='bbox 590 1415 824 1479; x_wconf 85' lang='lat' dir='ltr'><strong>divinas,</strong></span> <span class='ocrx_word' id='word_1_95' title='bbox 856 1426 971 1469; x_wconf 90' lang='lat' dir='ltr'><strong>tum</strong></span> <span class='ocrx_word' id='word_1_96' title='bbox 1000 1414 1065 1468; x_wconf 89' lang='lat' dir='ltr'><strong>ad</strong></span> <span class='ocrx_word' id='word_1_97' title='bbox 1100 1414 1419 1485; x_wconf 89' lang='lat' dir='ltr'><strong>semetipsas</strong></span> <span class='ocrx_word' id='word_1_98' title='bbox 1447 1426 1796 1489; x_wconf 86' lang='lat' dir='ltr'><strong>muluamque</strong></span> <span class='ocrx_word' id='word_1_99' title='bbox 1818 1436 1947 1476; x_wconf 74' lang='lat' dir='ltr'><strong>co..-</strong></span> 
     </span>
    </p>
   </div>
   <div class='ocr_carea' id='block_1_16' title="bbox 368 1506 1949 1577">
    <p class='ocr_par' dir='ltr' id='par_1_16' title="bbox 368 1506 1949 1577">
     <span class='ocr_line' id='line_1_16' title="bbox 368 1506 1949 1577; baseline 0.001 -12"><span class='ocrx_word' id='word_1_100' title='bbox 368 1510 703 1573; x_wconf 87' lang='lat' dir='ltr'><strong>sensionem,</strong></span> <span class='ocrx_word' id='word_1_101' title='bbox 737 1522 841 1561; x_wconf 90' lang='lat' dir='ltr'><strong>ceu</strong></span> <span class='ocrx_word' id='word_1_102' title='bbox 891 1506 1047 1561; x_wconf 90' lang='lat' dir='ltr'><strong>unica</strong></span> <span class='ocrx_word' id='word_1_103' title='bbox 1101 1507 1469 1577; x_wconf 88' lang='lat' dir='ltr'><strong>concordique</strong></span> <span class='ocrx_word' id='word_1_104' title='bbox 1520 1510 1719 1564; x_wconf 89' lang='lat' dir='ltr'><strong>chorea</strong></span> <span class='ocrx_word' id='word_1_105' title='bbox 1762 1526 1949 1567; x_wconf 87' lang='lat' dir='ltr'><strong>sacro-</strong></span> 
     </span>
    </p>
   </div>
   <div class='ocr_carea' id='block_1_17' title="bbox 368 1600 1960 1670">
    <p class='ocr_par' dir='ltr' id='par_1_17' title="bbox 368 1600 1960 1670">
     <span class='ocr_line' id='line_1_17' title="bbox 368 1600 1960 1670; baseline 0.002 -11"><span class='ocrx_word' id='word_1_106' title='bbox 368 1618 487 1659; x_wconf 90' lang='lat' dir='ltr'><strong>rum</strong></span> <span class='ocrx_word' id='word_1_107' title='bbox 522 1601 818 1670; x_wconf 86' lang='lat' dir='ltr'><strong>coaptavit,</strong></span> <span class='ocrx_word' id='word_1_108' title='bbox 854 1615 916 1653; x_wconf 88' lang='lat' dir='ltr'><strong>ca</strong></span> <span class='ocrx_word' id='word_1_109' title='bbox 941 1614 1059 1669; x_wconf 60' lang='lat' dir='ltr'><strong>qua!</strong></span> <span class='ocrx_word' id='word_1_110' title='bbox 1104 1600 1157 1653; x_wconf 93' lang='lat' dir='ltr'><strong>in</strong></span> <span class='ocrx_word' id='word_1_111' title='bbox 1196 1600 1431 1668; x_wconf 73' lang='lat' dir='ltr'><strong>spiritali</strong></span> <span class='ocrx_word' id='word_1_112' title='bbox 1466 1601 1808 1657; x_wconf 81' lang='lat' dir='ltr'><strong>Psaltnorum</strong></span> <span class='ocrx_word' id='word_1_113' title='bbox 1841 1621 1960 1662; x_wconf 85' lang='lat' dir='ltr'><strong>mo-</strong></span> 
     </span>
    </p>
   </div>
   <div class='ocr_carea' id='block_1_18' title="bbox 2129 1053 3620 1129">
    <p class='ocr_par' dir='ltr' id='par_1_18' title="bbox 2129 1053 3620 1129">
     <span class='ocr_line' id='line_1_18' title="bbox 2129 1053 3620 1129; baseline -0.001 -18"><span class='ocrx_word' id='word_1_114' title='bbox 2129 1061 2293 1111; x_wconf 83' lang='grc' dir='ltr'><strong>Ὅταν</strong></span> <span class='ocrx_word' id='word_1_115' title='bbox 2318 1053 2408 1111; x_wconf 79' lang='grc' dir='ltr'><strong>οὖν</strong></span> <span class='ocrx_word' id='word_1_116' title='bbox 2436 1060 2468 1127; x_wconf 81' lang='grc' dir='ltr'>ἡ</span> <span class='ocrx_word' id='word_1_117' title='bbox 2494 1058 2811 1129; x_wconf 82' lang='grc' dir='ltr'>περιεκτικὴ</span> <span class='ocrx_word' id='word_1_118' title='bbox 2847 1056 2957 1110; x_wconf 89' lang='grc' dir='ltr'><strong>τῶν</strong></span> <span class='ocrx_word' id='word_1_119' title='bbox 3014 1057 3283 1127; x_wconf 81' lang='grc' dir='ltr'>πανιέρων</span> <span class='ocrx_word' id='word_1_120' title='bbox 3328 1056 3620 1127; x_wconf 81' lang='grc' dir='ltr'>ὑμνολογὶα</span> 
     </span>
    </p>
   </div>
   <div class='ocr_carea' id='block_1_19' title="bbox 2050 1147 3619 1219">
    <p class='ocr_par' dir='ltr' id='par_1_19' title="bbox 2050 1147 3619 1219">
     <span class='ocr_line' id='line_1_19' title="bbox 2050 1147 3619 1219; baseline -0.011 -5"><span class='ocrx_word' id='word_1_121' title='bbox 2050 1148 2147 1212; x_wconf 82' lang='grc' dir='ltr'><strong>τὰς</strong></span> <span class='ocrx_word' id='word_1_122' title='bbox 2172 1148 2408 1218; x_wconf 67' lang='grc' dir='ltr'>ψυχικὰς</span> <span class='ocrx_word' id='word_1_123' title='bbox 2435 1148 2479 1180; x_wconf 80' lang='grc'>⁰³</span> <span class='ocrx_word' id='word_1_124' title='bbox 2522 1147 2677 1218; x_wconf 75' lang='grc' dir='ltr'>ἡμῶν</span> <span class='ocrx_word' id='word_1_125' title='bbox 2726 1148 2865 1214; x_wconf 75' lang='grc' dir='ltr'>ἕξεις</span> <span class='ocrx_word' id='word_1_126' title='bbox 2913 1149 3243 1219; x_wconf 81' lang='grc' dir='ltr'>ὲναρμονίως</span> <span class='ocrx_word' id='word_1_127' title='bbox 3282 1147 3436 1218; x_wconf 78' lang='grc' dir='ltr'>διαθῇ</span> <span class='ocrx_word' id='word_1_128' title='bbox 3481 1148 3619 1219; x_wconf 82' lang='grc' dir='ltr'>πρὸς</span> 
     </span>
    </p>
   </div>
   <div class='ocr_carea' id='block_1_20' title="bbox 2050 1239 3621 1311">
    <p class='ocr_par' dir='ltr' id='par_1_20' title="bbox 2050 1239 3621 1311">
     <span class='ocr_line' id='line_1_20' title="bbox 2050 1239 3621 1311; baseline 0.001 -19"><span class='ocrx_word' id='word_1_129' title='bbox 2050 1239 2117 1293; x_wconf 81' lang='grc' dir='ltr'>τὰ</span> <span class='ocrx_word' id='word_1_130' title='bbox 2142 1240 2332 1310; x_wconf 80' lang='grc' dir='ltr'>μικρὸν</span> <span class='ocrx_word' id='word_1_131' title='bbox 2384 1239 2608 1308; x_wconf 85' lang='grc' dir='ltr'>’ύστερον</span> <span class='ocrx_word' id='word_1_132' title='bbox 2666 1240 3211 1310; x_wconf 78' lang='grc' dir='ltr'>ἱερουργηθησόμενα,</span> <span class='ocrx_word' id='word_1_133' title='bbox 3257 1242 3351 1293; x_wconf 78' lang='grc' dir='ltr'><strong>καὶ</strong></span> <span class='ocrx_word' id='word_1_134' title='bbox 3398 1244 3465 1311; x_wconf 81' lang='grc' dir='ltr'>τῇ</span> <span class='ocrx_word' id='word_1_135' title='bbox 3507 1240 3621 1293; x_wconf 85' lang='grc' dir='ltr'><strong>τῶν</strong></span> 
     </span>
    </p>
   </div>
   <div class='ocr_carea' id='block_1_21' title="bbox 2050 1329 3623 1400">
    <p class='ocr_par' dir='ltr' id='par_1_21' title="bbox 2050 1329 3623 1400">
     <span class='ocr_line' id='line_1_21' title="bbox 2050 1329 3623 1400; baseline -0.001 -16"><span class='ocrx_word' id='word_1_136' title='bbox 2050 1331 2207 1385; x_wconf 82' lang='grc' dir='ltr'>θείων</span> <span class='ocrx_word' id='word_1_137' title='bbox 2230 1329 2381 1399; x_wconf 82' lang='grc' dir='ltr'>ᾠδῶν</span> <span class='ocrx_word' id='word_1_138' title='bbox 2409 1329 2687 1399; x_wconf 67' lang='grc' dir='ltr'>ὁμοφωνίᾳ</span> <span class='ocrx_word' id='word_1_139' title='bbox 2732 1330 2827 1400; x_wconf 83' lang='grc' dir='ltr'>τὴν</span> <span class='ocrx_word' id='word_1_140' title='bbox 2854 1330 2987 1399; x_wconf 81' lang='grc' dir='ltr'>πρὸς</span> <span class='ocrx_word' id='word_1_141' title='bbox 3030 1329 3099 1382; x_wconf 89' lang='grc' dir='ltr'><strong>τά</strong></span> <span class='ocrx_word' id='word_1_142' title='bbox 3124 1329 3240 1382; x_wconf 84' lang='grc' dir='ltr'>θεῖα</span> <span class='ocrx_word' id='word_1_143' title='bbox 3264 1332 3358 1384; x_wconf 82' lang='grc' dir='ltr'>καὶ</span> <span class='ocrx_word' id='word_1_144' title='bbox 3392 1330 3623 1394; x_wconf 77' lang='grc' dir='ltr'>ἑαυτοὺς</span> 
     </span>
    </p>
   </div>
   <div class='ocr_carea' id='block_1_22' title="bbox 2050 1420 3622 1494">
    <p class='ocr_par' dir='ltr' id='par_1_22' title="bbox 2050 1420 3622 1494">
     <span class='ocr_line' id='line_1_22' title="bbox 2050 1420 3622 1494; baseline -0.004 -16"><span class='ocrx_word' id='word_1_145' title='bbox 2050 1426 2142 1478; x_wconf 73' lang='grc' dir='ltr'>καὶ</span> <span class='ocrx_word' id='word_1_146' title='bbox 2169 1422 2431 1493; x_wconf 78' lang='grc' dir='ltr'><strong>ἀλλήλους</strong></span> <span class='ocrx_word' id='word_1_147' title='bbox 2456 1421 2853 1492; x_wconf 74' lang='grc' dir='ltr'>ὁμοφροσύνην,</span> <span class='ocrx_word' id='word_1_148' title='bbox 2882 1422 2957 1485; x_wconf 91' lang='grc' dir='ltr'><strong>ώς</strong></span> <span class='ocrx_word' id='word_1_149' title='bbox 2984 1425 3083 1494; x_wconf 79' lang='grc' dir='ltr'>μιᾷ</span> <span class='ocrx_word' id='word_1_150' title='bbox 3122 1424 3215 1475; x_wconf 79' lang='grc' dir='ltr'><strong>καὶ</strong></span> <span class='ocrx_word' id='word_1_151' title='bbox 3240 1423 3483 1493; x_wconf 83' lang='grc' dir='ltr'>ὁμολὸγῳ</span> <span class='ocrx_word' id='word_1_152' title='bbox 3508 1420 3622 1473; x_wconf 85' lang='grc' dir='ltr'><strong>τῶν</strong></span> 
     </span>
    </p>
   </div>
   <div class='ocr_carea' id='block_1_23' title="bbox 2050 1513 3624 1588">
    <p class='ocr_par' dir='ltr' id='par_1_23' title="bbox 2050 1513 3624 1588">
     <span class='ocr_line' id='line_1_23' title="bbox 2050 1513 3624 1588; baseline -0.003 -19"><span class='ocrx_word' id='word_1_153' title='bbox 2050 1516 2210 1587; x_wconf 87' lang='grc' dir='ltr'>ίερῶν</span> <span class='ocrx_word' id='word_1_154' title='bbox 2238 1516 2428 1586; x_wconf 74' lang='grc' dir='ltr'>χορείᾳ</span> <span class='ocrx_word' id='word_1_155' title='bbox 2471 1516 2539 1577; x_wconf 65' lang='lat'><strong>9‘,</strong></span> <span class='ocrx_word' id='word_1_156' title='bbox 2566 1513 2923 1588; x_wconf 82' lang='grc' dir='ltr'>νομοθετήσῃ,</span> <span class='ocrx_word' id='word_1_157' title='bbox 2967 1514 3035 1568; x_wconf 80' lang='grc' dir='ltr'>τὰ</span> <span class='ocrx_word' id='word_1_158' title='bbox 3080 1514 3488 1585; x_wconf 86' lang='grc' dir='ltr'>συντετμημένα</span> <span class='ocrx_word' id='word_1_159' title='bbox 3523 1514 3624 1566; x_wconf 71' lang='grc' dir='ltr'><strong>καὶ</strong></span> 
     </span>
    </p>
   </div>
   <div class='ocr_carea' id='block_1_24' title="bbox 2052 1606 3625 1678">
    <p class='ocr_par' dir='ltr' id='par_1_24' title="bbox 2052 1606 3625 1678">
     <span class='ocr_line' id='line_1_24' title="bbox 2052 1606 3625 1678; baseline -0.002 -17"><span class='ocrx_word' id='word_1_160' title='bbox 2052 1607 2482 1677; x_wconf 82' lang='grc' dir='ltr'>συνεσκιασμένα</span> <span class='ocrx_word' id='word_1_161' title='bbox 2550 1606 2746 1677; x_wconf 80' lang='grc' dir='ltr'>μᾶλλον</span> <span class='ocrx_word' id='word_1_162' title='bbox 2790 1608 2848 1660; x_wconf 83' lang='grc' dir='ltr'><strong>ἐν</strong></span> <span class='ocrx_word' id='word_1_163' title='bbox 2898 1610 2962 1678; x_wconf 81' lang='grc' dir='ltr'>τῇ</span> <span class='ocrx_word' id='word_1_164' title='bbox 3033 1609 3195 1678; x_wconf 83' lang='grc' dir='ltr'>νοερᾷ</span> <span class='ocrx_word' id='word_1_165' title='bbox 3241 1606 3346 1661; x_wconf 86' lang='grc' dir='ltr'><strong>τῶν</strong></span> <span class='ocrx_word' id='word_1_166' title='bbox 3388 1606 3625 1675; x_wconf 67' lang='grc' dir='ltr'>ψαλμῶν</span> 
     </span>
    </p>
   </div>
   <div class='ocr_carea' id='block_1_25' title="bbox 368 1694 1949 1772">
    <p class='ocr_par' dir='ltr' id='par_1_25' title="bbox 368 1694 1947 1769">
     <span class='ocr_line' id='line_1_25' title="bbox 368 1694 1947 1769; baseline 0.001 -18"><span class='ocrx_word' id='word_1_167' title='bbox 368 1698 645 1752; x_wconf 87' lang='lat' dir='ltr'><strong>dulatione</strong></span> <span class='ocrx_word' id='word_1_168' title='bbox 679 1697 899 1751; x_wconf 84' lang='lat' dir='ltr'><strong>concisa</strong></span> <span class='ocrx_word' id='word_1_169' title='bbox 956 1703 1083 1749; x_wconf 91' lang='lat' dir='ltr'><strong>sunt</strong></span> <span class='ocrx_word' id='word_1_170' title='bbox 1136 1702 1190 1748; x_wconf 89' lang='lat' dir='ltr'><strong>et</strong></span> <span class='ocrx_word' id='word_1_171' title='bbox 1250 1694 1422 1762; x_wconf 89' lang='lat' dir='ltr'><strong>magis</strong></span> <span class='ocrx_word' id='word_1_172' title='bbox 1475 1694 1818 1762; x_wconf 86' lang='lat' dir='ltr'><strong>obumbrata,</strong></span> <span class='ocrx_word' id='word_1_173' title='bbox 1851 1714 1947 1769; x_wconf 91' lang='lat' dir='ltr'><strong>per</strong></span> 
     </span>
    </p>
   </div>
   <div class='ocr_carea' id='block_1_26' title="bbox 2052 1694 3627 1772">
    <p class='ocr_par' dir='ltr' id='par_1_26' title="bbox 2052 1698 3627 1772">
     <span class='ocr_line' id='line_1_26' title="bbox 2052 1698 3627 1772; baseline -0.003 -19"><span class='ocrx_word' id='word_1_174' title='bbox 2052 1700 2320 1772; x_wconf 67' lang='grc' dir='ltr'>ἱερολογίᾳ</span> <span class='ocrx_word' id='word_1_175' title='bbox 2367 1699 2457 1752; x_wconf 87' lang='grc' dir='ltr'><strong>διά</strong></span> <span class='ocrx_word' id='word_1_176' title='bbox 2484 1699 2740 1751; x_wconf 83' lang='grc' dir='ltr'>πλειόνων</span> <span class='ocrx_word' id='word_1_177' title='bbox 2769 1700 2864 1752; x_wconf 72' lang='grc' dir='ltr'>καὶ</span> <span class='ocrx_word' id='word_1_178' title='bbox 2910 1700 3253 1770; x_wconf 82' lang='grc' dir='ltr'><strong>σαφεστέρων</strong></span> <span class='ocrx_word' id='word_1_179' title='bbox 3279 1699 3500 1752; x_wconf 80' lang='grc' dir='ltr'>εἰκόνων</span> <span class='ocrx_word' id='word_1_180' title='bbox 3525 1698 3627 1750; x_wconf 72' lang='grc' dir='ltr'><strong>καὶ</strong></span> 
     </span>
    </p>
   </div>
   <div class='ocr_carea' id='block_1_27' title="bbox 368 1788 1947 1859">
    <p class='ocr_par' dir='ltr' id='par_1_27' title="bbox 368 1788 1947 1859">
     <span class='ocr_line' id='line_1_27' title="bbox 368 1788 1947 1859; baseline 0.001 -16"><span class='ocrx_word' id='word_1_181' title='bbox 368 1790 555 1859; x_wconf 90' lang='lat' dir='ltr'><strong>plures</strong></span> <span class='ocrx_word' id='word_1_182' title='bbox 582 1799 637 1843; x_wconf 87' lang='lat' dir='ltr'><strong>et</strong></span> <span class='ocrx_word' id='word_1_183' title='bbox 668 1789 1075 1843; x_wconf 84' lang='lat' dir='ltr'><strong>manil‘estiores</strong></span> <span class='ocrx_word' id='word_1_184' title='bbox 1114 1789 1311 1859; x_wconf 88' lang='lat' dir='ltr'><strong>liguras</strong></span> <span class='ocrx_word' id='word_1_185' title='bbox 1363 1796 1527 1857; x_wconf 85' lang='lat' dir='ltr'><strong>atque</strong></span> <span class='ocrx_word' id='word_1_186' title='bbox 1560 1788 1947 1857; x_wconf 81' lang='lat' dir='ltr'><strong>explicationes</strong></span> 
     </span>
    </p>
   </div>
   <div class='ocr_carea' id='block_1_28' title="bbox 368 1881 1949 1951">
    <p class='ocr_par' dir='ltr' id='par_1_28' title="bbox 368 1881 1949 1951">
     <span class='ocr_line' id='line_1_28' title="bbox 368 1881 1949 1951; baseline 0 -14"><span class='ocrx_word' id='word_1_187' title='bbox 368 1882 752 1937; x_wconf 75' lang='lat' dir='ltr'><strong>sacratissimis</strong></span> <span class='ocrx_word' id='word_1_188' title='bbox 796 1881 1324 1951; x_wconf 90' lang='lat' dir='ltr'><strong>scripturisticarum</strong></span> <span class='ocrx_word' id='word_1_189' title='bbox 1384 1882 1840 1950; x_wconf 90' lang='lat' dir='ltr'><strong>compositionum</strong></span> <span class='ocrx_word' id='word_1_190' title='bbox 1871 1882 1949 1937; x_wconf 88' lang='lat' dir='ltr'><strong>le-</strong></span> 
     </span>
    </p>
   </div>
   <div class='ocr_carea' id='block_1_29' title="bbox 374 1972 1947 2031">
    <p class='ocr_par' dir='ltr' id='par_1_29' title="bbox 374 1972 1947 2031">
     <span class='ocr_line' id='line_1_29' title="bbox 374 1972 1947 2031; baseline -0.001 -2"><span class='ocrx_word' id='word_1_191' title='bbox 374 1976 650 2031; x_wconf 91' lang='lat' dir='ltr'><strong>ctionibus</strong></span> <span class='ocrx_word' id='word_1_192' title='bbox 676 1974 1001 2028; x_wconf 82' lang='lat' dir='ltr'><strong>dilatantur.</strong></span> <span class='ocrx_word' id='word_1_193' title='bbox 1066 1972 1122 2026; x_wconf 93' lang='lat' dir='ltr'><strong>ln</strong></span> <span class='ocrx_word' id='word_1_194' title='bbox 1158 1974 1242 2028; x_wconf 92' lang='lat' dir='ltr'><strong>bis</strong></span> <span class='ocrx_word' id='word_1_195' title='bbox 1271 1988 1553 2027; x_wconf 88' lang='lat' dir='ltr'><strong>sacrarum</strong></span> <span class='ocrx_word' id='word_1_196' title='bbox 1608 1990 1790 2029; x_wconf 89' lang='lat' dir='ltr'><strong>rerum</strong></span> <span class='ocrx_word' id='word_1_197' title='bbox 1816 1989 1947 2029; x_wconf 86' lang='lat' dir='ltr'><strong>con-</strong></span> 
     </span>
    </p>
   </div>
   <div class='ocr_carea' id='block_1_30' title="bbox 370 2064 1944 2137">
    <p class='ocr_par' dir='ltr' id='par_1_30' title="bbox 370 2064 1944 2137">
     <span class='ocr_line' id='line_1_30' title="bbox 370 2064 1944 2137; baseline 0 -16"><span class='ocrx_word' id='word_1_198' title='bbox 370 2066 664 2137; x_wconf 89' lang='lat' dir='ltr'><strong>templator</strong></span> <span class='ocrx_word' id='word_1_199' title='bbox 694 2064 1024 2120; x_wconf 78' lang='lat' dir='ltr'><strong>uniformem</strong></span> <span class='ocrx_word' id='word_1_200' title='bbox 1082 2066 1373 2133; x_wconf 85' lang='lat' dir='ltr'><strong>quamdam</strong></span> <span class='ocrx_word' id='word_1_201' title='bbox 1425 2073 1586 2133; x_wconf 86' lang='lat' dir='ltr'><strong>atque</strong></span> <span class='ocrx_word' id='word_1_202' title='bbox 1614 2066 1944 2135; x_wconf 76' lang='lat' dir='ltr'><strong>singularem</strong></span> 
     </span>
    </p>
   </div>
   <div class='ocr_carea' id='block_1_31' title="bbox 371 2157 1949 2229">
    <p class='ocr_par' dir='ltr' id='par_1_31' title="bbox 371 2157 1949 2229">
     <span class='ocr_line' id='line_1_31' title="bbox 371 2157 1949 2229; baseline 0.003 -17"><span class='ocrx_word' id='word_1_203' title='bbox 371 2160 626 2214; x_wconf 82' lang='lat' dir='ltr'><strong>advertet</strong></span> <span class='ocrx_word' id='word_1_204' title='bbox 656 2157 1143 2227; x_wconf 81' lang='lat' dir='ltr'><strong>conspirationem,</strong></span> <span class='ocrx_word' id='word_1_205' title='bbox 1179 2164 1366 2223; x_wconf 89' lang='lat' dir='ltr'><strong>utpote</strong></span> <span class='ocrx_word' id='word_1_206' title='bbox 1417 2157 1486 2211; x_wconf 89' lang='lat' dir='ltr'><strong>ab</strong></span> <span class='ocrx_word' id='word_1_207' title='bbox 1518 2172 1628 2211; x_wconf 91' lang='lat' dir='ltr'><strong>uno</strong></span> <span class='ocrx_word' id='word_1_208' title='bbox 1650 2158 1949 2229; x_wconf 82' lang='lat' dir='ltr'><strong>eodemque</strong></span> 
     </span>
    </p>
   </div>
   <div class='ocr_carea' id='block_1_32' title="bbox 373 2246 1951 2319">
    <p class='ocr_par' dir='ltr' id='par_1_32' title="bbox 373 2246 1951 2319">
     <span class='ocr_line' id='line_1_32' title="bbox 373 2246 1951 2319; baseline 0.001 -15"><span class='ocrx_word' id='word_1_209' title='bbox 373 2250 468 2304; x_wconf 87' lang='lat' dir='ltr'><strong>Dei</strong></span> <span class='ocrx_word' id='word_1_210' title='bbox 501 2249 791 2319; x_wconf 79' lang='lat' dir='ltr'><strong>principali</strong></span> <span class='ocrx_word' id='word_1_211' title='bbox 820 2247 1014 2316; x_wconf 88' lang='lat' dir='ltr'><strong>spiritu</strong></span> <span class='ocrx_word' id='word_1_212' title='bbox 1039 2246 1366 2300; x_wconf 86' lang='lat' dir='ltr'><strong>concitatam</strong></span> <span class='ocrx_word' id='word_1_213' title='bbox 1390 2263 1405 2312; x_wconf 89' lang='lat'><strong>;</strong></span> <span class='ocrx_word' id='word_1_214' title='bbox 1441 2247 1584 2302; x_wconf 90' lang='lat' dir='ltr'><strong>unde</strong></span> <span class='ocrx_word' id='word_1_215' title='bbox 1606 2248 1731 2317; x_wconf 86' lang='lat' dir='ltr'><strong>jure</strong></span> <span class='ocrx_word' id='word_1_216' title='bbox 1754 2252 1951 2307; x_wconf 85' lang='lat' dir='ltr'><strong>merito</strong></span> 
     </span>
    </p>
   </div>
   <div class='ocr_carea' id='block_1_33' title="bbox 367 2334 1951 2407">
    <p class='ocr_par' dir='ltr' id='par_1_33' title="bbox 367 2334 1951 2407">
     <span class='ocr_line' id='line_1_33' title="bbox 367 2334 1951 2407; baseline 0.001 -13"><span class='ocrx_word' id='word_1_217' title='bbox 367 2342 423 2396; x_wconf 91' lang='lat' dir='ltr'><strong>in</strong></span> <span class='ocrx_word' id='word_1_218' title='bbox 456 2342 590 2394; x_wconf 82' lang='lat' dir='ltr'><strong>orbe</strong></span> <span class='ocrx_word' id='word_1_219' title='bbox 630 2346 753 2407; x_wconf 91' lang='lat' dir='ltr'><strong>post</strong></span> <span class='ocrx_word' id='word_1_220' title='bbox 781 2334 1144 2404; x_wconf 89' lang='lat' dir='ltr'><strong>antiquiorem</strong></span> <span class='ocrx_word' id='word_1_221' title='bbox 1172 2334 1320 2389; x_wconf 90' lang='lat' dir='ltr'><strong>illam</strong></span> <span class='ocrx_word' id='word_1_222' title='bbox 1354 2336 1723 2405; x_wconf 83' lang='lat' dir='ltr'><strong>traditionem,</strong></span> <span class='ocrx_word' id='word_1_223' title='bbox 1758 2338 1951 2395; x_wconf 90' lang='lat' dir='ltr'><strong>Testa-</strong></span> 
     </span>
    </p>
   </div>
   <div class='ocr_carea' id='block_1_34' title="bbox 367 2428 1949 2498">
    <p class='ocr_par' dir='ltr' id='par_1_34' title="bbox 367 2428 1949 2498">
     <span class='ocr_line' id='line_1_34' title="bbox 367 2428 1949 2498; baseline 0.003 -11"><span class='ocrx_word' id='word_1_224' title='bbox 367 2442 613 2488; x_wconf 88' lang='lat' dir='ltr'><strong>mentum</strong></span> <span class='ocrx_word' id='word_1_225' title='bbox 664 2444 864 2485; x_wconf 88' lang='lat' dir='ltr'><strong>novum</strong></span> <span class='ocrx_word' id='word_1_226' title='bbox 897 2428 1296 2498; x_wconf 74' lang='lat' dir='ltr'><strong>promulgatur,</strong></span> <span class='ocrx_word' id='word_1_227' title='bbox 1358 2428 1541 2484; x_wconf 88' lang='lat' dir='ltr'><strong>divino</strong></span> <span class='ocrx_word' id='word_1_228' title='bbox 1580 2431 1790 2487; x_wconf 83' lang='lat' dir='ltr'><strong>scilicet</strong></span> <span class='ocrx_word' id='word_1_229' title='bbox 1832 2435 1949 2490; x_wconf 82' lang='lat' dir='ltr'><strong>bie-</strong></span> 
     </span>
    </p>
   </div>
   <div class='ocr_carea' id='block_1_35' title="bbox 367 2511 1945 2596">
    <p class='ocr_par' dir='ltr' id='par_1_35' title="bbox 367 2511 1945 2596">
     <span class='ocr_line' id='line_1_35' title="bbox 367 2511 1945 2596; baseline 0.003 -19"><span class='ocrx_word' id='word_1_230' title='bbox 367 2522 727 2590; x_wconf 82' lang='lat' dir='ltr'><strong>rarcbicoque</strong></span> <span class='ocrx_word' id='word_1_231' title='bbox 780 2520 993 2585; x_wconf 87' lang='lat' dir='ltr'><strong>ordine,</strong></span> <span class='ocrx_word' id='word_1_232' title='bbox 1053 2535 1172 2574; x_wconf 90' lang='lat' dir='ltr'><strong>mea</strong></span> <span class='ocrx_word' id='word_1_233' title='bbox 1225 2520 1444 2588; x_wconf 89' lang='lat' dir='ltr'><strong>quidem</strong></span> <span class='ocrx_word' id='word_1_234' title='bbox 1506 2511 1800 2589; x_wconf 85' lang='lat' dir='ltr'><strong>sententia,</strong></span> <span class='ocrx_word' id='word_1_235' title='bbox 1845 2541 1945 2596; x_wconf 89' lang='lat' dir='ltr'><strong>per</strong></span> 
     </span>
    </p>
   </div>
   <div class='ocr_carea' id='block_1_36' title="bbox 368 2611 1947 2686">
    <p class='ocr_par' dir='ltr' id='par_1_36' title="bbox 368 2611 1947 2686">
     <span class='ocr_line' id='line_1_36' title="bbox 368 2611 1947 2686; baseline 0.001 -17"><span class='ocrx_word' id='word_1_236' title='bbox 368 2614 474 2669; x_wconf 83' lang='lat' dir='ltr'><strong>lioc</strong></span> <span class='ocrx_word' id='word_1_237' title='bbox 499 2613 836 2680; x_wconf 84' lang='lat' dir='ltr'><strong>declarante,</strong></span> <span class='ocrx_word' id='word_1_238' title='bbox 862 2614 940 2667; x_wconf 89' lang='lat' dir='ltr'><strong>uti</strong></span> <span class='ocrx_word' id='word_1_239' title='bbox 980 2611 1151 2667; x_wconf 83' lang='lat' dir='ltr'><strong>Vetus</strong></span> <span class='ocrx_word' id='word_1_240' title='bbox 1180 2611 1583 2667; x_wconf 88' lang='lat' dir='ltr'><strong>Testamentum</strong></span> <span class='ocrx_word' id='word_1_241' title='bbox 1608 2612 1785 2669; x_wconf 83' lang='lat' dir='ltr'><strong>futura</strong></span> <span class='ocrx_word' id='word_1_242' title='bbox 1810 2632 1947 2686; x_wconf 62' lang='lat' dir='ltr'><strong>prm-</strong></span> 
     </span>
    </p>
   </div>
   <div class='ocr_carea' id='block_1_37' title="bbox 370 2705 1951 2778">
    <p class='ocr_par' dir='ltr' id='par_1_37' title="bbox 370 2705 1951 2778">
     <span class='ocr_line' id='line_1_37' title="bbox 370 2705 1951 2778; baseline 0.001 -17"><span class='ocrx_word' id='word_1_243' title='bbox 370 2707 596 2772; x_wconf 82' lang='lat' dir='ltr'><strong>dixerit,</strong></span> <span class='ocrx_word' id='word_1_244' title='bbox 644 2706 853 2759; x_wconf 82' lang='lat' dir='ltr'><strong>Novum</strong></span> <span class='ocrx_word' id='word_1_245' title='bbox 915 2721 1047 2761; x_wconf 80' lang='lat' dir='ltr'><strong>vero</strong></span> <span class='ocrx_word' id='word_1_246' title='bbox 1094 2706 1325 2774; x_wconf 91' lang='lat' dir='ltr'><strong>ipsamet</strong></span> <span class='ocrx_word' id='word_1_247' title='bbox 1374 2705 1557 2760; x_wconf 90' lang='lat' dir='ltr'><strong>divina</strong></span> <span class='ocrx_word' id='word_1_248' title='bbox 1615 2705 1741 2762; x_wconf 83' lang='lat' dir='ltr'><strong>Jesu</strong></span> <span class='ocrx_word' id='word_1_249' title='bbox 1786 2724 1951 2778; x_wconf 86' lang='lat' dir='ltr'><strong>opera</strong></span> 
     </span>
    </p>
   </div>
   <div class='ocr_carea' id='block_1_38' title="bbox 371 2797 1945 2869">
    <p class='ocr_par' dir='ltr' id='par_1_38' title="bbox 371 2797 1945 2869">
     <span class='ocr_line' id='line_1_38' title="bbox 371 2797 1945 2869; baseline 0.003 -17"><span class='ocrx_word' id='word_1_250' title='bbox 371 2800 721 2865; x_wconf 82' lang='lat' dir='ltr'><strong>exhibuerit;</strong></span> <span class='ocrx_word' id='word_1_251' title='bbox 758 2808 923 2868; x_wconf 89' lang='lat' dir='ltr'><strong>atque</strong></span> <span class='ocrx_word' id='word_1_252' title='bbox 980 2797 1111 2852; x_wconf 84' lang='lat' dir='ltr'><strong>illud</strong></span> <span class='ocrx_word' id='word_1_253' title='bbox 1157 2799 1371 2866; x_wconf 92' lang='lat' dir='ltr'><strong>quidem</strong></span> <span class='ocrx_word' id='word_1_254' title='bbox 1429 2799 1583 2868; x_wconf 86' lang='lat' dir='ltr'><strong>quasi</strong></span> <span class='ocrx_word' id='word_1_255' title='bbox 1624 2801 1945 2869; x_wconf 87' lang='lat' dir='ltr'><strong>quibusdam</strong></span> 
     </span>
    </p>
   </div>
   <div class='ocr_carea' id='block_1_39' title="bbox 366 2886 1951 2961">
    <p class='ocr_par' dir='ltr' id='par_1_39' title="bbox 366 2886 1951 2961">
     <span class='ocr_line' id='line_1_39' title="bbox 366 2886 1951 2961; baseline 0.003 -18"><span class='ocrx_word' id='word_1_256' title='bbox 366 2886 699 2957; x_wconf 78' lang='lat' dir='ltr'><strong>imaginibus</strong></span> <span class='ocrx_word' id='word_1_257' title='bbox 747 2887 1054 2957; x_wconf 83' lang='lat' dir='ltr'><strong>depinxerit</strong></span> <span class='ocrx_word' id='word_1_258' title='bbox 1080 2889 1386 2954; x_wconf 83' lang='lat' dir='ltr'><strong>veritatem,</strong></span> <span class='ocrx_word' id='word_1_259' title='bbox 1417 2889 1521 2943; x_wconf 87' lang='lat' dir='ltr'><strong>hoc</strong></span> <span class='ocrx_word' id='word_1_260' title='bbox 1559 2905 1687 2946; x_wconf 89' lang='lat' dir='ltr'><strong>vero</strong></span> <span class='ocrx_word' id='word_1_261' title='bbox 1715 2908 1951 2961; x_wconf 71' lang='lat' dir='ltr'><strong>praesen-</strong></span> 
     </span>
    </p>
   </div>
   <div class='ocr_carea' id='block_1_40' title="bbox 2050 1790 3625 1866">
    <p class='ocr_par' dir='ltr' id='par_1_40' title="bbox 2050 1790 3625 1866">
     <span class='ocr_line' id='line_1_40' title="bbox 2050 1790 3625 1866; baseline -0.003 -19"><span class='ocrx_word' id='word_1_262' title='bbox 2050 1796 2402 1866; x_wconf 74' lang='grc' dir='ltr'>ἀναῤῥήσεων</span> <span class='ocrx_word' id='word_1_263' title='bbox 2430 1792 2710 1864; x_wconf 74' lang='grc' dir='ltr'>εὐρύνεται</span> <span class='ocrx_word' id='word_1_264' title='bbox 2732 1794 2853 1855; x_wconf 89' lang='grc' dir='ltr'>ταῖς</span> <span class='ocrx_word' id='word_1_265' title='bbox 2879 1792 3197 1862; x_wconf 86' lang='grc' dir='ltr'>ίερωτάταις</span> <span class='ocrx_word' id='word_1_266' title='bbox 3224 1790 3331 1844; x_wconf 90' lang='grc' dir='ltr'><strong>τῶν</strong></span> <span class='ocrx_word' id='word_1_267' title='bbox 3358 1791 3625 1861; x_wconf 84' lang='grc' dir='ltr'>ἁγιογρά-</span> 
     </span>
    </p>
   </div>
   <div class='ocr_carea' id='block_1_41' title="bbox 2050 1882 3631 1958">
    <p class='ocr_par' dir='ltr' id='par_1_41' title="bbox 2050 1882 3631 1958">
     <span class='ocr_line' id='line_1_41' title="bbox 2050 1882 3631 1958; baseline -0.004 -18"><span class='ocrx_word' id='word_1_268' title='bbox 2050 1906 2164 1958; x_wconf 74' lang='grc' dir='ltr'><strong>φων</strong></span> <span class='ocrx_word' id='word_1_269' title='bbox 2192 1888 2493 1951; x_wconf 78' lang='grc' dir='ltr'>συντάξεων</span> <span class='ocrx_word' id='word_1_270' title='bbox 2518 1889 2562 1919; x_wconf 67' lang='grc'><strong>’⁵</strong></span> <span class='ocrx_word' id='word_1_271' title='bbox 2612 1885 2995 1953; x_wconf 83' lang='grc' dir='ltr'>ἀναγνώσεσιν.</span> <span class='ocrx_word' id='word_1_272' title='bbox 3060 1886 3147 1938; x_wconf 84' lang='grc' dir='ltr'>Ἐν</span> <span class='ocrx_word' id='word_1_273' title='bbox 3191 1884 3413 1946; x_wconf 80' lang='grc' dir='ltr'>ταύταις</span> <span class='ocrx_word' id='word_1_274' title='bbox 3458 1882 3631 1952; x_wconf 77' lang='grc' dir='ltr'>ὁβλέ·</span> 
     </span>
    </p>
   </div>
   <div class='ocr_carea' id='block_1_42' title="bbox 2049 1976 3627 2050">
    <p class='ocr_par' dir='ltr' id='par_1_42' title="bbox 2049 1976 3627 2050">
     <span class='ocr_line' id='line_1_42' title="bbox 2049 1976 3627 2050; baseline -0.004 -16"><span class='ocrx_word' id='word_1_275' title='bbox 2049 1999 2165 2035; x_wconf 89' lang='grc' dir='ltr'><strong>πων</strong></span> <span class='ocrx_word' id='word_1_276' title='bbox 2192 1981 2350 2050; x_wconf 87' lang='grc' dir='ltr'>ἱερῶς</span> <span class='ocrx_word' id='word_1_277' title='bbox 2376 1979 2561 2049; x_wconf 69' lang='grc' dir='ltr'>ὁψεται</span> <span class='ocrx_word' id='word_1_278' title='bbox 2609 1979 2706 2048; x_wconf 84' lang='grc' dir='ltr'>τὴν</span> <span class='ocrx_word' id='word_1_279' title='bbox 2729 1977 2930 2047; x_wconf 83' lang='grc' dir='ltr'>ένοειδῆ</span> <span class='ocrx_word' id='word_1_280' title='bbox 2953 1979 3046 2031; x_wconf 70' lang='grc' dir='ltr'><strong>καὶ</strong></span> <span class='ocrx_word' id='word_1_281' title='bbox 3074 1978 3199 2049; x_wconf 89' lang='grc' dir='ltr'>μίαν</span> <span class='ocrx_word' id='word_1_282' title='bbox 3228 1976 3528 2047; x_wconf 85' lang='grc' dir='ltr'>σύμπνοιαν</span> <span class='ocrx_word' id='word_1_283' title='bbox 3553 1976 3627 2039; x_wconf 76' lang='grc'><strong>’⁸,</strong></span> 
     </span>
    </p>
   </div>
   <div class='ocr_carea' id='block_1_43' title="bbox 2048 2066 3631 2145">
    <p class='ocr_par' dir='ltr' id='par_1_43' title="bbox 2048 2066 3631 2145">
     <span class='ocr_line' id='line_1_43' title="bbox 2048 2066 3631 2145; baseline -0.006 -19"><span class='ocrx_word' id='word_1_284' title='bbox 2048 2074 2123 2136; x_wconf 89' lang='grc' dir='ltr'><strong>ώς</strong></span> <span class='ocrx_word' id='word_1_285' title='bbox 2150 2074 2239 2142; x_wconf 81' lang='grc' dir='ltr'><strong>ὑφ’</strong></span> <span class='ocrx_word' id='word_1_286' title='bbox 2266 2072 2383 2135; x_wconf 79' lang='grc' dir='ltr'>ἐνὸς</span> <span class='ocrx_word' id='word_1_287' title='bbox 2425 2075 2467 2104; x_wconf 76' lang='grc'><strong>⁸⁷</strong></span> <span class='ocrx_word' id='word_1_288' title='bbox 2494 2073 2587 2127; x_wconf 78' lang='grc' dir='ltr'>τοῦ</span> <span class='ocrx_word' id='word_1_289' title='bbox 2630 2073 2919 2145; x_wconf 81' lang='grc' dir='ltr'>θεαρχικοῦ</span> <span class='ocrx_word' id='word_1_290' title='bbox 2968 2071 3281 2141; x_wconf 87' lang='grc' dir='ltr'>Πνεύματος</span> <span class='ocrx_word' id='word_1_291' title='bbox 3328 2066 3631 2136; x_wconf 50' lang='grc' dir='ltr'>κεκινημεᾷι</span> 
     </span>
    </p>
   </div>
   <div class='ocr_carea' id='block_1_44' title="bbox 2048 2157 3633 2235">
    <p class='ocr_par' dir='ltr' id='par_1_44' title="bbox 2048 2157 3633 2235">
     <span class='ocr_line' id='line_1_44' title="bbox 2048 2157 3633 2235; baseline -0.006 -18"><span class='ocrx_word' id='word_1_292' title='bbox 2048 2181 2178 2235; x_wconf 87' lang='grc' dir='ltr'>νην·</span> <span class='ocrx_word' id='word_1_293' title='bbox 2209 2164 2330 2217; x_wconf 78' lang='grc' dir='ltr'>ὅθεν</span> <span class='ocrx_word' id='word_1_294' title='bbox 2364 2164 2587 2228; x_wconf 81' lang='grc' dir='ltr'>εἰκότως</span> <span class='ocrx_word' id='word_1_295' title='bbox 2634 2166 2690 2217; x_wconf 87' lang='grc' dir='ltr'><strong>ἐν</strong></span> <span class='ocrx_word' id='word_1_296' title='bbox 2731 2164 2917 2234; x_wconf 84' lang='grc' dir='ltr'>κόσμῳ</span> <span class='ocrx_word' id='word_1_297' title='bbox 2942 2162 3077 2234; x_wconf 84' lang='grc' dir='ltr'>μετὰ</span> <span class='ocrx_word' id='word_1_298' title='bbox 3116 2160 3215 2232; x_wconf 75' lang='grc' dir='ltr'>τὴν</span> <span class='ocrx_word' id='word_1_299' title='bbox 3262 2157 3633 2230; x_wconf 79' lang='grc' dir='ltr'>ἀρχαιοτέραν</span> 
     </span>
    </p>
   </div>
   <div class='ocr_carea' id='block_1_45' title="bbox 2051 2251 3631 2330">
    <p class='ocr_par' dir='ltr' id='par_1_45' title="bbox 2051 2251 3631 2330">
     <span class='ocr_line' id='line_1_45' title="bbox 2051 2251 3631 2330; baseline -0.006 -19"><span class='ocrx_word' id='word_1_300' title='bbox 2051 2259 2344 2330; x_wconf 77' lang='grc' dir='ltr'>παράδοσιν</span> <span class='ocrx_word' id='word_1_301' title='bbox 2369 2260 2403 2328; x_wconf 82' lang='grc' dir='ltr'><strong>ἡ</strong></span> <span class='ocrx_word' id='word_1_302' title='bbox 2426 2257 2585 2328; x_wconf 82' lang='grc' dir='ltr'>καινὴ</span> <span class='ocrx_word' id='word_1_303' title='bbox 2610 2255 2849 2328; x_wconf 81' lang='grc' dir='ltr'>Διαθήκη</span> <span class='ocrx_word' id='word_1_304' title='bbox 2895 2255 3247 2327; x_wconf 83' lang='grc' dir='ltr'>κηρύσσεται,</span> <span class='ocrx_word' id='word_1_305' title='bbox 3293 2252 3393 2322; x_wconf 75' lang='grc' dir='ltr'>τῆς</span> <span class='ocrx_word' id='word_1_306' title='bbox 3435 2251 3631 2304; x_wconf 74' lang='grc' dir='ltr'>ἐνθέου</span> 
     </span>
    </p>
   </div>
   <div class='ocr_carea' id='block_1_46' title="bbox 2048 2343 3629 2422">
    <p class='ocr_par' dir='ltr' id='par_1_46' title="bbox 2048 2343 3629 2422">
     <span class='ocr_line' id='line_1_46' title="bbox 2048 2343 3629 2422; baseline -0.006 -17"><span class='ocrx_word' id='word_1_307' title='bbox 2048 2354 2141 2405; x_wconf 74' lang='grc' dir='ltr'><strong>καὶ</strong></span> <span class='ocrx_word' id='word_1_308' title='bbox 2168 2351 2487 2422; x_wconf 83' lang='grc' dir='ltr'>ίεραρχικῆς</span> <span class='ocrx_word' id='word_1_309' title='bbox 2511 2350 2715 2414; x_wconf 77' lang='grc' dir='ltr'>τάξεως</span> <span class='ocrx_word' id='word_1_310' title='bbox 2739 2351 2932 2415; x_wconf 83' lang='grc' dir='ltr'>ἐκεῖνο,</span> <span class='ocrx_word' id='word_1_311' title='bbox 2981 2343 3154 2417; x_wconf 76' lang='grc' dir='ltr'>οἶμαι,</span> <span class='ocrx_word' id='word_1_312' title='bbox 3178 2345 3463 2417; x_wconf 86' lang='grc' dir='ltr'>δηλούσης,</span> <span class='ocrx_word' id='word_1_313' title='bbox 3491 2345 3569 2408; x_wconf 84' lang='grc' dir='ltr'>ὡς</span> <span class='ocrx_word' id='word_1_314' title='bbox 3590 2348 3629 2414; x_wconf 79' lang='grc' dir='ltr'>ὴ</span> 
     </span>
    </p>
   </div>
   <div class='ocr_carea' id='block_1_47' title="bbox 2050 2438 3634 2515">
    <p class='ocr_par' dir='ltr' id='par_1_47' title="bbox 2050 2438 3634 2515">
     <span class='ocr_line' id='line_1_47' title="bbox 2050 2438 3634 2515; baseline -0.005 -18"><span class='ocrx_word' id='word_1_315' title='bbox 2050 2445 2149 2515; x_wconf 83' lang='grc' dir='ltr'><strong>μὲν</strong></span> <span class='ocrx_word' id='word_1_316' title='bbox 2181 2444 2285 2515; x_wconf 78' lang='grc' dir='ltr'><strong>ἔφη</strong></span> <span class='ocrx_word' id='word_1_317' title='bbox 2330 2443 2428 2506; x_wconf 84' lang='grc' dir='ltr'>τὰς</span> <span class='ocrx_word' id='word_1_318' title='bbox 2477 2445 2738 2515; x_wconf 76' lang='grc' dir='ltr'>ἐσομένας</span> <span class='ocrx_word' id='word_1_319' title='bbox 2796 2441 2968 2513; x_wconf 82' lang='grc' dir='ltr'>Ἰησοῦ</span> <span class='ocrx_word' id='word_1_320' title='bbox 2999 2440 3306 2512; x_wconf 88' lang='grc' dir='ltr'>θεουργίας,</span> <span class='ocrx_word' id='word_1_321' title='bbox 3346 2441 3379 2509; x_wconf 78' lang='grc' dir='ltr'>ἡ</span> <span class='ocrx_word' id='word_1_322' title='bbox 3422 2438 3481 2491; x_wconf 84' lang='grc' dir='ltr'>δὲ</span> <span class='ocrx_word' id='word_1_323' title='bbox 3508 2438 3634 2490; x_wconf 83' lang='grc' dir='ltr'>ἐτέ-</span> 
     </span>
    </p>
   </div>
   <div class='ocr_carea' id='block_1_48' title="bbox 2044 2526 3634 2605">
    <p class='ocr_par' dir='ltr' id='par_1_48' title="bbox 2044 2526 3634 2605">
     <span class='ocr_line' id='line_1_48' title="bbox 2044 2526 3634 2605; baseline -0.006 -18"><span class='ocrx_word' id='word_1_324' title='bbox 2044 2536 2187 2598; x_wconf 89' lang='grc' dir='ltr'>λεσε,</span> <span class='ocrx_word' id='word_1_325' title='bbox 2210 2536 2306 2587; x_wconf 77' lang='grc' dir='ltr'><strong>καὶ</strong></span> <span class='ocrx_word' id='word_1_326' title='bbox 2336 2534 2409 2597; x_wconf 85' lang='grc' dir='ltr'><strong>ώς</strong></span> <span class='ocrx_word' id='word_1_327' title='bbox 2439 2534 2617 2605; x_wconf 83' lang='grc' dir='ltr'>ἐκείνη</span> <span class='ocrx_word' id='word_1_328' title='bbox 2649 2534 2744 2604; x_wconf 82' lang='grc' dir='ltr'><strong>μὲν</strong></span> <span class='ocrx_word' id='word_1_329' title='bbox 2768 2535 2825 2586; x_wconf 86' lang='grc' dir='ltr'><strong>ἐν</strong></span> <span class='ocrx_word' id='word_1_330' title='bbox 2849 2532 3020 2585; x_wconf 79' lang='grc' dir='ltr'>εἰκόσι</span> <span class='ocrx_word' id='word_1_331' title='bbox 3058 2530 3153 2601; x_wconf 79' lang='grc' dir='ltr'>τὴν</span> <span class='ocrx_word' id='word_1_332' title='bbox 3180 2528 3430 2600; x_wconf 76' lang='grc' dir='ltr'>ἀλήθειαν</span> <span class='ocrx_word' id='word_1_333' title='bbox 3459 2526 3634 2597; x_wconf 75' lang='grc' dir='ltr'>ἐγρα-</span> 
     </span>
    </p>
   </div>
   <div class='ocr_carea' id='block_1_49' title="bbox 2041 2620 3636 2697">
    <p class='ocr_par' dir='ltr' id='par_1_49' title="bbox 2041 2620 3636 2697">
     <span class='ocr_line' id='line_1_49' title="bbox 2041 2620 3636 2697; baseline -0.006 -19"><span class='ocrx_word' id='word_1_334' title='bbox 2041 2626 2161 2696; x_wconf 70' lang='grc' dir='ltr'>ψεν,</span> <span class='ocrx_word' id='word_1_335' title='bbox 2188 2625 2325 2696; x_wconf 67' lang='grc' dir='ltr'>αὕτη</span> <span class='ocrx_word' id='word_1_336' title='bbox 2353 2627 2409 2679; x_wconf 87' lang='grc' dir='ltr'><strong>δὲ</strong></span> <span class='ocrx_word' id='word_1_337' title='bbox 2462 2626 2741 2697; x_wconf 77' lang='grc' dir='ltr'>παροῦσαν</span> <span class='ocrx_word' id='word_1_338' title='bbox 2769 2622 3012 2689; x_wconf 79' lang='grc' dir='ltr'>ὑπέδειξε</span> <span class='ocrx_word' id='word_1_339' title='bbox 3036 2640 3048 2652; x_wconf 90' lang='grc'>·</span> <span class='ocrx_word' id='word_1_340' title='bbox 3103 2623 3210 2675; x_wconf 87' lang='grc' dir='ltr'><strong>τῶν</strong></span> <span class='ocrx_word' id='word_1_341' title='bbox 3254 2621 3361 2690; x_wconf 84' lang='grc' dir='ltr'>γὰρ</span> <span class='ocrx_word' id='word_1_342' title='bbox 3408 2620 3636 2688; x_wconf 79' lang='grc' dir='ltr'>ἐκείνης</span> 
     </span>
    </p>
   </div>
   <div class='ocr_carea' id='block_1_50' title="bbox 2047 2710 3631 2790">
    <p class='ocr_par' dir='ltr' id='par_1_50' title="bbox 2047 2710 3631 2790">
     <span class='ocr_line' id='line_1_50' title="bbox 2047 2710 3631 2790; baseline -0.005 -20"><span class='ocrx_word' id='word_1_343' title='bbox 2047 2719 2361 2790; x_wconf 77' lang='grc' dir='ltr'>προαναρῤή</span> <span class='ocrx_word' id='word_1_344' title='bbox 2372 2735 2504 2771; x_wconf 86' lang='grc' dir='ltr'>σεων</span> <span class='ocrx_word' id='word_1_345' title='bbox 2534 2720 2566 2789; x_wconf 82' lang='grc' dir='ltr'>ὴ</span> <span class='ocrx_word' id='word_1_346' title='bbox 2598 2717 2737 2771; x_wconf 84' lang='grc' dir='ltr'><strong>κατά</strong></span> <span class='ocrx_word' id='word_1_347' title='bbox 2758 2716 2958 2786; x_wconf 88' lang='grc' dir='ltr'>ταύτην</span> <span class='ocrx_word' id='word_1_348' title='bbox 2980 2713 3350 2785; x_wconf 88' lang='grc' dir='ltr'>τελεσιουργία</span> <span class='ocrx_word' id='word_1_349' title='bbox 3376 2712 3475 2783; x_wconf 77' lang='grc' dir='ltr'>τὴν</span> <span class='ocrx_word' id='word_1_350' title='bbox 3500 2710 3631 2781; x_wconf 81' lang='grc' dir='ltr'>ἁλή-</span> 
     </span>
    </p>
   </div>
   <div class='ocr_carea' id='block_1_51' title="bbox 2055 2803 3630 2878">
    <p class='ocr_par' dir='ltr' id='par_1_51' title="bbox 2055 2803 3630 2878">
     <span class='ocr_line' id='line_1_51' title="bbox 2055 2803 3630 2878; baseline -0.004 -19"><span class='ocrx_word' id='word_1_351' title='bbox 2055 2806 2203 2863; x_wconf 88' lang='grc' dir='ltr'>θειαν</span> <span class='ocrx_word' id='word_1_352' title='bbox 2226 2808 2584 2873; x_wconf 88' lang='grc' dir='ltr'>ἐπιστώσατο,</span> <span class='ocrx_word' id='word_1_353' title='bbox 2612 2810 2705 2861; x_wconf 70' lang='grc' dir='ltr'><strong>καὶ</strong></span> <span class='ocrx_word' id='word_1_354' title='bbox 2727 2808 2841 2860; x_wconf 80' lang='grc' dir='ltr'>ἐστι</span> <span class='ocrx_word' id='word_1_355' title='bbox 2866 2808 2963 2878; x_wconf 81' lang='grc' dir='ltr'>τῆς</span> <span class='ocrx_word' id='word_1_356' title='bbox 2994 2805 3266 2874; x_wconf 88' lang='grc' dir='ltr'>θεολογίας</span> <span class='ocrx_word' id='word_1_357' title='bbox 3292 2806 3326 2876; x_wconf 82' lang='grc' dir='ltr'><strong>ἡ</strong></span> <span class='ocrx_word' id='word_1_358' title='bbox 3367 2803 3630 2873; x_wconf 80' lang='grc' dir='ltr'>θεουργία</span> 
     </span>
    </p>
   </div>
   <div class='ocr_carea' id='block_1_52' title="bbox 2059 2901 2547 2971">
    <p class='ocr_par' dir='ltr' id='par_1_52' title="bbox 2059 2901 2547 2971">
     <span class='ocr_line' id='line_1_52' title="bbox 2059 2901 2547 2971; baseline 0.006 -19"><span class='ocrx_word' id='word_1_359' title='bbox 2059 2901 2547 2971; x_wconf 77' lang='grc' dir='ltr'>συγκεφαλαίωσις.</span> 
     </span>
    </p>
   </div>
   <div class='ocr_carea' id='block_1_53' title="bbox 371 2979 3630 3066">
    <p class='ocr_par' dir='ltr' id='par_1_53' title="bbox 371 2979 3630 3066">
     <span class='ocr_line' id='line_1_53' title="bbox 371 2979 3630 3066; baseline 0.002 -29"><span class='ocrx_word' id='word_1_360' title='bbox 371 2992 479 3037; x_wconf 90' lang='lat' dir='ltr'><strong>tem</strong></span> <span class='ocrx_word' id='word_1_361' title='bbox 537 2980 952 3044; x_wconf 87' lang='lat' dir='ltr'><strong>demonstravit,</strong></span> <span class='ocrx_word' id='word_1_362' title='bbox 1006 2994 1130 3033; x_wconf 91' lang='lat' dir='ltr'><strong>cum</strong></span> <span class='ocrx_word' id='word_1_363' title='bbox 1181 2979 1597 3048; x_wconf 66' lang='lat' dir='ltr'><strong>praedictionum</strong></span> <span class='ocrx_word' id='word_1_364' title='bbox 1672 2982 1790 3053; x_wconf 82' lang='lat' dir='ltr'><strong>ejus</strong></span> <span class='ocrx_word' id='word_1_365' title='bbox 1851 2987 2139 3045; x_wconf 87' lang='lat' dir='ltr'><strong>veritatem</strong></span> <span class='ocrx_word' id='word_1_366' title='bbox 2200 2992 2429 3050; x_wconf 78' lang='lat' dir='ltr'><strong>eﬂ‘ectus</strong></span> <span class='ocrx_word' id='word_1_367' title='bbox 2454 2993 2615 3064; x_wconf 86' lang='lat' dir='ltr'><strong>hujus</strong></span> <span class='ocrx_word' id='word_1_368' title='bbox 2645 2992 3479 3066; x_wconf 83' lang='lat' dir='ltr'><strong>comprobavit,divinorumque</strong></span> <span class='ocrx_word' id='word_1_369' title='bbox 3506 3004 3630 3045; x_wconf 71' lang='lat' dir='ltr'><strong>sel--</strong></span> 
     </span>
    </p>
   </div>
   <div class='ocr_carea' id='block_1_54' title="bbox 370 3072 1449 3145">
    <p class='ocr_par' dir='ltr' id='par_1_54' title="bbox 370 3072 1449 3145">
     <span class='ocr_line' id='line_1_54' title="bbox 370 3072 1449 3145; baseline -0.001 -16"><span class='ocrx_word' id='word_1_370' title='bbox 370 3090 588 3132; x_wconf 89' lang='lat' dir='ltr'><strong>monum</strong></span> <span class='ocrx_word' id='word_1_371' title='bbox 619 3072 862 3145; x_wconf 85' lang='lat' dir='ltr'><strong>Operatio</strong></span> <span class='ocrx_word' id='word_1_372' title='bbox 894 3073 1077 3128; x_wconf 88' lang='lat' dir='ltr'><strong>divina</strong></span> <span class='ocrx_word' id='word_1_373' title='bbox 1119 3072 1192 3127; x_wconf 88' lang='lat' dir='ltr'><strong>sit</strong></span> <span class='ocrx_word' id='word_1_374' title='bbox 1215 3087 1449 3128; x_wconf 86' lang='lat' dir='ltr'><strong>summa.</strong></span> 
     </span>
    </p>
   </div>
   <div class='ocr_carea' id='block_1_55' title="bbox 1920 3217 2091 3290">
    <p class='ocr_par' dir='ltr' id='par_1_55' title="bbox 1920 3217 2091 3290">
     <span class='ocr_line' id='line_1_55' title="bbox 1920 3217 2091 3290; baseline 0.029 -17"><span class='ocrx_word' id='word_1_375' title='bbox 1920 3218 1950 3290; x_wconf 61' lang='grc' dir='ltr'>ξ</span> <span class='ocrx_word' id='word_1_376' title='bbox 1984 3217 2091 3278; x_wconf 88' lang='lat' dir='ltr'><strong>Vl.</strong></span> 
     </span>
    </p>
   </div>
   <div class='ocr_carea' id='block_1_56' title="bbox 445 3382 1949 3457">
    <p class='ocr_par' dir='ltr' id='par_1_56' title="bbox 445 3382 1944 3457">
     <span class='ocr_line' id='line_1_56' title="bbox 445 3382 1944 3457; baseline -0.003 -15"><span class='ocrx_word' id='word_1_377' title='bbox 445 3385 597 3457; x_wconf 80' lang='lat'><strong>191</strong></span> <span class='ocrx_word' id='word_1_378' title='bbox 630 3384 732 3451; x_wconf 87' lang='lat' dir='ltr'><strong>Qui</strong></span> <span class='ocrx_word' id='word_1_379' title='bbox 762 3382 981 3453; x_wconf 88' lang='lat' dir='ltr'><strong>quidem</strong></span> <span class='ocrx_word' id='word_1_380' title='bbox 1004 3382 1201 3437; x_wconf 88' lang='lat' dir='ltr'><strong>horum</strong></span> <span class='ocrx_word' id='word_1_381' title='bbox 1227 3390 1696 3437; x_wconf 86' lang='lat' dir='ltr'><strong>sacramentorum</strong></span> <span class='ocrx_word' id='word_1_382' title='bbox 1728 3382 1944 3453; x_wconf 87' lang='lat' dir='ltr'><strong>penitus</strong></span> 
     </span>
    </p>
   </div>
   <div class='ocr_carea' id='block_1_57' title="bbox 2052 3382 3632 3457">
    <p class='ocr_par' dir='ltr' id='par_1_57' title="bbox 2118 3382 3632 3457">
     <span class='ocr_line' id='line_1_57' title="bbox 2118 3382 3632 3457; baseline -0.001 -19"><span class='ocrx_word' id='word_1_383' title='bbox 2118 3386 2333 3439; x_wconf 87' lang='grc' dir='ltr'>Τούτων</span> <span class='ocrx_word' id='word_1_384' title='bbox 2358 3387 2409 3439; x_wconf 83' lang='grc' dir='ltr'><strong>οἱ</strong></span> <span class='ocrx_word' id='word_1_385' title='bbox 2434 3386 2531 3457; x_wconf 80' lang='grc' dir='ltr'>μὲν</span> <span class='ocrx_word' id='word_1_386' title='bbox 2553 3384 3038 3456; x_wconf 87' lang='grc' dir='ltr'>ἀπερισάλπιγκτοι</span> <span class='ocrx_word' id='word_1_387' title='bbox 3061 3382 3285 3437; x_wconf 82' lang='grc' dir='ltr'><strong>καθόλου</strong></span> <span class='ocrx_word' id='word_1_388' title='bbox 3323 3382 3432 3435; x_wconf 85' lang='grc' dir='ltr'><strong>τῶν</strong></span> <span class='ocrx_word' id='word_1_389' title='bbox 3461 3382 3632 3454; x_wconf 79' lang='grc' dir='ltr'>ἱερῶν</span> 
     </span>
    </p>
   </div>
   <div class='ocr_carea' id='block_1_58' title="bbox 368 3472 1950 3550">
    <p class='ocr_par' dir='ltr' id='par_1_58' title="bbox 368 3472 1950 3550">
     <span class='ocr_line' id='line_1_58' title="bbox 368 3472 1950 3550; baseline -0.002 -16"><span class='ocrx_word' id='word_1_390' title='bbox 368 3479 545 3550; x_wconf 87' lang='lat' dir='ltr'><strong>ignari</strong></span> <span class='ocrx_word' id='word_1_391' title='bbox 577 3487 725 3541; x_wconf 88' lang='lat' dir='ltr'><strong>sunt,</strong></span> <span class='ocrx_word' id='word_1_392' title='bbox 776 3475 853 3531; x_wconf 92' lang='lat' dir='ltr'><strong>illi</strong></span> <span class='ocrx_word' id='word_1_393' title='bbox 894 3490 962 3530; x_wconf 91' lang='lat' dir='ltr'><strong>ne</strong></span> <span class='ocrx_word' id='word_1_394' title='bbox 990 3474 1255 3544; x_wconf 75' lang='lat' dir='ltr'><strong>imagines</strong></span> <span class='ocrx_word' id='word_1_395' title='bbox 1280 3472 1497 3544; x_wconf 87' lang='lat' dir='ltr'><strong>quidem</strong></span> <span class='ocrx_word' id='word_1_396' title='bbox 1526 3484 1782 3543; x_wconf 90' lang='lat' dir='ltr'><strong>cernunt,</strong></span> <span class='ocrx_word' id='word_1_397' title='bbox 1804 3478 1950 3545; x_wconf 89' lang='lat' dir='ltr'><strong>quod</strong></span> 
     </span>
    </p>
   </div>
   <div class='ocr_carea' id='block_1_59' title="bbox 369 3565 1942 3637">
    <p class='ocr_par' dir='ltr' id='par_1_59' title="bbox 369 3565 1942 3637">
     <span class='ocr_line' id='line_1_59' title="bbox 369 3565 1942 3637; baseline 0 -15"><span class='ocrx_word' id='word_1_398' title='bbox 369 3569 627 3624; x_wconf 87' lang='lat' dir='ltr'><strong>nimirum</strong></span> <span class='ocrx_word' id='word_1_399' title='bbox 668 3566 1016 3637; x_wconf 90' lang='lat' dir='ltr'><strong>impudenter</strong></span> <span class='ocrx_word' id='word_1_400' title='bbox 1050 3565 1348 3620; x_wconf 89' lang='lat' dir='ltr'><strong>salutarem</strong></span> <span class='ocrx_word' id='word_1_401' title='bbox 1395 3565 1597 3621; x_wconf 60' lang='lat' dir='ltr'><strong>divina}</strong></span> <span class='ocrx_word' id='word_1_402' title='bbox 1624 3569 1942 3637; x_wconf 90' lang='lat' dir='ltr'><strong>generatio-</strong></span> 
     </span>
    </p>
   </div>
   <div class='ocr_carea' id='block_1_60' title="bbox 370 3657 1951 3728">
    <p class='ocr_par' dir='ltr' id='par_1_60' title="bbox 370 3657 1951 3728">
     <span class='ocr_line' id='line_1_60' title="bbox 370 3657 1951 3728; baseline 0 -13"><span class='ocrx_word' id='word_1_403' title='bbox 370 3662 461 3716; x_wconf 91' lang='lat' dir='ltr'><strong>nis</strong></span> <span class='ocrx_word' id='word_1_404' title='bbox 498 3659 848 3728; x_wconf 85' lang='lat' dir='ltr'><strong>disciplinam</strong></span> <span class='ocrx_word' id='word_1_405' title='bbox 883 3658 1188 3727; x_wconf 89' lang='lat' dir='ltr'><strong>rcpudient.</strong></span> <span class='ocrx_word' id='word_1_406' title='bbox 1241 3657 1594 3726; x_wconf 88' lang='lat' dir='ltr'><strong>Eloquiisque</strong></span> <span class='ocrx_word' id='word_1_407' title='bbox 1629 3661 1803 3715; x_wconf 86' lang='lat' dir='ltr'><strong>sacris</strong></span> <span class='ocrx_word' id='word_1_408' title='bbox 1833 3660 1951 3715; x_wconf 81' lang='lat' dir='ltr'><strong>exi-</strong></span> 
     </span>
    </p>
   </div>
   <div class='ocr_carea' id='block_1_61' title="bbox 372 3748 1948 3822">
    <p class='ocr_par' dir='ltr' id='par_1_61' title="bbox 372 3748 1948 3822">
     <span class='ocr_line' id='line_1_61' title="bbox 372 3748 1948 3822; baseline 0 -15"><span class='ocrx_word' id='word_1_409' title='bbox 372 3754 512 3809; x_wconf 90' lang='lat' dir='ltr'><strong>tiose</strong></span> <span class='ocrx_word' id='word_1_410' title='bbox 565 3767 792 3822; x_wconf 87' lang='lat' dir='ltr'><strong>prorsus</strong></span> <span class='ocrx_word' id='word_1_411' title='bbox 845 3752 1188 3822; x_wconf 83' lang='lat' dir='ltr'><strong>obstrepant,</strong></span> <span class='ocrx_word' id='word_1_412' title='bbox 1252 3748 1377 3805; x_wconf 64' lang='lat' dir='ltr'><strong>Via:</strong></span> <span class='ocrx_word' id='word_1_413' title='bbox 1428 3761 1547 3805; x_wconf 73' lang='lat' dir='ltr'><strong>tua:</strong></span> <span class='ocrx_word' id='word_1_414' title='bbox 1605 3752 1740 3806; x_wconf 76' lang='lat' dir='ltr'><strong>scire</strong></span> <span class='ocrx_word' id='word_1_415' title='bbox 1807 3750 1948 3807; x_wconf 83' lang='lat' dir='ltr'><strong>nolo.</strong></span> 
     </span>
    </p>
   </div>
   <div class='ocr_carea' id='block_1_62' title="bbox 370 3843 1950 3913">
    <p class='ocr_par' dir='ltr' id='par_1_62' title="bbox 370 3843 1950 3913">
     <span class='ocr_line' id='line_1_62' title="bbox 370 3843 1950 3913; baseline -0.002 -12"><span class='ocrx_word' id='word_1_416' title='bbox 370 3846 545 3901; x_wconf 88' lang='lat' dir='ltr'><strong>Porro</strong></span> <span class='ocrx_word' id='word_1_417' title='bbox 568 3844 989 3898; x_wconf 86' lang='lat' dir='ltr'><strong>catechumenos</strong></span> <span class='ocrx_word' id='word_1_418' title='bbox 1034 3852 1091 3898; x_wconf 90' lang='lat' dir='ltr'><strong>et</strong></span> <span class='ocrx_word' id='word_1_419' title='bbox 1138 3857 1555 3913; x_wconf 89' lang='lat' dir='ltr'><strong>energumenos,</strong></span> <span class='ocrx_word' id='word_1_420' title='bbox 1619 3857 1819 3913; x_wconf 89' lang='lat' dir='ltr'><strong>eosque</strong></span> <span class='ocrx_word' id='word_1_421' title='bbox 1857 3843 1950 3913; x_wconf 85' lang='lat' dir='ltr'><strong>qui</strong></span> 
     </span>
    </p>
   </div>
   <div class='ocr_carea' id='block_1_63' title="bbox 372 3938 1951 4010">
    <p class='ocr_par' dir='ltr' id='par_1_63' title="bbox 372 3938 1951 4010">
     <span class='ocr_line' id='line_1_63' title="bbox 372 3938 1951 4010; baseline 0 -16"><span class='ocrx_word' id='word_1_422' title='bbox 372 3940 696 4010; x_wconf 68' lang='lat' dir='ltr'><strong>paanitentia</strong></span> <span class='ocrx_word' id='word_1_423' title='bbox 726 3940 1021 4003; x_wconf 89' lang='lat' dir='ltr'><strong>ducuntur,</strong></span> <span class='ocrx_word' id='word_1_424' title='bbox 1068 3947 1434 3993; x_wconf 73' lang='lat' dir='ltr'><strong>sacrosancta:</strong></span> <span class='ocrx_word' id='word_1_425' title='bbox 1476 3938 1803 3994; x_wconf 77' lang='lat' dir='ltr'><strong>bierarchia:</strong></span> <span class='ocrx_word' id='word_1_426' title='bbox 1834 3953 1951 3995; x_wconf 89' lang='lat' dir='ltr'><strong>mos</strong></span> 
     </span>
    </p>
   </div>
   <div class='ocr_carea' id='block_1_64' title="bbox 374 4028 1950 4104">
    <p class='ocr_par' dir='ltr' id='par_1_64' title="bbox 374 4028 1950 4104">
     <span class='ocr_line' id='line_1_64' title="bbox 374 4028 1950 4104; baseline -0.001 -17"><span class='ocrx_word' id='word_1_427' title='bbox 374 4032 581 4104; x_wconf 89' lang='lat' dir='ltr'><strong>patitur</strong></span> <span class='ocrx_word' id='word_1_428' title='bbox 619 4031 836 4100; x_wconf 90' lang='lat' dir='ltr'><strong>quidem</strong></span> <span class='ocrx_word' id='word_1_429' title='bbox 893 4029 1088 4084; x_wconf 89' lang='lat' dir='ltr'><strong>audire</strong></span> <span class='ocrx_word' id='word_1_430' title='bbox 1135 4043 1349 4083; x_wconf 87' lang='lat' dir='ltr'><strong>sacram</strong></span> <span class='ocrx_word' id='word_1_431' title='bbox 1388 4028 1770 4099; x_wconf 88' lang='lat' dir='ltr'><strong>psalmodiam,</strong></span> <span class='ocrx_word' id='word_1_432' title='bbox 1808 4031 1950 4085; x_wconf 88' lang='lat' dir='ltr'><strong>divi-</strong></span> 
     </span>
    </p>
   </div>
   <div class='ocr_carea' id='block_1_65' title="bbox 374 4120 1951 4194">
    <p class='ocr_par' dir='ltr' id='par_1_65' title="bbox 374 4120 1951 4194">
     <span class='ocr_line' id='line_1_65' title="bbox 374 4120 1951 4194; baseline -0.001 -15"><span class='ocrx_word' id='word_1_433' title='bbox 374 4138 610 4194; x_wconf 86' lang='lat' dir='ltr'><strong>namque</strong></span> <span class='ocrx_word' id='word_1_434' title='bbox 645 4137 927 4179; x_wconf 86' lang='lat' dir='ltr'><strong>sacrarum</strong></span> <span class='ocrx_word' id='word_1_435' title='bbox 957 4120 1371 4190; x_wconf 88' lang='lat' dir='ltr'><strong>Scripturarum</strong></span> <span class='ocrx_word' id='word_1_436' title='bbox 1412 4121 1827 4188; x_wconf 88' lang='lat' dir='ltr'><strong>recitationem;</strong></span> <span class='ocrx_word' id='word_1_437' title='bbox 1859 4136 1951 4177; x_wconf 86' lang='lat' dir='ltr'><strong>ve-</strong></span> 
     </span>
    </p>
   </div>
   <div class='ocr_carea' id='block_1_66' title="bbox 374 4215 1953 4286">
    <p class='ocr_par' dir='ltr' id='par_1_66' title="bbox 374 4215 1953 4286">
     <span class='ocr_line' id='line_1_66' title="bbox 374 4215 1953 4286; baseline -0.001 -15"><span class='ocrx_word' id='word_1_438' title='bbox 374 4233 493 4273; x_wconf 85' lang='lat' dir='ltr'><strong>rum</strong></span> <span class='ocrx_word' id='word_1_439' title='bbox 523 4218 591 4272; x_wconf 89' lang='lat' dir='ltr'><strong>ad</strong></span> <span class='ocrx_word' id='word_1_440' title='bbox 631 4231 694 4271; x_wconf 86' lang='lat' dir='ltr'><strong>ea</strong></span> <span class='ocrx_word' id='word_1_441' title='bbox 724 4231 845 4286; x_wconf 67' lang='lat' dir='ltr'><strong>qua:</strong></span> <span class='ocrx_word' id='word_1_442' title='bbox 875 4215 1132 4284; x_wconf 89' lang='lat' dir='ltr'><strong>deinceps</strong></span> <span class='ocrx_word' id='word_1_443' title='bbox 1162 4222 1469 4283; x_wconf 89' lang='lat' dir='ltr'><strong>sequuntur</strong></span> <span class='ocrx_word' id='word_1_444' title='bbox 1514 4215 1787 4270; x_wconf 81' lang='lat' dir='ltr'><strong>sacriﬁcia</strong></span> <span class='ocrx_word' id='word_1_445' title='bbox 1829 4229 1953 4284; x_wconf 89' lang='lat' dir='ltr'><strong>spe-</strong></span> 
     </span>
    </p>
   </div>
   <div class='ocr_carea' id='block_1_67' title="bbox 374 4308 1951 4381">
    <p class='ocr_par' dir='ltr' id='par_1_67' title="bbox 374 4308 1951 4381">
     <span class='ocr_line' id='line_1_67' title="bbox 374 4308 1951 4381; baseline -0.001 -16"><span class='ocrx_word' id='word_1_446' title='bbox 374 4311 698 4381; x_wconf 88' lang='lat' dir='ltr'><strong>ctaculaque</strong></span> <span class='ocrx_word' id='word_1_447' title='bbox 756 4324 1109 4379; x_wconf 87' lang='lat' dir='ltr'><strong>nequaquam</strong></span> <span class='ocrx_word' id='word_1_448' title='bbox 1158 4308 1258 4364; x_wconf 90' lang='lat' dir='ltr'><strong>bos</strong></span> <span class='ocrx_word' id='word_1_449' title='bbox 1291 4320 1582 4375; x_wconf 82' lang='lat' dir='ltr'><strong>convocat,</strong></span> <span class='ocrx_word' id='word_1_450' title='bbox 1642 4311 1735 4365; x_wconf 89' lang='lat' dir='ltr'><strong>sed</strong></span> <span class='ocrx_word' id='word_1_451' title='bbox 1774 4309 1951 4378; x_wconf 78' lang='lat' dir='ltr'><strong>perfe-</strong></span> 
     </span>
    </p>
   </div>
   <div class='ocr_carea' id='block_1_68' title="bbox 375 4400 1952 4473">
    <p class='ocr_par' dir='ltr' id='par_1_68' title="bbox 375 4400 1952 4473">
     <span class='ocr_line' id='line_1_68' title="bbox 375 4400 1952 4473; baseline -0.003 -14"><span class='ocrx_word' id='word_1_452' title='bbox 375 4415 494 4459; x_wconf 90' lang='lat' dir='ltr'><strong>ctos</strong></span> <span class='ocrx_word' id='word_1_453' title='bbox 529 4402 892 4473; x_wconf 77' lang='lat' dir='ltr'><strong>perfectorum</strong></span> <span class='ocrx_word' id='word_1_454' title='bbox 931 4401 1140 4457; x_wconf 91' lang='lat' dir='ltr'><strong>oculos.</strong></span> <span class='ocrx_word' id='word_1_455' title='bbox 1185 4401 1281 4456; x_wconf 88' lang='lat' dir='ltr'><strong>Est</strong></span> <span class='ocrx_word' id='word_1_456' title='bbox 1319 4400 1464 4456; x_wconf 89' lang='lat' dir='ltr'><strong>enim</strong></span> <span class='ocrx_word' id='word_1_457' title='bbox 1514 4400 1797 4456; x_wconf 79' lang='lat' dir='ltr'><strong>deil’ormis</strong></span> <span class='ocrx_word' id='word_1_458' title='bbox 1857 4400 1952 4455; x_wconf 89' lang='lat' dir='ltr'><strong>ille</strong></span> 
     </span>
    </p>
   </div>
   <div class='ocr_carea' id='block_1_69' title="bbox 373 4495 1952 4566">
    <p class='ocr_par' dir='ltr' id='par_1_69' title="bbox 373 4495 1952 4566">
     <span class='ocr_line' id='line_1_69' title="bbox 373 4495 1952 4566; baseline -0.003 -13"><span class='ocrx_word' id='word_1_459' title='bbox 373 4497 507 4553; x_wconf 91' lang='lat' dir='ltr'><strong>ordo</strong></span> <span class='ocrx_word' id='word_1_460' title='bbox 540 4513 694 4554; x_wconf 85' lang='lat' dir='ltr'><strong>sacer</strong></span> <span class='ocrx_word' id='word_1_461' title='bbox 722 4505 925 4552; x_wconf 59' lang='lat' dir='ltr'><strong>sancta</strong></span> <span class='ocrx_word' id='word_1_462' title='bbox 948 4495 1142 4565; x_wconf 88' lang='lat' dir='ltr'><strong>plenus</strong></span> <span class='ocrx_word' id='word_1_463' title='bbox 1175 4495 1421 4566; x_wconf 72' lang='lat' dir='ltr'><strong>iustitiae,</strong></span> <span class='ocrx_word' id='word_1_464' title='bbox 1454 4510 1555 4550; x_wconf 92' lang='lat' dir='ltr'><strong>nec</strong></span> <span class='ocrx_word' id='word_1_465' title='bbox 1581 4510 1687 4550; x_wconf 92' lang='lat' dir='ltr'><strong>non</strong></span> <span class='ocrx_word' id='word_1_466' title='bbox 1717 4495 1952 4551; x_wconf 87' lang='lat' dir='ltr'><strong>salubri-</strong></span> 
     </span>
    </p>
   </div>
   <div class='ocr_carea' id='block_1_70' title="bbox 378 4586 1952 4658">
    <p class='ocr_par' dir='ltr' id='par_1_70' title="bbox 378 4586 1952 4658">
     <span class='ocr_line' id='line_1_70' title="bbox 378 4586 1952 4658; baseline 0.001 -17"><span class='ocrx_word' id='word_1_467' title='bbox 378 4597 458 4642; x_wconf 86' lang='lat' dir='ltr'><strong>ter</strong></span> <span class='ocrx_word' id='word_1_468' title='bbox 488 4589 680 4657; x_wconf 89' lang='lat' dir='ltr'><strong>cuique</strong></span> <span class='ocrx_word' id='word_1_469' title='bbox 703 4597 1127 4643; x_wconf 89' lang='lat' dir='ltr'><strong>consentaneam</strong></span> <span class='ocrx_word' id='word_1_470' title='bbox 1156 4602 1254 4657; x_wconf 90' lang='lat' dir='ltr'><strong>pro</strong></span> <span class='ocrx_word' id='word_1_471' title='bbox 1309 4587 1508 4643; x_wconf 85' lang='lat' dir='ltr'><strong>merito</strong></span> <span class='ocrx_word' id='word_1_472' title='bbox 1554 4586 1825 4658; x_wconf 87' lang='lat' dir='ltr'><strong>cujusque</strong></span> <span class='ocrx_word' id='word_1_473' title='bbox 1872 4603 1952 4643; x_wconf 89' lang='lat' dir='ltr'><strong>re-</strong></span> 
     </span>
    </p>
   </div>
   <div class='ocr_carea' id='block_1_71' title="bbox 376 4679 1948 4750">
    <p class='ocr_par' dir='ltr' id='par_1_71' title="bbox 376 4679 1948 4750">
     <span class='ocr_line' id='line_1_71' title="bbox 376 4679 1948 4750; baseline -0.001 -16"><span class='ocrx_word' id='word_1_474' title='bbox 376 4695 495 4734; x_wconf 86' lang='lat' dir='ltr'><strong>rum</strong></span> <span class='ocrx_word' id='word_1_475' title='bbox 521 4680 826 4735; x_wconf 88' lang='lat' dir='ltr'><strong>divinarum</strong></span> <span class='ocrx_word' id='word_1_476' title='bbox 888 4679 1080 4735; x_wconf 90' lang='lat' dir='ltr'><strong>tribuit</strong></span> <span class='ocrx_word' id='word_1_477' title='bbox 1133 4679 1638 4748; x_wconf 89' lang='lat' dir='ltr'><strong>participationem,</strong></span> <span class='ocrx_word' id='word_1_478' title='bbox 1687 4690 1743 4735; x_wconf 90' lang='lat' dir='ltr'><strong>et</strong></span> <span class='ocrx_word' id='word_1_479' title='bbox 1792 4679 1948 4750; x_wconf 82' lang='lat' dir='ltr'><strong>juxta</strong></span> 
     </span>
    </p>
   </div>
   <div class='ocr_carea' id='block_1_72' title="bbox 376 4771 1949 4842">
    <p class='ocr_par' dir='ltr' id='par_1_72' title="bbox 376 4771 1949 4842">
     <span class='ocr_line' id='line_1_72' title="bbox 376 4771 1949 4842; baseline 0.001 -17"><span class='ocrx_word' id='word_1_480' title='bbox 376 4781 593 4842; x_wconf 82' lang='lat' dir='ltr'><strong>captum</strong></span> <span class='ocrx_word' id='word_1_481' title='bbox 620 4775 942 4840; x_wconf 86' lang='lat' dir='ltr'><strong>modumque</strong></span> <span class='ocrx_word' id='word_1_482' title='bbox 986 4771 1328 4841; x_wconf 79' lang='lat' dir='ltr'><strong>singulorum</strong></span> <span class='ocrx_word' id='word_1_483' title='bbox 1363 4786 1462 4826; x_wconf 92' lang='lat' dir='ltr'><strong>suo</strong></span> <span class='ocrx_word' id='word_1_484' title='bbox 1501 4782 1742 4841; x_wconf 90' lang='lat' dir='ltr'><strong>tempore</strong></span> <span class='ocrx_word' id='word_1_485' title='bbox 1763 4781 1949 4827; x_wconf 91' lang='lat' dir='ltr'><strong>sancte</strong></span> 
     </span>
    </p>
   </div>
   <div class='ocr_carea' id='block_1_73' title="bbox 377 4864 1949 4933">
    <p class='ocr_par' dir='ltr' id='par_1_73' title="bbox 377 4864 1949 4933">
     <span class='ocr_line' id='line_1_73' title="bbox 377 4864 1949 4933; baseline -0.001 -12"><span class='ocrx_word' id='word_1_486' title='bbox 377 4864 654 4921; x_wconf 89' lang='lat' dir='ltr'><strong>concedit.</strong></span> <span class='ocrx_word' id='word_1_487' title='bbox 697 4864 773 4917; x_wconf 85' lang='lat' dir='ltr'><strong>Ac</strong></span> <span class='ocrx_word' id='word_1_488' title='bbox 800 4873 1107 4933; x_wconf 89' lang='lat' dir='ltr'><strong>postremus</strong></span> <span class='ocrx_word' id='word_1_489' title='bbox 1131 4865 1347 4932; x_wconf 91' lang='lat' dir='ltr'><strong>quidem</strong></span> <span class='ocrx_word' id='word_1_490' title='bbox 1377 4865 1511 4919; x_wconf 88' lang='lat' dir='ltr'><strong>ordo</strong></span> <span class='ocrx_word' id='word_1_491' title='bbox 1537 4864 1949 4920; x_wconf 88' lang='lat' dir='ltr'><strong>catechumenis</strong></span> 
     </span>
    </p>
   </div>
   <div class='ocr_carea' id='block_1_74' title="bbox 376 4956 1949 5026">
    <p class='ocr_par' dir='ltr' id='par_1_74' title="bbox 376 4956 1949 5026">
     <span class='ocr_line' id='line_1_74' title="bbox 376 4956 1949 5026; baseline -0.001 -13"><span class='ocrx_word' id='word_1_492' title='bbox 376 4960 615 5014; x_wconf 88' lang='lat' dir='ltr'><strong>tributus</strong></span> <span class='ocrx_word' id='word_1_493' title='bbox 650 4967 755 5021; x_wconf 91' lang='lat' dir='ltr'><strong>est,</strong></span> <span class='ocrx_word' id='word_1_494' title='bbox 786 4956 927 5024; x_wconf 84' lang='lat' dir='ltr'><strong>quod</strong></span> <span class='ocrx_word' id='word_1_495' title='bbox 964 4965 1185 5011; x_wconf 78' lang='lat' dir='ltr'><strong>exortes</strong></span> <span class='ocrx_word' id='word_1_496' title='bbox 1208 4956 1393 5010; x_wconf 89' lang='lat' dir='ltr'><strong>sintet</strong></span> <span class='ocrx_word' id='word_1_497' title='bbox 1422 4956 1595 5026; x_wconf 83' lang='lat' dir='ltr'><strong>ignari</strong></span> <span class='ocrx_word' id='word_1_498' title='bbox 1626 4957 1803 5010; x_wconf 87' lang='lat' dir='ltr'><strong>omnis</strong></span> <span class='ocrx_word' id='word_1_499' title='bbox 1830 4957 1949 5012; x_wconf 86' lang='lat' dir='ltr'><strong>hie-</strong></span> 
     </span>
    </p>
   </div>
   <div class='ocr_carea' id='block_1_75' title="bbox 377 5046 1949 5118">
    <p class='ocr_par' dir='ltr' id='par_1_75' title="bbox 377 5046 1949 5118">
     <span class='ocr_line' id='line_1_75' title="bbox 377 5046 1949 5118; baseline -0.002 -12"><span class='ocrx_word' id='word_1_500' title='bbox 377 5051 641 5106; x_wconf 68' lang='lat' dir='ltr'><strong>rarcliicze</strong></span> <span class='ocrx_word' id='word_1_501' title='bbox 677 5046 1049 5118; x_wconf 82' lang='lat' dir='ltr'><strong>perfectionis,</strong></span> <span class='ocrx_word' id='word_1_502' title='bbox 1081 5063 1261 5117; x_wconf 90' lang='lat' dir='ltr'><strong>neque</strong></span> <span class='ocrx_word' id='word_1_503' title='bbox 1292 5049 1419 5103; x_wconf 91' lang='lat' dir='ltr'><strong>dum</strong></span> <span class='ocrx_word' id='word_1_504' title='bbox 1450 5062 1546 5116; x_wconf 89' lang='lat' dir='ltr'><strong>per</strong></span> <span class='ocrx_word' id='word_1_505' title='bbox 1567 5048 1808 5102; x_wconf 85' lang='lat' dir='ltr'><strong>divinam</strong></span> <span class='ocrx_word' id='word_1_506' title='bbox 1853 5063 1949 5103; x_wconf 85' lang='lat' dir='ltr'><strong>na-</strong></span> 
     </span>
    </p>
   </div>
   <div class='ocr_carea' id='block_1_76' title="bbox 379 5139 1947 5207">
    <p class='ocr_par' dir='ltr' id='par_1_76' title="bbox 379 5139 1947 5207">
     <span class='ocr_line' id='line_1_76' title="bbox 379 5139 1947 5207; baseline -0.003 -9"><span class='ocrx_word' id='word_1_507' title='bbox 379 5144 644 5199; x_wconf 83' lang='lat' dir='ltr'><strong>tivitatem</strong></span> <span class='ocrx_word' id='word_1_508' title='bbox 680 5140 922 5197; x_wconf 84' lang='lat' dir='ltr'><strong>divinum</strong></span> <span class='ocrx_word' id='word_1_509' title='bbox 946 5147 1145 5195; x_wconf 85' lang='lat' dir='ltr'><strong>statum</strong></span> <span class='ocrx_word' id='word_1_510' title='bbox 1176 5139 1443 5204; x_wconf 83' lang='lat' dir='ltr'><strong>assecuti,</strong></span> <span class='ocrx_word' id='word_1_511' title='bbox 1490 5139 1732 5207; x_wconf 88' lang='lat' dir='ltr'><strong>paternis</strong></span> <span class='ocrx_word' id='word_1_512' title='bbox 1765 5139 1947 5194; x_wconf 87' lang='lat' dir='ltr'><strong>adhuc</strong></span> 
     </span>
    </p>
   </div>
   <div class='ocr_carea' id='block_1_77' title="bbox 2051 3475 3626 3549">
    <p class='ocr_par' dir='ltr' id='par_1_77' title="bbox 2051 3475 3626 3549">
     <span class='ocr_line' id='line_1_77' title="bbox 2051 3475 3626 3549; baseline -0.002 -18"><span class='ocrx_word' id='word_1_513' title='bbox 2051 3478 2279 3532; x_wconf 84' lang='grc' dir='ltr'>τελετῶν</span> <span class='ocrx_word' id='word_1_514' title='bbox 2304 3478 2422 3531; x_wconf 89' lang='grc' dir='ltr'><strong>οὐδέ</strong></span> <span class='ocrx_word' id='word_1_515' title='bbox 2460 3477 2558 3541; x_wconf 82' lang='grc' dir='ltr'>τὰς</span> <span class='ocrx_word' id='word_1_516' title='bbox 2606 3477 2818 3541; x_wconf 79' lang='grc' dir='ltr'>εἰκόνας</span> <span class='ocrx_word' id='word_1_517' title='bbox 2867 3476 3084 3549; x_wconf 83' lang='grc' dir='ltr'>ὁρῶσιν,</span> <span class='ocrx_word' id='word_1_518' title='bbox 3117 3475 3342 3539; x_wconf 84' lang='grc' dir='ltr'>ἀναιδῶς</span> <span class='ocrx_word' id='word_1_519' title='bbox 3386 3476 3626 3529; x_wconf 83' lang='grc' dir='ltr'>ἀπειπά-</span> 
     </span>
    </p>
   </div>
   <div class='ocr_carea' id='block_1_78' title="bbox 2055 3566 3630 3640">
    <p class='ocr_par' dir='ltr' id='par_1_78' title="bbox 2055 3566 3630 3640">
     <span class='ocr_line' id='line_1_78' title="bbox 2055 3566 3630 3640; baseline 0 -19"><span class='ocrx_word' id='word_1_520' title='bbox 2055 3586 2202 3639; x_wconf 86' lang='grc' dir='ltr'>μενοι</span> <span class='ocrx_word' id='word_1_521' title='bbox 2230 3569 2328 3640; x_wconf 85' lang='grc' dir='ltr'>τὴν</span> <span class='ocrx_word' id='word_1_522' title='bbox 2357 3566 2669 3639; x_wconf 88' lang='grc' dir='ltr'>σωτηριώδη</span> <span class='ocrx_word' id='word_1_523' title='bbox 2697 3569 2797 3640; x_wconf 86' lang='grc' dir='ltr'><strong>τῆς</strong></span> <span class='ocrx_word' id='word_1_524' title='bbox 2828 3567 3164 3635; x_wconf 83' lang='grc' dir='ltr'>θεογενεσίας</span> <span class='ocrx_word' id='word_1_525' title='bbox 3187 3568 3232 3601; x_wconf 75' lang='grc'><strong>⁸⁸</strong></span> <span class='ocrx_word' id='word_1_526' title='bbox 3281 3567 3501 3638; x_wconf 79' lang='grc' dir='ltr'>μύησιν,</span> <span class='ocrx_word' id='word_1_527' title='bbox 3529 3569 3630 3621; x_wconf 73' lang='grc' dir='ltr'><strong>καὶ</strong></span> 
     </span>
    </p>
   </div>
   <div class='ocr_carea' id='block_1_79' title="bbox 2049 3660 3626 3733">
    <p class='ocr_par' dir='ltr' id='par_1_79' title="bbox 2049 3660 3626 3733">
     <span class='ocr_line' id='line_1_79' title="bbox 2049 3660 3626 3733; baseline -0.001 -18"><span class='ocrx_word' id='word_1_528' title='bbox 2049 3666 2161 3726; x_wconf 86' lang='grc' dir='ltr'>τοῖς</span> <span class='ocrx_word' id='word_1_529' title='bbox 2185 3661 2385 3731; x_wconf 83' lang='grc' dir='ltr'>λογίοις</span> <span class='ocrx_word' id='word_1_530' title='bbox 2438 3661 2698 3733; x_wconf 80' lang='grc' dir='ltr'>ὀλεθρίως</span> <span class='ocrx_word' id='word_1_531' title='bbox 2746 3660 3227 3732; x_wconf 82' lang='grc' dir='ltr'>ἀντιφθεγξάμενοι</span> <span class='ocrx_word' id='word_1_532' title='bbox 3257 3662 3349 3714; x_wconf 83' lang='grc' dir='ltr'><strong>τό·</strong></span> <span class='ocrx_word' id='word_1_533' title='bbox 3416 3661 3626 3727; x_wconf 79' lang='grc' dir='ltr'>Ὀδούς</span> 
     </span>
    </p>
   </div>
   <div class='ocr_carea' id='block_1_80' title="bbox 2051 3752 3626 3823">
    <p class='ocr_par' dir='ltr' id='par_1_80' title="bbox 2051 3752 3626 3823">
     <span class='ocr_line' id='line_1_80' title="bbox 2051 3752 3626 3823; baseline 0 -17"><span class='ocrx_word' id='word_1_534' title='bbox 2051 3769 2164 3806; x_wconf 87' lang='grc' dir='ltr'><strong>σου</strong></span> <span class='ocrx_word' id='word_1_535' title='bbox 2193 3753 2413 3806; x_wconf 75' lang='grc' dir='ltr'>εἰδέναι</span> <span class='ocrx_word' id='word_1_536' title='bbox 2446 3754 2515 3806; x_wconf 88' lang='grc' dir='ltr'>οὺ</span> <span class='ocrx_word' id='word_1_537' title='bbox 2540 3753 2858 3821; x_wconf 75' lang='grc' dir='ltr'>βούλομαι.</span> <span class='ocrx_word' id='word_1_538' title='bbox 2887 3752 3024 3816; x_wconf 81' lang='grc' dir='ltr'>Τοὺς</span> <span class='ocrx_word' id='word_1_539' title='bbox 3067 3752 3124 3804; x_wconf 84' lang='grc' dir='ltr'>δὲ</span> <span class='ocrx_word' id='word_1_540' title='bbox 3162 3753 3626 3823; x_wconf 84' lang='grc' dir='ltr'>κατηχουμένους,</span> 
     </span>
    </p>
   </div>
   <div class='ocr_carea' id='block_1_81' title="bbox 2050 3844 3628 3917">
    <p class='ocr_par' dir='ltr' id='par_1_81' title="bbox 2050 3844 3628 3917">
     <span class='ocr_line' id='line_1_81' title="bbox 2050 3844 3628 3917; baseline 0.002 -21"><span class='ocrx_word' id='word_1_541' title='bbox 2050 3847 2272 3915; x_wconf 85' lang='grc' dir='ltr'>ἐνεργου</span> <span class='ocrx_word' id='word_1_542' title='bbox 2282 3845 2473 3916; x_wconf 89' lang='grc' dir='ltr'>μένους</span> <span class='ocrx_word' id='word_1_543' title='bbox 2496 3861 2577 3908; x_wconf 89' lang='grc' dir='ltr'><strong>τε,</strong></span> <span class='ocrx_word' id='word_1_544' title='bbox 2608 3844 2700 3896; x_wconf 74' lang='grc' dir='ltr'><strong>καὶ</strong></span> <span class='ocrx_word' id='word_1_545' title='bbox 2740 3844 2866 3907; x_wconf 73' lang='grc' dir='ltr'>τοὺς</span> <span class='ocrx_word' id='word_1_546' title='bbox 2891 3846 2948 3896; x_wconf 86' lang='grc' dir='ltr'><strong>ἐν</strong></span> <span class='ocrx_word' id='word_1_547' title='bbox 2974 3846 3228 3917; x_wconf 68' lang='grc' dir='ltr'>μετανοίᾳ</span> <span class='ocrx_word' id='word_1_548' title='bbox 3269 3846 3446 3913; x_wconf 77' lang='grc' dir='ltr'>ὄντας,</span> <span class='ocrx_word' id='word_1_549' title='bbox 3474 3849 3503 3899; x_wconf 89' lang='grc' dir='ltr'><strong>ὁ</strong></span> <span class='ocrx_word' id='word_1_550' title='bbox 3522 3847 3628 3917; x_wconf 80' lang='grc' dir='ltr'>τῆς</span> 
     </span>
    </p>
   </div>
   <div class='ocr_carea' id='block_1_82' title="bbox 2050 3936 3626 4010">
    <p class='ocr_par' dir='ltr' id='par_1_82' title="bbox 2050 3936 3626 4010">
     <span class='ocr_line' id='line_1_82' title="bbox 2050 3936 3626 4010; baseline 0.001 -20"><span class='ocrx_word' id='word_1_551' title='bbox 2050 3938 2208 4005; x_wconf 84' lang='grc' dir='ltr'>ἁγίας</span> <span class='ocrx_word' id='word_1_552' title='bbox 2254 3939 2533 4010; x_wconf 82' lang='grc' dir='ltr'>ίεραρχίας</span> <span class='ocrx_word' id='word_1_553' title='bbox 2579 3936 2775 4008; x_wconf 83' lang='grc' dir='ltr'>θεσμὸς</span> <span class='ocrx_word' id='word_1_554' title='bbox 2820 3938 3004 4009; x_wconf 78' lang='grc' dir='ltr'>ἐφίησι</span> <span class='ocrx_word' id='word_1_555' title='bbox 3052 3939 3149 4009; x_wconf 85' lang='grc' dir='ltr'><strong>μὲν</strong></span> <span class='ocrx_word' id='word_1_556' title='bbox 3174 3939 3477 3993; x_wconf 80' lang='grc' dir='ltr'>ἐπακοῦσαι</span> <span class='ocrx_word' id='word_1_557' title='bbox 3521 3940 3626 4010; x_wconf 80' lang='grc' dir='ltr'><strong>τῆς</strong></span> 
     </span>
    </p>
   </div>
   <div class='ocr_carea' id='block_1_83' title="bbox 2049 4031 3628 4104">
    <p class='ocr_par' dir='ltr' id='par_1_83' title="bbox 2049 4031 3628 4104">
     <span class='ocr_line' id='line_1_83' title="bbox 2049 4031 3628 4104; baseline 0.003 -21"><span class='ocrx_word' id='word_1_558' title='bbox 2049 4031 2329 4102; x_wconf 73' lang='grc' dir='ltr'>ψαλμικῆς</span> <span class='ocrx_word' id='word_1_559' title='bbox 2358 4032 2677 4104; x_wconf 84' lang='grc' dir='ltr'>ίερολογίας,</span> <span class='ocrx_word' id='word_1_560' title='bbox 2735 4034 2831 4087; x_wconf 75' lang='grc' dir='ltr'>καὶ</span> <span class='ocrx_word' id='word_1_561' title='bbox 2860 4034 2959 4104; x_wconf 87' lang='grc' dir='ltr'>τῆς</span> <span class='ocrx_word' id='word_1_562' title='bbox 3006 4032 3188 4085; x_wconf 78' lang='grc' dir='ltr'>ἐνθέου</span> <span class='ocrx_word' id='word_1_563' title='bbox 3217 4032 3326 4086; x_wconf 90' lang='grc' dir='ltr'><strong>τῶν</strong></span> <span class='ocrx_word' id='word_1_564' title='bbox 3350 4033 3628 4104; x_wconf 85' lang='grc' dir='ltr'>πανιέρων</span> 
     </span>
    </p>
   </div>
   <div class='ocr_carea' id='block_1_84' title="bbox 2050 4122 3626 4197">
    <p class='ocr_par' dir='ltr' id='par_1_84' title="bbox 2050 4122 3626 4197">
     <span class='ocr_line' id='line_1_84' title="bbox 2050 4122 3626 4197; baseline 0.004 -22"><span class='ocrx_word' id='word_1_565' title='bbox 2050 4122 2281 4195; x_wconf 83' lang='grc' dir='ltr'>Γραφῶν</span> <span class='ocrx_word' id='word_1_566' title='bbox 2310 4125 2666 4193; x_wconf 88' lang='grc' dir='ltr'>ἀναγνώσεως</span> <span class='ocrx_word' id='word_1_567' title='bbox 2684 4143 2696 4155; x_wconf 82' lang='grc'><strong>’</strong></span> <span class='ocrx_word' id='word_1_568' title='bbox 2726 4128 2806 4190; x_wconf 86' lang='grc' dir='ltr'><strong>είς</strong></span> <span class='ocrx_word' id='word_1_569' title='bbox 2828 4127 2886 4180; x_wconf 86' lang='grc' dir='ltr'>δὲ</span> <span class='ocrx_word' id='word_1_570' title='bbox 2912 4126 3008 4191; x_wconf 79' lang='grc' dir='ltr'><strong>τὰς</strong></span> <span class='ocrx_word' id='word_1_571' title='bbox 3032 4127 3157 4197; x_wconf 78' lang='grc' dir='ltr'>ἑξῆς</span> <span class='ocrx_word' id='word_1_572' title='bbox 3198 4127 3506 4197; x_wconf 84' lang='grc' dir='ltr'>ἱερουργίας</span> <span class='ocrx_word' id='word_1_573' title='bbox 3528 4128 3626 4181; x_wconf 73' lang='grc' dir='ltr'>καὶ</span> 
     </span>
    </p>
   </div>
   <div class='ocr_carea' id='block_1_85' title="bbox 2051 4212 3626 4285">
    <p class='ocr_par' dir='ltr' id='par_1_85' title="bbox 2051 4212 3626 4285">
     <span class='ocr_line' id='line_1_85' title="bbox 2051 4212 3626 4285; baseline -0.001 -20"><span class='ocrx_word' id='word_1_574' title='bbox 2051 4212 2283 4285; x_wconf 85' lang='grc' dir='ltr'>θεωρίας</span> <span class='ocrx_word' id='word_1_575' title='bbox 2335 4215 2379 4246; x_wconf 71' lang='grc' dir='ltr'>θ’</span> <span class='ocrx_word' id='word_1_576' title='bbox 2435 4214 2493 4266; x_wconf 83' lang='grc' dir='ltr'><strong>οὐ</strong></span> <span class='ocrx_word' id='word_1_577' title='bbox 2527 4214 2873 4283; x_wconf 89' lang='grc' dir='ltr'>συγκαλεῖται</span> <span class='ocrx_word' id='word_1_578' title='bbox 2906 4215 3144 4277; x_wconf 84' lang='grc' dir='ltr'>τούτους,</span> <span class='ocrx_word' id='word_1_579' title='bbox 3194 4212 3332 4267; x_wconf 81' lang='grc' dir='ltr'>ἀλλὰ</span> <span class='ocrx_word' id='word_1_580' title='bbox 3374 4213 3498 4275; x_wconf 83' lang='grc' dir='ltr'>τοὺς</span> <span class='ocrx_word' id='word_1_581' title='bbox 3541 4229 3626 4264; x_wconf 86' lang='grc' dir='ltr'>τε·</span> 
     </span>
    </p>
   </div>
   <div class='ocr_carea' id='block_1_86' title="bbox 2050 4302 3625 4377">
    <p class='ocr_par' dir='ltr' id='par_1_86' title="bbox 2050 4302 3625 4377">
     <span class='ocr_line' id='line_1_86' title="bbox 2050 4302 3625 4377; baseline -0.001 -21"><span class='ocrx_word' id='word_1_582' title='bbox 2050 4305 2224 4368; x_wconf 88' lang='grc' dir='ltr'>λείους</span> <span class='ocrx_word' id='word_1_583' title='bbox 2276 4304 2384 4358; x_wconf 88' lang='grc' dir='ltr'><strong>τῶν</strong></span> <span class='ocrx_word' id='word_1_584' title='bbox 2434 4304 2822 4377; x_wconf 89' lang='grc' dir='ltr'>τελεσιουργῶν</span> <span class='ocrx_word' id='word_1_585' title='bbox 2876 4304 3203 4376; x_wconf 73' lang='grc' dir='ltr'>ὀφθαλμούς.</span> <span class='ocrx_word' id='word_1_586' title='bbox 3258 4306 3414 4357; x_wconf 87' lang='grc' dir='ltr'>Ἐστι</span> <span class='ocrx_word' id='word_1_587' title='bbox 3454 4302 3625 4374; x_wconf 77' lang='grc' dir='ltr'><strong>γὰρὴ</strong></span> 
     </span>
    </p>
   </div>
   <div class='ocr_carea' id='block_1_87' title="bbox 2050 4396 3628 4471">
    <p class='ocr_par' dir='ltr' id='par_1_87' title="bbox 2050 4396 3628 4471">
     <span class='ocr_line' id='line_1_87' title="bbox 2050 4396 3628 4471; baseline 0 -22"><span class='ocrx_word' id='word_1_588' title='bbox 2050 4396 2285 4468; x_wconf 81' lang='grc' dir='ltr'>θεοειδὴς</span> <span class='ocrx_word' id='word_1_589' title='bbox 2304 4399 2552 4469; x_wconf 86' lang='grc' dir='ltr'>ίεραρχία</span> <span class='ocrx_word' id='word_1_590' title='bbox 2573 4398 2916 4470; x_wconf 87' lang='grc' dir='ltr'>δικαιοσύνης</span> <span class='ocrx_word' id='word_1_591' title='bbox 2946 4401 3097 4471; x_wconf 79' lang='grc' dir='ltr'>ἱερᾶς</span> <span class='ocrx_word' id='word_1_592' title='bbox 3113 4398 3413 4463; x_wconf 86' lang='grc' dir='ltr'>ἀνάπλεως,</span> <span class='ocrx_word' id='word_1_593' title='bbox 3443 4399 3539 4450; x_wconf 75' lang='grc' dir='ltr'><strong>καὶ</strong></span> <span class='ocrx_word' id='word_1_594' title='bbox 3563 4398 3628 4449; x_wconf 85' lang='grc' dir='ltr'><strong>τὸ</strong></span> 
     </span>
    </p>
   </div>
   <div class='ocr_carea' id='block_1_88' title="bbox 2051 4491 3632 4563">
    <p class='ocr_par' dir='ltr' id='par_1_88' title="bbox 2051 4491 3632 4563">
     <span class='ocr_line' id='line_1_88' title="bbox 2051 4491 3632 4563; baseline -0.001 -19"><span class='ocrx_word' id='word_1_595' title='bbox 2051 4494 2167 4545; x_wconf 87' lang='grc' dir='ltr'>κατ’</span> <span class='ocrx_word' id='word_1_596' title='bbox 2193 4491 2347 4556; x_wconf 79' lang='grc' dir='ltr'>ἀξίαν</span> <span class='ocrx_word' id='word_1_597' title='bbox 2371 4493 2584 4563; x_wconf 78' lang='grc' dir='ltr'>ἑκάστῳ</span> <span class='ocrx_word' id='word_1_598' title='bbox 2608 4493 2888 4563; x_wconf 88' lang='grc' dir='ltr'>σωτηρίως</span> <span class='ocrx_word' id='word_1_599' title='bbox 2939 4492 3199 4562; x_wconf 84' lang='grc' dir='ltr'>ἀπονέμει</span> <span class='ocrx_word' id='word_1_600' title='bbox 3245 4493 3344 4562; x_wconf 78' lang='grc' dir='ltr'>τὴν</span> <span class='ocrx_word' id='word_1_601' title='bbox 3392 4492 3632 4562; x_wconf 75' lang='grc' dir='ltr'>ἐναρμό-</span> 
     </span>
    </p>
   </div>
   <div class='ocr_carea' id='block_1_89' title="bbox 2052 4582 3628 4653">
    <p class='ocr_par' dir='ltr' id='par_1_89' title="bbox 2052 4582 3628 4653">
     <span class='ocr_line' id='line_1_89' title="bbox 2052 4582 3628 4653; baseline 0 -17"><span class='ocrx_word' id='word_1_602' title='bbox 2052 4602 2161 4636; x_wconf 91' lang='grc' dir='ltr'>νιον</span> <span class='ocrx_word' id='word_1_603' title='bbox 2188 4585 2414 4637; x_wconf 76' lang='grc' dir='ltr'>ἑκάστου</span> <span class='ocrx_word' id='word_1_604' title='bbox 2465 4583 2573 4636; x_wconf 89' lang='grc' dir='ltr'><strong>τῶν</strong></span> <span class='ocrx_word' id='word_1_605' title='bbox 2627 4583 2785 4636; x_wconf 88' lang='grc' dir='ltr'>θείων</span> <span class='ocrx_word' id='word_1_606' title='bbox 2840 4582 3051 4653; x_wconf 81' lang='grc' dir='ltr'>μέθεξιν</span> <span class='ocrx_word' id='word_1_607' title='bbox 3094 4583 3148 4635; x_wconf 86' lang='grc' dir='ltr'><strong>ἐν</strong></span> <span class='ocrx_word' id='word_1_608' title='bbox 3176 4582 3487 4653; x_wconf 72' lang='grc' dir='ltr'>συμμετρίᾳ</span> <span class='ocrx_word' id='word_1_609' title='bbox 3531 4585 3628 4636; x_wconf 79' lang='grc' dir='ltr'><strong>καὶ</strong></span> 
     </span>
    </p>
   </div>
   <div class='ocr_carea' id='block_1_90' title="bbox 2052 4675 3627 4749">
    <p class='ocr_par' dir='ltr' id='par_1_90' title="bbox 2052 4675 3627 4749">
     <span class='ocr_line' id='line_1_90' title="bbox 2052 4675 3627 4749; baseline 0.001 -19"><span class='ocrx_word' id='word_1_610' title='bbox 2052 4677 2310 4748; x_wconf 77' lang='grc' dir='ltr'>ἀναλογίᾳ</span> <span class='ocrx_word' id='word_1_611' title='bbox 2340 4678 2481 4730; x_wconf 87' lang='grc' dir='ltr'>κατὰ</span> <span class='ocrx_word' id='word_1_612' title='bbox 2512 4677 2699 4748; x_wconf 85' lang='grc' dir='ltr'>καιρὸν</span> <span class='ocrx_word' id='word_1_613' title='bbox 2732 4675 2891 4747; x_wconf 87' lang='grc' dir='ltr'>ίερῶς</span> <span class='ocrx_word' id='word_1_614' title='bbox 2908 4676 3242 4749; x_wconf 84' lang='grc' dir='ltr'>δωρουμένη.</span> <span class='ocrx_word' id='word_1_615' title='bbox 3306 4679 3367 4731; x_wconf 85' lang='grc' dir='ltr'><strong>Ἦ</strong></span> <span class='ocrx_word' id='word_1_616' title='bbox 3394 4680 3493 4747; x_wconf 83' lang='grc' dir='ltr'>μὲν</span> <span class='ocrx_word' id='word_1_617' title='bbox 3532 4675 3627 4732; x_wconf 81' lang='grc' dir='ltr'>οὖν</span> 
     </span>
    </p>
   </div>
   <div class='ocr_carea' id='block_1_91' title="bbox 2053 4769 3632 4841">
    <p class='ocr_par' dir='ltr' id='par_1_91' title="bbox 2053 4769 3632 4841">
     <span class='ocr_line' id='line_1_91' title="bbox 2053 4769 3632 4841; baseline 0.002 -20"><span class='ocrx_word' id='word_1_618' title='bbox 2053 4771 2252 4841; x_wconf 81' lang='grc' dir='ltr'>ἐσχάτη</span> <span class='ocrx_word' id='word_1_619' title='bbox 2275 4774 2387 4833; x_wconf 86' lang='grc' dir='ltr'>τοῖς</span> <span class='ocrx_word' id='word_1_620' title='bbox 2414 4770 2841 4841; x_wconf 85' lang='grc' dir='ltr'>κατηχουμένοις</span> <span class='ocrx_word' id='word_1_621' title='bbox 2877 4770 3279 4841; x_wconf 86' lang='grc' dir='ltr'>ἀπονενέμηται</span> <span class='ocrx_word' id='word_1_622' title='bbox 3309 4769 3483 4833; x_wconf 77' lang='grc' dir='ltr'>τάξιςο</span> <span class='ocrx_word' id='word_1_623' title='bbox 3517 4772 3632 4824; x_wconf 73' lang='grc' dir='ltr'>είσὶ</span> 
     </span>
    </p>
   </div>
   <div class='ocr_carea' id='block_1_92' title="bbox 2053 4862 3629 4935">
    <p class='ocr_par' dir='ltr' id='par_1_92' title="bbox 2053 4862 3629 4935">
     <span class='ocr_line' id='line_1_92' title="bbox 2053 4862 3629 4935; baseline 0 -18"><span class='ocrx_word' id='word_1_624' title='bbox 2053 4863 2160 4935; x_wconf 86' lang='grc' dir='ltr'>γὰρ</span> <span class='ocrx_word' id='word_1_625' title='bbox 2209 4864 2499 4934; x_wconf 88' lang='grc' dir='ltr'>ἀμέθεκτοι</span> <span class='ocrx_word' id='word_1_626' title='bbox 2534 4865 2600 4896; x_wconf 86' lang='grc'><strong>¹⁰⁰</strong></span> <span class='ocrx_word' id='word_1_627' title='bbox 2654 4864 2747 4916; x_wconf 73' lang='grc' dir='ltr'>καὶ</span> <span class='ocrx_word' id='word_1_628' title='bbox 2789 4862 3022 4933; x_wconf 86' lang='grc' dir='ltr'>ἀμύητοι</span> <span class='ocrx_word' id='word_1_629' title='bbox 3070 4863 3267 4927; x_wconf 83' lang='grc' dir='ltr'>παντὸς</span> <span class='ocrx_word' id='word_1_630' title='bbox 3306 4864 3629 4934; x_wconf 81' lang='grc' dir='ltr'>ίεραρχικοῦ</span> 
     </span>
    </p>
   </div>
   <div class='ocr_carea' id='block_1_93' title="bbox 2048 4955 3629 5029">
    <p class='ocr_par' dir='ltr' id='par_1_93' title="bbox 2048 4955 3629 5029">
     <span class='ocr_line' id='line_1_93' title="bbox 2048 4955 3629 5029; baseline 0.003 -23"><span class='ocrx_word' id='word_1_631' title='bbox 2048 4955 2420 5027; x_wconf 87' lang='grc' dir='ltr'>τελεστηρίου,</span> <span class='ocrx_word' id='word_1_632' title='bbox 2451 4956 2583 5027; x_wconf 87' lang='grc' dir='ltr'><strong>μηδέ</strong></span> <span class='ocrx_word' id='word_1_633' title='bbox 2611 4957 2711 5029; x_wconf 81' lang='grc' dir='ltr'>τὴν</span> <span class='ocrx_word' id='word_1_634' title='bbox 2733 4956 2875 5011; x_wconf 88' lang='grc' dir='ltr'><strong>κατά</strong></span> <span class='ocrx_word' id='word_1_635' title='bbox 2923 4956 3071 5010; x_wconf 89' lang='grc' dir='ltr'>θείαν</span> <span class='ocrx_word' id='word_1_636' title='bbox 3122 4955 3374 5020; x_wconf 79' lang='grc' dir='ltr'>ἀπότεξιν</span> <span class='ocrx_word' id='word_1_637' title='bbox 3399 4956 3629 5010; x_wconf 66' lang='grc' dir='ltr'><strong>ι’ἔνθεον</strong></span> 
     </span>
    </p>
   </div>
   <div class='ocr_carea' id='block_1_94' title="bbox 2050 5044 3630 5119">
    <p class='ocr_par' dir='ltr' id='par_1_94' title="bbox 2050 5044 3630 5119">
     <span class='ocr_line' id='line_1_94' title="bbox 2050 5044 3630 5119; baseline 0 -20"><span class='ocrx_word' id='word_1_638' title='bbox 2050 5047 2339 5119; x_wconf 76' lang='grc' dir='ltr'>ἐσχηκότες</span> <span class='ocrx_word' id='word_1_639' title='bbox 2366 5044 2615 5117; x_wconf 77' lang='grc' dir='ltr'>ὓπαρξιν,</span> <span class='ocrx_word' id='word_1_640' title='bbox 2671 5047 2783 5100; x_wconf 75' lang='grc' dir='ltr'>ἀλλ’</span> <span class='ocrx_word' id='word_1_641' title='bbox 2810 5046 2889 5099; x_wconf 76' lang='grc' dir='ltr'>ἔτι</span> <span class='ocrx_word' id='word_1_642' title='bbox 2934 5047 3069 5117; x_wconf 84' lang='grc' dir='ltr'>πρὸς</span> <span class='ocrx_word' id='word_1_643' title='bbox 3096 5046 3201 5100; x_wconf 87' lang='grc' dir='ltr'><strong>τῶν</strong></span> <span class='ocrx_word' id='word_1_644' title='bbox 3226 5046 3509 5116; x_wconf 86' lang='grc' dir='ltr'>πατρικῶν</span> <span class='ocrx_word' id='word_1_645' title='bbox 3546 5046 3630 5099; x_wconf 85' lang='grc' dir='ltr'>λο-</span> 
     </span>
    </p>
   </div>
   <div class='ocr_carea' id='block_1_95' title="bbox 2051 5136 3625 5209">
    <p class='ocr_par' dir='ltr' id='par_1_95' title="bbox 2051 5136 3625 5209">
     <span class='ocr_line' id='line_1_95' title="bbox 2051 5136 3625 5209; baseline -0.001 -18"><span class='ocrx_word' id='word_1_646' title='bbox 2051 5140 2185 5206; x_wconf 90' lang='grc' dir='ltr'>γίων</span> <span class='ocrx_word' id='word_1_647' title='bbox 2221 5138 2583 5209; x_wconf 86' lang='grc' dir='ltr'>μαιευόμενοι,</span> <span class='ocrx_word' id='word_1_648' title='bbox 2626 5141 2719 5192; x_wconf 76' lang='grc' dir='ltr'><strong>καὶ</strong></span> <span class='ocrx_word' id='word_1_649' title='bbox 2767 5136 3048 5202; x_wconf 78' lang='grc' dir='ltr'>ζωοποιοῖς</span> <span class='ocrx_word' id='word_1_650' title='bbox 3101 5136 3428 5209; x_wconf 81' lang='grc' dir='ltr'>μορφώμασι</span> <span class='ocrx_word' id='word_1_651' title='bbox 3459 5140 3479 5169; x_wconf 85' lang='grc'>²</span> <span class='ocrx_word' id='word_1_652' title='bbox 3502 5138 3625 5190; x_wconf 65' lang='grc' dir='ltr'>διαο</span> 
     </span>
    </p>
   </div>
   <div class='ocr_carea' id='block_1_96' title="bbox 1657 5376 2335 5438">
    <p class='ocr_par' dir='ltr' id='par_1_96' title="bbox 1657 5376 2335 5438">
     <span class='ocr_line' id='line_1_96' title="bbox 1657 5376 2335 5438; baseline 0.007 -5"><span class='ocrx_word' id='word_1_653' title='bbox 1657 5376 1893 5434; x_wconf 66' lang='grc' dir='ltr'><strong>ἾΑΒΙᾸ)</strong></span> <span class='ocrx_word' id='word_1_654' title='bbox 1932 5378 2335 5438; x_wconf 85' lang='lat' dir='ltr'><strong>LECTIONES.</strong></span> 
     </span>
    </p>
   </div>
   <div class='ocr_carea' id='block_1_97' title="bbox 451 5532 1931 5604">
    <p class='ocr_par' dir='ltr' id='par_1_97' title="bbox 451 5532 1931 5604">
     <span class='ocr_line' id='line_1_97' title="bbox 451 5532 1931 5604; baseline -0.026 -1"><span class='ocrx_word' id='word_1_655' title='bbox 451 5535 496 5567; x_wconf 64' lang='grc'><strong>’³</strong></span> <span class='ocrx_word' id='word_1_656' title='bbox 519 5535 769 5604; x_wconf 75' lang='grc' dir='ltr'>φυσικάς,</span> <span class='ocrx_word' id='word_1_657' title='bbox 804 5533 859 5586; x_wconf 80' lang='grc' dir='ltr'><strong>Ρ·</strong></span> <span class='ocrx_word' id='word_1_658' title='bbox 993 5532 1091 5587; x_wconf 80' lang='lat' dir='ltr'><strong>Cll.</strong></span> <span class='ocrx_word' id='word_1_659' title='bbox 1120 5532 1215 5604; x_wconf 29' lang='lat' dir='ltr'><strong>U9?</strong></span> <span class='ocrx_word' id='word_1_660' title='bbox 1239 5532 1407 5603; x_wconf 61' lang='grc' dir='ltr'>χώρᾳ,</span> <span class='ocrx_word' id='word_1_661' title='bbox 1436 5532 1522 5604; x_wconf 38' lang='grc' dir='ltr'>Μ,</span> <span class='ocrx_word' id='word_1_662' title='bbox 1556 5533 1649 5589; x_wconf 62' lang='lat' dir='ltr'><strong>Sc.</strong></span> <span class='ocrx_word' id='word_1_663' title='bbox 1752 5538 1796 5568; x_wconf 78' lang='lat' dir='ltr'><strong>ss</strong></span> <span class='ocrx_word' id='word_1_664' title='bbox 1826 5539 1931 5589; x_wconf 76' lang='grc' dir='ltr'>ἀπο</span> 
     </span>
    </p>
   </div>
   <div class='ocr_carea' id='block_1_98' title="bbox 383 5673 1649 5745">
    <p class='ocr_par' dir='ltr' id='par_1_98' title="bbox 383 5673 1649 5745">
     <span class='ocr_line' id='line_1_98' title="bbox 383 5673 1649 5745; baseline 0.003 -18"><span class='ocrx_word' id='word_1_665' title='bbox 383 5674 452 5727; x_wconf 78' lang='grc' dir='ltr'><strong>Μ.</strong></span> <span class='ocrx_word' id='word_1_666' title='bbox 488 5675 635 5730; x_wconf 83' lang='lat' dir='ltr'><strong>Scot.</strong></span> <span class='ocrx_word' id='word_1_667' title='bbox 726 5678 744 5706; x_wconf 81' lang='grc'>³</span> <span class='ocrx_word' id='word_1_668' title='bbox 773 5677 850 5726; x_wconf 72' lang='grc' dir='ltr'>ἔτι</span> <span class='ocrx_word' id='word_1_669' title='bbox 873 5674 1074 5736; x_wconf 80' lang='grc' dir='ltr'>ὁποίοις</span> <span class='ocrx_word' id='word_1_670' title='bbox 1105 5673 1433 5745; x_wconf 80' lang='grc' dir='ltr'>μορφώσεσι,</span> <span class='ocrx_word' id='word_1_671' title='bbox 1462 5674 1529 5730; x_wconf 85' lang='grc' dir='ltr'><strong>Μ.</strong></span> <span class='ocrx_word' id='word_1_672' title='bbox 1560 5673 1649 5731; x_wconf 89' lang='lat' dir='ltr'><strong>Sc.</strong></span> 
     </span>
    </p>
   </div>
   <div class='ocr_carea' id='block_1_99' title="bbox 2957 5536 3339 5575">
    <p class='ocr_par' dir='ltr' id='par_1_99' title="bbox 2957 5536 3339 5575">
     <span class='ocr_line' id='line_1_99' title="bbox 2957 5536 3339 5575; baseline 0 0"><span class='ocrx_word' id='word_1_673' title='bbox 2957 5536 3249 5575; x_wconf 63' lang='grc' dir='ltr'>Ξητινυςιιρτιυ</span> <span class='ocrx_word' id='word_1_674' title='bbox 3301 5537 3339 5575; x_wconf 68' lang='grc' dir='ltr'><strong>(ἶ</strong></span> 
     </span>
    </p>
   </div>
   <div class='ocr_carea' id='block_1_100' title="bbox 384 5535 3619 5678">
    <p class='ocr_par' dir='ltr' id='par_1_100' title="bbox 384 5535 3619 5678">
     <span class='ocr_line' id='line_1_100' title="bbox 451 5535 3619 5607; baseline 0.002 -21"><span class='ocrx_word' id='word_1_675' title='bbox 451 5535 496 5567; x_wconf 76' lang='grc'><strong>’³</strong></span> <span class='ocrx_word' id='word_1_676' title='bbox 519 5535 769 5604; x_wconf 81' lang='grc' dir='ltr'>φυσικάς,</span> <span class='ocrx_word' id='word_1_677' title='bbox 804 5535 859 5586; x_wconf 86' lang='grc' dir='ltr'><strong>Ρ.</strong></span> <span class='ocrx_word' id='word_1_678' title='bbox 896 5535 957 5586; x_wconf 86' lang='grc' dir='ltr'><strong>Ι).</strong></span> <span class='ocrx_word' id='word_1_679' title='bbox 993 5535 1091 5587; x_wconf 78' lang='lat' dir='ltr'><strong>Cll.</strong></span> <span class='ocrx_word' id='word_1_680' title='bbox 1169 5535 1215 5564; x_wconf 66' lang='grc'><strong>9³</strong></span> <span class='ocrx_word' id='word_1_681' title='bbox 1239 5535 1407 5603; x_wconf 66' lang='grc' dir='ltr'>χώρᾳ,</span> <span class='ocrx_word' id='word_1_682' title='bbox 1436 5535 1505 5587; x_wconf 84' lang='grc' dir='ltr'><strong>Μ.</strong></span> <span class='ocrx_word' id='word_1_683' title='bbox 1556 5535 1649 5589; x_wconf 89' lang='lat' dir='ltr'><strong>Sc.</strong></span> <span class='ocrx_word' id='word_1_684' title='bbox 1752 5538 1796 5568; x_wconf 73' lang='grc'><strong>⁸⁵</strong></span> <span class='ocrx_word' id='word_1_685' title='bbox 1826 5536 2179 5607; x_wconf 65' lang='grc' dir='ltr'>ἀπογράφω),</span> <span class='ocrx_word' id='word_1_686' title='bbox 2212 5535 2279 5590; x_wconf 73' lang='grc' dir='ltr'><strong>Μ.</strong></span> <span class='ocrx_word' id='word_1_687' title='bbox 2316 5535 2405 5590; x_wconf 86' lang='lat' dir='ltr'><strong>Sc.</strong></span> <span class='ocrx_word' id='word_1_688' title='bbox 2432 5536 2822 5605; x_wconf 82' lang='lat' dir='ltr'><strong>professarum.</strong></span> <span class='ocrx_word' id='word_1_689' title='bbox 2884 5538 2928 5569; x_wconf 71' lang='lat'><strong>9°</strong></span> <span class='ocrx_word' id='word_1_690' title='bbox 2954 5536 2979 5588; x_wconf 79' lang='grc' dir='ltr'>ἔ</span> <span class='ocrx_word' id='word_1_691' title='bbox 3032 5554 3272 5600; x_wconf 87' lang='grc' dir='ltr'>πνευσιν,</span> <span class='ocrx_word' id='word_1_692' title='bbox 3301 5537 3402 5591; x_wconf 77' lang='lat' dir='ltr'><strong>CII.</strong></span> <span class='ocrx_word' id='word_1_693' title='bbox 3449 5537 3508 5590; x_wconf 86' lang='grc' dir='ltr'><strong>Ι).</strong></span> <span class='ocrx_word' id='word_1_694' title='bbox 3545 5538 3619 5592; x_wconf 79' lang='lat' dir='ltr'><strong>ll.</strong></span> 
     </span>
     <span class='ocr_line' id='line_1_101' title="bbox 384 5556 3619 5678; baseline 0.002 -20"><span class='ocrx_word' id='word_1_695' title='bbox 384 5604 472 5678; x_wconf 20' lang='grc' dir='ltr'><strong>ξμς.</strong></span> <span class='ocrx_word' id='word_1_696' title='bbox 500 5605 634 5678; x_wconf 61' lang='grc' dir='ltr'>βπ.</span> <span class='ocrx_word' id='word_1_697' title='bbox 675 5607 716 5637; x_wconf 75' lang='grc'>⁹⁷</span> <span class='ocrx_word' id='word_1_698' title='bbox 745 5606 829 5678; x_wconf 61' lang='grc' dir='ltr'><strong>ἐφ’</strong></span> <span class='ocrx_word' id='word_1_699' title='bbox 856 5603 993 5678; x_wconf 80' lang='grc' dir='ltr'>ἑνός,</span> <span class='ocrx_word' id='word_1_700' title='bbox 1027 5604 1082 5656; x_wconf 79' lang='lat' dir='ltr'><strong>l’.</strong></span> <span class='ocrx_word' id='word_1_701' title='bbox 1115 5602 1160 5633; x_wconf 74' lang='grc'>⁸⁸</span> <span class='ocrx_word' id='word_1_702' title='bbox 1188 5602 1591 5678; x_wconf 55' lang='grc' dir='ltr'><strong>θεογοι.ιίας,;Μἒ</strong></span> <span class='ocrx_word' id='word_1_703' title='bbox 1622 5606 1665 5637; x_wconf 77' lang='grc'>⁹⁹</span> <span class='ocrx_word' id='word_1_704' title='bbox 1694 5605 1997 5678; x_wconf 84' lang='grc' dir='ltr'>θεουργίας,</span> <span class='ocrx_word' id='word_1_705' title='bbox 2025 5607 2085 5663; x_wconf 87' lang='lat' dir='ltr'><strong>D.</strong></span> <span class='ocrx_word' id='word_1_706' title='bbox 2130 5608 2195 5641; x_wconf 75' lang='grc'><strong>¹⁰⁰</strong></span> <span class='ocrx_word' id='word_1_707' title='bbox 2223 5607 2282 5662; x_wconf 90' lang='grc' dir='ltr'><strong>Ρ.</strong></span> <span class='ocrx_word' id='word_1_708' title='bbox 2309 5609 2490 5664; x_wconf 86' lang='lat' dir='ltr'><strong>subdit</strong></span> <span class='ocrx_word' id='word_1_709' title='bbox 2520 5607 2739 5670; x_wconf 82' lang='grc' dir='ltr'>πάντες.</span> <span class='ocrx_word' id='word_1_710' title='bbox 2790 5609 2807 5641; x_wconf 69' lang='grc' dir='ltr'><strong>ί</strong></span> <span class='ocrx_word' id='word_1_711' title='bbox 2835 5608 2952 5662; x_wconf 87' lang='grc' dir='ltr'>κατ’</span> <span class='ocrx_word' id='word_1_712' title='bbox 2979 5556 3157 5674; x_wconf 46' lang='grc' dir='ltr'>ἀξίαν,</span> <span class='ocrx_word' id='word_1_713' title='bbox 3185 5608 3271 5674; x_wconf 75' lang='grc' dir='ltr'><strong>ι».;</strong></span> <span class='ocrx_word' id='word_1_714' title='bbox 3300 5606 3581 5675; x_wconf 72' lang='grc' dir='ltr'>ἀπόδειξιν</span> <span class='ocrx_word' id='word_1_715' title='bbox 3600 5645 3619 5675; x_wconf 83' lang='grc'><strong>,</strong></span> 
     </span>
    </p>
   </div>
   <div class='ocr_carea' id='block_1_101' title="bbox 3021 5607 3044 5625">
    <p class='ocr_par' dir='ltr' id='par_1_101' title="bbox 3021 5607 3044 5625">
     <span class='ocr_line' id='line_1_102' title="bbox 3021 5607 3044 5625; baseline 0 -6"><span class='ocrx_word' id='word_1_716' title='bbox 3021 5607 3044 5625; x_wconf 65' lang='grc' dir='ltr'><strong>ρ</strong></span> 
     </span>
    </p>
   </div>
   <div class='ocr_carea' id='block_1_102' title="bbox 3018 5606 3619 5675">
    <p class='ocr_par' dir='ltr' id='par_1_102' title="bbox 3018 5606 3619 5675">
     <span class='ocr_line' id='line_1_103' title="bbox 3018 5606 3619 5675; baseline 0.002 -14"><span class='ocrx_word' id='word_1_717' title='bbox 3018 5607 3157 5674; x_wconf 78' lang='grc' dir='ltr'>ξίαν,</span> <span class='ocrx_word' id='word_1_718' title='bbox 3185 5608 3271 5674; x_wconf 75' lang='grc' dir='ltr'><strong>ι».;</strong></span> <span class='ocrx_word' id='word_1_719' title='bbox 3300 5606 3581 5675; x_wconf 72' lang='grc' dir='ltr'>ἀπόδειξιν</span> <span class='ocrx_word' id='word_1_720' title='bbox 3600 5645 3619 5675; x_wconf 84' lang='grc'><strong>,</strong></span> 
     </span>
    </p>
   </div>
  </div>
