3874 6228
190 294 304 366 ’435

1216 306 1303 360 DE
1336 304 1614 362 ECCLES.
1648 256 2225 371 HlERARCH.;-C:AP.
2262 304 2329 360 Ill

3310 302 3415 359 454

199 426 554 497 πλαττόμενοι
584 422 719 497 πρὸς
754 423 850 495 τὴν
879 424 939 476 ἐκ
986 420 1324 490 θεογενεσίας
1361 420 1627 491 ἀρχίζωον
1674 420 1751 471 καί

1867 419 2093 489 eloquiis
2121 421 2424 482 foveantur,
2483 414 2816 486 vivificisque
2845 414 3035 470 formis
3078 414 3144 470 ad
3198 414 3413 470 beatum

197 520 504 591 ἀρχίφωτω
558 520 653 571 καὶ
717 515 987 588 μακαρίαν
1031 514 1397 585 προσαγωγὴν
1462 513 1502 564 ³ο
1556 513 1762 582 Ὥσπερ

194 610 305 675 οὖν,
332 614 382 665 εἰ
406 610 667 665 ἀτέλεστα
692 609 784 662 καὶ
831 606 1126 677 ἀμόρφωτα
1170 603 1496 675 προεκπέσοι
1522 600 1590 654 τὰ
1626 600 1763 653 κατὰ

196 711 372 779 σάρκα
401 706 575 777 βρέφη
615 701 714 771 τῆς
752 697 956 762 οἰκείας
988 696 1306 767 μαιεύσεως,
1349 694 1423 757 ὡς
1466 692 1764 764 ἀμϐλωθρί-

189 803 275 855 δια
301 800 398 853 καὶ
451 795 799 868 ὲκτρώματα,
849 792 949 862 τὴν
996 790 1284 858 ἀγέννητον
1328 788 1421 841 καὶ
1478 785 1648 850 άζωον
1671 785 1762 837 καὶ

190 892 493 962 ἀφώτιστον
517 890 609 942 ἐπὶ
635 888 741 956 γῆς
789 885 1101 938 ἀπόπτωσιν
1130 880 1262 944 ἕξει,
1317 879 1411 932 καὶ
1434 878 1531 930 οὐκ
1568 876 1632 929 ἄν
1677 891 1761 937 τις

189 980 468 1054 εὐφρονῶν
498 978 661 1041 εἴποι,
694 980 831 1048 πρὸς
857 974 915 1027 τὸ
946 972 1263 1044 φαινόμενον
1298 966 1643 1029 ἀποσκοπῶν,
1670 965 1761 1018 ἐπὶ

188 1074 245 1127 τὸ
274 1073 393 1143 φῶς
424 1070 563 1125 αὐτὰ
606 1067 963 1141 προαχθῆναι,
994 1063 1088 1117 τοῦ
1112 1062 1252 1117 κατά
1270 1059 1509 1131 γαστέρα
1541 1057 1760 1120 σκότους

186 1165 600 1233 ἀπαλλαγέντα·
632 1160 784 1231 (φαίη
808 1158 916 1230 γάρ
956 1156 1022 1211 ἂν
1046 1158 1080 1227 ἡ
1101 1154 1209 1208 τῶν
1248 1153 1512 1223 σωμάτων
1540 1150 1761 1219 ἐπιστη-

189 1256 386 1328 μονικὴ
418 1252 709 1325 προστάτις
755 1248 990 1320 ἰατρικὴ,
1017 1247 1077 1299 τὸ
1104 1243 1219 1314 φῶς
1262 1243 1504 1313 ἐνεργεῖν
1528 1240 1549 1271 ⁸
1574 1240 1652 1302 είς
1693 1237 1761 1291 τὰ

184 1346 413 1401 δεκτικὰ
434 1344 527 1398 τοῦ
556 1343 731 1412 φωτός
751 1360 762 1370 ·
788 1339 806 1412 )
854 1338 996 1392 οὕτω
1050 1337 1141 1389 καὶ
1172 1334 1280 1388 τῶν
1312 1331 1472 1402 ἱερῶν
1498 1332 1530 1401 ἡ
1560 1329 1757 1384 πάνσο-

187 1456 285 1509 φος
310 1439 588 1507 ἐπιστήμη
643 1433 834 1505 πρῶτα
884 1432 980 1503 μὲν
1024 1429 1220 1491 αὐτοὺς
1244 1429 1310 1497 τῇ
1345 1425 1453 1478 τῶν
1485 1438 1758 1495 μορφωτι-

186 1532 300 1584 κῶν
325 1532 418 1583 καὶ
446 1526 727 1592 ζωοποιῶν
746 1524 941 1593 λογίων
967 1520 1300 1589 είσαγωγικῇ
1339 1518 1511 1589 τροφῇ
1544 1512 1759 1586 μαιεύε-

184 1641 309 1685 ται,
338 1621 783 1692 τελεσφορήσασα
810 1617 866 1670 δὲ
892 1616 989 1687 τὴν
1031 1613 1167 1684 πρὸς
1216 1610 1554 1679 θεογενεσίαν
1581 1605 1757 1660 αὐτῶν

186 1716 507 1775 ὑπόστασιν,
559 1711 799 1763 ἐνδίδωσι
848 1706 1127 1777 σωτηρίως
1154 1704 1335 1765 αὐτοῖς
1383 1702 1440 1755 ἐν
1480 1699 1630 1763 τάξει
1659 1698 1758 1767 τὴν

1867 514 2035 576 illum,
2065 513 2153 581 qui
2186 526 2251 567 ex
2275 511 2451 566 divina
2477 510 2829 579 generatione
2872 508 3259 577 proﬁciscitur,
3291 509 3416 561 vitae

1862 607 2102 674 lucisque
2133 606 2430 675 principem
2457 618 2797 674 progressum
2829 600 3416 666 eﬂ‘ormentur.Quem-

1861 697 2145 752 admodum
2196 697 2376 765 itaque
2423 694 2669 749 carnales
2712 694 2885 754 liberi,
2920 696 2963 749 si
3012 691 3315 763 imperfecti
3362 702 3417 747 et

1864 790 2143 853 informes,
2178 786 2495 842 obstetricis
2532 800 2663 839 cura
2732 785 3000 851 destituti,
3031 792 3153 838 ante
3207 794 3421 852 tempus

1859 881 2134 945 excidant,
2162 888 2223 934 ut
2251 880 2483 934 abortivi
2521 888 2576 933 et
2597 880 2842 943 abortus,
2876 876 3172 930 nativitatis
3199 889 3262 929 ac
3290 873 3416 928 vita:

1860 973 2104 1041 lucisque
2136 980 2406 1026 exsortem
2436 970 2489 1023 in
2518 977 2718 1024 terram
2753 969 2957 1036 lapsum
2983 965 3218 1021 habituri
3249 972 3410 1019 sunt:

1859 1079 2033 1135 neque
2058 1064 2342 1134 quisquam
2396 1063 2489 1133 qui
2545 1071 2695 1116 recte
2737 1058 3006 1129 judicabit
3054 1058 3108 1111 id
3140 1055 3282 1126 quod
3324 1069 3416 1124 ap-

1857 1168 2014 1229 paret
2039 1158 2315 1222 intuendo,
2357 1155 2554 1211 dixerit
2584 1155 2639 1209 in
2683 1154 2858 1208 lucem
2892 1153 3039 1223 ipsos
3068 1164 3189 1207 esse
3218 1150 3413 1215 editos,

1858 1249 2001 1317 quod
2028 1249 2135 1304 sint
2162 1250 2228 1305 ab
2260 1247 2366 1301 alvi
2398 1247 2637 1301 tenebris
2668 1244 2880 1300 liberati
2923 1242 3087 1314 (dicet
3128 1242 3270 1297 enim
3301 1255 3416 1295 me-

1858 1339 2053 1404 dicina,
2100 1339 2270 1407 perita
2301 1352 2591 1408 corporum
2618 1350 2842 1407 praeses,
2891 1334 3066 1388 lucem
3104 1333 3210 1385 vim
3259 1345 3413 1385 suam

1856 1445 2076 1502 egerere
2102 1432 2154 1484 in
2180 1431 2268 1485 illa
2301 1445 2419 1499 quae
2447 1430 2585 1484 lucis
2634 1436 2761 1483 sunt
2810 1425 3097 1496 capacia);
3127 1424 3205 1478 sic
3231 1436 3417 1477 sacro-

1856 1540 1976 1579 rum
2017 1524 2232 1593 sapiens
2265 1522 2547 1591 disciplina
2598 1521 2831 1589 primum
2888 1518 3104 1588 quidem
3151 1517 3297 1586 ipsos
3334 1516 3415 1569 in-

1858 1614 2197 1669 troductorio
2227 1610 2497 1667 formandi
2530 1618 2583 1666 et
2608 1609 2920 1663 viviﬁcandi
2948 1608 3057 1661 vim
3090 1606 3414 1661 habentium

1856 1704 2196 1774 eloquiorum
2225 1702 2347 1759 cibo
2374 1702 2538 1765 fovet,
2585 1700 2678 1755 ubi
2723 1714 2853 1753 vero
2885 1708 3086 1753 statum
3117 1712 3304 1751 eorum
3329 1696 3414 1750 di-

186 1806 324 1875 πρὸς
372 1803 443 1856 τὰ
489 1773 752 1871 ιρωτοειδῆ
799 1800 892 1852 καὶ
934 1773 1339 1865 τελεσιουργικά
1382 1793 1402 1823 ³
1442 1790 1751 1845 κοινωνίαν

1860 1798 1997 1851 vinte
2020 1794 2412 1865 regenerationi
2465 1800 2648 1861 aptum
2694 1790 3003 1851 absolverit,
3041 1798 3151 1842 tum
3197 1789 3413 1843 demum

183 1898 275 1951 νῦν
299 1898 358 1950 δὲ
379 1896 456 1959 ὡς
486 1893 784 1948 ἀτελέστων
831 1886 1233 1943 ἀποδιαστέλλει
1254 1886 1321 1939 τὰ
1341 1884 1539 1949 τέλεια,
1566 1883 1665 1953 τῆς
1694 1900 1752 1935 τε

184 1989 481 2058 εὐκοσμίας
527 1985 635 2039 τῶν
678 1983 836 2055 ἱερῶν
882 1978 1326 2052 προμηθουμένη,
1361 1977 1453 2029 καὶ
1500 1975 1599 2045 τῆς
1646 1974 1753 2027 τῶν

183 2078 607 2149 κατηχουμένων
656 2075 715 2125 ἐν
766 2072 985 2126 θεοειδεί
1044 2069 1150 2122 τῶν
1222 2066 1546 2139 ίεραρχικῶν
1604 2065 1751 2131 τάξει

184 2173 493 2240 μαιεύσεως
517 2170 609 2222 καὶ
637 2166 799 2236 ζωῆς.

1862 1892 1928 1946 iis
1955 1887 2243 1944 salubriter
2271 1886 2461 1941 ordine
2492 1882 2742 1939 concedit
2766 1896 2946 1935 rerum
2971 1877 3334 1933 luciformium
3359 1885 3415 1929 et

1860 1978 2260 2050 perﬁcientium
2306 1973 3060 2038 communicationem;nuuc
3087 1984 3218 2023 vero
3265 1967 3414 2021 velut

1860 2073 1928 2127 ab
1960 2069 2291 2139 imperfectis
2322 2067 2563 2136 perfecta
2605 2064 2865 2128 secernit,
2922 2078 3041 2117 cum
3080 2060 3291 2116 decoris
3320 2074 3411 2112 sa-

1856 2180 2095 2229 crorum,
2135 2174 2243 2218 tum
2273 2162 2789 2217 catechumenorum
2827 2154 3171 2211 educationis
3194 2170 3258 2208 ac
3288 2152 3412 2207 vita:

1855 2273 2041 2315 curam
2072 2270 2286 2327 gerens,
2319 2254 2473 2324 juxta
2506 2251 2822 2306 deiformem
2853 2247 3060 2302 ordinis
3086 2243 3412 2300 hierarchici

1853 2350 2309 2406 constitutiOnem.

1694 2513 1722 2587 ἕ
1753 2513 1888 2575 VII.

258 2695 326 2747 Ἠ
354 2692 546 2747 δὲτῶν
594 2688 993 2761 ἐνεργουμένων
1039 2649 1246 2758 πληθὺς
1289 2684 1499 2755 ἀνίερον
1543 2680 1639 2753 μὲν
1664 2680 1751 2732 καὶ

1922 2674 2092 2729 Porro
2123 2684 2610 2741 energumenorum
2656 2668 2811 2723 turba
2866 2667 3145 2720 immunda
3195 2664 3410 2734 quidem

180 2786 339 2857 αὕτη,
365 2783 597 2854 δευτέρα
620 2757 834 2853 δὲ-πρὺς
862 2781 923 2833 τὸ
948 2780 1060 2835 ἄνω
1081 2757 1181 2847 τῆς
1203 2777 1312 2830 τῶν
1338 2773 1751 2845 κατηχουμένων

1853 2777 1932 2822 est
1956 2774 2011 2821 et
2033 2766 2170 2835 ipsa,
2203 2771 2572 2817 verumtamen
2607 2759 2904 2815 secundum
2961 2758 3135 2810 locum
3163 2757 3409 2825 superio-

177 2880 324 2932 ἐστὶν
349 2876 631 2948 ἐσχατιᾶς.
661 2874 795 2927 Οὺδέ
820 2874 929 2943 γὰρ
954 2872 1091 2935 ἴσον,
1130 2871 1205 2934 ὼς
1238 2866 1412 2939 οἶμαι,
1443 2866 1537 2920 τοῦ
1565 2883 1751 2919 παντε-

1853 2874 1965 2915 rem
1996 2874 2025 2912 a
2073 2857 2583 2913 calecbumeuorum
2645 2852 2994 2907 extremitate
3038 2851 3267 2904 obtinet.
3309 2846 3411 2902 Ne-

176 2971 282 3033 κῶς
306 2970 558 3039 ἀμυήτου
584 2967 677 3018 καὶ
717 2964 822 3017 τῶν
850 2964 1006 3017 θείων
1048 2960 1275 3014 τελετῶν
1309 2959 1493 3030 ἄκρως
1535 2958 1751 3010 ἀκοινω-

1853 2967 1954 3023 que
1979 2951 2121 3007 enim
2149 2948 2364 3020 penitus
2385 2946 2637 3017 profano,
2662 2944 3074 3012 divinorumque
3096 2955 3412 2996 sacramen-

176 3032 425 3130 νήτουτὺ
450 3032 747 3127 ’μετουσίαν
774 3054 897 3106 τινὰ
918 3053 1026 3106 τῶν
1074 3051 1379 3124 ίερωτάτων
1408 3048 1637 3120 ἐσχηκὸς
1663 3064 1751 3099 τε-

1855 3054 2032 3102 torum
2069 3056 2295 3115 prorsus
2348 3039 2523 3095 exorti
2570 3053 2666 3108 par
2704 3046 2760 3092 et
2806 3036 3010 3104 aequale
3062 3034 3307 3088 duxerim
3356 3032 3411 3085 id

174 3126 501 3221 λε’στηρίων,
530 3147 609 3201 ἔτι
652 3146 708 3199 δὲ
750 3149 866 3209 ταῖς
912 3144 1175 3206 ἐναντίαις
1201 3144 1233 3214 ἦ
1260 3141 1495 3209 θέλξεσιν
1529 3140 1562 3210 ἢ
1588 3156 1750 3211 ταρα-

1853 3136 2009 3207 192
2040 3134 2181 3204 quod
2211 3133 2264 3186 in
2296 3131 2535 3199 aliquam
2559 3126 3051 3183 sacratissimorum
3084 3136 3406 3183 sacramen-

172 3246 296 3313 χαίς
319 3210 703 3311 ἐνεσχημένον,
733 3237 867 3292 ἀλλά
894 3238 985 3290 καὶ
1016 3236 1150 3307 πρὸς
1180 3210 1374 3298 αὖτοὺς
1408 3237 1442 3303 η
1485 3231 1593 3285 τῶν
1617 3210 1751 3285 παν-

1857 3236 2030 3281 torum
2060 3231 2267 3294 partem
2294 3220 2463 3281 venit,
2511 3216 2724 3272 tametsi
2776 3213 3066 3271 contrariis
3117 3210 3410 3266 etiamnum

173 3344 336 3413 ιέρων
383 3342 482 3395 θέα
527 3341 618 3394 καὶ
641 3338 891 3393 κοινωνία
922 3338 942 3369 ⁸
983 3336 1345 3402 συστέλλεται,
1382 3335 1476 3390 καὶ¹
1503 3333 1642 3406 μάλα
1683 3350 1747 3401 γε

171 3430 422 3492 εἰκότως.
470 3429 534 3481 Εί
585 3426 693 3499 γάρ
738 3427 885 3478 ἐστιν
915 3424 1129 3495 ἀληθὲς,
1167 3423 1242 3486 ὡς
1280 3424 1308 3476 6
1354 3421 1581 3475 καθόλου
1607 3419 1748 3482 θεῖος

170 3520 337 3591 ἀνὴρ,
388 3520 418 3572 6
468 3520 577 3573 τῶν
606 3517 768 3570 θείων
804 3515 952 3582 ἄξιος
999 3515 1273 3579 κοινωνὸς,
1320 3514 1349 3566 6
1397 3512 1534 3584 πρὸς
1568 3509 1746 3564 τὸτοῦ

174 3612 294 3661 κατ’
320 3609 485 3662 αὐτὸν
515 3606 777 3669 θεοειδοῦς
796 3605 961 3675 ἀκρον
984 3605 1040 3656 ἐν
1067 3602 1351 3657 παντελέσι
1376 3603 1469 3656 καὶ
1490 3601 1750 3654 τελειωτι-

174 3702 300 3761 καῐς
336 3696 595 3751 θεώσεσιν
625 3696 946 3768 ἀνηγμένος,
974 3695 1095 3748 οὐδέ
1135 3693 1205 3747 τά
1245 3693 1443 3765 σαρκὸς
1468 3692 1748 3763 ἐνεργήσει

174 3792 329 3864 παρά
366 3791 468 3861 τὴν
512 3790 652 3843 κατὰ
709 3791 867 3859 φύσιν
914 3788 1335 3859 ἀναγκαιότητα,
1386 3786 1481 3840 καὶ
1520 3784 1675 3838 τοῦτο
1700 3784 1748 3835 εί

170 3885 327 3954 τύχοι
357 3882 671 3953 παρέργως,
707 3882 829 3945 ναὸς
850 3882 906 3934 δὲ
933 3882 1047 3952 ἅμα
1070 3881 1162 3933 καὶ
1207 3879 1404 3943 ὁπαδὸς
1450 3878 1507 3930 ἐν
1532 3877 1598 3947 τῇ
1626 3874 1747 3930 κατ’

172 3975 337 4027 αὐτὸν
385 3974 658 4044 ἀκροτάτῃ
704 3972 893 4026 θεώσει
946 3972 1041 4025 τοῦ
1085 3971 1374 4044 θεαρχικοῦ
1438 3970 1748 4041 Πνεύματος

170 4064 349 4129 ἔσται,
378 4065 458 4136 τῷ
483 4067 651 4136 ὁμοίῳ
674 4064 737 4116 τὸ
760 4064 943 4135 ὅμοιον
984 4064 1241 4137 ἐνιδρύων
1260 4081 1273 4093 ’
1312 4065 1411 4117 οὐκ
1442 4063 1507 4116 ἂν
1527 4065 1555 4115 6
1575 4061 1749 4115 τοιοῦ-

168 4158 262 4220 τός
285 4174 421 4210 ποτε
446 4158 580 4228 πρὸς
604 4158 711 4210 τῶν
738 4158 991 4210 ἐναντίων
1033 4155 1350 4228 ἐνεργηθείη
1380 4153 1687 4224 φαντασιῶν
1712 4152 1746 4223 ἢ

169 4247 465 4318 δειμάτων,
488 4248 773 4316 γελάσεται
799 4249 855 4302 δέ
884 4248 1041 4315 αὐτὰ,
1071 4249 1165 4301 καὶ
1193 4246 1484 4319 προσιόντα
1513 4262 1748 4299 καταπα-

170 4337 372 4402 λαίσει,
400 4340 495 4391 καί¹
520 4339 851 4406 ἐκδιώξεται,
899 4340 991 4393 καὶ
1048 4339 1235 4411 δράσει
1265 4338 1460 4410 μᾶλλον
1487 4338 1520 4409 ἢ
1567 4338 1748 4390 πείσε-

168 4449 281 4495 ται,
312 4432 407 4485 καὶ
461 4432 596 4503 πρὸς
642 4432 719 4503 τῷ
758 4433 777 4461 τ
812 4432 913 4503 τῆς
958 4432 1161 4495 οἰκείας
1212 4430 1375 4496 ἕξεως
1431 4428 1630 4483 ἀπαθεῖ
1655 4430 1747 4481 καὶ

168 4522 442 4592 ἀνενᾱᾶτῳ
465 4524 558 4576 καὶ
583 4524 788 4594 ἑτέροις
818 4524 997 4595 ἰατρὸς
1040 4523 1333 4594 ὀφθήσεται
1366 4521 1475 4575 τῶν
1496 4521 1746 4574 τοιούτων

1848 3316 2123 3372 illecebris
2198 3310 2767 3382 perturbationibusve
2848 3305 3184 3375 implicetur;
3246 3315 3412 3370 quan-

1847 3425 2010 3481 quam
2039 3410 2200 3462 etiam
2234 3406 2367 3474 ipsis
2392 3420 2572 3459 rerum
2625 3400 3121 3457 sacratissimarum
3158 3407 3412 3465 aspectus

1847 3499 2261 3567 communioque
2283 3496 2645 3559 subtrahitur,
2681 3493 2976 3561 etquidem
3034 3490 3159 3559 jure
3191 3489 3404 3542 merito.

1848 3593 1981 3649 Nam
2013 3592 2059 3649 si
2089 3607 2276 3645 verum
2334 3589 2405 3643 sit
2458 3588 2699 3643 divinum
2748 3600 2968 3655 prorsus
2996 3584 3168 3636 virum
3199 3581 3406 3636 divino-

1848 3700 1965 3742 rum
1991 3682 2374 3740 communione
2430 3681 2668 3748 dignum,
2702 3693 2797 3746 pro
2828 3691 2926 3730 suo
2952 3672 3164 3728 modulo
3194 3672 3262 3726 ad
3292 3670 3405 3724 dei-

1849 3776 2136 3832 formitatis
2160 3774 2427 3843 fastigium
2445 3770 2850 3842 perfectissimis
2871 3766 3285 3838 perfectivisque
3297 3765 3408 3817 dei-

1850 3867 2196 3921 ﬁcationibus
2224 3874 2488 3927 evectum,
2528 3877 2589 3918 ea
2615 3877 2734 3931 qua:
2790 3861 2965 3914 carnis
3015 3869 3140 3912 sunt
3187 3855 3408 3910 minime

1850 3969 2159 4014 curaturum
2191 3957 2329 4011 citra
2363 3964 2566 4009 naturae
2592 3953 2998 4012 necessitatem,
3046 3949 3229 4016 idque,
3251 3956 3409 4014 prout

1848 4066 1980 4108 usus
2018 4051 2141 4115 fert,
2170 4048 2365 4113 obiter,
2399 4047 2490 4101 sed
2522 4047 2576 4100 in
2612 4042 3000 4099 sublimissima
3039 4040 3128 4095 illa
3153 4055 3273 4108 qua:
3303 4039 3405 4105 ipsi

1849 4142 2108 4211 competit
2161 4139 2505 4194 deiﬁcatione
2555 4136 2811 4207 templum
2847 4134 3006 4190 simul
3042 4132 3271 4202 Spiritus
3310 4129 3404 4184 Dei

1847 4237 2167 4307 principalis
2207 4243 2642 4302 sectatoremque
2692 4230 2953 4294 futurum,
2996 4232 3122 4283 dum
3152 4225 3402 4282 similein

1848 4331 2011 4386 simili
2040 4329 2231 4382 fundat
2287 4326 2663 4394 collocatque:
2721 4323 2960 4393 profecto
3021 4319 3271 4391 quisquis
3321 4327 3405 4372 est

1846 4425 2131 4494 ejusmodi,
2154 4421 2445 4476 contrariis
2470 4432 2745 4486 nunquam
2792 4413 3269 4484 imaginationibus
3297 4419 3404 4464 ter-

1854 4518 2173 4584 roribusque
2198 4514 2509 4577 vexabitur,
2541 4524 2727 4563 verum
2790 4507 3037 4561 irridebit
3088 4519 3204 4569 eos,
3241 4516 3401 4556 acce-

169 4588 582 4685 ὲνεργημάτων.
631 4588 796 4684 Οίμαι
845 4588 1039 4681 δὲ’ἐγὼ
1066 4588 1199 4684 πρὸς
1234 4614 1427 4682 τούτῳ,
1464 4611 1658 4682 μᾶλλον
1684 4610 1740 4662 δὲ

1853 4607 2142 4675 dentesque
2173 4604 2481 4675 proﬂigabit
2509 4617 2573 4657 ac
2600 4610 2973 4672 persequetur,
3008 4606 3235 4668 agetque
3295 4610 3404 4649 ma-

164 4702 289 4759 οἷδα
324 4706 532 4774 σαφῶς,
559 4706 633 4770 ὡς
656 4708 689 4777 η
715 4706 820 4759 τῶν
875 4706 1200 4778 ἱεραρχικῶν
1230 4706 1250 4737 ⁸
1278 4706 1609 4777 ἀμιγεστάτη
1638 4703 1745 4757 διά-

169 4814 354 4869 κρισις
378 4798 488 4868 πρὸ
508 4797 711 4850 τούτων
738 4794 876 4851 οἶδεν
929 4797 1351 4868 ἐνεργουμένους
1381 4796 1743 4865 ἐναγεστάτην

166 4890 475 4960 ἐνέργειαν,
505 4890 638 4955 ὅσοι,
662 4890 761 4960 τῆς
786 4889 1048 4954 θεοειδοῦς
1075 4889 1406 4951 ἀποστάντες
1431 4886 1593 4959 ζωῆς,
1623 4887 1745 4956 ὀμό-

167 4980 368 5052 φρονές
398 4996 457 5030 τε
482 4980 576 5031 καὶ
601 4980 897 5049 ὁμότροποι
919 4984 1030 5044 τοῖς
1050 4979 1311 5050 ὀλεθρίοις
1336 4979 1609 5045 γίγνονται
1631 4976 1746 5028 δαί-

167 5088 321 5141 μοσι,
357 5070 430 5121 τὰ
454 5071 549 5140 μὲν
576 5070 740 5135 ὅντως
768 5072 914 5135 ὄντα,
944 5073 1036 5125 καὶ
1083 5068 1381 5133 ἀθανάτως
1403 5068 1597 5140 κτητὰ,
1648 5068 1742 5121 καὶ

166 5157 408 5220 αἰωνίως
464 5156 615 5226 ἡδέα,
682 5159 748 5211 δι’
798 5160 1030 5231 ἐσχάτην
1082 5159 1175 5212 καὶ
1232 5159 1442 5221 ἑαυτοῖς
1500 5155 1739 5228 ὀλέθριον

167 5251 430 5321 ἀνοησίαν
462 5252 955 5322 ἀποστρεφόμενον
994 5251 1093 5324 τὴν
1152 5250 1415 5321 πρόπυλον
1441 5249 1497 5302 δέ
1532 5249 1624 5301 καὶ
1646 5266 1741 5301 πο-

1845 4696 1926 4765 gis
1957 4713 2120 4766 quam
2146 4696 2400 4765 patietur,
2434 4701 2488 4748 et
2532 4708 2631 4761 pro
2684 4691 2909 4747 atfectus
2939 4691 3021 4744 sui
3056 4686 3402 4759 impassibili-

1848 4796 1958 4842 tate
1982 4797 2143 4857 atque
2168 4787 2477 4845 constantia
2500 4784 2620 4838 aliis
2645 4798 2858 4854 quoque
2880 4782 3138 4838 similium
3166 4780 3403 4834 vexatio-

1846 4893 1973 4933 num
2008 4877 2272 4931 tnedicum
2332 4891 2391 4931 se
2449 4875 2730 4945 praebebit.
2754 4874 3019 4930 Caeterum
3046 4874 3261 4944 opinor,
3292 4873 3402 4923 imo

1846 4985 1977 5025 vero
2000 4982 2340 5037 compertum
2397 4968 2591 5033 habeo,
2636 4968 3062 5021 sincerissimum
3119 4978 3397 5020 sacrorum

1847 5063 2097 5118 ordinum
2139 5062 2403 5130 judicium
2434 5076 2679 5125 censere,
2734 5077 2843 5131 pra:
2886 5062 3004 5117 istis
3033 5062 3397 5116 detestabilis-

1845 5155 1982 5210 sima
2007 5155 2286 5209 obsidione
2309 5154 2479 5209 teneri
2504 5168 2620 5219 eos,
2652 5154 2742 5222 qui
2770 5153 3083 5209 deiformem
3116 5154 3278 5207 vitam
3306 5154 3399 5206 de-

1843 5257 2103 5311 serentes,
2132 5246 2416 5300 sententiis
2449 5247 2796 5315 moribusque
2853 5245 3075 5316 perditis
3130 5244 3396 5299 daemoni-

165 5341 583 5412 λυπαθεστάτην
633 5343 944 5407 ἀλλοίωσιν,
1002 5344 1098 5396 καὶ
1143 5341 1241 5405 τὰς
1305 5340 1599 5411 ὀλλυμένας
1646 5342 1739 5394 καὶ

1853 5344 1942 5395 bus
1964 5328 2305 5394 consentiunt
2368 5339 2495 5393 dum
2519 5354 2582 5395 ea
2604 5326 2816 5408 quidem
2850 5354 2969 5410 qua:
2999 5346 3051 5393 et
3091 5352 3219 5393 vere
3246 5348 3391 5396 sunt,

1464 5562 1699 5617 VARle
1736 5558 2133 5615 LECTIONES.

240 5704 259 5731 ³
288 5702 622 5786 προαγωγὴν
644 5740 658 5762 ,
688 5700 744 5753 Ρ.
777 5702 835 5754 υ.
866 5701 963 5786 Cit.
993 5701 1390 5786 διιμγέυγνήν,Λίίξ.
1418 5701 1474 5756 S.
1504 5700 1563 5753 Β.
1628 5702 2003 5786 ξένεργήσειν,
2061 5702 2158 5754 Ch.
2214 5703 2511 5771 ἐνεργήσει,
2672 5701 2709 5754 Β
2782 5702 2901 5755 Sat'.

173 5770 377 5837 θεοειδῆ
409 5771 501 5822 καὶ
526 5772 980 5843 τεΑεσιουργικήν,
1011 5771 1079 5829 Μ.
1108 5770 1197 5828 SC.
1221 5770 1258 5804 “⁶
1286 5772 1403 5825 θεία
1430 5772 1703 5839 κοινωνία,
1736 5770 1803 5829 Μ.
1840 5770 1895 5828 5.

2992 5704 3010 5732 ⁵
3038 5702 3170 5772 πρὸς
3192 5701 3251 5755 τὺ
3280 5701 3390 5772 φῶς

1974 5773 1991 5803 ⁷
2022 5771 2151 5842 πρὸς
2178 5771 2256 5836 τό,
2291 5779 2355 5824 Μ.
2388 5778 2446 5825 ι’.
2483 5790 2569 5828 ξς.
2668 5776 2685 5803 ⁵⁵
2712 5772 3002 5842 ἰεραρχῶν,
3028 5771 3126 5826 Lb.
