3874 6228
405 360 514 418 455

1579 366 1631 421 S.
1667 368 1818 420 DIUN
1831 366 1960 421 YSlI
1989 364 2447 420 AllEOPAGlTxE

3541 342 3642 414 me

403 490 459 535 et
481 480 861 537 immortaliter
897 484 1256 552 possidentur,
1289 498 1452 554 atque
1501 487 1835 541 zeternaliter
1873 488 1962 539 de-

2072 485 2422 558 φθοροποιοὺς
2468 485 2676 555 ἡδονὰς,
2710 483 2800 537 καὶ
2856 483 2954 555 τὴν
3005 483 3256 538 ἀϐέϐαιον
3279 483 3335 536 ἐν
3361 484 3477 546 τοῖς
3502 481 3649 535 ἀλλος

407 572 632 640 lectant,
661 587 758 642 per
780 581 1081 627 extremam
1109 574 1320 643 sibique
1367 576 1727 644 perniciosam
1757 576 1974 630 demen-

407 663 534 716 tiam
563 672 904 726 aversantur;
933 665 1272 719 materialem
1308 680 1435 720 vero
1468 666 1818 734 pluribusque
1846 677 1973 732 per-

407 753 804 807 turbationibus
849 755 1144 810 obnoxiam
1203 757 1661 820 immutationem,
1711 758 1974 826 perditas-

404 859 512 911 que
536 860 600 898 ac
627 849 994 916 corruptrices
1022 850 1344 919 voluptates,
1373 859 1430 903 et
1459 850 1792 913 instabilem,
1819 864 1973 902 eam-

401 951 509 1005 que
539 937 797 1003 alienam,
824 956 997 1009 neque
1049 957 1176 995 vere
1204 943 1548 1007 existentem,
1583 943 1677 997 sed
1706 955 1970 1010 apparen-

405 1039 513 1084 tem
567 1030 986 1085 delectationem
1041 1035 1286 1088 ambiunt
1353 1045 1408 1091 et
1452 1044 1852 1088 consectantur.
1907 1031 1971 1085 l-li

400 1136 530 1190 ergo
555 1123 739 1190 primi,
773 1133 826 1175 et
849 1126 1064 1191 quidem
1099 1127 1269 1196 magis
1329 1129 1544 1197 proprie
1569 1142 1728 1195 quam
1759 1126 1855 1191 illi,
1883 1140 1967 1180 se-

401 1211 678 1282 gregativa
711 1212 944 1266 ministri
991 1229 1121 1267 voce
1163 1225 1489 1279 arceantur;
1518 1230 1690 1282 neque
1717 1214 1860 1268 enim
1892 1213 1971 1266 fas

399 1304 472 1358 sit
501 1305 580 1358 eis
611 1303 900 1372 cujuslibet
935 1309 1160 1361 alterius
1193 1310 1268 1361 rei
1306 1324 1476 1362 sacra:
1525 1309 1821 1378 participes
1845 1322 1969 1361 eva-

401 1399 553 1464 dere,
586 1409 944 1469 praaterquam
975 1402 1314 1471 eloquiorum
1368 1402 1484 1462 Dei.
1537 1418 1766 1470 quorum
1799 1402 1972 1471 magi-

399 1492 566 1546 sterio
595 1492 662 1545 ad
695 1495 973 1548 meliorem
1024 1494 1233 1564 frugem
1283 1495 1524 1549 converti
1558 1497 1785 1562 possint.
1836 1493 1966 1548 Nam

398 1587 441 1641 si
475 1588 930 1656 supermundialis
971 1589 1057 1642 illa
1083 1605 1362 1644 sacrorum
1395 1590 1695 1643 divinorum
1722 1589 1967 1645 celebra-

400 1677 495 1740 tio,
521 1678 816 1732 etiamdum
868 1682 1221 1749 pwnitentes,
1277 1679 1490 1735 tametsi
1531 1681 1802 1749 quondam
1852 1680 1969 1752 ejus

396 1781 701 1838 compotes,
743 1772 976 1841 repellit,
1036 1789 1140 1828 non
1203 1773 1303 1827 nisi
1366 1773 1709 1827 sanctissimo
1752 1790 1968 1844 quoque

2074 581 2241 650 τρίοις
2269 581 2366 632 ούκ
2395 575 2579 640 οὖσαν,
2631 577 2766 631 ἀλλά
2818 577 3078 631 δοκοῦσαν
3124 576 3418 630 εὐπάθειαν
3467 574 3650 628 ἐπιθυ-

2077 669 2302 739 μοῦντες
2333 672 2426 723 καὶ
2457 669 2825 740 ἐνεργοῦντες.
2857 671 2918 721 Οί
2951 667 3158 740 πρῶτοι
3217 667 3262 720 δ’
3284 669 3305 700 ⁹
3365 663 3460 718 οὖν
3503 662 3646 720 οῦτοι

2073 765 2166 816 καὶ
2195 762 2525 835 κυριώτερον
2549 763 2771 815 ἐκείνων
2797 761 2902 814 ὑπὸ
2950 762 3048 832 τῆς
3080 761 3176 813 τοῦ
3204 758 3517 827 λειτουργοῦ
3541 759 3647 812 δια⁴

2074 857 2326 926 κριτικῆς
2355 857 2538 927 φωνῆς
2567 855 3010 926 ἀφοριζέσθωσαν
3029 873 3043 886 ·
3071 856 3132 907 οὐ
3165 854 3273 925 γὰρ
3304 853 3529 923 θεμιτὸν
3557 853 3648 904 αύ-

2071 950 2182 1010 τοῖς
2210 948 2394 1018 ἐτέρου
2438 949 2578 1010 τινὸς
2609 946 2754 1018 ἱεροῦ
2789 949 3096 1017 μετασχεῖν,
3129 946 3161 1016 ἢ
3186 946 3286 1014 τῆς
3315 945 3424 998 τῶν
3451 944 3647 1011 λογίων

2072 1039 2497 1108 ἐπιστρεπτικῆς
2529 1041 2619 1092 ἐπὶ
2647 1039 2715 1092 τά
2752 1041 2984 1111 κρείττω
3030 1038 3397 1102 διδασκαλίας.
3449 1039 3513 1090 Ei
3537 1038 3646 1108 γὰρ

2072 1133 2104 1199 ἡ
2133 1131 2238 1184 τῶν
2270 1132 2427 1184 θείων
2457 1133 2823 1202 ὑπερκόσμιος
2869 1132 3147 1202 ἱερουργία
3192 1132 3286 1184 καὶ
3315 1132 3441 1194 τοῦς
3474 1133 3529 1182 ἐν
3561 1146 3649 1200 με·

2070 1223 2275 1293 τανοίᾳ,
2305 1225 2396 1276 καὶ
2423 1224 2548 1285 τοὺς
2580 1224 2621 1254 ¹⁰
2649 1223 2784 1293 πρὸς
2813 1223 2979 1293 αύτὴν
3025 1223 3123 1294 ἤδη
3182 1223 3490 1290 γεγονότας,
3519 1222 3651 1274 ἀπο-

2071 1314 2368 1383 κρύπτεται
2398 1316 2460 1377 ¹¹,
2490 1316 2550 1367 τὸ
2580 1315 2652 1385 μὴ
2701 1315 2978 1378 παντελῶς
3025 1313 3319 1384 ἱερώτατον
3343 1315 3404 1367 ού
3433 1331 3652 1385 προσιε-

2074 1405 2244 1475 μένη·
2297 1409 2607 1474 προσφωνεῖ
2628 1405 2683 1458 δέ
2711 1407 2804 1458 καὶ
2846 1406 3003 1459 τοῦτο
3051 1407 3373 1474 πανάγνως,
3418 1406 3501 1458 ὅτι
3535 1403 3651 1458 Καὶ

2066 1501 2179 1560 τοῖς
2205 1498 2342 1550 κατά
2368 1515 2419 1550 τι
2462 1498 2596 1567 πρὸς
2647 1499 2706 1550 τὸ
2749 1499 2842 1551 τοῦ
2899 1498 3163 1562 θεοειδοῦς
3215 1498 3383 1569 ἀκρον
3437 1495 3650 1558 ἀτελῶς

2069 1585 2443 1651 ἐξασθενοῦσιν
2477 1587 2701 1650 ἀθέατός
2727 1589 2841 1657 είμι
2893 1589 2986 1640 καὶ
3029 1587 3387 1658 ἀκοινώνητος
3414 1585 3645 1656 (ἀποσο-

2071 1677 2154 1728 ϐεῖ
2194 1677 2300 1747 γὰρ
2329 1680 2360 1746 ἡ
2389 1677 2528 1729 κατά
2584 1679 2688 1729 πᾶν
2722 1677 3062 1747 ἀμιγεστάτη
3095 1675 3242 1746 φωνὴ
3269 1675 3364 1729 καὶ
3409 1676 3537 1736 τοὺς
3569 1673 3648 1744 μὴ

2067 1771 2396 1840 δυναμένους
2433 1769 2744 1841 συνδεθῆναι
2789 1772 2902 1833 τοῖς
2929 1769 3036 1821 τῶν
3068 1769 3356 1822 θειοτάτων
3405 1767 3574 1832 ἀξίως
3603 1769 3649 1798 ¹²

398 1862 669 1929 admisso;
695 1866 825 1933 quin
855 1867 1020 1920 etiam
1064 1866 1403 1934 proclamat:
1446 1863 1560 1933 Ego
1591 1865 1656 1918 ad
1684 1867 1962 1922 deiformi-

2067 1863 2393 1931 κοινωνοῖς),
2459 1863 2636 1932 πολλῷ
2658 1880 2719 1930 γε
2774 1863 2970 1933 μᾶλλον
2997 1865 3029 1933 ἡ
3072 1860 3179 1913 τῶν
3207 1859 3468 1931 ἐμπαθῶς
3495 1860 3652 1930 ἐνερ-

401 1955 530 2010 tatis
569 1957 784 2011 culmen
835 1969 1058 2028 pr0pter
1111 1975 1264 2013 suam
1340 1957 1803 2026 imperfectionem
1859 1975 1964 2012 non

397 2049 1110 2118 assurgentibusinvisibilis
1131 2062 1184 2105 et
1213 2049 1742 2107 incommunicabilis
1785 2057 1967 2110 existo

397 2142 568 2203 (arcet
596 2143 739 2196 enim
767 2144 1060 2212 purissima
1092 2159 1195 2200 vox
1240 2145 1337 2198 ista
1366 2162 1579 2214 quoque
1616 2148 1736 2202 illos
1765 2149 1853 2214 qui
1886 2164 1967 2202 re-

396 2234 498 2288 bus
529 2235 885 2290 divinissimis
937 2234 1097 2302 digne
1129 2239 1662 2295 communicantibus
1711 2241 1963 2313 conjungi

401 2343 507 2381 non
536 2332 780 2396 possunt)
817 2329 1063 2397 adeoque
1112 2331 1284 2398 magis
1320 2333 1646 2401 eorum,qui
1698 2335 1966 2401 passioni-

397 2423 498 2472 bus
546 2421 916 2488 exagitantur,
947 2423 1104 2475 turba
1146 2422 1370 2491 profana
1400 2425 1528 2486 erit,
1560 2433 1615 2477 et
1646 2423 1714 2478 ab
1742 2437 1962 2496 aspectu

394 2511 884 2579 communioneque
941 2528 1222 2567 sacrorum
1259 2514 1414 2585 193
1451 2517 1643 2570 aliena.
1709 2518 1807 2572 Ubi
1865 2517 1961 2571 de-

395 2618 540 2655 mum
568 2602 751 2657 divino
775 2605 976 2674 templo
1000 2607 1304 2677 sacrisque,
1338 2624 1456 2676 quae
1480 2612 1835 2680 capacitatem
1865 2626 1964 2665 eo-

393 2707 513 2744 rum
545 2704 826 2762 superant,
856 2696 1063 2750 exclusi
1119 2709 1262 2758 sunt,
1320 2699 1393 2754 illi
1428 2701 1518 2769 qui
1569 2701 1731 2756 nullis
1786 2701 1964 2755 adhuc

392 2785 978 2839 saeramentisinitiati
1025 2789 1353 2859 omninoque
1404 2791 1566 2845 rudes
1615 2791 1875 2856 existunt,
1913 2801 1966 2846 et

393 2889 513 2926 rum
550 2875 616 2928 iis
643 2884 907 2944 apostata:
938 2878 1064 2931 vita?
1097 2880 1414 2946 sanctioris,
1461 2891 1514 2935 et
1551 2881 1635 2936 his
1671 2882 1964 2936 conformi-

395 2978 477 3020 ter
503 2967 575 3019 illi
614 2968 704 3034 qui
769 2969 1207 3023 adversariorum
1241 2972 1543 3026 terroribus
1580 2973 1818 3042 visisque
1855 2992 1963 3043 prae

392 3061 605 3129 ignavia
641 3059 798 3116 facile
851 3071 1158 3126 moventur,
1208 3064 1408 3132 quippe
1446 3066 1538 3133 qui
1578 3081 1674 3134 per
1703 3078 1962 3120 constan-

393 3167 498 3208 tem
545 3156 870 3222 firmamque
907 3170 1030 3207 cum
1084 3155 1283 3208 divinis
1337 3155 1496 3208 rebus
1547 3157 1954 3210 consensionem

2071 1953 2348 2024 γουμένων
2378 1952 2585 2022 πληθὺς
2614 1952 2824 2023 ἀνίερος
2858 1951 3024 2004 ἔσται·
3057 1952 3151 2004 καὶ
3184 1952 3364 2019 πάσης
3392 1949 3652 2019 ἀλλοτρία

2068 2045 2167 2114 τῆς
2193 2044 2300 2096 τῶν
2325 2045 2483 2114 ἱερῶν
2513 2042 2738 2111 ἐποψίας
2783 2044 2875 2096 καὶ
2927 2041 3232 2104 κοινωνίας.
3275 2031 3650 2110 Ἐπειδὴ¹³τοῦ

2069 2138 2211 2190 θείου
2302 2137 2584 2204 γεγόνασιν
2632 2135 2734 2201 ἔξω
2769 2134 2896 2188 ναοῦ
2949 2135 3041 2188 καὶ
3086 2136 3184 2205 τῆς
3239 2134 3652 2204 ὑπερκειμένης

2069 2231 2262 2290 αύτούς
2317 2229 2359 2258 ¹⁵
2409 2228 2715 2298 ἱερουργίας
2748 2229 2795 2278 οἱ
2854 2225 2962 2278 τῶν
2999 2223 3229 2278 τελετῶν
3280 2224 3517 2296 ἀμύητοι
3554 2226 3688 2277 καὶ·

2067 2321 2360 2382 ἀτέλεστοι,
2391 2321 2483 2373 καὶ
2533 2321 2665 2390 πρὸς
2700 2321 2882 2383 αύτοῖς
2913 2322 2961 2373 οἱ
3002 2319 3100 2389 τῆς
3135 2319 3283 2390 ἱερᾶς
3338 2319 3646 2372 ἀποστάται

2066 2414 2230 2484 ζωῆς,
2259 2416 2535 2484 ἑπομένως
2565 2431 2622 2466 τε
2647 2414 2856 2477 τούτοις
2885 2417 2932 2467 οἱ
2970 2414 3105 2485 πρὸς
3138 2413 3206 2466 τὰ
3236 2412 3346 2465 τῶν
3385 2412 3653 2464 ἐναντίων

2065 2506 2291 2575 δείματά
2334 2523 2392 2558 τε
2433 2507 2472 2537 ’⁸
2520 2507 2613 2559 καὶ
2640 2507 2897 2575 φάσματα
2948 2506 3016 2558 δι’
3042 2504 3328 2574 ἀνανδρίαν
3365 2501 3650 2566 εύπαθεῖς,

2065 2598 2140 2660 ὼς
2173 2599 2270 2651 ούκ
2298 2600 2614 2669 ἀφικόμενοι
2660 2597 2748 2651 διὰ
2804 2600 2900 2669 τῆς
2942 2598 3076 2667 πρὸς
3109 2598 3176 2651 τά
3216 2597 3333 2650 θεῖα
3392 2597 3652 2650 συντόνου

2067 2691 2159 2743 καὶ
2183 2692 2459 2744 ἀνενδὸτου
2490 2691 2818 2754 συννεύσεως
2841 2692 2933 2744 ἐπὶ
2964 2690 3024 2742 τὸ
3056 2690 3156 2760 τῆς
3189 2688 3453 2752 θεοειδοῦς
3480 2689 3653 2753 ἕξεως

2065 2783 2316 2852 ἀκίνητον
2363 2785 2456 2836 καὶ
2513 2784 2834 2855 δραστήριον
2863 2801 2875 2812 ο
2913 2778 3030 2835 εἶτα
3061 2783 3197 2854 πρὸς
3244 2783 3428 2845 αὐτοῖς
3463 2783 3513 2834 οἱ
3547 2780 3650 2850 τῆς

2064 2875 2309 2939 ἐναντίας
2338 2877 2432 2945 μὲν
2454 2877 2784 2938 ἀποστάντες
2807 2873 2970 2945 ζωῆς,
2999 2873 3153 2927 οὔπω
3181 2874 3239 2926 δὲ
3272 2875 3367 2926 καὶ
3388 2873 3498 2927 τῶν
3516 2891 3648 2942 φαν-

2063 2978 2262 3029 τασιῶν
2302 2979 2469 3048 αὐτῆς
2515 2976 2626 3042 ἕξει
2654 2979 2745 3031 καὶ
2770 2977 2929 3048 ἔρωτι
2965 2977 3092 3047 θείῳ
3116 2978 3208 3030 καὶ
3230 2977 3419 3046 ἀμιγεῖ
3437 2974 3649 3045 καθαρ-

2063 3069 2265 3132 θέντες,
2302 3070 2392 3122 xui
2417 3070 2533 3138 μετ’
2554 3069 2746 3132 αὐτοὺς
2779 3070 2828 3121 οἱ
2869 3068 2941 3138 μὴ
2965 3067 3216 3131 καθάπαξ
3240 3066 3512 3129 ἐνοειδεῖς,
3530 3067 3647 3127 καὶ,

2015 3167 2019 3170 ’
2063 3163 2298 3232 νομικῶς
2335 3163 2526 3222 εἰπεῖν,
2554 3162 2770 3230 ἄμωμοι
2791 3161 2883 3212 καὶ
2914 3159 3183 3229 ἀλώϐητοι
3219 3157 3518 3220 παντελῶς.
3581 3158 3649 3210 Ol

389 3246 622 3300 necdum
647 3247 931 3300 deiformis
958 3248 1116 3299 istius
1153 3255 1328 3299 status
1379 3246 1748 3302 habitudinem
1775 3248 1959 3302 elIica-

2065 3256 2304 3323 πανίεροι
2339 3255 2381 3284 ¹⁸
2427 3252 2534 3305 τῶν
2569 3252 2840 3322 πανιέρων
2865 3251 3136 3321 ἱερουργοὶ
3191 3251 3284 3302 xai
3318 3247 3646 3319 φιλοθεάμο-

389 3337 642 3405 eiamque
670 3338 778 3392 sint
813 3339 1036 3406 adepti;
1068 3338 1263 3392 deinde
1289 3355 1412 3393 cum
1447 3340 1535 3394 his
1565 3340 1599 3392 ii
1630 3356 1848 3411 quoque
1870 3344 1962 3409 qui

389 3429 681 3481 contraria:
712 3429 928 3497 quidem
966 3429 1040 3481 illi
1073 3432 1196 3483 vita:
1231 3431 1477 3483 nuntium
1513 3432 1798 3498 miserunt,
1833 3447 1964 3486 non-

388 3520 516 3572 dum
547 3529 727 3573 tamen
754 3536 782 3572 a
821 3521 948 3574 visis
1003 3522 1186 3574 habitu
1229 3537 1525 3590 amoreqne
1573 3524 1754 3577 divino
1791 3539 1964 3594 eoque

391 3613 684 3679 purissimo
713 3615 924 3682 purgati
961 3625 1104 3679 sunt,
1136 3625 1298 3684 atque
1327 3619 1620 3672 secundum
1653 3620 1750 3672 hos
1785 3619 1841 3684 ii,
1869 3621 1958 3688 qui

389 3719 496 3758 non
520 3705 742 3758 omnino
771 3707 1087 3771 nniformes,
1117 3719 1192 3772 et,
1229 3719 1288 3763 ut
1310 3710 1444 3776 legis
1479 3710 1658 3778 phrasi
1689 3724 1832 3776 utar,
1854 3729 1958 3767 non

387 3799 614 3851 omnino
645 3799 977 3852 immaculati
1009 3811 1062 3852 et
1086 3801 1496 3857 incontaminati
1521 3815 1668 3857 sunt.
1700 3805 1833 3858 Tum
1869 3807 1962 3860 dc-

388 3890 551 3956 nique
601 3889 775 3942 sancti
826 3904 1106 3943 sacrorum
1164 3895 1471 3948 administri
1516 3907 1960 3968 spectatoresque

386 3979 640 4042 studiosi,
669 3981 1094 4036 sacratissimam
1124 3985 1355 4039 hosﬁam
1384 4003 1540 4041 sacro
1569 3990 1672 4042 ritu
1695 4000 1958 4044 contuen-

391 4081 491 4132 tes,
548 4073 787 4140 generali
849 4075 1159 4132 laudatione
1225 4082 1610 4138 concelebrant
1659 4085 1958 4139 beneficum

389 4165 820 4234 munificumque
853 4169 1198 4238 principium,
1246 4187 1274 4225 a
1335 4189 1445 4241 quo
1488 4176 1750 4230 salutaria
1802 4177 1959 4232 nobis

389 4257 630 4311 exhibita
664 4268 790 4312 sunt
816 4273 1181 4330 sacramenta,
1233 4279 1352 4332 qum
1376 4279 1776 4321 sacrosanctam
1812 4267 1955 4322 illam

388 4348 722 4405 initiatorum
784 4365 1163 4407 consummant
1199 4356 1620 4412 deificationem.
1674 4360 1828 4415 llunc
1860 4377 1958 4414 au-

388 4450 492 4494 tem
523 4444 782 4513 hymnum
832 4447 923 4500 alii
977 4448 1149 4503 laudis
1193 4453 1487 4514 canticum,
1537 4453 1626 4506 alii
1681 4456 1956 4522 religionis

387 4534 687 4600 symbolum
739 4539 1034 4606 appellant,
1096 4541 1189 4594 alii
1248 4543 1506 4612 denique,
1569 4560 1684 4598 mea
1736 4547 1952 4614 quidem

387 4629 700 4691 sententia,
767 4633 1004 4686 divinius
1058 4634 1458 4689 hierarchicam
1525 4639 1948 4703 eucharistiam,

387 4718 502 4770 sive
536 4725 1051 4788 sacmprtncipalcm
1082 4729 1375 4794 gratiarum
1410 4731 1702 4795 actionem,
1733 4740 1791 4784 ut
1831 4747 1950 4799 qua:

387 4811 647 4864 divinitus
673 4815 736 4866 ad
776 4833 872 4869 nos
898 4817 1232 4873 dimanantia
1268 4837 1421 4874 sacra
1449 4825 1586 4875 dona
1626 4823 1950 4892 complecta-

387 4909 514 4952 tur:
557 4903 768 4956 videtur
821 4908 964 4960 enim
1000 4910 1339 4964 laudatarum
1372 4915 1610 4967 omnium
1645 4914 1947 4968 divinarum

386 4996 764 5060 operationum
797 4999 936 5054 ratio
986 5004 1140 5058 nobis
1187 5007 1484 5072 exstitisse,
1517 5025 1640 5062 cum
1693 5010 1950 5063 substan-

387 5087 518 5138 tiam
556 5088 829 5155 vitamque
859 5103 1098 5146 nostram
1151 5096 1392 5150 benefice
1452 5101 1830 5164 sustentando,
1885 5116 1951 5154 ac

2065 3364 2173 3408 νες,
2209 3347 2306 3416 τὴν
2334 3345 2641 3414 ἀγιωτάτην
2666 3344 2885 3414 τελετὴν
2927 3341 3277 3413 ἀγιοπρεπῶς
3314 3341 3647 3395 ἐποπτεύον-

2063 3455 2172 3501 τες,
2235 3435 2495 3506 ὑμνοῦσιν
2538 3435 2832 3505 ύμνολογίᾳ
2868 3432 3126 3500 καθολικῇ
3162 3433 3262 3501 τὴν
3304 3430 3648 3502 ἀγαθουργὸν

2063 3531 2156 3582 καὶ
2181 3528 2491 3596 ἀγαθοδὸτιν
2518 3528 2712 3599 ἀρχὴν,
2766 3527 2855 3595 ὑφ’
2891 3520 2956 3596 ἧς
2991 3527 3046 3576 αἱ
3105 3522 3467 3594 σωτηριώδεις
3509 3525 3648 3593 ἡμῖν

2063 3620 2442 3690 ἀνεδείχθησαν
2496 3619 2739 3679 τελεταὶ,
2783 3617 2883 3687 τὴν
2940 3615 3090 3686 ἱερὰν
3135 3616 3244 3668 τῶν
3299 3615 3646 3685 τελουμένων

2064 3713 2257 3766 θέωσιν
2304 3711 2701 3783 ἱερουργοῦσαι.
2754 3710 2856 3764 Τὸν
2899 3709 3065 3782 ὕμνον
3118 3710 3174 3763 δὲ
3209 3710 3396 3762 τοῦτον
3440 3712 3491 3761 οἱ
3545 3709 3648 3778 μὲν

2064 3806 2390 3876 ὑμνολογίαν
2439 3805 2695 3858 καλοῦσιν
2753 3806 2817 3866 ",
2874 3805 2923 3856 oi
2980 3804 3037 3856 δὲ
3099 3803 3199 3872 τῆς
3253 3802 3550 3874 θρησκείας
3580 3801 3646 3856 τὸ

2066 3897 2126 3948 σύ
2137 3896 2349 3965 μϐολον,
2375 3895 2523 3948 ἄλλοι
2555 3895 2630 3957 δὲ,
2661 3895 2736 3958 ὡς
2767 3890 3224 3965 οἷμαι,θειότερον
3249 3894 3569 3964 ἱεραρχικὴν
3600 3894 3644 3924 ¹⁸
3682 3918 3694 3928 -

2063 3988 2442 4058 εὐχαριστίαν,
2495 3988 2570 4050 ὼς
2616 3985 2970 4057 περιεκτικὴν
3018 3984 3127 4039 τῶν
3189 3988 3268 4049 είς
3314 3988 3460 4056 ἡμᾶς
3520 3986 3644 4040 θεό-

2062 4080 2153 4133 θεν
2181 4080 2526 4150 ἀφικομένων
2549 4079 2707 4149 ίερῶν
2729 4078 2914 4150 δώρων
2951 4080 2992 4111 ¹⁹
3013 4095 3025 4108 ο
3074 4078 3221 4131 δοκεῖ
3269 4079 3377 4150 γάρ
3407 4096 3496 4148 μοι
3529 4079 3644 4132 τῶν

2062 4175 2226 4243 ὑμνου
2237 4173 2407 4242 μένων
2455 4172 2678 4226 ἀπασῶν
2725 4171 3021 4243 θεουργιῶν
3053 4174 3085 4242 ἡ
3137 4172 3490 4242 πραγματεία
3511 4171 3646 4240 περὶ

2061 4267 2206 4334 ἡμᾶς
2239 4264 2519 4332 γεγονέναι
2543 4303 2558 4326 ,
2619 4262 2716 4333 τὴν
2783 4264 2880 4334 μὲν
2909 4265 3096 4318 οὐσίαν
3126 4265 3285 4335 ἡμῶν
3337 4265 3429 4317 καὶ
3490 4262 3642 4334 ζωὴν

2060 4357 2388 4424 ἀγαθοειδῶς
2454 4359 2828 4428 ὑποστήσασα,
2886 4360 2980 4411 καὶ
3041 4357 3368 4428 ἀρχετύποις
3414 4356 3644 4410 κάλλεσι

2058 4450 2117 4500 τὸ
2152 4450 2378 4514 θεοειδὲς
2427 4449 2582 4520 ἡμῶν
2634 4449 2989 4521 μορφώσασα,
3027 4451 3122 4504 καὶ
3157 4449 3433 4519 θειοτέρας
3470 4449 3644 4514 ἕξεως

2061 4542 2153 4594 καὶ
2187 4542 2471 4611 ἀναγωγῆς
2503 4543 2558 4593 ἐν
2595 4543 2850 4612 μετουσίᾳ
2885 4543 3294 4612 καταστήσασα,
3345 4540 3646 4594 κατιδοῦσα

2058 4645 2114 4696 δὲ
2140 4643 2238 4712 τὴν
2266 4643 2320 4708 ἐξ
2360 4643 2691 4713 ἀπροσεξίας
2723 4643 3086 4713 ἐγγενομένην
3110 4644 3240 4712 ἡμῖν
3267 4641 3505 4712 ἐρημίαν
3529 4640 3644 4693 τῶν

2059 4735 2216 4787 θείων
2241 4735 2476 4804 δωρεῶν,
2534 4737 2947 4798 ἐπισκευαστοῖς
2993 4736 3139 4805 ἡμᾶς
3198 4734 3421 4801 ἀγαθοῖς
3465 4736 3548 4796 είς
3581 4733 3645 4786 τὸ

2059 4829 2282 4898 ἀρχαῖον
2309 4826 2764 4888 ἀνακαλέσασθαι,
2797 4825 2891 4878 καὶ
2921 4828 2986 4896 τῇ
3025 4825 3279 4878 παντελεῖ
3298 4823 3407 4877 τῶν
3441 4825 3645 4896 ἡμετέ-

2061 4938 2167 4990 ρων
2211 4918 2507 4989 προσλήψει
2559 4918 2658 4990 τὴν
2701 4917 3040 4988 τελειοτάτην
3065 4917 3170 4968 τῶν
3198 4917 3414 4969 οἰκείων
3467 4918 3641 4986 μετά-

2054 5008 2198 5061 δοσιν
2230 5008 2656 5080 ἀγαθουργῆσαι,
2686 5008 2777 5060 xai
2810 5005 2982 5076 ταύτῃ
3016 5005 3299 5059 κοινωνίαν
3333 5007 3464 5074 ὴιιιῖν
3500 5005 3642 5059 Θεοῦ

2056 5101 2149 5152 καὶ
2182 5101 2288 5152 τῶν
2322 5100 2480 5153 θείων
2512 5099 2880 5170 δωρήσασθαι.

385 5176 681 5245 primitivis
714 5179 1214 5248 pulchrittnlinibus
1264 5187 1586 5243 deifurmem
1636 5191 1806 5244 nostri
1868 5188 2170 5257 portionem
2226 5190 2580 5253 efformando,
2631 5201 2795 5257 atque
2829 5187 2897 5242 ad
2961 5185 3249 5243 divinioris
3296 5187 3518 5242 habitus
3582 5200 3642 5242 et

388 5288 675 5342 anagoges,
707 5289 812 5341 qua
845 5291 1061 5329 sursum
1097 5277 1392 5346 elevemur,
1413 5293 1619 5350 partem
1639 5283 2003 5344 admittendo;
2046 5293 2156 5334 tum
2187 5286 2409 5351 provide
2441 5284 2705 5346 curando,
2733 5291 2791 5336 ut
2818 5297 2884 5336 ex
2926 5281 3163 5351 ingenita
3208 5281 3363 5336 nobis
3394 5294 3494 5350 per
3540 5293 3638 5333 no-

1682 5496 1911 5550 V'AlilAi
1953 5496 2352 5554 LECTIONES.

457 5583 476 5612 '
505 5583 597 5633 καὶ
623 5583 1017 5662 ἐνεργούμενοι.
1047 5585 1324 5662 Πρῶτοι
1353 5582 1564 5662 οὖνηυκ
1679 5589 1869 5662 (Ibus.
1903 5589 2058 5662 et_\l.
2103 5592 2145 5662 ¹ν⁰
2174 5608 2262 5662 γρ.
2293 5592 2488 5644 καίτοι.
2536 5594 2572 5623 ¹¹
2609 5591 3065 5662 -ἀποκηρύττεται
3091 5593 3180 5644 τὸν
3211 5593 3310 5662 μή,
3341 5601 3448 5662 etc.
3493 5589 3633 5662 Bud.

389 5666 482 5701 sua
509 5668 667 5703 manu
693 5656 954 5712 correxit,
986 5667 1036 5706 et
1067 5659 1229 5706 vertit
1275 5655 1395 5707 Sar.
1478 5657 1517 5686 ¹²
1542 5655 1732 5719 ἀξίοις,
1769 5659 1868 5713 Ch.

389 5734 467 5777 τε,
499 5719 567 5777 Μ.
603 5721 692 5775 Se.
789 5724 831 5754 ¹⁶
857 5725 975 5776 τότε
1002 5727 1048 5777 οἱ
1080 5727 1340 5777 πανίεοοι.
1375 5724 1441 5777 Μ.
1477 5724 1532 5777 D.
1568 5727 1666 5777 Ch.
1700 5728 1786 5777 Sc.
1821 5731 1868 5777 S:

387 5734 467 5779 τε,
499 5734 567 5777 Μ.
603 5734 692 5775 δε.

389 5786 592 5852 λογίαν,
627 5791 681 5842 P.
714 5792 772 5847 Ι).
810 5793 929 5847 Sar.
962 5805 1016 5849 et
1052 5795 1200 5851 V'ieu.
1237 5786 1428 5849 minor.

1950 5660 1990 5688 ¹³
2018 5660 2132 5700 ἔτςῖ
2165 5661 2218 5700 δέ
2275 5662 2314 5700 Ιὶ
2359 5663 2397 5700 (ἶ

794 5661 954 5712 rexit,
986 5667 1036 5706 et
1067 5661 1229 5706 vertit
1275 5661 1395 5707 Sar.
1478 5661 1517 5686 ¹²
1542 5661 1732 5719 ἀξίοις,
1769 5661 1868 5713 Ch.
1950 5661 1990 5688 ”
2018 5661 2138 5712 ἐπεὶ
2165 5661 2240 5722 δέ,
2275 5662 2332 5713 Ι).
2359 5663 2456 5715 Ch.
2537 5662 2581 5693 ¹¹⁵
2608 5661 2742 5712 Bud.
2771 5661 3008 5714 correxit
3030 5664 3228 5725 αὐτοῖς.
3313 5663 3356 5692 ¹⁵
3382 5661 3636 5730 δέσματά

789 5724 840 5806 ‘i
857 5725 975 5776 τότε
1002 5727 1340 5806 οἷλεανίεροι,
1375 5724 1441 5778 Μ.
1477 5724 1548 5806 Dn.”
1568 5727 1666 5806 (ξίι.
1700 5728 1786 5806 ὃς.
1821 5731 2019 5806 δίῃ-..οἰ
2046 5730 2101 5782 δὲ
2126 5732 2391 5806 πανίεμροι,
2509 5731 3013 5806 ςοττ.“’ὶ⁴ερολογία
3042 5731 3353 5806 legendum.
3431 5732 3473 5763 ι’
3500 5732 3636 5804 ὀδω-

1509 5799 1550 5828 ¹⁸
1579 5798 1825 5868 ἀρχικήν,
1862 5800 1919 5854 ι).
1953 5799 2249 5877 ἱερατικὴν,
2278 5798 2334 5856 Ρ.

2537 5662 2581 5693 ίδ
2608 5660 2742 5712 Bud.
2771 5660 3008 5714 correxit
3030 5660 3228 5725 αὐτοῖςζ
3274 5660 3280 5662 ⁷
3313 5663 3356 5692 ¹⁵
3382 5661 3637 5730 δέσματά

2439 5804 2482 5835 ¹⁹
2510 5800 2843 5875 δωρεῶνίΡ.
