3874 6228
166 300 273 354 ιτς-ί

1205 290 1293 345 DE
1330 279 1607 344 ECCLES.
1649 281 2040 349 lllERARCH.,
2076 281 2226 337 CAP.
2264 279 2346 337 Ill.

3326 263 3426 324 1‘58

171 435 356 478 stram
393 401 1246 492 ignauammunerum‘oroitalc
1300 419 1632 478 divinorum,
1664 412 1959 483 propositis
2009 405 2329 462 muneribus
2384 399 2436 452 in
2495 395 2791 465 pristinum
2848 402 3049 448 statum
3089 402 3426 451 revocemur,

171 518 535 586 perfectaque
593 529 770 569 rerum
831 515 1154 568 nostratium
1211 513 1602 578 assumptione,
1633 523 1856 562 suarum
1881 519 1978 558 nos
2009 500 2314 572 participes
2347 491 2579 558 eﬂiciat,
2617 503 2788 559 eaque
2833 488 3044 544 ratione
3129 483 3225 539 Dei
3275 480 3432 536 nobis

171 606 602 674 divinarumque
693 620 874 658 rerum
962 604 1398 658 communionem
1493 601 1775 668 largiatur

1682 757 1708 828 δ
1756 752 1920 813 vn].

247 907 487 962 Οὖτωδὲ
507 908 605 978 τῆς
634 907 929 978 θεαρχικῆς
959 903 1372 976 φιλανθρωπίας
1405 902 1564 973 ἱερῶς
1593 896 1769 970 ὑμνη-’

1937 893 1991 947 ln
2019 893 2163 947 hunc
2209 898 2391 944 autem
2436 885 2562 942 mod
2581 898 2670 939 um
2699 880 3068 953 deiprincipali
3106 875 3435 949 benignitate

177 999 887 1071 θείσης,ἐγκεκαλυμμένος
917 998 1016 1070 μὲν
1043 1001 1071 1051 ὁ
1100 997 1239 1060 θεῖος
1266 996 1428 1067 ἄρτος
1453 992 1763 1066 προτίθεται

178 1097 224 1126 ⁸⁸
273 1095 370 1147 καὶ
416 1095 478 1147 τὸ
527 1094 624 1164 τῆς
675 1091 924 1158 εὐλογίας
970 1091 1258 1162 ποτήριον·
1305 1089 1332 1140 ὁ
1379 1088 1435 1140 δὲ
1495 1086 1764 1147 θειότατος

176 1186 480 1256 ἀσπασμὸς
511 1187 894 1256 ἱερουργεῖται,
914 1184 1007 1236 καὶ¹
1035 1181 1140 1234 τῶν
1169 1179 1518 1251 ἀγιογράφων
1549 1177 1762 1247 πτυχῶν

178 1282 212 1352 ἡ
238 1277 480 1350 μυστικὴ
503 1279 596 1331 καὶ
618 1277 986 1348 ὑπερκὸσμιος
1013 1275 1330 1346 ἀνάῤῥησις.
1358 1273 1431 1326 Οὐ
1455 1272 1564 1343 γὰρ
1595 1271 1764 1326 ἔνεστι

180 1372 322 1441 πρὸς
369 1370 433 1421 τὸ
471 1369 528 1421 ἒν
582 1367 910 1435 συνάγεσθαι
962 1369 1057 1420 καὶ
1087 1368 1182 1438 τῆς
1225 1365 1316 1418 τοῦ
1361 1365 1478 1426 ἐνὸς
1525 1363 1764 1433 μετέχειν

180 1461 471 1532 εἰρηναίας
500 1459 744 1521 ἐνώσεως
789 1460 915 1522 τοὺς
960 1458 1098 1530 πρὸς
1139 1459 1364 1520 ἑαυτοὺς
1386 1456 1761 1529 διῃρημένους.

181 1551 246 1604 Εἰ
274 1549 386 1618 γὰρ
417 1550 525 1603 ὑπὸ
565 1551 664 1619 τῆς
690 1550 785 1602 τοῦ
832 1550 948 1612 ἐνὸς
991 1549 1222 1620 θεωρίας
1252 1550 1346 1603 καὶ
1389 1547 1640 1617 γνώσεως
1680 1548 1766 1600 ἐλ-

179 1643 553 1714 λαμπόμενοι,
584 1643 724 1712 πρὸς
758 1643 856 1713 τὴν
899 1641 1103 1713 ἐνοειδῆ
1137 1643 1230 1696 καὶ
1263 1639 1412 1694 θείαν
1448 1641 1767 1710 συναγωγὴν

181 1734 593 1805 ἐνοποιηθῶμεν
615 1737 681 1797 ²¹,
700 1735 800 1787 οὐκ
821 1734 886 1787 ἂν
907 1734 998 1787 ἐπὶ
1015 1733 1112 1796 τὰς
1132 1731 1389 1804 μεριστὰς
1404 1732 1770 1803 ἁνασχοίμεθα

183 1824 554 1878 καταπίπτειν
587 1823 902 1893 ἐπιθυμίας,
934 1823 992 1888 ἐξ
1021 1817 1095 1874 ὧν
1129 1823 1186 1875 αἱ
1227 1822 1482 1892 πρόσυλοι
1511 1822 1767 1892 δημιουρ-

184 1913 410 1985 γοῦνται
436 1918 530 1970 καὶ
557 1898 822 1986 ἐμπαθεῖς
849 1915 985 1985 πρὸς
999 1913 1059 1966 τὸ
1087 1913 1227 1966 κατὰ
1254 1913 1413 1982 φύσιν
1441 1913 1702 1984 ὁμοειδεῖς
1725 1914 1768 1944 “

181 2006 497 2077 ἀπέχθειαι.
545 2006 758 2077 Ταύτην
803 2001 918 2067 οὖν,
965 2005 1042 2068 ὡς
1079 2001 1253 2076 οἶμαι,
1302 2007 1401 2076 τὴν
1446 2005 1645 2076 ἐνοειδῆ
1678 2007 1770 2059 καὶ

183 2101 495 2172 ἀδιαίρετον
524 2099 670 2168 ζωὴν
699 2100 732 2169 ἡ
760 2099 860 2168 τῆς
900 2101 1123 2170 εἰρήνης
1171 2099 1447 2171 ἱερουργία
1473 2099 1768 2170 νομοθετεῖ,

192 2191 261 2261 τῷ
301 2192 479 2262 ὁμοίῳ
521 2192 583 2243 τὸ
626 2191 810 2261 ὅμοιον
854 2189 1190 2261 ἐνιδρύουσα,
1230 2192 1324 2244 καὶ
1365 2192 1471 2243 τῶν
1505 2192 1770 2263 μεριστῶν

187 2282 685 2337 ἀποδιαστέλλουσα
713 2281 782 2335 τὰ
809 2281 926 2336 θεῖα
951 2284 1044 2334 καὶ
1074 2284 1250 2336 ἐνιαῖα
1278 2283 1541 2353 θεάματα.

1864 995 2051 1041 sancte
2097 983 2422 1045 collaudata,
2484 983 2780 1048 coopertus
2821 974 3040 1043 quidem
3084 970 3300 1026 divinus
3347 967 3440 1022 ille

1865 1080 2022 1148 panis
2051 1077 2304 1144 calixque
2359 1067 2769 1128 benedictionis
2812 1065 3132 1137 proponitur
3163 1079 3178 1118 :
3211 1061 3437 1117 divinis-

1865 1172 2004 1225 sima
2029 1183 2161 1223 vero
2186 1164 2444 1221 salutatio
2477 1163 2590 1217 sive
2621 1159 2892 1223 osculum,
2925 1167 3321 1223 sacrarumque
3353 1159 3439 1205 ta-

1866 1262 2108 1316 bularum
2151 1258 2380 1329 mystica
2413 1264 2467 1310 et
2509 1248 2973 1323 supermundialis
3006 1245 3254 1302 recitatio
3299 1242 3441 1298 cele—

1866 1357 2075 1410 bratur.
2105 1353 2226 1408 Non
2269 1352 2412 1407 enim
2458 1358 2692 1420 possunt
2725 1345 2795 1400 ad
2842 1359 3012 1398 unum
3043 1341 3240 1412 colligi,
3278 1348 3440 1408 atque

1867 1447 2027 1501 unius
2061 1444 2306 1514 paciﬁca:
2337 1442 2558 1496 unionis
2585 1439 2878 1510 participes
2901 1436 3166 1497 existere,
3221 1433 3313 1501 qui
3352 1445 3443 1484 se—

1869 1553 1992 1594 cum
2027 1537 2126 1607 ipsi
2163 1536 2450 1591 dissident.
2503 1532 2636 1586 Nam
2684 1532 2732 1586 si
2782 1530 2943 1584 unius
2975 1524 3444 1595 contemplatione

1869 1638 2030 1699 atque
2053 1627 2366 1698 cognitione
2395 1624 2676 1689 illustrati,
2704 1623 2773 1676 ad
2799 1620 3126 1675 uniformem
3151 1615 3443 1686 quamdam

1871 1739 1934 1778 ac
1964 1722 2200 1776 divinam
2239 1718 2399 1790 194
2436 1716 2872 1786 conjunctionem
2919 1711 3312 1780 redigeremur,
3347 1723 3445 1762 ne-

1871 1829 2139 1885 quaquam
2176 1813 2231 1867 in
2277 1812 2482 1866 divisas
2517 1809 2850 1878 cupiditates
2896 1804 3062 1859 dilabi
3096 1817 3194 1857 nos
3232 1809 3448 1870 patere-

1871 1919 2098 1971 mur,ex
2120 1904 2320 1975 quibus
2345 1903 2460 1957 ista:
2485 1899 2802 1955 materiales
2828 1897 3108 1967 plenaeque
3133 1893 3446 1961 passionum

1874 1999 2130 2053 adversus
2155 1996 2390 2066 aequales
2417 1995 2661 2048 existunt
2689 1991 3006 2046 inimicitiae.
3038 1988 3189 2042 Hanc
3227 1986 3444 2053 itaque,

1871 2092 1948 2145 uti
1982 2105 2124 2154 reor,
2153 2087 2489 2144 uniformem
2515 2093 2679 2153 atque
2710 2082 2999 2136 indivisam
3023 2079 3151 2132 vitae
3179 2076 3447 2129 rationem

1873 2198 2030 2238 sacra
2074 2184 2172 2236 ista
2223 2179 2376 2248 pacis
2418 2175 2726 2234 conciliatio
2764 2173 2966 2238 sancit,
3006 2171 3130 2225 dum
3170 2167 3348 2224 simile
3392 2167 3449 2220 in

1804 2272 1847 2325 B
1876 2275 2037 2330 simili
2067 2273 2319 2336 collocat,
2351 2279 2409 2324 et
2451 2254 2633 2323 divina
2669 2263 3078 2336 singulariaque
3124 2255 3440 2329 spectacula

1880 2383 1909 2421 a
1947 2365 2184 2422 dividuis
2212 2362 2469 2418 secernit.

1716 2482 1887 2557 §IX.

260 2626 388 2681 Τῶν
417 2626 476 2678 δέ
510 2625 671 2697 ἱερῶν
713 2626 935 2696 πτυχῶν
965 2628 998 2695 ἡ
1046 2625 1186 2697 μετὰ
1211 2627 1311 2698 τὴν
1343 2628 1564 2698 εἰρήνην
1603 2629 1776 2700 ἀνάρ-

194 2723 356 2794 ρησις
383 2719 752 2790 ἀνακηρύττει
778 2720 903 2781 τοὺς
927 2719 1089 2780 ὁσίως
1120 2718 1466 2788 βεϐιωκότας,
1511 2723 1604 2773 καὶ
1645 2721 1781 2792 πρὸς

192 2813 457 2884 ἐναρέτου
484 2812 630 2882 ζωῆς
657 2813 932 2866 τελείωσιν
963 2811 1352 2882 ἀμεταστάτως
1383 2813 1744 2883 ἀφικομένους
1762 2831 1774 2843 ·

194 2907 344 2976 ἡμᾶς
387 2907 488 2977 μὲν
518 2908 610 2960 ἐπὶ
649 2908 748 2980 τὴν
779 2908 842 2960 δι’
873 2908 1188 2980 ὁμοιότητος
1229 2908 1406 2962 αὐτῶν
1441 2908 1780 2979 μακαριστὴν

193 2995 309 3060 ἐξιν
339 2997 386 3028 ⁸³
417 2998 512 3051 καὶ
541 2996 743 3069 θεοειδῆ
793 2999 944 3069 λῆξιν
972 2998 1357 3070 προτρέπουσα
1393 2999 1488 3052 καὶ
1518 3016 1783 3069 χειραγω-

195 3088 392 3156 γοῦσα,
428 3090 557 3152 τοὺς
582 3091 638 3143 δὲ
665 3091 741 3154 ὡς
772 3090 978 3156 ζῶντας
1015 3093 1486 3165 ἀνακηρύττουσα,
1521 3097 1614 3148 καὶ
1642 3095 1716 3158 ὡς
1747 3097 1780 3166 ἡ

197 3177 454 3248 θεολογία
483 3181 668 3251 φησὶν,
699 3183 761 3234 οὐ
792 3183 1184 3254 νεκρωθέντας,
1232 3183 1367 3237 ἀλλά
1394 3188 1473 3248 είς
1505 3185 1782 3257 θειοτάτην

197 3270 346 3346 ζωὴν
375 3271 445 3323 ἐκ
489 3271 722 3325 θανάτου
772 3277 1294 3346 μεταφοιτήσαντας.
1342 3276 1540 3329 Σκόπει
1582 3277 1660 3342 δὲ,
1707 3279 1789 3332 ὅτι

198 3365 292 3417 καὶ
317 3360 691 3434 μνημοσύνοις
721 3367 886 3438 ἱεροῖς
911 3364 1250 3422 ἀνατίθενται
1277 3371 1342 3432 ’⁸,
1367 3370 1464 3440 τῆς
1483 3368 1628 3433 θείας
1653 3373 1788 3443 μνή-

202 3473 310 3526 μης
337 3457 443 3508 οὐκ
464 3455 826 3527 ἀνθρωπικῶς
855 3459 913 3511 ἐν
939 3462 1006 3530 τῇ
1033 3459 1127 3512 τοῦ
1160 3460 1496 3531 μνημονικοῦ
1522 3463 1790 3532 φαντασίᾳ

199 3548 574 3620 δηλουμένης,
626 3551 834 3614 ἀλλ’ὡς
867 3551 932 3607 ἄν
975 3571 1059 3616 τις
1097 3555 1228 3625 φαίη
1273 3553 1608 3624 θεοπρεπῶς,
1652 3553 1792 3607 κατὰ

202 3638 298 3708 τὴν
329 3640 388 3690 ἐν
419 3637 541 3708 Θεῷ
569 3641 614 3670 ’⁵
643 3640 750 3694 τῶν
776 3641 1176 3712 τετελεσμένων
1208 3644 1451 3696 θεοειδῶν
1477 3648 1664 3714 τιμίαν
1700 3645 1792 3696 καὶ

1957 2627 2253 2682 Sacrarum
2295 2639 2458 2695 porro
2490 2621 2798 2677 tabularum
2831 2633 2950 2688 qua:
2985 2624 3108 2687 post
3137 2627 3324 2684 pacem
3357 2612 3455 2664 ad-

1885 2720 2105 2774 hibetur
2135 2716 2404 2782 recitatio,
2441 2712 2776 2784 deprtedicat
2813 2721 2909 2764 eos
2945 2709 3037 2778 qui
3079 2713 3268 2761 sancte
3297 2704 3456 2756 vixe—

1887 2821 2033 2878 runt,
2060 2819 2224 2878 atque
2253 2809 2322 2864 ad
2346 2806 2531 2877 probae
2561 2804 2690 2858 vitae
2728 2801 3116 2872 perfectionem
3144 2802 3460 2852 constanter

1886 2911 2285 2973 pervenerunt;
2342 2914 2440 2954 nos
2486 2897 2736 2967 quidem',
2769 2908 2959 2949 eorum
3007 2891 3340 2955 imilatione,
3391 2883 3459 2940 ad

1889 2995 2267 3051 beatissimum
2325 2992 2476 3046 illum
2523 2997 2724 3044 statum
2756 2986 3107 3058 quietemque
3138 2981 3462 3038 deiformem

1894 3087 2237 3143 adhortando
2294 3100 2358 3140 ac
2401 3083 2845 3146 manuducendo,
2883 3078 3007 3134 illos
3052 3091 3186 3131 vero
3227 3090 3324 3130 ceu
3383 3074 3464 3127 vi-

1893 3191 2081 3235 ventes
2112 3177 2463 3244 celebrando,
2511 3177 2709 3246 quippe
2748 3181 2809 3227 ut
2841 3169 3111 3241 theologia
3139 3169 3318 3230 docet,
3365 3180 3463 3218 ne-

1887 3284 2164 3340 quaquam
2199 3275 2467 3332 mortuos,
2511 3267 2603 3320 sed
2639 3281 2707 3319 ex
2738 3271 2912 3319 morte
2946 3261 3010 3316 ad
3040 3260 3204 3313 vitam
3238 3255 3463 3311 divinis-

1888 3366 2082 3419 simam
2115 3362 2433 3416 translatos.
2461 3359 2698 3414 Adverte
2728 3367 2935 3418 autem,
2961 3363 3019 3410 ut
3046 3363 3102 3409 et
3140 3353 3314 3408 sacris
3344 3365 3461 3404 me-

1887 3455 2202 3510 morialihus
2254 3453 2590 3517 inserantur,
2641 3467 2746 3505 non
2800 3451 2961 3518 quasi
3017 3448 3461 3502 humanoxmore

1887 3546 2206 3599 memoriam
2255 3545 2523 3608 divinam,
2582 3545 2636 3597 in
2687 3558 2750 3597 ea
2805 3551 2960 3610 parte
3018 3537 3294 3593 memoriae
3344 3549 3466 3604 quae

1890 3641 2001 3693 visa
2035 3637 2251 3706 recipit,
2285 3637 2466 3691 inesse
2492 3636 2760 3699 declaret,
2787 3634 2882 3688 scd
2911 3642 2971 3686 ut
3000 3632 3120 3702 quis
3143 3628 3344 3684 dixerit
3366 3642 3464 3696 pro

203 3731 581 3800 ἀμετάστατον
614 3732 660 3761 ’⁸
704 3732 924 3800 γνῶσιν.
962 3736 1156 3804 Ἔγνω
1186 3738 1295 3805 γὰρ
1331 3735 1453 3806 (ἔφη
1498 3735 1566 3787 τὰ
1610 3735 1779 3807 λόγια)

1890 3731 1981 3784 Dei
2008 3731 2287 3799 dignitate,
2316 3730 2612 3784 secundum
2643 3743 2764 3781 eam
2794 3742 2913 3794 quae
2944 3725 2994 3777 in
3025 3725 3132 3777 Deo
3163 3733 3245 3776 est
3276 3737 3461 3775 rerum

206 3820 346 3884 τοὺς
379 3820 564 3884 ὄντας
596 3822 780 3874 αὐτοῦ
801 3840 813 3852 ’
865 3824 976 3888 καὶ,
1003 3824 1212 3914 ΙΤίμιος
1254 3825 1534 3878 ἐναντίον
1567 3827 1786 3893 Κιιρίου

205 3916 238 3966 ό
259 3912 522 3978 θάνατος
540 3912 658 3965 τῶν
682 3915 868 3967 ὁσίων
889 3912 1094 3981 αὐτοῦ,
1116 3917 1209 3969 τοῦ
1241 3917 1471 3971 θανάτου
1493 3917 1600 3970 τῶν
1627 3919 1788 3970 ὁσίων

205 4004 326 4057 ἀντὶ
345 4004 449 4074 τῆς
472 4006 532 4056 ἐν
558 4005 796 4077 ὁσιότητι
817 4007 1144 4070 τελειώσεως
1175 4009 1294 4081 είρη
1304 4011 1483 4080 μένου.
1498 4011 1609 4063 Καὶ
1635 4009 1790 4062 τοῦτο

205 4099 263 4151 δέ
294 4097 461 4169 ἱερῶς
503 4099 776 4168 ἐννόησον,
806 4101 900 4164 ὡς,
920 4101 1275 4156 ἐπιτεθέντων
1319 4103 1396 4172 τῷ
1440 4104 1568 4174 θείῳ
1600 4102 1790 4156 θυσια-

210 4193 421 4264 στηρίῳ
447 4192 558 4245 τῶν
592 4193 902 4264 σεϐασμίων
932 4196 976 4227 ’⁷
1000 4196 1302 4266 συμϐόλων,
1319 4197 1384 4249 δι’
1404 4192 1478 4250 ὧν
1506 4201 1533 4251 6
1559 4198 1793 4269 Χριστὸς

213 4285 543 4354 σημαίνεται
587 4286 683 4338 καὶ
729 4287 1031 4356 μετέχεται,
1081 4290 1342 4360 πάρεστιν
1386 4291 1720 4354 ἀδιαστάτως
1760 4293 1793 4362 ἡ

209 4373 318 4426 τῶν
339 4374 517 4441 ἁγίων
545 4375 859 4447 ἀπογραφὴ,
889 4378 950 4429 τὸ
973 4378 1395 4449 συνεζευγμένον
1416 4378 1593 4432 αὐτῶν
1622 4379 1794 4432 ἀδιαι-

215 4463 384 4534 ρέτως
413 4467 752 4537 ἐμφαίνουσα
779 4468 880 4538 τῆς
923 4470 1060 4541 πρὸς
1091 4470 1250 4524 αὐτὸν
1291 4471 1660 4543 ὑπερκοσμίου
1703 4473 1795 4525 καὶ

211 4555 366 4627 ἱερᾶς
404 4556 670 4622 ἑνώσεως.

1894 3823 2264 3893 perfectarum
2311 3838 2374 3876 ac
2404 3822 2751 3876 deiformium
2783 3820 3078 3890 pretiosam
3124 3828 3178 3869 et
3213 3817 3466 3868 immuta-

1895 3917 2056 3969 bilem
2080 3916 2467 3985 cognitionem.
2504 3914 2658 3967 Novit
2691 3914 2857 3977 enim,
2904 3915 2984 3982 (ut
3015 3910 3227 3979 eloquia
3259 3915 3466 3962 testan-

1895 4016 2022 4071 tur),
2053 4024 2142 4076 (μω
2198 4016 2319 4060 sunt
2363 4007 2478 4076 ejus
2526 4017 2593 4070 c;
2636 4014 2691 4059 et
2733 4024 2745 4057 :
2797 4003 3038 4057 Pretiosa
3087 4004 3142 4055 in
3189 4009 3466 4068 conspectu

1896 4100 2106 4153 Domini
2154 4117 2292 4153 mors
2341 4110 2640 4153 sanctorum
2680 4099 2792 4164 ejus
2835 4097 2887 4160 ά,
2946 4105 3119 4151 morte
3155 4104 3466 4149 sanctorum

1895 4208 1991 4260 pro
2036 4202 2221 4246 sancta
2272 4191 2751 4246 consummatione
2797 4201 3044 4257 accepta.
3089 4188 3196 4242 Sed
3247 4196 3303 4240 et
3337 4185 3468 4239 illud

1897 4299 2113 4352 quoque
2155 4294 2346 4338 sancte
2378 4285 2632 4346 observa,
2683 4291 2742 4336 ut
2791 4281 3061 4351 impositis
3095 4280 3276 4334 divino
3305 4276 3468 4330 altari

1897 4378 2072 4431 sacris
2101 4377 2360 4448 symbolis
2395 4378 2592 4445 quibus
2627 4376 2882 4431 Christus
2909 4373 3254 4434 signiﬁcatur
3280 4386 3345 4424 ac
3373 4386 3470 4423 su-

1900 4472 2096 4534 mitur,
2145 4471 2393 4539 protinus
2441 4470 2584 4523 adsit
2633 4479 2948 4522 sanctorum
2999 4465 3085 4520 illa
3137 4462 3467 4531 descriptio;

1898 4579 2018 4630 quae
2049 4561 2386 4616 individuam
2420 4576 2611 4615 eorum
2639 4559 3074 4627 conjunctionem
3104 4557 3472 4624 unionemque

1901 4670 2024 4709 cum
2055 4653 2150 4708 illo
2182 4654 2690 4724 supermundialem
2722 4649 3054 4718 sacramque
3084 4650 3344 4703 insinuat.

1778 4814 1919 4888 §X.

284 4945 506 5000 Τούτων
532 4947 589 5002 δὲ
621 4948 743 5002 καθ’
774 4951 832 5003 ὃν
854 4953 1065 5023 εἴρηται
1090 4952 1287 5023 θεσμὸν
1311 4955 1452 5024 ἱερου
1463 4953 1779 5025 ργηθὲντωνη

1973 4955 2068 5012 His
2096 4967 2278 5013 autem
2314 4973 2379 5014 eo
2403 4973 2512 5028 quo
2545 4957 2746 5013 dictum
2783 4966 2868 5012 est
2895 4957 3003 5012 ritu
3033 4955 3344 5022 celebratis,
3378 4957 3475 5011 ad-

213 5041 388 5104 ἐστὼς
420 5041 751 5112 ἐπίπροσθεν
774 5043 882 5096 τῶν
910 5044 1229 5112 ἁγιωτάτων
1260 5046 1305 5077 ’⁸
1339 5047 1618 5117 συμϐόλων
1650 5047 1799 5100 ὕδατι

212 5133 315 5196 τὰς
341 5135 534 5204 χεῖρας
555 5135 583 5186 ὁ
613 5134 872 5206 ἱεράρχης
899 5136 1146 5191 νίπτεται
1181 5137 1316 5208 μετὰ
1338 5138 1431 5191 τοῦ
1462 5141 1660 5210 σεμνοῦ
1693 5140 1800 5196 τῶν

337 5301 360 5327 ε
391 5292 430 5343 ll
469 5289 610 5344 Tim.
642 5310 701 5346 ll.
807 5291 835 5330 ἀ
862 5294 1003 5350 Psal.
1036 5295 1272 5360 cxv,15.

1903 5060 2052 5104 stans
2098 5067 2279 5106 coram
2323 5051 2582 5123 symbolis
2627 5049 2992 5105 sanctissimis
3039 5048 3283 5119 pontifex
3331 5065 3472 5118 aqua

1906 5157 2097 5196 manus
2132 5144 2303 5198 abluit
2347 5159 2451 5198 una
2505 5159 2624 5197 cum
2679 5143 3023 5198 sacerdotum
3067 5142 3266 5197 ordine
3312 5156 3472 5196 vene-

1470 5435 1705 5492 VARL‘E
1746 5437 2154 5493 LECTIONES.

285 5597 331 5630 ιθ
360 5594 730 5663 προστίθεται,
762 5597 827 5651 Μ.
860 5599 950 5653 Sc.
978 5597 1102 5652 Sar.

224 5665 265 5692 "
294 5667 459 5747 ἱεροῖς
487 5665 882 5747 ἁναὲθεινται,
1011 5668 1113 5722 Ch.
1278 5671 1322 5702 ’⁵
1351 5665 1549 5739 ἐνθέίος

225 5735 573 5803 σμιωτάτων,
601 5735 704 5794 Ch.
783 5740 826 5774 ³⁸
849 5737 1017 5804 ἁγίων
1042 5738 1344 5806 συμϐόλων,
1371 5742 1470 5800 Ch.

1556 5715 1582 5765 ,-

1199 5600 1239 5629 ²¹
1273 5599 1738 5674 ἐνοποιηθείημεν,
1768 5601 1830 5674 D.
1861 5601 1920 5655 S.

1621 5622 1738 5674 μεν,
1771 5622 1830 5653 υ.
1863 5622 1920 5655 ο.
2035 5622 2076 5631 ·’
2101 5622 2290 5668 ομοειος

1580 5622 1654 5730 Ἰ).
1687 5673 1783 5744 τὴν
1809 5672 1866 5725 ἐν
1909 5671 1985 5741 τῷ
2032 5671 2181 5740 Θεῷ,
2233 5673 2290 5725 D.

2032 5601 2358 5668 ⁹²ὁμοειδὲς,
2388 5600 2486 5652 Ch.
2541 5598 2630 5653 Sc.
2710 5599 2752 5628 ²³
2781 5596 3116 5668 μακαρίστην
3169 5593 3288 5668 ἕξιν
3332 5593 3468 5668 lege.

2416 5614 2486 5651 ιιι.
2541 5614 2630 5653 δε.
2711 5614 2924 5666 ισμακα
2967 5614 3116 5663 ιστην
3170 5614 3281 5660 εςιν
3335 5614 3468 5649 rere.

2403 5674 2445 5701 9"
2475 5669 2880 5739 ἀμετάπτωτον,
3037 5667 3133 5722 Ch.
3230 5665 3288 5736 f"
3317 5614 3472 5719 σεξα-
