3874 6228
450 264 556 325 459

1638 278 1694 337 S.
1734 280 2035 341 DlONYSll
2071 283 2536 344 AREOPAGITE

3573 294 3674 349 440

452 390 649 445 rando.
680 388 811 446 Nam
842 390 932 463 qui
975 392 1123 450 lotus
1171 404 1258 452 est
1313 396 1397 466 (ut
1435 396 1651 468 eloquia
1715 411 1986 457 testantur

2116 406 2307 476 ἱερέων
2339 407 2633 476 τάγματος.
2669 406 2786 460 Ὅτι
2832 407 2928 478 μέν
2970 402 3083 471 οῦν,
3111 407 3186 470 ὡς
3214 406 3281 460 τά
3310 407 3466 476 λόγιά
3494 426 3669 479 φησιν,

450 495 560 538 non
591 497 725 553 opus
765 486 927 542 habet
958 487 1065 543 alia
1109 504 1269 559 quam
1298 495 1667 548 summitatum
1698 510 1793 548 seu
1823 503 2009 551 extre-

451 575 700 630 tnitatum
755 592 973 633 suarum
1031 579 1233 636 lotione
1266 594 1312 648 ο,
1361 600 1459 655 per
1488 600 1650 654 quam
1687 586 1873 655 utique
1916 601 2008 640 su-

449 679 689 733 premam
742 670 1064 725 munditiam
1105 672 1219 741 liet,
1259 684 1319 729 ut
1366 676 1706 731 divinissimo
1748 678 2008 745 praeditus

449 757 635 812 habitu
667 758 1070 827 deiformitatis,
1103 765 1227 821 dum
1268 766 1334 820 ad
1362 770 1642 837 sequentia
1668 783 1881 839 quoque
1906 770 2007 825 be-

450 846 608 917 nigne
631 851 894 919 procedit,
912 852 1047 909 liber
1069 854 1282 913 futurus
1306 858 1375 913 sit
1393 869 1446 915 et
1469 860 1771 929 expeditus,
1802 862 2003 931 quippe

447 950 671 1006 prorsus
700 938 1011 1008 uniformis,
1041 952 1095 999 et
1125 947 1192 1001 ad
1224 963 1386 1003 unum
1420 966 1608 1004 rursus
1639 951 1845 1006 unitive
1875 967 2006 1006 con-

444 1042 655 1094 versus,
696 1029 1098 1090 immaculatam
1148 1037 1307 1093 simul
1342 1048 1397 1094 et
1430 1040 1805 1096 intemeratam
1845 1057 2001 1098 suam

445 1116 606 1175 faciet
659 1125 1094 1194 conversionem,
1150 1138 1408 1202 tanquam
1469 1135 1560 1202 qui
1617 1134 2003 1192 deiformitatis

443 1224 551 1265 suae
572 1210 963 1281 plenitudinem
992 1228 1046 1272 et
1074 1220 1442 1291 integritatem
1475 1235 1680 1280 servet.
1712 1226 1886 1283 Porro
1916 1244 2003 1283 sa-

442 1317 595 1357 crum
628 1303 925 1378 lavacrum,
960 1313 1037 1367 uti
1068 1313 1326 1378 diximus,
1365 1316 1416 1370 in
1454 1316 1611 1389 legali
1644 1329 1760 1373 erat
1792 1321 2003 1376 hierar—

440 1393 604 1461 chia;
654 1397 814 1452 modo
866 1410 1044 1455 autem
1092 1405 1363 1471 pontificis
1411 1422 1477 1462 ac
1516 1410 1857 1465 sacerdotum
1911 1412 2001 1467 illa

442 1501 693 1540 manuum
720 1489 926 1546 ablutio
958 1492 1085 1546 illud
1113 1496 1285 1565 ipsum
1316 1499 1575 1553 insinuat.
1612 1501 1714 1555 Eos
1740 1504 1882 1556 enim
1906 1506 2000 1574 qui

439 1578 506 1633 ad
536 1581 887 1647 purissimum
926 1587 1195 1643 accedunt
1228 1591 1557 1646 sacrificium
1589 1594 1839 1662 expiatos
1879 1612 2000 1652 esse

436 1662 591 1729 decet
625 1675 783 1746 195
830 1681 1091 1735 extremis
1139 1682 1304 1737 etiam
1352 1684 1546 1741 animae
1584 1687 1911 1755 phantasiis,
1943 1698 2000 1743 et

2112 495 2139 545 ὁ
2172 494 2487 565 λελουμένος
2529 496 2589 548 οὑ
2632 495 2799 548 δεῖταί
2832 513 2973 559 τινος
3004 498 3193 566 ἐτέρας
3235 500 3282 551 εί
3318 499 3392 570 μὴ
3432 500 3535 569 τῆς
3569 501 3671 552 τῶν

2110 586 2313 657 ἄκρων,
2337 589 2509 641 εῖτουν
2534 590 2773 658 ἐσχάτων
2803 588 2993 641 ἐαυτοῦ
3024 590 3068 620 ’³
3089 590 3302 667 νίψεως,
3329 592 3396 643 δι’
3421 586 3489 661 ἧς
3512 593 3670 661 ἀκρο-

2108 686 2273 755 τάτης
2308 685 2351 716 ⁸ο
2382 685 2719 755 καθάρσεως,
2744 688 2801 737 ἐν
2826 686 3085 757 πανάγνῳ
3126 688 3217 739 τοῦ
3250 687 3517 749 θεοειδοῦς
3544 688 3669 751 ἕξει.

2108 771 2201 823 καὶ
2222 770 2354 841 πρὸς
2374 770 2439 824 τὰ
2453 771 2674 842 δεύτερα
2699 774 2899 843 προῖὼν
2915 775 3253 843 ἀγαθοειδῶς,
3280 775 3508 845 ἄσχετος
3526 776 3670 828 ἔσται

2108 862 2200 914 καὶ¹
2231 862 2513 927 ἀπόλυτος,
2539 865 2613 927 ὡς
2652 864 2906 928 καθάπαξ
2936 866 3185 936 ἐνοειδὴς,
3220 868 3311 919 καὶ
3340 868 3478 938 πρὸς
3520 868 3579 920 τὸ
3617 868 3671 921 ἐν

2107 950 2260 1017 αὖθις
2304 956 2518 1018 ἐνιαίως
2559 957 3039 1027 ἐπιστρεφόμενος,
3088 959 3352 1030 ἄχραντον
3392 962 3670 1030 ποιήσεται

2106 1047 2197 1099 καὶ
2241 1047 2569 1117 ἀκηλίδωτον
2611 1049 2708 1119 τὴν
2753 1051 3105 1120 ἐπιστροφὴν,
3147 1051 3221 1114 ὡς
3262 1050 3354 1103 τοῦ
3408 1051 3670 1117 θεοειδοῦς

2104 1137 2401 1202 ἀποσώζων
2432 1138 2491 1191 τὸ
2528 1139 2729 1211 πλῆρες
2759 1143 2850 1194 καὶ
2884 1142 3191 1213 ὁλόκληρον.
3228 1145 3285 1196 '0
3318 1145 3415 1214 μὲν
3448 1145 3493 1175 ³⁸
3534 1147 3670 1215 ἱερὸς

2103 1228 2319 1301 λουτὴρ,
2354 1230 2428 1294 ὡς
2474 1232 2793 1303 εἰρήκαμεν,
2836 1234 2893 1285 ἐν
2932 1237 2996 1303 τῇ
3033 1235 3174 1286 κατά
3214 1235 3377 1304 νόμον
3408 1236 3454 1267 ³²
3497 1232 3567 1307 ἦν
3598 1239 3669 1290 ἱε-

2106 1324 2335 1395 ραρχία·
2371 1324 2464 1377 νῦν
2496 1325 2551 1378 δέ
2598 1325 2689 1377 τοῦ
2725 1326 2976 1396 ἱεράρχου
3009 1325 3233 1379 καὶτῶν
3267 1327 3456 1397 ἱερέων
3492 1330 3525 1398 ὴ
3564 1328 3670 1381 τῶν

2103 1414 2297 1487 χειρῶν
2325 1416 2697 1487 ἀποκάθαρσις
2733 1416 2893 1469 αὑτὸν
2934 1416 3324 1469 ὑπαινίσσεται.
3378 1416 3521 1480 Τοὺς
3565 1419 3670 1489 γὰρ

2102 1508 2193 1559 ἐπὶ
2221 1508 2319 1577 τὴν
2359 1508 2772 1578 παναγεστάτην
2816 1507 2989 1570 ἰόντας
3038 1508 3345 1578 ἱερουργίαν
3392 1508 3671 1561 ἀποκεκα-

2102 1598 2293 1669 θάρθαι
2314 1599 2393 1651 δεῖ
2422 1600 2515 1652 καὶ
2541 1599 2637 1663 τὰς
2660 1600 2887 1668 ἐσχάτας
2913 1599 3011 1668 τῆς
3038 1598 3212 1668 ψυχῆς
3228 1598 3549 1667 φαντασίας,
3579 1600 3671 1652 καὶ

2101 1691 2167 1744 δι’
2192 1691 2506 1761 ὁμοιότητος
2530 1692 2663 1761 αὑτῇ
2690 1690 2826 1743 κατά
2846 1690 2903 1742 τὸ
2934 1690 3149 1743 δυνατὸν
3170 1690 3447 1760 προσιέναι
3469 1708 3481 1719 ·
3510 1708 3669 1757 (pavo-

434 1777 535 1832 per
586 1766 997 1825 similitudinem
1048 1770 1185 1841 ipsi,
1235 1777 1416 1845 quoad
1461 1787 1661 1845 pOtest,
1706 1781 1989 1849 appropin-

2101 1780 2264 1851 τέρας
2295 1781 2337 1811 ³³
2382 1780 2490 1852 γάρ
2520 1781 2660 1833 οὑτω
2686 1780 2783 1844 τὰς
2814 1780 3125 1849 θεοφανείας
3167 1780 3670 1851 περιαυγασθήσον-

434 1868 636 1923 quare;
674 1858 999 1917 clarioribus
1030 1866 1171 1918 enim
1198 1865 1301 1921 hoc
1325 1869 1483 1924 modo
1514 1869 1607 1924 Dei
1636 1872 1999 1940 apparitioni-

430 1947 532 2002 bus
583 1949 1033 2018 illustrabuntur,
1080 1960 1615 2026 supermundialibus
1664 1963 1787 2017 istis
1841 1980 2001 2019 coru-

429 2040 767 2098 scationibus
803 2043 855 2096 in
888 2048 1188 2102 consimilis
1220 2050 1423 2118 speciei
1456 2053 1673 2120 specula
1718 2054 1997 2124 limpidius

429 2130 760 2201 uberiusque
810 2135 973 2203 jnbar
1040 2150 1196 2191 suum
1266 2142 1664 2203 evibrantibus.
1722 2146 1993 2201 Caeterum

426 2223 699 2286 pontificis
736 2224 821 2277 illa
859 2230 1314 2299 saccrtlotuutque
1348 2230 1576 2298 ablutio,
1612 2251 1735 2305 quae
1768 2239 1996 2294 summis

426 2315 795 2383 extremisque
824 2316 1006 2387 digitis
1042 2321 1351 2387 adhibetur,
1400 2339 1584 2379 coram
1624 2331 1991 2386 sacrosanctis

426 2402 544 2457 istis
567 2406 824 2474 symbolis
850 2410 1176 2477 instituitur,
1208 2430 1312 2469 non
1341 2430 1499 2472 secus
1531 2434 1595 2473 ac
1618 2435 1801 2474 coram
1835 2422 1991 2477 Chri-

424 2503 527 2557 sto,
558 2496 650 2564 qui
693 2499 1092 2557 occultissimas
1121 2520 1363 2573 quasque
1402 2508 1763 2575 cogitationes
1810 2514 1991 2570 intue-

424 2594 530 2648 tur;
555 2597 717 2655 atque
740 2590 829 2643 ubi
847 2607 1096 2660 suprema
1124 2596 1212 2649 illa
1229 2598 1467 2667 expiatio
1494 2602 1985 2670 perspicacissitnis

422 2674 543 2729 istis
574 2680 1023 2748 scrutationibus,
1061 2700 1160 2739 nec
1202 2702 1309 2741 non
1345 2688 1671 2758 justissimis
1698 2694 1987 2765 integerri-

422 2764 634 2833 misque
665 2768 884 2836 judiciis
914 2782 997 2827 est
1019 2774 1289 2839 absoluta,
1319 2787 1429 2833 tum
1460 2780 1570 2850 jam
1595 2783 1797 2839 divinis
1822 2764 1987 2843 rebus

421 2856 668 2923 pentifex
702 2861 1070 2934 conjungitur,
1097 2870 1404 2939 sanctisque
1443 2872 1537 2926 Dei
1582 2876 1840 2942 operibus
1872 2878 1986 2932 lau-

420 2951 596 3021 datis,
630 2956 968 3015 divinissima
1005 2975 1286 3019 consecrat
1322 2967 1604 3037 mysteria,
1648 2978 1702 3024 et
1738 2971 1793 3026 in
1824 2988 1981 3044 aspe-

420 3050 563 3097 ctum
591 3044 739 3101 ducit
769 3065 887 3119 quze
918 3052 1233 3109 celebravit.

2100 1889 2186 1924 ται
2238 1870 2348 1924 τῶν
2411 1871 2791 1942 ὑπερκοσμίων
2844 1871 3215 1942 μαρμαρυγῶν
3268 1872 3347 1935 εἱς
3401 1873 3503 1943 τὴν
3560 1872 3669 1925 τῶν

2100 1964 2473 2034 ὁμοιοειδῶνβδ
2504 1965 2783 2036 ἐσόπτρων
2808 1965 3034 2031 ἀγλαΐαν
3054 1962 3373 2033 ὀλικώτερον
3405 1963 3501 2015 καὶ
3524 1963 3671 2017 διαυ-

2100 2064 2355 2135 γέστερον
2387 2064 2641 2132 ἐφιέντων
2670 2064 2859 2117 διεῖναι
2906 2064 2948 2095 ³⁵
2980 2063 3078 2133 τὴν
3108 2062 3311 2116 οἰκείαν
3343 2062 3558 2132 αἴγλην.
3606 2065 3669 2115 Ἡ

2096 2157 2151 2209 δὲ
2180 2154 2272 2208 τοῦ
2308 2156 2555 2227 ἱερὰρχου
2584 2158 2677 2209 καὶ
2716 2156 2826 2208 τῶν
2868 2156 3052 2226 ἱερέων
3079 2156 3203 2226 ἄχρι
3233 2155 3340 2207 τῶν
3371 2156 3559 2224 ἄκρων
3594 2157 3670 2207 εῖ-

2094 2264 2218 2300 τουν
2241 2249 2481 2318 ἐσχάτων
2504 2248 2753 2317 ἀπόνιψις
2772 2248 3094 2320 ἐπίπροσθεν
3111 2249 3349 2316 γίγνεται
3368 2247 3478 2299 τῶν
3500 2249 3666 2315 ἁγιω-

2092 2336 2267 2390 τάτων
2286 2356 2347 2390 συ
2358 2339 2586 2409 μόόλων,
2602 2339 2676 2403 ὼς
2692 2340 2783 2391 ἐπὶ
2802 2338 3035 2409 Χριστοῦ
3056 2337 3148 2390 τοῦ
3167 2339 3342 2399 πάσας
3359 2336 3667 2406 ἐφορῶντος

2092 2430 2246 2500 ἡμῶν
2275 2430 2371 2494 τάς
2402 2433 2781 2501 κρυφιωτάτας
2822 2432 3046 2493 ἐννοίας,
3083 2432 3175 2483 καὶ
3216 2431 3312 2500 τῆς
3354 2429 3665 2501 ἀκροτάτης

2091 2522 2409 2593 καθάρσεως
2448 2525 2506 2576 ἐν
2534 2527 2645 2586 τοῖς
2680 2522 2843 2575 αὑτοῦ
2886 2524 2930 2554 ³⁸
2963 2523 3389 2585 πανεπισκόποις
3432 2520 3667 2592 ἀκριϐα-

2092 2617 2266 2684 σμοῖς,
2282 2615 2375 2667 καὶ
2400 2616 2518 2677 ταῖς
2529 2614 2891 2677 δικαιοτάταις
2904 2614 2995 2667 καὶ
3011 2613 3324 2676 ἀδεκάστοις
3347 2613 3599 2683 κρίσεσιν
3619 2613 3664 2643 ³”¹

2088 2705 2408 2775 ὁριζομένης
2434 2722 2447 2734 ·
2490 2705 2629 2758 οὕτω
2662 2708 2773 2769 τοῖς
2826 2705 2989 2767 θείοις
3043 2706 3071 2756 ὁ
3108 2705 3365 2776 ἱεράρχης
3420 2702 3666 2764 ἐνοῦται,

2088 2798 2181 2849 καὶ
2206 2796 2301 2861 τὰς
2332 2796 2479 2868 ἱερὰς
2516 2796 2799 2867 θεουργίας
2826 2798 3090 2866 ὑμνήσας,
3124 2797 3395 2867 ίερουργεῖ
3422 2794 3495 2847 τά
3521 2794 3664 2848 θειό-

2086 2906 2241 2955 τατα,
2276 2891 2369 2943 καὶ
2400 2891 2490 2942 ὑπ’
2513 2889 2631 2959 ὄψιν
2655 2889 2775 2957 ἀγει
2800 2889 2868 2942 τὰ
2895 2890 3033 2959 ὑμνη
3044 2888 3194 2959 μένα.

1954 3228 1983 3301 ί
2010 3227 2117 3290 XI.

487 3361 747 3428 Quasnam
799 3376 965 3432 porro
1022 3378 1348 3421 censeamus
1388 3367 1571 3425 divina
1619 3370 1674 3423 in
1719 3384 1818 3425 nos
1856 3385 1977 3426 esse

2150 3371 2312 3437 Τίνας
2338 3373 2435 3445 μὲν
2470 3369 2609 3429 εῖναι
2647 3374 2694 3407 ³³
2727 3371 2828 3439 τὰς
2853 3373 2935 3437 εἱς
2962 3373 3109 3445 ἡμᾶς
3138 3371 3423 3444 θεουργίας
3452 3374 3657 3443 φαμὲν,

417 3464 606 3520 opera,
637 3450 894 3520 deinceps
918 3467 1015 3521 pro
1039 3453 1181 3507 virili
1224 3461 1604 3525 exponendum
1636 3467 1743 3519 est.
1792 3458 1979 3529 Neque

419 3541 561 3594 enim
618 3539 898 3597 laudandis
953 3545 1204 3601 omnibus
1245 3547 1484 3615 sufﬁcio,
1545 3551 1653 3604 imo
1714 3566 1783 3606 ne
1831 3552 1980 3607 clare

416 3632 632 3702 quidem
656 3638 1041 3702 cognoscendis
1061 3637 1623 3708 aliisquetradendis;
1656 3659 1773 3711 qua:
1797 3654 1978 3699 autem

419 3738 448 3776 a
493 3724 820 3792 prmsulibus
868 3727 1054 3781 divino
1108 3730 1331 3785 numine
1381 3730 1574 3789 aﬂlatis
1624 3735 1979 3790 conformiter

419 3815 651 3886 eloquiis
692 3817 984 3873 laudantur
1012 3836 1074 3875 ac
1107 3824 1479 3890 celebrantur,
1509 3827 1697 3881 eadem
1734 3844 1830 3897 pro
1864 3845 1978 3885 mo-

419 3905 544 3961 dulo
591 3917 798 3975 nostro,
852 3911 996 3964 sacri
1039 3915 1246 3970 ordinis
1279 3918 1598 3986 aspirationi
1644 3921 1927 3990 implorata
1958 3964 1973 3987 ,

417 3997 774 4068 proferemus.
817 4000 1076 4057 Naturam
1113 4007 1425 4075 humanam,
1464 4013 1533 4066 ab
1576 4015 1734 4069 initio
1781 4017 1978 4072 divinis

419 4091 574 4145 bonis
615 4093 977 4162 imprudentia
1008 4112 1102 4151 sua
1141 4102 1450 4169 spoliatam,
1484 4106 1592 4159 vita
1632 4109 1976 4175 passionibus

416 4184 651 4239 obnoxia
696 4194 751 4240 et
800 4195 956 4242 terrae
1009 4193 1200 4245 mortis
1244 4196 1430 4250 exitus
1482 4201 1729 4268 excepit,
1773 4204 1974 4270 quippe

415 4280 723 4348 perniciosa
763 4282 868 4337 ista
896 4283 1008 4338 veri
1042 4285 1162 4338 boui
1197 4286 1455 4354 desertio,
1484 4306 1761 4363 sacrisque
1792 4294 1845 4348 in
1874 4311 1973 4364 pa-

415 4374 597 4428 radiso
628 4374 761 4446 legis
785 4378 1164 4446 praevaricatio
1197 4397 1317 4437 eum
1357 4386 1449 4453 qui
1484 4386 1697 4452 blande,
1733 4390 1976 4444 muleen-

414 4467 558 4521 tibus
596 4479 649 4523 et
681 4470 894 4527 infestis
938 4473 1241 4530 adversarii
1290 4478 1571 4534 fraudibus
1616 4481 1845 4549 illectus,
1897 4484 1974 4537 vi-

413 4558 522 4613 tale
559 4559 745 4632 jugum
787 4577 1134 4631 excusserat,
1180 4574 1633 4639 propensionibus
1678 4576 1808 4641 suis,
1854 4593 1973 4645 quae

412 4649 613 4706 divinis
659 4654 814 4710 bonis
863 4658 1256 4727 adversantur,
1299 4664 1523 4731 dimisit,
1576 4666 1716 4722 unde
1770 4668 1966 4722 misere

2082 3464 2208 3534 ἐξῆς
2238 3465 2547 3536 ἀφηγητέον
2575 3466 2672 3537 ὅση
2700 3466 2929 3536 δύναμις
2948 3482 2961 3495 ·
2989 3463 3051 3517 οὑ
3080 3462 3189 3535 γὰρ
3210 3463 3428 3526 ἁπάσας
3462 3465 3659 3534 ὑμνεῖν

2085 3562 2262 3626 ίκανὺς
2299 3563 2426 3633 ἐγὼ,
2475 3566 2546 3636 μή
2588 3564 2640 3616 τί
2676 3582 2739 3633 γε
2793 3562 2980 3633 σαφῶς
3026 3561 3220 3615 εἰδέναι
3280 3563 3373 3613 καὶ
3429 3562 3654 3631 ἐτέρους

2084 3660 2490 3725 μυσταγωγεῖν·
2544 3658 2643 3709 ὅσα
2688 3658 2743 3710 δὲ
2790 3657 2925 3728 πρὸς
2972 3655 3081 3708 τῶν
3128 3654 3322 3707 ἐνθέων
3380 3653 3652 3724 ίεραρχῶν

2078 3747 2381 3811 ἀκολούθως
2426 3753 2535 3811 τοῖς
2587 3749 2785 3817 λογίοις
2832 3750 3076 3819 ὑμνεῖται
3116 3749 3207 3801 καὶ
3251 3748 3637 3817 ίερουργείται,

2078 3838 2269 3901 ταῦτα,
2312 3838 2387 3903 ὼς
2431 3842 2559 3910 ἡμῖν
2611 3840 2850 3907 ἐφικτὸν,
2899 3837 3149 3909 ἐροῦμεν,
3186 3837 3285 3905 τὴν
3324 3835 3651 3906 ἱεραρχικὴν

2079 3928 2363 3982 ἐπίπνοιαν
2382 3930 2593 4001 ἀρωγὸν
2614 3931 2656 3961 ³⁸
2684 3929 3152 3998 ἐπικαλεσάμενοι.
3172 3925 3279 3996 Τὴν
3299 3925 3652 3996 ἀνθρωπείαν

2080 4021 2272 4089 φύσιν,
2324 4022 2559 4093 ἀρχῆθεν
2610 4022 2717 4074 ἀπὸ
2764 4021 2871 4073 τῶν
2929 4020 3087 4073 θείων
3136 4018 3354 4085 ἀγαθῶν
3402 4018 3652 4087 ἀνοήτως

2078 4109 2528 4183 ἐξολισθήσασαν,
2572 4113 2604 4183 ἡ
2648 4112 3092 4181 πολυπαθεστάτη
3149 4109 3261 4179 ζωὴ
3303 4108 3645 4176 διαδέχεται,

2077 4204 2171 4257 καὶ
2215 4204 2275 4257 τὸ
2318 4204 2412 4256 τοῦ
2450 4204 2773 4276 φθοροποιώ
2819 4204 3047 4257 θανάτου
3085 4202 3291 4273 πέρας·
3335 4198 3647 4262 ἀκολούθως

2076 4298 2184 4369 γὰρ
2223 4299 2255 4367 ὴ
2298 4297 2397 4367 τῆς
2436 4298 2602 4360 ὅντως
2652 4297 2985 4368 ἀγαθότητος
3026 4294 3264 4364 ὀλέθριος
3311 4291 3646 4355 ἀποστασία,

2077 4392 2170 4443 καὶ
2200 4390 2298 4459 τῆς
2333 4388 2481 4459 ἱερᾶς
2514 4388 2569 4439 ἐν
2592 4387 2900 4458 παραδείσῳ
2930 4385 3281 4456 θεσμοθεσίας
3310 4382 3643 4453 ὑπερϐασία,

2074 4482 2165 4534 τὸν
2190 4480 2609 4551 ἐξοιστρήσαντα
2636 4479 2729 4531 τοῦ
2760 4478 3022 4543 ζωοποιοῦ
3050 4477 3235 4545 ζυγοῦ,
3264 4479 3383 4540 ταῖς
3411 4477 3646 4539 οἱκείαις

2081 4579 2271 4647 ῥοπαῖς
2298 4575 2343 4606 ⁸ο
2384 4576 2479 4627 κα¹ι
2504 4572 2808 4636 θελκτικαῖς
2828 4571 2920 4624 τοῦ
2944 4571 3184 4625 ἐναντίου
3208 4573 3301 4625 καὶ
3321 4570 3647 4641 δυσμενέσιν

2076 4669 2329 4731 ἀπάταις,
2357 4668 2469 4730 τοῖς
2516 4665 2774 4729 ἐναντίοις
2802 4666 2909 4719 τῶν
2950 4665 3106 4719 θείων
3148 4663 3365 4733 ἀγαθῶν
3399 4663 3643 4735 παραδέ-

409 4745 765 4801 aeternitatem
814 4764 935 4803 cum
974 4754 1307 4809 mortalitate
1348 4760 1734 4825 commutavit;
1779 4771 1833 4814 et
1871 4762 1963 4830 qui

2092 4764 2264 4823 ἱωκεν,
2307 4758 2454 4811 ἐνθεν
2497 4757 2740 4821 ἐλεεινῶς
2771 4756 2889 4809 ἀντὶ
2937 4756 3033 4828 μὲν
3078 4754 3292 4809 αἰωνίου
3338 4754 3400 4806 τὸ
3446 4754 3645 4823 θνητὸν

407 4837 671 4909 originem
715 4854 745 4893 a
789 4845 1127 4911 corruptibili
1162 4849 1507 4915 generatione
1544 4860 1853 4922 acceperat,
1897 4853 1964 4905 ad

588 5016 785 5071 cJoan.
820 5035 938 5085 xm,
982 5022 1066 5075 10.

2077 4852 2469 4923 ἀντηλλάξατοο
2504 4850 2601 4922 τὴν
2648 4851 2704 4903 δέ
2747 4850 2949 4904 οἰκείαν
2992 4851 3165 4922 ἀρχὴν
3210 4848 3267 4901 ἐν
3313 4848 3647 4918 φθαρτικαξ

1682 5244 1917 5299 VARl/E
1958 5244 2358 5302 LECTIONES.

472 5390 518 5423 ⁸³
557 5387 725 5443 Aliter
775 5384 832 5440 in
893 5391 1015 5451 cod.
1049 5392 1150 5446 Ch.
1226 5394 1269 5426 ³ο
1297 5394 1430 5449 Bud.
1455 5395 1663 5457 scribit,
1688 5398 1753 5450 δι’
1781 5393 1847 5467 ἧς
1869 5399 1928 5451 τὸ
1955 5400 2278 5503 ἀκροτάτης.
2378 5405 2418 5435 ³¹
2449 5405 2476 5455 ὁ
2509 5405 2605 5474 μὲν
2628 5400 2740 5467 οῦν,
2777 5405 2846 5460 Μ.
2889 5406 2979 5461 Sc.

568 5461 612 5492 ³³
640 5464 1021 5503 (οηυςηωϊέηηρ
1069 5462 1145 5503 Ch
1211 5464 1252 5503 Ῐὶ
1307 5467 1415 5503 vim
1440 5481 1541 5503 nnn
1583 5478 1660 5503 ηρ·
1711 5470 1759 5503 in
1795 5469 1837 5503 Μ
1895 5478 1940 5503 nl
1975 5471 2042 5503 Qa
2188 5472 2208 5501 8
2256 5474 2512 5503 A..-..:.'_‘...
2562 5475 2637 5503 l‘l.
2697 5477 2735 5503 η
2802 5475 2842 5503 n
2900 5476 2935 5503 D

1307 5467 1415 5533 γάρ
1440 5481 1542 5519 non
1583 5478 1667 5521 est
1711 5470 1760 5520 in
1793 5469 1860 5521 Μ.
1894 5478 1947 5521 et
1975 5467 2063 5522 Sc.

568 5461 612 5492 ³³
640 5464 1041 5534 φανερωτέρας,
1211 5464 1270 5517 ι).

3083 5406 3126 5437 ³¹
3155 5408 3295 5461 κατά
3319 5408 3408 5459 τὸν
3434 5407 3633 5476 νόμον,

2188 5472 2233 5546 f‘
2255 5472 2533 5543 ὁμοειδῶν,
2562 5475 2659 5528 Ch.
2695 5477 2753 5529 D.
2802 5475 2861 5530 Ρ.
2899 5476 2957 5531 Β.
3075 5478 3119 5508 ³³
3148 5479 3433 5546 ἀφιέντων,
3466 5472 3523 5529 S—
3573 5472 3633 5532 Βξ

404 5500 466 5514 ν.
641 5500 1041 5534 γωγνγωυθγνυδς
1072 5500 1169 5518 νυ.
1214 5500 1270 5517 υ.
1320 5500 1380 5533 ιιι
1440 5500 1542 5519 ιιυιι
1583 5500 1667 5521 vat
1711 5500 1760 5520 Ill
1793 5500 1860 5521 tu.
1894 5500 1947 5521 Ct.
1976 5500 2063 5522 ou.
2192 5500 2228 5503 η
2255 5500 2533 5543 υμυιιυων,
2562 5500 2659 5528 υιι.
2695 5500 2753 5529 υ.
2803 5500 2861 5530 ι’.
2899 5500 2957 5531 υ.
3075 5500 3117 5508 ”“’
3148 5500 3433 5546 αφιεντων,
3466 5500 3523 5529 ὗ.
3574 5500 3633 5532 li.

399 5529 612 5594 διιέναι,
640 5533 738 5586 Cb.
778 5536 830 5585 ὃ.
869 5534 935 5586 Μ.
968 5533 1027 5587 Ρ.
1069 5532 1113 5609 ³ξ
1137 5534 1348 5598 ἐαυτοῦ,
1478 5535 1521 5609 ’_"
1549 5538 1895 5609 ἀνακρίσεσιν
1918 5579 1931 5602 ,
1960 5539 2056 5602 Ρ.;
2089 5540 2318 5598 Budaeus
2345 5547 2549 5598 notavit
2580 5545 2740 5599 aliam
2776 5547 3061 5600 lectionem
3087 5588 3100 5609 ,
3144 5548 3402 5601 κλίσεσιν.
3464 5548 3510 5578 ³⁸
3539 5551 3637 5602 καὶ

400 5599 487 5675 ἐπ’
512 5601 651 5675 ὄψιν,
688 5602 845 5669 Bud.;
903 5602 1227 5674 ὑμνηθέντα·
1271 5606 1417 5668 τίνας
1448 5604 1543 5675 μὲν
1566 5603 1656 5659 οὖν
1682 5599 1838 5665 εἶναι.
1871 5599 1927 5662 Ι).

2026 5612 2069 5643 ³9
2097 5613 2332 5684 ἀγωγόν,
2364 5614 2431 5669 Μ.
2467 5615 2557 5671 Sc.

2654 5616 2699 5649 ‘°
2726 5616 2849 5672 llasc
2884 5621 3041 5673 verba
3095 5622 3194 5674 hoc
3228 5619 3348 5675 loco
3392 5634 3499 5672 non
3534 5619 3607 5672 ha

402 5670 522 5723 bent
561 5673 615 5724 ὃ.
654 5675 708 5725 ι’.
752 5680 805 5729 ιι,
836 5670 1044 5729 ΕΙιῘΒί
1075 5675 1195 5727 διιῒ.
1231 5683 1320 5731 scd
1345 5670 1463 5747 pou
1494 5677 1597 5729 τῶν
1626 5678 1783 5734 θείων
1812 5679 2052 5748 ἀγαθῶν.
2082 5760 2089 5766 _
