  <div class='ocr_page' id='page_1' title='image "/cluster/home/n/w/nwhite01/storage/ocr_20150623/3/nnc1.0046978666/244.png"; bbox 0 0 3874 6228; ppageno 0'>
   <div class='ocr_carea' id='block_1_1' title="bbox 180 344 281 399">
    <p class='ocr_par' dir='ltr' id='par_1_1' title="bbox 180 344 281 399">
     <span class='ocr_line' id='line_1_1' title="bbox 180 344 281 399; baseline -0.01 0"><span class='ocrx_word' id='word_1_1' title='bbox 180 344 281 399; x_wconf 67' lang='grc' dir='ltr'><strong>μί</strong></span> 
     </span>
    </p>
   </div>
   <div class='ocr_carea' id='block_1_2' title="bbox 1205 336 2366 405">
    <p class='ocr_par' dir='ltr' id='par_1_2' title="bbox 1205 336 2366 405">
     <span class='ocr_line' id='line_1_2' title="bbox 1205 336 2366 405; baseline -0.003 -9"><span class='ocrx_word' id='word_1_2' title='bbox 1205 340 1290 396; x_wconf 84' lang='lat' dir='ltr'><strong>DE</strong></span> <span class='ocrx_word' id='word_1_3' title='bbox 1326 339 1610 396; x_wconf 82' lang='lat' dir='ltr'><strong>ECCLES.</strong></span> <span class='ocrx_word' id='word_1_4' title='bbox 1646 338 1999 394; x_wconf 78' lang='lat' dir='ltr'><strong>HIERARCH</strong></span> <span class='ocrx_word' id='word_1_5' title='bbox 2031 379 2047 405; x_wconf 96' lang='lat'><strong>,</strong></span> <span class='ocrx_word' id='word_1_6' title='bbox 2082 336 2235 395; x_wconf 83' lang='lat' dir='ltr'><strong>CAP.</strong></span> <span class='ocrx_word' id='word_1_7' title='bbox 2277 336 2366 393; x_wconf 87' lang='lat' dir='ltr'><strong>lll.</strong></span> 
     </span>
    </p>
   </div>
   <div class='ocr_carea' id='block_1_3' title="bbox 3310 338 3420 392">
    <p class='ocr_par' dir='ltr' id='par_1_3' title="bbox 3310 338 3420 392">
     <span class='ocr_line' id='line_1_3' title="bbox 3310 338 3420 392; baseline -0.009 0"><span class='ocrx_word' id='word_1_8' title='bbox 3310 338 3420 392; x_wconf 64' lang='grc' dir='ltr'>ΗΞ</span> 
     </span>
    </p>
   </div>
   <div class='ocr_carea' id='block_1_4' title="bbox 182 451 1776 527">
    <p class='ocr_par' dir='ltr' id='par_1_4' title="bbox 182 454 1763 527">
     <span class='ocr_line' id='line_1_4' title="bbox 182 454 1763 527; baseline -0.003 -16"><span class='ocrx_word' id='word_1_9' title='bbox 182 458 449 526; x_wconf 78' lang='grc' dir='ltr'><strong>ἐσχηκυῖα</strong></span> <span class='ocrx_word' id='word_1_10' title='bbox 474 454 747 523; x_wconf 86' lang='grc' dir='ltr'>γενέσεσιν</span> <span class='ocrx_word' id='word_1_11' title='bbox 758 455 856 509; x_wconf 77' lang='grc' dir='ltr'>ἐπὶ</span> <span class='ocrx_word' id='word_1_12' title='bbox 879 456 939 509; x_wconf 83' lang='grc' dir='ltr'><strong>τὸ</strong></span> <span class='ocrx_word' id='word_1_13' title='bbox 958 455 1057 527; x_wconf 80' lang='grc' dir='ltr'>τῆς</span> <span class='ocrx_word' id='word_1_14' title='bbox 1074 454 1245 527; x_wconf 82' lang='grc' dir='ltr'>ἀρχῆς</span> <span class='ocrx_word' id='word_1_15' title='bbox 1269 456 1599 526; x_wconf 78' lang='grc' dir='ltr'><strong>κατάλληλον</strong></span> <span class='ocrx_word' id='word_1_16' title='bbox 1624 454 1763 508; x_wconf 84' lang='grc' dir='ltr'>εἰκό-</span> 
     </span>
    </p>
   </div>
   <div class='ocr_carea' id='block_1_5' title="bbox 1880 451 3419 527">
    <p class='ocr_par' dir='ltr' id='par_1_5' title="bbox 1886 451 3419 524">
     <span class='ocr_line' id='line_1_5' title="bbox 1886 451 3419 524; baseline -0.001 -18"><span class='ocrx_word' id='word_1_17' title='bbox 1886 455 2144 510; x_wconf 90' lang='lat' dir='ltr'><strong>nteritum</strong></span> <span class='ocrx_word' id='word_1_18' title='bbox 2194 453 2392 524; x_wconf 83' lang='lat' dir='ltr'><strong>origini</strong></span> <span class='ocrx_word' id='word_1_19' title='bbox 2443 467 2556 508; x_wconf 83' lang='lat' dir='ltr'><strong>suae</strong></span> <span class='ocrx_word' id='word_1_20' title='bbox 2597 461 3019 509; x_wconf 76' lang='lat' dir='ltr'><strong>consentaneum</strong></span> <span class='ocrx_word' id='word_1_21' title='bbox 3058 451 3181 522; x_wconf 83' lang='lat' dir='ltr'><strong>jure</strong></span> <span class='ocrx_word' id='word_1_22' title='bbox 3225 456 3419 506; x_wconf 78' lang='lat' dir='ltr'><strong>merita</strong></span> 
     </span>
    </p>
   </div>
   <div class='ocr_carea' id='block_1_6' title="bbox 182 542 1759 618">
    <p class='ocr_par' dir='ltr' id='par_1_6' title="bbox 182 542 1759 618">
     <span class='ocr_line' id='line_1_6' title="bbox 182 542 1759 618; baseline 0 -18"><span class='ocrx_word' id='word_1_23' title='bbox 182 566 291 610; x_wconf 84' lang='grc' dir='ltr'><strong>τως</strong></span> <span class='ocrx_word' id='word_1_24' title='bbox 315 542 419 617; x_wconf 84' lang='grc' dir='ltr'>ἦγε</span> <span class='ocrx_word' id='word_1_25' title='bbox 442 547 503 599; x_wconf 86' lang='grc' dir='ltr'><strong>τὸ</strong></span> <span class='ocrx_word' id='word_1_26' title='bbox 532 547 703 617; x_wconf 85' lang='grc' dir='ltr'>πέρας</span> <span class='ocrx_word' id='word_1_27' title='bbox 722 565 735 577; x_wconf 90' lang='grc'>·</span> <span class='ocrx_word' id='word_1_28' title='bbox 781 547 915 601; x_wconf 75' lang='grc' dir='ltr'>ἀλλὰ</span> <span class='ocrx_word' id='word_1_29' title='bbox 947 549 1039 601; x_wconf 65' lang='grc' dir='ltr'><strong>κα)⁵</strong></span> <span class='ocrx_word' id='word_1_30' title='bbox 1075 548 1172 618; x_wconf 78' lang='grc' dir='ltr'>τῆς</span> <span class='ocrx_word' id='word_1_31' title='bbox 1198 548 1345 611; x_wconf 84' lang='grc' dir='ltr'>θείας</span> <span class='ocrx_word' id='word_1_32' title='bbox 1362 550 1454 601; x_wconf 75' lang='grc' dir='ltr'><strong>καὶ</strong></span> <span class='ocrx_word' id='word_1_33' title='bbox 1479 545 1759 615; x_wconf 82' lang='grc' dir='ltr'>ἀναγώγου</span> 
     </span>
    </p>
   </div>
   <div class='ocr_carea' id='block_1_7' title="bbox 186 636 1761 710">
    <p class='ocr_par' dir='ltr' id='par_1_7' title="bbox 186 636 1761 710">
     <span class='ocr_line' id='line_1_7' title="bbox 186 636 1761 710; baseline 0.001 -21"><span class='ocrx_word' id='word_1_34' title='bbox 186 636 333 707; x_wconf 84' lang='grc' dir='ltr'><strong>ζωῆς</strong></span> <span class='ocrx_word' id='word_1_35' title='bbox 392 636 711 701; x_wconf 76' lang='grc' dir='ltr'>ἐθελουσίως</span> <span class='ocrx_word' id='word_1_36' title='bbox 762 638 1132 703; x_wconf 79' lang='grc' dir='ltr'>ἀποπεσοῦσα,</span> <span class='ocrx_word' id='word_1_37' title='bbox 1167 638 1301 710; x_wconf 71' lang='grc' dir='ltr'>πρὸς</span> <span class='ocrx_word' id='word_1_38' title='bbox 1356 639 1455 708; x_wconf 83' lang='grc' dir='ltr'><strong>τὴν</strong></span> <span class='ocrx_word' id='word_1_39' title='bbox 1514 638 1761 691; x_wconf 89' lang='grc' dir='ltr'>ἐναντίαν</span> 
     </span>
    </p>
   </div>
   <div class='ocr_carea' id='block_1_8' title="bbox 186 727 1759 800">
    <p class='ocr_par' dir='ltr' id='par_1_8' title="bbox 186 727 1759 800">
     <span class='ocr_line' id='line_1_8' title="bbox 186 727 1759 800; baseline 0.004 -22"><span class='ocrx_word' id='word_1_40' title='bbox 186 727 448 796; x_wconf 77' lang='grc' dir='ltr'>ἐσχατιὰν</span> <span class='ocrx_word' id='word_1_41' title='bbox 502 728 703 799; x_wconf 80' lang='grc' dir='ltr'><strong>ἠνέχθη</strong></span> <span class='ocrx_word' id='word_1_42' title='bbox 729 770 744 793; x_wconf 86' lang='grc'><strong>,</strong></span> <span class='ocrx_word' id='word_1_43' title='bbox 780 729 876 800; x_wconf 85' lang='grc' dir='ltr'>τὴν</span> <span class='ocrx_word' id='word_1_44' title='bbox 920 729 1403 800; x_wconf 89' lang='grc' dir='ltr'>πολυπαθεστάτην</span> <span class='ocrx_word' id='word_1_45' title='bbox 1460 730 1759 785; x_wconf 85' lang='grc' dir='ltr'>ἀλλοίωσιν.</span> 
     </span>
    </p>
   </div>
   <div class='ocr_carea' id='block_1_9' title="bbox 187 820 1764 892">
    <p class='ocr_par' dir='ltr' id='par_1_9' title="bbox 187 820 1764 892">
     <span class='ocr_line' id='line_1_9' title="bbox 187 820 1764 892; baseline 0.002 -21"><span class='ocrx_word' id='word_1_46' title='bbox 187 820 523 891; x_wconf 87' lang='grc' dir='ltr'>Πλανωμένη</span> <span class='ocrx_word' id='word_1_47' title='bbox 543 820 598 873; x_wconf 87' lang='grc' dir='ltr'><strong>δέ</strong></span> <span class='ocrx_word' id='word_1_48' title='bbox 625 822 719 874; x_wconf 73' lang='grc' dir='ltr'><strong>καὶ</strong></span> <span class='ocrx_word' id='word_1_49' title='bbox 746 822 842 892; x_wconf 83' lang='grc' dir='ltr'>τῆς</span> <span class='ocrx_word' id='word_1_50' title='bbox 869 821 1078 885; x_wconf 79' lang='grc' dir='ltr'>εὐθείας</span> <span class='ocrx_word' id='word_1_51' title='bbox 1102 822 1221 875; x_wconf 81' lang='grc' dir='ltr'>ὁδοῦ</span> <span class='ocrx_word' id='word_1_52' title='bbox 1244 822 1342 892; x_wconf 83' lang='grc' dir='ltr'>τῆς</span> <span class='ocrx_word' id='word_1_53' title='bbox 1371 822 1463 874; x_wconf 76' lang='grc' dir='ltr'>ἐπὶ</span> <span class='ocrx_word' id='word_1_54' title='bbox 1486 822 1571 875; x_wconf 87' lang='grc' dir='ltr'>τὸν</span> <span class='ocrx_word' id='word_1_55' title='bbox 1598 822 1764 886; x_wconf 78' lang='grc' dir='ltr'>ὅντως</span> 
     </span>
    </p>
   </div>
   <div class='ocr_carea' id='block_1_10' title="bbox 186 910 1766 983">
    <p class='ocr_par' dir='ltr' id='par_1_10' title="bbox 186 910 1766 983">
     <span class='ocr_line' id='line_1_10' title="bbox 186 910 1766 983; baseline 0.003 -21"><span class='ocrx_word' id='word_1_56' title='bbox 186 910 314 963; x_wconf 67' lang='grc' dir='ltr'>ὅντα</span> <span class='ocrx_word' id='word_1_57' title='bbox 341 911 477 964; x_wconf 82' lang='grc' dir='ltr'><strong>Θεὸν</strong></span> <span class='ocrx_word' id='word_1_58' title='bbox 505 913 942 983; x_wconf 84' lang='grc' dir='ltr'>ἐκτετραμμένη,</span> <span class='ocrx_word' id='word_1_59' title='bbox 982 914 1072 965; x_wconf 48' lang='grc' dir='ltr'><strong>καί¹</strong></span> <span class='ocrx_word' id='word_1_60' title='bbox 1104 916 1224 977; x_wconf 88' lang='grc' dir='ltr'>ταῖς</span> <span class='ocrx_word' id='word_1_61' title='bbox 1249 912 1517 983; x_wconf 85' lang='grc' dir='ltr'>ὀλεθρίαις</span> <span class='ocrx_word' id='word_1_62' title='bbox 1546 914 1640 966; x_wconf 75' lang='grc' dir='ltr'><strong>καὶ</strong></span> <span class='ocrx_word' id='word_1_63' title='bbox 1668 930 1766 967; x_wconf 72' lang='grc' dir='ltr'>καο</span> 
     </span>
    </p>
   </div>
   <div class='ocr_carea' id='block_1_11' title="bbox 189 1004 1763 1077">
    <p class='ocr_par' dir='ltr' id='par_1_11' title="bbox 189 1004 1763 1077">
     <span class='ocr_line' id='line_1_11' title="bbox 189 1004 1763 1077; baseline 0.003 -23"><span class='ocrx_word' id='word_1_64' title='bbox 189 1004 500 1074; x_wconf 81' lang='grc' dir='ltr'>κεργέτισιν</span> <span class='ocrx_word' id='word_1_65' title='bbox 553 1004 960 1075; x_wconf 82' lang='grc' dir='ltr'>ύποταττομένη</span> <span class='ocrx_word' id='word_1_66' title='bbox 1007 1006 1305 1077; x_wconf 85' lang='grc' dir='ltr'>πληθύσιν,</span> <span class='ocrx_word' id='word_1_67' title='bbox 1360 1006 1648 1059; x_wconf 78' lang='grc' dir='ltr'>ἐλάνθανεν</span> <span class='ocrx_word' id='word_1_68' title='bbox 1702 1006 1763 1059; x_wconf 82' lang='grc' dir='ltr'><strong>ού</strong></span> 
     </span>
    </p>
   </div>
   <div class='ocr_carea' id='block_1_12' title="bbox 191 1091 1765 1166">
    <p class='ocr_par' dir='ltr' id='par_1_12' title="bbox 191 1091 1765 1166">
     <span class='ocr_line' id='line_1_12' title="bbox 191 1091 1765 1166; baseline 0.005 -24"><span class='ocrx_word' id='word_1_69' title='bbox 191 1091 346 1154; x_wconf 74' lang='grc' dir='ltr'>θεοὺς</span> <span class='ocrx_word' id='word_1_70' title='bbox 368 1091 492 1143; x_wconf 85' lang='grc' dir='ltr'>οὐδὲ</span> <span class='ocrx_word' id='word_1_71' title='bbox 516 1092 721 1158; x_wconf 87' lang='grc' dir='ltr'>φίλους,</span> <span class='ocrx_word' id='word_1_72' title='bbox 746 1092 881 1145; x_wconf 79' lang='grc' dir='ltr'>ἀλλὰ</span> <span class='ocrx_word' id='word_1_73' title='bbox 913 1094 1197 1164; x_wconf 82' lang='grc' dir='ltr'>δυσμενεῖς</span> <span class='ocrx_word' id='word_1_74' title='bbox 1225 1095 1596 1166; x_wconf 81' lang='grc' dir='ltr'>θεραπεύουσα</span> <span class='ocrx_word' id='word_1_75' title='bbox 1615 1113 1627 1126; x_wconf 84' lang='grc'><em>’</em></span> <span class='ocrx_word' id='word_1_76' title='bbox 1658 1097 1765 1151; x_wconf 88' lang='grc' dir='ltr'><strong>τῶν</strong></span> 
     </span>
    </p>
   </div>
   <div class='ocr_carea' id='block_1_13' title="bbox 188 1184 1765 1263">
    <p class='ocr_par' dir='ltr' id='par_1_13' title="bbox 188 1184 1765 1263">
     <span class='ocr_line' id='line_1_13' title="bbox 188 1184 1765 1263; baseline 0.003 -26"><span class='ocrx_word' id='word_1_77' title='bbox 188 1184 243 1237; x_wconf 71' lang='grc' dir='ltr'><strong>δὲ</strong></span> <span class='ocrx_word' id='word_1_78' title='bbox 272 1186 517 1255; x_wconf 74' lang='grc' dir='ltr'>ἀφειδῶς</span> <span class='ocrx_word' id='word_1_79' title='bbox 543 1187 679 1258; x_wconf 78' lang='grc' dir='ltr'>αὐτῇ</span> <span class='ocrx_word' id='word_1_80' title='bbox 704 1188 843 1241; x_wconf 80' lang='grc' dir='ltr'>κατὰ</span> <span class='ocrx_word' id='word_1_81' title='bbox 879 1188 940 1241; x_wconf 85' lang='grc' dir='ltr'><strong>τὸ</strong></span> <span class='ocrx_word' id='word_1_82' title='bbox 969 1191 1167 1242; x_wconf 75' lang='grc' dir='ltr'>οἰκεῖον</span> <span class='ocrx_word' id='word_1_83' title='bbox 1194 1190 1415 1261; x_wconf 84' lang='grc' dir='ltr'>ἁνηλεές</span> <span class='ocrx_word' id='word_1_84' title='bbox 1455 1190 1765 1263; x_wconf 84' lang='grc' dir='ltr'>ἀποκεχρη-</span> 
     </span>
    </p>
   </div>
   <div class='ocr_carea' id='block_1_14' title="bbox 194 1278 1767 1354">
    <p class='ocr_par' dir='ltr' id='par_1_14' title="bbox 194 1278 1767 1354">
     <span class='ocr_line' id='line_1_14' title="bbox 194 1278 1767 1354; baseline 0.004 -25"><span class='ocrx_word' id='word_1_85' title='bbox 194 1278 395 1348; x_wconf 88' lang='grc' dir='ltr'>μένων,</span> <span class='ocrx_word' id='word_1_86' title='bbox 439 1281 522 1342; x_wconf 88' lang='grc' dir='ltr'>εἰς</span> <span class='ocrx_word' id='word_1_87' title='bbox 564 1280 899 1353; x_wconf 82' lang='grc' dir='ltr'>ἀνυπαρξίας</span> <span class='ocrx_word' id='word_1_88' title='bbox 939 1281 1172 1354; x_wconf 80' lang='grc' dir='ltr'>οἰκτρῶς</span> <span class='ocrx_word' id='word_1_89' title='bbox 1203 1282 1559 1353; x_wconf 82' lang='grc' dir='ltr'>ἐμπεπτώκει</span> <span class='ocrx_word' id='word_1_90' title='bbox 1584 1282 1625 1313; x_wconf 70' lang='grc' dir='ltr'><strong>’δ¹</strong></span> <span class='ocrx_word' id='word_1_91' title='bbox 1674 1283 1767 1335; x_wconf 79' lang='grc' dir='ltr'><strong>καὶ</strong></span> 
     </span>
    </p>
   </div>
   <div class='ocr_carea' id='block_1_15' title="bbox 190 1368 1767 1446">
    <p class='ocr_par' dir='ltr' id='par_1_15' title="bbox 190 1368 1767 1446">
     <span class='ocr_line' id='line_1_15' title="bbox 190 1368 1767 1446; baseline 0.005 -25"><span class='ocrx_word' id='word_1_92' title='bbox 190 1368 472 1434; x_wconf 79' lang='grc' dir='ltr'>ἀπωλείας</span> <span class='ocrx_word' id='word_1_93' title='bbox 497 1372 757 1427; x_wconf 87' lang='grc' dir='ltr'>κίνδυνον.</span> <span class='ocrx_word' id='word_1_94' title='bbox 800 1374 862 1425; x_wconf 88' lang='grc' dir='ltr'><strong>Ἦ</strong></span> <span class='ocrx_word' id='word_1_95' title='bbox 891 1374 946 1427; x_wconf 87' lang='grc' dir='ltr'><strong>δὲ</strong></span> <span class='ocrx_word' id='word_1_96' title='bbox 983 1376 1082 1445; x_wconf 83' lang='grc' dir='ltr'><strong>τῆς</strong></span> <span class='ocrx_word' id='word_1_97' title='bbox 1120 1374 1413 1446; x_wconf 83' lang='grc' dir='ltr'>θεαρχικῆς</span> <span class='ocrx_word' id='word_1_98' title='bbox 1440 1376 1767 1446; x_wconf 82' lang='grc' dir='ltr'>ἀγαθότητος</span> 
     </span>
    </p>
   </div>
   <div class='ocr_carea' id='block_1_16' title="bbox 191 1459 1767 1538">
    <p class='ocr_par' dir='ltr' id='par_1_16' title="bbox 191 1459 1767 1538">
     <span class='ocr_line' id='line_1_16' title="bbox 191 1459 1767 1538; baseline 0.006 -28"><span class='ocrx_word' id='word_1_99' title='bbox 191 1459 532 1531; x_wconf 83' lang='grc' dir='ltr'>ἀπειροτάτη</span> <span class='ocrx_word' id='word_1_100' title='bbox 583 1463 956 1533; x_wconf 79' lang='grc' dir='ltr'>φιλανθρωπία</span> <span class='ocrx_word' id='word_1_101' title='bbox 1002 1466 1094 1519; x_wconf 75' lang='grc' dir='ltr'><strong>καὶ</strong></span> <span class='ocrx_word' id='word_1_102' title='bbox 1142 1466 1238 1537; x_wconf 81' lang='grc' dir='ltr'>τὴν</span> <span class='ocrx_word' id='word_1_103' title='bbox 1280 1467 1575 1538; x_wconf 80' lang='grc' dir='ltr'>αὐτουργὸν</span> <span class='ocrx_word' id='word_1_104' title='bbox 1614 1467 1767 1537; x_wconf 87' lang='grc' dir='ltr'>ἡμῶν</span> 
     </span>
    </p>
   </div>
   <div class='ocr_carea' id='block_1_17' title="bbox 191 1548 1766 1626">
    <p class='ocr_par' dir='ltr' id='par_1_17' title="bbox 191 1548 1766 1626">
     <span class='ocr_line' id='line_1_17' title="bbox 191 1548 1766 1626; baseline 0.006 -26"><span class='ocrx_word' id='word_1_105' title='bbox 191 1548 601 1621; x_wconf 83' lang='grc' dir='ltr'>ἀγαθοπρεπῶς</span> <span class='ocrx_word' id='word_1_106' title='bbox 622 1553 720 1605; x_wconf 78' lang='grc' dir='ltr'><strong>οὐκ</strong></span> <span class='ocrx_word' id='word_1_107' title='bbox 746 1555 1056 1625; x_wconf 83' lang='grc' dir='ltr'>ἀπηνήνατο</span> <span class='ocrx_word' id='word_1_108' title='bbox 1076 1556 1351 1626; x_wconf 86' lang='grc' dir='ltr'>πρόνοιαν,</span> <span class='ocrx_word' id='word_1_109' title='bbox 1382 1556 1517 1609; x_wconf 85' lang='grc' dir='ltr'>ἀλλὰ</span> <span class='ocrx_word' id='word_1_110' title='bbox 1543 1558 1598 1608; x_wconf 90' lang='grc' dir='ltr'><strong>ἐν</strong></span> <span class='ocrx_word' id='word_1_111' title='bbox 1634 1556 1766 1625; x_wconf 82' lang='grc' dir='ltr'>ἀλη-</span> 
     </span>
    </p>
   </div>
   <div class='ocr_carea' id='block_1_18' title="bbox 194 1640 1768 1717">
    <p class='ocr_par' dir='ltr' id='par_1_18' title="bbox 194 1640 1768 1717">
     <span class='ocr_line' id='line_1_18' title="bbox 194 1640 1768 1717; baseline 0.006 -25"><span class='ocrx_word' id='word_1_112' title='bbox 194 1640 275 1693; x_wconf 88' lang='grc' dir='ltr'><strong>θεῖ</strong></span> <span class='ocrx_word' id='word_1_113' title='bbox 322 1641 543 1710; x_wconf 80' lang='grc' dir='ltr'>μεθέξει</span> <span class='ocrx_word' id='word_1_114' title='bbox 585 1642 695 1695; x_wconf 87' lang='grc' dir='ltr'><strong>τῶν</strong></span> <span class='ocrx_word' id='word_1_115' title='bbox 736 1644 857 1697; x_wconf 87' lang='grc' dir='ltr'>καθ’</span> <span class='ocrx_word' id='word_1_116' title='bbox 900 1647 1046 1715; x_wconf 78' lang='grc' dir='ltr'>ἡμᾶς</span> <span class='ocrx_word' id='word_1_117' title='bbox 1081 1648 1342 1717; x_wconf 81' lang='grc' dir='ltr'>γενομένη</span> <span class='ocrx_word' id='word_1_118' title='bbox 1376 1649 1591 1701; x_wconf 89' lang='grc' dir='ltr'>πάντων</span> <span class='ocrx_word' id='word_1_119' title='bbox 1639 1649 1768 1701; x_wconf 76' lang='grc' dir='ltr'>ἀνα-ι</span> 
     </span>
    </p>
   </div>
   <div class='ocr_carea' id='block_1_19' title="bbox 197 1735 1767 1809">
    <p class='ocr_par' dir='ltr' id='par_1_19' title="bbox 197 1735 1767 1809">
     <span class='ocr_line' id='line_1_19' title="bbox 197 1735 1767 1809; baseline 0.004 -24"><span class='ocrx_word' id='word_1_120' title='bbox 197 1735 517 1805; x_wconf 84' lang='grc' dir='ltr'>μαρτήτως,</span> <span class='ocrx_word' id='word_1_121' title='bbox 549 1736 642 1789; x_wconf 76' lang='grc' dir='ltr'><strong>καὶ</strong></span> <span class='ocrx_word' id='word_1_122' title='bbox 672 1736 805 1807; x_wconf 81' lang='grc' dir='ltr'>πρὸς</span> <span class='ocrx_word' id='word_1_123' title='bbox 831 1737 891 1789; x_wconf 87' lang='grc' dir='ltr'><strong>τὸ</strong></span> <span class='ocrx_word' id='word_1_124' title='bbox 915 1739 1168 1791; x_wconf 85' lang='grc' dir='ltr'>ταπεινὸν</span> <span class='ocrx_word' id='word_1_125' title='bbox 1189 1740 1343 1809; x_wconf 79' lang='grc' dir='ltr'>ἡμῶν</span> <span class='ocrx_word' id='word_1_126' title='bbox 1376 1739 1767 1809; x_wconf 87' lang='grc' dir='ltr'>ἐνοποιηθεῖσα,</span> 
     </span>
    </p>
   </div>
   <div class='ocr_carea' id='block_1_20' title="bbox 1862 543 3422 616">
    <p class='ocr_par' dir='ltr' id='par_1_20' title="bbox 1862 543 3422 616">
     <span class='ocr_line' id='line_1_20' title="bbox 1862 543 3422 616; baseline -0.003 -17"><span class='ocrx_word' id='word_1_127' title='bbox 1862 547 2198 616; x_wconf 90' lang='lat' dir='ltr'><strong>properavit,</strong></span> <span class='ocrx_word' id='word_1_128' title='bbox 2230 560 2329 601; x_wconf 88' lang='lat' dir='ltr'><strong>nec</strong></span> <span class='ocrx_word' id='word_1_129' title='bbox 2360 559 2465 599; x_wconf 95' lang='lat' dir='ltr'><strong>non</strong></span> <span class='ocrx_word' id='word_1_130' title='bbox 2502 560 2532 598; x_wconf 91' lang='lat' dir='ltr'><strong>a</strong></span> <span class='ocrx_word' id='word_1_131' title='bbox 2574 545 2685 599; x_wconf 80' lang='lat' dir='ltr'><strong>vita</strong></span> <span class='ocrx_word' id='word_1_132' title='bbox 2734 543 2940 608; x_wconf 87' lang='lat' dir='ltr'><strong>divina,</strong></span> <span class='ocrx_word' id='word_1_133' title='bbox 2994 557 3113 612; x_wconf 66' lang='lat' dir='ltr'><strong>quae</strong></span> <span class='ocrx_word' id='word_1_134' title='bbox 3145 544 3319 613; x_wconf 90' lang='lat' dir='ltr'><strong>ipsum</strong></span> <span class='ocrx_word' id='word_1_135' title='bbox 3353 546 3422 596; x_wconf 86' lang='lat' dir='ltr'><strong>ad</strong></span> 
     </span>
    </p>
   </div>
   <div class='ocr_carea' id='block_1_21' title="bbox 1861 635 3421 706">
    <p class='ocr_par' dir='ltr' id='par_1_21' title="bbox 1861 635 3421 706">
     <span class='ocr_line' id='line_1_21' title="bbox 1861 635 3421 706; baseline -0.002 -15"><span class='ocrx_word' id='word_1_136' title='bbox 1861 651 2056 706; x_wconf 89' lang='lat' dir='ltr'><strong>supera</strong></span> <span class='ocrx_word' id='word_1_137' title='bbox 2106 637 2439 705; x_wconf 85' lang='lat' dir='ltr'><strong>subrigebat,</strong></span> <span class='ocrx_word' id='word_1_138' title='bbox 2492 636 2755 706; x_wconf 80' lang='lat' dir='ltr'><strong>dilapsus,</strong></span> <span class='ocrx_word' id='word_1_139' title='bbox 2804 645 2860 690; x_wconf 88' lang='lat' dir='ltr'><strong>et</strong></span> <span class='ocrx_word' id='word_1_140' title='bbox 2894 635 2961 690; x_wconf 92' lang='lat' dir='ltr'><strong>ad</strong></span> <span class='ocrx_word' id='word_1_141' title='bbox 2999 644 3241 690; x_wconf 82' lang='lat' dir='ltr'><strong>extrema</strong></span> <span class='ocrx_word' id='word_1_142' title='bbox 3289 651 3421 690; x_wconf 89' lang='lat' dir='ltr'><strong>con-</strong></span> 
     </span>
    </p>
   </div>
   <div class='ocr_carea' id='block_1_22' title="bbox 1864 729 3422 800">
    <p class='ocr_par' dir='ltr' id='par_1_22' title="bbox 1864 729 3422 800">
     <span class='ocr_line' id='line_1_22' title="bbox 1864 729 3422 800; baseline -0.002 -14"><span class='ocrx_word' id='word_1_143' title='bbox 1864 731 2031 786; x_wconf 92' lang='lat' dir='ltr'><strong>traria</strong></span> <span class='ocrx_word' id='word_1_144' title='bbox 2073 729 2185 799; x_wconf 86' lang='lat' dir='ltr'><strong>jam</strong></span> <span class='ocrx_word' id='word_1_145' title='bbox 2219 745 2455 799; x_wconf 68' lang='lat' dir='ltr'><strong>praeceps</strong></span> <span class='ocrx_word' id='word_1_146' title='bbox 2491 733 2671 794; x_wconf 88' lang='lat' dir='ltr'><strong>datus,</strong></span> <span class='ocrx_word' id='word_1_147' title='bbox 2715 730 2881 785; x_wconf 90' lang='lat' dir='ltr'><strong>variis</strong></span> <span class='ocrx_word' id='word_1_148' title='bbox 2925 729 3422 800; x_wconf 85' lang='lat' dir='ltr'><strong>perturbationibus</strong></span> 
     </span>
    </p>
   </div>
   <div class='ocr_carea' id='block_1_23' title="bbox 1860 819 3422 877">
    <p class='ocr_par' dir='ltr' id='par_1_23' title="bbox 1860 819 3422 877">
     <span class='ocr_line' id='line_1_23' title="bbox 1860 819 3422 877; baseline -0.001 0"><span class='ocrx_word' id='word_1_149' title='bbox 1860 822 2147 877; x_wconf 86' lang='lat' dir='ltr'><strong>obnoxiam</strong></span> <span class='ocrx_word' id='word_1_150' title='bbox 2205 832 2399 877; x_wconf 89' lang='lat' dir='ltr'><strong>nactus</strong></span> <span class='ocrx_word' id='word_1_151' title='bbox 2451 830 2533 875; x_wconf 91' lang='lat' dir='ltr'><strong>est</strong></span> <span class='ocrx_word' id='word_1_152' title='bbox 2580 822 3038 875; x_wconf 84' lang='lat' dir='ltr'><strong>immutationem.</strong></span> <span class='ocrx_word' id='word_1_153' title='bbox 3101 819 3234 875; x_wconf 88' lang='lat' dir='ltr'><strong>Cum</strong></span> <span class='ocrx_word' id='word_1_154' title='bbox 3292 835 3422 875; x_wconf 91' lang='lat' dir='ltr'><strong>vero</strong></span> 
     </span>
    </p>
   </div>
   <div class='ocr_carea' id='block_1_24' title="bbox 1862 911 3421 967">
    <p class='ocr_par' dir='ltr' id='par_1_24' title="bbox 1862 911 3421 967">
     <span class='ocr_line' id='line_1_24' title="bbox 1862 911 3421 967; baseline 0.001 -3"><span class='ocrx_word' id='word_1_155' title='bbox 1862 911 2027 966; x_wconf 85' lang='lat' dir='ltr'><strong>etiam</strong></span> <span class='ocrx_word' id='word_1_156' title='bbox 2059 928 2087 966; x_wconf 91' lang='lat' dir='ltr'><strong>a</strong></span> <span class='ocrx_word' id='word_1_157' title='bbox 2115 921 2263 967; x_wconf 92' lang='lat' dir='ltr'><strong>recto</strong></span> <span class='ocrx_word' id='word_1_158' title='bbox 2287 912 2506 966; x_wconf 88' lang='lat' dir='ltr'><strong>tramite</strong></span> <span class='ocrx_word' id='word_1_159' title='bbox 2532 911 2601 966; x_wconf 91' lang='lat' dir='ltr'><strong>ad</strong></span> <span class='ocrx_word' id='word_1_160' title='bbox 2630 911 2797 966; x_wconf 90' lang='lat' dir='ltr'><strong>Deum</strong></span> <span class='ocrx_word' id='word_1_161' title='bbox 2830 926 3015 966; x_wconf 91' lang='lat' dir='ltr'><strong>verum</strong></span> <span class='ocrx_word' id='word_1_162' title='bbox 3047 913 3303 966; x_wconf 88' lang='lat' dir='ltr'><strong>tendente</strong></span> <span class='ocrx_word' id='word_1_163' title='bbox 3328 912 3421 966; x_wconf 87' lang='lat' dir='ltr'><strong>de-</strong></span> 
     </span>
    </p>
   </div>
   <div class='ocr_carea' id='block_1_25' title="bbox 1863 1003 3426 1075">
    <p class='ocr_par' dir='ltr' id='par_1_25' title="bbox 1863 1003 3426 1075">
     <span class='ocr_line' id='line_1_25' title="bbox 1863 1003 3426 1075; baseline 0.001 -18"><span class='ocrx_word' id='word_1_164' title='bbox 1863 1003 2131 1071; x_wconf 85' lang='lat' dir='ltr'><strong>ﬂecteret,</strong></span> <span class='ocrx_word' id='word_1_165' title='bbox 2178 1015 2339 1075; x_wconf 86' lang='lat' dir='ltr'><strong>atque</strong></span> <span class='ocrx_word' id='word_1_166' title='bbox 2370 1005 2617 1060; x_wconf 77' lang='lat' dir='ltr'><strong>exitiosis</strong></span> <span class='ocrx_word' id='word_1_167' title='bbox 2658 1005 3029 1073; x_wconf 84' lang='lat' dir='ltr'><strong>maleficisque</strong></span> <span class='ocrx_word' id='word_1_168' title='bbox 3066 1004 3258 1058; x_wconf 89' lang='lat' dir='ltr'><strong>turmis</strong></span> <span class='ocrx_word' id='word_1_169' title='bbox 3299 1004 3426 1058; x_wconf 90' lang='lat' dir='ltr'><strong>sub-</strong></span> 
     </span>
    </p>
   </div>
   <div class='ocr_carea' id='block_1_26' title="bbox 1865 1095 3427 1161">
    <p class='ocr_par' dir='ltr' id='par_1_26' title="bbox 1865 1095 3427 1161">
     <span class='ocr_line' id='line_1_26' title="bbox 1865 1095 3427 1161; baseline -0.003 -10"><span class='ocrx_word' id='word_1_170' title='bbox 1865 1097 2008 1151; x_wconf 87' lang='lat' dir='ltr'><strong>ditus</strong></span> <span class='ocrx_word' id='word_1_171' title='bbox 2054 1106 2368 1161; x_wconf 90' lang='lat' dir='ltr'><strong>teneretur,</strong></span> <span class='ocrx_word' id='word_1_172' title='bbox 2431 1098 2652 1151; x_wconf 90' lang='lat' dir='ltr'><strong>minime</strong></span> <span class='ocrx_word' id='word_1_173' title='bbox 2697 1096 2932 1151; x_wconf 85' lang='lat' dir='ltr'><strong>advertit</strong></span> <span class='ocrx_word' id='word_1_174' title='bbox 2968 1111 3030 1148; x_wconf 88' lang='lat' dir='ltr'><strong>se</strong></span> <span class='ocrx_word' id='word_1_175' title='bbox 3080 1110 3184 1149; x_wconf 89' lang='lat' dir='ltr'><strong>non</strong></span> <span class='ocrx_word' id='word_1_176' title='bbox 3222 1095 3324 1149; x_wconf 92' lang='lat' dir='ltr'><strong>diis</strong></span> <span class='ocrx_word' id='word_1_177' title='bbox 3371 1103 3427 1149; x_wconf 89' lang='lat' dir='ltr'><strong>et</strong></span> 
     </span>
    </p>
   </div>
   <div class='ocr_carea' id='block_1_27' title="bbox 1865 1188 3421 1255">
    <p class='ocr_par' dir='ltr' id='par_1_27' title="bbox 1865 1188 3421 1255">
     <span class='ocr_line' id='line_1_27' title="bbox 1865 1188 3421 1255; baseline 0 -12"><span class='ocrx_word' id='word_1_178' title='bbox 1865 1190 2090 1255; x_wconf 81' lang='lat' dir='ltr'><strong>amicis,</strong></span> <span class='ocrx_word' id='word_1_179' title='bbox 2144 1191 2237 1245; x_wconf 88' lang='lat' dir='ltr'><strong>sed</strong></span> <span class='ocrx_word' id='word_1_180' title='bbox 2291 1190 2503 1246; x_wconf 84' lang='lat' dir='ltr'><strong>infestis</strong></span> <span class='ocrx_word' id='word_1_181' title='bbox 2552 1189 2802 1245; x_wconf 88' lang='lat' dir='ltr'><strong>hostibus</strong></span> <span class='ocrx_word' id='word_1_182' title='bbox 2855 1188 3024 1243; x_wconf 87' lang='lat' dir='ltr'><strong>fuisse</strong></span> <span class='ocrx_word' id='word_1_183' title='bbox 3074 1189 3421 1248; x_wconf 84' lang='lat' dir='ltr'><strong>obsecutum;</strong></span> 
     </span>
    </p>
   </div>
   <div class='ocr_carea' id='block_1_28' title="bbox 1866 1279 3429 1351">
    <p class='ocr_par' dir='ltr' id='par_1_28' title="bbox 1866 1279 3429 1351">
     <span class='ocr_line' id='line_1_28' title="bbox 1866 1279 3429 1351; baseline -0.001 -18"><span class='ocrx_word' id='word_1_184' title='bbox 1866 1282 2057 1351; x_wconf 87' lang='lat' dir='ltr'><strong>quibus</strong></span> <span class='ocrx_word' id='word_1_185' title='bbox 2094 1296 2161 1335; x_wconf 90' lang='lat' dir='ltr'><strong>eo</strong></span> <span class='ocrx_word' id='word_1_186' title='bbox 2194 1281 2487 1335; x_wconf 81' lang='lat' dir='ltr'><strong>crudeliter</strong></span> <span class='ocrx_word' id='word_1_187' title='bbox 2518 1296 2614 1349; x_wconf 91' lang='lat' dir='ltr'><strong>pro</strong></span> <span class='ocrx_word' id='word_1_188' title='bbox 2653 1280 2987 1333; x_wconf 83' lang='lat' dir='ltr'><strong>immanitate</strong></span> <span class='ocrx_word' id='word_1_189' title='bbox 3020 1295 3116 1333; x_wconf 81' lang='lat' dir='ltr'><strong>sua</strong></span> <span class='ocrx_word' id='word_1_190' title='bbox 3150 1279 3429 1334; x_wconf 69' lang='lat' dir='ltr'><strong>abutenti-</strong></span> 
     </span>
    </p>
   </div>
   <div class='ocr_carea' id='block_1_29' title="bbox 1867 1370 3424 1440">
    <p class='ocr_par' dir='ltr' id='par_1_29' title="bbox 1867 1370 3424 1440">
     <span class='ocr_line' id='line_1_29' title="bbox 1867 1370 3424 1440; baseline -0.003 -13"><span class='ocrx_word' id='word_1_191' title='bbox 1867 1373 1987 1436; x_wconf 86' lang='lat' dir='ltr'><strong>bus,</strong></span> <span class='ocrx_word' id='word_1_192' title='bbox 2022 1373 2074 1426; x_wconf 87' lang='lat' dir='ltr'><strong>itt</strong></span> <span class='ocrx_word' id='word_1_193' title='bbox 2120 1381 2293 1427; x_wconf 87' lang='lat' dir='ltr'><strong>status</strong></span> <span class='ocrx_word' id='word_1_194' title='bbox 2330 1372 2827 1440; x_wconf 86' lang='lat' dir='ltr'><strong>interuecionisque</strong></span> <span class='ocrx_word' id='word_1_195' title='bbox 2859 1370 3150 1425; x_wconf 85' lang='lat' dir='ltr'><strong>discrimen</strong></span> <span class='ocrx_word' id='word_1_196' title='bbox 3184 1380 3424 1425; x_wconf 82' lang='lat' dir='ltr'><strong>venerat.</strong></span> 
     </span>
    </p>
   </div>
   <div class='ocr_carea' id='block_1_30' title="bbox 1867 1463 3430 1535">
    <p class='ocr_par' dir='ltr' id='par_1_30' title="bbox 1867 1463 3430 1535">
     <span class='ocr_line' id='line_1_30' title="bbox 1867 1463 3430 1535; baseline -0.002 -16"><span class='ocrx_word' id='word_1_197' title='bbox 1867 1465 2066 1520; x_wconf 78' lang='lat' dir='ltr'><strong>Verum</strong></span> <span class='ocrx_word' id='word_1_198' title='bbox 2097 1464 2192 1518; x_wconf 86' lang='lat' dir='ltr'><strong>Dei</strong></span> <span class='ocrx_word' id='word_1_199' title='bbox 2229 1464 2549 1535; x_wconf 87' lang='lat' dir='ltr'><strong>principalis</strong></span> <span class='ocrx_word' id='word_1_200' title='bbox 2588 1464 2853 1519; x_wconf 89' lang='lat' dir='ltr'><strong>bonitatis</strong></span> <span class='ocrx_word' id='word_1_201' title='bbox 2883 1464 3093 1518; x_wconf 87' lang='lat' dir='ltr'><strong>infinita</strong></span> <span class='ocrx_word' id='word_1_202' title='bbox 3124 1463 3430 1532; x_wconf 83' lang='lat' dir='ltr'><strong>benignitas</strong></span> 
     </span>
    </p>
   </div>
   <div class='ocr_carea' id='block_1_31' title="bbox 1868 1555 3426 1626">
    <p class='ocr_par' dir='ltr' id='par_1_31' title="bbox 1868 1555 3426 1626">
     <span class='ocr_line' id='line_1_31' title="bbox 1868 1555 3426 1626; baseline -0.003 -17"><span class='ocrx_word' id='word_1_203' title='bbox 1868 1555 2123 1610; x_wconf 83' lang='lat' dir='ltr'><strong>benevole</strong></span> <span class='ocrx_word' id='word_1_204' title='bbox 2155 1571 2251 1625; x_wconf 90' lang='lat' dir='ltr'><strong>per</strong></span> <span class='ocrx_word' id='word_1_205' title='bbox 2291 1571 2352 1611; x_wconf 92' lang='lat' dir='ltr'><strong>se</strong></span> <span class='ocrx_word' id='word_1_206' title='bbox 2384 1557 2555 1611; x_wconf 78' lang='lat' dir='ltr'><strong>nostri</strong></span> <span class='ocrx_word' id='word_1_207' title='bbox 2584 1572 2774 1611; x_wconf 91' lang='lat' dir='ltr'><strong>curam</strong></span> <span class='ocrx_word' id='word_1_208' title='bbox 2805 1571 2999 1626; x_wconf 78' lang='lat' dir='ltr'><strong>gerere</strong></span> <span class='ocrx_word' id='word_1_209' title='bbox 3040 1571 3149 1609; x_wconf 92' lang='lat' dir='ltr'><strong>non</strong></span> <span class='ocrx_word' id='word_1_210' title='bbox 3198 1555 3426 1614; x_wconf 83' lang='lat' dir='ltr'><strong>destitit.</strong></span> 
     </span>
    </p>
   </div>
   <div class='ocr_carea' id='block_1_32' title="bbox 1870 1647 3433 1718">
    <p class='ocr_par' dir='ltr' id='par_1_32' title="bbox 1870 1647 3433 1718">
     <span class='ocr_line' id='line_1_32' title="bbox 1870 1647 3433 1718; baseline -0.001 -16"><span class='ocrx_word' id='word_1_211' title='bbox 1870 1649 1964 1702; x_wconf 90' lang='lat' dir='ltr'><strong>sed</strong></span> <span class='ocrx_word' id='word_1_212' title='bbox 2004 1657 2309 1703; x_wconf 90' lang='lat' dir='ltr'><strong>nostrorum</strong></span> <span class='ocrx_word' id='word_1_213' title='bbox 2344 1649 2583 1703; x_wconf 92' lang='lat' dir='ltr'><strong>omnium</strong></span> <span class='ocrx_word' id='word_1_214' title='bbox 2616 1664 2743 1703; x_wconf 92' lang='lat' dir='ltr'><strong>vere</strong></span> <span class='ocrx_word' id='word_1_215' title='bbox 2789 1649 2929 1703; x_wconf 84' lang='lat' dir='ltr'><strong>facta</strong></span> <span class='ocrx_word' id='word_1_216' title='bbox 2967 1649 3261 1718; x_wconf 90' lang='lat' dir='ltr'><strong>particeps,</strong></span> <span class='ocrx_word' id='word_1_217' title='bbox 3294 1647 3433 1700; x_wconf 82' lang='lat' dir='ltr'><strong>abs-</strong></span> 
     </span>
    </p>
   </div>
   <div class='ocr_carea' id='block_1_33' title="bbox 1870 1737 3429 1808">
    <p class='ocr_par' dir='ltr' id='par_1_33' title="bbox 1870 1737 3429 1808">
     <span class='ocr_line' id='line_1_33' title="bbox 1870 1737 3429 1808; baseline 0.001 -18"><span class='ocrx_word' id='word_1_218' title='bbox 1870 1754 1973 1807; x_wconf 89' lang='lat' dir='ltr'><strong>que</strong></span> <span class='ocrx_word' id='word_1_219' title='bbox 2014 1749 2234 1808; x_wconf 90' lang='lat' dir='ltr'><strong>peccato</strong></span> <span class='ocrx_word' id='word_1_220' title='bbox 2275 1738 2320 1802; x_wconf 75' lang='grc' dir='ltr'><strong>ί,</strong></span> <span class='ocrx_word' id='word_1_221' title='bbox 2369 1740 2769 1808; x_wconf 91' lang='lat' dir='ltr'><strong>humilitatique</strong></span> <span class='ocrx_word' id='word_1_222' title='bbox 2823 1747 3025 1793; x_wconf 65' lang='lat' dir='ltr'><strong>nostrae</strong></span> <span class='ocrx_word' id='word_1_223' title='bbox 3061 1738 3235 1803; x_wconf 82' lang='lat' dir='ltr'><strong>unita,</strong></span> <span class='ocrx_word' id='word_1_224' title='bbox 3271 1737 3429 1808; x_wconf 82' lang='lat'><strong>196</strong></span> 
     </span>
    </p>
   </div>
   <div class='ocr_carea' id='block_1_34' title="bbox 198 1824 1776 1902">
    <p class='ocr_par' dir='ltr' id='par_1_34' title="bbox 198 1825 1771 1902">
     <span class='ocr_line' id='line_1_34' title="bbox 198 1825 1771 1902; baseline 0.005 -25"><span class='ocrx_word' id='word_1_225' title='bbox 198 1825 335 1895; x_wconf 76' lang='grc' dir='ltr'>μετὰ</span> <span class='ocrx_word' id='word_1_226' title='bbox 372 1826 475 1895; x_wconf 86' lang='grc' dir='ltr'>τῆς</span> <span class='ocrx_word' id='word_1_227' title='bbox 496 1826 605 1880; x_wconf 83' lang='grc' dir='ltr'><strong>τῶν</strong></span> <span class='ocrx_word' id='word_1_228' title='bbox 645 1827 857 1880; x_wconf 85' lang='grc' dir='ltr'>οἰκείων</span> <span class='ocrx_word' id='word_1_229' title='bbox 886 1829 1188 1899; x_wconf 81' lang='grc' dir='ltr'>ἀσυγχύτου</span> <span class='ocrx_word' id='word_1_230' title='bbox 1217 1831 1310 1883; x_wconf 74' lang='grc' dir='ltr'>καὶ</span> <span class='ocrx_word' id='word_1_231' title='bbox 1336 1830 1610 1902; x_wconf 79' lang='grc' dir='ltr'>άλωϐήτου</span> <span class='ocrx_word' id='word_1_232' title='bbox 1637 1850 1771 1886; x_wconf 88' lang='grc' dir='ltr'>παν-</span> 
     </span>
    </p>
   </div>
   <div class='ocr_carea' id='block_1_35' title="bbox 1880 1824 3431 1902">
    <p class='ocr_par' dir='ltr' id='par_1_35' title="bbox 1880 1830 3431 1899">
     <span class='ocr_line' id='line_1_35' title="bbox 1880 1830 3431 1899; baseline -0.001 -18"><span class='ocrx_word' id='word_1_233' title='bbox 1880 1830 2021 1883; x_wconf 75' lang='lat' dir='ltr'><strong>salvo</strong></span> <span class='ocrx_word' id='word_1_234' title='bbox 2065 1830 2457 1899; x_wconf 88' lang='lat' dir='ltr'><strong>proprietatum</strong></span> <span class='ocrx_word' id='word_1_235' title='bbox 2507 1845 2728 1883; x_wconf 89' lang='lat' dir='ltr'><strong>suarum</strong></span> <span class='ocrx_word' id='word_1_236' title='bbox 2783 1838 2953 1894; x_wconf 88' lang='lat' dir='ltr'><strong>statu,</strong></span> <span class='ocrx_word' id='word_1_237' title='bbox 2997 1844 3168 1897; x_wconf 91' lang='lat' dir='ltr'><strong>eoque</strong></span> <span class='ocrx_word' id='word_1_238' title='bbox 3212 1844 3431 1897; x_wconf 85' lang='lat' dir='ltr'><strong>prorsus</strong></span> 
     </span>
    </p>
   </div>
   <div class='ocr_carea' id='block_1_36' title="bbox 193 1915 1770 1991">
    <p class='ocr_par' dir='ltr' id='par_1_36' title="bbox 193 1915 1770 1991">
     <span class='ocr_line' id='line_1_36' title="bbox 193 1915 1770 1991; baseline 0.005 -24"><span class='ocrx_word' id='word_1_239' title='bbox 193 1915 364 1978; x_wconf 87' lang='grc' dir='ltr'>τελῶς</span> <span class='ocrx_word' id='word_1_240' title='bbox 417 1916 603 1981; x_wconf 74' lang='grc' dir='ltr'>ἕξεως,</span> <span class='ocrx_word' id='word_1_241' title='bbox 651 1917 748 1987; x_wconf 79' lang='grc' dir='ltr'><strong>τὴν</strong></span> <span class='ocrx_word' id='word_1_242' title='bbox 794 1919 929 1989; x_wconf 86' lang='grc' dir='ltr'>πρὸς</span> <span class='ocrx_word' id='word_1_243' title='bbox 980 1919 1149 1991; x_wconf 79' lang='grc' dir='ltr'>αὐτὴν</span> <span class='ocrx_word' id='word_1_244' title='bbox 1195 1922 1326 1991; x_wconf 85' lang='grc' dir='ltr'>ἡμῖν</span> <span class='ocrx_word' id='word_1_245' title='bbox 1370 1924 1653 1976; x_wconf 79' lang='grc' dir='ltr'>κοινωνίαν</span> <span class='ocrx_word' id='word_1_246' title='bbox 1697 1923 1770 1986; x_wconf 78' lang='grc' dir='ltr'><strong>ὡς</strong></span> 
     </span>
    </p>
   </div>
   <div class='ocr_carea' id='block_1_37' title="bbox 193 2007 1770 2080">
    <p class='ocr_par' dir='ltr' id='par_1_37' title="bbox 193 2007 1770 2080">
     <span class='ocr_line' id='line_1_37' title="bbox 193 2007 1770 2080; baseline 0.007 -23"><span class='ocrx_word' id='word_1_247' title='bbox 193 2007 484 2075; x_wconf 81' lang='grc' dir='ltr'>ὁμογενέσι</span> <span class='ocrx_word' id='word_1_248' title='bbox 524 2007 709 2059; x_wconf 86' lang='grc' dir='ltr'>λοιπὸν</span> <span class='ocrx_word' id='word_1_249' title='bbox 738 2008 1069 2080; x_wconf 81' lang='grc' dir='ltr'>ἐδωρήσατο,</span> <span class='ocrx_word' id='word_1_250' title='bbox 1114 2013 1207 2063; x_wconf 79' lang='grc' dir='ltr'><strong>καὶ</strong></span> <span class='ocrx_word' id='word_1_251' title='bbox 1250 2012 1359 2065; x_wconf 89' lang='grc' dir='ltr'><strong>τῶν</strong></span> <span class='ocrx_word' id='word_1_252' title='bbox 1401 2015 1615 2067; x_wconf 82' lang='grc' dir='ltr'>οἰκείων</span> <span class='ocrx_word' id='word_1_253' title='bbox 1647 2015 1770 2067; x_wconf 85' lang='grc' dir='ltr'>ἀνέ-</span> 
     </span>
    </p>
   </div>
   <div class='ocr_carea' id='block_1_38' title="bbox 195 2096 1769 2175">
    <p class='ocr_par' dir='ltr' id='par_1_38' title="bbox 195 2096 1769 2175">
     <span class='ocr_line' id='line_1_38' title="bbox 195 2096 1769 2175; baseline 0.006 -27"><span class='ocrx_word' id='word_1_254' title='bbox 195 2096 336 2160; x_wconf 78' lang='grc' dir='ltr'>δειξε</span> <span class='ocrx_word' id='word_1_255' title='bbox 358 2098 623 2167; x_wconf 83' lang='grc' dir='ltr'>μετόχους</span> <span class='ocrx_word' id='word_1_256' title='bbox 640 2098 819 2151; x_wconf 87' lang='grc' dir='ltr'>καλῶν</span> <span class='ocrx_word' id='word_1_257' title='bbox 839 2117 850 2127; x_wconf 95' lang='grc'>·</span> <span class='ocrx_word' id='word_1_258' title='bbox 873 2100 973 2169; x_wconf 80' lang='grc' dir='ltr'>τῆς</span> <span class='ocrx_word' id='word_1_259' title='bbox 1005 2101 1100 2171; x_wconf 85' lang='grc' dir='ltr'><strong>μὲν</strong></span> <span class='ocrx_word' id='word_1_260' title='bbox 1119 2102 1491 2173; x_wconf 82' lang='grc' dir='ltr'>ἀποστατικῆς</span> <span class='ocrx_word' id='word_1_261' title='bbox 1516 2105 1769 2175; x_wconf 82' lang='grc' dir='ltr'>πληθύος,</span> 
     </span>
    </p>
   </div>
   <div class='ocr_carea' id='block_1_39' title="bbox 194 2188 1771 2265">
    <p class='ocr_par' dir='ltr' id='par_1_39' title="bbox 194 2188 1771 2265">
     <span class='ocr_line' id='line_1_39' title="bbox 194 2188 1771 2265; baseline 0.006 -26"><span class='ocrx_word' id='word_1_262' title='bbox 194 2188 268 2250; x_wconf 84' lang='grc' dir='ltr'>ὡς</span> <span class='ocrx_word' id='word_1_263' title='bbox 295 2191 329 2259; x_wconf 75' lang='grc' dir='ltr'>ἡ</span> <span class='ocrx_word' id='word_1_264' title='bbox 361 2189 574 2258; x_wconf 79' lang='grc' dir='ltr'>κρυφία</span> <span class='ocrx_word' id='word_1_265' title='bbox 607 2192 904 2262; x_wconf 79' lang='grc' dir='ltr'>παράδοσις</span> <span class='ocrx_word' id='word_1_266' title='bbox 948 2192 1081 2262; x_wconf 81' lang='grc' dir='ltr'>ἔχει,</span> <span class='ocrx_word' id='word_1_267' title='bbox 1116 2193 1176 2246; x_wconf 86' lang='grc' dir='ltr'>τὸ</span> <span class='ocrx_word' id='word_1_268' title='bbox 1207 2194 1327 2246; x_wconf 85' lang='grc' dir='ltr'>καθ’</span> <span class='ocrx_word' id='word_1_269' title='bbox 1358 2194 1512 2265; x_wconf 82' lang='grc' dir='ltr'>ήμῶν</span> <span class='ocrx_word' id='word_1_270' title='bbox 1540 2196 1771 2249; x_wconf 87' lang='grc' dir='ltr'>καταλύ-</span> 
     </span>
    </p>
   </div>
   <div class='ocr_carea' id='block_1_40' title="bbox 199 2281 1771 2357">
    <p class='ocr_par' dir='ltr' id='par_1_40' title="bbox 199 2281 1771 2357">
     <span class='ocr_line' id='line_1_40' title="bbox 199 2281 1771 2357; baseline 0.005 -25"><span class='ocrx_word' id='word_1_271' title='bbox 199 2296 336 2332; x_wconf 83' lang='grc' dir='ltr'>σασα</span> <span class='ocrx_word' id='word_1_272' title='bbox 388 2283 592 2351; x_wconf 81' lang='grc' dir='ltr'>κράτος</span> <span class='ocrx_word' id='word_1_273' title='bbox 641 2281 701 2334; x_wconf 82' lang='grc' dir='ltr'><strong>οὐ</strong></span> <span class='ocrx_word' id='word_1_274' title='bbox 747 2281 888 2335; x_wconf 80' lang='grc' dir='ltr'>κατὰ</span> <span class='ocrx_word' id='word_1_275' title='bbox 936 2282 1177 2353; x_wconf 74' lang='grc' dir='ltr'>δύναμιν,</span> <span class='ocrx_word' id='word_1_276' title='bbox 1225 2284 1299 2347; x_wconf 84' lang='grc' dir='ltr'>ὡς</span> <span class='ocrx_word' id='word_1_277' title='bbox 1353 2286 1771 2357; x_wconf 81' lang='grc' dir='ltr'>ὑπερισχύουσα,</span> 
     </span>
    </p>
   </div>
   <div class='ocr_carea' id='block_1_41' title="bbox 198 2372 1775 2451">
    <p class='ocr_par' dir='ltr' id='par_1_41' title="bbox 198 2372 1775 2451">
     <span class='ocr_line' id='line_1_41' title="bbox 198 2372 1775 2451; baseline 0.004 -26"><span class='ocrx_word' id='word_1_278' title='bbox 198 2373 339 2425; x_wconf 76' lang='grc' dir='ltr'>κατὰ</span> <span class='ocrx_word' id='word_1_279' title='bbox 371 2373 431 2426; x_wconf 80' lang='grc' dir='ltr'><strong>δὲ</strong></span> <span class='ocrx_word' id='word_1_280' title='bbox 456 2372 519 2425; x_wconf 83' lang='grc' dir='ltr'>τὸ</span> <span class='ocrx_word' id='word_1_281' title='bbox 548 2374 824 2444; x_wconf 81' lang='grc' dir='ltr'>μυστικῶς</span> <span class='ocrx_word' id='word_1_282' title='bbox 859 2376 986 2445; x_wconf 77' lang='grc' dir='ltr'>ἡμῖν</span> <span class='ocrx_word' id='word_1_283' title='bbox 1024 2375 1325 2446; x_wconf 80' lang='grc' dir='ltr'>παραδοθὲν</span> <span class='ocrx_word' id='word_1_284' title='bbox 1353 2377 1548 2445; x_wconf 86' lang='grc' dir='ltr'>λόγιον,</span> <span class='ocrx_word' id='word_1_285' title='bbox 1572 2380 1627 2430; x_wconf 83' lang='grc' dir='ltr'><strong>ἐν</strong></span> <span class='ocrx_word' id='word_1_286' title='bbox 1657 2380 1775 2451; x_wconf 91' lang='grc' dir='ltr'>κρί-</span> 
     </span>
    </p>
   </div>
   <div class='ocr_carea' id='block_1_42' title="bbox 200 2463 1775 2536">
    <p class='ocr_par' dir='ltr' id='par_1_42' title="bbox 200 2463 1775 2536">
     <span class='ocr_line' id='line_1_42' title="bbox 200 2463 1775 2536; baseline 0.001 -21"><span class='ocrx_word' id='word_1_287' title='bbox 200 2479 278 2515; x_wconf 88' lang='grc' dir='ltr'><strong>σει</strong></span> <span class='ocrx_word' id='word_1_288' title='bbox 308 2463 409 2515; x_wconf 70' lang='grc' dir='ltr'>καὶ</span> <span class='ocrx_word' id='word_1_289' title='bbox 434 2463 766 2534; x_wconf 85' lang='grc' dir='ltr'>δικαιοσύνῃ.</span> <span class='ocrx_word' id='word_1_290' title='bbox 794 2463 871 2516; x_wconf 81' lang='grc' dir='ltr'><strong>Τὰ</strong></span> <span class='ocrx_word' id='word_1_291' title='bbox 904 2464 1023 2517; x_wconf 87' lang='grc' dir='ltr'>καθ’</span> <span class='ocrx_word' id='word_1_292' title='bbox 1053 2468 1198 2535; x_wconf 78' lang='grc' dir='ltr'>ἡμᾶς</span> <span class='ocrx_word' id='word_1_293' title='bbox 1225 2466 1279 2518; x_wconf 80' lang='grc' dir='ltr'><strong>δὲ</strong></span> <span class='ocrx_word' id='word_1_294' title='bbox 1312 2466 1447 2536; x_wconf 84' lang='grc' dir='ltr'>πρὸς</span> <span class='ocrx_word' id='word_1_295' title='bbox 1470 2466 1775 2519; x_wconf 82' lang='grc' dir='ltr'>τούναντίον</span> 
     </span>
    </p>
   </div>
   <div class='ocr_carea' id='block_1_43' title="bbox 197 2554 1775 2628">
    <p class='ocr_par' dir='ltr' id='par_1_43' title="bbox 197 2554 1775 2628">
     <span class='ocr_line' id='line_1_43' title="bbox 197 2554 1775 2628; baseline 0.001 -21"><span class='ocrx_word' id='word_1_296' title='bbox 197 2555 345 2607; x_wconf 83' lang='grc' dir='ltr'>ἆπαν</span> <span class='ocrx_word' id='word_1_297' title='bbox 406 2554 764 2626; x_wconf 87' lang='grc' dir='ltr'>ἀγαθουργῶς</span> <span class='ocrx_word' id='word_1_298' title='bbox 817 2558 1246 2626; x_wconf 86' lang='grc' dir='ltr'>μετεσκευάσατο</span> <span class='ocrx_word' id='word_1_299' title='bbox 1294 2557 1339 2589; x_wconf 60' lang='grc' dir='ltr'>δ’</span> <span class='ocrx_word' id='word_1_300' title='bbox 1366 2574 1379 2586; x_wconf 88' lang='grc'>·</span> <span class='ocrx_word' id='word_1_301' title='bbox 1432 2557 1492 2609; x_wconf 87' lang='grc' dir='ltr'><strong>τὸ</strong></span> <span class='ocrx_word' id='word_1_302' title='bbox 1539 2559 1635 2628; x_wconf 87' lang='grc' dir='ltr'><strong>μὲν</strong></span> <span class='ocrx_word' id='word_1_303' title='bbox 1669 2556 1775 2628; x_wconf 85' lang='grc' dir='ltr'>γὰρ</span> 
     </span>
    </p>
   </div>
   <div class='ocr_carea' id='block_1_44' title="bbox 199 2643 1777 2716">
    <p class='ocr_par' dir='ltr' id='par_1_44' title="bbox 199 2643 1777 2716">
     <span class='ocr_line' id='line_1_44' title="bbox 199 2643 1777 2716; baseline 0.001 -19"><span class='ocrx_word' id='word_1_304' title='bbox 199 2644 342 2697; x_wconf 83' lang='grc' dir='ltr'>κατὰ</span> <span class='ocrx_word' id='word_1_305' title='bbox 369 2643 502 2697; x_wconf 74' lang='grc' dir='ltr'>νοῦν</span> <span class='ocrx_word' id='word_1_306' title='bbox 532 2645 689 2715; x_wconf 77' lang='grc' dir='ltr'>ἡμῶν</span> <span class='ocrx_word' id='word_1_307' title='bbox 714 2645 960 2714; x_wconf 81' lang='grc' dir='ltr'>ἀλαμπὲς</span> <span class='ocrx_word' id='word_1_308' title='bbox 992 2645 1283 2716; x_wconf 76' lang='grc' dir='ltr'>ἐνέπλησεν</span> <span class='ocrx_word' id='word_1_309' title='bbox 1306 2647 1482 2699; x_wconf 77' lang='grc' dir='ltr'>ὀλϐίου</span> <span class='ocrx_word' id='word_1_310' title='bbox 1518 2648 1611 2700; x_wconf 80' lang='grc' dir='ltr'>καὶ</span> <span class='ocrx_word' id='word_1_311' title='bbox 1641 2647 1777 2699; x_wconf 88' lang='grc' dir='ltr'>θειο-</span> 
     </span>
    </p>
   </div>
   <div class='ocr_carea' id='block_1_45' title="bbox 199 2736 1777 2809">
    <p class='ocr_par' dir='ltr' id='par_1_45' title="bbox 199 2736 1777 2809">
     <span class='ocr_line' id='line_1_45' title="bbox 199 2736 1777 2809; baseline 0.002 -23"><span class='ocrx_word' id='word_1_312' title='bbox 199 2737 359 2790; x_wconf 80' lang='grc' dir='ltr'>τάτου</span> <span class='ocrx_word' id='word_1_313' title='bbox 383 2736 583 2803; x_wconf 76' lang='grc' dir='ltr'>φωτὸς,</span> <span class='ocrx_word' id='word_1_314' title='bbox 610 2738 834 2801; x_wconf 79' lang='grc' dir='ltr'>καὶτοῖς</span> <span class='ocrx_word' id='word_1_315' title='bbox 864 2737 1147 2790; x_wconf 87' lang='grc' dir='ltr'>θεοειδέσιν</span> <span class='ocrx_word' id='word_1_316' title='bbox 1168 2738 1439 2809; x_wconf 74' lang='grc' dir='ltr'>ἐκόσμησε</span> <span class='ocrx_word' id='word_1_317' title='bbox 1464 2738 1524 2791; x_wconf 84' lang='grc' dir='ltr'><strong>τὸ</strong></span> <span class='ocrx_word' id='word_1_318' title='bbox 1543 2738 1777 2790; x_wconf 86' lang='grc' dir='ltr'>ἀνείδεον</span> 
     </span>
    </p>
   </div>
   <div class='ocr_carea' id='block_1_46' title="bbox 202 2827 1780 2899">
    <p class='ocr_par' dir='ltr' id='par_1_46' title="bbox 202 2827 1780 2899">
     <span class='ocr_line' id='line_1_46' title="bbox 202 2827 1780 2899; baseline 0.003 -21"><span class='ocrx_word' id='word_1_319' title='bbox 202 2827 464 2879; x_wconf 82' lang='grc' dir='ltr'>κάλλεσι·</span> <span class='ocrx_word' id='word_1_320' title='bbox 514 2828 575 2879; x_wconf 87' lang='grc' dir='ltr'>τὸ</span> <span class='ocrx_word' id='word_1_321' title='bbox 621 2827 676 2880; x_wconf 79' lang='grc' dir='ltr'><strong>δὲ</strong></span> <span class='ocrx_word' id='word_1_322' title='bbox 722 2828 821 2897; x_wconf 77' lang='grc' dir='ltr'>τῆς</span> <span class='ocrx_word' id='word_1_323' title='bbox 859 2827 1035 2898; x_wconf 72' lang='grc' dir='ltr'>ψυχῆς</span> <span class='ocrx_word' id='word_1_324' title='bbox 1083 2830 1395 2899; x_wconf 72' lang='grc' dir='ltr'>οἰκητήριον</span> <span class='ocrx_word' id='word_1_325' title='bbox 1423 2832 1480 2881; x_wconf 91' lang='grc' dir='ltr'><strong>ἐν</strong></span> <span class='ocrx_word' id='word_1_326' title='bbox 1526 2829 1780 2882; x_wconf 84' lang='grc' dir='ltr'>παντελεῖ</span> 
     </span>
    </p>
   </div>
   <div class='ocr_carea' id='block_1_47' title="bbox 205 2916 1778 2991">
    <p class='ocr_par' dir='ltr' id='par_1_47' title="bbox 205 2916 1778 2991">
     <span class='ocr_line' id='line_1_47' title="bbox 205 2916 1778 2991; baseline 0.004 -24"><span class='ocrx_word' id='word_1_327' title='bbox 205 2916 452 2986; x_wconf 77' lang='grc' dir='ltr'>σωτηρίᾳ</span> <span class='ocrx_word' id='word_1_328' title='bbox 482 2916 582 2986; x_wconf 83' lang='grc' dir='ltr'><strong>τῆς</strong></span> <span class='ocrx_word' id='word_1_329' title='bbox 616 2917 737 2969; x_wconf 81' lang='grc' dir='ltr'>ὅσον</span> <span class='ocrx_word' id='word_1_330' title='bbox 763 2917 913 2970; x_wconf 73' lang='grc' dir='ltr'>οὔπω</span> <span class='ocrx_word' id='word_1_331' title='bbox 946 2919 1357 2991; x_wconf 86' lang='grc' dir='ltr'>καταπεσούσης</span> <span class='ocrx_word' id='word_1_332' title='bbox 1386 2919 1538 2990; x_wconf 86' lang='grc' dir='ltr'>ἡμῶν</span> <span class='ocrx_word' id='word_1_333' title='bbox 1591 2921 1778 2985; x_wconf 81' lang='grc' dir='ltr'>οὐσίας</span> 
     </span>
    </p>
   </div>
   <div class='ocr_carea' id='block_1_48' title="bbox 204 3006 1780 3081">
    <p class='ocr_par' dir='ltr' id='par_1_48' title="bbox 204 3006 1780 3081">
     <span class='ocr_line' id='line_1_48' title="bbox 204 3006 1780 3081; baseline 0.004 -24"><span class='ocrx_word' id='word_1_334' title='bbox 204 3006 581 3073; x_wconf 83' lang='grc' dir='ltr'>ἐναγεστάτων</span> <span class='ocrx_word' id='word_1_335' title='bbox 604 3007 792 3061; x_wconf 88' lang='grc' dir='ltr'>παθῶν</span> <span class='ocrx_word' id='word_1_336' title='bbox 818 3009 910 3061; x_wconf 74' lang='grc' dir='ltr'><strong>καὶ</strong></span> <span class='ocrx_word' id='word_1_337' title='bbox 933 3009 1269 3080; x_wconf 87' lang='grc' dir='ltr'>φθοροποιῶν</span> <span class='ocrx_word' id='word_1_338' title='bbox 1300 3010 1588 3081; x_wconf 87' lang='grc' dir='ltr'>μολυσμῶν</span> <span class='ocrx_word' id='word_1_339' title='bbox 1622 3011 1780 3081; x_wconf 72' lang='grc' dir='ltr'>ἠλευ-</span> 
     </span>
    </p>
   </div>
   <div class='ocr_carea' id='block_1_49' title="bbox 205 3093 1778 3171">
    <p class='ocr_par' dir='ltr' id='par_1_49' title="bbox 205 3093 1778 3171">
     <span class='ocr_line' id='line_1_49' title="bbox 205 3093 1778 3171; baseline 0.004 -25"><span class='ocrx_word' id='word_1_340' title='bbox 205 3093 469 3165; x_wconf 88' lang='grc' dir='ltr'>θέρωσεν,</span> <span class='ocrx_word' id='word_1_341' title='bbox 528 3097 816 3168; x_wconf 85' lang='grc' dir='ltr'>ἀναγωγὴν</span> <span class='ocrx_word' id='word_1_342' title='bbox 863 3100 994 3169; x_wconf 77' lang='grc' dir='ltr'>ἡμῖν</span> <span class='ocrx_word' id='word_1_343' title='bbox 1055 3099 1419 3171; x_wconf 83' lang='grc' dir='ltr'>ὑπερκὸσμιον</span> <span class='ocrx_word' id='word_1_344' title='bbox 1467 3100 1684 3164; x_wconf 81' lang='grc' dir='ltr'>δείξασα</span> <span class='ocrx_word' id='word_1_345' title='bbox 1734 3101 1778 3132; x_wconf 66' lang='grc'>⁸³</span> 
     </span>
    </p>
   </div>
   <div class='ocr_carea' id='block_1_50' title="bbox 1870 1922 3432 1991">
    <p class='ocr_par' dir='ltr' id='par_1_50' title="bbox 1870 1922 3432 1991">
     <span class='ocr_line' id='line_1_50' title="bbox 1870 1922 3432 1991; baseline -0.002 -16"><span class='ocrx_word' id='word_1_346' title='bbox 1870 1922 2154 1981; x_wconf 76' lang='lat' dir='ltr'><strong>iueonfuso</strong></span> <span class='ocrx_word' id='word_1_347' title='bbox 2196 1932 2250 1977; x_wconf 91' lang='lat' dir='ltr'><strong>et</strong></span> <span class='ocrx_word' id='word_1_348' title='bbox 2291 1923 2573 1986; x_wconf 81' lang='lat' dir='ltr'><strong>inviolato,</strong></span> <span class='ocrx_word' id='word_1_349' title='bbox 2617 1923 2773 1991; x_wconf 89' lang='lat' dir='ltr'><strong>cujus</strong></span> <span class='ocrx_word' id='word_1_350' title='bbox 2813 1923 2975 1975; x_wconf 90' lang='lat' dir='ltr'><strong>etiam</strong></span> <span class='ocrx_word' id='word_1_351' title='bbox 3022 1922 3203 1989; x_wconf 89' lang='lat' dir='ltr'><strong>nobis,</strong></span> <span class='ocrx_word' id='word_1_352' title='bbox 3248 1930 3432 1989; x_wconf 91' lang='lat' dir='ltr'><strong>utpote</strong></span> 
     </span>
    </p>
   </div>
   <div class='ocr_carea' id='block_1_51' title="bbox 1872 2014 3432 2084">
    <p class='ocr_par' dir='ltr' id='par_1_51' title="bbox 1872 2014 3432 2084">
     <span class='ocr_line' id='line_1_51' title="bbox 1872 2014 3432 2084; baseline -0.004 -15"><span class='ocrx_word' id='word_1_353' title='bbox 1872 2015 2183 2084; x_wconf 87' lang='lat' dir='ltr'><strong>congencis,</strong></span> <span class='ocrx_word' id='word_1_354' title='bbox 2208 2015 2540 2067; x_wconf 88' lang='lat' dir='ltr'><strong>consortium</strong></span> <span class='ocrx_word' id='word_1_355' title='bbox 2572 2014 2744 2077; x_wconf 84' lang='lat' dir='ltr'><strong>dedit,</strong></span> <span class='ocrx_word' id='word_1_356' title='bbox 2779 2026 2985 2082; x_wconf 92' lang='lat' dir='ltr'><strong>nosque</strong></span> <span class='ocrx_word' id='word_1_357' title='bbox 3012 2014 3278 2067; x_wconf 87' lang='lat' dir='ltr'><strong>bonorum</strong></span> <span class='ocrx_word' id='word_1_358' title='bbox 3303 2026 3432 2064; x_wconf 86' lang='lat' dir='ltr'><strong>suo-</strong></span> 
     </span>
    </p>
   </div>
   <div class='ocr_carea' id='block_1_52' title="bbox 1872 2102 3430 2175">
    <p class='ocr_par' dir='ltr' id='par_1_52' title="bbox 1872 2102 3430 2175">
     <span class='ocr_line' id='line_1_52' title="bbox 1872 2102 3430 2175; baseline -0.005 -16"><span class='ocrx_word' id='word_1_359' title='bbox 1872 2122 1992 2159; x_wconf 87' lang='lat' dir='ltr'><strong>rum</strong></span> <span class='ocrx_word' id='word_1_360' title='bbox 2057 2106 2346 2175; x_wconf 89' lang='lat' dir='ltr'><strong>participes</strong></span> <span class='ocrx_word' id='word_1_361' title='bbox 2411 2104 2749 2167; x_wconf 90' lang='lat' dir='ltr'><strong>declaravit,</strong></span> <span class='ocrx_word' id='word_1_362' title='bbox 2807 2104 3114 2171; x_wconf 89' lang='lat' dir='ltr'><strong>apostaticae</strong></span> <span class='ocrx_word' id='word_1_363' title='bbox 3177 2102 3430 2156; x_wconf 79' lang='lat' dir='ltr'><strong>nimirum</strong></span> 
     </span>
    </p>
   </div>
   <div class='ocr_carea' id='block_1_53' title="bbox 1875 2192 3432 2265">
    <p class='ocr_par' dir='ltr' id='par_1_53' title="bbox 1875 2192 3432 2265">
     <span class='ocr_line' id='line_1_53' title="bbox 1875 2192 3432 2265; baseline -0.003 -13"><span class='ocrx_word' id='word_1_364' title='bbox 1875 2197 2043 2252; x_wconf 89' lang='lat' dir='ltr'><strong>turbae</strong></span> <span class='ocrx_word' id='word_1_365' title='bbox 2078 2197 2342 2265; x_wconf 91' lang='lat' dir='ltr'><strong>imperio,</strong></span> <span class='ocrx_word' id='word_1_366' title='bbox 2366 2196 2507 2265; x_wconf 91' lang='lat' dir='ltr'><strong>quod</strong></span> <span class='ocrx_word' id='word_1_367' title='bbox 2554 2195 2839 2249; x_wconf 90' lang='lat' dir='ltr'><strong>adversum</strong></span> <span class='ocrx_word' id='word_1_368' title='bbox 2871 2208 2968 2248; x_wconf 92' lang='lat' dir='ltr'><strong>nos</strong></span> <span class='ocrx_word' id='word_1_369' title='bbox 3001 2194 3256 2259; x_wconf 86' lang='lat' dir='ltr'><strong>habebat,</strong></span> <span class='ocrx_word' id='word_1_370' title='bbox 3283 2192 3432 2260; x_wconf 81' lang='lat' dir='ltr'><strong>juxta</strong></span> 
     </span>
    </p>
   </div>
   <div class='ocr_carea' id='block_1_54' title="bbox 1875 2281 3434 2354">
    <p class='ocr_par' dir='ltr' id='par_1_54' title="bbox 1875 2281 3434 2354">
     <span class='ocr_line' id='line_1_54' title="bbox 1875 2281 3434 2354; baseline -0.006 -12"><span class='ocrx_word' id='word_1_371' title='bbox 1875 2288 2221 2342; x_wconf 90' lang='lat' dir='ltr'><strong>traditionem</strong></span> <span class='ocrx_word' id='word_1_372' title='bbox 2271 2301 2559 2349; x_wconf 90' lang='lat' dir='ltr'><strong>arcanam,</strong></span> <span class='ocrx_word' id='word_1_373' title='bbox 2607 2281 2911 2354; x_wconf 87' lang='lat' dir='ltr'><strong>proﬂigato,</strong></span> <span class='ocrx_word' id='word_1_374' title='bbox 2954 2297 3061 2337; x_wconf 92' lang='lat' dir='ltr'><strong>non</strong></span> <span class='ocrx_word' id='word_1_375' title='bbox 3104 2282 3308 2335; x_wconf 85' lang='lat' dir='ltr'><strong>viribus</strong></span> <span class='ocrx_word' id='word_1_376' title='bbox 3335 2296 3434 2335; x_wconf 92' lang='lat' dir='ltr'><strong>ceu</strong></span> 
     </span>
    </p>
   </div>
   <div class='ocr_carea' id='block_1_55' title="bbox 1875 2374 3433 2450">
    <p class='ocr_par' dir='ltr' id='par_1_55' title="bbox 1875 2374 3433 2450">
     <span class='ocr_line' id='line_1_55' title="bbox 1875 2374 3433 2450; baseline -0.006 -16"><span class='ocrx_word' id='word_1_377' title='bbox 1875 2379 2197 2450; x_wconf 63' lang='lat' dir='ltr'><strong>praevalens,</strong></span> <span class='ocrx_word' id='word_1_378' title='bbox 2231 2379 2346 2442; x_wconf 83' lang='lat' dir='ltr'><strong>sed,</strong></span> <span class='ocrx_word' id='word_1_379' title='bbox 2380 2379 2679 2432; x_wconf 90' lang='lat' dir='ltr'><strong>secundum</strong></span> <span class='ocrx_word' id='word_1_380' title='bbox 2712 2377 2997 2447; x_wconf 89' lang='lat' dir='ltr'><strong>mysticum</strong></span> <span class='ocrx_word' id='word_1_381' title='bbox 3050 2375 3345 2443; x_wconf 86' lang='lat' dir='ltr'><strong>eloquium,</strong></span> <span class='ocrx_word' id='word_1_382' title='bbox 3380 2374 3433 2425; x_wconf 93' lang='lat' dir='ltr'><strong>in</strong></span> 
     </span>
    </p>
   </div>
   <div class='ocr_carea' id='block_1_56' title="bbox 1870 2464 3438 2543">
    <p class='ocr_par' dir='ltr' id='par_1_56' title="bbox 1870 2464 3438 2543">
     <span class='ocr_line' id='line_1_56' title="bbox 1870 2464 3438 2543; baseline -0.004 -19"><span class='ocrx_word' id='word_1_383' title='bbox 1870 2472 2074 2543; x_wconf 91' lang='lat' dir='ltr'><strong>judicio</strong></span> <span class='ocrx_word' id='word_1_384' title='bbox 2104 2480 2160 2525; x_wconf 83' lang='lat' dir='ltr'><strong>et</strong></span> <span class='ocrx_word' id='word_1_385' title='bbox 2187 2471 2418 2538; x_wconf 90' lang='lat' dir='ltr'><strong>justitia.</strong></span> <span class='ocrx_word' id='word_1_386' title='bbox 2461 2469 2720 2523; x_wconf 85' lang='lat' dir='ltr'><strong>Nostrum</strong></span> <span class='ocrx_word' id='word_1_387' title='bbox 2748 2483 2878 2521; x_wconf 92' lang='lat' dir='ltr'><strong>vero</strong></span> <span class='ocrx_word' id='word_1_388' title='bbox 2923 2475 3127 2520; x_wconf 87' lang='lat' dir='ltr'><strong>statum</strong></span> <span class='ocrx_word' id='word_1_389' title='bbox 3159 2480 3189 2517; x_wconf 90' lang='lat' dir='ltr'><strong>e</strong></span> <span class='ocrx_word' id='word_1_390' title='bbox 3218 2464 3438 2518; x_wconf 77' lang='lat' dir='ltr'><strong>diverso</strong></span> 
     </span>
    </p>
   </div>
   <div class='ocr_carea' id='block_1_57' title="bbox 1876 2559 3437 2626">
    <p class='ocr_par' dir='ltr' id='par_1_57' title="bbox 1876 2559 3437 2626">
     <span class='ocr_line' id='line_1_57' title="bbox 1876 2559 3437 2626; baseline -0.006 -9"><span class='ocrx_word' id='word_1_391' title='bbox 1876 2562 2169 2617; x_wconf 90' lang='lat' dir='ltr'><strong>clementer</strong></span> <span class='ocrx_word' id='word_1_392' title='bbox 2204 2562 2551 2625; x_wconf 88' lang='lat' dir='ltr'><strong>immutavit;</strong></span> <span class='ocrx_word' id='word_1_393' title='bbox 2587 2576 2712 2613; x_wconf 94' lang='lat' dir='ltr'><strong>nam</strong></span> <span class='ocrx_word' id='word_1_394' title='bbox 2760 2559 2958 2612; x_wconf 90' lang='lat' dir='ltr'><strong>mentis</strong></span> <span class='ocrx_word' id='word_1_395' title='bbox 2987 2559 3205 2626; x_wconf 90' lang='lat' dir='ltr'><strong>quidem</strong></span> <span class='ocrx_word' id='word_1_396' title='bbox 3238 2567 3437 2609; x_wconf 79' lang='lat' dir='ltr'><strong>nostrae</strong></span> 
     </span>
    </p>
   </div>
   <div class='ocr_carea' id='block_1_58' title="bbox 1876 2647 3440 2721">
    <p class='ocr_par' dir='ltr' id='par_1_58' title="bbox 1876 2647 3440 2721">
     <span class='ocr_line' id='line_1_58' title="bbox 1876 2647 3440 2721; baseline -0.006 -11"><span class='ocrx_word' id='word_1_397' title='bbox 1876 2656 2257 2711; x_wconf 88' lang='lat' dir='ltr'><strong>obscuritatem</strong></span> <span class='ocrx_word' id='word_1_398' title='bbox 2305 2655 2469 2709; x_wconf 88' lang='lat' dir='ltr'><strong>beato</strong></span> <span class='ocrx_word' id='word_1_399' title='bbox 2504 2653 2799 2721; x_wconf 88' lang='lat' dir='ltr'><strong>divinoque</strong></span> <span class='ocrx_word' id='word_1_400' title='bbox 2830 2651 3033 2704; x_wconf 90' lang='lat' dir='ltr'><strong>lumine</strong></span> <span class='ocrx_word' id='word_1_401' title='bbox 3063 2649 3313 2719; x_wconf 88' lang='lat' dir='ltr'><strong>replevit,</strong></span> <span class='ocrx_word' id='word_1_402' title='bbox 3344 2647 3440 2700; x_wconf 89' lang='lat' dir='ltr'><strong>dc-</strong></span> 
     </span>
    </p>
   </div>
   <div class='ocr_carea' id='block_1_59' title="bbox 1878 2739 3439 2814">
    <p class='ocr_par' dir='ltr' id='par_1_59' title="bbox 1878 2739 3439 2814">
     <span class='ocr_line' id='line_1_59' title="bbox 1878 2739 3439 2814; baseline -0.005 -13"><span class='ocrx_word' id='word_1_403' title='bbox 1878 2746 2313 2814; x_wconf 86' lang='lat' dir='ltr'><strong>formitatemque</strong></span> <span class='ocrx_word' id='word_1_404' title='bbox 2375 2752 2616 2799; x_wconf 87' lang='lat' dir='ltr'><strong>nostram</strong></span> <span class='ocrx_word' id='word_1_405' title='bbox 2691 2743 3047 2797; x_wconf 89' lang='lat' dir='ltr'><strong>deiformibus</strong></span> <span class='ocrx_word' id='word_1_406' title='bbox 3100 2739 3439 2797; x_wconf 82' lang='lat' dir='ltr'><strong>ornamentis</strong></span> 
     </span>
    </p>
   </div>
   <div class='ocr_carea' id='block_1_60' title="bbox 1879 2830 3439 2899">
    <p class='ocr_par' dir='ltr' id='par_1_60' title="bbox 1879 2830 3439 2899">
     <span class='ocr_line' id='line_1_60' title="bbox 1879 2830 3439 2899; baseline -0.006 -9"><span class='ocrx_word' id='word_1_407' title='bbox 1879 2835 2216 2899; x_wconf 89' lang='lat' dir='ltr'><strong>illustravit;</strong></span> <span class='ocrx_word' id='word_1_408' title='bbox 2263 2836 2426 2889; x_wconf 89' lang='lat' dir='ltr'><strong>animi</strong></span> <span class='ocrx_word' id='word_1_409' title='bbox 2474 2844 2652 2889; x_wconf 84' lang='lat' dir='ltr'><strong>autem</strong></span> <span class='ocrx_word' id='word_1_410' title='bbox 2690 2834 3018 2889; x_wconf 89' lang='lat' dir='ltr'><strong>domicilium</strong></span> <span class='ocrx_word' id='word_1_411' title='bbox 3050 2849 3168 2887; x_wconf 91' lang='lat' dir='ltr'><strong>cum</strong></span> <span class='ocrx_word' id='word_1_412' title='bbox 3202 2830 3439 2899; x_wconf 89' lang='lat' dir='ltr'><strong>perlecta</strong></span> 
     </span>
    </p>
   </div>
   <div class='ocr_carea' id='block_1_61' title="bbox 1880 2918 3441 2995">
    <p class='ocr_par' dir='ltr' id='par_1_61' title="bbox 1880 2918 3441 2995">
     <span class='ocr_line' id='line_1_61' title="bbox 1880 2918 3441 2995; baseline -0.006 -14"><span class='ocrx_word' id='word_1_413' title='bbox 1880 2926 2055 2981; x_wconf 90' lang='lat' dir='ltr'><strong>salute</strong></span> <span class='ocrx_word' id='word_1_414' title='bbox 2083 2928 2335 2981; x_wconf 69' lang='lat' dir='ltr'><strong>assentiar,</strong></span> <span class='ocrx_word' id='word_1_415' title='bbox 2361 2938 2679 2995; x_wconf 75' lang='lat' dir='ltr'><strong>naturaeque</strong></span> <span class='ocrx_word' id='word_1_416' title='bbox 2711 2936 2937 2988; x_wconf 51' lang='lat' dir='ltr'><strong>nostra,</strong></span> <span class='ocrx_word' id='word_1_417' title='bbox 2968 2939 3086 2992; x_wconf 69' lang='lat' dir='ltr'><strong>quae</strong></span> <span class='ocrx_word' id='word_1_418' title='bbox 3129 2922 3297 2977; x_wconf 90' lang='lat' dir='ltr'><strong>ferme</strong></span> <span class='ocrx_word' id='word_1_419' title='bbox 3327 2918 3441 2974; x_wconf 80' lang='lat' dir='ltr'><strong>col-</strong></span> 
     </span>
    </p>
   </div>
   <div class='ocr_carea' id='block_1_62' title="bbox 1880 3015 3443 3089">
    <p class='ocr_par' dir='ltr' id='par_1_62' title="bbox 1880 3015 3443 3089">
     <span class='ocr_line' id='line_1_62' title="bbox 1880 3015 3443 3089; baseline -0.006 -15"><span class='ocrx_word' id='word_1_420' title='bbox 1880 3021 2029 3089; x_wconf 89' lang='lat' dir='ltr'><strong>lapsa</strong></span> <span class='ocrx_word' id='word_1_421' title='bbox 2062 3027 2259 3074; x_wconf 88' lang='lat' dir='ltr'><strong>eratet</strong></span> <span class='ocrx_word' id='word_1_422' title='bbox 2284 3019 2613 3083; x_wconf 87' lang='lat' dir='ltr'><strong>conciderat,</strong></span> <span class='ocrx_word' id='word_1_423' title='bbox 2645 3017 2964 3072; x_wconf 76' lang='lat' dir='ltr'><strong>ftedissimis</strong></span> <span class='ocrx_word' id='word_1_424' title='bbox 2986 3015 3289 3084; x_wconf 78' lang='lat' dir='ltr'><strong>quibusque</strong></span> <span class='ocrx_word' id='word_1_425' title='bbox 3320 3028 3443 3082; x_wconf 83' lang='lat' dir='ltr'><strong>pas-</strong></span> 
     </span>
    </p>
   </div>
   <div class='ocr_carea' id='block_1_63' title="bbox 1880 3104 3438 3179">
    <p class='ocr_par' dir='ltr' id='par_1_63' title="bbox 1880 3104 3438 3179">
     <span class='ocr_line' id='line_1_63' title="bbox 1880 3104 3438 3179; baseline -0.007 -14"><span class='ocrx_word' id='word_1_426' title='bbox 1880 3112 2125 3167; x_wconf 87' lang='lat' dir='ltr'><strong>sionibus</strong></span> <span class='ocrx_word' id='word_1_427' title='bbox 2183 3120 2348 3179; x_wconf 88' lang='lat' dir='ltr'><strong>atque</strong></span> <span class='ocrx_word' id='word_1_428' title='bbox 2420 3110 2849 3179; x_wconf 87' lang='lat' dir='ltr'><strong>inquinamentis</strong></span> <span class='ocrx_word' id='word_1_429' title='bbox 2914 3108 3093 3162; x_wconf 82' lang='lat' dir='ltr'><strong>noxiis</strong></span> <span class='ocrx_word' id='word_1_430' title='bbox 3148 3104 3438 3167; x_wconf 80' lang='lat' dir='ltr'><strong>liberavit,</strong></span> 
     </span>
    </p>
   </div>
   <div class='ocr_carea' id='block_1_64' title="bbox 207 3180 1776 3273">
    <p class='ocr_par' dir='ltr' id='par_1_64' title="bbox 207 3187 1776 3262">
     <span class='ocr_line' id='line_1_64' title="bbox 207 3187 1776 3262; baseline 0.003 -24"><span class='ocrx_word' id='word_1_431' title='bbox 207 3187 300 3239; x_wconf 79' lang='grc' dir='ltr'><strong>καὶ</strong></span> <span class='ocrx_word' id='word_1_432' title='bbox 332 3188 609 3241; x_wconf 79' lang='grc' dir='ltr'>πολιτείαν</span> <span class='ocrx_word' id='word_1_433' title='bbox 633 3189 809 3241; x_wconf 83' lang='grc' dir='ltr'>ἐνθεον</span> <span class='ocrx_word' id='word_1_434' title='bbox 834 3192 891 3240; x_wconf 88' lang='grc' dir='ltr'>ὲν</span> <span class='ocrx_word' id='word_1_435' title='bbox 918 3192 1037 3251; x_wconf 85' lang='grc' dir='ltr'>ταῖς</span> <span class='ocrx_word' id='word_1_436' title='bbox 1068 3191 1202 3259; x_wconf 84' lang='grc' dir='ltr'>πρὸς</span> <span class='ocrx_word' id='word_1_437' title='bbox 1228 3189 1394 3261; x_wconf 73' lang='grc' dir='ltr'>αὐτὴν</span> <span class='ocrx_word' id='word_1_438' title='bbox 1424 3188 1577 3261; x_wconf 82' lang='grc' dir='ltr'>ἡμῶν</span> <span class='ocrx_word' id='word_1_439' title='bbox 1610 3191 1776 3262; x_wconf 85' lang='grc' dir='ltr'>ίεραῖς</span> 
     </span>
    </p>
   </div>
   <div class='ocr_carea' id='block_1_65' title="bbox 1880 3180 3443 3273">
    <p class='ocr_par' dir='ltr' id='par_1_65' title="bbox 1885 3199 3443 3273">
     <span class='ocr_line' id='line_1_65' title="bbox 1885 3199 3443 3273; baseline -0.008 -12"><span class='ocrx_word' id='word_1_440' title='bbox 1885 3214 2307 3261; x_wconf 88' lang='lat' dir='ltr'><strong>commonstrata</strong></span> <span class='ocrx_word' id='word_1_441' title='bbox 2358 3204 2516 3258; x_wconf 90' lang='lat' dir='ltr'><strong>nobis</strong></span> <span class='ocrx_word' id='word_1_442' title='bbox 2572 3199 2996 3273; x_wconf 88' lang='lat' dir='ltr'><strong>supermundiali</strong></span> <span class='ocrx_word' id='word_1_443' title='bbox 3042 3210 3325 3267; x_wconf 87' lang='lat' dir='ltr'><strong>anagoge,</strong></span> <span class='ocrx_word' id='word_1_444' title='bbox 3376 3211 3443 3250; x_wconf 85' lang='lat' dir='ltr'><strong>ae</strong></span> 
     </span>
    </p>
   </div>
   <div class='ocr_carea' id='block_1_66' title="bbox 208 3280 1098 3353">
    <p class='ocr_par' dir='ltr' id='par_1_66' title="bbox 208 3280 1098 3353">
     <span class='ocr_line' id='line_1_66' title="bbox 208 3280 1098 3353; baseline 0.003 -21"><span class='ocrx_word' id='word_1_445' title='bbox 208 3280 349 3333; x_wconf 76' lang='grc' dir='ltr'>κατὰ</span> <span class='ocrx_word' id='word_1_446' title='bbox 372 3281 437 3333; x_wconf 82' lang='grc' dir='ltr'>τὸ</span> <span class='ocrx_word' id='word_1_447' title='bbox 462 3282 684 3336; x_wconf 80' lang='grc' dir='ltr'>δυνατὸν</span> <span class='ocrx_word' id='word_1_448' title='bbox 716 3283 1098 3353; x_wconf 65' lang='grc' dir='ltr'>ἀφομοιώσεσι.</span> 
     </span>
    </p>
   </div>
   <div class='ocr_carea' id='block_1_67' title="bbox 1889 3284 3443 3364">
    <p class='ocr_par' dir='ltr' id='par_1_67' title="bbox 1889 3284 3443 3364">
     <span class='ocr_line' id='line_1_67' title="bbox 1889 3284 3443 3364; baseline -0.008 -10"><span class='ocrx_word' id='word_1_449' title='bbox 1889 3299 2078 3354; x_wconf 65' lang='lat' dir='ltr'><strong>divinae</strong></span> <span class='ocrx_word' id='word_1_450' title='bbox 2101 3284 2237 3351; x_wconf 61' lang='lat' dir='ltr'><strong>vitae</strong></span> <span class='ocrx_word' id='word_1_451' title='bbox 2257 3311 2469 3360; x_wconf 90' lang='lat' dir='ltr'><strong>norma,</strong></span> <span class='ocrx_word' id='word_1_452' title='bbox 2510 3310 2609 3364; x_wconf 88' lang='lat' dir='ltr'><strong>per</strong></span> <span class='ocrx_word' id='word_1_453' title='bbox 2636 3309 2799 3362; x_wconf 89' lang='lat' dir='ltr'><strong>quam</strong></span> <span class='ocrx_word' id='word_1_454' title='bbox 2832 3292 2897 3346; x_wconf 93' lang='lat' dir='ltr'><strong>ad</strong></span> <span class='ocrx_word' id='word_1_455' title='bbox 2934 3305 3118 3346; x_wconf 89' lang='lat' dir='ltr'><strong>sacras</strong></span> <span class='ocrx_word' id='word_1_456' title='bbox 3145 3290 3261 3358; x_wconf 87' lang='lat' dir='ltr'><strong>ejus</strong></span> <span class='ocrx_word' id='word_1_457' title='bbox 3290 3288 3443 3345; x_wconf 79' lang='lat' dir='ltr'><strong>simi-</strong></span> 
     </span>
    </p>
   </div>
   <div class='ocr_carea' id='block_1_68' title="bbox 1888 3384 3242 3458">
    <p class='ocr_par' dir='ltr' id='par_1_68' title="bbox 1888 3384 3242 3458">
     <span class='ocr_line' id='line_1_68' title="bbox 1888 3384 3242 3458; baseline -0.005 -14"><span class='ocrx_word' id='word_1_458' title='bbox 1888 3390 2160 3456; x_wconf 90' lang='lat' dir='ltr'><strong>litudines,</strong></span> <span class='ocrx_word' id='word_1_459' title='bbox 2186 3389 2239 3443; x_wconf 92' lang='lat' dir='ltr'><strong>in</strong></span> <span class='ocrx_word' id='word_1_460' title='bbox 2269 3396 2531 3458; x_wconf 87' lang='lat' dir='ltr'><strong>quantum</strong></span> <span class='ocrx_word' id='word_1_461' title='bbox 2558 3386 2673 3442; x_wconf 80' lang='lat' dir='ltr'><strong>fleri</strong></span> <span class='ocrx_word' id='word_1_462' title='bbox 2699 3392 2901 3456; x_wconf 88' lang='lat' dir='ltr'><strong>potest,</strong></span> <span class='ocrx_word' id='word_1_463' title='bbox 2931 3384 3242 3438; x_wconf 87' lang='lat' dir='ltr'><strong>evehamur.</strong></span> 
     </span>
    </p>
   </div>
   <div class='ocr_carea' id='block_1_69' title="bbox 1740 3550 1932 3628">
    <p class='ocr_par' dir='ltr' id='par_1_69' title="bbox 1740 3550 1932 3628">
     <span class='ocr_line' id='line_1_69' title="bbox 1740 3550 1932 3628; baseline -0.005 -16"><span class='ocrx_word' id='word_1_464' title='bbox 1740 3550 1932 3628; x_wconf 62' lang='grc' dir='ltr'><strong>μω.</strong></span> 
     </span>
    </p>
   </div>
   <div class='ocr_carea' id='block_1_70' title="bbox 283 3710 1782 3785">
    <p class='ocr_par' dir='ltr' id='par_1_70' title="bbox 283 3710 1782 3785">
     <span class='ocr_line' id='line_1_70' title="bbox 283 3710 1782 3785; baseline 0 -20"><span class='ocrx_word' id='word_1_465' title='bbox 283 3710 356 3765; x_wconf 82' lang='grc' dir='ltr'>τὸ</span> <span class='ocrx_word' id='word_1_466' title='bbox 389 3710 719 3783; x_wconf 87' lang='grc' dir='ltr'>θεομίμητον</span> <span class='ocrx_word' id='word_1_467' title='bbox 743 3712 798 3765; x_wconf 87' lang='grc' dir='ltr'><strong>δέ</strong></span> <span class='ocrx_word' id='word_1_468' title='bbox 826 3713 945 3776; x_wconf 87' lang='grc' dir='ltr'><strong>πῶς</strong></span> <span class='ocrx_word' id='word_1_469' title='bbox 969 3712 1033 3766; x_wconf 82' lang='grc' dir='ltr'><strong>ἂν</strong></span> <span class='ocrx_word' id='word_1_470' title='bbox 1073 3714 1205 3784; x_wconf 80' lang='grc' dir='ltr'>ἡμῖν</span> <span class='ocrx_word' id='word_1_471' title='bbox 1243 3714 1445 3785; x_wconf 85' lang='grc' dir='ltr'>ἐτέρως</span> <span class='ocrx_word' id='word_1_472' title='bbox 1489 3712 1782 3783; x_wconf 86' lang='grc' dir='ltr'>ἐγγένοιτο,</span> 
     </span>
    </p>
   </div>
   <div class='ocr_carea' id='block_1_71' title="bbox 215 3802 1783 3877">
    <p class='ocr_par' dir='ltr' id='par_1_71' title="bbox 215 3802 1783 3877">
     <span class='ocr_line' id='line_1_71' title="bbox 215 3802 1783 3877; baseline 0.002 -22"><span class='ocrx_word' id='word_1_473' title='bbox 215 3806 289 3875; x_wconf 73' lang='grc' dir='ltr'>μὴ</span> <span class='ocrx_word' id='word_1_474' title='bbox 326 3805 427 3874; x_wconf 81' lang='grc' dir='ltr'>τῆς</span> <span class='ocrx_word' id='word_1_475' title='bbox 456 3802 566 3855; x_wconf 86' lang='grc' dir='ltr'><strong>τῶν</strong></span> <span class='ocrx_word' id='word_1_476' title='bbox 600 3805 905 3873; x_wconf 72' lang='grc' dir='ltr'>ἱερωτάτων</span> <span class='ocrx_word' id='word_1_477' title='bbox 944 3804 1236 3874; x_wconf 84' lang='grc' dir='ltr'>θεουργιῶν</span> <span class='ocrx_word' id='word_1_478' title='bbox 1270 3806 1487 3877; x_wconf 69' lang='grc' dir='ltr'>μνήμης</span> <span class='ocrx_word' id='word_1_479' title='bbox 1530 3807 1783 3859; x_wconf 83' lang='grc' dir='ltr'>ἀνανεου-</span> 
     </span>
    </p>
   </div>
   <div class='ocr_carea' id='block_1_72' title="bbox 214 3893 1786 3965">
    <p class='ocr_par' dir='ltr' id='par_1_72' title="bbox 214 3893 1786 3965">
     <span class='ocr_line' id='line_1_72' title="bbox 214 3893 1786 3965; baseline 0.003 -21"><span class='ocrx_word' id='word_1_480' title='bbox 214 3893 386 3962; x_wconf 82' lang='grc' dir='ltr'>μένης</span> <span class='ocrx_word' id='word_1_481' title='bbox 436 3894 522 3945; x_wconf 74' lang='grc' dir='ltr'><strong>ἀεὶ</strong></span> <span class='ocrx_word' id='word_1_482' title='bbox 569 3896 690 3955; x_wconf 85' lang='grc' dir='ltr'>ταῖς</span> <span class='ocrx_word' id='word_1_483' title='bbox 740 3893 1077 3964; x_wconf 81' lang='grc' dir='ltr'>ίεραρχικαῖς</span> <span class='ocrx_word' id='word_1_484' title='bbox 1128 3895 1447 3965; x_wconf 85' lang='grc' dir='ltr'>ίερολογίαις</span> <span class='ocrx_word' id='word_1_485' title='bbox 1496 3895 1542 3926; x_wconf 65' lang='grc'>⁸⁵</span> <span class='ocrx_word' id='word_1_486' title='bbox 1590 3912 1648 3946; x_wconf 85' lang='grc' dir='ltr'><strong>τε</strong></span> <span class='ocrx_word' id='word_1_487' title='bbox 1694 3896 1786 3948; x_wconf 76' lang='grc' dir='ltr'>καὶ</span> 
     </span>
    </p>
   </div>
   <div class='ocr_carea' id='block_1_73' title="bbox 215 3980 1783 4057">
    <p class='ocr_par' dir='ltr' id='par_1_73' title="bbox 215 3980 1783 4057">
     <span class='ocr_line' id='line_1_73' title="bbox 215 3980 1783 4057; baseline 0.002 -21"><span class='ocrx_word' id='word_1_488' title='bbox 215 3983 552 4055; x_wconf 76' lang='grc' dir='ltr'>ἱερουργίαις</span> <span class='ocrx_word' id='word_1_489' title='bbox 577 3999 590 4047; x_wconf 87' lang='grc'>;</span> <span class='ocrx_word' id='word_1_490' title='bbox 621 3982 787 4035; x_wconf 75' lang='grc' dir='ltr'>Τοῦτο</span> <span class='ocrx_word' id='word_1_491' title='bbox 810 3980 957 4036; x_wconf 63' lang='grc' dir='ltr'>οὖνπ</span> <span class='ocrx_word' id='word_1_492' title='bbox 986 3985 1352 4056; x_wconf 77' lang='grc' dir='ltr'>ποιοῦμεν,ὼς</span> <span class='ocrx_word' id='word_1_493' title='bbox 1374 3985 1445 4038; x_wconf 79' lang='grc' dir='ltr'><strong>τὰ</strong></span> <span class='ocrx_word' id='word_1_494' title='bbox 1487 3986 1643 4054; x_wconf 84' lang='grc' dir='ltr'>λόγιά</span> <span class='ocrx_word' id='word_1_495' title='bbox 1678 4004 1783 4057; x_wconf 80' lang='grc' dir='ltr'><strong>φη-</strong></span> 
     </span>
    </p>
   </div>
   <div class='ocr_carea' id='block_1_74' title="bbox 215 4072 1785 4146">
    <p class='ocr_par' dir='ltr' id='par_1_74' title="bbox 215 4072 1785 4146">
     <span class='ocr_line' id='line_1_74' title="bbox 215 4072 1785 4146; baseline 0.001 -21"><span class='ocrx_word' id='word_1_496' title='bbox 215 4090 319 4137; x_wconf 90' lang='grc' dir='ltr'>σιν,</span> <span class='ocrx_word' id='word_1_497' title='bbox 349 4074 431 4135; x_wconf 81' lang='grc' dir='ltr'>εἰς</span> <span class='ocrx_word' id='word_1_498' title='bbox 452 4072 550 4142; x_wconf 79' lang='grc' dir='ltr'>τὴν</span> <span class='ocrx_word' id='word_1_499' title='bbox 574 4072 743 4140; x_wconf 77' lang='grc' dir='ltr'>αὐτῆς</span> <span class='ocrx_word' id='word_1_500' title='bbox 764 4073 1287 4143; x_wconf 80' lang='grc' dir='ltr'>άνάμνησιν.“Ενθεν</span> <span class='ocrx_word' id='word_1_501' title='bbox 1306 4075 1483 4137; x_wconf 83' lang='grc' dir='ltr'>ὀθεῖος</span> <span class='ocrx_word' id='word_1_502' title='bbox 1508 4075 1785 4146; x_wconf 79' lang='grc' dir='ltr'>ίεράρχης,</span> 
     </span>
    </p>
   </div>
   <div class='ocr_carea' id='block_1_75' title="bbox 213 4163 1789 4256">
    <p class='ocr_par' dir='ltr' id='par_1_75' title="bbox 213 4163 1789 4256">
     <span class='ocr_line' id='line_1_75' title="bbox 213 4163 1789 4256; baseline 0.003 -41"><span class='ocrx_word' id='word_1_503' title='bbox 213 4165 308 4217; x_wconf 77' lang='grc' dir='ltr'>ἐπὶ</span> <span class='ocrx_word' id='word_1_504' title='bbox 361 4164 459 4216; x_wconf 80' lang='grc' dir='ltr'>τοῦ</span> <span class='ocrx_word' id='word_1_505' title='bbox 511 4163 654 4217; x_wconf 87' lang='grc' dir='ltr'>θείου</span> <span class='ocrx_word' id='word_1_506' title='bbox 706 4165 1087 4236; x_wconf 81' lang='grc' dir='ltr'>θυσιαστηρίου</span> <span class='ocrx_word' id='word_1_507' title='bbox 1134 4166 1428 4230; x_wconf 82' lang='grc' dir='ltr'>καταστὰς,</span> <span class='ocrx_word' id='word_1_508' title='bbox 1480 4167 1638 4256; x_wconf 73' lang='grc' dir='ltr'>ύμνεῖ</span> <span class='ocrx_word' id='word_1_509' title='bbox 1691 4166 1789 4228; x_wconf 81' lang='grc' dir='ltr'>τὰς</span> 
     </span>
    </p>
   </div>
   <div class='ocr_carea' id='block_1_76' title="bbox 211 4256 1789 4329">
    <p class='ocr_par' dir='ltr' id='par_1_76' title="bbox 211 4256 1789 4329">
     <span class='ocr_line' id='line_1_76' title="bbox 211 4256 1789 4329; baseline 0.003 -21"><span class='ocrx_word' id='word_1_510' title='bbox 211 4256 514 4327; x_wconf 75' lang='grc' dir='ltr'>εἰρημένας</span> <span class='ocrx_word' id='word_1_511' title='bbox 540 4256 687 4327; x_wconf 78' lang='grc' dir='ltr'>ἱερὰς</span> <span class='ocrx_word' id='word_1_512' title='bbox 718 4257 1001 4328; x_wconf 81' lang='grc' dir='ltr'>θεουργίας</span> <span class='ocrx_word' id='word_1_513' title='bbox 1026 4256 1196 4327; x_wconf 85' lang='grc' dir='ltr'><strong>Ἰησοῦ</strong></span> <span class='ocrx_word' id='word_1_514' title='bbox 1218 4258 1316 4327; x_wconf 83' lang='grc' dir='ltr'>τῆς</span> <span class='ocrx_word' id='word_1_515' title='bbox 1340 4257 1619 4329; x_wconf 81' lang='grc' dir='ltr'>θειοτάτης</span> <span class='ocrx_word' id='word_1_516' title='bbox 1635 4258 1789 4328; x_wconf 74' lang='grc' dir='ltr'>ἡμῶν</span> 
     </span>
    </p>
   </div>
   <div class='ocr_carea' id='block_1_77' title="bbox 210 4348 1789 4421">
    <p class='ocr_par' dir='ltr' id='par_1_77' title="bbox 210 4348 1789 4421">
     <span class='ocr_line' id='line_1_77' title="bbox 210 4348 1789 4421; baseline 0.001 -22"><span class='ocrx_word' id='word_1_517' title='bbox 210 4348 495 4416; x_wconf 75' lang='grc' dir='ltr'>προνοίας,</span> <span class='ocrx_word' id='word_1_518' title='bbox 525 4348 591 4411; x_wconf 79' lang='grc' dir='ltr'>ἃς</span> <span class='ocrx_word' id='word_1_519' title='bbox 625 4350 719 4402; x_wconf 73' lang='grc' dir='ltr'><strong>ἐπὶ</strong></span> <span class='ocrx_word' id='word_1_520' title='bbox 750 4350 990 4421; x_wconf 69' lang='grc' dir='ltr'>σωτηρία</span> <span class='ocrx_word' id='word_1_521' title='bbox 1037 4350 1130 4402; x_wconf 84' lang='grc' dir='ltr'>τοῦ</span> <span class='ocrx_word' id='word_1_522' title='bbox 1164 4351 1353 4418; x_wconf 86' lang='grc' dir='ltr'>γένους</span> <span class='ocrx_word' id='word_1_523' title='bbox 1393 4350 1546 4421; x_wconf 79' lang='grc' dir='ltr'>ἡμῶν</span> <span class='ocrx_word' id='word_1_524' title='bbox 1576 4351 1789 4421; x_wconf 64' lang='grc' dir='ltr'>εὐδοκία</span> 
     </span>
    </p>
   </div>
   <div class='ocr_carea' id='block_1_78' title="bbox 213 4439 1788 4512">
    <p class='ocr_par' dir='ltr' id='par_1_78' title="bbox 213 4439 1788 4512">
     <span class='ocr_line' id='line_1_78' title="bbox 213 4439 1788 4512; baseline 0.003 -21"><span class='ocrx_word' id='word_1_525' title='bbox 213 4439 311 4492; x_wconf 75' lang='grc' dir='ltr'>τοῦ</span> <span class='ocrx_word' id='word_1_526' title='bbox 346 4441 756 4507; x_wconf 80' lang='grc' dir='ltr'>παναγεστάτου</span> <span class='ocrx_word' id='word_1_527' title='bbox 784 4442 992 4512; x_wconf 84' lang='grc' dir='ltr'>Πατρὸς</span> <span class='ocrx_word' id='word_1_528' title='bbox 1038 4444 1093 4494; x_wconf 86' lang='grc' dir='ltr'><strong>ἐν</strong></span> <span class='ocrx_word' id='word_1_529' title='bbox 1130 4442 1402 4511; x_wconf 85' lang='grc' dir='ltr'>Πνεύματι</span> <span class='ocrx_word' id='word_1_530' title='bbox 1449 4442 1606 4512; x_wconf 83' lang='grc' dir='ltr'>ἁγίῳ,</span> <span class='ocrx_word' id='word_1_531' title='bbox 1647 4442 1788 4496; x_wconf 77' lang='grc' dir='ltr'>κατὰ</span> 
     </span>
    </p>
   </div>
   <div class='ocr_carea' id='block_1_79' title="bbox 1955 3699 3447 3779">
    <p class='ocr_par' dir='ltr' id='par_1_79' title="bbox 1955 3699 3447 3779">
     <span class='ocr_line' id='line_1_79' title="bbox 1955 3699 3447 3779; baseline -0.01 -12"><span class='ocrx_word' id='word_1_532' title='bbox 1955 3713 2247 3767; x_wconf 91' lang='lat' dir='ltr'><strong>Enimvero</strong></span> <span class='ocrx_word' id='word_1_533' title='bbox 2294 3709 2565 3779; x_wconf 91' lang='lat' dir='ltr'><strong>quomodo</strong></span> <span class='ocrx_word' id='word_1_534' title='bbox 2622 3706 2779 3762; x_wconf 91' lang='lat' dir='ltr'><strong>nobis</strong></span> <span class='ocrx_word' id='word_1_535' title='bbox 2838 3703 3017 3761; x_wconf 89' lang='lat' dir='ltr'><strong>divina</strong></span> <span class='ocrx_word' id='word_1_536' title='bbox 3065 3702 3165 3756; x_wconf 90' lang='lat' dir='ltr'><strong>ista</strong></span> <span class='ocrx_word' id='word_1_537' title='bbox 3218 3699 3447 3754; x_wconf 90' lang='lat' dir='ltr'><strong>itnitatio</strong></span> 
     </span>
    </p>
   </div>
   <div class='ocr_carea' id='block_1_80' title="bbox 1887 3790 3446 3868">
    <p class='ocr_par' dir='ltr' id='par_1_80' title="bbox 1887 3790 3446 3868">
     <span class='ocr_line' id='line_1_80' title="bbox 1887 3790 3446 3868; baseline -0.01 -9"><span class='ocrx_word' id='word_1_538' title='bbox 1887 3805 2045 3859; x_wconf 89' lang='lat' dir='ltr'><strong>aliter</strong></span> <span class='ocrx_word' id='word_1_539' title='bbox 2074 3802 2351 3864; x_wconf 89' lang='lat' dir='ltr'><strong>obveniat,</strong></span> <span class='ocrx_word' id='word_1_540' title='bbox 2384 3799 2484 3853; x_wconf 89' lang='lat' dir='ltr'><strong>nisi</strong></span> <span class='ocrx_word' id='word_1_541' title='bbox 2517 3807 2624 3853; x_wconf 91' lang='lat' dir='ltr'><strong>tam</strong></span> <span class='ocrx_word' id='word_1_542' title='bbox 2654 3796 3026 3868; x_wconf 64' lang='lat' dir='ltr'><strong>praestantium</strong></span> <span class='ocrx_word' id='word_1_543' title='bbox 3053 3790 3313 3847; x_wconf 91' lang='lat' dir='ltr'><strong>memoria</strong></span> <span class='ocrx_word' id='word_1_544' title='bbox 3348 3790 3446 3845; x_wconf 88' lang='lat' dir='ltr'><strong>be-</strong></span> 
     </span>
    </p>
   </div>
   <div class='ocr_carea' id='block_1_81' title="bbox 1888 3884 3448 3957">
    <p class='ocr_par' dir='ltr' id='par_1_81' title="bbox 1888 3884 3448 3957">
     <span class='ocr_line' id='line_1_81' title="bbox 1888 3884 3448 3957; baseline -0.008 -10"><span class='ocrx_word' id='word_1_545' title='bbox 1888 3896 2205 3950; x_wconf 88' lang='lat' dir='ltr'><strong>neficiorum</strong></span> <span class='ocrx_word' id='word_1_546' title='bbox 2231 3891 2323 3946; x_wconf 91' lang='lat' dir='ltr'><strong>Dei</strong></span> <span class='ocrx_word' id='word_1_547' title='bbox 2348 3888 2773 3944; x_wconf 88' lang='lat' dir='ltr'><strong>sacerdotalibus</strong></span> <span class='ocrx_word' id='word_1_548' title='bbox 2796 3884 3271 3957; x_wconf 65' lang='lat' dir='ltr'><strong>praedicationibus</strong></span> <span class='ocrx_word' id='word_1_549' title='bbox 3286 3891 3448 3951; x_wconf 88' lang='lat' dir='ltr'><strong>atque</strong></span> 
     </span>
    </p>
   </div>
   <div class='ocr_carea' id='block_1_82' title="bbox 1888 3975 3445 4058">
    <p class='ocr_par' dir='ltr' id='par_1_82' title="bbox 1888 3975 3445 4058">
     <span class='ocr_line' id='line_1_82' title="bbox 1888 3975 3445 4058; baseline -0.01 -16"><span class='ocrx_word' id='word_1_550' title='bbox 1888 3986 2159 4058; x_wconf 86' lang='lat' dir='ltr'><strong>mysteriis</strong></span> <span class='ocrx_word' id='word_1_551' title='bbox 2196 3984 2399 4054; x_wconf 86' lang='lat' dir='ltr'><strong>jugiter</strong></span> <span class='ocrx_word' id='word_1_552' title='bbox 2439 3980 2773 4036; x_wconf 79' lang='lat' dir='ltr'><strong>innovetur?</strong></span> <span class='ocrx_word' id='word_1_553' title='bbox 2821 3980 2934 4033; x_wconf 87' lang='lat' dir='ltr'><strong>lloc</strong></span> <span class='ocrx_word' id='word_1_554' title='bbox 2975 3979 3156 4046; x_wconf 91' lang='lat' dir='ltr'><strong>itaque</strong></span> <span class='ocrx_word' id='word_1_555' title='bbox 3200 3975 3445 4035; x_wconf 79' lang='lat' dir='ltr'><strong>facimus,</strong></span> 
     </span>
    </p>
   </div>
   <div class='ocr_carea' id='block_1_83' title="bbox 1887 4069 3447 4147">
    <p class='ocr_par' dir='ltr' id='par_1_83' title="bbox 1887 4069 3447 4147">
     <span class='ocr_line' id='line_1_83' title="bbox 1887 4069 3447 4147; baseline -0.007 -14"><span class='ocrx_word' id='word_1_556' title='bbox 1887 4091 1945 4134; x_wconf 92' lang='lat' dir='ltr'><strong>ut</strong></span> <span class='ocrx_word' id='word_1_557' title='bbox 1984 4078 2193 4147; x_wconf 89' lang='lat' dir='ltr'><strong>eloquia</strong></span> <span class='ocrx_word' id='word_1_558' title='bbox 2226 4076 2452 4145; x_wconf 86' lang='lat' dir='ltr'><strong>jubeut,</strong></span> <span class='ocrx_word' id='word_1_559' title='bbox 2502 4075 2554 4128; x_wconf 92' lang='lat' dir='ltr'><strong>in</strong></span> <span class='ocrx_word' id='word_1_560' title='bbox 2610 4072 2722 4141; x_wconf 88' lang='lat' dir='ltr'><strong>ejus</strong></span> <span class='ocrx_word' id='word_1_561' title='bbox 2762 4069 3334 4127; x_wconf 88' lang='lat' dir='ltr'><strong>commemorationem</strong></span> <span class='ocrx_word' id='word_1_562' title='bbox 3399 4069 3447 4122; x_wconf 76' lang='grc'><strong>⁸.</strong></span> 
     </span>
    </p>
   </div>
   <div class='ocr_carea' id='block_1_84' title="bbox 1888 4159 3451 4239">
    <p class='ocr_par' dir='ltr' id='par_1_84' title="bbox 1888 4159 3451 4239">
     <span class='ocr_line' id='line_1_84' title="bbox 1888 4159 3451 4239; baseline -0.008 -16"><span class='ocrx_word' id='word_1_563' title='bbox 1888 4171 2225 4239; x_wconf 85' lang='lat' dir='ltr'><strong>Quapropter</strong></span> <span class='ocrx_word' id='word_1_564' title='bbox 2253 4168 2470 4222; x_wconf 91' lang='lat' dir='ltr'><strong>divinus</strong></span> <span class='ocrx_word' id='word_1_565' title='bbox 2497 4180 2711 4235; x_wconf 87' lang='lat' dir='ltr'><strong>quoque</strong></span> <span class='ocrx_word' id='word_1_566' title='bbox 2744 4162 2943 4236; x_wconf 79' lang='lat' dir='ltr'><strong>pra-sul</strong></span> <span class='ocrx_word' id='word_1_567' title='bbox 2980 4161 3155 4216; x_wconf 88' lang='lat' dir='ltr'><strong>sacris</strong></span> <span class='ocrx_word' id='word_1_568' title='bbox 3185 4159 3451 4214; x_wconf 88' lang='lat' dir='ltr'><strong>altaribus</strong></span> 
     </span>
    </p>
   </div>
   <div class='ocr_carea' id='block_1_85' title="bbox 1891 4251 3448 4327">
    <p class='ocr_par' dir='ltr' id='par_1_85' title="bbox 1891 4251 3448 4327">
     <span class='ocr_line' id='line_1_85' title="bbox 1891 4251 3448 4327; baseline -0.01 -10"><span class='ocrx_word' id='word_1_569' title='bbox 1891 4262 2154 4317; x_wconf 84' lang='lat' dir='ltr'><strong>assistens</strong></span> <span class='ocrx_word' id='word_1_570' title='bbox 2197 4269 2382 4315; x_wconf 87' lang='lat' dir='ltr'><strong>sancta</strong></span> <span class='ocrx_word' id='word_1_571' title='bbox 2422 4260 2714 4327; x_wconf 90' lang='lat' dir='ltr'><strong>divinaque</strong></span> <span class='ocrx_word' id='word_1_572' title='bbox 2751 4256 2878 4311; x_wconf 77' lang='lat' dir='ltr'><strong>Jesu</strong></span> <span class='ocrx_word' id='word_1_573' title='bbox 2920 4268 3085 4323; x_wconf 90' lang='lat' dir='ltr'><strong>opera</strong></span> <span class='ocrx_word' id='word_1_574' title='bbox 3133 4251 3448 4314; x_wconf 84' lang='lat' dir='ltr'><strong>collaudat,</strong></span> 
     </span>
    </p>
   </div>
   <div class='ocr_carea' id='block_1_86' title="bbox 1894 4344 3449 4427">
    <p class='ocr_par' dir='ltr' id='par_1_86' title="bbox 1894 4344 3449 4427">
     <span class='ocr_line' id='line_1_86' title="bbox 1894 4344 3449 4427; baseline -0.009 -17"><span class='ocrx_word' id='word_1_575' title='bbox 1894 4372 2012 4427; x_wconf 73' lang='lat' dir='ltr'><strong>qua:</strong></span> <span class='ocrx_word' id='word_1_576' title='bbox 2053 4371 2119 4411; x_wconf 82' lang='lat' dir='ltr'><strong>ex</strong></span> <span class='ocrx_word' id='word_1_577' title='bbox 2149 4354 2490 4410; x_wconf 87' lang='lat' dir='ltr'><strong>divinissima</strong></span> <span class='ocrx_word' id='word_1_578' title='bbox 2539 4351 2710 4406; x_wconf 89' lang='lat' dir='ltr'><strong>nostri</strong></span> <span class='ocrx_word' id='word_1_579' title='bbox 2754 4348 3094 4420; x_wconf 88' lang='lat' dir='ltr'><strong>providentia</strong></span> <span class='ocrx_word' id='word_1_580' title='bbox 3142 4347 3192 4401; x_wconf 92' lang='lat' dir='ltr'><strong>in</strong></span> <span class='ocrx_word' id='word_1_581' title='bbox 3224 4344 3449 4399; x_wconf 90' lang='lat' dir='ltr'><strong>salutem</strong></span> 
     </span>
    </p>
   </div>
   <div class='ocr_carea' id='block_1_87' title="bbox 1894 4435 3451 4523">
    <p class='ocr_par' dir='ltr' id='par_1_87' title="bbox 1894 4435 3451 4523">
     <span class='ocr_line' id='line_1_87' title="bbox 1894 4435 3451 4523; baseline -0.012 -17"><span class='ocrx_word' id='word_1_582' title='bbox 1894 4450 2109 4523; x_wconf 81' lang='lat' dir='ltr'><strong>generis</strong></span> <span class='ocrx_word' id='word_1_583' title='bbox 2135 4447 2379 4510; x_wconf 83' lang='lat' dir='ltr'><strong>humani,</strong></span> <span class='ocrx_word' id='word_1_584' title='bbox 2423 4442 2755 4500; x_wconf 89' lang='lat' dir='ltr'><strong>sanctissimi</strong></span> <span class='ocrx_word' id='word_1_585' title='bbox 2791 4441 2970 4494; x_wconf 88' lang='lat' dir='ltr'><strong>Patris</strong></span> <span class='ocrx_word' id='word_1_586' title='bbox 3006 4437 3364 4505; x_wconf 90' lang='lat' dir='ltr'><strong>beneplacito,</strong></span> <span class='ocrx_word' id='word_1_587' title='bbox 3398 4435 3451 4487; x_wconf 91' lang='lat' dir='ltr'><strong>in</strong></span> 
     </span>
    </p>
   </div>
   <div class='ocr_carea' id='block_1_88' title="bbox 216 4516 1776 4615">
    <p class='ocr_par' dir='ltr' id='par_1_88' title="bbox 216 4528 1776 4602">
     <span class='ocr_line' id='line_1_88' title="bbox 216 4528 1776 4602; baseline 0.004 -23"><span class='ocrx_word' id='word_1_588' title='bbox 216 4528 278 4580; x_wconf 85' lang='grc' dir='ltr'><strong>τὸ</strong></span> <span class='ocrx_word' id='word_1_589' title='bbox 312 4528 515 4595; x_wconf 81' lang='grc' dir='ltr'>λόγιον,</span> <span class='ocrx_word' id='word_1_590' title='bbox 550 4529 877 4582; x_wconf 77' lang='grc' dir='ltr'>ἐτελείωσεν.</span> <span class='ocrx_word' id='word_1_591' title='bbox 930 4530 1204 4601; x_wconf 80' lang='grc' dir='ltr'>Ὑμνήσας</span> <span class='ocrx_word' id='word_1_592' title='bbox 1250 4532 1307 4584; x_wconf 81' lang='grc' dir='ltr'><strong>δὲ</strong></span> <span class='ocrx_word' id='word_1_593' title='bbox 1342 4531 1436 4584; x_wconf 74' lang='grc' dir='ltr'><strong>καὶ</strong></span> <span class='ocrx_word' id='word_1_594' title='bbox 1483 4531 1579 4602; x_wconf 82' lang='grc' dir='ltr'><strong>τὴν</strong></span> <span class='ocrx_word' id='word_1_595' title='bbox 1626 4532 1776 4585; x_wconf 77' lang='grc' dir='ltr'>σεϐα-</span> 
     </span>
    </p>
   </div>
   <div class='ocr_carea' id='block_1_89' title="bbox 1880 4516 3450 4615">
    <p class='ocr_par' dir='ltr' id='par_1_89' title="bbox 1894 4516 3450 4615">
     <span class='ocr_line' id='line_1_89' title="bbox 1894 4516 3450 4615; baseline -0.013 -16"><span class='ocrx_word' id='word_1_596' title='bbox 1894 4516 2098 4615; x_wconf 61' lang='grc' dir='ltr'><strong>ἑρίιοίω</strong></span> <span class='ocrx_word' id='word_1_597' title='bbox 2128 4551 2341 4604; x_wconf 89' lang='lat' dir='ltr'><strong>sancto,</strong></span> <span class='ocrx_word' id='word_1_598' title='bbox 2387 4550 2446 4593; x_wconf 94' lang='lat' dir='ltr'><strong>ut</strong></span> <span class='ocrx_word' id='word_1_599' title='bbox 2468 4537 2681 4606; x_wconf 89' lang='lat' dir='ltr'><strong>eloquia</strong></span> <span class='ocrx_word' id='word_1_600' title='bbox 2708 4542 2999 4597; x_wconf 90' lang='lat' dir='ltr'><strong>testantur,</strong></span> <span class='ocrx_word' id='word_1_601' title='bbox 3033 4526 3450 4585; x_wconf 80' lang='lat' dir='ltr'><strong>consummavit.</strong></span> 
     </span>
    </p>
   </div>
   <div class='ocr_carea' id='block_1_90' title="bbox 216 4620 1787 4694">
    <p class='ocr_par' dir='ltr' id='par_1_90' title="bbox 216 4620 1787 4694">
     <span class='ocr_line' id='line_1_90' title="bbox 216 4620 1787 4694; baseline 0.002 -22"><span class='ocrx_word' id='word_1_602' title='bbox 216 4620 387 4690; x_wconf 85' lang='grc' dir='ltr'>σμίαν</span> <span class='ocrx_word' id='word_1_603' title='bbox 416 4620 597 4672; x_wconf 77' lang='grc' dir='ltr'>αὐτῶν</span> <span class='ocrx_word' id='word_1_604' title='bbox 622 4622 713 4673; x_wconf 81' lang='grc' dir='ltr'><strong>καὶ</strong></span> <span class='ocrx_word' id='word_1_605' title='bbox 737 4622 928 4693; x_wconf 86' lang='grc' dir='ltr'>νοητὴν</span> <span class='ocrx_word' id='word_1_606' title='bbox 954 4622 1182 4694; x_wconf 90' lang='grc' dir='ltr'>θεωρίαν</span> <span class='ocrx_word' id='word_1_607' title='bbox 1210 4626 1266 4676; x_wconf 89' lang='grc' dir='ltr'><strong>ἐν</strong></span> <span class='ocrx_word' id='word_1_608' title='bbox 1292 4626 1493 4694; x_wconf 87' lang='grc' dir='ltr'>νοεροῖς</span> <span class='ocrx_word' id='word_1_609' title='bbox 1518 4624 1562 4654; x_wconf 70' lang='grc'><strong>⁴⁵⁶</strong></span> <span class='ocrx_word' id='word_1_610' title='bbox 1587 4623 1787 4692; x_wconf 78' lang='grc' dir='ltr'>ὀφθαλ-</span> 
     </span>
    </p>
   </div>
   <div class='ocr_carea' id='block_1_91' title="bbox 220 4713 1789 4789">
    <p class='ocr_par' dir='ltr' id='par_1_91' title="bbox 220 4713 1789 4789">
     <span class='ocr_line' id='line_1_91' title="bbox 220 4713 1789 4789; baseline 0.004 -26"><span class='ocrx_word' id='word_1_611' title='bbox 220 4716 342 4782; x_wconf 85' lang='grc' dir='ltr'>μοῖς</span> <span class='ocrx_word' id='word_1_612' title='bbox 374 4713 737 4779; x_wconf 84' lang='grc' dir='ltr'>ἐποπτεύσας,</span> <span class='ocrx_word' id='word_1_613' title='bbox 768 4717 859 4767; x_wconf 79' lang='grc' dir='ltr'><strong>ἐπὶ</strong></span> <span class='ocrx_word' id='word_1_614' title='bbox 889 4717 987 4787; x_wconf 79' lang='grc' dir='ltr'><strong>τὴν</strong></span> <span class='ocrx_word' id='word_1_615' title='bbox 1018 4716 1348 4788; x_wconf 77' lang='grc' dir='ltr'>συμϐολικὴν</span> <span class='ocrx_word' id='word_1_616' title='bbox 1378 4716 1554 4771; x_wconf 76' lang='grc' dir='ltr'>αὐτῶν</span> <span class='ocrx_word' id='word_1_617' title='bbox 1581 4718 1789 4789; x_wconf 83' lang='grc' dir='ltr'>ἱερουρ-</span> 
     </span>
    </p>
   </div>
   <div class='ocr_carea' id='block_1_92' title="bbox 216 4802 1789 4878">
    <p class='ocr_par' dir='ltr' id='par_1_92' title="bbox 216 4802 1789 4878">
     <span class='ocr_line' id='line_1_92' title="bbox 216 4802 1789 4878; baseline 0.003 -23"><span class='ocrx_word' id='word_1_618' title='bbox 216 4804 345 4871; x_wconf 82' lang='grc' dir='ltr'>γίαν</span> <span class='ocrx_word' id='word_1_619' title='bbox 371 4802 610 4875; x_wconf 83' lang='grc' dir='ltr'>ἔρχεται,</span> <span class='ocrx_word' id='word_1_620' title='bbox 637 4808 729 4858; x_wconf 73' lang='grc' dir='ltr'>καὶ</span> <span class='ocrx_word' id='word_1_621' title='bbox 753 4805 911 4858; x_wconf 78' lang='grc' dir='ltr'>τοῦτο</span> <span class='ocrx_word' id='word_1_622' title='bbox 937 4806 1345 4878; x_wconf 87' lang='grc' dir='ltr'>θεοπαραδότως</span> <span class='ocrx_word' id='word_1_623' title='bbox 1362 4824 1374 4837; x_wconf 89' lang='grc'><strong>·</strong></span> <span class='ocrx_word' id='word_1_624' title='bbox 1400 4806 1523 4859; x_wconf 81' lang='grc' dir='ltr'>ὅθεν</span> <span class='ocrx_word' id='word_1_625' title='bbox 1549 4807 1789 4869; x_wconf 78' lang='grc' dir='ltr'>εὐλαϐῶς</span> 
     </span>
    </p>
   </div>
   <div class='ocr_carea' id='block_1_93' title="bbox 215 4897 1792 4973">
    <p class='ocr_par' dir='ltr' id='par_1_93' title="bbox 215 4897 1792 4973">
     <span class='ocr_line' id='line_1_93' title="bbox 215 4897 1792 4973; baseline 0.003 -24"><span class='ocrx_word' id='word_1_626' title='bbox 215 4914 277 4950; x_wconf 87' lang='grc' dir='ltr'><strong>τε</strong></span> <span class='ocrx_word' id='word_1_627' title='bbox 312 4897 430 4967; x_wconf 75' lang='grc' dir='ltr'><strong>ἅμα</strong></span> <span class='ocrx_word' id='word_1_628' title='bbox 462 4900 555 4951; x_wconf 75' lang='grc' dir='ltr'>καὶ</span> <span class='ocrx_word' id='word_1_629' title='bbox 581 4899 906 4969; x_wconf 84' lang='grc' dir='ltr'>ἱεραρχικῶς</span> <span class='ocrx_word' id='word_1_630' title='bbox 930 4900 1066 4970; x_wconf 84' lang='grc' dir='ltr'>μετὰ</span> <span class='ocrx_word' id='word_1_631' title='bbox 1105 4902 1232 4964; x_wconf 80' lang='grc' dir='ltr'>τοὺς</span> <span class='ocrx_word' id='word_1_632' title='bbox 1258 4902 1432 4973; x_wconf 76' lang='grc' dir='ltr'>ἱεροὺς</span> <span class='ocrx_word' id='word_1_633' title='bbox 1460 4900 1570 4954; x_wconf 88' lang='grc' dir='ltr'><strong>τῶν</strong></span> <span class='ocrx_word' id='word_1_634' title='bbox 1603 4901 1792 4972; x_wconf 82' lang='grc' dir='ltr'>θεουρ-</span> 
     </span>
    </p>
   </div>
   <div class='ocr_carea' id='block_1_94' title="bbox 215 4990 1796 5065">
    <p class='ocr_par' dir='ltr' id='par_1_94' title="bbox 215 4990 1796 5065">
     <span class='ocr_line' id='line_1_94' title="bbox 215 4990 1796 5065; baseline 0.004 -24"><span class='ocrx_word' id='word_1_635' title='bbox 215 4991 357 5057; x_wconf 85' lang='grc' dir='ltr'>γιῶν</span> <span class='ocrx_word' id='word_1_636' title='bbox 389 4990 593 5061; x_wconf 78' lang='grc' dir='ltr'>ὕμνους</span> <span class='ocrx_word' id='word_1_637' title='bbox 643 4993 783 5065; x_wconf 82' lang='grc' dir='ltr'>ὑπὲρ</span> <span class='ocrx_word' id='word_1_638' title='bbox 816 4993 915 5062; x_wconf 79' lang='grc' dir='ltr'><strong>τῆς</strong></span> <span class='ocrx_word' id='word_1_639' title='bbox 941 4994 1080 5065; x_wconf 80' lang='grc' dir='ltr'>ὑπὲρ</span> <span class='ocrx_word' id='word_1_640' title='bbox 1116 4994 1275 5047; x_wconf 83' lang='grc' dir='ltr'>αὐτὸν</span> <span class='ocrx_word' id='word_1_641' title='bbox 1323 4995 1630 5065; x_wconf 82' lang='grc' dir='ltr'>ἱερουργίας</span> <span class='ocrx_word' id='word_1_642' title='bbox 1661 4994 1796 5047; x_wconf 87' lang='grc' dir='ltr'>ἁπο-</span> 
     </span>
    </p>
   </div>
   <div class='ocr_carea' id='block_1_95' title="bbox 215 5078 1793 5155">
    <p class='ocr_par' dir='ltr' id='par_1_95' title="bbox 215 5078 1793 5155">
     <span class='ocr_line' id='line_1_95' title="bbox 215 5078 1793 5155; baseline 0.004 -23"><span class='ocrx_word' id='word_1_643' title='bbox 215 5078 486 5148; x_wconf 81' lang='grc' dir='ltr'>λογεῖται,</span> <span class='ocrx_word' id='word_1_644' title='bbox 533 5082 797 5154; x_wconf 76' lang='grc' dir='ltr'>πρότερον</span> <span class='ocrx_word' id='word_1_645' title='bbox 852 5083 1008 5154; x_wconf 87' lang='grc' dir='ltr'>ίερῶς</span> <span class='ocrx_word' id='word_1_646' title='bbox 1049 5085 1184 5155; x_wconf 83' lang='grc' dir='ltr'>πρὸς</span> <span class='ocrx_word' id='word_1_647' title='bbox 1230 5084 1391 5136; x_wconf 84' lang='grc' dir='ltr'>αὐτὸν</span> <span class='ocrx_word' id='word_1_648' title='bbox 1434 5085 1697 5142; x_wconf 77' lang='grc' dir='ltr'>ἀναϐοῶν.</span> <span class='ocrx_word' id='word_1_649' title='bbox 1720 5086 1793 5139; x_wconf 86' lang='grc' dir='ltr'>Σὺ</span> 
     </span>
    </p>
   </div>
   <div class='ocr_carea' id='block_1_96' title="bbox 217 5164 1790 5246">
    <p class='ocr_par' dir='ltr' id='par_1_96' title="bbox 217 5164 1790 5246">
     <span class='ocr_line' id='line_1_96' title="bbox 217 5164 1790 5246; baseline 0.006 -25"><span class='ocrx_word' id='word_1_650' title='bbox 217 5164 411 5234; x_wconf 80' lang='grc' dir='ltr'>εἴπας·</span> <span class='ocrx_word' id='word_1_651' title='bbox 468 5172 646 5226; x_wconf 88' lang='grc' dir='ltr'>Τοῦτο</span> <span class='ocrx_word' id='word_1_652' title='bbox 693 5174 911 5228; x_wconf 82' lang='grc' dir='ltr'>ποιεῖτε</span> <span class='ocrx_word' id='word_1_653' title='bbox 952 5178 1039 5241; x_wconf 84' lang='grc' dir='ltr'>εὶς</span> <span class='ocrx_word' id='word_1_654' title='bbox 1077 5176 1192 5243; x_wconf 73' lang='grc' dir='ltr'><strong>τὴν</strong></span> <span class='ocrx_word' id='word_1_655' title='bbox 1238 5176 1391 5245; x_wconf 79' lang='grc' dir='ltr'>ἐμὴν</span> <span class='ocrx_word' id='word_1_656' title='bbox 1434 5176 1790 5246; x_wconf 78' lang='grc' dir='ltr'>ἀνάμνησιν.</span> 
     </span>
    </p>
   </div>
   <div class='ocr_carea' id='block_1_97' title="bbox 354 5325 1335 5395">
    <p class='ocr_par' dir='ltr' id='par_1_97' title="bbox 354 5325 1335 5395">
     <span class='ocr_line' id='line_1_97' title="bbox 354 5325 1335 5395; baseline 0.005 -14"><span class='ocrx_word' id='word_1_657' title='bbox 354 5325 543 5382; x_wconf 75' lang='lat' dir='ltr'><strong>lﬂcbr</strong></span> <span class='ocrx_word' id='word_1_658' title='bbox 584 5345 663 5391; x_wconf 88' lang='lat' dir='ltr'><strong>tv,</strong></span> <span class='ocrx_word' id='word_1_659' title='bbox 698 5328 784 5384; x_wconf 73' lang='grc'><strong>15.</strong></span> <span class='ocrx_word' id='word_1_660' title='bbox 867 5333 893 5372; x_wconf 73' lang='grc' dir='ltr'><strong>Β</strong></span> <span class='ocrx_word' id='word_1_661' title='bbox 918 5330 1051 5385; x_wconf 89' lang='lat' dir='ltr'><strong>Luc.</strong></span> <span class='ocrx_word' id='word_1_662' title='bbox 1087 5346 1222 5395; x_wconf 75' lang='grc' dir='ltr'>χχιι,</span> <span class='ocrx_word' id='word_1_663' title='bbox 1250 5331 1335 5386; x_wconf 83' lang='grc'><strong>19.</strong></span> 
     </span>
    </p>
   </div>
   <div class='ocr_carea' id='block_1_98' title="bbox 1894 4621 3454 4698">
    <p class='ocr_par' dir='ltr' id='par_1_98' title="bbox 1894 4621 3454 4698">
     <span class='ocr_line' id='line_1_98' title="bbox 1894 4621 3454 4698; baseline -0.013 -10"><span class='ocrx_word' id='word_1_664' title='bbox 1894 4633 2065 4688; x_wconf 89' lang='lat' dir='ltr'><strong>Porro</strong></span> <span class='ocrx_word' id='word_1_665' title='bbox 2090 4630 2397 4687; x_wconf 88' lang='lat' dir='ltr'><strong>veneranda</strong></span> <span class='ocrx_word' id='word_1_666' title='bbox 2430 4627 2771 4698; x_wconf 90' lang='lat' dir='ltr'><strong>spiritalique</strong></span> <span class='ocrx_word' id='word_1_667' title='bbox 2803 4621 3185 4693; x_wconf 84' lang='lat' dir='ltr'><strong>mysteriorum</strong></span> <span class='ocrx_word' id='word_1_668' title='bbox 3210 4626 3454 4672; x_wconf 74' lang='lat' dir='ltr'><strong>content-</strong></span> 
     </span>
    </p>
   </div>
   <div class='ocr_carea' id='block_1_99' title="bbox 1895 4706 3456 4793">
    <p class='ocr_par' dir='ltr' id='par_1_99' title="bbox 1895 4706 3456 4793">
     <span class='ocr_line' id='line_1_99' title="bbox 1895 4706 3456 4793; baseline -0.012 -17"><span class='ocrx_word' id='word_1_669' title='bbox 1895 4722 2155 4793; x_wconf 90' lang='lat' dir='ltr'><strong>platione,</strong></span> <span class='ocrx_word' id='word_1_670' title='bbox 2185 4736 2344 4790; x_wconf 91' lang='lat' dir='ltr'><strong>quam</strong></span> <span class='ocrx_word' id='word_1_671' title='bbox 2372 4717 2703 4789; x_wconf 88' lang='lat' dir='ltr'><strong>spiritalibus</strong></span> <span class='ocrx_word' id='word_1_672' title='bbox 2727 4714 2897 4769; x_wconf 90' lang='lat' dir='ltr'><strong>oculis</strong></span> <span class='ocrx_word' id='word_1_673' title='bbox 2922 4710 3225 4779; x_wconf 76' lang='lat' dir='ltr'><strong>conspexit,</strong></span> <span class='ocrx_word' id='word_1_674' title='bbox 3249 4706 3456 4763; x_wconf 79' lang='lat' dir='ltr'><strong>collau-</strong></span> 
     </span>
    </p>
   </div>
   <div class='ocr_carea' id='block_1_100' title="bbox 1898 4801 3454 4880">
    <p class='ocr_par' dir='ltr' id='par_1_100' title="bbox 1898 4801 3454 4880">
     <span class='ocr_line' id='line_1_100' title="bbox 1898 4801 3454 4880; baseline -0.013 -9"><span class='ocrx_word' id='word_1_675' title='bbox 1898 4816 2046 4880; x_wconf 86' lang='lat' dir='ltr'><strong>data,</strong></span> <span class='ocrx_word' id='word_1_676' title='bbox 2075 4816 2140 4868; x_wconf 91' lang='lat' dir='ltr'><strong>ad</strong></span> <span class='ocrx_word' id='word_1_677' title='bbox 2171 4810 2486 4869; x_wconf 91' lang='lat' dir='ltr'><strong>eorumdem</strong></span> <span class='ocrx_word' id='word_1_678' title='bbox 2533 4810 2936 4865; x_wconf 82' lang='lat' dir='ltr'><strong>sacrosanctam</strong></span> <span class='ocrx_word' id='word_1_679' title='bbox 2968 4820 3034 4859; x_wconf 76' lang='lat' dir='ltr'><strong>ex</strong></span> <span class='ocrx_word' id='word_1_680' title='bbox 3068 4802 3256 4857; x_wconf 91' lang='lat' dir='ltr'><strong>divino</strong></span> <span class='ocrx_word' id='word_1_681' title='bbox 3299 4801 3454 4854; x_wconf 48' lang='lat' dir='ltr'><strong>insti.</strong></span> 
     </span>
    </p>
   </div>
   <div class='ocr_carea' id='block_1_101' title="bbox 1900 4896 3457 4975">
    <p class='ocr_par' dir='ltr' id='par_1_101' title="bbox 1900 4896 3457 4975">
     <span class='ocr_line' id='line_1_101' title="bbox 1900 4896 3457 4975; baseline -0.012 -14"><span class='ocrx_word' id='word_1_682' title='bbox 1900 4916 2013 4961; x_wconf 89' lang='lat' dir='ltr'><strong>tuto</strong></span> <span class='ocrx_word' id='word_1_683' title='bbox 2037 4906 2282 4975; x_wconf 82' lang='lat' dir='ltr'><strong>procedit</strong></span> <span class='ocrx_word' id='word_1_684' title='bbox 2306 4902 2811 4964; x_wconf 88' lang='lat' dir='ltr'><strong>consecrationem;</strong></span> <span class='ocrx_word' id='word_1_685' title='bbox 2851 4896 3107 4967; x_wconf 89' lang='lat' dir='ltr'><strong>quocirca</strong></span> <span class='ocrx_word' id='word_1_686' title='bbox 3142 4900 3457 4947; x_wconf 81' lang='lat' dir='ltr'><strong>reverenter</strong></span> 
     </span>
    </p>
   </div>
   <div class='ocr_carea' id='block_1_102' title="bbox 1900 4982 3456 5063">
    <p class='ocr_par' dir='ltr' id='par_1_102' title="bbox 1900 4982 3456 5063">
     <span class='ocr_line' id='line_1_102' title="bbox 1900 4982 3456 5063; baseline -0.012 -12"><span class='ocrx_word' id='word_1_687' title='bbox 1900 4997 2081 5061; x_wconf 89' lang='lat' dir='ltr'><strong>simul,</strong></span> <span class='ocrx_word' id='word_1_688' title='bbox 2122 5005 2176 5050; x_wconf 93' lang='lat' dir='ltr'><strong>et</strong></span> <span class='ocrx_word' id='word_1_689' title='bbox 2206 5005 2263 5049; x_wconf 92' lang='lat' dir='ltr'><strong>ut</strong></span> <span class='ocrx_word' id='word_1_690' title='bbox 2290 4994 2597 5063; x_wconf 85' lang='lat' dir='ltr'><strong>pontificem</strong></span> <span class='ocrx_word' id='word_1_691' title='bbox 2638 4991 2815 5055; x_wconf 88' lang='lat' dir='ltr'><strong>decet,</strong></span> <span class='ocrx_word' id='word_1_692' title='bbox 2856 4998 2982 5059; x_wconf 91' lang='lat' dir='ltr'><strong>post</strong></span> <span class='ocrx_word' id='word_1_693' title='bbox 3005 5000 3190 5040; x_wconf 89' lang='lat' dir='ltr'><strong>sacras</strong></span> <span class='ocrx_word' id='word_1_694' title='bbox 3223 4983 3343 5037; x_wconf 87' lang='lat' dir='ltr'><strong>illas</strong></span> <span class='ocrx_word' id='word_1_695' title='bbox 3374 4982 3456 5035; x_wconf 87' lang='lat' dir='ltr'><strong>di-</strong></span> 
     </span>
    </p>
   </div>
   <div class='ocr_carea' id='block_1_103' title="bbox 1901 5075 3454 5157">
    <p class='ocr_par' dir='ltr' id='par_1_103' title="bbox 1901 5075 3454 5157">
     <span class='ocr_line' id='line_1_103' title="bbox 1901 5075 3454 5157; baseline -0.013 -14"><span class='ocrx_word' id='word_1_696' title='bbox 1901 5090 2152 5142; x_wconf 90' lang='lat' dir='ltr'><strong>vinorum</strong></span> <span class='ocrx_word' id='word_1_697' title='bbox 2197 5099 2423 5157; x_wconf 87' lang='lat' dir='ltr'><strong>operum</strong></span> <span class='ocrx_word' id='word_1_698' title='bbox 2458 5083 2680 5149; x_wconf 87' lang='lat' dir='ltr'><strong>laudes,</strong></span> <span class='ocrx_word' id='word_1_699' title='bbox 2717 5082 2783 5136; x_wconf 89' lang='lat' dir='ltr'><strong>de</strong></span> <span class='ocrx_word' id='word_1_700' title='bbox 2825 5076 3094 5135; x_wconf 82' lang='lat' dir='ltr'><strong>sacriﬁcio</strong></span> <span class='ocrx_word' id='word_1_701' title='bbox 3138 5075 3454 5144; x_wconf 81' lang='lat' dir='ltr'><strong>dignitatem</strong></span> 
     </span>
    </p>
   </div>
   <div class='ocr_carea' id='block_1_104' title="bbox 1901 5166 3455 5247">
    <p class='ocr_par' dir='ltr' id='par_1_104' title="bbox 1901 5166 3455 5247">
     <span class='ocr_line' id='line_1_104' title="bbox 1901 5166 3455 5247; baseline -0.012 -14"><span class='ocrx_word' id='word_1_702' title='bbox 1901 5192 2056 5233; x_wconf 86' lang='lat' dir='ltr'><strong>suam</strong></span> <span class='ocrx_word' id='word_1_703' title='bbox 2086 5184 2377 5247; x_wconf 84' lang='lat' dir='ltr'><strong>superante</strong></span> <span class='ocrx_word' id='word_1_704' title='bbox 2416 5188 2476 5231; x_wconf 85' lang='lat' dir='ltr'><strong>se</strong></span> <span class='ocrx_word' id='word_1_705' title='bbox 2512 5180 2732 5245; x_wconf 88' lang='lat' dir='ltr'><strong>purgat,</strong></span> <span class='ocrx_word' id='word_1_706' title='bbox 2765 5172 2833 5227; x_wconf 86' lang='lat' dir='ltr'><strong>ad</strong></span> <span class='ocrx_word' id='word_1_707' title='bbox 2860 5169 3134 5227; x_wconf 87' lang='lat' dir='ltr'><strong>Christum</strong></span> <span class='ocrx_word' id='word_1_708' title='bbox 3169 5166 3320 5235; x_wconf 82' lang='lat' dir='ltr'><strong>prius</strong></span> <span class='ocrx_word' id='word_1_709' title='bbox 3361 5174 3455 5216; x_wconf 81' lang='lat' dir='ltr'><strong>ex-</strong></span> 
     </span>
    </p>
   </div>
   <div class='ocr_carea' id='block_1_105' title="bbox 1532 5546 2195 5605">
    <p class='ocr_par' dir='ltr' id='par_1_105' title="bbox 1532 5546 2195 5605">
     <span class='ocr_line' id='line_1_105' title="bbox 1532 5546 2195 5605; baseline -0.005 -1"><span class='ocrx_word' id='word_1_710' title='bbox 1532 5547 1761 5605; x_wconf 75' lang='lat' dir='ltr'><strong>VARLE</strong></span> <span class='ocrx_word' id='word_1_711' title='bbox 1796 5546 2195 5604; x_wconf 83' lang='lat' dir='ltr'><strong>LECTIONES.</strong></span> 
     </span>
    </p>
   </div>
   <div class='ocr_carea' id='block_1_106' title="bbox 304 5693 3429 5774">
    <p class='ocr_par' dir='ltr' id='par_1_106' title="bbox 304 5693 3429 5774">
     <span class='ocr_line' id='line_1_106' title="bbox 304 5693 3429 5774; baseline -0.003 -14"><span class='ocrx_word' id='word_1_712' title='bbox 304 5707 344 5738; x_wconf 74' lang='lat'>“</span> <span class='ocrx_word' id='word_1_713' title='bbox 370 5703 761 5765; x_wconf 82' lang='grc' dir='ltr'>ἐνεπεπτώκει,</span> <span class='ocrx_word' id='word_1_714' title='bbox 790 5705 887 5760; x_wconf 88' lang='lat' dir='ltr'><strong>Ch.</strong></span> <span class='ocrx_word' id='word_1_715' title='bbox 912 5705 1276 5768; x_wconf 80' lang='grc' dir='ltr'>ἐκπεπτώκει,</span> <span class='ocrx_word' id='word_1_716' title='bbox 1306 5705 1372 5757; x_wconf 82' lang='grc' dir='ltr'><strong>Μ.</strong></span> <span class='ocrx_word' id='word_1_717' title='bbox 1402 5704 1458 5758; x_wconf 89' lang='lat' dir='ltr'><strong>S.</strong></span> <span class='ocrx_word' id='word_1_718' title='bbox 1486 5706 1543 5758; x_wconf 85' lang='grc' dir='ltr'><strong>Β.</strong></span> <span class='ocrx_word' id='word_1_719' title='bbox 1606 5704 1649 5736; x_wconf 85' lang='grc'><strong>¹¹²</strong></span> <span class='ocrx_word' id='word_1_720' title='bbox 1682 5701 2123 5774; x_wconf 68' lang='grc' dir='ltr'>μετασκευάσασα</span> <span class='ocrx_word' id='word_1_721' title='bbox 2150 5699 2271 5774; x_wconf 33' lang='grc'><strong>[5.-</strong></span> <span class='ocrx_word' id='word_1_722' title='bbox 2285 5700 2340 5753; x_wconf 80' lang='grc' dir='ltr'><strong>Ρ.</strong></span> <span class='ocrx_word' id='word_1_723' title='bbox 2376 5701 2433 5753; x_wconf 90' lang='grc' dir='ltr'><strong>Ι).</strong></span> <span class='ocrx_word' id='word_1_724' title='bbox 2468 5699 2565 5755; x_wconf 85' lang='lat' dir='ltr'><strong>Clt.</strong></span> <span class='ocrx_word' id='word_1_725' title='bbox 2602 5698 2721 5755; x_wconf 64' lang='grc' dir='ltr'><strong>δην.</strong></span> <span class='ocrx_word' id='word_1_726' title='bbox 2763 5708 2809 5756; x_wconf 88' lang='lat' dir='ltr'><strong>ct</strong></span> <span class='ocrx_word' id='word_1_727' title='bbox 2837 5697 2985 5754; x_wconf 67' lang='grc' dir='ltr'><strong>Ἥρη,</strong></span> <span class='ocrx_word' id='word_1_728' title='bbox 3031 5697 3074 5729; x_wconf 75' lang='grc'><strong>⁵³</strong></span> <span class='ocrx_word' id='word_1_729' title='bbox 3102 5693 3343 5761; x_wconf 60' lang='grc' dir='ltr'>ὑποδείξω</span> <span class='ocrx_word' id='word_1_730' title='bbox 3357 5707 3429 5750; x_wconf 67' lang='lat' dir='ltr'><strong>zu</strong></span> 
     </span>
    </p>
   </div>
   <div class='ocr_carea' id='block_1_107' title="bbox 226 5771 2468 5848">
    <p class='ocr_par' dir='ltr' id='par_1_107' title="bbox 226 5771 2468 5848">
     <span class='ocr_line' id='line_1_107' title="bbox 226 5771 2468 5848; baseline -0.003 -14"><span class='ocrx_word' id='word_1_731' title='bbox 226 5775 291 5835; x_wconf 86' lang='lat' dir='ltr'><strong>P.</strong></span> <span class='ocrx_word' id='word_1_732' title='bbox 325 5775 385 5832; x_wconf 86' lang='grc' dir='ltr'><strong>Β.</strong></span> <span class='ocrx_word' id='word_1_733' title='bbox 476 5777 523 5810; x_wconf 65' lang='grc'><strong>’⁵⁵</strong></span> <span class='ocrx_word' id='word_1_734' title='bbox 552 5776 870 5845; x_wconf 83' lang='grc' dir='ltr'>θεολογίαις,</span> <span class='ocrx_word' id='word_1_735' title='bbox 902 5777 956 5833; x_wconf 75' lang='grc' dir='ltr'><strong>Ρ.</strong></span> <span class='ocrx_word' id='word_1_736' title='bbox 1001 5777 1045 5811; x_wconf 68' lang='grc'><strong>’⁵⁸</strong></span> <span class='ocrx_word' id='word_1_737' title='bbox 1073 5776 1230 5831; x_wconf 79' lang='grc' dir='ltr'>τοῦτο</span> <span class='ocrx_word' id='word_1_738' title='bbox 1256 5780 1383 5848; x_wconf 82' lang='grc' dir='ltr'>γάρ,</span> <span class='ocrx_word' id='word_1_739' title='bbox 1412 5777 1509 5832; x_wconf 88' lang='lat' dir='ltr'><strong>Clt.</strong></span> <span class='ocrx_word' id='word_1_740' title='bbox 1547 5774 1604 5828; x_wconf 90' lang='lat' dir='ltr'><strong>D.</strong></span> <span class='ocrx_word' id='word_1_741' title='bbox 1634 5771 1692 5829; x_wconf 65' lang='grc' dir='ltr'><strong>δέ</strong></span> <span class='ocrx_word' id='word_1_742' title='bbox 1722 5774 1781 5828; x_wconf 84' lang='grc' dir='ltr'><strong>Β.</strong></span> <span class='ocrx_word' id='word_1_743' title='bbox 1826 5774 1868 5806; x_wconf 58' lang='grc' dir='ltr'>ιθ</span> <span class='ocrx_word' id='word_1_744' title='bbox 1895 5774 2127 5846; x_wconf 73' lang='grc' dir='ltr'>νοητοῖς,</span> <span class='ocrx_word' id='word_1_745' title='bbox 2157 5772 2213 5825; x_wconf 82' lang='lat' dir='ltr'><strong>S.</strong></span> <span class='ocrx_word' id='word_1_746' title='bbox 2252 5771 2309 5825; x_wconf 82' lang='lat' dir='ltr'><strong>P.</strong></span> <span class='ocrx_word' id='word_1_747' title='bbox 2344 5774 2468 5828; x_wconf 52' lang='lat' dir='ltr'><strong>S‘ar.</strong></span> 
     </span>
    </p>
   </div>
  </div>
