3874 6228
351 5619 358 5624 ·
448 5606 740 5676 ῦγιέστστα
769 5609 905 5676 lege.
969 5607 1013 5638 ⁸³
1042 5608 1174 5676 πρὸς
1199 5607 1380 5666 αὐτόν,
1411 5608 1478 5660 Μ.
1510 5607 1566 5659 l'.

421 283 526 336 H3

1639 279 1691 336 S.
1731 279 2027 337 DIONYSII
2065 279 2522 337 ΑΒΕΟΡᾹΩΙΤᾸΞ

3553 276 3658 330 ιιι

423 393 708 452 clamando
733 414 746 450 :
782 395 862 452 Tn
889 394 1071 450 dixisti
1109 411 1125 450 :
1162 393 1278 448 Hoc
1305 397 1461 462 facile
1487 397 1540 448 in
1570 411 1735 448 meam
1761 412 1985 448 comme-

2094 394 2213 448 Εἶτα
2243 397 2340 464 τῆς
2368 396 2694 466 θεομιμήτου
2721 393 2921 465 ταύτης
2944 392 3249 465 ἱερουργίας
3264 394 3409 460 ἄξιος
3430 394 3659 464 αίτησας

423 489 766 542 morationem
815 490 865 542 Ιι.
913 489 1201 543 Postulans
1240 487 1434 541 deinde
1461 487 1562 540 hoc
1593 487 1866 540 sacrilicio
1891 485 1982 539 Dei

366 613 373 624 ι
423 579 728 634 imitatione
754 579 948 650 dignus
987 579 1147 641 elIici,
1179 595 1277 632 nec
1322 594 1428 632 non
1463 579 1758 632 secundum
1782 578 1982 631 Christi

423 669 834 724 similitudinem
884 672 1067 724 divina
1115 670 1427 732 celebrare,
1472 669 1803 738 oumiuoque
1849 683 1984 736 pure

421 763 772 827 distribuere,
809 777 1014 831 eosque
1055 763 1144 830 qui
1184 777 1466 816 sacrorum
1503 760 1670 815 futuri
1702 770 1830 815 sunt
1857 775 1984 829 par-

420 855 614 921 ticipes
647 856 1052 926 mysteriorum,
1087 855 1278 908 iisdem
1310 853 1473 922 digne
1504 861 1803 920 sancteque
1833 867 1984 906 com-

419 947 717 1010 municare,
768 945 1108 999 divinissima
1165 945 1252 998 illa
1303 945 1561 1015 mysteria
1617 942 1878 1006 celebrat,
1929 952 1984 996 et

413 1036 522 1106 jam
556 1047 898 1100 consecrata,
936 1038 1036 1091 sub
1075 1037 1335 1108 symbolis
1359 1035 1656 1106 prapositis
1691 1035 1794 1088 ritu
1825 1049 1982 1089 sacro

418 1129 642 1185 visenda
695 1131 974 1199 proponit;
1023 1130 1289 1198 siquidem
1343 1139 1538 1198 operto
1589 1127 1982 1196 individuoque

418 1237 554 1291 pane
592 1221 855 1280 revelato.
883 1230 938 1274 et
965 1222 1016 1274 in
1049 1220 1215 1274 multa
1252 1219 1448 1282 diviso,
1480 1217 1861 1288 singularique
1892 1232 1985 1270 ca-

419 1312 522 1367 lice
560 1313 812 1367 omnibus
843 1312 1138 1380 impertito,
1177 1313 1436 1365 unitatem
1475 1310 1770 1380 symbolice
1802 1308 1986 1362 multi-

415 1403 589 1472 plicat
645 1401 1077 1470 distribuitque,
1134 1412 1542 1456 sacrosanctum
1600 1401 1653 1454 in
1708 1402 1772 1454 iis
1827 1399 1984 1470 197

415 1494 744 1549 sacriﬁcium
787 1495 1240 1548 consummando.
1295 1493 1527 1548 Unicum
1570 1494 1715 1548 enim
1750 1491 1876 1546 illud
1920 1505 1986 1544 ac

415 1586 643 1654 simplex
692 1601 1064 1656 arcanumque
1117 1585 1244 1640 Jcsu
1297 1587 1532 1639 Verbum
1583 1585 1982 1637 divinissimtnn

417 1688 511 1742 per
540 1674 967 1742 assumptionem
1020 1675 1375 1728 humanitatis
1415 1685 1634 1737 nostrae,
1669 1675 1720 1728 in
1765 1688 1984 1739 compo-

415 1765 671 1819 sitionem
705 1765 864 1818 simul
899 1775 954 1819 et
987 1775 1291 1834 aspectum,
1327 1767 1445 1819 sine
1475 1766 1578 1818 ulla
1609 1768 1690 1819 sui
1732 1767 1983 1819 inunuta-

417 1856 585 1920 tinne,
622 1872 719 1924 pro
765 1872 860 1910 sua
906 1857 1151 1910 bonitate
1201 1857 1644 1926 benignitateque
1691 1858 1978 1926 processit,

417 1948 701 2014 nostrique
746 1963 933 2002 secum
979 1949 1230 2002 unilicain
1267 1951 1707 2003 communionem
1743 1951 1981 2004 benelice

419 2037 775 2107 excogitavit,
806 2053 871 2090 ea
900 2055 1018 2102 qua:
1055 2039 1106 2092 in
1143 2039 1298 2091 nobis
1334 2039 1558 2092 humiha
1590 2050 1717 2092 sunt
1755 2039 1982 2094 divinis-

416 2129 573 2181 simis
615 2130 728 2182 suis
760 2130 960 2183 uuiens
989 2130 1350 2192 excellentiis,
1381 2140 1439 2182 ut
1472 2142 1524 2184 et
1562 2145 1661 2183 nos
1694 2132 1812 2199 ipsi,
1860 2142 1978 2185 tan-

417 2234 578 2287 quam
609 2222 849 2274 membra
874 2222 1117 2290 corpori,
1142 2237 1240 2288 per
1264 2220 1504 2288 ejusdem
1536 2222 1895 2276 inuuaculatze
1919 2239 1983 2276 ac

418 2310 618 2363 divina:
647 2312 773 2364 vita:
803 2312 1143 2366 identitatem
1189 2329 1573 2382 congruamus,
1617 2330 1681 2367 ne
1715 2318 1983 2383 corrunpti-

421 2397 614 2453 bilibus
648 2401 826 2454 necati
860 2403 1220 2470 passionibus,
1252 2402 1453 2456 divinis
1486 2403 1604 2456 istis
1641 2405 1978 2460 sanissimis-

419 2507 525 2560 que
554 2493 810 2548 membris
840 2497 1126 2566 incongrut
1161 2497 1393 2564 vitmque
1448 2497 1737 2567 incapaces
1783 2499 1982 2552 exista-

421 2600 572 2650 mus;
604 2596 818 2655 oportet
850 2589 996 2640 enim
1047 2602 1166 2649 nos,
1199 2589 1242 2640 si
1275 2589 1341 2642 ad
1382 2590 1824 2643 communionem
1867 2589 1982 2656 ejus

421 2677 743 2745 aspiramus,
777 2678 1174 2733 divinissimam
1195 2678 1314 2745 ejus
1347 2681 1399 2734 in
1433 2694 1601 2735 carne
1637 2683 1801 2735 vitam
1848 2700 1981 2736 cono

423 2769 694 2835 templari,
722 2779 883 2836 atque
909 2776 1154 2822 sanctam
1199 2769 1368 2838 ipsius
1403 2771 1826 2840 impeccantiam
1861 2774 1985 2827 imi-

2089 488 2360 555 γενέσθαι,
2395 490 2487 540 καὶ
2515 492 2580 559 τῇ
2613 489 2748 558 πρὸς
2791 488 2951 540 αὐτὸν
2980 488 3022 518 ’⁵⁷
3063 486 3294 558 Χριστὸν
3324 486 3657 556 ἀφομοιώσει

2086 577 2155 629 τὰ
2199 577 2314 629 θεῖα
2353 578 2588 640 τελέσαι,
2619 577 2712 629 καὶ
2737 577 3003 630 διαδοῦναι
3042 578 3350 644 πανάγνως,
3396 578 3491 629 καὶ
3531 576 3657 639 τοὺς

2087 669 2194 720 τῶν
2221 669 2380 739 ίερῶν
2409 667 2729 738 μεθέξοντας
2753 668 3090 738 ἱεροπρεπῶς
3114 671 3418 738 μετασχεῖν,
3450 669 3659 738 ἱερουρ-

2085 762 2174 826 γεῖ
2209 759 2275 810 τὰ
2300 758 2568 818 θειότατα,
2600 758 2697 810 καὶ
2734 757 2823 809 ὑπ’
2858 757 2978 826 ὄψιν
3008 757 3128 824 ἀγει
3155 757 3222 809 τὰ
3253 757 3538 827 ὑμνημένα
3571 756 3658 808 διὰ

2084 853 2190 904 τῶν
2236 853 2394 922 ίερὼς
2445 851 2817 922 προκειμένων
2865 852 3176 921 συμϐόλων·
3220 853 3309 904 τὸν
3353 851 3462 923 γὰρ
3501 854 3658 919 ἐγκε-

2088 943 2439 1014 καλυμμένον
2471 945 2562 997 καὶ
2613 943 2911 1014 ἀδιαίρετον
2955 943 3117 1015 ἄρτον
3150 943 3518 1012 ἀνακαλύψας,
3565 945 3658 996 καὶ

2086 1035 2164 1096 είς
2196 1033 2363 1084 πολλά
2389 1033 2595 1095 διελὼν,
2627 1033 2720 1086 καὶ
2752 1033 2812 1085 τὸ
2859 1035 3055 1085 ὲνιαῖον
3081 1032 3175 1085 τοῦ
3223 1034 3482 1103 ποτηρίου
3525 1035 3658 1086 πᾶσι

2088 1126 2479 1194 καταμερίσας,
2518 1123 2857 1194 συμϐολικῶς
2897 1124 2995 1194 τὴν
3019 1124 3244 1194 ἑνότητα
3286 1124 3545 1194 πληθύνει
3592 1126 3657 1188 ⁸⁸,

2087 1217 2181 1270 καὶ
2221 1217 2480 1286 διανέμει,
2532 1216 2949 1286 παναγεστάτην
2990 1217 3046 1267 ὲν
3086 1213 3293 1277 τούτοις
3347 1216 3661 1287 ἱερουργίαν

2085 1309 2272 1360 τελῶν.
2314 1307 2385 1359 Τὸ
2427 1307 2535 1378 γὰρ
2580 1307 2636 1359 ἓν
2675 1307 2766 1360 καὶ
2811 1304 3014 1358 ἁπλοῦν
3065 1308 3156 1359 καὶ
3200 1305 3428 1377 κρύφιον
3485 1307 3660 1375 Ἰησοῦ

2086 1399 2180 1452 τοῦ
2208 1399 2641 1470 θεαρχικωτάτου
2664 1399 2823 1466 λόγου
2848 1402 2913 1468 τῇ
2939 1398 3060 1451 καθ’
3082 1400 3227 1468 ἡμᾶς
3252 1399 3406 1452 ὲνανθ
3417 1400 3662 1470 ρωπήσει

2089 1492 2223 1563 πρὸς
2255 1492 2316 1544 τὸ
2349 1491 2595 1543 σύνθετόν
2621 1507 2684 1542 τε
2711 1491 3022 1562 καὶτόρατὸν
3055 1490 3423 1553 ἀναλλοιώτως
3451 1491 3495 1520 ⁸⁸
3520 1492 3662 1558 ἁγα-

2089 1583 2271 1651 θότητι
2313 1581 2406 1633 καὶ
2451 1581 2826 1651 φιλανθρωπίᾳ,
2861 1581 3213 1652 προελήλυθε,
3244 1582 3335 1633 καὶ
3377 1583 3476 1652 τὴν
3524 1581 3664 1650 πρὸς

2092 1674 2250 1726 αὑτὸν
2272 1673 2426 1742 ἡμῶν
2443 1673 2680 1724 ἑνοποιὸν
2705 1673 2986 1725 κοινωνίαν
3013 1671 3366 1742 ἀγαθουργῶς
3389 1673 3663 1742 διεπραγ-

2095 1765 2414 1836 ματεύσατο,
2460 1765 2527 1817 τὰ
2570 1765 2690 1818 καθ’
2723 1767 2865 1834 ἡμᾶς
2909 1767 3138 1818 ταπεινά
3190 1770 3300 1828 τοῖς
3365 1767 3665 1828 θειοτάτοις

2091 1857 2255 1910 αὐτοῦ
2289 1859 2407 1910 κατ’
2437 1857 2602 1928 ἀκρον
2637 1857 2859 1921 ὲνώσας,
2903 1859 3062 1930 εἴπερ
3095 1860 3187 1912 καὶ
3224 1861 3382 1929 ἡμεῖς
3408 1859 3484 1922 ὡς
3523 1860 3668 1930 μέλη

2093 1948 2302 2018 σώματι
2347 1949 2392 1978 ⁵⁸
2419 1949 2976 2019 συναρμολογηθῶμεν
3003 1949 3168 2020 αὐτῷ,
3196 1949 3334 2002 κατά
3369 1951 3428 2002 τὸ
3468 1951 3666 2003 ταύτὸν

2089 2038 2188 2107 τῆς
2215 2039 2491 2110 ἀλωῦήτου
2533 2042 2626 2093 καὶ
2669 2040 2817 2102 θείας
2860 2041 3025 2112 ζωῆς,
3073 2041 3166 2094 καὶ
3206 2041 3278 2111 μὴ
3313 2044 3422 2103 τοῖς
3465 2041 3665 2111 φθορο-

2091 2137 2265 2196 ποιοῖς
2310 2133 2504 2186 πάθεσι
2569 2132 3072 2203 κατανεκρωθέντες
3100 2172 3114 2194 ,
3184 2132 3516 2202 ἀνάρμοστοι
3570 2132 3669 2184 καὶ

2089 2226 2372 2296 ἀκόλλητοι
2404 2228 2495 2278 καὶ
2538 2225 2772 2289 ἀσύζωοι
2797 2226 3080 2296 γενώμεθα
3106 2229 3147 2257 ⁵¹
3196 2226 3330 2296 πρὸς
3359 2225 3478 2278 θεῖα
3525 2225 3667 2294 μέλη

2089 2318 2185 2369 καὶ
2219 2318 2514 2384 ὑγιέστατα
2554 2319 2631 2348 "-
2667 2319 2770 2388 χρὴ
2799 2319 2906 2388 γὰρ
2929 2319 3094 2387 ἡμᾶς,
3133 2319 3180 2370 εί
3203 2318 3301 2388 τῆς
3330 2317 3467 2387 πρὸς
3503 2316 3670 2370 αὑτὸν

2088 2410 2354 2481 ἐφιέμεθα
2395 2413 2698 2474 κοινωνίας,
2739 2415 2816 2474 εἰς
2854 2413 2950 2482 τὴν
2989 2410 3268 2482 θειοτάτην
3312 2409 3476 2464 αὑτοῦ
3521 2411 3670 2464 κατά

2092 2501 2267 2570 σάρκα
2311 2500 2456 2570 ζωὴν
2500 2499 2928 2563 ἀποσκοπεῦσαι,
2972 2502 3065 2553 καὶ
3103 2503 3168 2571 τῇ
3213 2501 3350 2571 πρὸς
3401 2500 3576 2568 αὐτὴν
3621 2500 3669 2532 ⁸³

2092 2591 2422 2661 ἀφομοιώσει
2447 2593 2545 2662 τῆς
2580 2594 2728 2664 ἱερᾶς
2766 2593 3179 2663 ἀναμαρτησίας
3216 2595 3295 2655 εἰς
3319 2593 3417 2662 τὴν
3455 2591 3672 2661 θεοειδῆ

2093 2687 2188 2738 καὶ
2218 2685 2492 2756 ἀλωϐητον
2513 2685 2625 2748 ἕξιν
2648 2685 2972 2756 ἀναδραμεῖν
2993 2701 3005 2713 ·
3037 2683 3176 2736 οῦτω
3198 2683 3304 2754 γὰρ
3330 2682 3673 2753 ἐναρμονίοις

2092 2777 2222 2846 ἡμῖν
2244 2779 2340 2848 τὴν
2368 2779 2502 2849 πρὸς
2526 2778 2586 2830 τὺ
2613 2778 2793 2848 ὅμοιον
2817 2779 3097 2829 κοινωνίαν
3124 2778 3445 2848 δωρήσεται.

424 2862 609 2926 tando,
634 2864 699 2917 ad
734 2864 1052 2919 dcil'ormem
1085 2873 1140 2920 et
1171 2865 1580 2920 inuuaculatum
1612 2877 1814 2922 statum
1859 2869 2227 2938 contendere;
2282 2872 2383 2926 hac
2431 2882 2664 2940 namque
2701 2871 2930 2936 ratione,
2995 2880 3157 2940 prout
3197 2871 3349 2926 nobis
3388 2854 3663 2940 congruit,

422 2955 831 3012 similitudinem
871 2972 1024 3013 suam
1052 2961 1496 3015 communicabit.

1943 3078 2170 3153 §Xlll.

495 3261 618 3316 Haec
662 3263 899 3330 pontitev
947 3263 1105 3316 rebus
1150 3264 1214 3318 iis
1256 3278 1374 3332 quae
1424 3264 1798 3319 sacriﬁcantur
1847 3269 1986 3323 insi-

2165 3268 2348 3320 Ταῦτα
2369 3270 2480 3331 τοῖς
2500 3269 2666 3338 ’ίερῶς
2683 3270 2729 3300 ³³
2751 3269 3044 3341 δρωμένοις
3059 3271 3088 3322 ὁ
3114 3269 3374 3340 ίεράρχης
3394 3270 3673 3339 ἐμφαίνει,

424 3363 574 3419 nuat,
609 3353 735 3406 dum
769 3353 982 3407 obtecta
1030 3369 1257 3408 munera
1310 3357 1363 3410 in
1413 3366 1658 3424 apertum
1716 3359 1986 3426 producit,

425 3445 771 3513 ipsorumque
806 3447 1067 3500 unitatem
1098 3447 1150 3500 in
1184 3447 1338 3516 plura
1381 3449 1592 3512 dividit,
1637 3459 1686 3502 et
1723 3463 1819 3516 per
1844 3464 1990 3503 sum-

426 3550 570 3589 mam
603 3549 780 3589 rerum
805 3535 1217 3589 distributarum
1250 3551 1372 3590 cum
1400 3539 1817 3607 suscipientibus
1845 3539 1991 3591 unio-

426 3643 574 3690 nem,
602 3627 914 3680 earumdem
949 3636 1233 3682 consortes
1273 3629 1450 3683 reddit
1479 3645 1572 3685 eos
1611 3631 1702 3699 qui
1744 3645 1990 3684 commu-

428 3721 638 3773 nicant.
675 3719 946 3772 Describit
979 3720 1122 3773 enim
1159 3719 1242 3774 his
1278 3721 1612 3774 sensibiliter
1648 3721 1774 3774 dum
1810 3720 1863 3774 in
1910 3736 1992 3774 as-

426 3819 642 3878 pectum
678 3810 826 3863 ducit
855 3807 1036 3862 Jesum
1063 3809 1360 3876 Christum,
1413 3811 1710 3879 spiritalem
1751 3821 1992 3866 nostram

431 3897 595 3951 veluti
617 3897 919 3964 inimagine
950 3900 1136 3964 vitam,
1160 3913 1222 3952 ex
1257 3900 1435 3953 abdito
1456 3902 1545 3954 illo
1572 3902 1874 3955 divinitatis
1898 3917 1994 3970 per

431 3987 731 4042 absolutam
763 3999 815 4042 et
839 3989 1173 4045 inconfusam
1196 3991 1550 4046 humanitatis
1571 4002 1768 4047 nostra:
1786 4009 1998 4048 assum-

431 4081 692 4148 ptionem,
741 4081 972 4150 benigne
1005 4091 1245 4135 nostram
1279 4084 1513 4152 Speciem
1544 4083 1878 4151 induentem,
1910 4095 1995 4138 at-

429 4191 538 4244 que
565 4174 630 4228 ad
660 4174 1032 4229 dividuitatem
1066 4185 1304 4230 nostram
1352 4179 1469 4232 sine
1505 4180 1588 4232 sui
1623 4180 1999 4235 immutatione

430 4283 499 4322 ex
527 4267 729 4322 unitate
760 4266 988 4320 naturali
1017 4267 1392 4337 prodeuntem,
1427 4285 1629 4340 perque
1661 4272 1800 4326 hanc
1832 4272 1997 4326 bene-

433 4361 589 4415 ticam
618 4359 985 4427 clementiam,
1015 4360 1082 4413 ad
1113 4362 1192 4414 sui
1224 4362 1598 4430 bonorumque
1623 4378 1844 4418 suorum
1877 4378 2000 4432 par-

432 4452 796 4519 ticipationem
825 4470 992 4526 genus
1026 4455 1314 4509 humanum
1344 4453 1682 4520 invitantem,
1709 4454 2002 4509 dummodo

433 4542 779 4598 divinissima;
805 4546 971 4616 ipsius
990 4546 1115 4600 vitae
1143 4544 1550 4614 conjungamur,
1573 4559 1670 4613 pro
1694 4544 1834 4598 virili
1855 4543 2000 4598 illam

2092 3357 2162 3410 τά
2200 3358 2296 3428 μὲν
2321 3358 2777 3428 ὲγκεκαλυμμένα
2803 3360 2951 3430 δῶρα
2984 3360 3121 3428 πρὸς
3142 3360 3201 3412 τὸ
3225 3361 3462 3430 ἐμφανὲς
3498 3361 3670 3426 ἄγων,

2091 3449 2152 3501 τὸ
2177 3448 2232 3500 δὲ
2271 3450 2468 3500 ἐνιαῖον
2502 3449 2678 3500 αὐτῶν
2712 3451 2790 3512 εἰς
2827 3449 2995 3502 πολλὰ
3031 3448 3287 3513 διαιρῶν,
3325 3450 3420 3500 καὶ
3457 3451 3524 3517 τῇ
3562 3446 3673 3500 τῶν

2091 3538 2490 3609 διανεμομένων
2525 3539 2659 3610 πρὸς
2699 3539 2764 3592 τά
2790 3541 2844 3591 ὲν
2883 3537 2962 3602 οἷς
2995 3540 3237 3608 γίγνεται
3274 3540 3392 3592 κατ’
3429 3540 3600 3609 ἀκρον
3625 3539 3671 3570 ⁵⁸

2095 3631 2305 3693 ὲνώσει,
2333 3631 2623 3692 κοινωνοὺς
2650 3630 2826 3683 αὐτῶν
2854 3630 3132 3683 ἀποτελῶν
3171 3631 3295 3692 τοὺς
3321 3628 3668 3699 μετέχοντας.

2096 3725 2395 3794 Διαγράφει
2422 3722 2530 3793 γὰρ
2567 3725 2624 3774 ὲν
2649 3722 2856 3785 τούτοις
2895 3721 3197 3793 αἰσθητῶς,
3233 3721 3323 3774 ὑπ’
3363 3721 3485 3789 ὄψιν
3525 3721 3671 3787 ἄγων

2109 3815 2315 3887 Ἰησοῦν
2338 3816 2427 3867 τὸν
2453 3815 2706 3885 Χριστὸν,
2740 3816 2838 3884 τὴν
2875 3816 3067 3885 νοητὴν
3105 3813 3259 3883 ἡμῶν
3296 3814 3372 3876 ὡς
3409 3815 3466 3865 ὲν
3499 3813 3672 3866 είκόσι

2097 3903 2263 3976 ζωὴν,
2293 3905 2356 3958 ὲκ
2387 3904 2480 3956 τοῦ
2505 3904 2644 3957 κατά
2677 3905 2764 3956 τὸν
2789 3904 2940 3954 θεῖον
2963 3903 3008 3933 ⁵⁸
3035 3901 3283 3972 κρυφίου,
3318 3903 3384 3970 τῇ
3421 3899 3675 3951 παντελεῖ

2097 3997 2190 4050 καὶ
2224 3996 2509 4066 ἀσυγχύτῳ
2531 3996 2650 4048 καθ’
2681 3997 2824 4065 ἡμᾶς
2850 3993 3250 4064 ὲνανθρωπήσει
3277 3989 3673 4060 φιλανθρώπως

2099 4089 2157 4155 ἐξ
2203 4088 2416 4159 ἠμῶν⁵⁷
2475 4083 2940 4157 είδοποιούμενον,
2989 4086 3079 4138 καὶ
3125 4085 3260 4155 πρὸς
3310 4083 3374 4135 τὸ
3417 4081 3673 4154 μεριστὸν

2100 4180 2254 4251 ήμῶν
2280 4177 2648 4241 ἀναλλοιώτως
2671 4179 2734 4229 ὲκ
2766 4176 2860 4229 τοῦ
2884 4174 3026 4229 κατὰ
3057 4173 3215 4242 φύσιν
3239 4172 3357 4235 ἐνὸς
3391 4172 3670 4242 προϊόντα,

2101 4271 2301 4340 καιδιά
2323 4272 2419 4342 τῆς
2451 4269 2790 4340 ἀγαθουργοῦ
2813 4267 3016 4338 ταύτης
3044 4263 3452 4336 φιλανθρωπίας
3479 4263 3560 4325 είς
3587 4279 3674 4332 με-

2101 4363 2315 4416 τουσίαν
2338 4361 2530 4415 ἑαυτοῦ
2559 4362 2652 4414 καὶ
2681 4359 2790 4412 τῶν
2823 4359 3038 4412 οἰκείων
3075 4354 3293 4426 ἀγαθῶν
3317 4353 3589 4407 καλοῦντα
3614 4354 3675 4406 τὺ

2102 4451 2435 4524 ἀνθρώπειον
2450 4451 2495 4483 ⁵⁸
2520 4449 2704 4520 φῦλον,
2733 4449 2890 4520 είπερ
2927 4447 3213 4518 ὲνωθῶμεν
3250 4444 3414 4498 αὑτοῦ
3439 4449 3510 4516 τῇ
3538 4445 3676 4498 θειο-

2101 4546 2240 4618 τάτῃ
2285 4545 2418 4615 ζωῇ,
2455 4544 2588 4615 πρὸς
2621 4543 2786 4612 αὐτὴν
2813 4543 2856 4573 ⁵⁵
2899 4539 3056 4611 ἡμῶν
3099 4537 3239 4592 κατά
3274 4538 3504 4609 δυνάμιν
3549 4539 3676 4607 dipo-

433 4633 696 4692 imitando
726 4655 739 4691 :
769 4653 890 4691 nam
920 4639 996 4692 sic
1039 4652 1167 4692 vere
1205 4645 1488 4692 consortes
1519 4637 1612 4692 Dei
1650 4637 1987 4692 divinarum-

2102 4635 2344 4708 μοιώσει,
2377 4636 2472 4687 καὶ
2503 4633 2674 4705 ταύτῃ
2697 4633 2831 4704 πρὸς
2865 4630 3118 4703 ἀλήθειαν
3153 4631 3398 4683 κοινωνοὶ⁵
3418 4629 3558 4683 Θεοῦ
3585 4629 3677 4682 καί

434 4738 542 4794 que
573 4741 751 4782 rerum
777 4730 1068 4798 participes
1099 4729 1405 4784 reddemur.

2099 4727 2206 4780 τῶν
2233 4729 2390 4781 θείων
2409 4725 2949 4796 ἀποτελεσθησόμεθα
2965 4725 3014 4755 ⁶⁰
3027 4757 3042 4772 .

1933 4867 1961 4941 ε
1993 4863 2161 4926 xw.

513 5051 736 5124 Sumpta
766 5055 999 5125 denique
1034 5071 1097 5111 ac
1138 5056 1332 5110 tradita
1374 5055 1707 5110 divinissima
1753 5068 2000 5109 commu-

441 5149 621 5215 nione,
667 5164 769 5202 una
802 5163 922 5201 cum
968 5150 1131 5203 totius
1173 5147 1428 5204 Ect'lesim
1469 5162 1620 5200 sacra
1664 5145 2001 5215 plenitudine

527 5283 698 5338 ILuc.
725 5296 860 5346 χιιι,
887 5283 973 5338 19.

2179 5051 2480 5122 Μετασχὼν
2511 5051 2566 5104 δὲ
2599 5052 2691 5105 καὶ
2729 5052 2987 5123 μεταδοὺς
3021 5053 3120 5124 τῆς
3161 5053 3454 5124 θεαρχικῆς
3492 5071 3682 5107 κοινω-

2105 5143 2242 5206 νίας,
2277 5145 2354 5206 είς
2401 5143 2748 5214 εὐχαριστίαν
2784 5145 2932 5214 ίεράν
2970 5145 3261 5216 καταλήγει
3305 5145 3444 5215 μετά
3482 5146 3682 5206 παντὸς

1817 5395 2050 5452 VARle
2092 5391 2491 5451 LECTIONES.

523 5535 566 5566 ⁸⁷
592 5536 681 5588 τόν
707 5535 766 5589 Ρ.
832 5537 873 5568 ⁵⁸
901 5536 1147 5606 πληθύει,
1178 5537 1279 5590 Ch.
1313 5537 1367 5588 S.
1405 5536 1460 5588 Ρ.
1495 5537 1552 5589 Β.

1659 5539 1695 5566 λε’
1734 5535 2091 5602 ἀναλ).οιὼτ(ῑ)τ
2126 5531 2313 5608 M'HSC‘
2370 5601 2381 5608 .
2411 5531 2454 5608 to
2487 5531 2752 5608 ad’l‘a‘mﬁ.’
2886 5531 2989 5608 BZ.

1635 5609 1678 5637 ⁵³
1709 5610 1890 5692 ἱεροῖς,
1923 5607 1989 5660 Μ.
2023 5591 2112 5657 Sc.
2189 5603 2233 5631 ⁵⁵
2263 5601 2381 5653 κατ’
2413 5591 2656 5685 ἄκαιρον,
2690 5591 2755 5651 Μ.
2783 5599 2871 5654 Sc.
2946 5598 2991 5628 ⁸⁸
3013 5595 3074 5647 τὸ
3100 5591 3270 5653 θεῖον,
3287 5593 3386 5647 Ch.
3419 5593 3477 5645 S.
3515 5591 3580 5645 Ρ.
3625 5594 3684 5648 Β.

1751 5681 1762 5692 .
1851 5677 1889 5692 η
1990 5677 2032 5692 ιη
2063 5676 2120 5692 -ε
2158 5672 2247 5692 --ὶ
2271 5688 2286 5692 -
2317 5670 2370 5692 -.ο
2387 5667 2480 5692 -1.-.
2530 5671 2548 5692 ι
2577 5671 2604 5692 ι.
2661 5669 2700 5692 n
2800 5669 2844 5692 se
2881 5665 3356 5692 -A_._-\--...'.-._...
3415 5661 3459 5692 Il
3519 5662 3590 5692 ε..

2411 5530 2454 5560 ⁵ο
2487 5527 2752 5598 σώματος,
2783 5526 2840 5582 S.
2886 5527 2943 5580 Β.
3041 5526 3082 5598 ξ’
3107 5521 3451 5598 γενοίμεθαᾈ
3515 5523 3566 5598 ξ’
3595 5525 3688 5598 καὶ

451 5661 509 5707 ’τ’
528 5679 605 5740 εἰς
630 5676 790 5746 φύσιν
818 5661 994 5750 ἦμῶν,
1020 5661 1095 5733 ll:
1123 5661 1213 5734 εὶ.
1294 5680 1338 5712 ⁵⁸
1364 5661 1724 5748 ἀνθρώπινον,
1751 5661 1808 5734 ὲ.
1850 5661 1909 5732 β.
1950 5677 2032 5750 ωδε
2060 5676 2125 5741 τῇ
2154 5672 2286 5742 πρὸς
2313 5667 2500 5740 αὑτήν,
2530 5661 2629 5728 Ch.
2657 5669 2721 5726 D.
2800 5669 2844 5702 ⁵ο
2881 5665 3377 5734 Ἀποτελεσμάτων,
3413 5661 3486 5719 Μ.
3519 5662 3614 5720 Sc.
