3874 6228
476 326 577 381 Μ’]
1634 327 1689 382 S.
1728 325 2019 381 DlONYSll
2061 326 2513 387 AREOPAGlT/E
3584 341 3685 395 “8

474 444 619 509 quod
658 452 739 499 est
782 458 879 512 per
925 446 1243 506 essentiam,
1288 442 1469 513 potius
1522 452 1606 498 est
1636 458 1713 515 eo
1745 431 1893 515 ῃυοδ
1936 453 2020 497 est
2060 459 2155 511 per
2182 444 2671 513 participationem.
2724 444 2971 499 Secundo
3013 446 3115 501 hoc
3153 455 3375 515 apparet
3402 463 3469 503 ex
3502 455 3690 508 ordine

472 524 933 571 “cmmemornm
964 520 1029 571 ad
1063 518 1324 575 invicem;
1354 529 1475 567 nam
1501 514 1679 567 omnia
1708 514 1808 567 alia
1841 523 2173 570 sacramenta
2207 516 2449 568 ordinari
2494 517 2743 568 videnlur
2778 516 2841 567 ad
2886 515 2987 569 hoc
3022 514 3416 572 sacramentum
3452 521 3593 576 sicut
3622 526 3687 576 ad

477 590 671 648 finem;
709 586 1049 640 manifestum
1086 598 1167 643 est
1189 586 1359 645 enim,
1385 584 1524 653 quod
1550 596 1944 639 sacrauit-nium
1974 582 2180 636 ordinis
2207 586 2489 637 ordinetur
2515 586 2578 637 ad
2607 586 2951 639 cucharistiaa
2982 590 3469 649 consecrationem,
3501 608 3689 645 sarra-

476 666 713 708 mentum
742 672 869 710 vero
921 658 1175 723 baptismi
1213 656 1505 727 ordinatur
1535 656 1598 705 ad
1619 655 1974 727 eucharistim
2007 655 2479 727 rereptionem,_in
2504 671 2610 723 quo
2642 653 2802 727 etiam
2838 655 3115 725 perficitur
3140 657 3335 725 aliquis
3378 676 3474 727 per
3497 662 3691 717 confir-

474 728 785 787 mationem,
816 736 871 779 nt
906 743 1009 780 non
1043 740 1290 785 vereatur
1319 739 1377 777 se
1428 724 1746 778 subtrahere
1789 740 1816 777 a
1859 724 1948 777 tali
1988 735 2352 778 sacramento.
2391 724 2490 778 Per
2520 724 2888 788 ptenitentiain
2921 727 3087 779 etiam
3136 736 3191 781 et
3233 724 3534 783 extremam
3592 749 3691 785 un-

475 796 708 870 rtionem
744 810 1077 870 praeparatur
1105 799 1266 854 homo
1304 796 1367 849 ad
1418 796 1931 870 diguesumendum
1977 808 2170 870 corpus
2206 794 2430 870 Christi.
2476 795 3066 870 Matrimoniumetiam
3102 798 3420 870 saltemsua
3482 802 3691 870 signifi-

473 865 686 937 catione
734 863 951 933 attingit
983 868 1081 921 hoc
1111 873 1535 937 sacramentum,
1582 864 1632 937 in
1677 874 1938 937 quantum
1987 863 2275 937 significat
2300 865 2733 934 conjunctionem
2779 867 2983 922 Christi
3036 877 3089 919 et
3118 866 3373 922 Ecclesia!
3428 877 3473 934 td
3535 863 3688 937 cujus

473 936 678 1012 unitas_
714 954 804 1001 per
857 931 1252 1012 sacramentum
1308 934 1983 1012 eucharisticeligtiratur._
2032 931 2215 1012 Tertio
2266 935 2366 1012 hoc
2397 931 2644 1012 Iapparet
2702 951 2765 990 ex
2815 938 2919 990 ritu
2985 931 3481 1012 sacramentorum;
3531 931 3691 1012 199

471 1020 593 1057 nam
657 1005 768 1061 fere
824 1009 1002 1061 omnia
1059 1016 1417 1067 sacramenta,
1478 1006 1552 1057 uti
1610 1005 1891 1074 Dionysius
1937 1006 2029 1067 ait,
2090 1006 2141 1057 in
2191 1005 2517 1060 eucharistia
2578 1017 3039 1060 consummantur.
3078 1006 3211 1060 Hinc
3243 1024 3430 1063 recens
3454 1005 3689 1066 ortﬁriaii

471 1079 967 1141 rommuuicant,et
997 1080 1158 1132 etiam
1189 1076 1463 1149 baptizati,
1498 1075 1542 1128 si
1582 1075 1690 1128 sint
1716 1075 1903 1149 adulti.
1926 1075 2183 1149 _Alio_rum
2232 1085 2412 1127 autem
2462 1087 2926 1149 sacramentorum
2972 1077 3035 1129 ad
3089 1077 3315 1131 invicem
3350 1083 3689 1149 comparatio

472 1156 643 1209 potest
673 1161 791 1200 esse
828 1148 1137 1215 multiplex;
1172 1164 1293 1202 nam
1329 1148 1382 1199 in
1416 1148 1500 1197 via
1545 1146 1885 1198 necessitatis
1926 1146 2227 1214 baptismus
2274 1156 2355 1199 est
2406 1146 2746 1213 potissimum
2777 1156 3277 1203 sacramentorum:
3311 1149 3359 1200 in
3391 1146 3687 1204 via'antem

472 1215 814 1279 perfectionis
839 1214 1236 1271 sacramentum
1275 1216 1502 1273 ordinis.
1534 1216 1709 1268 medio
1741 1226 1919 1269 autem
1948 1216 2104 1268 modo
2134 1230 2189 1267 se
2221 1214 2379 1269 habet
2415 1226 2813 1269 sacramentum
2863 1217 3325 1281 confirmationis;
3368 1234 3689 1273 sacramen-

473 1293 583 1337 tum
616 1302 743 1340 vero
766 1288 1094 1354 pmnitentim
1119 1298 1171 1341 et
1196 1296 1452 1341 extrema!
1479 1286 1753 1337 unctionis
1799 1295 1921 1338 sunt
1961 1286 2235 1341 inferioris
2270 1288 2466 1354 gradus
2496 1302 2523 1339 a
2574 1287 2843 1353 praedictis
2886 1290 3263 1347 sacramentis,
3312 1289 3437 1355 quia
3481 1291 3691 1344 scilicet

470 1355 537 1424 ad
581 1358 742 1409 vitam
778 1359 1141 1412 Christianam
1176 1373 1278 1411 non
1314 1370 1412 1422 per
1452 1369 1531 1419 se,
1561 1356 1652 1408 sed
1682 1372 1776 1422 per
1819 1356 2071 1410 accidens
2096 1357 2436 1419 ordinantur,
2473 1357 2680 1410 scilicet
2713 1356 2764 1408 in
2800 1357 3097 1409 remedium
3128 1359 3563 1424 supervenientis
3592 1362 3688 1413 de-

472 1423 675 1496 fectus;
712 1427 851 1481 inter
881 1444 1000 1496 quae
1040 1437 1215 1481 tamen
1248 1435 1488 1496 extrema
1519 1425 1699 1496 unctio
1736 1437 2084 1496 comparatur
2116 1426 2181 1477 ad
2217 1426 2615 1492 paenitentiam,
2660 1427 2800 1496 sicut
2844 1423 3289 1496 contirniatio’ad
3332 1430 3687 1496 baptismum,

470 1494 542 1547 ita
576 1498 801 1554 scilicet.
836 1494 1240 1561 utipmnitenlia
1279 1496 1349 1550 sit
1388 1494 1609 1561 majoris
1643 1495 2007 1558 necessitatis,
2047 1496 2139 1549 sed
2171 1508 2409 1548 extrema
2444 1497 2624 1548 unctio
2656 1495 2875 1560 majoris
2911 1495 3275 1563 perfectionis.

538 1565 697 1619 Parte
733 1568 1013 1621 undecima
1047 1570 1154 1637 agit
1180 1568 1245 1621 de
1285 1566 1386 1619 ritu
1415 1566 1570 1637 hujus
1598 1566 1947 1637 sacramenti,
1982 1566 2094 1617 sive
2120 1566 2183 1619 de
2212 1579 2368 1618 sacro
2400 1567 2578 1619 missae
2607 1565 2917 1637 sacrificio,
2942 1566 2991 1616 in
3023 1581 3128 1633 quo
3157 1568 3466 1622 venerabile
3493 1584 3687 1622 sacra-

468 1646 704 1689 mentum
736 1633 1281 1705 consecratur'atque
1309 1635 1618 1689 conficitur.
1651 1633 1761 1705 Ubi
1783 1645 1907 1687 nota
1943 1638 2136 1702 primo,
2167 1638 2431 1700 assignari
2458 1637 2697 1705 quinque
2729 1636 3071 1703 potissimum
3103 1649 3281 1703 partes
3315 1638 3471 1703 hujus
3513 1644 3688 1693 sacri-

468 1705 574 1758 ficii
604 1724 618 1759 :
648 1708 818 1773 prima
850 1716 929 1761 est
959 1704 1470 1762 catechumenorum
1506 1720 1674 1773 usque
1703 1704 1767 1757 ad
1811 1705 2134 1757 oblationem
2180 1707 2330 1774 panis
2362 1715 2416 1757 et
2445 1704 2582 1769 vini;
2618 1706 2849 1759 secunda
2883 1714 2966 1757 est
2994 1705 3222 1769 ipsatnet
3268 1707 3468 1760 oblatio
3512 1713 3679 1775 panis

467 1784 521 1828 et
568 1776 712 1841 vini;
751 1778 907 1830 tertia
962 1789 1046 1831 est
1088 1777 1445 1837 consecratio,
1476 1791 1579 1842 qua
1610 1776 1763 1840 panis
1792 1784 1846 1827 et
1886 1776 2063 1827 viuum
2093 1776 2142 1846 vi
2179 1776 2461 1846 verborum
2506 1775 2705 1829 Christi
2758 1776 2806 1826 in
2849 1776 2964 1841 ejus
3009 1790 3204 1846 corpus
3248 1786 3303 1828 et
3364 1780 3688 1846 sanguinem

467 1851 1080 1913 convertuntur;quarta
1097 1855 1181 1898 est
1204 1846 1404 1901 oblatio
1435 1847 1679 1911 corporis
1711 1855 1762 1897 et
1792 1845 2069 1911 Sanguinis
2099 1844 2324 1903 Christi,
2360 1848 2546 1913 quinta
2578 1855 2660 1897 est
2706 1846 2872 1913 ipsius
2901 1861 3071 1897 sacra:
3103 1845 3289 1899 hostia:
3316 1844 3687 1915 consumptio,

467 1917 579 1967 sive
615 1918 942 1973 communio.
976 1918 1087 1971 Non
1118 1918 1245 1970 facit
1274 1922 1450 1968 autem
1496 1916 1818 1967 mentionem
1851 1915 2131 1967 fractionis
2162 1915 2351 1969 hostiae
2387 1930 2549 1983 sugira
2591 1915 2839 1977 calicem,
2895 1930 2993 1966 nec
3028 1915 3305 1981 utriusque
3340 1919 3687 1969 commistio-

466 1986 568 2037 nis.
603 1984 854 2051 Quasnam
887 1996 1062 2040 autem
1090 2003 1154 2041 ex
1197 1987 1283 2040 his
1312 1983 1552 2054 partibus
1596 1999 1686 2036 seu
1722 1984 2024 2037 actionibus
2053 1995 2295 2052 spectent
2333 1989 2395 2039 ad
2420 1986 2712 2039 essentiam
2744 1985 3022 2047 sacrificii,
3050 1986 3410 2039 diversimode
3440 1990 3688 2039 sentiunt

467 2056 712 2109 doctores
737 2057 785 2108 in
827 2058 887 2111 D.
922 2056 1137 2110 Thema:
1160 2074 1211 2124 ι).
1241 2072 1324 2116 Ill,
1352 2064 1541 2122 quaest.
1573 2054 1661 2107 85.
1697 2054 2046 2107 Communior
2076 2067 2128 2108 et
2153 2056 2331 2109 verior
2370 2056 2579 2109 videtur
2600 2070 2716 2122 qua:
2756 2065 2921 2118 tenet,
2977 2056 3298 2107 sacriﬁcium
3346 2058 3684 2123 potissimum

466 2126 767 2178 consistere
798 2127 847 2179 in
874 2128 1300 2181 consecratione.
1331 2125 1530 2185 Primo,
1570 2124 1694 2191 quia
1734 2124 2057 2176 sacrificium
2091 2134 2329 2177 nostrum
2360 2125 2585 2179 offertur
2617 2127 2666 2177 in
2708 2140 2931 2192 persona
2963 2124 3192 2187 Christi;
3232 2128 3379 2193 atqui
3423 2126 3573 2178 nulla
3605 2140 3687 2180 est

467 2196 611 2249 actio
640 2195 694 2265 in
732 2206 836 2246 tota
874 2197 1134 2265 Liturgia,
1162 2212 1280 2265 quae
1313 2194 1480 2260 magis
1508 2194 1598 2246 fiat
1631 2194 1680 2245 iu
1711 2208 1937 2265 persona
1981 2194 2201 2259 Christi,
2232 2211 2390 2262 quam
2428 2198 2783 2256 consecratio,
2828 2210 2955 2262 ergo
2997 2196 3047 2247 in
3077 2208 3139 2246 ea
3180 2196 3516 2261 potissimum
3552 2212 3685 2249 con-

463 2266 626 2321 sistit.
662 2263 933 2331 Serundo,
965 2262 1087 2335 quia
1126 2262 1451 2320 sacrificium
1486 2272 1741 2335 nostrum
1779 2262 1938 2316 debet
1986 2274 2374 2332 repraesentare
2415 2266 2739 2321 sacrificium
2776 2268 2972 2327 crucis,
3014 2279 3136 2332 quae
3175 2267 3589 2329 repraesentatio
3626 2271 3683 2319 Iit

463 2348 559 2400 per
587 2334 1048 2390 consecrationem
1081 2340 1204 2389 dum
1231 2349 1423 2401 corpus
1465 2341 1519 2387 et
1542 2334 1797 2403 sanguis,
1837 2343 2103 2400 quantum
2141 2344 2223 2387 est
2273 2350 2339 2388 ex
2390 2336 2440 2388 vi
2489 2337 2797 2395 verborum,
2826 2349 3069 2386 seorsum
3120 2344 3389 2403 ponuntur
3421 2345 3680 2403 tanquam

463 2419 659 2471 corpus
683 2415 733 2457 et
766 2407 987 2470 sanguis
1018 2407 1253 2459 victima:
1277 2404 1491 2458 occisae.
1524 2402 1675 2467 Quod
1710 2406 1981 2470 quomodo
2012 2406 2125 2468 fiat,
2169 2406 2288 2458 vide
2326 2406 2484 2457 docte
2525 2421 2587 2458 ac
2622 2404 2766 2457 clare
2798 2404 3129 2470 eXpIicatum
3162 2420 3189 2454 a
3225 2402 3412 2458 Lessio
3454 2402 3549 2457 lib.
3604 2420 3676 2456 xu

466 2475 539 2525 De
576 2474 975 2540 perfectionibus
999 2476 1348 2544 divinis,cap.
1379 2474 1465 2528 15.
1506 2473 1608 2539 Qui
1650 2484 1825 2526 autem
1860 2474 2011 2542 plura
2041 2477 2140 2529 hac
2183 2474 2247 2528 de
2287 2490 2345 2528 re
2390 2475 2679 2535 desiderat,
2707 2474 2850 2543 legat
2890 2472 3195 2527 Gabrielem
3229 2474 3477 2542 Vasquez
3512 2476 3567 2529 in
3624 2492 3682 2529 nt

462 2556 534 2609 p.,
553 2545 910 2613 diSputatioue
933 2546 1058 2601 222.

534 2612 665 2666 Nota
694 2618 947 2678 secundo,
989 2616 1453 2671 consecrationem
1480 2630 1583 2668 non
1615 2613 1729 2668 fieri
1755 2614 1999 2682 precibus
2028 2615 2370 2681 quibusdam,
2404 2625 2463 2669 ut
2505 2614 2721 2682 quidam
2764 2613 2935 2667 Graeci
2967 2612 3173 2677 volunt,
3215 2614 3306 2668 sed
3334 2614 3463 2668 solis
3499 2615 3688 2669 verbis

464 2682 671 2737 homini
704 2686 845 2738 sicut
877 2687 1152 2739 definitum
1182 2698 1263 2741 est
1304 2688 1354 2739 in
1404 2685 1715 2739 Florentino
1762 2686 2011 2743 concilio,
2055 2694 2110 2737 ct
2167 2684 2503 2750 Tridentino,
2547 2700 2681 2740 sess.
2731 2684 2816 2747 15,
2860 2700 2911 2739 c.
2959 2686 3011 2736 5.
3044 2683 3241 2745 Primo,
3274 2688 3399 2750 quia
3429 2684 3687 2739 Christus

464 2768 558 2824 nec
588 2754 721 2806 dixit
754 2770 850 2809 nec
883 2758 983 2811 dici
1017 2758 1174 2824 jussit
1220 2757 1334 2811 illas
1361 2770 1568 2823 preces,
1608 2756 1801 2823 quibus
1834 2756 1929 2821 ipsi
1963 2766 2155 2821 putant
2198 2756 2389 2824 confici
2430 2765 2865 2818 sacramentum;
2901 2770 3020 2806 nam
3055 2769 3228 2819 neque
3274 2755 3555 2821 Scriptura
3591 2770 3687 2809 eas

460 2822 641 2887 habet,
679 2839 848 2893 neque
877 2822 1161 2879 traditione
1186 2822 1397 2881 constat
1430 2841 1547 2879 esse
1575 2822 1886 2879 necessario
1923 2827 2197 2877 dicendas.
2235 2823 2365 2877 Nam
2399 2826 2448 2879 in
2480 2826 2696 2893 liturgia
2732 2826 2940 2886 Latina,
2974 2840 3132 2893 quam
3162 2825 3461 2876 communis
3493 2826 3687 2893 Opinio

461 2901 608 2947 tenet
640 2894 803 2948 fuisse
836 2899 1006 2950 sancti
1053 2895 1193 2949 Petri
1238 2908 1290 2950 et
1317 2896 1628 2957 Clementis,
1664 2910 1766 2947 non
1823 2896 2087 2947 habentur
2125 2896 2227 2948 illa:
2270 2911 2476 2963 preces,
2529 2896 2628 2948 nisi
2682 2905 2807 2947 ante
2855 2895 3018 2947 verba
3070 2894 3301 2963 Domini,
3340 2908 3449 2946 non
3496 2905 3681 2947 autem

460 2974 615 3031 post;
646 2976 699 3019 et
725 2966 775 3017 in
804 2965 1015 3036 lilurgia
1046 2965 1362 3035 Ethiopum
1394 2980 1498 3017 non
1527 2966 1883 3036 reperiuntur.
1921 2964 2090 3028 Adde,
2123 2962 2403 3019 alias’fore
2436 2964 2565 3019 falsa
2591 2965 2687 3036 illa
2720 2968 2879 3017 verba
2913 2963 3112 3017 Christi
3150 2981 3163 3014 :
3210 2962 3323 3036 Hoc
3365 2974 3437 3016 est
3490 2980 3683 3031 corpus

460 3049 650 3097 meum,
690 3035 731 3088 si
764 3045 896 3105 ante
940 3033 1033 3102 per
1077 3033 1261 3105 preces
1291 3038 1408 3089 illas
1436 3036 1801 3101 prazcetlentes
1835 3033 1970 3085 facta
2008 3045 2149 3105 esset
2179 3037 2539 3105 consecratio.
2583 3035 2850 3097 Secundo,
2882 3036 3004 3100 quia
3042 3050 3161 3085 cum
3216 3034 3313 3105 hoc
3363 3048 3686 3087 sacramen-

462 3111 569 3154 tum
602 3106 670 3157 sit
694 3102 1158 3170 subiiinissimmn,
1192 3124 1293 3159 non
1324 3105 1547 3160 decebat
1574 3105 1699 3156 illud
1727 3104 1838 3157 fieri
1875 3104 1976 3155 nisi
2010 3104 2186 3157 verbis
2218 3104 2331 3157 Dei.
2364 3107 2539 3170 Adde,
2580 3106 2719 3171 quod
2765 3105 2808 3155 si
2844 3106 3182 3157 censecratio
3216 3102 3367 3154 ﬁeret
3416 3106 3682 3171 precibus

460 3172 601 3244 istis,
638 3174 861 3229 effectus
904 3178 1020 3244 ejus
1061 3187 1203 3229 esset
1240 3177 1501 3241 incertus,
1543 3190 1662 3229 cum
1700 3190 1885 3242 preces
1931 3175 2045 3226 istze
2083 3189 2188 3227 non
2239 3190 2451 3241 semper
2492 3176 2868 3229 exaudiantur.
2919 3175 3069 3239 Quod
3120 3174 3161 3225 si
3201 3182 3441 3224 extrema
3494 3187 3683 3227 unctio

458 3241 551 3314 fith
589 3246 767 3298 verbis
813 3241 1220 3314 deprecatoriis,
1278 3256 1457 3300 exstat
1494 3255 1667 3314 tamen
1698 3241 1983 3311 promissio
2016 3260 2120 3310 qua
2173 3245 2529 3312 promittitur,
2574 3248 2713 3297 hanc
2754 3244 3187 3314 deprecationem
3244 3244 3556 3314 exauditqu
3616 3246 3682 3296 iri

458 3312 894 3385 saltent‘quoad'
918 3315 1163 3369 effectum
1213 3317 1586 3385 principalem,
1633 3312 1816 3367 Jacobi
1846 3330 1904 3385 7v,
1948 3314 2114 3385 nulla_
2133 3326 2311 3367 autem
2347 3316 2466 3368 talis
2495 3324 2673 3369 exstat
2707 3315 2996 3378 promissio
3035 3313 3386 3385 deprecibus
3424 3314 3545 3385 istis
3590 3330 3685 3365 en-

457 3383 786 3449 charisticis,
820 3386 871 3439 in
902 3387 1099 3454 quibus
1146 3382 1247 3455 ipSi
1302 3382 1505 3454 ponunt
1552 3384 2040 3455 consecrationem.
2075 3382 2281 3446 Tertio,
2333 3387 2457 3452 quia
2496 3386 2751 3439 sacerdos
2790 3394 3076 3455 consecrat
3109 3383 3159 3436 in
3192 3396 3420 3455 persona
3452 3384 3680 3449 Christi,

454 3467 562 3505 non
596 3465 774 3509 autem
810 3457 861 3508 in
912 3453 1137 3523 persona
1168 3453 1448 3521 ‘tuinistri;
1495 3470 1623 3525 ergo
1681 3454 1731 3506 iu
1769 3455 2188 3525 consecratione
2239 3469 2343 3508 non
2387 3455 2545 3509 debet
2582 3456 2657 3507 uti
2700 3454 2881 3525 verbis
2921 3453 3335 3521 deprecatoriis,
3380 3454 3485 3506 hoc
3530 3469 3681 3506 enim

458 3530 665 3593 tantum
713 3534 795 3579 est
843 3527 1231 3593 ministrorum,
1280 3527 1371 3582 sed
1415 3524 1832 3586 aucto’ritativis,
1867 3524 2073 3577 scilicet
2142 3533 2396 3591 tanquam
2443 3525 2712 3588 Christus,
2749 3524 2902 3593 cujus
2944 3537 3228 3589 personam
3260 3526 3510 3575 sustinet.
3542 3524 3681 3577 Hinc

453 3591 538 3657 fit,
566 3602 623 3646 ut
668 3610 787 3649 cum
830 3597 883 3649 in
927 3597 1179 3651 onmibus
1217 3591 1352 3651 aliis
1389 3596 1743 3650 sacramentis
1798 3595 2050 3647 sacerdos
2094 3594 2350 3661 loquatur
2382 3603 2635 3663 tanquam
2668 3591 2913 3648 minister
2934 3594 3159 3657 Christi,
3193 3594 3306 3647 sive
3332 3608 3430 3662 per
3456 3596 3682 3647 modum

453 3665 757 3736 exercentis
784 3675 987 3731 actum,
1032 3676 1088 3717 ut
1120 3668 1170 3719 in
1202 3668 1493 3736 baptismo,
1520 3666 1935 3736 confirmatione
1957 3674 2009 3717 et
2038 3665 2391 3734 paenitentia;
2448 3667 2560 3736 sive
2591 3682 2685 3735 per
2715 3666 2933 3718 modum
2988 3663 3306 3732 imperantis
3329 3704 3343 3726 ,
3371 3672 3435 3736 ut_
3479 3666 3531 3716 in
3584 3680 3679 3715 or-

451 3730 615 3799 dine;
648 3736 761 3789 sive
813 3753 906 3804 per
942 3730 1157 3789 modum
1204 3730 1563 3805 deprecantis,
1617 3743 1674 3787 ut
1723 3735 1773 3787 in
1820 3730 2061 3788 extrema
2108 3738 2393 3799 unctione;
2442 3735 2494 3788 in
2544 3730 2646 3790 hoc
2692 3747 2869 3788 tamen
2903 3730 3243 3787 sacramento
3288 3750 3391 3787 non
3424 3734 3679 3802 loquatur

458 3809 708 3875 tanquam
742 3806 985 3859 minister
1032 3805 1254 3870 Christi,
1302 3807 1395 3861 sed
1440 3806 1594 3875 quasi
1638 3806 1865 3874 ipsemet
1913 3817 2061 3875 esset
2113 3805 2393 3872 Christus;
2436 3821 2555 3870 seu,
2609 3816 2666 3859 ut
2712 3805 3128 3872 Chrysostomus
3153 3807 3249 3861 ait.
3286 3806 3535 3858 Christus
3575 3821 3681 3872 per

451 3886 517 3925 os
534 3873 668 3945 _cjus
694 3875 1035 3929 invisibiliter
1074 3876 1329 3945 loquitur,
1359 3873 1499 3945 quod
1529 3873 1689 3929 etiam
1722 3876 1851 3927 dicit
1878 3873 2250 3928 Tridentinum
2283 3892 2418 3931 sess.
2450 3876 2538 3940 2f,
2572 3892 2619 3930 c.
2652 3876 2706 3928 2.

525 3940 887 4014 COnfirmatur
917 3947 1016 3999 hoc
1056 3940 1215 4001 etiam
1253 3962 1315 4000 ex
1354 3940 1456 4001 hoc
1496 3949 1614 3999 loco
1664 3945 1926 4013 Dionysii,
1966 3948 2089 4014 quia
2127 3947 2236 4008 ubi,
2286 3948 2523 4000 dimissis
2570 3944 2997 4008 eatechumenis,
3048 3952 3104 3999 et
3161 3944 3318 4013 panis
3368 3945 3677 4013 calicisque

450 4011 727 4085 oblatione
756 4014 915 4079 facta,
946 4016 1081 4085 dixit
1113 4017 1419 4085 pontificem
1448 4030 1659 4072 sacram
1686 4011 1943 4084 peragere
1975 4011 2361 4082 precationem,
2398 4027 2449 4069 et
2479 4026 2597 4085 post
2624 4018 2775 4085 pacis
2814 4016 3079 4079 osculum,
3107 4011 3479 4084 et'digitorum
3518 4011 3675 4069 ablu-

451 4080 674 4145 tionem,
704 4094 758 4137 et
803 4080 1223 4157 hymnologiam,
1263 4096 1374 4140 tum
1405 4089 1615 4140 demum
1642 4080 1719 4137 ait
1750 4080 1922 4153 ipsum
1952 4080 2285 4157 divinissima
2321 4080 2640 4139 consecrare
2675 4087 2956 4157 mysteria.
3001 4080 3288 4138 manifeste
3319 4096 3441 4151 post
3486 4102 3678 4141 sacras

450 4164 642 4224 preces
669 4156 1130 4209 consecrationem
1163 4158 1456 4221 collocans,
1489 4166 1742 4224 tanquam
1776 4174 1802 4207 a
1835 4156 2087 4223 precibus
2122 4157 2237 4207 istis
2260 4157 2590 4209 distinctam.

521 4222 601 4277 Ad
634 4224 900 4296 rationem
930 4239 1091 4295 porro
1126 4226 1456 4290 Graecorum,
1492 4222 1941 4294 respondendum,
1986 4226 2087 4278 illis
2131 4228 2382 4294 precibus
2441 4228 2569 4293 peti,
2602 4237 2790 4280 nonut
2819 4226 3058 4296 Spiritus
3083 4236 3307 4280 sanctus
3349 4225 3676 4295 simpliciter

453 4306 646 4360 panem
675 4293 871 4365 efﬁciat
899 4293 1094 4363 cerpus
1124 4297 1347 4361 Christi,
1379 4298 1473 4350 sed
1517 4306 1574 4350 ut
1621 4297 1889 4349 sacerdoti
1938 4297 2258 4363 cauet-isque
2294 4297 2821 4352 communicantibus
2861 4293 3055 4350 efﬁciat
3088 4313 3283 4365 corpus
3325 4293 3571 4361 causa;
3624 4301 3676 4352 id

452 4371 537 4417 cst
580 4364 710 4436 petit
761 4365 827 4418 iis
867 4366 956 4434 qui
1007 4367 1408 4421 communicant
1438 4366 1550 4419 dari
1582 4368 1813 4435 gratiam
1848 4366 2009 4433 digne
2058 4366 2513 4429 comniunicandi,
2551 4377 2607 4419 ut
2649 4369 2907 4436 consequi
2954 4368 3161 4435 possint
3186 4364 3447 4420 effectum
3487 4382 3673 4422 sacra-

452 4435 770 4505 menti._Qui
804 4436 945 4489 enim
979 4439 1266 4491 Inanducat
1317 4437 1557 4505 indigne,
1611 4436 1684 4491 illi
1720 4452 1824 4488 non
1870 4447 1951 4488 est
1993 4450 2185 4504 corpus
2227 4437 2446 4498 Christi,
2480 4438 2570 4488 sed
2611 4435 2897 4501 venenum,
2932 4452 3053 4488 nam
3088 4437 3343 4502 judicium
3385 4438 3485 4491 sibi
3519 4454 3675 4490 man-

448 4500 613 4575 ducat
648 4502 690 4559 1.
722 4506 777 4559 ln
809 4506 950 4561 hunc
973 4515 1188 4561 sensum
1218 4508 1314 4575 ipsi
1342 4500 1515 4561 (Ξῖ-εἶξαί
1546 4500 1935 4574 responderunt
1968 4506 2020 4558 in
2057 4500 2285 4559 concilio
2320 4504 2633 4561 Florentino
2660 4500 2897 4561 sessione
2930 4500 3140 4560 ultima.

447 4636 481 4692 ι,
522 4571 597 4627 De
620 4576 957 4696 cairemoniis
977 4579 1157 4632 missa:
1186 4571 1304 4633 vide
1334 4571 1676 4633 Guiliehnuin
1708 4576 2019 4632 Durandum
2061 4575 2156 4630 lib.
2193 4590 2245 4629 tv
2304 4575 2597 4630 Ratiouatis
2621 4578 2915 4632 divinorum
2948 4578 3253 4645 ofﬁciorum,
3279 4579 3367 4647 qui
3406 4578 3526 4635 illas
3552 4594 3676 4647 pro-

470 4654 555 4693 txe
579 4659 677 4696 exn
702 4656 824 4696 lcat.

470 4654 555 4711 ης
579 4654 824 4711 explicat.

521 4708 680 4792 Parte
698 4730 755 4792 ut
781 4715 934 4784 hujus
956 4719 1165 4787 capitis,
1181 4732 1304 4792 qua:
1319 4716 1829 4792 contemplationem
1850 4716 2113 4792 continet,
2134 4714 2163 4787 ᾗ
2182 4717 2231 4781 l,
2252 4716 2401 4783 dicit,
2418 4733 2626 4771 sacram
2646 4718 2805 4787 200
2821 4718 3250 4771 communionem
3269 4720 3677 4787 essepaciﬁcmu

446 4786 1079 4859 participat_ionem,7etc.,
1104 4786 1229 4857 quia
1260 4790 1514 4842 nimirum
1540 4786 1690 4859 pacis
1721 4788 2022 4859 symbolum
2046 4786 2157 4859 est,
2198 4801 2253 4845 et
2304 4792 2556 4847 Christus
2586 4829 2601 4853 ,
2628 4786 2725 4857 qui
2759 4786 2811 4841 in
2838 4806 2897 4841 ea
2931 4792 3181 4850 sumitur,
3219 4800 3302 4841 est
3333 4806 3585 4859 princeps
3622 4802 3677 4842 et

451 4850 591 4927 Deus
620 4850 1246 4928 pacismacdilectionis",
1266 4859 1439 4928 cujus,
1464 4850 1619 4928 juita
1646 4850 2007 4921 Psalmistam,
2035 4850 2233 4911 Factus
2251 4870 2328 4911 est
2358 4861 2412 4910 in
2438 4876 2561 4927 pace
2579 4850 2722 4913 locus
2745 4860 2856 4928 ejus
2880 4866 2935 4923 0;
2971 4860 3130 4923 unde,
3160 4850 3674 4928 inquit—Dionysius,

440 4926 919 5000 juncmerittssimo
945 4942 1170 4982 exortem
1189 4928 1311 5000 facit
1330 4926 1578 4997 cum,qui
1602 4945 1761 5000 neque
1782 4939 1955 4981 sancte
1988 4945 2146 4997 neque
2175 4930 2349 4981 animo
2378 4932 2620 4982 concordi
2650 4926 2853 4981 sacram
2876 4944 3045 4981 secum
3070 4946 3264 4981 caenam
3289 4926 3674 4995 frequen—tamn

518 4989 659 5071 lliitc
705 4996 1059 5071 confirmatur
1105 4989 1368 5071 catholica
1417 4989 1687 5071 sententia
1734 4989 2077 5071 quzedocet',
2123 5000 2362 5066 graviter
2393 5015 2618 5069 peccare
2662 5000 2809 5052 illum
2840 5002 2929 5067 qui
2964 4989 3331 5052 connuunicat
3378 4989 3501 5051 cum
3535 5015 3673 5052 con-

449 5066 677 5140 scientia
710 5066 913 5140 peccati
959 5070 1228 5140 mortalis,
1260 5071 1514 5136 quoniam
1553 5069 1706 5122 cibus
1731 5078 1812 5122 est
1840 5070 2110 5131 vivorum,
2142 5083 2245 5122 non
2274 5066 2647 5136 moriuorum;
2694 5071 2820 5138 quia
2860 5066 2970 5123 hoc
3010 5079 3413 5122 sacramentum
3446 5084 3554 5122 non
3590 5080 3677 5122 est

449 5135 756 5208 institutum
795 5135 847 5208 in
879 5139 1249 5208 remissionem
1279 5135 1656 5206 peceatorum,
1688 5141 1780 5193 sed
1816 5140 1881 5192 ad
1925 5139 2236 5191 alimentum
2273 5140 2555 5207 spiritale;
2596 5135 2664 5193 ali
2709 5135 2889 5192 autem
2920 5148 3126 5192 tantum
3168 5149 3369 5207 potest,
3404 5142 3497 5208 qui
3539 5141 3674 5191 vivit

449 5200 787 5280 spiritaliter.
818 5204 986 5280 Adde,
1024 5207 1174 5280 quod
1204 5200 1302 5280 qui
1328 5225 1448 5263 cum
1478 5200 1810 5264 conscientia
1856 5209 2065 5277 peccati
2091 5200 2333 5263 mortalis
2365 5200 2594 5276 accedit,
2622 5220 2882 5278 quantum
2909 5225 2974 5261 ex
3002 5224 3060 5280 se
3106 5200 3219 5280 esi,
3252 5200 3445 5261 falsam
3493 5210 3674 5261 reddit

450 5268 612 5339 hujus
642 5275 964 5348 sacramenti
995 5268 1480 5346 significationem;
1514 5280 1777 5348 significat
1814 5268 1979 5342 enim,
2012 5297 2132 5332 eum
2162 5282 2253 5348 qui
2285 5282 2450 5333 sumit
2498 5268 2723 5334 esse-de
2756 5294 2983 5347 corpore
3007 5268 3216 5332 Christi
3254 5282 3506 5347 mystico,
3552 5292 3674 5347 quae

448 5351 531 5393 est
552 5345 783 5397 societas
811 5345 1123 5399 sanctorum
1162 5348 1264 5401 fide
1292 5362 1356 5400 ac
1381 5345 1649 5403 charitate
1676 5349 1895 5402 Christo
1920 5345 2217 5403 adhaerens.
2258 5350 2394 5403 Hinc
2444 5365 2659 5419 quoque
2697 5345 2897 5419 iufra§
2929 5349 2962 5402 6
2999 5360 3055 5402 et
3094 5348 3147 5412 7,
3194 5345 3372 5411 docet,
3410 5345 3671 5403 catechu-

448 5424 645 5488 [tacitos~
661 5424 714 5467 et
747 5430 1137 5488 energttmenos
1172 5431 1293 5488 cum
1323 5420 1693 5484 peccatoribus
1722 5420 1789 5475 ab
1816 5419 1915 5473 hac
1942 5435 2096 5474 sacra
2124 5421 2499 5473 communione
2538 5431 2791 5488 tauquam
2825 5419 3078 5485 indignos
3112 5423 3309 5475 arceri.

517 5480 573 5559 In
607 5482 808 5559 Graecis
836 5480 979 5559 enim
1008 5486 1240 5557 liturgiis
1266 5480 1538 5543 clamabat
1577 5490 1878 5543 diaconus:
1928 5488 2009 5541 Τὰ
2040 5490 2170 5557 ἅγια
2211 5491 2321 5552 τοῖς
2368 5489 2565 5558 ἁγίοις,
2620 5480 2673 5545 id
2713 5500 2795 5545 est
2820 5480 3000 5543 saucia
3030 5492 3245 5553 sanctis,
3278 5491 3451 5559 iisque
3488 5492 3672 5545 verbis

447 5551 690 5618 prolatis,
734 5551 1529 5630 catecbumeni,'energumeni,
1565 5570 1615 5614 et
1647 5560 1847 5613 notorii
1892 5551 2206 5629 peccatores
2241 5551 2600 5628 pellebantur,
2643 5562 2721 5615 uti
2765 5551 3445 5615 etiatirtestatursaiicius
3494 5562 3674 5630 Chry-

451 5631 748 5685 sostomus,
780 5626 966 5679 llOUill.
1000 5628 1092 5692 6f,
1119 5630 1185 5681 ad
1212 5629 1465 5696 pupulum
1490 5626 1908 5695 Antiochenum,
1952 5640 2007 5684 et
2050 5626 2293 5686 Justinus
2318 5633 2538 5704 Apolog.
2586 5626 2654 5688 Vl.
2703 5632 2817 5687 luto
2860 5644 2961 5685 nec
2992 5632 3175 5686 videre
3218 5626 3671 5702 permittebantur

561 5762 587 5800 ⁸
620 5764 811 5834 Ephcs.
842 5783 890 5822 v.
924 5767 1011 5821 29.
1101 5765 1113 5804 ¹
1149 5768 1310 5824 lCor.
1350 5788 1422 5837 xi,
1450 5771 1536 5828 29.
1582 5783 1617 5808 ι·
1642 5775 1740 5833 lsa.
1776 5781 1921 5847 13,6.
2006 5792 2033 5820 ιι
2058 5782 2098 5838 ll
2128 5785 2249 5842 Cor.
2281 5802 2400 5857 xm,
2441 5789 2521 5844 ll.
2567 5796 2591 5827 °
2616 5764 2946 5860 Psalerxv,
2972 5793 3032 5864 ’.5.¹
