3874 6228
485 299 586 356 Nil

1659 289 1716 345 S.
1762 285 2061 343 DIONYSH
2107 281 2566 339 AREOPAGITA‘I

3581 279 3731 334 ~45!

482 429 628 480 mus,
662 425 823 483 quam
853 409 924 465 ob
951 421 1172 464 causam
1203 405 1254 462 id
1289 405 1434 475 quod
1473 404 1595 458 aliis
1624 418 1838 474 quoque
1868 417 2052 457 sacra-

2157 397 2394 458 τελεταῖς
2435 393 2571 464 α’ύτη
2609 392 3005 466 ίδιοτιοιήσατο,
3039 390 3132 444 καὶ
3154 389 3398 444 καλεῖται
3437 389 3587 456 ἰδίως
3631 409 3739 446 κοι-

487 503 692 559 mentis
731 513 1018 558 commune
1043 506 1147 562 est,
1195 497 1324 552 huic
1370 497 1768 565 approprietur,
1805 504 2058 550 vocetur-

483 610 592 667 que
646 593 868 664 proprie
916 590 1227 646 communio
1257 598 1310 642 et
1339 592 1582 660 synaxis,
1621 603 1743 643 cum
1784 587 2062 655 quodlibet

483 699 912 750 sacramentum,
943 685 1058 737 sive
1098 683 1362 752 baptisma
1407 683 1520 737 sive
1559 682 1804 736 ordinem
1835 680 2058 744 dixeris,

484 778 646 832 etiam
682 777 812 830 illud
856 776 1042 843 utique
1087 775 1302 840 habeat,
1357 786 1415 828 ut
1461 784 1514 828 et
1557 783 1868 843 congreget,
1904 782 1960 826 et
1993 774 2059 826 ad

483 865 925 921 communionem
957 863 1322 934 unionemque
1346 864 1568 918 inducat
1596 884 1607 918 :
1641 863 1694 917 iu
1719 864 1867 917 omni
1895 877 2060 928 nam-

483 973 591 1027 que
627 964 969 1012 sacramento
999 955 1112 1008 hare
1143 956 1368 1009 initiatis
1412 956 1786 1018 conferuntur,
1823 969 1878 1006 v.
1918 969 1972 1021 ᾳ.
2006 951 2059 1005 in

481 1046 776 1116 baptismo,
821 1061 944 1100 cum
994 1044 1099 1098 hoc
1145 1059 1360 1114 quoque
1391 1055 1788 1100 sacramentum
1828 1043 2058 1097 divisam

483 1139 724 1194 hominis
753 1139 939 1204 vitam,
973 1137 1026 1192 id
1057 1148 1140 1191 est
1167 1139 1509 1202 s:eeu|arem,
1543 1147 1599 1190 et
1645 1137 1697 1190 in
1730 1135 1895 1188 multa
1942 1135 2057 1189 dis-

482 1242 740 1296 tractam,
788 1232 855 1285 ad
904 1228 1227 1284 unil‘ormem
1276 1230 1484 1299 colligit
1521 1229 1941 1290 deiﬁcationem,
1996 1243 2059 1281 ac

483 1323 784 1379 secundum
821 1322 922 1376 hoc
954 1323 1115 1376 etiam
1144 1321 1370 1391 synaxis
1406 1321 1511 1378 dici
1561 1322 1734 1389 possit
1775 1333 1790 1374 :
1837 1332 1891 1374 et
1937 1335 2057 1373 rur-

483 1434 626 1481 sum,
660 1418 712 1471 in
761 1415 1070 1472 istiusmodi
1121 1415 1444 1470 collectione
1488 1416 1785 1469 divisorum
1829 1415 2059 1470 saecula-

484 1512 738 1580 riumque
771 1523 1012 1565 motuum
1037 1509 1102 1563 ad
1147 1526 1334 1574 unum,
1364 1508 1574 1562 scilicet
1594 1508 1785 1574 Deum,
1818 1523 2060 1562 commu-

483 1605 703 1658 nionem
731 1603 1015 1672 elargitur,
1038 1614 1202 1671 atque
1229 1604 1365 1657 adeo
1393 1602 1702 1656 comnmnio
1732 1616 1836 1654 non
1864 1601 2056 1654 imme-

481 1697 586 1750 rito
642 1696 746 1750 dici
807 1697 999 1764 possit.
1051 1695 1160 1748 Cur
1216 1695 1418 1762 itaque,
1462 1710 1700 1764 praesens
1745 1708 2058 1748 sacramen-

2162 486 2324 540 νωνία
2353 488 2442 539 καὶ
2471 484 2685 550 σύναξις
2705 523 2718 547 ,
2749 484 2986 553 ἑκάστης
3008 481 3250 550 τελετῆς,
3279 481 3383 534 κᾶν
3403 481 3506 554 τὴν
3526 481 3621 536 τοῦ
3645 483 3736 554 βα-
3777 476 3786 486 ’

2164 579 2462 648 πτίσματος
2485 576 2676 638 εἴποις,
2706 574 2810 627 κᾶν
2832 573 2929 643 τὴν
2949 572 3056 624 τῶν
3085 573 3370 644 ἱερατικῶν
3385 572 3732 637 τελειώσεων,

2161 677 2390 748 ἐχούσης
2421 675 2575 728 τοῦτο
2597 675 2661 745 δὴ
2685 674 2744 726 τὸ
2771 674 3018 742 συνάγειν
3053 675 3145 726 καὶ
3169 675 3248 736 είς
3273 673 3558 726 κοινωνίαν
3585 675 3735 742 ἄγειν

2163 772 2254 824 καὶ
2291 756 2504 822 ἕνωσιν·
2541 769 2728 822 ἅπασα
2767 766 2875 836 γὰρ
2907 767 3097 836 τελετὴ
3127 764 3298 817 ταῦτα
3328 765 3584 836 δωρεῖται
3624 769 3735 829 τοῖς

2159 863 2521 933 τελουμένοις,
2546 861 2620 924 ὡς
2647 862 2776 932 φέρε
2801 864 2973 914 εἰπεῖν
2990 859 3082 912 ἐπὶ
3102 859 3194 912 τοῦ
3221 860 3617 930 βαπτίσματος·
3646 861 3737 912 καὶ

2160 958 2270 1029 γὰρ
2294 961 2326 1029 ἡ
2350 957 2570 1028 τοιαύτη
2601 955 2790 1026 τελετὴ
2813 955 2908 1026 τὴν
2947 954 3204 1026 μεριστὴν
3240 953 3383 1024 ζωὴν
3409 950 3502 1006 τού
3530 952 3735 1024 ἀνθρὼ-

2163 1069 2286 1113 που,
2314 1050 2552 1121 δηλονότι
2583 1049 2679 1119 τὴν
2707 1047 2996 1116 κοσμικὴν,
3028 1048 3122 1099 καὶ
3151 1048 3229 1108 εἰς
3270 1044 3442 1098 πολλὰ
3482 1043 3737 1114 πληθύνο-

2165 1142 2352 1212 μένην,
2394 1144 2472 1204 εις
2507 1139 2708 1209 ένοειδῆ
2750 1139 3001 1206 συνάγειν
3034 1137 3246 1200 θέωσιν,
3270 1137 3363 1189 καὶ
3403 1136 3546 1189 κατὰ
3583 1135 3739 1188 τοῦτο

2164 1232 2380 1298 σύναξις
2410 1232 2473 1285 ἂν
2500 1231 2728 1300 λέγοιτο·
2755 1230 2848 1282 καὶ
2883 1228 3042 1280 πάλιν
3069 1230 3123 1279 ὲν
3149 1232 3212 1299 τῇ
3239 1227 3462 1301 τοιαύτῃ
3487 1229 3704 1298 συμπτύ
3721 1254 3736 1263 ο

2163 1325 2241 1389 ξει
2269 1325 2374 1377 τῶν
2400 1323 2684 1395 διαιρετῶν
2720 1323 2815 1375 καὶ
2849 1319 3127 1392 κοσμικῶν
3163 1321 3422 1390 κινήσεων
3451 1320 3553 1389 τὴν
3605 1319 3736 1389 πρὸς

2159 1419 2220 1470 τὸ
2244 1417 2320 1478 ἒν,
2349 1416 2438 1468 τὸν
2467 1416 2598 1468 Θεὸν
2623 1413 2838 1485 δηλαδὴ,
2869 1412 3147 1465 κοινωνίαν
3178 1411 3449 1482 δωρεῖται,
3493 1411 3606 1464 ίδοὺ
3648 1414 3738 1464 καὶ

2162 1508 2415 1563 κοινωνία
2455 1509 2552 1559 οὐκ
2592 1507 2894 1570 ἀπεικότως
2929 1505 3135 1572 λέγοιτο
3167 1505 3249 1557 ἄν.
3294 1505 3409 1556 Ἰνα
3450 1504 3502 1555 τί
3547 1503 3677 1570 γοῦν
3704 1507 3737 1573 ἡ

2162 1600 2496 1670 προκειμένη
2518 1599 2705 1669 τελετὴ
2722 1599 2826 1650 τῶν
2853 1598 3107 1650 τοιούτων
3128 1598 3403 1666 ὀνομάτων
3440 1596 3588 1660 ίδίως
3622 1613 3738 1668 μετ-

2163 1694 2377 1765 είληχε;
2407 1695 2515 1745 Καὶ
2548 1693 2746 1763 φαμὲν,
2784 1693 2861 1745 ὅτι
2905 1695 2936 1763 ὴ
2979 1692 3085 1744 τῶν
3131 1691 3358 1744 τελετῶν
3387 1691 3616 1743 ἐκείνων
3661 1708 3735 1742 τε·

482 1799 594 1842 ιυιιι
630 1789 932 1842 istiusmodi
963 1789 1178 1842 nomina
1229 1787 1449 1856 proprie
1493 1787 1594 1841 sibi
1639 1786 1915 1840 vindicat?
1974 1787 2052 1840 Di-

2163 1786 2376 1848 λείωσις
2401 1788 2463 1838 ἐκ
2482 1785 2588 1837 τῶν
2623 1783 2822 1853 ταύτης
2848 1784 3062 1853 δωρεῶν
3088 1783 3220 1834 ἐστι·
3250 1784 3340 1834 καὶ
3366 1781 3476 1852 γὰρ
3496 1782 3599 1834 οὐκ
3623 1780 3736 1832 ἐστι

480 1883 674 1945 cimus,
736 1883 960 1935 istorum
1009 1893 1478 1935 sacramentorum
1546 1880 1938 1950 perfectionem
1987 1895 2051 1933 ex

480 1973 646 2040 hujus
682 1972 996 2026 uulneribus
1027 1975 1260 2027 existere
1296 1994 1306 2027 :
1369 1989 1490 2026 nam
1525 1989 1630 2026 non
1672 1971 1797 2026 licet
1835 1971 2054 2040 aliquod

479 2075 884 2118 sacramentum
924 2065 1326 2118 hierarchicum
1353 2065 1644 2132 perlicere,
1672 2063 1773 2116 nisi
1805 2063 2057 2116 videlicet

479 2155 822 2209 divinissima
855 2157 1192 2210 eucharistia
1225 2171 1347 2208 cum
1386 2171 1514 2220 uno,
1559 2156 1611 2209 id
1643 2165 1728 2208 est
1756 2156 1916 2225 202
1950 2157 2056 2208 Deo

479 2248 918 2316 coujunctionem
958 2257 1235 2316 operetur;
1287 2247 1391 2302 hoc
1424 2248 1570 2301 enim
1603 2257 1686 2300 est
1726 2249 2054 2316 przecipuum

478 2341 622 2407 quod
673 2341 723 2392 in
772 2339 1004 2408 singulis
1031 2340 1362 2393 celebratur.
1395 2339 1451 2392 Si
1500 2341 1681 2408 itaque
1709 2341 2054 2408 unumquod-

477 2446 586 2498 que
623 2439 1048 2491 sacramentum,
1100 2431 1250 2484 hisce
1281 2430 1556 2500 mysteriis
1602 2429 1945 2494 frustratum,
1984 2429 2056 2483 sit

478 2522 876 2590 imperfectum,
907 2533 960 2574 et
993 2536 1093 2574 nec
1131 2522 1346 2590 proprie
1378 2530 1786 2575 sacramentum
1820 2520 2051 2585 dicatur,

479 2627 658 2680 neque
697 2627 817 2665 cum
862 2629 966 2666 uno
998 2613 1090 2665 illo
1131 2614 1494 2667 couununicet
1521 2613 1825 2681 c0puletve,
1860 2613 2055 2666 merito

477 2709 641 2761 etiam
671 2707 794 2760 huic
822 2707 922 2760 soli
957 2707 1233 2774 pr0prium
1258 2707 1358 2760 hoc
1387 2721 1581 2758 nomen
1610 2720 1875 2773 synaxeos
1898 2704 2054 2756 attri-

481 2797 692 2852 buitur.
727 2798 961 2867 Synaxis
1010 2811 1172 2864 porro
1217 2797 1436 2849 minime
1477 2794 1823 2863 intelligenda
1874 2793 2052 2862 populi

477 2890 851 2960 congregatio,
889 2897 1048 2957 prout
1083 2887 1245 2955 aliqui
1287 2903 1428 2941 nunc
1471 2888 1728 2954 temporis
1761 2901 1944 2940 vocem
1994 2885 2056 2939 il-

479 2983 585 3035 lam
613 2981 908 3048 accipiunt,
942 2979 1036 3034 sed
1079 2994 1199 3033 cum
1233 2978 1340 3032 Deo
1374 2977 1686 3046 conjunctio
1716 2978 2056 3031 communio-

479 3086 606 3140 que.
641 3071 784 3125 Idem
809 3084 1029 3138 quoque
1060 3069 1182 3137 quis
1208 3069 1446 3121 inveniat
1473 3069 1524 3120 in
1557 3067 1726 3120 divini
1755 3067 2052 3135 baptisma-

2158 1876 2277 1928 τινὰ
2309 1876 2624 1944 τελεσθῆναι
2653 1875 2966 1945 ίεραρχικὴν
3004 1872 3242 1942 τελετὴν,
3288 1872 3361 1942 μὴ
3398 1871 3498 1940 τῆς
3536 1870 3739 1923 θειοτὰ-

2157 1985 2255 2037 της
2283 1967 2664 2038 Βύχαριστίας,
2686 1966 2783 2034 τῆς
2806 1964 2912 2016 τῶν
2943 1962 3253 2033 μυστηρίων
3281 1960 3504 2031 δηλαδὴ,
3525 1962 3737 2032 ἱερουρ-

2157 2059 2358 2129 γούσης
2391 2061 2486 2128 τὴν
2523 2060 2612 2110 ἐπὶ
2642 2058 2702 2110 τὸ
2732 2057 2809 2120 ἓν,
2847 2057 2936 2108 τὸν
2961 2056 3092 2107 Θεὸν
3131 2053 3348 2124 δηλαδὴ,
3390 2056 3733 2124 συναγωγήν·

2155 2153 2312 2206 τοῦτο
2345 2154 2451 2222 γάρ
2484 2153 2596 2207 ἐστι
2637 2150 2698 2202 τὸ
2741 2149 3266 2216 κεφαλαιωδέστερον
3309 2148 3399 2199 ἐπὶ
3442 2149 3557 2210 τοῖς
3613 2149 3733 2200 καθ’

2156 2243 2361 2297 ἕκαστα
2403 2241 2762 2312 τελουμένοις.
2789 2241 2849 2291 Εἰ
2890 2239 3067 2292 τοίνυν
3107 2237 3308 2308 ἑκάστη
3344 2236 3452 2288 τῶν
3474 2236 3708 2289 τελετῶν

2157 2335 2560 2405 ἀπολειπομένη
2594 2333 2691 2403 τὴν
2721 2338 2736 2353 '
2768 2330 3317 2404 μυστηρίων,ἀτελής
3349 2332 3483 2394 ἐστι,
3520 2332 3617 2384 καὶ
3637 2332 3735 2383 οὐκ

2157 2424 2270 2495 ἔχει
2295 2425 2495 2494 κυρίως
2532 2422 2654 2475 οὔτε
2692 2422 2752 2474 τὸ
2783 2420 2971 2492 τελετὴ
3002 2420 3284 2488 λέγεσθαι,
3323 2418 3446 2472 οὗτε
3491 2421 3603 2492 μὴν

2159 2515 2292 2586 πρὸς
2326 2514 2385 2565 τὸ
2415 2514 2471 2565 ἓν
2502 2511 2784 2565 κοινωνίαν
2815 2513 2906 2564 καὶ
2933 2510 3166 2574 σύναξιν,
3199 2510 3420 2573 εἰκότως
3445 2511 3619 2582 ταύτῃ
3644 2514 3738 2564 καὶ

2161 2605 2620 2678 μόνῃ’ἐπιτίθεται
2647 2607 2677 2675 ἡ
2702 2605 2862 2676 κυρία
2881 2604 3160 2673 ἐπωνυμία
3183 2605 3278 2674 τῆς
3297 2605 3590 2670 συνάξεως,
3610 2603 3738 2655 Σύνο

2159 2696 2278 2761 αξιν
2301 2698 2354 2749 δὲ
2386 2697 2602 2768 νοητέον
2659 2695 2716 2749 οὐ
2748 2699 2846 2768 τὴν
2883 2696 2974 2748 τοῦ
3011 2694 3140 2748 λαοῦ
3162 2736 3174 2759 ,
3221 2694 3405 2758 καθὼς
3445 2695 3543 2765 τὴν
3591 2694 3740 2759 λέξιν

2155 2788 2296 2850 τινὲς
2317 2790 2551 2858 σήμερον
2571 2786 3014 2856 ὲκλαμϐάνονται,
3035 2784 3168 2837 ἀλλὰ
3185 2785 3282 2854 τὴν
3300 2784 3430 2854 πρὸς
3459 2783 3594 2835 Θεὸν
3622 2798 3736 2834 συν-

2157 2881 2377 2951 αγωγὴν
2421 2881 2514 2933 καὶ
2565 2880 2864 2933 κοινωνίαν.
2907 2878 3090 2942 οὕτως
3128 2877 3276 2948 εὖροι
3305 2893 3386 2938 τις
3411 2875 3477 2928 ἂν
3509 2876 3608 2927 καὶ
3645 2876 3738 2926 ἐπὶ

2156 2983 2256 3051 τῆς
2289 2981 2507 3052 τελετῆς
2545 2979 2638 3032 τοῦ
2679 2979 2823 3032 θείου
2867 2979 3256 3050 βαπτίσματος·
3293 2975 3518 3047 καὶγὰρ
3556 2975 3654 3028 καὶ
3680 2976 3737 3026 αι

2160 3073 2314 3128 ἄλλαι
2342 3073 2633 3143 φωτίζουσι
2656 3070 2888 3135 τελεταὶ,
2917 3068 3028 3122 ἀλλ’
3063 3070 3210 3138 ὅμως
3239 3067 3411 3140 ταύτῃ
3437 3067 3584 3130 ἰδίως
3611 3068 3741 3118 έπε-

480 3164 550 3217 tis
580 3171 922 3217 sacramento
960 3179 972 3214 ε
1007 3176 1130 3213 nam
1165 3159 1293 3213 licet
1319 3159 1423 3212 alia
1452 3175 1666 3228 quoque
1706 3169 2048 3212 sacramenta

2157 3163 2280 3234 τέθη
2301 3163 2362 3216 τὸ
2395 3161 2565 3232 ὄνομα
2590 3160 2682 3213 τοῦ
2727 3161 3090 3230 φωτίσματος,
3120 3159 3209 3212 διὰ
3231 3144 3307 3210 ’τὸ
3349 3154 3486 3210 εἶναι
3528 3156 3738 3226 ταύτην

477 3253 809 3318 illuminent,
834 3251 961 3306 huic
993 3260 1171 3304 tamen
1208 3252 1422 3318 proprie
1449 3266 1642 3304 nomen
1670 3251 1771 3304 hoc
1809 3248 2048 3303 illustra-

478 3345 648 3399 tionis
671 3344 983 3413 impositum
1011 3351 1110 3405 est,
1149 3341 1293 3410 quod
1325 3341 1563 3394 omnium
1595 3341 1898 3394 divinarum
1929 3339 2050 3392 illu-

477 3437 802 3490 strationum
849 3434 1175 3504 principiqu
1218 3434 1441 3488 existat.
1520 3429 1653 3483 Nam
1687 3431 1789 3484 nisi
1813 3431 1936 3500 quis
1965 3432 2048 3484 di-

477 3530 604 3582 vino
648 3528 976 3598 baptismate
1025 3527 1185 3582 fuerit
1219 3527 1486 3588 initiatus,
1530 3524 1879 3594 ejusdemque
1923 3523 2045 3578 illu-

478 3621 741 3674 stratione
787 3620 982 3690 dignus
1023 3621 1097 3674 sit
1143 3621 1379 3683 habitus,
1415 3634 1522 3672 non
1588 3627 1764 3686 potest
1825 3617 2048 3670 alterius

478 3713 780 3782 cujuSpiam
849 3711 1233 3767 illustratiouis
1297 3713 1566 3781 particeps
1633 3710 1888 3764 existere.
1953 3707 2049 3763 His

479 3804 681 3869 dictis,
748 3805 1156 3859 consideremus
1231 3805 1405 3873 ipsam
1486 3803 1646 3872 hujus
1720 3803 2044 3856 sacramenti

2153 3254 2343 3309 πασῶν
2374 3252 2481 3306 τῶν
2508 3254 2666 3306 θείων
2689 3251 3061 3321 φωταγωγιῶν
3094 3252 3288 3321 ἀρχήν.
3327 3249 3388 3301 EE
3412 3248 3520 3317 γὰρ
3553 3249 3631 3319 μὴ
3655 3265 3738 3300 τε⁶

2151 3344 2366 3414 λεσθείη
2385 3360 2471 3406 τις
2496 3341 2572 3412 τῷ
2594 3343 2722 3412 θείῳ
2751 3341 3104 3412 βαπτίσματι,
3131 3342 3224 3392 καὶ
3243 3339 3336 3392 τοῦ
3362 3337 3614 3391 ἐντεῦθεν
3634 3355 3729 3405 ’.ξω

2149 3436 2344 3506 τισμοῦ
2369 3435 2750 3504 καταξιωθείη,
2771 3433 3069 3486 οὺ·δύναται
3096 3432 3254 3486 ἄλλου
3276 3431 3419 3494 τινὸς
3446 3430 3736 3501 φωτισμοῦ

2153 3529 2382 3599 μετοχὴν
2419 3527 2688 3593 δέξασθαι.
2725 3525 2909 3578 Ταῦτα
2953 3511 3198 3588 εἰπόντες
3221 3565 3234 3588 ,
3281 3524 3587 3594 κατίδωμεν
3627 3526 3727 3594 μὲν

2152 3622 2288 3684 τέως
2315 3621 2409 3691 τὴν
2449 3621 2543 3690 τῆς
2589 3619 2840 3690 τοιαύτης
2874 3618 3093 3687 τελετῆς
3123 3615 3449 3688 ἱερουργίαν,
3487 3615 3734 3686 δηλονότι

2155 3712 2302 3775 ὅπως
2332 3712 2562 3764 τελεῖται
2583 3711 2643 3763 τὸ
2677 3713 2970 3781 μυστήριον
2993 3709 3091 3778 τῆς
3121 3708 3407 3773 συνάξεως,
3437 3708 3736 3777 μετέπειτα

2155 3803 2210 3855 δὲ
2245 3803 2312 3855 τὰ
2335 3803 2435 3872 τῆς
2471 3803 2700 3873 Θεωρίας
2737 3804 3132 3874 ἑρευνήσωμεν.

479 3898 972 3964 consecrationem,
1021 3899 1295 3966 quomodo
1336 3896 1585 3950 videlicet
1635 3896 1953 3965 mysterium
2009 3910 2279 3965 synaxeos
2356 3897 2694 3963 celebretur;
2764 3895 2954 3948 deinde
3031 3908 3160 3948 vero
3213 3889 3718 3958 contemplationem

475 3990 595 4066 ejus
624 3990 960 4058 indagemus.

901 4083 963 4138 ll.
1010 4085 1321 4154 Mysterium
1346 4101 1623 4154 synaxeos.

553 4178 850 4233 llierarcha
886 4191 1099 4244 precem
1133 4191 1346 4227 sacram
1391 4176 1565 4243 (illum
1601 4177 1819 4244 inquam
1855 4173 2049 4227 introi-

479 4275 621 4338 tum)
650 4271 718 4324 ad
754 4269 925 4322 altare
953 4267 1257 4330 celebrans,
1289 4279 1342 4320 et
1391 4267 1456 4319 ab
1499 4267 1735 4333 ejusdem
1782 4267 2049 4319 sullitioue

481 4366 696 4420 inititnn
749 4361 982 4423 iaciens,
1031 4360 1342 4412 universum
1399 4359 1581 4427 templi
1627 4360 1886 4411 ambitum
1943 4359 2050 4411 cir-

2528 4085 2593 4136 ll.
2635 4087 2802 4137 Μυστ
2815 4083 2980 4150 ήριον
3012 4080 3340 4147 συνάξεως.

2240 4178 2295 4230 '0
2329 4179 2424 4248 μὲν
2458 4177 2735 4248 ἱεράρχης,
2774 4177 2938 4245 εὐχὴν
2966 4175 3116 4245 ἱερὰν
3145 4175 3293 4237 ὲντὸς
3326 4172 3416 4228 τοῦ
3443 4171 3734 4245 θυσιαστη·

2159 4270 2269 4341 ρίου
2305 4271 2685 4340 ποιησάμενος,
2736 4267 2922 4337 (αὐτὸν
2965 4266 3028 4337 δὴ
3067 4263 3219 4336 οἶμαι
3264 4266 3354 4317 τὸν
3392 4264 3730 4334 εὑλογητόν,)

2154 4363 2247 4415 καὶ
2276 4364 2331 4428 ἐξ
2353 4362 2517 4414 αὐτοῦ
2541 4360 2634 4413 τοῦ
2674 4361 2873 4430 θυμιᾷν
2895 4359 3215 4429 ἀρξάμενος,
3246 4357 3599 4428 περιέρχεται
3633 4359 3712 4410 πᾶ

480 4455 636 4509 cuit:
683 4452 878 4506 exinde
939 4464 1153 4503 rursum
1199 4450 1265 4501 ad
1308 4449 1550 4501 divinum
1587 4447 1760 4501 altare
1813 4447 2044 4510 rediens,

2157 4473 2254 4507 σαν
2278 4455 2376 4508 τὴν
2407 4453 2663 4524 περιοχὴν
2684 4451 2777 4503 τοῦ
2804 4450 2950 4502 ναοῦ·
2981 4447 3117 4511 εἶτα,
3148 4449 3416 4512 ἀναλύσας
3448 4449 3613 4502 πάλιν
3637 4451 3730 4502 ἐπὶ

480 4561 584 4598 una
616 4560 737 4598 cum
767 4543 889 4598 aliis
926 4540 1049 4594 iniit
1091 4539 1417 4609 psalmorum
1453 4539 1662 4592 melos:
1702 4549 1886 4608 postea
1922 4554 2046 4591 \ero

482 4653 581 4706 per
609 4641 836 4691 lectores
886 4635 1008 4704 (hos
1064 4632 1292 4701 liturgos
1333 4629 1512 4699 vocat)
1555 4630 1857 4683 divinarum
1899 4631 2046 4684 Scri-

480 4741 781 4799 pturarum,
821 4735 880 4780 ut
912 4724 1317 4795 Pr0phetiarum
1341 4761 1356 4788 ,
1393 4721 1636 4791 ‘apostoli
1672 4733 1725 4775 et
1773 4722 2043 4790 Evangelii

482 4817 654 4874 divini
691 4818 850 4873 lectio
879 4819 1170 4872 recitatur:
1203 4830 1306 4883 qua
1340 4814 1511 4876 linita,
1544 4815 1914 4868 catechumeui
1959 4829 2047 4866 ar-

480 4921 691 4971 centur,
744 4918 794 4961 et
849 4915 974 4960 ante
1016 4908 1112 4959 bos
1159 4905 1536 4972 energumeni,
1583 4905 1670 4972 qui
1717 4906 1969 4958 nimirum
2018 4919 2047 4956 a

480 5001 816 5054 daemonibus
859 4998 1200 5056 iuTestantur,
1228 5006 1280 5049 et
1310 4997 1671 5064 pteuitentes;
1705 5005 1922 5048 manent
1955 5012 2050 5047 au-

482 5103 588 5146 tem
620 5091 711 5160 qui
758 5089 902 5158 digni
948 5099 1092 5144 sunt.
1127 5089 1296 5142 Porro
1333 5105 1363 5142 e
1402 5089 1634 5155 liturgis,
1699 5089 2045 5142 subdiaconi—

479 5183 579 5236 bus
607 5182 846 5248 inquam,
878 5177 966 5230 alii
995 5178 1208 5246 quidem
1246 5178 1389 5232 fores
1423 5180 1753 5242 custodiunt,
1797 5179 1886 5232 alii
1919 5194 2047 5232 vero

481 5275 624 5330 aliud
679 5270 958 5340 quidpiam
1009 5279 1206 5337 agunt;
1251 5267 1342 5336 qui
1389 5280 1564 5322 autem
1612 5269 1855 5338 primarii
1900 5280 2045 5332 sunt,

479 5367 690 5423 scilicet
717 5365 959 5428 diaconi,
988 5377 1092 5415 una
1136 5375 1259 5414 eum
1285 5361 1658 5416 sacerdotibus
1687 5362 1866 5416 divino
1892 5360 2045 5415 altari

479 5475 673 5532 panem
704 5471 939 5519 sacrum,
972 5463 1026 5508 et
1053 5453 1275 5506 calicem
1313 5454 1708 5510 benedictionis
1741 5457 2044 5524 imponunt,

478 5562 532 5605 et
557 5550 750 5606 deinde
795 5547 1104 5604 communis
1147 5545 1490 5616 bymnologia
1526 5548 1835 5617 profertur;
1882 5547 2047 5601 habe-

479 5643 610 5699 bant
649 5643 792 5696 enim
826 5647 988 5698 etiam
1013 5653 1122 5700 tum
1160 5644 1375 5714 aliquod
1412 5644 1790 5698 documentum
1824 5655 1884 5695 ac
1923 5639 2043 5694 ﬁdei

534 5740 557 5762 ⁸
588 5735 732 5800 ἴσως
756 5735 881 5789 τῶν.

2157 4550 2217 4600 τὸ
2239 4546 2377 4599 θεῖον
2397 4547 2800 4616 θυσιαστήριον,
2820 4543 3125 4613 ἀπάρχεται
3151 4540 3288 4611 μετὰ
3305 4540 3411 4592 τῶν
3427 4541 3602 4594 ἄλλων
3624 4541 3726 4610 τῆς

2149 4637 2481 4707 ψαλμ‹;)δίας·
2528 4636 2651 4704 ἑξῆς
2689 4635 2744 4687 δὲ
2781 4633 2868 4686 διὰ
2921 4633 3027 4685 τῶν
3068 4631 3424 4699 ἁναγνωστῶν
3466 4629 3726 4700 (τούτους

2149 4731 2256 4801 γὰρ
2273 4730 2415 4797 λέγει
2441 4725 2803 4797 λειτουργοὺς)
2828 4726 2934 4777 τῶν
2975 4726 3133 4777 θείων
3173 4723 3427 4796 Γραφῶν,
3463 4723 3574 4775 τῶν
3601 4737 3727 4794 προδ

2152 4820 2407 4892 φητειῶν,
2433 4820 2525 4872 τοῦ
2572 4818 2914 4882 ’Λποστόλου,
2960 4817 3055 4868 τοῦ
3091 4816 3235 4868 θείου
3262 4815 3596 4883 Εύαγγελίου
3619 4855 3634 4876 ,
3689 4817 3723 4884 ἡ

2149 4915 2448 4982 ἀνάγνωσις
2482 4911 2708 4979 γίνεται·
2743 4909 2879 4980 μετὰ
2903 4910 3076 4961 ταῦτα
3104 4906 3451 4960 ὲκόἀλλονται
3488 4907 3535 4957 οἱ
3559 4923 3724 4974 κατηέ

2148 5004 2432 5074 χούμενοι,
2475 5003 2578 5073 πρὸ
2620 5005 2821 5057 τούτων
2851 5003 2898 5052 οί
2940 4999 3352 5071 ἐνεργούμενοι,
3388 4996 3643 5066 δηλονότι.
3674 4999 3722 5048 οί

2147 5093 2502 5164 δαιμονῶντες
2527 5132 2539 5152 ,
2565 5093 2658 5145 καὶ
2680 5094 2728 5144 οἱ
2767 5095 2822 5144 ἐν
2866 5092 3122 5162 μετανοίᾳ⁴
3150 5091 3319 5152 ὄντες,
3347 5088 3565 5159 μένουσι
3591 5089 3648 5141 δὲ
3675 5090 3722 5140 οί

2149 5185 2307 5248 ἄξιοι.
2365 5183 2494 5234 Ἀπὸ
2518 5182 2572 5234 δὲ
2598 5182 2704 5233 τῶν
2729 5180 3078 5251 λειτουργῶν,
3109 5179 3249 5250 φημὶ
3293 5178 3400 5229 τῶν
3442 5178 3722 5230 ὑποδιακὰ

2148 5296 2271 5340 νων,
2307 5279 2354 5330 οἱ
2393 5277 2488 5346 μὲν
2512 5274 2608 5337 τὰς
2643 5273 2814 5337 πύλας
2840 5273 3215 5342 φυλάσσουσιν,
3243 5271 3291 5322 οἱ
3311 5269 3364 5321 δὲ
3396 5268 3526 5323 ἄλλο
3547 5269 3723 5320 τιδια-

2149 5373 2495 5443 πράττονται·
2526 5369 2574 5420 οἱ
2599 5369 2653 5420 δὲ
2683 5368 2942 5437 ἔκκριτοι,
2966 5365 3204 5436 δηλονότι
3242 5365 3289 5417 οἱ
3320 5363 3581 5426 διάκονοι,
3625 5366 3720 5416 σὺν

2147 5466 2256 5524 τοῖς
2293 5461 2524 5532 ἱερεῦσιν
2562 5461 2653 5511 ἐπὶ
2685 5458 2778 5511 τοῦ
2815 5458 2956 5510 θείου
3004 5456 3388 5526 θυσιαστηριΟυ
3421 5453 3514 5506 τὸν
3557 5454 3720 5524 ἄρτον

2147 5552 2478 5626 προτιθέασι,
2509 5552 2603 5604 καὶ
2624 5550 2685 5602 τὸ
2707 5551 2804 5620 τῆς
2835 5549 3080 5618 εὐλογίας
3097 5549 3371 5618 ποτήριον,
3407 5547 3502 5598 καὶ
3528 5545 3718 5598 ἔπειτα

2149 5645 2588 5718 προομολογεῖται
2610 5645 2643 5713 ἡ
2665 5641 2815 5712 κοινὴ
2837 5643 2867 5693 ὑ
2875 5641 3144 5711 μνολογία.
3173 5636 3328 5710 Εἶχον
3347 5653 3456 5710 γαρ
3478 5639 3576 5694 καὶ
3598 5638 3718 5696 τύισ
