3874 6228
184 267 295 321 435

716 267 805 322 DE
836 266 1117 325 ECCLES.
1154 265 1551 329 HIERARCH.,
1610 266 1759 321 CAP.

1864 266 1894 322 Ι.
1928 297 1992 306 ο-
2035 263 2383 319 ΡΛΒΑΡΗΒ.
2424 262 2888 322 ΡΑΕΗῩΜΕῘΗΕ.

3322 268 3429 324 ιδι

188 381 423 454 μάθημά
446 400 500 435 τι
522 382 617 435 καὶ
633 384 971 453 συμμάθημα
991 381 1245 445 πίστεως.
1271 382 1414 452 Πρὸς
1436 377 1516 445 οἷς
1544 385 1571 435 6
1598 383 1759 451 ἱερὰρ

1878 380 2292 435 institutionem.
2327 380 2407 433 Ad
2439 381 2551 434 haec
2601 381 2867 448 pontifex,
2914 394 3127 436 sacram
3170 397 3434 453 peragens

186 491 306 545 χης,
335 474 504 544 εὐχὴν
538 475 922 544 ποιησάμενος,
946 475 1049 545 τὴν
1068 475 1288 545 εἰρήνην
1324 473 1646 542 διαγγέλλει,
1686 472 1769 543 δη-

184 565 359 617 λονότι
380 564 699 634 τῆ·Εὶρήνη
716 562 885 619 πᾶσι“
903 567 997 617 καὶ
1025 564 1184 629 εὐθὺς
1209 565 1631 636 ἀσπασαμένων,
1648 566 1777 617 ἁνα-

182 654 542 722 γινώσκυνται
574 656 644 708 τὰ
660 655 910 725 δίπτυχα.
936 656 1044 709 Καὶ
1076 656 1403 726 νιψαμένων,
1433 658 1461 708 6
1485 656 1764 726 ίεράρχης,

185 747 351 816 μέσον
389 748 698 817 ἱστάμενος,
725 746 837 816 ἔχει
863 748 1314 818 περιισταμένους
1336 747 1623 810 κάκείνους
1638 749 1764 810 τοὺς

180 837 291 889 τῶν
309 837 645 908 λειτουργῶν
669 838 975 909 ἐκκρίτους,
998 840 1092 891 καὶ
1116 840 1380 909 ὑμνήσας,
1407 837 1765 909 ἱερουργεῖτά

181 925 459 991 θειότατα,
489 930 582 981 καὶ
604 929 696 981 ὑπ’
721 928 841 993 ὄψιν
863 928 1072 997 ἄγειτά
1104 931 1132 981 ὺ
1141 947 1244 1000 μνη
1254 930 1407 999 μένα,
1432 927 1760 1000 σαφηνίζων,

178 1020 255 1082 ὠς
300 1020 545 1091 Χριστοῦ
584 1023 688 1073 είσι
721 1020 790 1073 τά
828 1021 1051 1075 τοιαῦτα
1086 1020 1349 1091 σύμϐολα’
1394 1022 1475 1073 ὅτι
1519 1020 1659 1091 μετὰ
1702 1020 1762 1072 τὸ

177 1111 396 1165 δεῖπνον
442 1112 623 1165 λαϐὼν
660 1113 842 1183 ἄρτον,
887 1113 979 1166 καὶ
1009 1111 1079 1164 τὰ
1119 1112 1271 1183 ’ἑξῆς-
1320 1113 1415 1165 καὶ
1461 1114 1540 1165 ὅτι
1585 1113 1760 1165 Τοῦτο

176 1202 402 1255 ποιεῖτε
432 1205 521 1267 εὶς
546 1201 660 1269 τὴν
690 1202 842 1271 ἐμὴν
867 1200 1222 1270 ἀνάμνησιν.
1268 1202 1638 1254 ’Υποδείκνυσι
1683 1201 1757 1265 δὲ,

178 1294 349 1364 ῆγουν
384 1294 580 1362 ἀνυψοῖ
606 1293 751 1357 τότε,
778 1292 1307 1362 ἀποκαλυπτομένων
1329 1291 1436 1345 τῶν
1479 1292 1758 1360 παναγίων

177 1384 368 1456 δώρων
392 1385 531 1455 μετὰ
567 1385 665 1448 τὰς
695 1385 877 1455 εὑχάς,
918 1384 1183 1455 μενόντων
1234 1384 1289 1437 δὲ
1330 1384 1758 1454 κεκαλυμμένων

179 1479 285 1540 ἕως
311 1477 511 1547 καιροῦ
555 1477 927 1548 μεταλήψεως.
953 1475 1110 1529 Μετὰ
1130 1473 1301 1528 ταῦτα
1328 1475 1487 1539 αὐτός
1509 1492 1567 1527 τε
1596 1493 1758 1545 μετα-

176 1569 472 1639 λαμϐάνει,
510 1570 605 1622 καὶ
621 1570 746 1632 τοὺς
772 1568 959 1631 ἄλλους
976 1568 1363 1639 προτρέπεται.
1385 1566 1683 1637 Μετασχὼν
1702 1567 1757 1619 δὲ

181 1662 278 1714 καὶ
309 1662 597 1731 μεταδοὺς,
624 1664 704 1724 εἰς
732 1662 1078 1732 εὐχαριστίαν
1095 1661 1409 1731 καταλήγει.
1437 1662 1545 1713 Καὶ
1576 1661 1756 1713 πολλοὶ

1872 471 2262 538 precationem,
2284 486 2470 539 pacem
2516 484 2862 540 apprecatur,
2916 472 3149 530 dicendo
3191 474 3433 531 scilicet:

1866 563 1989 617 Pax
2012 564 2282 624 omnibus;
2363 562 2596 631 dumque
2650 562 2795 617 illico
2852 578 2910 617 se
2960 564 3214 627 salutant,
3269 580 3437 620 sacrae

1872 651 2064 706 tabula:
2091 651 2408 708 recitantur.
2436 651 2502 705 Et
2533 660 2814 721 postquam
2840 654 2936 706 loti
2966 664 3112 719 sunt,
3149 655 3431 710 hicrarcha

1867 757 2018 797 Stans
2045 743 2097 797 in
2122 742 2298 797 medio
2322 744 2557 798 selectos
2582 742 2697 796 illos
2721 743 2972 798 diaconos
2997 745 3100 799 sibi
3131 745 3287 799 habet
3308 749 3436 803 assi-

1867 843 2088 894 stentes,
2109 832 2416 901 hymnoque
2442 834 2584 887 dicto
2612 833 2945 886 divinissima
2979 834 3137 905 203
3155 846 3436 892 consecrat

1865 933 2225 986 sacramenta,
2281 934 2336 978 et
2369 924 2467 977 sub
2497 935 2773 993 aspectum
2822 926 2968 979 ducit
3022 942 3085 980 ea
3125 942 3245 998 quae
3291 928 3434 983 cele-

1865 1017 2014 1070 brata
2066 1024 2221 1082 sunt,
2269 1014 2557 1069 declarans
2603 1030 2665 1069 ea
2710 1016 2910 1071 (lhristi
2973 1032 3092 1072 esse
3168 1019 3435 1089 symbola,

1863 1112 2117 1179 quoniam
2175 1119 2298 1181 post
2354 1125 2565 1165 caenam
2629 1120 2837 1178 accepto
2907 1128 3042 1181 pane
3083 1122 3148 1176 P,
3200 1123 3255 1167 et
3316 1130 3436 1184 qua:

1862 1211 2176 1268 sequuntur.
2238 1201 2363 1254 Item
2428 1219 2441 1253 :
2488 1199 2602 1253 Hoc
2656 1201 2813 1263 facile
2866 1204 2923 1256 in
2976 1219 3143 1256 meam
3210 1221 3427 1259 comme~

1860 1295 2203 1347 morationem
2237 1303 2286 1346 ιι.
2312 1292 2564 1347 Ostendit
2607 1303 2809 1360 autem,
2858 1295 2909 1350 id
2949 1305 3055 1360 est,
3114 1306 3242 1351 tunc
3293 1296 3439 1353 dete—

1860 1394 1944 1439 cta
1978 1396 2165 1439 sancta
2204 1386 2339 1440 dona
2390 1395 2509 1453 post
2560 1400 2747 1454 preces
2802 1387 2999 1441 attollit
3067 1404 3159 1443 seu
3225 1389 3435 1456 elevat,

1861 1478 1926 1531 de
1948 1488 2146 1531 caetero
2180 1488 2319 1531 tecta
2355 1490 2575 1533 manent
2622 1494 2793 1547 usque
2820 1480 2886 1533 ad
2931 1489 3139 1549 tempus
3172 1483 3436 1551 sumptio-

1860 1570 1961 1623 nis.
2006 1569 2215 1625 Exinde
2282 1572 2649 1626 communicat
2697 1572 2813 1641 ipse
2846 1613 2860 1636 ,
2919 1573 3161 1640 aliosque
3214 1575 3431 1629 invitat.

1860 1663 2097 1729 Accepta
2127 1665 2359 1732 denique
2384 1665 2616 1733 dataque
2637 1666 3034 1733 communione,
3060 1666 3113 1719 in
3141 1668 3434 1737 gratiarum

185 1755 285 1823 μὲν
314 1756 395 1816 εἰς
417 1754 553 1824 μόνα
586 1753 656 1806 τά
687 1754 802 1806 θεῖα
831 1753 1247 1825 παρακύπτουσι
1279 1753 1539 1823 σύμϐολα,
1569 1755 1662 1807 ἅτε
1691 1754 1759 1824 μὴ

1868 1752 2133 1806 actionem
2182 1754 2397 1809 desinit.
2437 1754 2677 1823 Cumque
2726 1755 2975 1825 plerique
3009 1757 3187 1811 divina
3231 1770 3436 1814 tantum

176 1843 470 1913 δυνάμενοι
503 1844 827 1915 ύῂλότερόν
855 1862 905 1896 τι
945 1845 1212 1913 ὲννοῆσαν
1240 1845 1399 1907 αὐτὸς
1431 1845 1486 1897 δὲ
1526 1847 1554 1897 6
1589 1846 1765 1916 ἱεράρ-

180 1953 281 2005 χης
306 1936 446 2006 πρὸς
486 1936 669 1989 ἐκεῖνα
704 1935 773 1988 τά
815 1936 1143 2007 πρωτότυπα
1183 1935 1312 1988 αὐτὸ
1348 1936 1407 1988 τὸ
1430 1936 1522 1989 τοῦ
1556 1938 1761 2008 Κυρίου

177 2028 359 2098 τίμιον
390 2028 551 2099 σῶμα
578 2029 671 2082 καὶ
693 2024 849 2099 αἷμα,
875 2029 1154 2096 ἀνάγεται,
1172 2027 1459 2092 πιστεύων,
1479 2028 1557 2080 ὅτι
1583 2029 1675 2081 καὶ
1696 2027 1764 2081 τὰ

178 2121 523 2191 προκείμενα
572 2123 653 2183 εἰς
700 2122 880 2173 ἐκεῖνα
922 2120 1329 2192 μετεϐλήθησαν
1366 2120 1444 2191 τῷ
1479 2121 1617 2191 ἁγίῳ
1668 2122 1762 2173 καὶ

176 2209 511 2281 παντουργῷ
532 2210 670 2262 Πνεύ
679 2228 826 2282 ματι.

796 2351 886 2403 ΙΙΙ.
924 2353 1161 2419 Θεωρία.

250 2486 281 2557 §
316 2488 359 2539 ῐ.
412 2487 534 2540 Ἐπὶ
568 2487 665 2558 τὴν
693 2488 924 2558 θεωρίαν
963 2488 1062 2559 ’ήδη
1108 2486 1445 2556 μεταϐαίνων
1478 2489 1585 2542 τῶν
1621 2490 1760 2543 κατὰ

178 2578 403 2642 σύναξιν
426 2579 785 2649 τελουμένων,
812 2582 949 2651 ὅπερ
983 2581 1073 2633 ἐπὶ
1096 2578 1190 2632 τοῦ
1226 2581 1523 2652 μυστηρίου
1546 2582 1640 2633 τοῦ
1659 2600 1763 2650 φω-

176 2672 445 2740 τίσματος
474 2671 741 2739 πεποίηκε
764 2710 777 2731 ,
804 2671 899 2723 xai.
926 2673 1050 2734 τοὺς
1087 2672 1441 2735 ἀτελειώτους
1466 2670 1544 2723 ἔτι
1567 2671 1762 2741 ἐψυχα-

177 2762 347 2830 γώγει
362 2763 453 2815 διὰ
466 2764 568 2833 τῆς
591 2764 850 2834 αἰσθητῆς
876 2764 982 2817 τῶν
1009 2764 1290 2835 συμϐόλων
1307 2763 1595 2827 ποικιλίας·
1620 2762 1760 2816 οὕτω

164 2855 272 2905 καὶ
299 2853 541 2906 ἐνταῦθα
575 2857 718 2907 ποιεῖ
736 2856 815 2917 εἰς
846 2854 1198 2924 ψυχαγωγίαν
1230 2854 1338 2907 τῶν
1360 2855 1439 2907 ἐτι
1463 2854 1761 2923 τελειουμέ-

179 2961 283 2995 νων
307 2944 408 2995 καὶ
430 2945 489 2995 ού
521 2943 628 2994 τῶν
662 2944 882 3003 τελείων
910 2944 1224 3015 ἐναρμόνιον
1243 2985 1257 3009 ,
1292 2944 1527 3015 δηλονότι
1566 2950 1763 3016 προσή-

179 3052 382 3087 κουσαν
411 3038 477 3105 τῇ
501 3035 723 3105 δυνάμει
756 3036 855 3105 τῆς
880 3037 1057 3089 αὐτῶν
1076 3037 1258 3103 ἕξεως.
1285 3038 1562 3091 Ποικιλίαν
1588 3039 1643 3092 δὲ
1669 3041 1761 3093 καὶ

180 3122 432 3175 σύνθεσιν
464 3122 553 3175 διὰ
599 3123 877 3193 συμϐόλων
920 3125 1085 3194 λέγει.
1142 3128 1291 3180 Ἐπεὶ
1324 3127 1431 3199 γὰρ
1484 3129 1516 3198 ή
1562 3129 1761 3200 θεωρία

178 3212 323 3282 ἁπλῆ
365 3214 463 3264 καὶ
494 3212 702 3276 ένιαία,
750 3214 973 3277 εἰκότως
1012 3214 1081 3268 τὰ
1119 3215 1359 3285 σύμϐολα
1397 3216 1634 3270 ποικιλία
1668 3218 1761 3270 καὶ⁹

180 3302 457 3367 σύνθεσις
515 3306 562 3356 οἱ
610 3303 721 3376 γὰρ
766 3308 878 3368 τοῖς
929 3306 1217 3376 συμϐόλοις
1270 3309 1627 3380 προσέχοντες
1663 3311 1761 3362 οὐκ

178 3398 363 3467 ἔχουσι
395 3396 498 3467 τὴν
537 3397 744 3449 ἑνιαίαν
777 3399 870 3450 καὶ
896 3399 1073 3468 ἁπλῆν
1098 3399 1316 3467 γνῶσιν·
1344 3400 1456 3453 ἀλλ’
1482 3400 1653 3464 ἄλλως
1678 3402 1761 3455 ἀλ-

178 3487 266 3550 λος
286 3487 505 3555 ἀνάγει,
533 3487 707 3550 ἄλλως
736 3488 891 3551 ἄλλος
922 3488 989 3540 τὰ
1016 3489 1116 3559 τῆς
1147 3488 1470 3560 ἀλληγορίας
1494 3489 1659 3559 λέγει,
1685 3492 1760 3554 ὼς

181 3578 456 3647 βούλεται.
482 3579 604 3631 Εἰσὶ
625 3580 669 3632 δ’
694 3580 908 3644 οἵτινες,
932 3581 1024 3633 καὶ
1051 3583 1161 3642 τοῖς
1189 3581 1473 3650 συμϐόλοις
1495 3582 1761 3634 ἐναπολει-

182 3669 434 3738 φθέντες,
452 3669 576 3722 καθ’
601 3669 769 3733 αὑτὰς
786 3674 802 3691 ‘
827 3670 1134 3740 ἐκδέχονται
1158 3670 1227 3722 τά
1250 3671 1386 3742 ὑπὲρ
1418 3673 1631 3735 αὐτοὺς,
1668 3671 1760 3724 καὶ

178 3761 392 3830 ψευδῶς
410 3760 715 3814 ὑπονοοῦσι·
743 3761 906 3814 καθ“ὃ
927 3762 990 3833 δὴ
1013 3762 1203 3831 ψεῦδος
1219 3765 1311 3817 καὶ
1337 3763 1645 3835 μερίζονται
1669 3766 1760 3816 καὶ

182 3855 572 3908 ποικίλλονται.
614 3852 874 3906 Ἐνταῦθα
916 3855 1045 3921 γοῦν
1072 3872 1234 3925 φησιν
1255 3857 1508 3928 ὁΠατήρ’
1548 3857 1636 3919 Ὠς
1651 3856 1757 3908 οὐδ’

182 3947 317 4015 αὐτὴ
353 3948 390 4016 ἡ
417 3946 637 4015 ποικίλη
653 3943 741 3996 διά
758 3944 1038 4014 συμϐόλων
1066 3946 1311 4009 σύνθεσις
1339 3946 1561 4017 ἀνόητος
1586 3946 1761 4017 ὑπάρ-

181 4056 263 4110 χει
289 4042 407 4101 τοῖς
429 4038 795 4108 τελουμένοις,
820 4039 914 4092 καὶ
945 4039 1104 4111 μέχρι
1139 4039 1248 4092 τῶν
1283 4039 1552 4110 αἰσθητῶν
1578 4056 1761 4108 φαινο-

187 4130 322 4201 μένη
354 4130 536 4200 μόνον·
566 4133 621 4182 αἱ
656 4129 763 4202 γὰρ
784 4130 1116 4199 ἀναγνώσεις
1139 4131 1245 4184 τῶν
1269 4132 1481 4199 λογίων,
1508 4132 1639 4184 ὅπου
1667 4132 1761 4183 καὶ

182 4220 471 4291 ἀναγωγήν
495 4222 595 4273 οὐκ
620 4216 783 4291 εἶχον,
800 4221 1143 4275 διδασκαλίαν
1176 4223 1428 4293 ἐναρέτου
1456 4223 1598 4292 ζωῆς
1625 4223 1761 4294 ὑφη-

182 4309 404 4379 γοῦνται
438 4311 533 4362 καὶ
566 4310 939 4382 ἀποκάθαρσιν
964 4311 1064 4380 τῆς
1088 4312 1303 4374 κακίας.
1336 4312 1398 4364 Ἠ
1422 4313 1477 4364 δὲ
1494 4312 1642 4382 κοινὴ
1666 4312 1760 4364 καὶ

180 4402 289 4454 ἀπὸ
328 4400 424 4454 τοῦ
457 4401 619 4453 αὐτοῦ
660 4401 823 4472 ἄρτου
867 4405 958 4455 καὶ
1007 4404 1263 4474 ποτηρίου
1303 4405 1580 4474 μετάδοσις
1626 4407 1756 4475 ὀμο-

179 4493 411 4565 τροπίαν
445 4492 739 4561 νομοθετεῖ·
776 4493 836 4544 τὸ
868 4492 976 4563 γὰρ
1010 4495 1309 4563 ὁμοδίαιτον
1336 4497 1429 4548 καὶ
1459 4497 1756 4566 όμότροπον

181 4586 274 4638 καὶ
298 4584 380 4637 ἔτι
415 4585 495 4646 εἰς
525 4584 743 4654 μνήμην
770 4583 888 4651 ἄγει
916 4584 1008 4636 τοῦ
1037 4585 1313 4655 Κυριακοῦ
1341 4586 1574 4649 δείπνου,
1610 4587 1637 4639 ὃ
1665 4588 1757 4639 καὶ

178 4682 635 4751 ἀρχισύμϐολον
649 4679 814 4747 λέγει,
829 4682 989 4734 οἱονεὶ
1008 4681 1468 4751 ἀρχικοινωνικόν.
1488 4681 1758 4751 Σύμϐολον

179 4777 287 4846 γάρ
323 4775 353 4826 ό
386 4773 599 4845 ἔρανος,
635 4772 727 4825 καὶ
750 4774 778 4824 6
814 4772 1062 4825 ἐντεῦθεν
1100 4774 1275 4837 κοινὸς
1310 4774 1758 4845 οἰκονομούμενος

177 4868 396 4921 δεῖπνον
427 4865 663 4932 λέγεται·
714 4863 774 4927 ἐξ
818 4860 877 4918 οὗ
922 4867 1013 4918 καὶ
1066 4865 1330 4935 σύμϐολον
1362 4867 1421 4919 τὸ
1464 4867 1757 4937 διδόμενον,

178 4957 275 5010 καὶ
306 4954 618 5025 ἀσύμϐολος
649 4956 677 5006 6
710 4954 1025 5025 ἀσυντελήςσ
1061 4956 1182 5008 καθ’
1225 4956 1252 5008 ὂ
1279 4957 1372 5009 καὶ
1398 4957 1557 5019 αὐτὸς
1590 4958 1618 5008 ὁ
1649 4957 1757 5010 τῶν

176 5048 467 5120 συμϐόλων
499 5046 824 5117 δημιουργὸς
918 5046 1114 5117 δηλαδὴ
1134 5048 1234 5117 τῆς
1262 5049 1565 5111 κοινωνίας,
1600 5046 1757 5118 ῆτῶν

178 5140 639 5212 συμϐαλλομένων
672 5139 750 5201 εἰς
766 5138 826 5190 τὸ
852 5140 1048 5191 κοινόψ
1070 5139 1172 5192 εἴτι
1205 5140 1313 5212 γὰρ
1328 5140 1393 5194 ἂν
1417 5141 1500 5212 εἴη
1529 5142 1589 5193 τὸ
1617 5158 1759 5212 συμ-

176 5233 529 5303 ϐαλλόμενον,
564 5230 698 5285 Θεοῦ
733 5233 846 5285 ἐστι
870 5232 1298 5304 δημιούργημα·)
1335 5232 1633 5303 ἀποκληροῖ
1664 5233 1757 5285 καὶ

176 5324 587 5381 ἀποδιαστέλλει
631 5323 938 5378 δικαιότατα
979 5326 1070 5379 τὸν
1105 5327 1203 5396 οὐχ
1236 5326 1396 5389 ὁσίως
1445 5326 1757 5397 συνδειπνή-

178 5437 347 5474 σαντα
388 5418 607 5471 Ἰούδαν.
635 5418 745 5470 Καὶ
770 5419 916 5490 αὐτῷ
941 5419 1048 5492 γὰρ
1063 5420 1157 5471 τοῦ
1187 5417 1447 5488 μυστικοῦ
1473 5418 1637 5490 ἄρτου
1658 5420 1752 5472 καὶ

175 5513 271 5567 τοῦ
304 5512 568 5584 ποτηρίου
605 5514 881 5583 μεταδοὺς,
910 5512 978 5566 τά
1001 5513 1270 5583 μυστήρια
1307 5512 1485 5583 μόνοις
1508 5515 1619 5575 τοῖς
1646 5529 1750 5581 μα-

177 5606 392 5675 θηταῖς,
414 5604 552 5674 μετὰ
577 5605 636 5657 τὸ
655 5604 885 5671 ἐξελθεῖν
906 5606 1110 5657 ἐκεῖνον
1134 5605 1197 5656 ὲκ
1220 5603 1311 5656 τοῦ
1329 5603 1564 5666 δείπνου,
1597 5620 1742 5674 παρ-

253 5764 432 5819 PLuc.
474 5777 609 5830 χιιι,
650 5761 735 5819 t9.
813 5771 841 5813 τι
870 5760 1001 5817 Ibid.
1093 5742 1285 5836 ’,ἴσως
1318 5762 1437 5813 κατ’
1472 5748 1614 5813 αὑτά

1864 1842 2105 1912 symbola
2135 1853 2520 1909 contueantur,
2552 1860 2614 1899 eo
2646 1848 2783 1913 quod
2827 1848 3109 1903 sublimius
3147 1850 3275 1918 quid
3308 1864 3436 1904 con-

1864 1933 2106 1986 siderare
2155 1945 2469 2001 nequeant;
2522 1937 2634 2003 ipse
2676 1945 2856 1990 tamen
2904 1938 3195 1993 hierarcha
3251 1942 3316 1995 ad
3356 1940 3438 2009 ip-

1864 2034 2036 2078 samet
2067 2036 2375 2096 prototypa,
2412 2042 2625 2081 sacrum
2674 2029 2925 2083 videlicet
2968 2045 3164 2099 corpus
3206 2048 3269 2087 ac
3305 2049 3437 2087 san-

1863 2116 2079 2185 guinem
2112 2117 2345 2183 Domini,
2377 2119 2690 2183 adducitur,
2726 2122 2976 2187 credens,
3006 2137 3090 2175 res
3132 2126 3437 2193 propositas

1863 2207 1917 2261 in
1944 2207 2036 2262 illa
2065 2218 2256 2264 sancto
2293 2225 2356 2266 ac
2386 2211 2640 2265 omnitico
2673 2211 2880 2277 Spiritu
2913 2222 3118 2268 mutata
3153 2230 3294 2270 esse.

2388 2342 2478 2397 Ill.
2518 2343 2921 2413 Contemplatio.

1932 2462 2027 2535 ξι.
2065 2463 2144 2517 Ad
2182 2464 2696 2532 contemplationem
2737 2467 2898 2521 modo
2926 2468 3215 2534 ,transiens
3250 2484 3431 2527 eorum

1860 2572 1979 2626 qua:
2014 2557 2065 2610 in
2093 2558 2280 2627 synaxi
2309 2557 2672 2622 celebrantur,
2702 2559 2779 2611 uti
2801 2562 2851 2611 in
2882 2559 3224 2629 baptismatis
3250 2580 3437 2619 sacra-

1864 2658 2045 2703 mento
2089 2650 2338 2703 rudiores
2381 2649 2555 2702 adhuc
2601 2650 2812 2703 animas
2842 2665 2937 2717 per
2968 2654 3222 2707 sensilem
3252 2656 3438 2726 signo-

1863 2755 1980 2793 rum
2010 2741 2328 2795 varietatem
2356 2741 2613 2805 instituit,
2638 2742 2715 2794 sic
2748 2752 2802 2795 et
2833 2742 2941 2807 hic,
2989 2745 3056 2797 ad
3097 2750 3434 2802 commodam

1861 2846 2049 2885 eorum
2087 2832 2176 2899 qui
2215 2832 2392 2885 adhuc
2423 2832 2781 2900 perficiuntur
2821 2841 2875 2886 et
2927 2836 3159 2888 necdum
3212 2837 3437 2907 perfecti

1861 2933 1987 2977 sunt
2041 2922 2478 2986 instructionem,
2525 2922 2779 2976 similiter
2826 2923 2970 2988 facit,
3023 2926 3076 2979 id
3124 2936 3205 2980 est
3251 2928 3437 2981 virtuti

1862 3012 2082 3067 habitus
2112 3013 2349 3082 ipsorum
2385 3015 2822 3067 convenientem.
2874 3012 3091 3067 Variam
3124 3026 3304 3070 autem
3346 3033 3439 3071 vo-

1788 3094 1830 3150 C
1864 3114 1951 3157 cat
2000 3114 2053 3158 et
2100 3105 2476 3173 compositam,
2530 3112 2749 3174 propter
2801 3106 3065 3174 symbolo.
3119 3107 3252 3162 Cum
3291 3110 3435 3163 enim

1863 3196 2249 3265 contemplatio
2283 3197 2512 3266 simplex
2556 3199 2629 3251 sit
2662 3207 2715 3251 et
2756 3199 3037 3263 nnitnoda,
3072 3200 3262 3254 merito
3288 3216 3437 3271 synt-

1861 3290 1983 3343 bola
2028 3291 2267 3345 varietas
2298 3301 2424 3344 sunt.
2464 3301 2518 3345 et
2567 3292 2894 3359 compositio
2927 3309 2940 3345 :
2985 3294 3073 3361 qui
3106 3294 3250 3347 enint
3290 3310 3437 3364 sym-

1864 3382 2002 3436 bolis
2045 3383 2354 3447 intendunt,
2404 3397 2509 3436 non
2548 3377 2751 3436 habent
2802 3385 3004 3436 unitam
3044 3393 3097 3438 et
3137 3386 3433 3455 simplicem

1861 3475 2249 3540 cognitionem,
2304 3477 2397 3528 scd
2430 3473 2569 3528 alios
2600 3474 2762 3529 aliter
2805 3476 3043 3543 adducit,
3096 3487 3259 3547 atque
3296 3478 3437 3534 alius

1861 3567 2019 3619 aliter
2060 3566 2345 3634 allegorias
2402 3566 2588 3631 tradit,
2645 3577 2805 3635 prout
2836 3567 2971 3620 vult.
3017 3567 3269 3633 Quinimo
3309 3581 3432 3623 sun‘

1862 3660 2122 3724 nonnulli,
2169 3662 2260 3729 qui
2309 3659 2570 3730 symbolis
2621 3660 2967 3727 inhaerentes,
3019 3663 3315 3717 secundum
3345 3663 3433 3717 illa

1861 3753 2134 3821 accipiunt
2184 3767 2246 3807 ea
2292 3769 2411 3822 qua:
2458 3768 2620 3823 supra
2666 3754 2782 3823 ipsa
2813 3765 2963 3820 sunt,
3008 3765 3063 3809 et
3091 3754 3282 3811 falsqu
3317 3757 3434 3827 upi-

1864 3856 2096 3911 nantur;
2133 3848 2427 3900 secundum
2460 3863 2625 3915 quam
2656 3848 2946 3903 falsitatem
2989 3848 3151 3901 etiam
3182 3850 3436 3904 dividun-

1862 3944 1951 3989 tur
1978 3945 2033 3990 et
2066 3937 2515 4005 multiplicantur.
2544 3938 2642 3993 ilic
2688 3940 2872 4008 itaque
2901 3941 3062 3994 Pater
3096 3943 3172 3994 ait
3206 3940 3319 3995 :Ne
3344 3944 3429 3997 di-

1859 4042 2017 4081 versa
2052 4028 2142 4081 illa
2173 4029 2541 4098 syntholorum
2601 4030 2922 4099 compositio
2960 4032 3194 4099 insipida
3234 4033 3433 4087 existat

1861 4119 1929 4173 iis
1961 4121 2050 4188 qui
2102 4122 2406 4184 initiantur,
2454 4123 2499 4174 si
2551 4138 2733 4176 rerum
2763 4123 3044 4177 sensilium
3076 4133 3283 4178 tantum
3310 4139 3432 4178 esse

1861 4214 2109 4267 videatur
2155 4233 2168 4268 :
2216 4213 2623 4284 Scripturarum
2668 4217 2812 4268 enim
2859 4215 3118 4269 lectiones
3170 4225 3229 4268 ut
3265 4216 3429 4270 etiam

1862 4321 2144 4377 anagogen
2193 4321 2299 4360 non
2338 4307 2621 4367 haberent,
2658 4309 2841 4375 proba:
2887 4316 3065 4360 tamen
3098 4308 3222 4361 vitae
3264 4307 3428 4362 disci-

1787 4436 1832 4494 D
1865 4397 2064 4466 plinam
2098 4408 2151 4452 et
2178 4400 2459 4465 pravitatis
2488 4401 2720 4453 innuunt
2751 4399 3142 4467 expiationem.
3175 4399 3430 4453 Commu-

1868 4492 1950 4544 nis
1979 4501 2156 4545 autem
2192 4493 2351 4545 unius
2396 4492 2747 4561 ejusdemque
2788 4492 2941 4558 panis
2986 4507 3048 4545 ac
3088 4490 3274 4544 calicis
3307 4506 3431 4561 par-

1865 4583 2113 4651 tietpatio
2175 4598 2385 4637 mormn
2441 4584 2884 4639 conformitatem
2936 4582 3179 4653 praecipit
3232 4600 3245 4636 :
3302 4599 3427 4637 nam

1861 4676 2023 4728 etiam
2078 4674 2370 4729 Dominicae
2413 4690 2580 4731 cmnre
2630 4676 2935 4731 convivium
2968 4691 3031 4730 ac
3075 4677 3428 4730 conlormita-

1865 4774 1972 4818 tem
2001 4766 2051 4819 in
2080 4771 2394 4821 memoriam
2424 4769 2658 4832 reducit,
2685 4784 2846 4837 quam
2874 4777 2928 4822 et
2991 4763 3431 4833 archisymbolam

1863 4868 2043 4923 vocat,
2073 4859 2231 4927 quasi
2265 4859 2519 4927 primitus
2565 4860 3043 4915 communicatam.
3106 4857 3422 4929 Symbolum

1863 4951 2007 5003 enim
2041 4950 2348 5004 convivium
2402 4953 2621 5015 dicitur,
2680 4961 2735 5007 et
2786 4966 2965 5014 coena,
3016 4951 3266 5020 quodque
3316 4949 3427 5005 illic

1865 5043 1916 5097 in
1948 5058 2239 5099 commune
2285 5044 2588 5110 confertur,
2623 5046 2767 5097 unde
2809 5044 2973 5097 etiam
3014 5042 3313 5113 symbolum
3342 5051 3428 5095 est

1861 5134 1914 5189 id
1944 5139 2087 5205 quod
2120 5140 2301 5204 datur,
2346 5149 2400 5193 et
2429 5138 2743 5209 asymbolns
2779 5135 2941 5206 204
2967 5146 3049 5191 est
3078 5133 3426 5204 imperfectus

1862 5243 1955 5283 seu
1982 5232 2217 5297 inutilis;
2245 5232 2396 5300 juxta
2424 5233 2565 5302 quod
2596 5232 2760 5285 etiam
2801 5231 3026 5297 ipsemet
3057 5226 3421 5297 symbolarum

1863 5337 2055 5381 auctor
2091 5326 2227 5395 (sive
2253 5324 2651 5380 communionis
2687 5322 2917 5385 scilicet,
2948 5321 3062 5374 sive
3090 5333 3274 5373 eorum
3303 5329 3425 5384 qua

1861 5420 1914 5473 in
1948 5432 2234 5474 commune
2279 5414 2658 5480 conferuntur;
2693 5412 2951 5482 quidquid
2983 5410 3127 5465 enim
3169 5409 3221 5461 in
3266 5422 3422 5461 com-

1856 5524 2023 5565 mune
2054 5508 2354 5571 confertur,
2385 5506 2477 5561 Dci
2509 5518 2758 5561 creatura
2790 5504 2891 5574 est)
2909 5503 3029 5573 jure
3066 5499 3423 5569 meritissimo

1856 5611 2126 5659 exsortem
2155 5600 2283 5657 facit
2326 5611 2378 5656 et
2417 5599 2658 5655 excludit
2694 5596 2912 5663 ludam,
2962 5594 3053 5665 qui
3088 5608 3191 5648 non
3230 5598 3422 5665 sancte

1724 5734 1730 5741 .
1812 5730 1899 5757 Α..
