3874 6228
480 290 589 349 456

1649 282 1705 339 8.
1740 281 2037 338 DIONYSII
2078 282 2535 339 AREOPAGITE

3623 292 3727 350 158

481 421 692 462 cmaam
722 400 1128 475 frequentabat.
1153 399 1289 455 Cum
1318 396 1462 453 enim
1495 396 1598 465 ipsi
1634 397 1924 467 mysticum
1957 411 2031 465 par

2154 395 2372 457 ἐδωκεν,
2406 396 2481 459 ῶς
2518 392 2737 460 ἀναξίου
2776 398 2979 451 τούτων
3005 398 3155 461 ὄντος
3180 398 3274 452 τοῦ
3327 400 3518 456 Ἰούδα.
3548 404 3651 459 Διά
3678 409 3727 459 τί

480 512 602 552 nem
630 495 964 563 calicemque
1025 492 1361 553 tradidisset,
1400 489 1655 559 mysteria
1706 487 1838 542 solis
1888 487 2050 541 disci-

479 588 621 659 pulis
655 585 897 648 tradidit,
934 594 1223 655 postquam
1253 581 1440 641 Judas.
1485 580 1631 649 quod
1684 580 1751 634 iis
1800 579 2053 649 indignus

478 688 644 743 esset,
696 694 725 730 a
775 691 933 732 caena
983 674 1330 729 surrexisset.
1404 671 1601 741 thuid
1640 670 1821 740 itaque
1858 667 2050 724 Judam

476 781 748 824 exsortem
782 768 911 821 facit
943 766 1246 820 divinorum
1284 762 1691 833 mysteriorum,
1720 775 1843 814 cum
1874 766 2050 812 tamen

479 876 584 914 una
613 858 880 914 ccenarit?
922 856 990 912 Ut
1027 856 1357 920 ostenderet,
1407 870 1512 908 non
1544 853 1678 908 satis
1720 866 1840 907 esse
1862 865 2052 919 corpo-

482 952 671 1005 raliter
704 960 910 1004 tantum
941 950 1132 1003 adesse
1175 962 1237 1002 ac
1282 961 1613 1001 concoenare
1653 948 1856 1015 (neque
1905 944 2048 999 enim

476 1045 581 1098 hoc
608 1042 829 1111 perinde
856 1050 940 1095 est
970 1041 1038 1095 ad
1084 1039 1568 1106 communionem).
1605 1039 1711 1091 sed
1754 1037 2047 1092 secundum

476 1144 710 1187 mentem
737 1130 925 1186 adesse
954 1140 1188 1200 oportet.
1224 1130 1487 1197 Quoniam
1522 1128 1635 1195 illa,
1684 1144 1803 1197 qnze
1854 1143 2050 1183 secun-

477 1224 603 1278 dum
654 1225 897 1279 habitum
948 1222 1103 1291 quasi
1140 1237 1207 1276 ex
1241 1221 1470 1275 scientia
1522 1219 1582 1273 lit
1623 1218 1889 1282 accessio,
1920 1234 2044 1271 vera

474 1326 576 1379 est,
612 1316 661 1369 id
685 1327 765 1369 est
793 1325 850 1369 ut
873 1316 995 1384 quis
1036 1316 1219 1368 animo
1257 1314 1335 1369 sic
1369 1313 1701 1368 constitutus
1730 1312 1821 1375 sit,
1860 1321 1918 1365 ut
1952 1327 2048 1380 per

476 1407 635 1461 fidem
666 1423 731 1461 ex
773 1408 969 1461 aﬂ‘cctu
1007 1408 1255 1471 accedat,
1292 1408 1437 1475 quod
1470 1420 1656 1460 veram
1716 1404 1845 1457 facit
1880 1403 2313 1457 communionem
2367 1422 2381 1459 :

474 1517 603 1571 pore
633 1516 867 1568 praisens
898 1510 1035 1568 erat,
1063 1512 1223 1571 atque
1257 1518 1362 1556 una
1397 1501 1671 1557 etenabat.

550 1591 577 1661 ᾗ
617 1592 675 1645 ll.
718 1592 985 1647 Caeterum
1030 1593 1167 1654 lucc,
1200 1602 1259 1646 ut
1289 1593 1423 1659 dixi,
1452 1600 1668 1662 propter
1703 1604 1798 1643 eos
1831 1587 1921 1658 qui
1954 1586 2047 1641 ad-

2149 488 2329 540 τοίνυν
2359 489 2448 541 τὸν
2496 489 2693 543 Ἰούδαν
2726 491 3024 563 ἀποκ.ο.ηροῖ
3054 492 3160 545 τῶν
3194 494 3351 546 θείων
3392 499 3726 570 μυστηρίων,

2152 580 2325 632 καίτοι
2350 596 2412 647 γε
2448 580 2932 651 συνδειπνήσαντα;
2960 583 3181 647 Πάντως
3204 584 3490 650 διδάσκων,
3529 588 3606 652 ὡς
3636 592 3729 642 οὐκ

2151 672 2418 743 αὔταρκες
2451 673 2512 725 τὸ
2542 673 2865 743 σωματικῶς
2903 675 3059 745 μόνον
3084 681 3453 747 συμπαρεῖναι
3479 682 3578 733 καὶ
3606 699 3730 734 συν-

2151 766 2404 829 δειπνεῖν,
2443 765 2581 835 (esse
2617 767 2725 836 γάρ
2759 768 2875 818 ἐστι
2921 767 3078 820 τοῦτο
3119 768 3252 838 πρὸς
3296 770 3393 841 τὴν
3443 774 3729 827 κοινωνίαν

2152 856 2379 926 ὅμοιον,)
2414 856 2549 908 ἀλλά
2586 857 2645 909 τὸ
2682 856 2820 909 κατά
2852 858 3087 912 διάνοιαν
3123 862 3373 913 συνεῖναι·
3413 863 3445 933 ή
3480 864 3594 936 γὰρ
3616 867 3728 919 καθ’

2153 947 2265 1013 ἕξιν
2291 949 2449 1001 οἱονεί
2469 949 2585 1001 κατ’
2612 948 2903 1017 ἐπίγνωσιν
2936 951 3139 1023 ἀληθὴς
3164 955 3539 1024 προσέλευσις,
3570 976 3718 1011 τουτ-

2147 1038 2264 1091 έστι
2328 1039 2389 1091 τὸ
2426 1039 2762 1103 ἐνδιαθέτως,
2792 1040 2963 1106 οὕτως
2991 1043 3153 1113 ἔχειν,
3190 1046 3284 1098 καὶ
3314 1047 3457 1100 κατά
3488 1050 3595 1120 τὴν
3618 1050 3728 1104 διά-

2153 1146 2298 1181 νοιαν
2322 1129 2410 1181 διὰ
2449 1131 2683 1195 πίστεως
2712 1134 2958 1197 εἰσιέναι,
2992 1138 3058 1205 τῇ
3096 1136 3319 1207 ἀληθινῇ
3348 1140 3610 1210 κοινωνίᾳ⁴
3636 1142 3729 1210 ἐμ-

2152 1224 2329 1272 ποιεῖ·
2362 1221 2497 1292 ὅπερ
2534 1224 2632 1274 οὐκ
2670 1219 2736 1293 ἦν
2776 1225 2895 1277 τότε
2942 1225 3021 1295 τῷ
3048 1227 3220 1300 Ἰούδᾳ
3254 1230 3345 1281 καὶ
3389 1233 3727 1303 συμπαρόντι

2152 1311 2473 1382 σωματικῶς
2508 1315 2601 1367 καὶ
2628 1316 3049 1371 συνδειπνοῦντι.

2450 1406 2590 1475 quod
2636 1407 2821 1475 utique
2872 1406 3022 1462 Judte
3073 1409 3280 1475 deerat,
3334 1414 3554 1468 tametsi
3613 1427 3731 1469 cor.

2226 1582 2252 1655 ᾗ
2289 1584 2354 1635 II.
2403 1582 2559 1635 Ἀλλά
2584 1582 2752 1635 ταῦτα
2789 1583 2887 1653 μὲν
2909 1579 3021 1648 οὖν,
3046 1586 3120 1649 ὡς
3145 1586 3299 1658 ἔφην,
3324 1589 3636 1659 ἐρρέθησαν
3651 1591 3731 1645 αἰ-

475 1683 582 1737 huc
608 1684 908 1752 imperfecti
946 1694 1091 1751 sunt,
1130 1693 1186 1738 et
1215 1685 1345 1740 hinc
1383 1686 1449 1737 ad
1498 1682 1887 1738 sublimitatem
1919 1696 2031 1734 con-

2152 1676 2561 1747 σθητικωτέρως
2594 1674 2681 1727 διά
2712 1678 2839 1738 τοὺς
2867 1677 2945 1729 ἔτι
2986 1678 3360 1744 ἀτελειὼτους,
3397 1682 3490 1733 καὶ
3520 1682 3597 1752 μὴ
3634 1683 3720 1735 δυο

480 1774 847 1843 templationis
875 1777 1171 1831 ascendere
1204 1792 1308 1831 non
1334 1777 1542 1839 valent,
1566 1773 1875 1828 sensibilius
1906 1772 2047 1824 dicta

472 1864 601 1927 sint,
658 1868 727 1920 ad
774 1868 1185 1921 convenientem
1240 1868 1481 1935 ipsorum
1514 1866 1709 1919 animis
1738 1862 2048 1919 erudiendis

472 1958 892 2012 institutionem.
928 1956 1036 2011 Nos
1067 1968 1244 2011 autem
1288 1959 1354 2012 iis
1383 1974 1501 2026 quae
1526 1972 1634 2026 prae
1666 1956 1877 2010 foribus
1921 1962 2047 2007 sunt

471 2049 698 2109 relictis,
731 2049 795 2101 ad
854 2049 1138 2116 ipsammet
1193 2047 1704 2116 contemplationem
1778 2043 2046 2113 ingredia-

471 2158 612 2202 mur,
646 2142 712 2193 ab
742 2139 952 2194 elIcctis
977 2141 1041 2193 ad
1082 2156 1296 2206 causas,
1332 2141 1381 2193 id
1413 2151 1518 2203 est,
1553 2140 1619 2192 ab
1664 2139 1728 2192 iis
1762 2153 1881 2205 quae
1919 2134 2047 2189 visi-

469 2231 651 2284 biliter
700 2244 965 2300 geruntur
1017 2231 1081 2281 ad
1140 2230 1431 2283 invisibilia
1499 2230 1877 2299 niysticaqne,
1927 2241 2044 2294 qua:

470 2339 647 2377 causa:
697 2333 822 2377 sunt
857 2335 911 2377 et
952 2324 1277 2392 exemplaria
1319 2339 1506 2377 eorum
1538 2339 1656 2392 qua:
1694 2322 1794 2377 sub
1823 2336 2038 2376 sensum

469 2417 689 2469 cadunt.
742 2414 911 2467 Porro
960 2414 1184 2468 effectus
1221 2414 1499 2477 dicuntur,
1550 2428 1613 2467 ea
1661 2428 1779 2480 qum
1820 2412 2041 2465 aliunde

468 2519 688 2557 causam
740 2505 943 2558 habent
990 2515 1046 2555 ut
1088 2520 1309 2572 quoquo
1348 2504 1502 2556 modo
1542 2504 1670 2556 sint.
1716 2500 1813 2555 Vel
1845 2516 2041 2555 causas

467 2595 599 2648 dicit
635 2610 762 2658 eas,
814 2612 931 2665 qua:
971 2597 1367 2663 quodammodo
1421 2596 1486 2647 ad
1539 2595 1804 2647 ultimum-
1838 2594 2037 2649 bonurn

467 2694 735 2752 spectant,
762 2696 815 2737 et
843 2701 1074 2751 quarunt
1126 2687 1299 2753 gratia
1342 2700 1407 2739 ac
1456 2686 1651 2737 intuitu
1686 2686 1784 2739 hos
1817 2683 2039 2739 effectus

468 2775 628 2843 idque
654 2787 873 2844 propter
919 2776 1064 2843 ipsas
1098 2775 1423 2843 pet-licinius.
1470 2771 2037 2829 Sedodivinissimuni

460 2881 528 2918 ac
553 2875 958 2917 sacrosanctum
990 2865 1421 2919 sacramentum!
1507 2866 1682 2933 ipsum
1738 2865 1881 2918 enim
1923 2874 2038 2918 tan-

464 2966 625 3017 quani
693 2954 991 3006 animatum
1054 2954 1372 3023 alloquitur,
1449 2955 1607 3023 idque
1658 2957 1873 3018 merito,
1915 2972 2034 3009 cum

461 3044 623 3097 etiam
658 3046 935 3115 theologus
981 3046 1068 3100 ille
1113 3061 1338 3115 magnus
1370 3046 1667 3113 Gregorius
1707 3047 1890 3099 dicat:
1928 3046 2031 3100 Sed

460 3149 495 3188 0
537 3139 735 3202 pascha
798 3154 1051 3205 maguum
1122 3155 1182 3193 ac
1253 3140 1535 3191 sanctum!
1586 3150 1828 3190 nostrum
1881 3141 2025 3191 enim

462 3228 687 3295 pascha,
720 3240 794 3290 ut,
850 3240 899 3281 et
938 3232 1037 3282 hoc
1070 3240 1314 3283 sanctum
1348 3241 1770 3291 sacramentum,
1802 3230 2025 3297 ipsemet

2148 1768 2408 1836 ναμένους
2432 1768 2509 1829 εἰς
2540 1766 2601 1818 το
2633 1766 2766 1836 ὕψος
2800 1769 3128 1822 ἀπεντεῦθεν
3148 1772 3244 1841 τῆς
3271 1770 3501 1841 θεωρίας
3527 1774 3728 1841 ἀνάγε-

2152 1858 2272 1910 σθαι
2307 1859 2384 1918 εἰς
2406 1856 2754 1925 ψυχαγωγίαν
2790 1859 2965 1911 αὐτῶν
3000 1861 3093 1913 καὶ
3126 1864 3507 1933 προσήκουσαν
3542 1866 3730 1928 αὐτοῖς

2152 1948 2405 2019 μάθησιν.
2449 1949 2635 2017 Ἡμεῖς
2659 1949 2714 2001 δὲ
2734 1990 2747 2013 ,
2779 1950 2850 2003 τὰ
2882 1953 3186 2023 προπύλαια
3210 1954 3625 2019 καταλιπόντες,
3643 1959 3731 2009 ὲν-

2146 2041 2237 2102 τὸς
2262 2040 2363 2108 τῆς
2390 2040 2622 2111 θεωρίας
2648 2040 2974 2112 εἰσέλθωμεν
3007 2044 3115 2097 ἀπὸ
3134 2044 3241 2096 τῶν
3264 2047 3520 2098 αἱτιατῶν
3546 2050 3631 2111 εἰς
3662 2049 3731 2100 τὰ

2147 2128 2315 2191 αἴτια,
2349 2128 2624 2181 τουτέστιν
2656 2130 2763 2182 ἀπὸ
2807 2131 2914 2183 τῶν
2940 2134 3148 2203 ὁρατῶς
3171 2135 3507 2205 τελουμένων
3541 2139 3637 2190 ἐπὶ
3661 2139 3730 2190 τά

2146 2222 2351 2293 ἀόρατα
2374 2223 2467 2274 καὶ
2502 2223 2756 2293 μυστικὰ,
2793 2226 2934 2296 ἅπερ
2960 2226 3067 2279 τῶν
3089 2228 3145 2280 ἐν
3172 2230 3415 2300 αἰσθήσει
3443 2232 3595 2285 αἴτιά
3621 2234 3729 2284 εἰσι

2146 2316 2238 2368 καὶ
2265 2314 2563 2385 ἀρχέτυπα.
2599 2318 2825 2370 Αἰτιατά
2862 2319 2916 2371 δὲ
2949 2320 3193 2389 λέγονται
3226 2323 3293 2375 τά
3326 2325 3593 2377 ἐτέοωθεν
3627 2327 3727 2394 τὴν

2145 2408 2321 2460 αἰτίαν
2354 2406 2447 2459 τοῦ
2481 2408 2728 2461 ὁπωσοῦν
2761 2406 2894 2463 εἶναι
2929 2411 3135 2481 ἔχοντα.
3184 2416 3251 2466 Ἦ
3293 2415 3436 2467 αἴτια
3469 2415 3620 2482 λέγει
3658 2418 3728 2467 τὶι

2144 2497 2339 2549 ὡσανεὶ
2370 2496 2560 2550 τελικά
2584 2537 2598 2561 ,
2654 2498 2746 2552 καὶ
2791 2493 2864 2551 ὧν
2918 2501 3098 2562 ἕνεκα,
3140 2503 3277 2572 πρὸς
3309 2502 3344 2555 ἀ
3385 2503 3723 2573 ἀφορῶντες,

2142 2589 2310 2641 ταῦτα
2335 2589 2398 2660 δὴ
2425 2589 2493 2641 τὰ
2509 2591 2741 2651 αἰτιατά,
2778 2593 2869 2644 καὶ
2895 2592 2961 2645 τὰ
2986 2594 3146 2646 ἕνεκα
3164 2595 3407 2657 ἐκείνων,
3436 2594 3722 2664 τελοῦμεν.

2155 2678 2291 2731 Ἀλλ’
2323 2674 2367 2731 ὦ
2402 2679 2653 2750 θειοτάτη
2684 2682 2777 2733 καὶ
2812 2683 2931 2753 ἰερά
2973 2683 3195 2754 τελετήί
3240 2684 3313 2746 ὡς
3348 2683 3582 2753 ἐμψύχῳ
3615 2685 3725 2754 γὰρ

2142 2775 2275 2844 αὐτῇ
2314 2774 2650 2840 διαλέγεται·
2696 2776 2787 2826 καὶ
2821 2776 3065 2838 εἰκότως,
3102 2777 3243 2829 καθὰ
3280 2778 3371 2829 καὶ
3403 2780 3430 2828 ό
3470 2776 3725 2842 θεολόγοις

2145 2866 2312 2935 μέγας
2340 2866 2654 2936 Γρηγόριος·
2687 2866 2845 2930 Ἀλλ’,
2869 2861 2913 2920 ὧ
2939 2868 3119 2937 πάσχα
3150 2868 3211 2920 τὸ
3247 2868 3387 2938 μέγα
3419 2868 3512 2919 καὶ
3540 2868 3722 2937 ἱερόνί

2142 2957 2217 3007 Τὸ
2249 2958 2516 3028 ἡμέτερον
2551 2958 2658 3028 γὰρ
2687 2959 2890 3028 πάσχα,
2926 2962 3072 3030 καὶὴ
3102 2960 3322 3030 τοιαύτη
3361 2960 3480 3030 ἱερὰ
3502 2960 3718 3030 τελετὴ,

2141 3048 2300 3111 αὐτός
2347 3052 2493 3101 ἐστιν
2526 3052 2553 3101 ὀ
2586 3051 2785 3121 Κύριος
2833 3053 2986 3121 ἡμῶν
3037 3054 3241 3122 Ἰησοῦς
3288 3053 3543 3124 Χριστὸς,

2132 3140 2191 3192 ὃν
2219 3144 2445 3193 ποιεῖται
2480 3142 2571 3193 τὸν
2609 3142 2762 3210 λόγον
2786 3146 2813 3196 ὁ
2847 3145 3017 3211 ἆγιος,
3047 3145 3131 3196 ἵνα
3156 3143 3480 3214 ἀποκαλύψῃ
3512 3141 3586 3193 τὰ
3609 3143 3721 3211 ἀμ-

2134 3231 2429 3301 φιέσματα,
2456 3234 2546 3284 καὶ
2570 3234 2940 3306 ἀποπληρώσῃ
2966 3234 3056 3287 τοῦ
3090 3236 3286 3288 ἐνιαίου
3314 3234 3512 3303 φωτός.

459 3320 719 3375 Dominus
767 3328 952 3373 noster
994 3321 1154 3374 Jesus
1200 3320 1452 3374 Christus
1495 3328 1599 3385 est,
1630 3320 1696 3373 ad
1742 3336 1900 3388 quem
1938 3321 2023 3374 hic
2065 3334 2284 3377 sanctus
2324 3338 2627 3377 sermonem
2662 3324 2843 3391 habet,
2894 3337 2950 3377 ut
3004 3326 3209 3381 revelet
3237 3325 3536 3390 involucra,
3598 3325 3724 3377 uni-

457 3428 628 3483 coque
656 3412 856 3466 lumine
887 3423 1119 3466 mentem
1149 3412 1393 3481 impieat.

532 3502 679 3574 §lll.
725 3502 962 3555 Primum
1026 3503 1250 3571 itaque,
1308 3501 1746 3571 quandoquidem
1802 3502 2028 3569 ingrcssi

458 3612 681 3657 sumus,
733 3596 1087 3647 simulacrum
1143 3598 1499 3661 detegendum
1562 3602 1664 3647 est.
1724 3594 2026 3646 Simularra

456 3697 636 3738 autem
696 3692 853 3737 vocnt
911 3684 1177 3749 imagines
1247 3699 1424 3736 rerum
1477 3685 1827 3753 mysticarum
1890 3684 2029 3737 sicut

456 3779 618 3832 etiam
650 3778 700 3830 in
729 3777 866 3830 libro
902 3776 975 3831 De
1012 3778 1202 3829 divinis
1228 3777 1521 3830 nominibus
1562 3780 1610 3831 id
1642 3778 1851 3843 planius
1877 3792 2030 3830 act-e-

456 3873 654 3939 pimus.
690 3869 931 3921 Primum
984 3884 1145 3935 porro
1178 3871 1371 3921 borum
1410 3884 1677 3938 synaxeos
1708 3884 2023 3921 sacramen-

460 3969 574 4011 tum
604 3958 916 4025 appellavit,
970 3958 1124 4026 cujus
1164 3976 1407 4022 sensum,
1459 3959 1572 4012 sive
1630 3960 1680 4011 id
1738 3959 1879 4025 quod
1936 3974 2029 4025 per

454 4052 967 4116 contemplationem
994 4053 1349 4117 significatur,
1384 4051 1619 4119 postulat
1648 4050 1807 4119 205
1844 4056 2027 4118 exitia—

456 4144 599 4196 nari.
633 4142 767 4197 Cum
813 4144 973 4211 igitur
1010 4144 1294 4212 episcopus
1322 4144 1390 4196 sit
1417 4152 1573 4212 typus
1611 4142 1721 4204 Dei,
1755 4145 2028 4196 videamus

453 4236 725 4304 quomodo
754 4236 973 4302 incipiat
1009 4236 1289 4287 incensum
1321 4235 1539 4287 adolere
1571 4234 1637 4286 ab
1661 4234 1820 4285 altari
1858 4250 2026 4300 usque

455 4329 521 4381 ad
549 4328 922 4380 extremitates
958 4325 1169 4394 templi;
1212 4326 1517 4393 iterumque
1566 4326 1631 4377 ad
1664 4325 1904 4377 divinum
1942 4324 2022 4375 al—

2209 3496 2235 3567 §
2272 3498 2362 3549 llI.
2392 3499 2482 3549 Δεῖ
2504 3498 2565 3568 δὴ
2600 3495 2712 3561 οὖν,
2738 3501 2924 3573 ἐπειδὴ
2948 3503 3097 3565 ἐντὸς
3131 3502 3449 3573 ἐγενόμεθα,
3472 3504 3537 3557 τὸ
3565 3507 3722 3577 πρῶ-

2132 3608 2221 3643 τον
2247 3590 2355 3642 τῶν
2372 3589 2698 3659 ἀγαλμάτων
2718 3592 2892 3659 ἀπογυ
2902 3594 3129 3662 μνῶσαι.
3169 3596 3479 3666 Ἀγάλματα
3498 3599 3555 3650 δέ
3582 3618 3718 3670 φησι

2130 3681 2228 3744 τὰς
2261 3682 2472 3743 εἰκόνας
2507 3682 2614 3733 τῶν
2668 3684 2944 3752 μυστικῶν
2966 3725 2979 3747 ,
3016 3685 3196 3749 καθὼς
3244 3689 3337 3740 καὶ
3370 3690 3426 3740 ἐν
3459 3690 3538 3758 τῷ
3573 3693 3720 3759 Περί

2132 3772 2303 3823 θείων
2341 3770 2642 3837 ὀνομάτων
2677 3772 3005 3842 πλατύτερον
3030 3774 3366 3845 διελάὸομεν.
3403 3778 3631 3848 Πρῶτον
3655 3782 3717 3835 δὲ

2130 3861 2333 3913 τούτων
2366 3862 2425 3912 τὸ
2457 3861 2555 3929 τῆς
2586 3862 2855 3927 συνάξεως
2893 3868 3185 3936 μυστήριον
3221 3868 3582 3933 ἀπεκάλεσεν,
3621 3868 3717 3926 οὗ-

2122 3969 2263 4015 τινος
2290 3952 2351 4004 τὸ
2390 3953 2594 4020 νοητὸν,
2631 3954 2795 4022 ἤγουν
2833 3956 2890 4007 τὸ
2924 3957 3064 4008 κατά
3098 3956 3326 4028 θεωρίαν
3359 3960 3713 4032 δηλούμενον,

2125 4042 2471 4112 ἀπογυμνοῦν
2505 4044 2913 4110 ἐπαγγέλλεται.
2966 4047 3180 4119 Ἐπειδὴ
3206 4050 3384 4102 τοίνυν
3405 4052 3576 4117 τύπος
3595 4057 3716 4108 ἐστὶ

2124 4134 2217 4188 τοῦ
2256 4134 2389 4187 Θεοῦ
2424 4137 2451 4187 ό
2489 4134 2805 4197 ἐπίσκοπος,
2845 4137 3040 4206 ἴδωμεν
3082 4138 3196 4201 πῶς
3244 4140 3469 4210 ἄρχεται
3508 4143 3716 4215 θυμιᾷν

2125 4227 2234 4279 ἀπὸ
2280 4226 2373 4279 τοῦ
2417 4228 2799 4298 θυσιαστηρίου
2833 4229 2935 4291 ἐως
2969 4229 3078 4281 τῶν
3109 4232 3373 4300 ἐσχάτων,
3417 4235 3513 4287 καὶ
3548 4238 3716 4290 πάλιν

2130 4317 2526 4387 ἐπαναστρέφει
2569 4319 2647 4380 εἰς
2691 4319 2751 4369 τὸ
2788 4319 2922 4370 Θεοῦ
2972 4319 3369 4392 θυσιαστήριον.
3421 4325 3485 4377 Ἠ
3526 4328 3715 4379 τοίνυν

454 4428 569 4473 tare
619 4428 944 4472 revertatur.
1007 4418 1191 4484 Itaque
1248 4416 1339 4467 Dei
1392 4416 1606 4468 bonitas
1657 4429 1685 4467 a
1737 4416 2019 4482 semetipsa

2137 4408 2396 4479 ὶγαθότης
2411 4409 2504 4461 τοῦ
2534 4409 2667 4461 Θεοῦ
2695 4411 2786 4478 ἀφ’
2813 4411 3011 4479 ἐαυτῆς
3037 4412 3128 4464 ἐπί
3154 4415 3329 4466 πάντα
3352 4414 3419 4468 τὰ
3446 4419 3713 4487 προνοού-

451 4512 518 4562 ad
549 4511 729 4561 omnia
779 4524 898 4577 qua:
929 4506 1275 4577 providentia
1321 4514 1578 4572 reguntur
1615 4508 1893 4572 procedit;
1929 4506 2019 4558 sed

452 4607 671 4670 propter
704 4602 839 4665 haec,
873 4601 1169 4654 secundum
1203 4598 1495 4651 essentiam
1527 4612 1703 4661 suam,
1743 4614 2016 4664 nunquam

455 4705 487 4744 ι
519 4693 737 4759 prepria
777 4691 1009 4744 statione
1062 4692 1287 4754 recedit,
1337 4688 1488 4756 cujus
1535 4690 1719 4755 utique
1771 4691 2017 4741 essentia:

454 4796 710 4833 arcanum
738 4780 1006 4848 signiﬁcat
1036 4781 1205 4832 altare
1233 4778 1362 4831 illud
1399 4780 1756 4838 inaccessum,
1782 4778 1847 4829 ad
1877 4776 2017 4844 quod

453 4871 741 4939 episcopus
772 4872 1083 4923 revertitur.
1132 4870 1212 4922 Ad
1257 4873 1396 4921 hunc
1440 4868 1625 4935 itaque
1651 4868 1865 4922 modum
1898 4882 2017 4920 sese

453 4962 610 5015 habet
645 4975 911 5029 synaxeos
941 4970 1361 5020 sacramentum,
1399 4960 1654 5026 quoniam
1690 4958 1777 5011 hic
1816 4957 2009 5025 duplex

451 5062 535 5107 est
565 5054 704 5105 ratio
733 5064 1024 5120 auagoges.
1055 5052 1257 5121 Estque
1288 5052 1406 5104 haec
1438 5053 1633 5120 prima.
1663 5051 1839 5116 Quod,
1887 5052 2013 5105 licet

452 5144 693 5197 divinum
731 5157 1000 5211 synaxeos
1047 5155 1450 5197 sacramentum
1526 5152 1581 5196 et
1648 5144 1902 5207 unicum,
1958 5152 2013 5196 et

449 5233 700 5302 simplex,
745 5242 798 5285 et
829 5240 1166 5299 compactum
1214 5233 1413 5285 habeat
1446 5232 1792 5300 principium,
1830 5232 2013 5286 inulti-

448 5326 681 5395 plicetur
735 5334 914 5377 tamen
968 5336 1069 5391 pro
1092 5323 1479 5393 symbolarum
1510 5325 1802 5387 varietate;
1845 5335 2009 5391 atque

450 5418 796 5473 uniformiter
842 5417 1037 5470 iterum
1072 5430 1138 5469 cx
1181 5413 1265 5467 his
1312 5415 1380 5475 ad
1408 5416 1691 5484 'propriam
1724 5416 2010 5485 colligatur

450 5509 739 5572 unitatem,
774 5507 1105 5573 unilicetque
1152 5504 1273 5560 illos
1315 5505 1408 5574 qui
1443 5508 1508 5559 ad
1540 5520 1599 5559 se
1638 5517 1823 5560 sancte
1852 5522 2007 5559 acce-

453 5599 606 5655 dunt.
637 5599 883 5652 Secunda
927 5610 1054 5650 vero
1095 5595 1239 5648 ratio
1278 5605 1381 5661 est,
1411 5596 1556 5665 quod
1586 5596 1797 5650 divinus
1824 5598 2006 5665 panti-

452 5690 565 5759 fex,
596 5690 814 5747 tametsi
850 5690 1109 5761 symbolis
1134 5699 1339 5756 utatur,
1366 5699 1419 5744 et
1462 5689 1530 5746 ab
1561 5689 1717 5746 unica
1747 5690 1999 5757 scicntia,

2126 4516 2259 4568 μενα
2294 4500 2565 4569 πρόεισιν,
2602 4499 2715 4551 ἀλλ’
2767 4502 2864 4552 ούκ
2908 4501 3031 4566 ἕξω,
3071 4502 3159 4554 διὰ
3193 4505 3417 4569 τούτων,
3453 4508 3553 4577 τῆς
3587 4512 3710 4562 κατ’

2121 4593 2302 4643 οὐσίαν
2341 4592 2578 4655 στάσεως
2615 4594 2841 4660 γίνεται,
2875 4590 2942 4663 ἧς
2974 4595 3035 4665 δὴ
3061 4596 3244 4660 οὐσίας
3265 4598 3326 4650 τὸ
3352 4600 3586 4670 κρύφιον
3616 4605 3713 4672 δη-

2120 4683 2218 4741 λοῖ,
2256 4684 2316 4735 τὸ
2352 4684 2540 4737 ἄδυτον
2586 4684 2965 4756 θυσιαστήριον
2991 4727 3005 4752 ,
3053 4689 3132 4750 εἰς
3170 4689 3198 4740 ὃ
3240 4691 3649 4764 ἐπαναστρέφει
3678 4700 3710 4749 ὁ

2119 4780 2430 4842 ἐπίσκοπος.
2457 4778 2653 4831 Τοῦτον
2676 4776 2767 4833 οὖν
2793 4780 2883 4832 τὸν
2910 4782 3105 4852 τρόπον
3128 4782 3238 4853 ἔχει
3264 4786 3356 4837 καὶ
3382 4789 3414 4857 ἡ
3448 4788 3550 4855 τῆς
3581 4806 3708 4842 συν-

2119 4868 2287 4932 άξεως
2322 4869 2510 4937 τελετή
2538 4886 2550 4897 ·
2578 4868 2755 4932 διττὸς
2788 4870 2895 4940 γὰρ
2926 4872 3024 4942 τῆς
3069 4872 3299 4925 ἐνταῦθα
3326 4875 3627 4946 ἀναγωγῆς
3678 4880 3709 4929 ὁ

2115 4962 2332 5031 τρόπος.
2364 4962 2469 5012 Καὶ
2503 4961 2647 5012 ἔστιν
2680 4956 2832 5024 οὗτος
2866 4962 3116 5033 πρῶτος.
3143 4964 3226 5016 ὅτι
3267 4966 3369 5019 κᾶν
3397 4970 3430 5037 ὴ
3466 4968 3589 5021 θεία
3606 4972 3705 5041 τῆς

2117 5052 2385 5117 συνάξεως
2416 5052 2604 5123 τελετὴ
2654 5054 2746 5105 καὶ
2784 5054 2988 5106 ἑνιαίαν
3023 5057 3115 5107 καὶ
3169 5056 3351 5125 ἁπλῆν
3399 5059 3493 5111 καὶ
3540 5076 3702 5113 συνε-

2115 5145 2424 5215 πτυγμένην
2452 5144 2548 5216 ἔχῃ
2571 5144 2762 5214 ἀρχὴν,
2792 5145 3119 5217 πληθύνεται
3153 5150 3233 5210 εἰς
3266 5149 3365 5217 τὴν
3401 5149 3557 5218 ἱερὰν
3583 5171 3704 5206 ποι-

2114 5237 2285 5289 κιλίαν
2317 5236 2426 5289 τῶν
2469 5236 2746 5307 συμϐόλων
2765 5276 2779 5300 ,
2809 5239 2901 5290 καὶ
2935 5238 3182 5303 ἐνοειδῶς
3215 5237 3368 5304 αὖθις
3391 5243 3459 5293 ἐκ
3488 5243 3701 5296 τούτων

2111 5327 2189 5388 εἰς
2229 5327 2325 5396 τὴν
2348 5326 2549 5379 οἰκείαν
2589 5327 2791 5396 μονάδα
2828 5329 3137 5395 συνάγεται,
3167 5331 3261 5382 καὶ
3296 5333 3534 5385 ἐνοποιεί
3568 5334 3700 5398 τοὺς

2109 5419 2195 5470 ἐπ’
2236 5419 2401 5489 αὐτὴν
2451 5418 2610 5490 ίερῶς
2653 5420 3036 5490 ἀναγομένους.
3064 5422 3324 5494 Δεύτερος
3362 5423 3419 5475 δὲ
3453 5425 3695 5494 τρόπος·

2106 5511 2187 5562 ὅτι
2219 5511 2247 5562 ὁ
2279 5511 2419 5573 θεῖος
2456 5513 2735 5583 ίεράρχης,
2766 5514 2815 5565 εἰ
2866 5516 3063 5584 χρᾶται
3100 5519 3212 5579 τοῖς
3253 5517 3567 5587 συμβόλοις,
3601 5519 3699 5572 καὶ

2106 5602 2214 5655 ἀπὸ
2243 5604 2343 5673 τῆς
2367 5604 2571 5667 ἐνιαίας
2598 5606 2908 5676 ἐπιστήμης
2952 5606 3279 5677 πληθύνεται
3316 5608 3407 5661 διά
3446 5610 3551 5681 τὴν
3585 5608 3698 5663 τῶν

2108 5692 2520 5763 ὑποϐεϐηκότων
2554 5693 2829 5763 πρόνοιαν,
2846 5693 2958 5748 ἀλλ’
2986 5690 3079 5750 οὖν
3102 5696 3177 5761 ὡς
3209 5697 3480 5762 ἀπὸλυτος
3508 5699 3709 5769 πάντη.
