3874 6228
119 334 232 388 £57

703 314 788 385 DE
820 329 1098 386 ECCLES.
1149 324 1547 398 IIIERARCH.,
1584 331 1738 389 CAP.
1780 332 1870 389 III.
1901 363 1970 372 —
2002 329 2350 388 PARAPIIR.
2389 326 2860 388 PACHYMERE.

3292 333 3402 395 458

117 447 220 501 τοῦ
257 444 375 500 τῶν
402 446 683 517 συμϐόλων
717 445 951 518 πλήθους
977 446 1071 501 καὶ
1114 447 1188 519 μὴ
1220 445 1585 501 ὲπικοινωνῶν
1608 449 1700 499 τοῖς

1825 453 2050 516 propter
2097 446 2436 501 subditorum
2477 446 2916 517 providentiam,
2968 441 3397 521 multiplicetur,

118 542 403 612 χείροσιν,
439 541 519 603 είς
542 539 645 611 τὴν
667 540 872 594 οἰκείαν
893 541 1066 611 ἀρχὴν
1099 541 1366 605 ἐπάνεισι,
1404 542 1497 594 καὶ
1523 541 1621 612 τὴν
1644 542 1727 604 είς

118 637 186 689 τὸ
222 635 290 688 ἓν
323 631 519 704 νοερὰν
564 633 768 685 εἴσοδον
808 633 1198 704 ποιησάμενος,
1234 635 1338 705 ὁρᾷ
1370 633 1575 704 νοητῶς
1606 633 1735 696 τοὺς

118 728 237 782 τῶν
262 726 607 797 τελουμένων
646 726 896 790 ἑνοειδεϊς
935 725 1147 794 λόγους,
1189 726 1361 797 πέρας
1401 724 1503 796 τῆς
1550 728 1630 789 εἰς
1663 725 1735 779 τὰ

120 820 365 891 δεύτερα
388 820 640 892 προόδου,
655 821 755 892 τὴν
781 821 862 882 εἰς
878 819 947 872 τὰ
971 819 1165 891 πρῶτα
1188 821 1524 891 ἐπιστροφὴν
1548 819 1734 873 ποιού-

125 931 295 983 μενος

214 1187 360 1256 ξιτ.
408 1191 679 1245 Ἐνταῦθα
710 1191 881 1259 λέγει,
914 1192 967 1245 τί
1011 1191 1160 1263 δηλοῖ
1193 1194 1225 1264 ὴ
1256 1192 1544 1264 σύμφωνος
1582 1195 1721 1264 ψαλ-

128 1285 327 1354 μῳδία.
368 1286 514 1357 Ὅρα
546 1286 601 1338 δὲ
643 1284 705 1337 τὸ
740 1286 1164 1357 συνουσιωμένη,
1194 1288 1276 1339 ὃτι
1315 1288 1411 1340 καὶ
1444 1288 1505 1340 τὸ
1534 1289 1723 1358 σχεδὸν

127 1377 512 1447 προσέθηκεν
556 1377 617 1429 οὒ
669 1377 778 1449 γὰρ
815 1378 1065 1449 ἀλλήλοις
1108 1380 1341 1449 ἥνωνται
1378 1381 1550 1433 ταῦτα
1597 1383 1722 1434 κατ’

122 1469 338 1532 οὐσίαν,
382 1468 521 1521 ἀλλὰ
565 1468 644 1539 τῷ
682 1470 819 1540 πρὸς
854 1468 950 1523 ἕνα
986 1470 1188 1523 σκοπὸν
1228 1470 1296 1523 τὰ
1321 1470 1497 1524 πάντα
1532 1489 1719 1524 συντε-

124 1561 258 1625 λεῖν,
286 1560 573 1614 τουτέστιν
596 1562 677 1624 είς
695 1561 793 1631 τὴν
829 1560 938 1613 τῶν
971 1559 1271 1632 ἀνθρώπων
1298 1564 1592 1635 σωτηρίαν,
1611 1565 1715 1636 ἔφη

123 1653 184 1704 τὸ
206 1654 647 1724 συνουσιωμένη,
672 1652 792 1705 ὅθεν
817 1652 978 1715 εὐθὺς
1014 1653 1261 1723 ἐπήγαγε
1293 1653 1354 1706 τὸ
1390 1654 1592 1723 σχεδὸν,
1622 1672 1714 1708 κο-

1840 535 2211 601 nihilominus,
2242 552 2342 592 ceu
2392 538 2669 592 absolutus
2707 538 2931 591 omnino
2968 553 2998 592 a
3029 541 3397 610 symbolarum

1837 626 2201 693 multitudine,
2255 642 2429 696 neque
2481 627 2647 681 rebus
2696 628 3045 696 sequiorihus
3093 634 3402 687 communi-

1837 731 1990 781 cans,
2048 718 2114 771 ad
2162 720 2439 787 proprium
2491 717 2822 786 principium
2873 729 3205 787 revertatur,
3248 733 3304 777 et
3334 723 3401 779 ad

1835 821 1999 860 unum
2044 808 2343 876 spiritalem
2376 808 2585 864 faciens
2628 808 2930 875 introitum,
2961 822 3148 866 cernat
3188 814 3403 882 spirita-

1834 898 1956 954 liter
1984 901 2282 957 unil‘ormes
2322 910 2795 957 sacramentorum
2845 904 3105 966 rationes,
3139 906 3265 961 dum
3311 911 3396 964 sui

1832 992 1897 1045 ad
1921 992 2174 1048 inferiora
2206 1010 2526 1065 progressus
2552 994 2735 1062 ﬁnem,
2772 995 3093 1052 diviniorem
3128 1002 3194 1055 ad
3222 1003 3397 1072 prima

1830 1084 1961 1139 facit
1988 1088 2377 1143 reversionem.

1900 1177 2044 1248 διν.
2080 1180 2220 1234 Dicit
2269 1180 2359 1235 hic
2408 1180 2594 1244 etiam,
2632 1179 2760 1250 quid
2815 1193 3054 1236 consona
3093 1183 3397 1251 psalmodia

1825 1269 2112 1338 signiﬁcet.
2173 1272 2409 1327 Observa
2460 1289 2589 1327 vero
2635 1272 2763 1325 illud
2813 1274 3397 1347 συνουσιωμένηῇοη·

1826 1361 2251 1431 substantiata),
2290 1364 2373 1417 cui
2427 1365 2585 1418 etiam
2643 1364 2751 1431 fere
2807 1365 2992 1419 addit:
3024 1381 3197 1436 neque
3250 1369 3393 1423 enim

1821 1449 1936 1505 haec
1969 1452 2112 1508 inter
2147 1469 2207 1509 se
2244 1468 2341 1522 per
2368 1454 2721 1508 subStantiam
2760 1455 3051 1524 conjuncta
3095 1466 3240 1523 sunt,
3298 1461 3395 1516 sed

1819 1554 1883 1594 eo
1913 1543 2054 1609 quod
2093 1543 2159 1598 ad
2190 1560 2356 1598 unum
2389 1544 2567 1598 omnia
2603 1559 2828 1614 scopum
2854 1547 3184 1615 pertineant,
3213 1550 3262 1605 id
3286 1562 3389 1617 est,

1818 1631 1885 1684 ad
1922 1632 2199 1688 hominum
2232 1635 2499 1702 salutem,
2569 1636 2704 1691 dixit
2765 1637 2896 1693 illud
2949 1642 3388 1714 συνουσιωμένη,

124 1744 302 1807 λάζων
321 1746 426 1817 τὴν
449 1745 559 1798 ἀπὸ
594 1747 694 1815 τῆς
731 1744 926 1810 λέξεως
959 1745 1289 1799 ἐναντίωσιν.
1316 1748 1626 1818 Κατωτέρω
1657 1748 1700 1801 δὲ

1821 1735 1914 1774 seu
1981 1724 2451 1791 consubstantiata,
2506 1727 2651 1781 unde
2695 1728 2876 1782 statim
2928 1730 3208 1798 subjunxit
3254 1732 3385 1801 fere,

128 1788 297 1807 ..-νη
333 1788 421 1817 -.⁸,
450 1788 557 1798 ...η
606 1788 691 1815 ..η
732 1788 923 1810 ..-νη
959 1788 1289 1799 -..η-...πω
1317 1788 1625 1818 .-.ηνηηηυ
1658 1788 1700 1801 ν.

128 1836 257 1907 μίαν
307 1836 615 1907 ἕμπνευσίν
660 1854 813 1909 φησι,
848 1837 1096 1889 τουτέστι
1146 1837 1273 1907 μίαν
1322 1838 1642 1910 σύμπνοιαν,
1683 1842 1700 1894 ε

1816 1812 2067 1868 dictionis
2118 1818 2531 1887 repugnantiam
2584 1821 2926 1889 corrigendo.
2991 1821 3159 1877 Paulo
3204 1833 3385 1879 autem

122 1928 276 1999 δηλοῖ
312 1929 411 1982 τὸν
454 1927 555 1982 ἕνα
594 1928 811 1983 πάντων
865 1929 1085 1985 σκοπόν.
1135 1932 1261 1995 Πῶς
1308 1931 1487 1985 τοίνυν
1521 1932 1711 2003 ἔμελλε

122 2019 547 2091 διαχωρίζεσθαι
582 2021 614 2091 ἡ
654 2020 777 2091 ἱερά
806 2019 1095 2093 ψαλμῳδία
1117 2021 1224 2076 τῶν
1264 2022 1596 2093 μυστηρίων,
1619 2025 1712 2077 καὶ

125 2113 197 2184 μὴ
238 2113 530 2184 παρευθὺς
588 2113 976 2185 συναρτᾶσθαι,
1024 2113 1146 2167 ἐπεὶ
1190 2113 1328 2186 πρὸς
1370 2114 1465 2168 ἕνα
1513 2116 1711 2169 σκοπὸν

122 2206 378 2278 ἀφορῶσι
411 2207 611 2270 πάντα,
648 2206 743 2259 καὶ
788 2206 848 2261 ἓν
894 2224 947 2261 τι
986 2206 1095 2261 τῶν
1128 2210 1208 2271 είς
1248 2210 1521 2280 σωτηρίαν
1554 2212 1713 2280 ἀγόν-

125 2318 236 2354 των
271 2299 650 2371 ὑφηγοῦνται;
688 2299 827 2371 Ὅρα
862 2300 921 2354 δὲ
956 2300 1068 2355 τῶν
1085 2303 1186 2373 τῆς
1211 2303 1454 2368 Παλαιᾶς
1489 2304 1710 2375 βιϐλίων

117 2393 191 2458 ὡς
214 2395 275 2446 ἐν
312 2390 569 2463 συντόμῳ
602 2391 914 2464 ὲπίμνησιν.
961 2390 1027 2447 Ἦ
1057 2392 1189 2463 γοῦν
1227 2394 1330 2467 τῆς
1362 2395 1466 2449 ὑπὸ
1498 2397 1710 2465 γένεσιν

119 2484 417 2555 ὑπάρξεως
466 2484 649 2548 δέλτος
693 2487 726 2556 ἡ
786 2485 1003 2550 Γένεσίς
1042 2489 1222 2541 ἐστιν·
1259 2492 1291 2562 ἡ
1335 2490 1435 2561 τῆς
1478 2489 1710 2560 νομικῆς

118 2574 433 2647 ίεραρχίας,
469 2574 532 2627 τὸ
563 2574 845 2628 Λευιτικόν
869 2577 985 2628 ὲστι
1022 2578 1116 2630 καὶ
1155 2577 1215 2631 τὸ
1261 2579 1706 2649 Δευτερονόμιον’

117 2667 150 2736 ἡ
182 2666 287 2735 τῆς
315 2665 698 2736 κληροδοσίας,
732 2667 795 2719 τὸ
827 2667 936 2721 τῶν
980 2668 1255 2740 Ἀριθμῶν
1284 2670 1503 2740 βιϐλίον·
1542 2673 1576 2742 ἠ
1599 2669 1707 2724 τῶν

117 2756 425 2819 Βασιλέων,
453 2758 487 2827 ἡ
520 2758 630 2810 τῶν
673 2758 894 2829 Κριτῶν
944 2759 1060 2812 ἐστι
1108 2759 1306 2829 βίϐλος.
1356 2761 1623 2825 Παλαιοὺς
1649 2762 1707 2815 δὲ

114 2850 319 2922 ἄνδρας
359 2849 513 2917 λέγει
543 2849 636 2902 τὸν
674 2850 936 2921 Μωῦσῆν,
966 2852 1059 2905 τὸν
1104 2852 1329 2923 Ἰησοῦν,
1363 2852 1455 2907 τὸν
1502 2854 1703 2917 Ἠλίαν,

116 2943 205 2995 καὶ
228 2942 364 3005 τοὺς
389 2940 627 3012 καθεξῆς
643 2960 655 2973 ·
679 2942 796 2996 θεῖα
825 2943 882 2996 δὲ
905 2943 1125 3015 ᾄσματα
1140 2957 1232 2998 τον
1259 2946 1523 3017 Ψαλτῆρά
1540 2964 1671 3019 φησι
1688 2963 1703 2978 ο

115 3034 474 3098 καὶείκόνας,
496 3035 557 3088 τὸ
589 3030 779 3106 τᾼσμα
794 3035 904 3089 τῶν
939 3038 1219 3109 ᾀσμάτων,
1252 3039 1385 3092 καθὸ
1416 3040 1445 3092 ὁ
1472 3041 1704 3112 Χριστὸς

1818 1904 1960 1959 infra
1985 1907 2062 1961 ait
2102 1924 2265 1963 unam
2295 1910 2733 1980 inspirationem,
2760 1914 2810 1967 id
2834 1922 2940 1979 est,
2972 1930 3134 1969 unam
3167 1917 3389 1986 conspi-

1814 2001 2106 2062 rationem,
2140 2002 2285 2071 quod
2316 2003 2557 2058 declarat
2584 2010 2747 2058 unum
2774 2006 2935 2060 linem
2964 2023 3085 2063 esse
3117 2010 3382 2065 omnium.

1812 2090 2096 2155 Quomodo
2144 2093 2327 2162 itaque
2354 2110 2508 2149 sacra
2538 2096 2838 2164 psalmodia
2866 2109 3089 2169 propter
3123 2105 3384 2172 mysteria

1812 2179 2125 2249 dissideret,
2159 2191 2214 2237 et
2260 2200 2365 2239 non
2414 2186 2598 2239 statim
2641 2190 2981 2254 conveniret,
3042 2195 3385 2264 quandoqui-

1814 2274 1934 2329 dem
1986 2277 2168 2330 omnia
2223 2286 2471 2347 spectent
2501 2278 2569 2332 ad
2619 2295 2785 2335 unum
2828 2296 3073 2351 scopum,
3112 2301 3384 2356 unumque

1814 2367 1944 2435 quid
1978 2382 2158 2423 rerum
2209 2371 2275 2423 ad
2304 2370 2535 2425 salutem
2583 2374 3004 2433 conducentium
3057 2379 3381 2446 explanent?

1811 2456 2050 2513 Observa
2090 2470 2273 2515 autem
2319 2462 2584 2518 librorum
2630 2468 2871 2521 omnium
2921 2471 3141 2539 Antiqui
3187 2473 3380 2528 Testa-

1810 2557 1977 2607 menti
2008 2554 2164 2623 quasi
2196 2555 2518 2626 compendio
2540 2563 3137 2619 commemorationem.
3176 2562 3381 2622 ‘l‘extus

1810 2646 1991 2715 itaque
2052 2648 2143 2718 qui
2196 2651 2468 2704 conditam
2522 2651 2783 2707 describit
2838 2655 3224 2723 substantiam,
3295 2670 3382 2714 est

1810 2739 2070 2803 Genesis;
2097 2740 2189 2809 qui
2226 2741 2452 2811 legalem
2496 2742 2885 2811 hierarchiam,
2916 2756 2999 2802 est
3026 2746 3295 2806 Levilicus
3325 2762 3383 2807 et

1810 2831 2321 2898 Deuteronomium;
2370 2832 2463 2903 qui
2515 2834 2897 2891 hmreditatum
2947 2839 3377 2903 distributiones.

1807 2931 1892 2977 est
1938 2922 2075 2977 liber
2117 2922 2517 2993 Numerorum;
2551 2936 2634 2981 est
2682 2935 2737 2982 et
2785 2927 2992 2999 Regum
3020 2930 3379 3004 Judicumque

1811 3014 1967 3068 liber.
2011 3014 2228 3070 Priscos
2260 3029 2440 3072 autem
2494 3017 2641 3073 viros
2692 3032 2854 3074 vocat
2900 3020 3142 3092 Moysen,
3189 3024 3376 3095 Iosue,

114 3126 371 3197 νυμφίος,
395 3128 492 3179 καὶ
523 3126 709 3197 νύμφη
747 3129 779 3199 ἡ
820 3106 1112 3199 Ἐκκλησία
1146 3130 1464 3195 εἰκονίζεται
1486 3148 1501 3162 ·
1524 3106 1700 3203 ’προα-

1812 3106 2005 3171 Eliam,
2036 3116 2091 3161 et
2127 3109 2219 3177 qui
2270 3118 2600 3178 sequuntur;
2637 3110 2818 3166 divina
2860 3129 2991 3169 vero
3024 3116 3246 3173 Cantica
3282 3137 3379 3190 ap-

115 3223 416 3292 ναρῤήσεις
436 3218 546 3272 τῶν
578 3221 869 3291 ἐσομένων,
904 3225 1002 3285 τὰς
1036 3224 1387 3296 προφητείας.
1425 3224 1701 3279 Ἐντεῦθεν

113 3314 180 3366 τὰ
214 3316 321 3387 τῆς
366 3314 519 3377 Νέας
551 3316 782 3383 εἰσάγει,
826 3315 921 3369 τοῦ
969 3315 1143 3389 Ἰησοῦ
1200 3317 1300 3381 τὰς
1350 3318 1701 3390 ἀνθρωπικὰς

115 3405 431 3477 θεουργίας,
465 3407 533 3470 ἃς
568 3406 701 3470 Θεὸς
730 3406 826 3472 ὣν,
850 3408 1199 3480 διεπράττετο
1232 3411 1700 3481 ἀναστρεφόμενος

117 3498 250 3566 μετὰ
284 3495 580 3566 σώματος·
612 3496 714 3561 τὰς
745 3498 855 3550 τῶν
886 3498 1145 3570 μαθητῶν
1166 3500 1402 3572 Πράξεις
1441 3502 1535 3554 καὶ
1554 3501 1700 3555 διδα-

117 3587 367 3651 σκαλίας,
404 3587 506 3640 ὅσα
536 3585 646 3657 γὰρ
678 3588 961 3661 ἐποίησαν,
1004 3590 1099 3643 καὶ
1123 3592 1221 3644 ὅσα
1255 3592 1518 3659 ἐδίδαξαν,
1543 3592 1694 3664 φησί.

116 3678 223 3749 Τὴν
259 3678 538 3750 μυστικὴν
575 3679 633 3733 δὲ
671 3680 902 3751 ὲποψίαν
926 3682 1077 3754 οἶμαι
1109 3682 1292 3753 λέγειν
1327 3684 1425 3756 τὴν
1464 3685 1696 3740 Ἀποκα-

115 3767 270 3838 λινφιν
310 3768 413 3821 τοῦ
448 3769 595 3823 θείου
643 3771 888 3826 Ἰωάννου
939 3775 1034 3828 καὶ
1072 3775 1488 3845 εὐαγγελιστοῦ
1527 3777 1697 3849 ὑπερ-

116 3859 341 3932 κόσμιον
375 3861 435 3913 δὲ
482 3860 784 3931 θεολογίαν,
817 3863 880 3918 τὸ
911 3868 1032 3920 κατ’
1053 3868 1216 3921 αὐτὸν
1242 3869 1588 3937 Εὐαγγέλιον.

184 4122 212 4194 ς
242 4121 311 4176 ν.
352 4122 422 4174 ’Δ
445 4122 510 4194 δὴ
556 4122 730 4176 ταῦτα
763 4124 939 4178 πάντα
970 4127 1003 4197 ἡ
1040 4125 1307 4197 ἱερολογία
1353 4130 1473 4192 ταῖς
1516 4128 1697 4196 ἁγίαις

119 4215 360 4279 τελεταῖς
398 4215 828 4287 πνερρίζωσενο
863 4217 1016 4271 οὐδὲν
1060 4218 1170 4291 γὰρ
1201 4220 1434 4273 τελεῖται
1486 4238 1696 4294 σιωπη-

120 4308 220 4373 λῶς
256 4309 461 4379 πάντη,
497 4310 547 4361 εἰ
588 4310 661 4379 μὴ
696 4308 764 4362 δι’
788 4308 973 4380 ὕμνων
1016 4310 1175 4363 θείων
1215 4314 1307 4366 καὶ
1348 4312 1597 4384 ψαλμῶν.
1641 4316 1697 4369 Ὁ

120 4401 243 4470 γοῦν
283 4402 398 4455 τῶν
427 4401 661 4472 ψαλμῶν
694 4402 810 4454 ἐστι
844 4403 1044 4467 σκοπὸς
1081 4403 1145 4457 τὸ
1177 4403 1414 4475 ὑμνῆσαι
1453 4406 1583 4459 Θεόν
1614 4425 1693 4471 τε,

1811 3199 1973 3269 pellat
2001 3200 2167 3271 206
2206 3200 2465 3268 Psaltem;
2503 3212 2559 3258 et
2588 3203 2865 3274 imagines,
2902 3205 3182 3264 Canticum
3204 3215 3378 3269 canti-

1807 3307 2023 3360 corum,
2076 3295 2167 3348 ubi
2217 3294 2466 3350 Christus
2500 3310 2731 3365 sponsus
2775 3306 2829 3353 et
2871 3298 3116 3356 Ecclesia
3173 3319 3375 3373 sponsa

1808 3382 2427 3453 ﬁguratur;futurorum
2450 3388 2831 3454 praadictiones
2853 3402 3010 3446 vocat
3036 3396 3373 3465 prophetias.

1805 3473 2325 3532 Deindemlroducit
2358 3493 2421 3533 ea
2462 3494 2580 3549 qum
2597 3490 2723 3536 sunt
2746 3483 2879 3537 Novi
2926 3483 3281 3553 Testamenti,
3317 3500 3376 3544 ut

1806 3568 2070 3623 humanas
2085 3567 2212 3623 Jesu
2232 3571 2492 3640 actiones,
2527 3588 2663 3642 quas
2687 3573 2826 3630 Deus
2852 3578 3147 3643 exsistens,
3175 3595 3296 3635 cum
3321 3582 3373 3635 in

1800 3674 2029 3729 corpore
2084 3672 2416 3730 versaretur,
2450 3667 2735 3733 exercuit;
2771 3669 3155 3739 discipulorum
3206 3674 3375 3730 Actus

1801 3761 1968 3821 atque
1986 3753 2259 3808 doctrinas
2285 3772 2300 3807 :
2328 3767 2573 3812 recenset
2595 3760 2738 3813 enim
2761 3775 2880 3830 quae
2902 3776 3185 3832 gesserunt
3208 3775 3374 3835 atque

1800 3845 2124 3902 docuerunt.
2146 3845 2429 3916 Mysticam
2450 3863 2581 3905 vero
2601 3850 2863 3906 visionem
2898 3853 3154 3910 existimo
3181 3870 3374 3911 vocare

1798 3935 2158 4007 Apocalypsin
2183 3938 2289 3994 divi
2318 3937 2540 3995 Joannis
2560 3942 2912 4008 evangelista;
2939 3960 3138 4014 :porro
3174 3962 3371 4018 supra-

1804 4029 2133 4085 mundialem
2188 4031 2536 4102 theologiam,
2577 4033 2819 4103 ejusdem
2850 4036 3223 4106 Evangelium.

1869 4119 1896 4190 ς
1930 4120 1984 4175 ν.
2016 4121 2145 4176 Haec
2183 4124 2367 4192 utique
2408 4126 2588 4179 omnia
2621 4139 2792 4182 sacra:
2836 4129 3046 4200 pagina
3076 4147 3196 4187 cum
3244 4151 3373 4189 san-

1801 4210 1906 4263 ctis
1946 4213 2308 4268 sacramentis
2335 4215 2741 4284 conjunxerunt
2768 4235 2781 4270 :
2815 4219 2951 4272 nihil
2979 4220 3121 4273 enim
3147 4224 3370 4277 omnino

1803 4302 1967 4357 tacite
2000 4303 2328 4373 celebratur,
2363 4322 2541 4377 neque
2596 4310 2754 4365 aliter
2803 4326 2969 4379 quam
3016 4327 3114 4383 per
3158 4315 3370 4373 divinos

1801 4399 2033 4470 hymnos
2078 4409 2131 4454 ct
2159 4402 2417 4471 psalmos.
2468 4404 2656 4474 Itaque
2698 4404 3027 4474 psalmorum
3063 4424 3260 4478 scopus
3285 4422 3366 4467 est

119 4496 207 4550 καὶ
258 4496 391 4559 τοὺς
443 4493 524 4565 τῷ
555 4494 675 4566 Θεῷ
726 4495 983 4565 γνησίους
1010 4496 1229 4569 ἄνδρας,
1262 4498 1696 4571 ὑπαγορευτικὴν

1812 4490 2030 4546 laudare
2078 4494 2271 4556 Deum,
2308 4495 2563 4564 virosque
2611 4495 2721 4550 Deo
2773 4505 2957 4565 gratos
3013 4499 3079 4553 ad
3124 4501 3365 4570 ejusdem

116 4585 219 4638 τῶν
240 4584 506 4638 τοιούτων
523 4586 618 4638 καὶ
636 4585 990 4657 περιεκτικὴν
1013 4587 1246 4656 ἐχόντων
1267 4588 1495 4659 δύναμιν
1521 4625 1535 4650 ,
1552 4591 1696 4656 ἥτις,

116 4680 297 4750 φησιν,
334 4677 653 4747 ἀναγκαίως
683 4679 745 4730 ὲν
778 4680 911 4732 πᾶσι
934 4682 1048 4743 τοῖς
1083 4680 1410 4752 ίεραρχικῶς
1439 4682 1697 4752 τελουμέ-

116 4790 222 4835 νοις
255 4768 772 4843 παραλαμὸάνεται,
806 4769 1041 4841 ἔμμονον
1071 4771 1171 4842 τὴν
1205 4772 1314 4825 τῶν
1345 4771 1697 4843 ψαλλομένων

117 4864 335 4934 μνήμην
378 4860 688 4933 ἐμποιοῦσα
720 4864 835 4925 τοῖς
878 4862 1161 4932 ψάλλουσι,
1201 4865 1295 4917 καὶ
1330 4864 1430 4927 τὰς
1459 4864 1697 4934 ψυχικὰς

115 4956 268 5026 ἡμῶν
315 4955 464 5022 ἕξεις
509 4955 845 5026 ὲναρμονίως
892 4955 1190 5010 διατιθείσα
1234 4957 1370 5028 πρὸς
1402 4957 1470 5011 τὰ
1505 4957 1697 5029 μικρὸν

116 5047 340 5119 ὕστερον
396 5046 836 5118 τελεσθησόμενα
878 5050 1170 5120 μυστήρια.
1215 5049 1362 5103 Λάϐε
1406 5049 1463 5102 δὲ
1506 5050 1599 5102 καὶ
1635 5049 1697 5101 τὸ

116 5141 206 5211 τῆς
272 5137 602 5210 ψαλμῳδίας
671 5139 990 5210 σύμφωνον,
1051 5142 1133 5204 είς
1185 5139 1534 5194 διδασκαλίαν
1595 5142 1694 5213 τῆς

119 5234 248 5303 πρὸς
271 5232 413 5286 Θεὸν
451 5232 544 5285 καί
586 5231 723 5303 πρὸς
756 5230 1015 5303 ἀλλήλους
1049 5234 1303 5305 καὶπρὸς
1340 5234 1543 5305 ἑαυτὴν
1574 5236 1697 5304 ὁμο-

120 5326 412 5398 φροσύνης.
452 5327 623 5379 Ὅταν
646 5325 777 5395 γοῦν
806 5325 981 5381 ταῦτα
1016 5327 1261 5398 γένηται,
1287 5327 1436 5398 καὶὴ
1468 5326 1696 5397 ὑμνολο-

120 5420 207 5486 γία
228 5419 415 5482 καλῶς
439 5418 671 5491 διαθήσῃ
694 5418 793 5482 τὰς
816 5419 1088 5491 ἡμετέρας
1117 5419 1316 5490 ψυχὰς,
1344 5421 1438 5472 καὶ
1462 5420 1543 5483 είς
1568 5421 1694 5490 ὁμο-

124 5510 390 5581 φροσύνην
431 5508 659 5582 συνάεῃ,
690 5508 766 5574 ὡς
789 5508 856 5562 ἂν
895 5508 984 5562 διὰ
1018 5509 1146 5579 μιᾶς
1186 5510 1280 5563 καὶ
1303 5509 1566 5579 όμολόγου
1599 5528 1692 5581 χο-

126 5602 265 5670 ρείας
294 5602 400 5674 τὴν
433 5601 795 5672 ἀνεκλάλητον
834 5602 867 5672 ἡ
877 5600 993 5671 μῶν
1031 5600 1224 5672 νοερὰν
1253 5601 1571 5673 ψαλμῳδίαν
1604 5603 1693 5674 (ἢν

126 5693 210 5744 καὶ
230 5692 678 5763 συντετμημένην
703 5694 794 5747 καὶ
820 5691 1285 5764 συνεσκιασμένην
1300 5692 1465 5761 λέγει’
1485 5693 1545 5746 τὸ
1570 5694 1689 5764 μὲν,

126 5782 191 5847 ὡς
219 5784 413 5858 νοερὰν
469 5785 564 5836 καὶ
586 5856 592 5861 η
613 5785 841 5848 ἑνιαίαν,
878 5784 939 5837 τὸ
970 5784 1049 5848 δὲ,
1087 5785 1161 5847 ὡς
1196 5784 1376 5854 ἀφανῆ
1420 5787 1515 5841 καὶ
1548 5785 1691 5839 κατὰ

390 5882 666 5943 Ριτιιοι.
704 5882 817 5943 Gn.
856 5880 967 5941 III.

1800 4587 1986 4641 laudes
2016 4588 2314 4652 excitandi,
2342 4597 2398 4642 et
2427 4589 2479 4643 in
2530 4590 2597 4644 iis
2625 4591 2985 4646 conveniendi
3007 4594 3113 4646 vim
3141 4594 3364 4658 habent,

1800 4694 1939 4748 quat,
1974 4680 2169 4748 inquit,
2201 4682 2512 4736 necessario
2552 4681 2840 4736 adhibetur
2867 4683 3121 4738 omnibus
3150 4686 3217 4740 iis
3245 4702 3367 4757 qua:

1800 4773 2143 4827 hierarchice
2167 4781 2454 4843 geruntur,
2478 4786 2542 4827 eo
2568 4774 2713 4843 quod
2733 4772 3087 4843 psallentibus
3109 4788 3368 4833 conStan-

1801 4875 1906 4916 tem
1940 4877 2128 4917 eorum
2164 4880 2284 4933 qua;
2333 4865 2639 4934 psalluntur
2690 4866 3007 4919 memoriam
3063 4867 3364 4937 ingeneret,

1798 4964 1855 5009 et
1895 4954 2159 5011 animales
2204 4966 2420 5012 nostras
2482 4955 2799 5011 allectiones
2839 4973 3075 5030 congrue
3117 4961 3368 5032 disponat

1799 5046 1867 5100 ad
1922 5048 2206 5119 mysteria,
2256 5064 2377 5118 qua:
2432 5048 2592 5118 paulo
2653 5058 2774 5117 post
2825 5060 2953 5105 sunt
3004 5052 3356 5110 celebranda.

1801 5139 2109 5205 Quinetiam
2143 5140 2456 5208 psalmodie
2476 5151 2802 5196 concentum
2853 5144 3063 5213 accipe,
3117 5147 3185 5200 ad
3241 5162 3363 5202 eam

1799 5246 1919 5300 qua:
1947 5247 2068 5287 cum
2105 5234 2214 5288 Deo
2236 5243 2293 5288 et
2317 5233 2385 5286 ad
2416 5235 2674 5299 invicem,
2705 5245 2761 5290 et
2798 5252 2920 5291 cum
2959 5241 3250 5311 semetipso
3281 5253 3366 5298 est

1796 5325 2147 5380 concordiam
2198 5324 2553 5381 edocendam.
2589 5326 2714 5382 Haec
2744 5329 2835 5383 ubi
2869 5340 3087 5398 peracta
3126 5342 3273 5399 sunt,
3309 5347 3366 5390 et

1800 5419 2148 5491 hymnologia
2178 5428 2327 5473 recte
2354 5430 2569 5475 nostras
2583 5422 2793 5475 animas
2812 5426 3138 5492 composuit.
3162 5438 3219 5481 et
3245 5430 3362 5483 vel-

1798 5511 1875 5563 uti
1909 5510 2064 5563 unica
2095 5512 2461 5580 concordique
2492 5518 2691 5569 chorea
2723 5517 3078 5570 concordavit
3115 5517 3365 5575 inetl‘abi-

1794 5605 1905 5657 lem
1938 5601 2083 5655 illam
2138 5612 2384 5657 nostram
2436 5588 3136 5676 spiritalempsalmodiam
3170 5606 3357 5679 (quam

1794 5705 1846 5750 et
1903 5696 2183 5751 concisam
2238 5704 2295 5750 et
2338 5696 2719 5752 obumbratam
2746 5698 2881 5753 dicit
2907 5722 2919 5753 :
2949 5697 3078 5754 illud
3116 5702 3360 5769 quidem,

1799 5796 2053 5856 tanquam
2100 5787 2400 5858 spiritalem
2460 5790 2808 5858 unicamque,
2855 5792 2959 5846 hoc
3019 5806 3175 5855 vero.
3234 5802 3353 5850 tan-

3052 5888 3125 5946 15
