3874 6228
506 354 573 410 59
1648 344 1706 401 S.
1743 342 2043 399 DIONYSII
2075 341 2536 398 AREOPAGITE

3600 350 3707 405 ιδιι

469 462 630 515 quam
692 445 981 501 obscuram
1030 452 1087 497 et
1136 442 1436 498 secundum
1488 438 1756 510 animam)
1793 438 2031 506 pluribus

2141 438 2340 509 ψυχὴν)
2372 438 2463 492 διὰ
2498 438 2758 492 πλειόνων
2804 438 3091 515 ἐξαπλὼσῃ
3125 441 3367 507 εἰκόνων,
3403 442 3566 515 (άλλη
3601 445 3711 518 γὰρ

470 539 799 611 imaginibus
845 536 1136 607 explicavit
1179 534 1303 603 (alia
1348 542 1432 587 est
1482 532 1626 586 enim
1671 530 1838 599 figura
1890 529 2037 597 psal-

468 632 682 697 modize,
702 638 757 683 et
778 630 886 683 alia
925 626 1201 695 lectionis)
1228 639 1432 691 :quare
1455 622 1617 677 etiam
1651 638 1747 690 per
1777 621 2037 676 lectiones

471 722 773 777 istiusmodi
808 718 1153 789 bymnologia
1193 714 1484 767 dilatatur.
1537 712 1747 767 Rursus
1789 712 1843 765 in
1888 711 2037 765 hisce

470 814 791 869 lectionibus
825 813 916 881 qui
963 813 1030 863 ad
1082 821 1298 861 sensum
1356 805 1605 866 attendit,
1651 803 1854 858 videbit
1901 816 2036 870 quo-

469 907 629 960 modo
658 906 761 959 rite
792 905 972 957 omnia
1015 913 1070 957 et
1113 910 1172 953 ut
1204 908 1420 969 oportet
1442 898 1693 952 ordinata
1717 896 1848 959 sint,
1875 894 2037 963 idque

469 998 764 1053 secundum
802 995 1212 1063 inspit'ationem
1257 1000 1311 1046 et
1355 991 1670 1045 instinctum
1702 987 1868 1042 divini
1896 985 2036 1041 vivi-

470 1090 664 1158 ﬁcique
715 1087 968 1155 Spiritus.
1025 1086 1305 1156 Leguntur
1335 1083 1482 1137 enim
1535 1081 1770 1151 primum
1821 1094 1884 1133 ea
1916 1092 2037 1148 quae

467 1192 595 1235 sunt
629 1179 836 1234 Veteris
862 1178 1212 1236 Testamenti.
1239 1174 1433 1231 deinde
1463 1188 1583 1242 qua:
1622 1180 1748 1226 sunt
1794 1169 1927 1225 Novi
1960 1170 2036 1224 si-

470 1275 672 1327 militer
705 1291 717 1325 :
753 1271 1009 1341 quoniam
1079 1270 1209 1323 illud
1266 1267 1485 1337 quidem
1512 1266 1581 1319 de
1615 1262 1833 1319 Christo
1862 1262 2038 1315 disse-

469 1365 597 1431 ruit,
633 1366 736 1419 hoc
768 1378 896 1418 vero
929 1363 1101 1433 ipsum
1143 1359 1427 1425 exhibuit;
1462 1367 1624 1426 atque
1652 1356 1781 1410 illud
1813 1355 2032 1426 quidem

467 1458 669 1526 figuras
722 1456 1036 1524 descripsit,
1077 1454 1181 1508 hoc
1237 1466 1365 1507 vero
1414 1450 1702 1505 manifeste
1747 1448 2030 1502 veritatem

2136 530 2299 582 είκὼν
2340 530 2441 599 τῆς
2483 530 2818 599 ψαλμῳδίας,
2857 532 2951 583 καὶ
2989 532 3123 602 ἄλλη
3163 534 3259 603 τῆς
3303 536 3711 608 ἀναγνώσεως)

2136 622 2417 693 εὐρύνεται
2452 623 2665 685 πάντως
2699 624 2730 691 ή
2770 622 2991 692 τοιαύτη
3026 624 3318 693 ὑμνολογία
3357 628 3452 679 καί
3491 627 3585 680 διὰ
3605 629 3713 681 τῶν

2137 712 2510 780 ἀναγνώσεων.
2546 712 2713 766 Πάλιν
2758 714 2816 765 ἐν
2850 714 3076 777 ταύταις
3128 717 3249 777 ταῖς
3280 715 3655 783 ἀναγνώσεσιν
3680 717 3714 771 ό

2137 804 2278 857 κατά
2308 804 2429 857 νοῦν
2465 804 2693 873 βλέπων,
2720 804 2907 873 ὄψεται
2952 804 3069 867 πῶς
3093 804 3163 857 τὰ
3195 806 3369 859 πάντα
3406 806 3593 870 καλῶς
3621 808 3713 861 καὶ

2136 894 2210 958 ὡς
2241 895 2321 947 δεῖ
2352 895 2674 966 ἐτάχθησαν,
2710 898 2802 948 καὶ
2844 896 2983 948 κατά
3024 898 3314 967 ἐμπνευσιν
3348 901 3444 951 καὶ
3497 899 3714 968 κίνησιν

2140 984 2233 1038 τοῦ
2262 985 2404 1037 θείου
2439 986 2530 1037 καὶ
2569 984 2875 1055 ζωαρχικοῦ
2910 986 3241 1057 Πνεύματος.
3289 989 3713 1057 Ἀναγινώσκον-

2141 1094 2231 1131 ται
2274 1076 2383 1149 γὰρ
2414 1076 2482 1130 τὰ
2522 1078 2620 1148 τῆς
2658 1076 2895 1142 Παλαιᾶς
2937 1078 3211 1151 Διαθηκης
3264 1081 3554 1151 πρότερον,
3613 1077 3709 1134 εἷθ’

2140 1170 2310 1234 οὕτως
2340 1171 2439 1240 τῆς
2461 1171 2631 1233 Νέας·
2661 1172 2740 1223 ὅτι
2779 1172 2812 1240 ἡ
2850 1169 2949 1241 μὲν
2976 1166 3092 1223 εἷπε
3124 1172 3194 1225 τά
3224 1175 3352 1244 περὶ
3387 1174 3655 1244 Χριστοῦ,
3676 1175 3713 1245 ἠ

2139 1261 2195 1313 δὲ
2219 1262 2461 1314 ἐτέλεσε’
2501 1264 2592 1315 καὶ
2625 1264 2659 1333 ἡ
2696 1264 2793 1333 μὲν
2817 1264 3030 1328 εἰκόνας
3056 1265 3313 1336 ἔγραψεν,
3341 1268 3375 1336 ἡ
3406 1267 3467 1319 δὲ
3497 1266 3713 1338 τρανῶς

2141 1354 2383 1421 ὑπέδειξε
2424 1354 2521 1425 τὴν
2555 1354 2841 1425 ἀλήθειαν
2879 1358 2972 1410 καὶ
3003 1359 3035 1427 ἡ
3076 1358 3173 1427 μὲν
3207 1357 3453 1425 θεολογία
3496 1358 3714 1411 καλοῖτο

2135 1444 2267 1516 ἂν,ἡ
2286 1446 2341 1499 δὲ
2358 1446 2471 1499 Νέα
2487 1445 2761 1516 θεουργία,
2778 1448 2858 1499 ὅτι
2870 1446 3000 1500 Θεὸν
3023 1448 3263 1514 ὑπέδειξε
3284 1450 3420 1519 μετά
3436 1448 3711 1521 σώματος.

468 1549 881 1612 demonstravit;
933 1554 1095 1616 atque
1160 1543 1288 1598 illud
1342 1545 1469 1597 item
1546 1540 1809 1611 theologia
1865 1538 2045 1593 vocari
2082 1542 2250 1609 possit
2276 1552 2369 1594 seu
2393 1552 2575 1594 sermo
2606 1541 2671 1594 de
2701 1540 2831 1605 Deo,
2858 1540 2959 1596 hoc
2986 1554 3116 1595 vero
3154 1540 3407 1613 θεουργία
3450 1558 3550 1599 seu
3575 1561 3715 1615 opus

467 1643 583 1704 Dei.
609 1642 861 1712 quoniam
884 1641 1171 1710 ipsummet
1210 1638 1375 1693 Deum
1436 1638 1489 1692 in
1519 1651 1750 1706 corpore
1778 1634 2046 1691 exhibuit.

538 1730 687 1806 §V1.
720 1730 820 1797 Qui
862 1730 1081 1799 quidem
1142 1744 1423 1785 sacrarum
1482 1728 1677 1783 harum
1735 1726 2030 1781 lectionum

2202 1724 2335 1797 ενι.
2359 1726 2573 1780 Τούτων
2607 1728 2715 1781 τῶν
2739 1729 2900 1800 ἱερῶν
2925 1729 3281 1799 ἀναγνώσεων
3303 1734 3351 1785 oi
3384 1733 3483 1803 μὲν
3506 1735 3712 1800 τελέως

468 1825 829 1893 tubarumque
846 1821 1170 1891 spiritalium
1198 1821 1414 1891 penitus
1428 1819 1589 1889 207
1606 1826 1854 1874 exsortes
1882 1824 2030 1880 sunt,

466 1933 536 1971 ne
572 1916 719 1985 ipsas
749 1916 968 1985 quidem
1024 1914 1289 1983 imagines
1306 1920 1667 1968 contuentur:
1700 1925 1823 1964 nam
1847 1908 2033 1963 oculos

466 2007 632 2061 semel
674 2007 740 2061 ad
766 2006 948 2059 lumen
990 2004 1187 2059 salutis
1223 2003 1591 2068 occluserunt,
1628 2003 1851 2070 Deoque
1884 2002 2032 2070 ipsos

466 2079 685 2153 vocanti
742 2098 1065 2165 obstrepunt
1096 2111 1110 2149 :
1143 2094 1271 2149 Vias
1315 2105 1435 2149 tuas
1477 2095 1619 2149 scire
1654 2093 1798 2148 nolo.
1849 2092 2032 2148 Tubas

468 2205 648 2245 autem
673 2188 893 2257 accipit,
923 2188 1007 2241 vel
1037 2197 1260 2257 propter
1295 2186 1539 2255 spiritale
1563 2185 1762 2241 bellum
1793 2184 2029 2239 fidelium

466 2284 609 2353 quod
638 2282 838 2335 habent
867 2296 989 2335 cum
1020 2279 1356 2344 adversario,
1383 2278 1464 2331 vel
1493 2287 1713 2347 propter
1754 2277 1898 2331 illam
1932 2292 2024 2347 po-

467 2376 578 2445 puli
619 2375 670 2426 in
721 2374 852 2426 Sina
900 2372 1375 2441 congregationem
1434 2371 1731 2425 secundum
1782 2370 2027 2424 ordinem

464 2465 778 2537 dignitatis;
828 2478 951 2518 nam
1002 2462 1174 2516 ultimi
1221 2460 1431 2515 illorum
1468 2475 1629 2515 voces
1658 2474 1721 2514 ac
1750 2461 1912 2515 tubas
1936 2474 2029 2513 au-

463 2560 706 2613 diebant.
741 2554 913 2611 Porro
945 2564 1058 2609 tres
1082 2556 1301 2610 ordines
1331 2554 1449 2618 hos,
1490 2552 2025 2614 catechumenorum,

464 2663 521 2706 et
556 2667 586 2705 a
616 2651 896 2720 spiritibus
940 2652 1311 2714 obsessorum,
1333 2648 1842 2717 pmnitentiumque,
1873 2661 2026 2700 sacra

465 2745 686 2813 quidem
732 2744 945 2800 sanctio
989 2743 1256 2813 permittit
1301 2741 1489 2795 audire
1516 2740 1813 2807 lectiones,
1839 2755 2026 2795 verum

466 2845 620 2891 arcet
658 2852 688 2890 a
723 2836 1078 2905 sequentibus
1101 2833 1399 2904 mysteriis.
1435 2833 1575 2899 Quin
1599 2843 1652 2886 et
1685 2833 1819 2886 ordo
1850 2842 2027 2887 status

464 2944 653 2983 eorum
684 2929 982 2983 secundum
1010 2926 1279 2995 justitiam
1316 2924 1573 2981 deﬁnitus
1604 2932 1689 2978 est
1716 2940 1731 2987 ;
1764 2934 1923 2993 atque
1949 2925 2029 2978 ul-

468 3022 631 3077 timus
674 3021 894 3089 quidem
940 3020 1075 3074 ordo
1110 3016 1405 3073 attributus
1450 3022 1535 3070 est
1598 3014 2026 3081 catechumenis,

467 3122 654 3182 utpote
681 3113 823 3169 nullo
855 3114 1035 3167 adhuc
1074 3117 1412 3167 sacramento
1464 3108 1717 3171 initiatis,
1747 3116 1798 3162 et
1836 3121 2030 3162 secun-

464 3207 590 3261 dum
619 3206 788 3260 Deum
824 3206 1051 3259 necdum
1088 3204 1328 3274 perfecte
1360 3203 1520 3257 natis.
1560 3200 2028 3267 Quemadmodum

464 3297 607 3349 enim
662 3294 713 3349 in
764 3298 927 3349 rebus
965 3295 1248 3364 corporeis
1284 3293 1509 3358 accidit,
1560 3300 1619 3345 ut
1672 3290 2029 3360 imperfectos

466 3388 607 3443 fetus
636 3397 691 3441 et
735 3389 961 3441 abortus
986 3400 1148 3441 nemo
1169 3385 1372 3441 dixerit
1400 3386 1451 3437 in
1485 3382 1659 3437 lucem
1678 3397 1801 3439 esse
1831 3384 2027 3451 editos,

464 3495 529 3534 eo
556 3480 697 3548 quod
728 3477 1038 3549 imperfecti
1071 3488 1315 3534 materno
1353 3487 1508 3533 utero
1545 3476 1849 3533 exciderint
1880 3477 2026 3546 (nam

464 3573 723 3643 physicus
777 3573 1130 3640 medicusque
1168 3572 1376 3636 dicent,
1427 3571 1600 3627 lucent
1654 3574 1707 3627 in
1766 3575 1833 3630 iis
1891 3574 2027 3629 nihil

469 3666 709 3735 operari,
744 3679 867 3719 cum
916 3679 944 3717 a
992 3672 1186 3717 natura
1225 3663 1451 3729 habeat,
1482 3674 1539 3719 ut
1589 3676 1847 3735 operetur
1876 3668 1927 3720 in
1960 3666 2028 3721 iis

468 3773 590 3826 qua:
622 3756 757 3810 lucis
783 3764 912 3809 sunt
934 3754 1203 3824 capacia);
1223 3756 1411 3809 eodem
1441 3760 1600 3812 modo
1624 3759 1675 3812 in
1697 3758 2029 3828 spiritalibus

467 3865 527 3902 se
580 3863 666 3901 rus
716 3846 1329 3901 habet:catechumeni
1376 3848 1519 3902 enim
1558 3849 1737 3904 adhuc
1786 3850 2028 3920 Eloquiis

468 3939 853 4003 informantur,
886 3952 1063 4008 neque
1099 3940 1228 3993 dum
1271 3938 1565 4007 perfectam
1613 3941 1841 3996 formam
1880 3957 2031 3998 acce-

467 4040 683 4100 perunt,
700 4032 794 4085 sed
813 4030 1037 4099 perfecti
1062 4040 1243 4096 erunt,
1266 4032 1483 4100 quando
1498 4034 1683 4088 divino
1705 4036 2030 4104 baptismate

466 4124 666 4177 fuerint
696 4124 1036 4192 regenerati;
1072 4133 1200 4180 tunc
1238 4136 1416 4181 autem
1473 4127 1558 4189 iis,
1604 4136 1860 4197 tanquam
1895 4130 2030 4185 lucis

465 4216 798 4285 excipiendae
829 4216 1141 4283 capacibus,
1191 4216 1499 4271 divinorum
1532 4219 1912 4290 mysteriorum
1952 4220 2031 4274 lu-

467 4309 613 4362 mina
637 4306 1021 4374 collucebunt;
1065 4322 1207 4362 nunc
1236 4323 1369 4364 vero
1400 4319 1679 4377 arcentur,
1721 4312 2027 4366 hierarchia

466 4415 855 4471 sacrorumque
886 4402 1077 4457 ordine
1107 4401 1186 4455 sic
1211 4403 1554 4470 providente,
1589 4419 1655 4457 ne
1690 4404 2031 4473 quibuslibet

468 4493 803 4561 prapaletur,
831 4492 994 4547 etiam
1042 4494 1476 4559 catechumenis,
1521 4495 1610 4563 qui
1646 4502 1886 4563 tempore
1934 4510 2031 4564 op-

471 4594 725 4652 portuno,
755 4585 845 4638 ubi
874 4599 973 4653 per
1003 4586 1270 4653 baptisma
1300 4595 1680 4649 renascuntur,
1710 4588 1875 4638 vitam
1918 4588 2032 4654 spi-

476 4676 689 4728 ritalem
741 4675 1030 4744 divinaque
1070 4676 1274 4729 lumina
1328 4676 1616 4745 recipiunt.
1661 4677 1841 4745 Quare
1883 4686 2031 4732 cate-

474 4768 862 4821 chumenorum
891 4769 1028 4822 ordo
1062 4777 1145 4823 est
1170 4777 1503 4839 postremus.

603 5039 711 5092 VII.
741 5038 841 5105 Qui
872 5054 1000 5094 vero
1042 5054 1071 5094 a
1096 5041 1381 5110 spiritibus
1421 5041 1708 5096 immundis
1735 5042 2028 5111 agitantur,

475 5130 683 5185 ordinis
707 5139 830 5184 sunt
852 5131 1077 5185 secundi
1108 5140 1163 5186 et
1184 5131 1499 5193 anterioris.
1518 5132 1570 5185 id
1601 5142 1683 5185 est
1712 5133 2029 5201 superioris.

477 5224 756 5294 Siquidem
808 5222 897 5277 hic
947 5223 1080 5276 ordo
1122 5226 1392 5279 secundus
1430 5235 1517 5279 est
1544 5241 1573 5278 a
1606 5226 2030 5291 catechumenis,

475 5317 573 5372 sed
606 5315 876 5386 superior,
905 5315 1160 5384 quoniam
1192 5316 1245 5369 hi
1296 5316 1491 5372 initiati
1533 5328 1658 5372 sunt
1713 5329 1768 5373 et
1812 5318 2034 5372 minime

473 5418 722 5465 exsortes
749 5408 1104 5473 sacramenti,
1131 5416 1189 5461 ut
1214 5407 1311 5470 illi,
1345 5410 1555 5463 tametsi
1581 5419 1636 5464 et
1666 5409 1771 5464 illis
1796 5424 2031 5480 quoque,

475 5502 567 5572 qui
604 5500 885 5572 corporeis
921 5499 1194 5555 illecebris
1235 5509 1329 5553 aut
1368 5501 1708 5568 passionibus
1750 5502 2035 5569 perturba-

476 5592 825 5660 tionibusque
862 5590 1062 5645 irretiti
1096 5598 1241 5655 sunt,
1276 5589 1459 5644 divina
1483 5592 1794 5646 communio
1814 5593 2032 5647 subtra—

380 5686 383 5687 ⁷
476 5685 657 5746 hitur;
682 5697 917 5753 eumque
937 5683 1182 5739 ordinem
1209 5693 1357 5736 recte
1384 5696 1443 5737 se
1474 5682 1673 5738 habere
1700 5698 1728 5734 a
1760 5686 2033 5740 contrario

476 5785 782 5838 conﬁrmat.
816 5781 948 5836 Nam
975 5782 1022 5837 si
1050 5794 1233 5835 verum
1264 5788 1366 5849 est,
1398 5781 1591 5851 inquit,
1612 5782 1850 5838 divinum
1883 5797 2035 5852 pror-

2134 1815 2238 1881 ἔξω
2295 1834 2395 1869 που
2450 1818 2559 1870 τῶν
2605 1821 2985 1889 πνευματικῶν
3037 1822 3347 1891 σαλπίγγων
3404 1826 3711 1896 ἱστάμενοι,

2131 1907 2250 1959 οὑδὲ
2287 1908 2386 1972 τὰς
2418 1911 2631 1974 εἰκόνας
2673 1912 2871 1982 ὁρῶσιν
2894 1930 2907 1942 ·
2947 1914 3233 1984 ἀπέμυσαν
3258 1916 3366 1987 γὰρ
3391 1917 3537 1981 ἅπαξ
3572 1918 3711 1988 πρὸς

2130 1999 2192 2052 τὸ
2216 2000 2329 2069 φῶς
2362 2003 2460 2072 τῆς
2487 2004 2779 2074 σωτηρίας,
2814 2005 2909 2057 καὶ
2941 2006 3266 2074 ἀπολέγουσι
3286 2011 3380 2062 καὶ
3412 2010 3712 2079 ἀντιφθέγ-

2130 2108 2315 2159 γονται
2339 2093 2474 2164 πρὸς
2512 2094 2603 2148 τὸν
2637 2096 2901 2151 καλοῦντα
2933 2099 3084 2151 Θεόνο
3122 2101 3231 2164 Τὰς
3255 2102 3404 2164 ὁδούς
3442 2119 3535 2155 σου
3572 2104 3713 2157 εἰδε-

2130 2199 2216 2234 ναι
2247 2183 2307 2235 οὐ
2349 2183 2625 2253 βούλομαι.
2663 2186 2972 2256 Σάλπιγγας
3005 2188 3061 2241 δέ
3106 2189 3518 2261 παραλαμϐάνει
3554 2192 3588 2263 ἢ
3619 2192 3712 2246 διὰ

2128 2275 2219 2327 τὸν
2274 2278 2638 2346 πνευματικὸν
2693 2279 2802 2333 τῶν
2862 2281 3068 2334 πιστῶν
3116 2283 3368 2353 πόλεμον,
3401 2284 3461 2337 ὃν
3516 2286 3708 2355 έχουσι

2129 2364 2265 2434 πρὸς
2297 2367 2389 2419 τὸν
2421 2368 2813 2440 ἀντικείμενον,
2848 2371 2881 2441 ἢ
2920 2372 3007 2425 διά
3029 2374 3126 2443 τὴν
3150 2373 3243 2425 ἐπὶ
3268 2373 3362 2426 τοῦ
3385 2374 3514 2427 Σινᾶ
3549 2391 3712 2428 συναο

2130 2459 2313 2529 γωγὴν
2346 2459 2439 2512 τοῦ
2475 2460 2599 2514 λαοῦ
2634 2464 2727 2516 καὶ⁵
2758 2464 2855 2535 τὴν
2887 2466 3063 2518 ἐκεῖσε
3101 2468 3219 2518 κατ’
3242 2465 3396 2531 ἀξίαν
3441 2466 3597 2533 τάξιν
3617 2484 3629 2497 ·
3657 2472 3710 2521 ot

2129 2550 2237 2621 γὰρ
2269 2552 2482 2622 ἔσχατοι
2519 2555 2744 2608 ἐκείνων
2776 2558 2884 2609 τῶν
2920 2557 3110 2627 φωνῶν
3135 2560 3226 2611 καὶ
3256 2558 3365 2611 τῶν
3391 2558 3711 2628 σαλπίγγων

2130 2645 2453 2715 κατήκουον.
2491 2646 2704 2711 Ταύτας
2734 2648 2790 2702 δέ
2835 2648 2934 2712 τάς
2973 2652 3122 2720 τρεῖς
3154 2651 3357 2716 τάξεις,
3388 2651 3497 2705 τῶν
3534 2669 3711 2721 κατη-

2130 2735 2426 2807 χουμένων,
2458 2738 2567 2792 τῶν
2616 2741 2721 2794 ὑπὸ
2766 2742 3091 2811 πνευμάτων
3147 2727 3576 2814 ἐνεργουμένων,
3611 2746 3710 2798 καὶ

2128 2828 2237 2880 τῶν
2269 2830 2328 2882 ἐν
2374 2832 2629 2903 μετανοίᾳ
2659 2832 2850 2896 όντων,
2896 2833 3080 2903 ἐφίησι
3121 2834 3220 2905 μὲν
3253 2836 3281 2887 ό
3316 2835 3457 2905 ἱερὸς
3500 2834 3709 2906 θεσμὸς

2129 2921 2417 2975 ἐπακούειν
2457 2924 2560 2993 τῆς
2599 2924 2973 2993 ἀναγνώσεως,
3011 2926 3264 2997 ἀπείργει
3314 2928 3372 2980 δὲ
3415 2927 3531 2981 τῶν
3574 2926 3708 2997 έξῆς

2133 3013 2462 3084 μυστηρίων.
2501 3014 2649 3085 Πλὴν
2681 3016 2775 3069 καὶ
2805 3017 2839 3086 ή
2880 3016 3031 3082 τάξις
3069 3018 3167 3088 τῆς
3208 3018 3446 3083 στάσεως
3495 3019 3707 3074 τούτων

2132 3101 2272 3155 κατά
2293 3102 2634 3172 δικαιοσύνην
2659 3103 2860 3174 ἐτάχθη
2880 3122 2891 3133 ’
2930 3105 3024 3157 καὶ
3054 3106 3257 3176 ἐσχάτη
3284 3108 3380 3177 μὲν
3410 3107 3564 3172 τάξις
3587 3113 3707 3174 τοῖς

2133 3194 2557 3263 κατηχουμένοις
2590 3194 3005 3265 ἀπονενέμηται,
3038 3196 3113 3260 ὡς
3145 3198 3407 3269 ἀμυήτοις
3458 3201 3560 3263 ἔτι,
3609 3202 3708 3255 καὶ

2134 3295 2209 3365 μὴ
2234 3294 2444 3347 τελείαν
2470 3293 2567 3365 τὴν
2602 3292 2741 3347 κατά
2765 3294 2894 3347 Θεὸν
2921 3296 3172 3362 ἀπότεξιν
3208 3297 3447 3367 ἔχουσιν·
3482 3300 3558 3363 ὡς
3592 3301 3707 3372 γὰρ

2130 3384 2223 3437 ἐπὶ
2268 3382 2378 3437 τῶν
2425 3383 2751 3456 σωματικῶν
2802 3384 2935 3455 ἔχει,
2970 3387 3051 3439 ὄτι
3100 3386 3171 3440 τὰ
3235 3390 3535 3461 ὴλιτόμηνα
3602 3393 3706 3444 καὶ

2131 3474 2459 3547 ἐκτρώματα
2490 3477 2591 3531 οὐκ
2613 3477 2677 3531 ἄν
2708 3493 2793 3540 τις
2818 3478 2952 3548 πρὸς
2975 3478 3035 3531 τὸ
3068 3480 3183 3548 φῶς
3215 3481 3511 3551 ἀναχθῆναι
3531 3483 3705 3547 εἴποι,

2129 3566 2263 3619 διότι
2292 3566 2389 3637 τῆς
2432 3570 2699 3640 μητρικῆς
2746 3572 2983 3642 γαστρὸς
3016 3571 3279 3625 ἀτέλεστα
3311 3572 3703 3627 ἐκπεπτώκασι

2132 3654 2286 3727 (φαίη
2320 3657 2427 3729 γὰρ
2457 3661 2487 3712 ὁ
2520 3661 2763 3728 φυσικῶς
2795 3664 2889 3714 καὶ
2922 3662 3181 3734 ἰατρικῶς
3210 3663 3370 3733 έχων,
3403 3664 3599 3728 ὠςούκ
3631 3665 3704 3718 ἂν

2130 3749 2209 3811 είς
2254 3748 2394 3802 αὐτά
2423 3750 2483 3803 τὸ
2512 3750 2626 3820 φῶς
2658 3753 2991 3823 ἐνεργήσειε,
3030 3753 3189 3823 φύσιν
3220 3755 3344 3825 ἔχον
3390 3757 3471 3819 είς
3512 3757 3706 3809 ἐκεῖνα

2130 3841 2389 3912 ἐνεργεῖν,
2415 3842 2451 3895 ἃ
2481 3842 2543 3913 δὴ
2575 3844 2666 3897 καὶ
2700 3845 2874 3912 φωτὸς
2923 3846 3145 3901 δεκτικά
3194 3848 3329 3901 εἰσιν
3348 3848 3385 3917 ⁸)
3418 3847 3564 3901 οὔτω
3606 3850 3707 3902 καὶ

2130 3933 2222 3985 ἐπὶ
2253 3933 2361 3985 τῶν
2395 3936 2775 4007 πνευματικῶν
2806 3936 2950 4007 ἔχει·
2982 3936 3062 3989 ἔτι
3102 3937 3210 4009 γὰρ
3247 3940 3295 3991 οί
3348 3940 3700 4010 κατηχούμε-

2130 4042 2209 4077 νοι
2268 4026 2373 4078 ὑπὸ
2410 4027 2518 4081 τῶν
2561 4030 2770 4098 Λογίων
2820 4029 3183 4100 μορφοῦνται,
3224 4032 3317 4084 καὶ
3362 4031 3422 4085 οὐ
3481 4033 3702 4087 τελείαν

2130 4120 2398 4173 ἀπέλαϐον
2420 4121 2717 4192 μόρφωσιν,
2739 4123 3386 4197 τελεσφορηθήσονταιδέ,
3410 4128 3538 4180 ὃταν
3567 4129 3703 4203 θείῳ

2132 4221 2534 4293 ἀναγεννηθῶσι
2579 4224 2940 4295 βαπτίσματι*
2990 4226 3109 4279 τότε
3158 4227 3253 4279 καὶ
3299 4228 3374 4291 ὼς
3427 4230 3710 4295 δεκτικοῖς

2130 4316 2311 4379 αὐτοῖς
2338 4316 2431 4368 τοῦ
2464 4316 2639 4384 φωτὸς
2676 4311 2847 4378 οὖσιν,
2875 4316 3173 4387 ἐπιλάμποι
3196 4317 3263 4371 ἂν
3299 4318 3367 4371 τά
3402 4320 3511 4372 τῶν
3538 4321 3707 4375 θείων

2136 4408 2445 4478 μυστηρίων
2479 4407 2631 4477 φῶτα
2652 4423 2666 4437 ⁸
2691 4406 2785 4461 νῦν
2808 4408 2865 4461 δὲ
2886 4409 3407 4473 ἀποδιαστέλλονται,
3434 4427 3702 4481 προνοου-

2137 4499 2302 4569 μένης
2330 4500 2431 4569 τῆς
2479 4501 2757 4572 ῑεραρχίας
2793 4502 2885 4553 καὶ
2910 4502 3010 4570 τῆς
3035 4502 3329 4570 εὐκοσμίας
3361 4502 3470 4553 τῶν
3512 4503 3701 4573 ἱερῶν,

2132 4590 2218 4642 ἵνα
2264 4589 2337 4661 μὴ
2390 4591 2619 4655 καὶτοῖς
2641 4591 2863 4662 τυχοῦσι
2895 4592 3169 4662 κατάδηλα
3286 4594 3379 4645 καὶ
3419 4595 3603 4646 αὐτῶν
3635 4595 3703 4667 δὴ

2130 4680 2237 4733 τῶν
2275 4682 2716 4752 κατηχουμένων,
2762 4685 2862 4754 τῆς
2906 4684 3048 4737 κατὰ
3088 4685 3300 4755 πνεῦμα
3356 4685 3521 4755 ζωῆς,
3559 4688 3705 4740 κατά

2132 4775 2322 4844 καιρὸν
2352 4775 2442 4828 τὸν
2466 4778 2811 4849 προσήκοντα
2843 4777 3141 4847 μελλόντων
3166 4780 3222 4830 ἐν
3266 4778 3344 4848 τῷ
3373 4779 3703 4848 γεννηθῆναι

2132 4866 2219 4918 διὰ
2249 4867 2637 4939 βαπτίσματος,
2670 4870 2764 4923 καὶ
2810 4870 2879 4923 τὰ
2931 4870 3047 4923 θεῖα
3102 4872 3389 4925 ἀπολαϐεῖν
3420 4872 3597 4941 φῶτα.
3639 4874 3701 4925 'H

2134 4956 2261 5025 γοῦν
2288 4958 2395 5011 τῶν
2427 4962 2845 5031 κατηχουμένων
2870 4960 3020 5026 τάξις
3044 4965 3243 5036 ἐσχάτη
3275 4964 3438 5016 ἐστίν.

2208 5049 2372 5121 §VIL
2417 5053 2479 5104 Ἡ
2509 5054 2565 5106 δὲ
2615 5053 2702 5105 διὰ
2748 5054 2855 5106 τῶν
2912 5058 3231 5126 πνευμάτων
3292 5056 3705 5127 ἐνεργουμένων

2134 5141 2357 5213 δευτέρα
2396 5143 2490 5195 καὶ⁸
2518 5143 2821 5214 ἐμπροσθία
2843 5162 2855 5174 ·
2880 5144 3039 5198 τοῦτο
3066 5148 3177 5218 γάρ
3216 5148 3332 5199 ἐστι
3376 5147 3437 5199 τὸ
3479 5149 3620 5217 πρὸς
3644 5148 3708 5201 τὸ

2136 5235 2276 5288 ἄνω·
2310 5238 2356 5287 εί
2386 5235 2494 5307 γὰρ
2534 5236 2629 5288 καὶ
2660 5236 2887 5307 δευτέρα
2937 5238 3055 5290 ἐστὶ
3101 5239 3237 5312 πρὸς
3268 5239 3393 5302 τοὺς
3432 5255 3709 5309 κατηχου-

2139 5326 2350 5395 μένους,
2382 5326 2517 5379 ἀλλά
2533 5326 2667 5397 πρὸς
2690 5326 2751 5380 τὸ
2776 5326 2907 5389 ἄνω,
2932 5327 3013 5379 ὅτι
3029 5317 3174 5379 οὗτοι
3196 5326 3580 5397 ἐτελέσθησαν,
3608 5327 3709 5381 καὶ

2134 5420 2232 5470 οὐκ
2269 5418 2501 5489 ἀμύητοί
2548 5420 2704 5483 εἰσιν,
2733 5420 2808 5483 ὼς
2839 5420 3055 5485 ἐκεῖνοι,
3083 5419 3137 5471 ετ
3158 5437 3210 5472 τι
3239 5420 3272 5490 ἠ
3297 5419 3415 5472 θεία
3444 5422 3704 5472 κοινωνία

2138 5514 2497 5575 συστέλλεται,
2528 5515 2621 5568 καὶ
2652 5514 2757 5567 ἀπὸ
2799 5514 2908 5568 τῶν
2959 5516 3325 5586 ἐνισχημένων
3370 5520 3707 5585 σωματικοῖς

2137 5604 2494 5676 θελκτηρίοις,
2522 5606 2688 5675 ήγουν
2713 5604 2909 5658 πάθεσι
2934 5605 3028 5657 καὶ
3064 5609 3326 5677 ταραχαῖς
3356 5606 3579 5675 ἡδονῶν·
3611 5608 3706 5660 καὶ

2138 5696 2404 5766 ἐπικρίνει
2455 5694 2635 5759 καλῶς
2668 5694 2811 5761 ἔχειν
2862 5695 2962 5764 τὴν
3007 5695 3158 5761 τάξιν
3206 5698 3268 5747 ἐκ
3316 5695 3409 5747 τοῦ
3457 5697 3703 5751 ἐναντίου

2138 5784 2445 5854 ἐπιχειρῶν.
2467 5784 2529 5836 Εἰ
2546 5786 2650 5855 γάρ
2677 5785 2812 5841 ἐστι.
2833 5786 3018 5855 φησιν,
3032 5785 3248 5857 ἀληθὲς,
3263 5785 3337 5848 ὡς
3352 5789 3380 5838 ὁ
3406 5788 3551 5839 κατὰ
3571 5786 3702 5841 Θεὸν
