3874 6228
100 313 206 370 461

671 316 759 371 DE
790 314 1070 373 ECCLES.
1109 317 1512 383 HIERARCH.,
1552 317 1707 379 CAP.
1742 319 1831 376 lﬂ.
1868 347 1940 362 --—
1969 319 2314 379 PARAPHR.
2352 319 2813 381 PACHYMERE.

3260 325 3371 382 ιστ

100 432 436 505 ἄνθρωπος,
454 433 605 488 οὐδὲν
623 436 734 489 τῶν
761 437 958 510 σαρκὸς
979 438 1259 509 ἐνεργήσει
1286 435 1437 508 παρά
1470 435 1538 490 τὰ
1563 436 1700 491 κατὰ

1808 450 1902 493 sus
1933 437 2107 493 virum
2137 453 2200 496 ea
2246 456 2368 511 quae
2400 440 2582 496 carnis
2614 449 2741 497 sunt
2783 437 3005 495 minime
3048 448 3369 496 curaturum

104 525 288 594 φύσιν
310 527 737 595 ἀναγκαιότατα,
766 527 826 581 τὸ
844 529 1134 597 qia-{siva
1161 530 1325 591 πιεῖν,
1352 527 1414 580 τὸ
1437 527 1701 591 ὑπνῶσαι,

103 619 205 671 καὶ
236 618 425 674 ταῦτα
470 619 783 691 παρέργως,
813 622 936 684 ναὸς
960 622 1014 674 δὲ
1048 621 1200 673 ἔσται
1226 620 1321 673 καὶ
1340 618 1536 681 ὀπαδὸς
1564 617 1705 671 κατὰ

105 710 307 763 πάντα
357 709 454 763 τοῦ
509 710 845 781 πνεύματος·
878 710 1101 782 εύδηλον
1128 711 1205 775 ὠς
1249 712 1278 763 ὁ
1317 710 1554 773 τοιοῦτος
1609 709 1704 762 ἆτε

104 803 235 873 Θεῷ
274 804 579 875 ἡνωμένος,
624 805 725 857 οὐκ
765 805 1189 876 ἐνεργηθήσεται
1248 804 1353 857 ὑπὸ
1394 802 1704 874 ἀκαθάρτου

107 896 472 966 πνεύματοςο
507 897 794 964 γελάσεται
836 897 891 949 δὲ
941 896 1138 966 μᾶλλον
1180 896 1312 949 αὐτὸ
1341 896 1433 949 καὶ
1459 912 1706 949 καταπα-

104 988 327 1051 λαίσει,
376 990 472 1043 καὶ
515 989 832 1055 ὲκδιώξεται
869 988 963 1041 καὶ
1005 988 1191 1060 δράσει
1234 986 1430 1059 μᾶλλον
1470 988 1548 1050 εἰς
1574 985 1706 1039 αὐτὸ

104 1083 246 1151 παρ’
280 1082 311 1133 ὅ
335 1082 587 1134 πείσεται
618 1078 965 1153 παράύτοῦσ
1012 1080 1208 1151 μᾶλλον
1249 1080 1306 1133 δὲ
1350 1080 1444 1133 καὶ
1498 1078 1704 1151 ἑτέροις

107 1175 308 1244 ἰατρὸς
332 1174 703 1245 πνευματικὸς
731 1174 1042 1246 ὀφθήσεται.
1075 1175 1193 1227 Ἐτι
1226 1173 1425 1245 μᾶλλον
1462 1172 1519 1225 δὲ
1549 1174 1705 1244 ἀκρι-

104 1266 225 1330 σῶς
251 1262 401 1329 οἶδα,
428 1266 505 1329 ὡς
527 1268 560 1337 ἡ
594 1266 707 1320 τῶν
735 1266 1063 1339 ίεραρχικῶν
1084 1265 1289 1337 ἀμιγὴς
1321 1265 1430 1319 τῶν
1449 1265 1705 1337 χειρόνων

106 1357 386 1410 ἁπάντων
434 1355 706 1428 διάκρισις
764 1356 960 1428 μᾶλλον
1004 1355 1116 1426 ἔχει
1170 1355 1537 1425 δαιμονῶντας
1577 1355 1705 1418 τοὺς

103 1449 398 1517 ἀσελγεῖς,
432 1449 465 1519 ἦ
488 1451 617 1514 τοὺς
645 1449 749 1502 ὑπὸ
766 1449 1091 1519 πνευμάτων
1117 1448 1556 1511 καταπίπτοντας
1572 1465 1585 1478 ·
1610 1449 1706 1501 καὶ

105 1541 220 1610 γὰρ
237 1542 295 1592 οἱ
314 1539 549 1592 τοιοῦτοι
571 1539 639 1591 τὰ
649 1539 817 1603 ὅντως
836 1539 963 1592 ὄντα
980 1539 1288 1610 προήκαντο
1315 1538 1402 1591 διὰ
1421 1538 1518 1609 τὴν
1539 1536 1707 1608 αἰσχί-

106 1645 248 1699 στην
290 1628 513 1699 ἡδονὴν,
537 1629 631 1682 καὶ
665 1628 759 1699 τὴν
788 1628 1040 1682 ἀϐέϐαιον
1071 1629 1129 1680 ἐν
1154 1630 1267 1691 τοῖς
1287 1626 1587 1699 ἀλλοτρίοις
1606 1627 1706 1680 οὐκ

104 1716 303 1783 οὖσαν,
321 1720 463 1773 ἀλλὰ
476 1718 737 1773 δοκοῦσαν
758 1718 1075 1775 εὐπάθειαν.
1100 1719 1380 1791 Ἀλλότρια
1399 1718 1454 1771 δὲ
1471 1718 1616 1786 λέγει
1637 1716 1706 1769 τὰ

1806 530 1939 585 citra
1995 540 2203 586 natura;
2256 534 2661 597 necessitatem,
2692 542 2751 587 nt
2803 532 2858 586 in
2891 530 3252 595 comedendo,
3278 533 3364 588 bi-

1804 620 2003 687 bendo,
2032 623 2377 686 dormienda.
2397 633 2453 680 et
2480 626 2593 679 haec
2640 627 2841 693 obiter,
2873 627 2968 681 sed
2997 626 3254 695 templum
3283 641 3370 680 se—

1807 723 2182 784 ctatoremque
2236 717 2462 786 spiritus
2493 717 2658 788 208
2698 732 2796 786 per
2849 717 3033 772 omnia
3083 717 3367 781 futurum;

1805 812 2151 868 manifestum
2194 823 2314 879 est,
2366 815 2545 869 virum
2593 813 2962 882 ejuscemodi,
3017 822 3206 883 utpote
3259 814 3373 868 Deo

1806 900 2041 963 unitum,
2080 915 2423 972 nequaquam
2471 904 2541 957 ab
2591 902 2871 957 immundo
2903 902 3099 973 spiritu
3153 903 3370 973 agitan-

1806 992 1965 1057 dum;
2001 995 2092 1048 sed
2140 996 2320 1065 potius
2367 995 2543 1064 ipsum
2594 995 2883 1050 irrisurum
2912 1004 2966 1048 et
2989 995 3365 1058 subacturum,

1806 1085 2325 1155 insectaturumque,
2360 1085 2748 1156 illaturumque
2771 1086 2954 1155 potius
2976 1086 3180 1155 aliquid
3205 1102 3367 1155 quam

1805 1180 1873 1233 ab
1900 1192 1965 1233 eo
1995 1192 2313 1247 passurum;
2347 1178 2590 1248 quinimo
2618 1193 2834 1249 quoque
2860 1178 2983 1232 aliis
3006 1192 3067 1233 se
3098 1178 3367 1233 medicum

1804 1266 2103 1337 spiritalem
2151 1267 2449 1323 exhibebit.
2497 1267 2769 1323 Praatcrea
2818 1278 3152 1338 compertum
3192 1269 3372 1325 habeo

1804 1360 2241 1416 sincerissimum
2292 1375 2575 1416 sacrorum
2622 1360 2875 1416 ordinum
2902 1361 3164 1431 judicium
3196 1363 3369 1430 magis

1805 1452 2165 1507 daemoniacos
2196 1453 2515 1509 existimare
2561 1452 2685 1509 illus
2734 1452 2826 1522 qui
2860 1453 3059 1508 inertia
3097 1453 3366 1517 difﬂuunt,

1804 1556 1968 1612 quam
2034 1544 2125 1613 qui
2179 1546 2463 1616 spiritibus
2503 1545 2897 1614 succumbunt;
2949 1545 3215 1615 siquidem
3276 1548 3370 1617 qui

1808 1634 1942 1690 tales
1982 1645 2134 1702 sunt,
2182 1646 2406 1708 propter
2454 1638 2835 1707 turpissimam
2893 1636 3258 1707 voluptatem,
3313 1648 3371 1693 et

1805 1738 1926 1779 eam
1953 1741 2073 1796 quae
2098 1727 2152 1782 in
2179 1729 2371 1783 alienis
2392 1728 2615 1783 minime
2643 1737 2745 1797 est,
2774 1730 2868 1784 sed
2897 1743 3017 1785 esse
3041 1728 3273 1799 videtur,
3292 1730 3372 1785 fe-

106 1811 250 1885 πρὸς
273 1809 586 1879 ἀμαρτίαψ
602 1809 662 1863 ού
677 1808 786 1880 γὰρ
805 1808 1008 1879 φυσικὴ
1029 1809 1062 1878 ἡ
1082 1808 1343 1879 ἁμαρτία.
1367 1807 1438 1859 Ἢ
1457 1804 1700 1876 ἀλλότριό

1811 1816 2098 1887 licitatem,
2123 1833 2250 1874 vera
2270 1820 2408 1875 bona
2440 1821 2828 1891 prodegerunt.
2857 1821 3050 1877 Aliena
3073 1797 3266 1877 autem
3283 1838 3372 1877 vo-

108 1918 245 1971 φησι
281 1900 357 1954 τὰ
402 1900 549 1954 κατά
590 1900 815 1971 κόσμον,
838 1900 913 1964 ὡς
942 1898 1003 1953 οῦ
1033 1917 1178 1963 τινος
1213 1898 1359 1954 ίδικά
1396 1899 1560 1963 ἰδίως,
1584 1896 1698 1951 ἀλλ’

106 1990 166 2055 ἐξ
199 1989 391 2044 ἄλλων
432 1992 516 2054 εἰς
556 1990 748 2055 ἄλλους
801 1990 1239 2061 μεταπίπτοντα·
1274 1989 1307 2059 ἢ
1352 1990 1450 2043 καὶ⁸
1486 1988 1561 2052 ὠς
1600 1989 1702 2041 οὐκ

105 2079 280 2151 οῦσης
310 2082 375 2133 ἐν
402 2080 614 2145 τούτοις
633 2080 724 2134 διὰ
752 2080 950 2143 παντὸς
983 2080 1082 2151 τῆς
1107 2078 1377 2150 ἡμετέρας
1407 2077 1699 2149 διαγωγῆς,

104 2171 247 2224 ἀλλὰ
274 2172 422 2243 πρὸς
443 2172 630 2244 ἕτερον
668 2171 781 2241 βίον
803 2171 1039 2245 ὁρώσης,
1072 2171 1158 2240 ἐφ’
1175 2164 1219 2238 ᾧ
1242 2170 1337 2223 καὶ
1373 2169 1697 2240 γεγόναμεν.

105 2272 205 2325 Διά
234 2271 378 2341 γοῦν
408 2270 565 2326 τοῦτο
594 2272 939 2343 κυριωτέρως
962 2266 1107 2327 οῦτοι
1126 2271 1234 2325 τῶν
1255 2270 1358 2325 ὑπὸ
1380 2271 1702 2341 πνευμάτων

106 2363 576 2418 καταπιπτόντων
593 2363 694 2434 τῆς
709 2362 989 2426 κοινωνίας
1009 2362 1465 2435 ἀφορισθήσονται
1483 2379 1498 2393 ο
1516 2362 1575 2413 οὐ
1593 2360 1702 2432 γὰρ

110 2455 340 2525 θεμιτὸν
363 2456 550 2519 αὐτοῖς
566 2456 754 2527 ἐτέρου
782 2453 927 2518 τινὸς
946 2454 1092 2527 ίεροῦ
1113 2454 1453 2526 μετασχεῖνῆ
1475 2453 1574 2523 τῆς
1593 2452 1701 2505 τῶν

106 2548 329 2615 Λογίων
357 2547 741 2617 ἀναγνώσεως,
773 2547 848 2610 ὼς
876 2546 942 2600 ἂν
988 2547 1054 2600 δι’
1078 2547 1258 2600 αὐτῶν
1290 2546 1702 2617 ἐπιστρέφοιντο

112 2642 209 2695 ἐπὶ
238 2641 316 2695 τά
351 2642 415 2709 ἐξ
452 2636 529 2695 ὧν
560 2641 836 2708 ἐξέπεσον.
872 2640 1057 2695 Ταῦτα
1080 2641 1138 2694 δὲ
1181 2642 1356 2695 πάντα
1382 2639 1596 2711 εἴρηται
1625 2637 1703 2709 τῷ

104 2734 255 2804 ἁγίῳ
277 2733 414 2805 περὶ
433 2732 541 2786 τῶν
562 2731 842 2803 ἐμπαθῶν,
873 2733 966 2786 καὶ
997 2732 1077 2785 ἐτι
1109 2731 1375 2804 μενόντων
1401 2732 1704 2802 ἀμετανοή-

103 2842 239 2889 των,
256 2825 339 2889 ὡς
355 2824 474 2895 ἔχει
497 2824 558 2877 τὸ
585 2825 693 2878 ἀπὸ
718 2825 811 2879 τοῦ
840 2826 1082 2897 μείζονος
1099 2823 1493 2894 ἐπιφερόμενον
1506 2824 1707 2895 ἐπιχείυ

110 2935 290 2989 ρημα.
309 2918 457 2986 Φησὶ
482 2916 611 2988 γάρ·
638 2917 703 2969 El
722 2916 831 2988 γὰρ
853 2917 948 2971 καὶ
974 2916 1102 2979 τοὺς
1130 2916 1265 2986 πρὸς
1293 2916 1428 2986 αὐτῇ
1459 2917 1525 2986 τῇ
1548 2932 1706 2985 μετα-

105 3009 227 3078 νοίᾳ
257 3007 427 3069 ὄντας
443 3008 477 3077 ἡ
495 3005 603 3058 τῶν
625 3005 786 3059 θείων
807 3005 1087 3077 ἱερουργία
1105 3004 1423 3067 ἀπωθεῖται,
1441 3005 1501 3057 ού
1522 3019 1693 3076 προσ-

107 3101 308 3171 ιεμένη
332 3099 563 3162 τούτους
590 3098 679 3152 διὰ
710 3098 771 3151 τὸ
802 3099 875 3169 μὴ
896 3094 1032 3151 εἶναι
1049 3096 1327 3161 παντελῶς
1351 3098 1695 3169 ἱερωτάτους,

1800 1918 1888 1964 cat
1912 1924 2032 1980 quae
2060 1911 2126 1965 ad
2150 1920 2427 1981 peccatum
2455 1914 2764 1981 pertinent;
2790 1929 2893 1969 non
2923 1913 3067 1968 enim
3090 1925 3370 1984 peccatum

1801 2009 1886 2055 est
1901 2002 2028 2072 quid
2057 2003 2423 2059 naturale.Vel
2444 2004 2619 2059 aliena
2636 2004 2766 2060 dicit
2785 2018 2846 2059 ea
2867 2020 2986 2076 quae
3012 2007 3193 2061 mundi
3219 2016 3369 2071 sunt,

1801 2094 1942 2164 quod
1960 2094 2156 2150 nullius
2170 2096 2386 2166 proprie
2412 2097 2520 2150 sint
2536 2096 2773 2166 propria,
2798 2097 2891 2152 sed
2913 2098 2980 2153 ab
3003 2096 3123 2153 aliis
3140 2097 3205 2152 ad
3233 2098 3371 2154 alios

1802 2191 2111 2251 transeant;
2129 2195 2221 2240 aut
2243 2186 2408 2241 etiam
2427 2187 2572 2255 quod
2600 2186 2654 2241 in
2681 2186 2767 2241 bis
2791 2202 3130 2256 nequaquam
3152 2189 3373 2244 omnino

1799 2277 1976 2348 posita
2006 2277 2278 2332 sitnostra
2298 2278 2510 2333 vivendi
2542 2278 2707 2344 ratio,
2731 2279 2824 2334 sed
2852 2278 3013 2333 aliam
3044 2280 3212 2334 vitam
3243 2295 3371 2351 spe-

1801 2377 1937 2434 etet,
1957 2367 2112 2436 cujus
2130 2360 2295 2423 etiam
2330 2369 2502 2440 gratia
2519 2370 2642 2424 'nati
2680 2381 2889 2424 sumus.
2923 2369 3056 2424 Cum
3095 2371 3277 2442 itaque
3314 2373 3371 2426 1ιί

1802 2459 1978 2529 magis
2003 2461 2221 2529 proprie
2249 2461 2532 2530 spiritibus
2568 2461 2901 2531 subjaceant,
2942 2462 3136 2517 merito
3161 2479 3191 2517 a
3216 2477 3370 2518 com-

1803 2552 2057 2606 munione
2089 2552 2455 2608 excluduntur
2490 2574 2502 2608 :
2538 2568 2715 2622 neque
2758 2554 2905 2609 enim
2950 2555 3032 2609 eis
3082 2554 3211 2609 licet
3241 2555 3374 2610 alte-

1803 2642 1920 2697 rius
1936 2641 2256 2712 cujusquam
2289 2644 2585 2715 participes
2616 2659 2757 2711 esse,
2790 2654 3150 2716 praeterquam
3184 2647 3373 2701 lectio-

1802 2733 1888 2789 nis
1942 2733 2371 2804 Scripturarum,
2418 2745 2477 2789 ut
2520 2750 2618 2805 per
2670 2752 2764 2792 eas
2818 2746 3163 2793 revertantur
3190 2739 3257 2793 ad
3303 2752 3367 2793 ea

1802 2824 2000 2894 quibus
2041 2826 2389 2883 exciderunt.
2415 2825 2543 2881 Haec
2577 2820 2760 2881 autem
2790 2829 2974 2882 omnia
3014 2828 3157 2882 dicta
3188 2837 3316 2883 sunt
3338 2844 3369 2883 a

1804 2915 1922 2973 viro
1943 2929 2133 2973 sancto
2178 2916 2245 2972 de
2277 2917 2345 2973 iis
2375 2919 2466 2986 qui
2504 2919 2855 2987 passionibus
2880 2918 3101 2974 obnoxii
3132 2929 3281 2984 sunt,
3315 2929 3371 2975 et

1804 3007 1981 3063 adhuc
2014 3017 2237 3063 manent
2265 3007 2701 3078 impaenitentes,
2733 3016 2995 3079 tanquam
3024 3009 3069 3064 si
3104 3023 3137 3063 a
3168 3006 3368 3079 majori

1805 3098 2044 3156 inferens
2072 3109 2569 3171 argumentaretur.
2602 3101 2659 3156 Si
2686 3104 2854 3171 enim,
2888 3102 3089 3172 inquit,
3122 3102 3245 3157 illos
3274 3103 3369 3172 qui

105 3188 539 3263 προσφωνοῦσα,
562 3183 695 3253 οἷον,
722 3187 799 3251 ὡς
823 3186 1050 3249 ἀθέατός
1077 3186 1191 3257 εἰμι
1218 3187 1313 3237 καὶ
1338 3183 1695 3255 ἀκοινώνητος

1804 3194 1856 3246 in
1888 3192 2002 3260 ipsa
2033 3194 2211 3248 adhuc
2263 3193 2590 3263 paenitentia
2620 3204 2910 3251 versantur
2974 3209 3255 3251 sacrorum
3284 3196 3371 3251 di-

106 3288 244 3339 πᾶσι
274 3286 395 3346 τοῖς
425 3282 500 3353 μὴ
529 3282 699 3348 ἀξίοις
736 3281 817 3343 εἰς
848 3279 1153 3342 κοινωνίαν,
1184 3276 1364 3349 πολλῷ
1392 3293 1456 3345 γε
1496 3276 1693 3347 μᾶλλον

107 3377 581 3450 ἀπειρχθήσονται
611 3373 813 3445 ταύτης
847 3374 896 3427 ot
922 3372 1001 3426 ἔτι
1029 3371 1406 3443 ἀμετανόητοι.
1449 3369 1602 3422 Ἐπεὶ⁹
1638 3368 1695 3422 δὲ

107 3470 204 3523 τοῦ
239 3470 397 3523 θείου
434 3467 563 3522 ναοῦ
606 3468 893 3537 γεγόνασιν
919 3464 1043 3531 ἔξω,
1074 3464 1167 3520 καὶ
1195 3465 1243 3517 οἱ
1268 3462 1503 3534 ἀμύητοι
1528 3478 1698 3532 κατη-

108 3564 397 3635 χούμενοι,
435 3562 607 3615 καὶοί
632 3561 920 3633 ἐμπαθεῖς,
969 3560 1046 3622 ὡς
1076 3557 1381 3612 ἀποστάται
1416 3555 1516 3626 τῆς
1546 3555 1696 3619 θείας

110 3658 259 3729 ζωῆς
275 3675 289 3688 ·
329 3656 562 3728 προσέτι
588 3655 646 3708 δὲ
696 3654 791 3707 καὶ
810 3655 859 3706 οί
885 3652 991 3706 ὑπὸ
1022 3650 1347 3721 πνευμάτων
1373 3646 1695 3718 ἐνοχλούμε-

109 3765 213 3811 νοι,
245 3747 559 3819 πρόστιμον
604 3745 818 3816 ἔχοντες
866 3743 964 3796 καὶ
1009 3734 1290 3805 obrogat
1335 3740 1436 3793 οὐκ
1482 3738 1696 3809 ἔχοντες

111 3840 420 3909 ἀπολογίαν
463 3838 527 3892 τὸ
581 3837 850 3900 ἀκουσίως
882 3836 1131 3905 πάσχειν,
1157 3834 1310 3889 αὐτοὶ
1348 3833 1457 3905 γὰρ
1492 3831 1696 3886 ἔδωκαν

108 3932 345 3995 ἑαυτοὺς
396 3931 512 3993 τοῖς
563 3928 892 4001 ἀκαθάρτοις
944 3927 1236 3998 πνεύμασι,
1297 3926 1369 3997 μὴ
1419 3923 1694 3978 συντονίαν

108 4027 251 4097 πρὸς
277 4024 350 4077 τὰ
386 4022 506 4076 θεῖα
559 4023 655 4077 καὶ
685 4021 1017 4092 στερρότητα
1064 4019 1418 4090 κεκτημένον
1447 4013 1567 4071 εἶτα
1598 4017 1695 4072 σὺν

106 4118 336 4182 τούτοις
385 4115 484 4169 καὶ
539 4116 587 4168 οί
647 4115 1078 4185 μετανοήσαντες
1126 4112 1223 4184 μὲν
1256 4112 1349 4166 ἐπὶ
1385 4113 1499 4175 τοῖς
1547 4109 1697 4173 ἰδίοις

108 4211 424 4281 σφάλμασι,
450 4207 545 4260 καὶ
572 4207 672 4276 τῆς
704 4206 951 4268 ἐναντίας
977 4203 1315 4266 ἀποστάντες
1354 4201 1521 4271 ζωῆς,
1543 4198 1698 4253 οὔπω

106 4306 164 4358 δὲ
205 4304 416 4366 τελέως
441 4300 834 4370 καθαρθέντες·
864 4300 959 4352 καὶ⁵
985 4297 1101 4369 μετ’
1141 4296 1335 4358 αὐτοὺς
1363 4296 1411 4348 οἱ
1442 4293 1516 4365 μὴ
1545 4292 1697 4363 ἄμω-

112 4413 205 4466 μοι
232 4393 416 4461 πάντη
438 4392 535 4443 καὶ
560 4389 847 4461 ἀλώϐητοι,
872 4388 1056 4451 καθὼς
1081 4388 1174 4441 καὶ
1194 4386 1251 4438 ἐν
1271 4383 1348 4454 τῷ
1369 4383 1516 4455 νόμῳ
1537 4382 1599 4436 τὸ
1616 4383 1697 4446 είς

1808 3282 2061 3337 vinorum
2110 3283 2407 3339 celebratio
2451 3283 2699 3354 repellat,
2727 3300 2792 3340 eo
2818 3285 2962 3354 quod
3005 3300 3110 3339 non
3150 3285 3372 3340 omnino

1801 3376 2131 3431 sanctissimi
2158 3376 2290 3441 sint,
2319 3391 2662 3448 nequaquam
2692 3392 2788 3434 eos
2812 3378 3130 3443 admittens,
3156 3377 3370 3448 procla-

1799 3470 1996 3523 mando
2032 3469 2437 3536 quodam'uodo
2466 3484 2526 3525 se
2555 3470 2811 3525 omnibus
2866 3486 2963 3526 sua
2992 3470 3367 3526 communica-

1801 3564 1945 3618 tione
1994 3561 2234 3632 indignis
2292 3561 2624 3618 invisibilem
2686 3563 3411 3632 incommunicabilemque‘

1805 3656 2096 3719 exsistere,
2118 3653 2289 3709 multo
2310 3655 2483 3725 magis
2511 3656 2580 3710 ab
2597 3670 2660 3711 ea
2692 3656 3023 3712 arcebantur
3052 3656 3146 3726 qui
3186 3656 3367 3711 adnue

1799 3747 2207 3816 impuenitentes
2256 3755 2406 3801 sunt.
2460 3745 2561 3801 Ubi
2622 3757 2803 3802 autem
2858 3764 2888 3803 a
2932 3748 3114 3803 divino
3170 3748 3369 3818 templo

1799 3837 2002 3891 exclusi
2046 3845 2173 3891 sunt
2228 3838 2635 3903 catechumeni,
2668 3839 2762 3909 qui
2789 3840 3016 3896 necdum
3047 3839 3224 3896 sacris
3259 3840 3368 3896 ini-

1801 3930 1921 3985 tiati
1977 3938 2126 3995 sunt,
2176 3930 2379 3999 quique
2434 3931 2784 3999 passionibus
2814 3932 3037 3988 obnoxii
3068 3942 3215 3997 sunt,
3248 3942 3304 3986 et
3337 3948 3367 3987 a

1800 4022 1979 4077 divina
2026 4021 2139 4076 vita
2187 4022 2547 4089 defecerunt;
2575 4036 2740 4093 atque
2777 4024 3003 4095 insuper
3025 4027 3192 4081 etiam
3221 4029 3368 4098 quia

1796 4113 2081 4183 spiritibus
2112 4124 2397 4179 vexantur,
2425 4123 2479 4169 et
2510 4116 2654 4170 banc
2708 4131 2932 4186 poenam
2980 4119 3239 4187 subeunt,
3268 4137 3368 4177 nec

1798 4205 2207 4260 excusationem
2242 4205 2480 4270 habent,
2507 4207 2651 4274 quod
2688 4206 2804 4261 haec
2834 4208 2988 4263 inviti
3022 4211 3327 4265 sustineant
3348 4253 3365 4279 ,

1799 4294 2056 4362 quoniam
2107 4296 2431 4365 semetipsos
2468 4297 2755 4366 spiritibus
2795 4300 3092 4356 immundis
3135 4303 3372 4357 tradide-

1799 4395 1954 4453 runt,
1980 4402 2103 4443 cum
2154 4403 2253 4443 nec
2298 4388 2661 4445 intentionem
2711 4406 2884 4462 neque
2939 4394 3257 4449 ﬁrmitatem
3309 4395 3364 4449 in

109 4481 307 4535 θυσίαν
334 4475 586 4547 ἐζητεῖτο
628 4477 927 4547 πρόϐατον·
956 4472 1109 4547 οἶμαι
1142 4474 1199 4527 δὲ
1239 4473 1416 4541 λέγειν
1450 4472 1692 4558 τούτους,

1802 4480 2000 4535 divinis
2029 4482 2337 4538 obtineant.
2370 4481 2577 4538 Deinde
2602 4498 2727 4538 eum
2754 4485 2838 4540 bis
2864 4501 3078 4557 quoque
3104 4488 3203 4554 illi,
3229 4504 3368 4558 quos

107 4574 240 4635 τοὺς
271 4570 347 4641 μὴ
383 4567 653 4641 ἱερωσύνῃ
700 4567 1125 4638 διαπρέποντας·
1161 4563 1220 4618 οὐ
1258 4563 1365 4635 γὰρ
1409 4564 1502 4617 καὶ
1554 4556 1697 4617 οὗτοι

111 4666 221 4731 ἔξω
250 4681 356 4718 που
384 4663 654 4722 ἵστανται,
685 4659 798 4712 ἀλλ’
828 4658 933 4723 ἔξω
977 4658 1136 4729 μόνον
1166 4654 1261 4710 τοῦ
1310 4653 1697 4726 θυσιαστηρίου

112 4753 425 4822 ἱστάμενοι,
472 4749 829 4819 ἀπείργονται
868 4748 966 4819 τῆς
1014 4746 1163 4817 ἱερᾶς
1202 4746 1431 4815 ἐποψίας
1470 4742 1559 4797 διὰ
1590 4742 1703 4797 τῶν

112 4841 396 4912 ἀναμέσον
463 4838 891 4910 ἐφαπλουμένων
961 4837 1516 4909 ’πιαραιιτεσιτασμείιτων⁹
1581 4834 1701 4888 τότε

112 4940 161 4989 οἱ
206 4934 461 5004 πανίεροι
517 4930 935 5002 φιλοθεάμονες,
987 4928 1400 4994 ἐποπτεύοντες,
1443 4926 1700 4999 ὑμνοῦσιν

114 5025 449 5097 ὕμνολογίαν
482 5022 798 5094 καθολικὴν,
828 5022 860 5093 ἢ
885 5022 959 5085 ὡς
983 5022 1087 5075 ὑπὸ
1109 5020 1324 5074 πάντων
1355 5019 1638 5091 ᾁδομένην,
1665 5016 1701 5088 ἢ

234 5120 383 5190 ὑπὲρ
427 5115 721 5185 ωθολικῆς
755 5115 977 5187 χάριτος
1017 5113 1328 5185 γινομένην.
1374 5110 1574 5164 Τοῦτον
1609 5108 1700 5163 τὸν

114 5220 289 5289 ὕμνον
319 5221 371 5274 οἱ
397 5219 496 5288 μὲν
522 5216 929 5287 ύμνολογίαν,οἱ
959 5214 1017 5267 δὲ
1042 5214 1141 5284 τῆς
1168 5212 1462 5285 θρησκείας
1480 5211 1543 5263 τὸ
1564 5209 1701 5280 σύμ-

114 5315 274 5368 ϐολον
301 5313 583 5381 λέγουσιν’
624 5309 774 5362 ἄλλοι
792 5308 850 5360 δὲ
882 5306 1169 5377 θειοτέρως
1202 5302 1521 5376 ἱεραρχικὴν
1550 5303 1704 5372 εὺχα-

117 5405 335 5473 ραι-τίαν
375 5403 563 5473 φασὶν,
598 5401 674 5465 ὼς
702 5399 1053 5471 περιεκτικὴν
1080 5397 1297 5466 ἁπάσης
1320 5394 1460 5465 ὑπὲρ
1485 5393 1702 5446 πάντων

114 5500 199 5561 είς
230 5498 383 5568 ἡμᾶς
414 5492 635 5563 ἀγαθῶν
674 5489 1052 5562 εὐχαριστίας*
1100 5487 1343 5559 περιέχει
1394 5484 1501 5556 γὰρ
1533 5484 1602 5536 τὰ
1622 5485 1702 5547 εἰς

116 5597 269 5667 ἡμᾶς
304 5593 493 5648 θεόθεν
528 5589 899 5662 ἀφικνούμενα
950 5587 1089 5659 ιεράλ
1117 5584 1284 5656 δῶρα,
1328 5582 1422 5636 καὶ⁵
1462 5580 1642 5646 καλῶς
1674 5582 1702 5633 ὁ

119 5694 263 5763 ὑπὲρ
294 5693 517 5746 πάντων
546 5690 705 5757 λόγος
728 5686 1045 5759 εὐχαριστία
1071 5685 1296 5756 ἐκλήθη,
1323 5684 1405 5737 ὅτι
1437 5684 1543 5736 πᾶν
1563 5680 1702 5752 ὑπὲρ

120 5786 221 5854 τῆς
245 5786 520 5857 ἡμετέρας
549 5781 824 5853 σωτηρίας
855 5777 1300 5851 ἐπραγματεύθη.
1326 5776 1434 5831 Καὶ
1462 5773 1570 5846 γὰρ
1608 5774 1702 5827 καὶ

1800 4583 2104 4627 erratorum
2130 4575 2347 4642 quidem
2399 4588 2623 4629 suorum
2680 4578 2935 4646 paenitet,
2978 4590 3035 4634 et
3076 4581 3369 4635 contraria:

1800 4666 1927 4719 vitm
1971 4668 2222 4721 nuntium
2277 4666 2566 4733 miserunt,
2617 4659 2861 4725 nondum
2902 4681 3085 4726 tamen
3115 4672 3359 4742 perfecte

1801 4758 1919 4829 puri
1946 4769 2097 4825 sunt,
2131 4768 2184 4812 et
2215 4760 2513 4816 secundum
2539 4761 2640 4816 bos
2669 4762 2703 4815 ii
2724 4762 2815 4831 qui
2847 4777 2954 4817 non
3006 4764 3231 4818 omnino
3263 4766 3366 4817 im-

1803 4852 2060 4905 maculati
2090 4863 2219 4905 sunt
2247 4863 2302 4907 et
2342 4854 2674 4920 intemerati,
2706 4865 2867 4923 prout
2887 4855 2937 4908 in
2976 4854 3095 4925 lege
3124 4870 3365 4925 quoque,

1802 4947 1869 4997 ad
1899 4946 2242 4999 sacriﬁcium
2294 4961 2464 5016 agnus
2494 4947 2873 5015 requirebatur
2906 4949 3139 5016 :opinor
3183 4956 3365 5002 autem

1801 5034 2100 5106 significari
2131 5035 2253 5088 illos
2280 5036 2371 5105 qui
2407 5051 2513 5089 non
2540 5049 2668 5091 sunt
2687 5036 2855 5108 209
2876 5037 2985 5106 apti
3015 5037 3366 5100 sacerdotio;

1802 5127 2066 5195 siquidem
2100 5127 2150 5180 hi
2186 5140 2290 5179 non
2345 5136 2490 5180 stant
2532 5127 2690 5193 foris,
2722 5130 2817 5183 sed
2868 5129 3065 5193 solum,
3099 5144 3221 5183 cum
3257 5143 3365 5182 non

1801 5228 1978 5273 astent
2009 5218 2188 5282 altari,
2220 5233 2253 5272 a
2286 5218 2469 5272 divino
2516 5231 2736 5289 astiectu
2784 5229 3051 5275 arcentur
3097 5234 3192 5287 per
3229 5217 3369 5271 vela-

1803 5312 1947 5365 mina
1973 5326 2095 5379 quaa
2125 5311 2177 5363 in
2212 5312 2389 5365 medio
2419 5314 2820 5381 expantluntttr.
2870 5312 3008 5367 Tum
3036 5312 3252 5365 demum
3277 5324 3367 5364 sa-

1803 5402 2095 5457 cratissimi
2142 5410 2479 5470 spectatores
2509 5404 2745 5458 hostiam
2783 5402 3214 5471 contemplantes
3243 5399 3366 5453 uni-

1802 5494 2013 5548 versale
2038 5493 2316 5561 quoddam
2352 5494 2530 5548 laudis
2559 5494 2837 5549 canticum
2869 5492 3187 5556 concinunt,
3217 5488 3365 5559 quod

1803 5589 1887 5642 vel
1933 5588 2000 5643 ab
2052 5589 2316 5644 universis
2366 5589 2601 5653 canitur,
2632 5588 2715 5643 vel
2748 5602 2845 5656 pro
2878 5583 3168 5641 universali
3206 5581 3365 5651 quasi

1803 5683 1976 5753 gratia
2004 5679 2250 5737 otl'ertur.
2279 5679 2434 5736 Hunc
2468 5681 2727 5751 hymnum
2775 5689 2977 5744 autem,
3026 5675 3113 5728 alii
3141 5673 3362 5743 quiden.

1804 5771 2227 5843 hymnologiam,
2267 5770 2355 5824 alii
2394 5768 2669 5839 religionis
2708 5767 3007 5840 symbolum
3040 5763 3359 5835 appellant:
