3874 6228
487 328 592 385 s63

1646 325 1700 383 S.
1740 324 2036 382 DIONYSII
2068 324 2529 382 AREOPAGITE

3613 327 3719 382 46-!

492 445 581 499 alii
608 456 736 497 vero
776 439 1037 505 divinius,
1067 438 1467 494 hierarchicam
1502 440 1898 497 eucharistiam
1949 455 2047 495 vo-

2157 442 2380 513 πρῶτως
2416 440 2567 512 παρὰ
2592 439 2687 493 τοῦ
2719 439 2924 510 ἀγαθοῦ
2950 441 3085 495 Θεοῦ
3127 441 3463 514 ὑπέστημεν,
3491 444 3590 497 καὶ
3610 446 3723 508 τοῖς

482 545 642 600 “cant,
674 544 732 588 ut
766 549 887 603 qua
926 547 1143 586 omnem
1172 546 1275 601 pro
1304 532 1557 587 omnibus
1587 548 1716 603 erga
1766 548 1865 589 nos
1895 534 2052 590 bonis

492 627 795 696 gratiarum
853 625 1124 678 actionem
1160 624 1586 692 complectatur;
1628 625 1869 679 continet
1905 625 2048 679 enim

490 718 580 772 illa
613 732 768 770 sacra
796 730 1021 768 munera
1066 730 1187 783 quae
1224 714 1487 769 divinitus
1525 716 1590 768 ad
1624 731 1723 771 nos
1753 716 2050 784 dimanant,

492 818 745 877 recteque
786 822 884 875 pro
939 806 1193 859 onmibus
1221 805 1519 873 gratiarum
1554 807 1696 861 actio
1736 817 2049 877 nuncupata

491 909 595 962 est,
636 900 763 968 quia
812 895 1076 966 quidquid
1127 898 1192 949 ad
1240 896 1473 950 salutem
1523 907 1769 952 nostram
1820 909 2051 966 spectat,

489 998 710 1054 operata
742 996 844 1041 est.
877 986 1093 1040 Etenim
1115 989 1349 1055 primum
1376 1003 1406 1041 a
1446 989 1588 1043 bono
1607 988 1716 1044 Deo
1747 992 1973 1057 conditi,
1998 1001 2055 1047 et

492 1079 837 1149 primigeniis
890 1078 1388 1145 pulchritudinibus
1429 1079 1495 1132 ad
1528 1080 1948 1137 deiformitatem
1974 1083 2057 1139 ef-

490 1170 708 1226 Iormati
740 1184 945 1223 sumus.
1001 1167 1329 1239 Primigenia
1380 1184 1509 1225 vero
1543 1181 1706 1227 vocat
1755 1189 1817 1229 ea
1846 1190 1966 1244 qua:
1998 1177 2052 1233 in

490 1263 668 1318 divina
745 1271 941 1316 natura
1011 1262 1449 1330 conspiciuntur,
1499 1277 1731 1331 quorum
1801 1266 2051 1325 homines

490 1369 587 1423 pro
640 1363 804 1423 captu
853 1354 1122 1421 modoque
1181 1367 1279 1407 suo
1336 1352 1480 1409 Deus
1509 1355 1798 1425 participes
1850 1358 2051 1426 elleeit,

490 1456 544 1499 et
573 1446 623 1499 in
658 1446 914 1514 paradiso
946 1444 1201 1499 diviniori
1250 1444 1321 1498 ad
1356 1460 1588 1514 superna
1620 1448 1781 1503 modo
1812 1446 2051 1522 subrige-

489 1542 684 1595 bamur
714 1560 727 1594 :
761 1552 1013 1595 cancrum
1067 1553 1189 1594 cum
1240 1539 1602 1608 imprudentia
1660 1551 1846 1596 nostra
1892 1543 2049 1599 bonis

489 1634 596 1687 illis
627 1633 1039 1697 escidissemus,
1076 1632 1402 1700 praeparatis
1449 1632 1600 1686 hisce
1653 1632 1808 1688 bonis
1838 1635 1905 1688 ad
1935 1636 2046 1703 pri-

2154 532 2477 602 άρχετύποις
2504 533 2723 587 κάλλεσι
2757 535 2892 605 πρὸς
2928 534 2989 586 τὸ
3035 534 3265 597 θεοειδὲς
3294 534 3718 606 ὲμορφὼθήμεν.

2168 626 2469 695 Ἀρχέτυπα
2490 626 2547 679 δέ
2586 644 2718 697 φησι
2746 627 2816 679 τὰ
2837 629 2902 697 τῇ
2922 626 3041 697 θείᾳ
3065 626 3224 696 φύσει
3255 626 3719 699 ὲπιθεωρούμενα,

2153 708 2226 768 ὧν
2253 717 2351 788 τὴν
2384 716 2525 770 κατὰ
2571 717 2632 768 τὸ
2681 717 3023 786 ἐνδεχόμενον
3054 718 3339 787 μετουσίαν
3363 721 3478 781 τοῖς
3509 717 3720 789 ἀνθρώ-

2156 824 2277 871 ποις
2314 807 2447 870 Θεὸς
2475 807 2803 879 ὲδωρήσατο,
2837 810 2931 861 καὶ
2959 809 3236 881 θειοτέρας
3259 811 3555 881 ἀναγωγῆς
3570 811 3630 863 ὲν
3650 810 3722 881 τῷ

2157 898 2465 969 παραδείσῳ
2505 898 2934 971 κατηξιώθημεν.
2972 897 3125 965 Εἶτα,
3158 902 3277 954 ἐπεὶ
3301 900 3363 967 ἐξ
3390 900 3721 972 ἁπροσεξίας

2156 988 2269 1041 τῶν
2294 990 2510 1057 ἀγαθῶν
2543 990 2765 1044 ἐκείνων
2785 989 3123 1063 ὲξώσθημεν,
3141 993 3561 1053 ὲπισκευαστοῖς
3594 993 3722 1058 ἀγα-

2158 1078 2273 1143 θοῖς
2311 1082 2396 1144 είς
2420 1082 2484 1135 τὸ
2526 1084 2753 1153 ἀρχαῖον
2791 1082 2933 1150 ἔγνω
2957 1082 3415 1148 ἀνακαλέσασθαι,
3450 1083 3724 1153 (ἐπισκευ-

2155 1175 2292 1228 αστά
2317 1175 2373 1228 δὲ
2400 1175 2546 1244 λέγει
2590 1175 2659 1227 τὰ
2700 1175 2896 1243 ἀγαθὰ,
2931 1176 3030 1240 ὅτι,
3061 1178 3373 1248 ἁμαρτωλοὶ
3406 1179 3583 1242 ὄντες,
3635 1179 3724 1249 χά-

2157 1286 2261 1340 ριτι
2290 1267 2659 1338 ὲκαλλωπίσθη
2670 1284 2765 1337 μεν
2785 1268 2876 1320 καὶ
2891 1267 3215 1340 ἐσώθημενσ)
3241 1272 3333 1322 καὶ
3360 1270 3452 1324 διὰ
3470 1273 3575 1343 τῆς
3598 1289 3723 1325 παν-

2154 1360 2341 1424 τελοῦς
2359 1358 2727 1431 προσλήψεως,
2742 1359 2840 1428 τῆς
2853 1361 3064 1425 τελείας
3082 1360 3222 1429 λέγω
3237 1365 3391 1415 ὲνανθ
3400 1367 3561 1435 ρωπή
3570 1382 3722 1427 σεως,

2155 1454 2254 1525 τήν
2308 1453 2418 1507 τῶν
2462 1453 2678 1505 οἰκείων
2733 1454 3015 1523 μετάδοσιν
3064 1455 3497 1527 άγαθουργῆσαι.
3558 1456 3725 1510 Τοῦτο

2162 1546 2306 1615 λέγει
2334 1547 2426 1599 καὶ
2446 1546 2476 1597 ὁ
2500 1545 2671 1616 μέγας
2702 1546 3016 1617 Γρηγὸριος·
3040 1547 3383 1616 Προσέλαόε
3406 1549 3472 1600 τὸ
3499 1548 3722 1617 χεῖρον,

2155 1642 2255 1694 ἵνα
2283 1640 2365 1706 δῷ
2391 1639 2455 1693 τὸ
2464 1640 2735 1705 βέλτιον.

488 1728 692 1780 stinum
750 1740 849 1779 nos
906 1734 1110 1781 statum
1154 1740 1415 1780 revocare
1459 1726 1681 1780 minime
1737 1727 2004 1784 dubitavit
2041 1731 2380 1803 (prmparata
2442 1751 2605 1803 porro
2672 1746 2825 1788 vocat
2878 1735 3016 1789 bona
3092 1735 3219 1802 illa;
3269 1736 3532 1804 quoniam
3606 1750 3725 1789 cum

487 1832 735 1872 essemus
758 1827 1098 1886 peccatores,
1123 1817 1300 1886 gratia
1321 1817 1516 1872 salvati
1580 1827 1635 1873 et
1696 1820 1875 1874 ornati
1911 1824 2139 1895 sumus),
2171 1838 2226 1879 et
2282 1831 2595 1883 omnimoda
2638 1831 3030 1899 assumptione,
3055 1829 3310 1898 perfecta
3359 1831 3585 1897 inquam
3624 1828 3726 1881 hu-

488 1910 797 1975 manitatis,
848 1909 1191 1979 propriorum
1264 1924 1362 1963 nos
1424 1909 1688 1965 bonorum
1742 1914 2036 1985 participes
2073 1917 2271 1974 elfeeit.
2323 1919 2437 1975 Hoc
2492 1932 2574 1976 est
2631 1924 2773 1992 quod
2860 1933 2915 1976 et
2982 1935 3210 1990 magnus
3261 1918 3563 1990 Gregorius
3606 1921 3723 1974 ait:

487 2001 779 2071 Assumpsit
805 2001 1055 2065 deterius,
1088 2011 1140 2053 ut
1169 2000 1318 2054 daret
1348 2001 1406 2053 id
1434 2003 1571 2070 quod
1601 2012 1674 2056 est
1712 2005 1916 2057 melius.

564 2091 593 2164 ᾗ
630 2092 764 2148 VIII.
794 2090 931 2146 Nota
958 2106 1086 2146 vero
1108 2100 1167 2145 ut
1194 2093 1503 2146 summatim
1537 2094 1619 2148 his
1647 2095 1961 2164 complexus
1983 2099 2053 2153 sit

2227 2100 2255 2173 ᾗ
2295 2100 2429 2155 VIII.
2470 2100 2782 2171 Σημείωσαι
2814 2100 2893 2162 δὲ,
2932 2100 3011 2153 ᾶτι
3042 2100 3425 2168 κεφαλαιωδῶς
3448 2100 3553 2171 τήν
3578 2101 3729 2171 ἱερὰν

489 2200 697 2239 sacram
722 2198 935 2238 omnem
968 2184 1365 2254 hymnologiatn
1392 2185 1687 2239 secundum
1720 2201 1878 2255 quam
1902 2186 2054 2242 beni-

490 2280 693 2348 gnitate
742 2276 835 2331 Dei
880 2275 1217 2339 collaudata,
1268 2275 1565 2344 propositis
1609 2279 1921 2334 muneribus
1968 2294 2057 2333 co-

491 2370 717 2437 opertis,
756 2367 1012 2421 salutatio
1046 2383 1110 2422 ac
1143 2368 1443 2422 tabularum
1474 2369 1721 2424 recitatio
1754 2369 1956 2424 finitur.
1982 2372 2058 2425 Ac

488 2460 741 2517 salutatio
782 2459 1000 2527 quidem
1051 2460 1315 2528 designat,
1355 2462 1625 2529 quomodo
1662 2463 1727 2516 ad
1759 2478 1924 2517 unum
1958 2463 2058 2517 ali-

488 2569 647 2625 quem
689 2562 888 2609 statum
929 2566 1026 2621 per
1058 2568 1268 2607 sacram
1295 2556 1728 2611 communionem
1758 2556 2055 2611 adducendi

488 2648 600 2699 sint
632 2644 710 2698 illi
746 2644 836 2712 qui
868 2642 949 2695 vel
986 2657 1166 2698 secum
1200 2645 1322 2711 ipsi,
1369 2644 1449 2697 vel
1489 2660 1608 2698 cum
1648 2646 1768 2701 aliis
1798 2646 1848 2699 in
1880 2646 2057 2715 aliquo

488 2736 839 2791 dissidebant.
882 2732 992 2791 Nos
1021 2736 1201 2806 itaque
1241 2737 1491 2792 salutatio
1520 2736 1623 2792 sibi
1643 2738 1889 2805 .invicem
1932 2754 2060 2793 con-

485 2830 637 2901 jungi
667 2827 957 2898 significat.
978 2827 1259 2893 Quomodo
1280 2839 1463 2883 autem
1492 2829 1707 2883 secum?
1735 2828 1869 2895 Quia
1899 2831 2059 2885 nimi-

488 2939 606 2975 rum
636 2922 751 2992 ipse
784 2935 968 2975 secum
996 2921 1225 2990 quilibet
1253 2922 1469 2989 unitur,
1508 2929 1565 2977 et
1589 2922 1659 2977 ad
1693 2938 1855 2977 unum
1924 2926 2058 2983 alre-

472 3015 826 3081 ctnmlertur,
851 3016 1002 3069 verbi
1025 3014 1221 3086 gratia,
1247 3015 1543 3070 fraternam
1577 3017 2054 3086 conspirationem.

485 3105 599 3159 Nisi
638 3105 780 3159 enim
811 3106 878 3159 ad
910 3121 1071 3159 unum
1100 3107 1225 3174 quis
1253 3119 1375 3160 sese
1408 3106 1645 3177 colligat,
1679 3115 1738 3162 ιιι
1772 3107 1930 3162 talem
1955 3106 2057 3159 ali-

485 3212 646 3267 quem
668 3196 919 3252 aﬂ'ectum
953 3199 1243 3267 concipiat,
1264 3211 1536 3266 nunquam
1566 3199 1739 3268 ipsum
1769 3198 2057 3268 exprimet.

487 3290 615 3345 Haec
660 3300 841 3343 autem
886 3299 1173 3359 geruntur,
1219 3291 1373 3359 quasi
1424 3290 1646 3346 minime
1676 3291 1930 3347 decorum
1962 3292 2053 3358 sit,

485 3398 579 3437 eos
613 3381 702 3450 qui
748 3382 800 3435 in
851 3382 1006 3434 altari
1050 3384 1359 3451 congregati
1397 3383 1813 3454 coniunguntur,
1861 3384 2054 3437 iterum

2156 2194 2475 2264 ὑμνολογίαν
2517 2194 2694 2245 πᾶσαν
2751 2194 2809 2244 ὲν
2839 2191 3047 2255 τούτοις
3082 2191 3314 2255 διέλαϐε,
3358 2190 3481 2243 καθ’
3521 2193 3593 2260 ἢν
3629 2191 3731 2262 τῆς

2163 2285 2569 2357 φιλανθρωπίας
2617 2285 2713 2338 τοῦ
2757 2283 2893 2336 Θεοῦ
2932 2283 3284 2353 ὑμνηθείσης,
3328 2282 3731 2353 περικεκαλυμ-

2158 2376 2332 2447 μένων
2382 2377 2648 2447 κειμένων
2683 2376 2790 2429 τῶν
2814 2374 3020 2446 δώρων,
3067 2377 3095 2427 ὁ
3136 2374 3423 2444 ἀσπασμὸς
3469 2373 3727 2436 τελεῖται,

2156 2470 2249 2521 καὶ
2273 2468 2385 2521 τῶν
2415 2466 2634 2538 πτυχῶν
2657 2469 2691 2537 ή
2717 2466 3034 2537 άνάρῤησις.
3063 2466 3171 2517 Καὶ
3206 2465 3236 2516 ὁ
3279 2465 3377 2535 μὲν
3412 2465 3729 2535 ἀσπασμὸς,

2155 2560 2234 2613 δτι
2272 2577 2386 2623 πως
2425 2559 2843 2629 συναχθήσονται
2887 2558 2978 2609 ἐπὶ
3017 2557 3114 2627 τὴν
3148 2557 3354 2609 ἑνιαίαν
3382 2556 3602 2628 ἐκείνην
3642 2556 3731 2609 διὰ

2156 2652 2255 2721 τῆς
2290 2652 2448 2720 ἁγίας
2487 2652 2835 2723 μεταλήψεως
2867 2649 3195 2704 κατάστασιν
3222 2652 3269 2701 ot
3294 2649 3615 2721 διῃρημένοι
3638 2668 3732 2703 κα-

2153 2745 2223 2799 τά
2248 2761 2299 2797 τι
2327 2745 2359 2816 ἢ
2386 2745 2520 2813 πρὸς
2544 2745 2765 2810 ἑαυτοὺς
2787 2744 2820 2814 ἦ
2856 2743 2991 2813 πρὸς
3016 2740 3292 2812 ἀλλήλους.
3327 2742 3399 2793 Τὸ
3434 2740 3568 2809 γοῦν
3596 2742 3731 2813 πρὸς

2155 2833 2411 2904 ἀλλήλους
2444 2833 2682 2905 ήνῶσθαι
2715 2836 2742 2886 ὁ
2772 2831 3057 2902 ἀσπασμὸς
3078 2830 3245 2902 δηλοῖ.
3270 2830 3342 2883 Τὸ
3364 2830 3423 2883 δὲ
3440 2832 3582 2903 πρὸς
3605 2834 3733 2885 ἑαυ-

2154 2928 2280 2991 τοὺς
2323 2926 2469 2992 πῶ;;
2523 2927 2594 2980 Ἦ
2626 2926 2865 2997 δηλονότι
2911 2926 3008 2977 καὶ
3050 2925 3278 2987 ἕκαστος
3320 2922 3558 2987 suam
3593 2926 3731 2996 πρὸς

2156 3021 2365 3084 ἑαυτὸν,
2408 3020 2501 3073 καὶ
2534 3022 2612 3083 είς
2652 3018 2778 3089 μίαν
2821 3018 2997 3089 ὁρμὴν
3036 3016 3294 3086 φέρεται,
3330 3015 3427 3085 τήν
3465 3016 3605 3087 πρὸς
3637 3018 3733 3070 τὸν

2156 3112 2378 3183 ἀδελφὸν
2411 3112 2648 3183 δηλονότι
2693 3110 3006 3181 σύμπνοιαν.
3044 3111 3107 3163 Ei
3152 3109 3260 3179 γὰρ
3310 3108 3385 3179 μὴ
3419 3109 3616 3162 ἑαυτὸν
3646 3125 3731 3172 τις

2156 3207 2234 3268 είς
2269 3204 2329 3256 τὸ
2371 3203 2427 3257 ἓν
2467 3202 2677 3268 συνάξει
2710 3202 2957 3267 γενέσθαι
2989 3200 3202 3253 τοιᾶσδέ
3227 3215 3367 3262 τινος
3390 3200 3592 3270 ὁρμῆς,
3629 3201 3733 3253 οὐκ

2157 3294 2221 3347 ἂν
2245 3295 2324 3355 είς
2344 3292 2501 3345 τοῦτο
2524 3292 2782 3363 ὁρμήσειε
2809 3289 3047 3343 πώποτε.
3084 3289 3268 3342 Ταῦτα
3292 3289 3350 3341 δὲ
3374 3290 3730 3360 πράττονται,

2157 3387 2232 3448 ῶς
2273 3386 2333 3437 ού
2374 3384 2534 3437 καλὸν
2571 3383 2628 3437 ὃν
2670 3383 3079 3453 ἑνοποιηθὲντας
3119 3382 3315 3443 αὐτοὺς
3348 3383 3413 3450 τῇ
3443 3380 3597 3444 me;
3634 3382 3731 3433 τοῦ

485 3472 647 3527 dilabi
684 3473 734 3524 in
772 3472 975 3526 divisas
1005 3473 1330 3542 cupiditates
1352 3512 1367 3539 ,
1406 3488 1437 3528 e
1472 3475 1666 3544 quibus
1694 3476 1912 3529 omnino
1935 3490 2053 3545 per-

2159 3476 2305 3547 ἱεροῦ
2332 3476 2713 3548 θυσιαστηρίου
2751 3478 3060 3546 συναγωγῇ,
3086 3474 3177 3526 ἐπὶ
3205 3473 3303 3537 τὰς
3333 3472 3601 3543 μεριστάς
3635 3476 3733 3527 καὶ

485 3566 719 3618 turbatae
778 3573 971 3618 contra
1028 3572 1276 3619 naturam
1347 3566 1640 3620 inimicitiae
1698 3567 2053 3623 suscitantur.

484 3660 761 3713 Adversus
787 3669 969 3713 autent
1010 3660 1247 3729 aequales
1275 3661 1425 3727 dicit,
1451 3661 1501 3714 id
1530 3670 1613 3715 est
1652 3661 1926 3716 hominum
1958 3664 2053 3717 ad-

489 3766 674 3806 versus
720 3750 986 3805 homines.
1045 3752 1181 3807 Illud
1220 3762 1398 3805 autem
1435 3752 1599 3822 210
1629 3753 1695 3806 ad
1720 3753 1771 3807 Id
1798 3756 1938 3823 quod
1966 3769 2053 3809 se-

486 3844 724 3897 cundum
766 3854 1017 3897 naturam
1058 3853 1164 3909 est,
1196 3843 1245 3899 id
1278 3853 1359 3899 est
1388 3844 1455 3897 ad
1487 3845 1722 3911 bonum;
1755 3846 2053 3899 humanum

488 3934 630 3987 enim
686 3933 883 3987 bonum
932 3948 1093 3987 omne
1142 3943 1227 3988 est
1266 3934 1562 3991 secundum
1593 3944 1878 4000 naturam,
1914 3935 2055 3990 sicut

488 4027 686 4080 malum
731 4033 918 4080 contra
961 4035 1235 4080 naturam.
1280 4026 1373 4082 Vel
1409 4028 1571 4081 etiam
1610 4028 1867 4097 aqualem
1900 4038 2056 4083 vocat

485 4118 725 4188 ejusdem
763 4127 972 4170 natura:
1013 4114 1308 4181 hominem,
1345 4117 1456 4171 sive
1495 4118 1820 4186 proximum.

558 4209 588 4281 5
634 4209 725 4266 IX.
787 4207 936 4264 Hanc
982 4211 1161 4278 itaque
1202 4208 1541 4274 conjunctam
1586 4208 1751 4262 vitam
1803 4209 2055 4264 salutatio

484 4303 697 4366 sancit,
753 4301 879 4355 dum
923 4300 1099 4356 simile
1147 4299 1198 4352 in
1225 4298 1232 4306 '
1261 4299 1421 4353 simili
1457 4300 1714 4365 collocat,
1777 4310 1832 4354 et
1875 4301 2056 4354 divina

484 4395 870 4462 individuaqne
940 4406 972 4445 a
1053 4389 1287 4445 dividuis
1372 4389 1730 4459 humanisque
1801 4393 2053 4446 secernit.

490 4484 555 4538 Μ
623 4487 703 4538 sic
760 4485 976 4553 quidem
1035 4482 1243 4550 hasque
1296 4479 1366 4534 ob
1417 4495 1609 4536 causas
1660 4483 1720 4535 ﬁt
1769 4483 2052 4551 salutatio;

490 4576 791 4630 tabularum
828 4592 959 4631 vero
1007 4576 1252 4630 recitatio
1303 4575 1625 4642 depraedicat
1658 4590 1751 4631 eos
1804 4577 1894 4645 qui
1933 4593 2057 4633 san-

488 4678 576 4723 cte
615 4668 883 4733 vixerunt,
927 4668 1168 4736 quinimo
1216 4670 1380 4723 etiam
1428 4668 1670 4724 viventes
1727 4671 1927 4724 excitat
1987 4671 2053 4725 ad

490 4759 813 4827 ejnscemodi
860 4760 1288 4833 simulationem;
1336 4777 1441 4815 non
1476 4762 1620 4815 enim
1655 4773 1872 4818 sanctos
1899 4766 2051 4834 quasi

492 4860 732 4903 mortuos
767 4851 1044 4916 habemus,
1087 4854 1179 4907 sed
1211 4862 1268 4906 ut
1300 4853 1537 4909 viventes
1580 4854 1741 4907 vitam
1775 4855 2049 4910 meliorem

491 4952 654 5010 atque
706 4942 1109 5011 sempiternam.
1170 4944 1376 5013 Accipit
1424 4955 1602 5000 autem
1647 4945 1751 4999 hoc
1786 4962 1852 5001 ex
1898 4946 2052 5001 Salo-

494 5048 652 5088 mone
696 5033 907 5087 dicenle
957 5052 970 5088 :
1016 5034 1159 5089 Justi
1200 5037 1253 5090 in
1308 5048 1606 5105 perpetuum
1650 5040 1821 5092 vivum
1871 5048 1927 5104 l';
1984 5054 2051 5092 ex

492 5125 662 5180 sacris
716 5124 1016 5194 Evangeliis
1068 5142 1082 5178 :
1140 5126 1245 5191 Qui
1294 5129 1453 5181 credit
1505 5131 1559 5181 in
1615 5145 1695 5181 me
1726 5169 1740 5193 ,
1793 5129 1947 5182 etiam
2006 5130 2053 5182 si

493 5229 731 5272 mortuus
806 5216 987 5285 fuerit,
1056 5208 1255 5274 υἱιιθὶι.
1316 5219 1429 5273 Non
1491 5221 1662 5274 solum
1728 5221 1905 5289 itaque
1955 5236 2053 5276 nos

492 5317 803 5365 sanctorutn
854 5307 1182 5363 mentionem
1233 5309 1477 5376 facimus,
1535 5328 1718 5365 verum
1766 5314 1927 5365 etiam
1954 5312 2053 5366 hos

492 5399 685 5453 divina:
749 5399 1021 5452 memoriae
1092 5397 1427 5454 exhibemus.
1492 5400 1621 5455 Post
1672 5402 1784 5456 haec
1840 5417 2052 5472 quoque

491 5491 622 5545 dicit
675 5493 945 5558 quomodo
997 5490 1177 5545 divina
1225 5492 1319 5545 Iiat
1358 5494 1797 5548 commemoratio
1845 5512 1859 5547 ε
1903 5497 2048 5565 quod

491 5582 632 5636 enim
670 5581 725 5635 in
767 5582 1044 5652 prophetis
1073 5583 1269 5638 dicitur
1306 5600 1322 5636 :
1366 5583 1673 5642 Meminisse
1713 5602 1896 5644 coram
1945 5587 2050 5643 Do-

566 5748 590 5777 π
614 5737 749 5806 Sap.
782 5753 841 5802 ν,
876 5741 957 5799 16,
1000 5748 1021 5776 ι
1048 5736 1203 5793 Joau.
1240 5754 1315 5805 st,
1347 5735 1433 5794 9.5.

2156 3567 2316 3620 πάλιν
2342 3567 2698 3620 καταπίπτειν
2721 3566 2879 3618 ἐπιθυ
2888 3567 3035 3636 μίας,
3059 3565 3117 3630 ἐξ
3134 3557 3209 3617 ὧν
3230 3564 3447 3627 πάντως
3468 3564 3529 3635 δη
3540 3581 3733 3635 μιουρ-

2156 3658 2374 3727 γοῦνται
2411 3660 2463 3711 αἱ
2504 3657 2765 3729 ἐμπαθεῖς
2797 3656 3080 3727 ἀπέχθειαι
3115 3655 3251 3726 πρὸς
3276 3654 3337 3707 τὸ
3369 3654 3510 3708 κατὰ
3544 3656 3732 3725 φύσιν.

2166 3754 2457 3825 Ὀμοειδεῖς
2495 3754 2550 3807 δὲ
2589 3753 2735 3821 λέγει
2772 3752 2971 3814 ταύτας
3005 3751 3082 3814 ὡς
3120 3748 3421 3821 ἀνθρώπων
3462 3749 3601 3819 πρὸς
3631 3750 3731 3801 ἀν-

2157 3848 2422 3921 θρώπους.
2485 3850 2557 3901 Τὸ
2610 3848 2667 3901 δὲ
2711 3848 2847 3917 πρὸς
2883 3848 2945 3900 τὸ
2991 3844 3133 3900 κατὰ
3172 3844 3368 3915 φύσιν,
3413 3844 3478 3894 τὸ
3524 3842 3733 3909 ἀγαθὸν

2154 3940 2423 4013 δηλονότι·
2463 3941 2569 3993 πᾶν
2614 3938 2721 4009 γὰρ
2762 3938 3095 4009 ἀνθρώπινον
3131 3936 3330 4004 ἀγαθὸν
3370 3934 3509 3988 κατὰ
3544 3935 3734 4003 φύσιν,

2154 4033 2229 4097 ὡς
2261 4033 2320 4085 τὸ
2345 4032 2511 4086 κακὸν
2535 4031 2683 4101 παρὰ
2709 4032 2886 4099 φύσιν.
2908 4031 2978 4083 Ἢ
3006 4029 3111 4100 μὴν
3144 4029 3235 4081 τὸν
3258 4026 3479 4098 ὁμοειδῆ
3504 4028 3599 4079 καὶ
3630 4026 3737 4096 τῆς

2157 4126 2319 4196 αὐτῆς
2355 4125 2565 4194 φύσεως
2590 4124 2889 4194 ἄνθρωπον,
2918 4122 3095 4174 εῐτουν
3117 4121 3208 4173 τὸν
3236 4119 3479 4190 πλησίον.

2228 4218 2255 4288 §
2304 4217 2389 4270 IX.
2440 4216 2652 4287 Ταύτην
2688 4211 2780 4267 οὖν
2815 4214 2913 4284 τὴν
2950 4213 3154 4264 ἑνιαίαν
3195 4211 3349 4282 ζωὴν
3374 4212 3402 4264 ὁ
3436 4209 3736 4279 ἀσπασμὸς

2155 4310 2466 4381 νομοθετεῖ,
2502 4308 2758 4377 ἐνιδρύων
2794 4307 2871 4376 τῷ
2895 4307 3064 4375 ὁμοίῳ
3109 4304 3169 4357 τὸ
3210 4306 3413 4375 ὅμοιον,
3460 4304 3557 4355 καὶ
3599 4304 3738 4355 ἀπο-

2153 4399 2471 4454 διαστέλλων
2507 4397 2575 4451 τά
2600 4397 2717 4449 θεῖα
2750 4397 2844 4450 καὶ
2883 4398 3058 4450 ἑνιαία
3092 4395 3202 4448 τῶν
3239 4393 3480 4465 μερικῶν
3507 4394 3604 4445 καὶ
3636 4394 3734 4445 ἀν-

2155 4491 2459 4561 θρωπίνων.
2528 4490 2637 4542 Καὶ
2700 4489 2729 4541 ὁ
2798 4488 2893 4558 μὲν
2958 4485 3249 4556 ἀσπασμὸς
3299 4483 3441 4537 οὕτω
3494 4484 3594 4536 καὶ
3645 4483 3739 4536 διὰ

2153 4581 2351 4635 ταῦτα·
2389 4582 2421 4650 ή
2444 4580 2500 4633 δὲ
2524 4579 2630 4632 τῶν
2654 4577 2874 4649 πτυχῶν
2897 4578 3195 4648 άνάρῤησις
3218 4573 3585 4645 ἀνακηρύττει
3607 4574 3736 4636 τοὺς

2158 4670 2483 4742 βεϐιωκότας
2512 4670 2690 4732 ὁσίως,
2716 4671 2775 4721 ού
2814 4669 2918 4739 μὴν
2949 4668 3029 4733 δὲ,
3070 4666 3204 4720 ἀλλὰ
3227 4666 3322 4719 καὶ
3355 4668 3481 4728 τοὺς
3520 4664 3733 4727 ζῶντας

2156 4763 2409 4833 διεγείρει
2450 4765 2529 4825 είς
2550 4761 2641 4815 τὸν
2678 4760 2772 4813 τοῦ
2808 4760 2996 4829 ὁμοίου
3029 4758 3191 4828 ζῆλον
3212 4774 3225 4787 ·
3255 4757 3377 4809 οὐδὲ
3400 4755 3521 4829 γὰρ
3544 4757 3625 4819 ῶς
3649 4772 3734 4808 τε-

2156 4853 2515 4923 λευτήσαντας
2564 4851 2755 4920 ἔχομεν
2812 4851 2938 4912 τοὺς
2980 4849 3199 4917 ἁγίους,
3259 4844 3374 4899 ἀλλ’
3406 4845 3483 4908 ὡς
3524 4841 3734 4907 ζῶντας

2155 4946 2437 5016 κρείττονα
2491 4945 2634 5014 ζωήν
2680 4944 2772 4995 καὶ
2814 4942 3001 4995 ἀΐδιον.
3056 4938 3337 5011 Λαμὸάνει
3370 4937 3429 4990 δὲ
3461 4935 3624 4989 τοῦτο
3672 4939 3735 4988 ὲκ

2156 5035 2495 5106 Σολομῶντος
2519 5052 2531 5064 ·
2560 5035 2801 5097 Δίκαιοι,
2828 5032 3096 5101 λέγοντος,
3120 5034 3207 5096 είς
3228 5029 3335 5083 τὸν
3361 5028 3548 5081 αἰῶνα
3568 5027 3732 5091 ζῶσι,

2157 5129 2250 5181 καὶ
2292 5126 2398 5181 ἀπὸ
2429 5126 2538 5180 τῶν
2576 5124 2737 5197 ἱερῶν
2766 5123 3141 5193 Εὑαγγελίωψ
3192 5123 3254 5175 '0
3302 5120 3609 5174 πιστεύων
3650 5122 3735 5183 εὶς

2154 5220 2277 5288 ἐμὲ,
2324 5217 2438 5272 κᾶν
2465 5216 2755 5283 ἀποθάνῃ,
2793 5214 3048 5281 ζήσεται.
3093 5213 3185 5284 Μὴ
3225 5211 3382 5282 μόνον
3405 5209 3538 5279 γοῦν
3569 5211 3733 5281 iussi;

2154 5310 2261 5364 τῶν
2283 5310 2444 5364 ὁσίων
2478 5308 2903 5380 μνημονεύομεν,
2930 5305 3067 5359 ἀλλὰ
3094 5305 3189 5358 καὶ
3219 5307 3284 5375 τῇ
3309 5303 3404 5356 τοῦ
3428 5301 3570 5356 Θεοῦ
3600 5320 3733 5372 μνη-

2158 5402 2360 5473 μοσύνη
2385 5401 2607 5463 τούτους
2632 5399 2972 5470 ἀνατίθεμεν.
3007 5396 3162 5451 Μετὰ
3191 5397 3384 5459 ταῦτα,
3425 5395 3524 5448 καὶ
3548 5394 3672 5459 πῶς
3697 5395 3730 5465 ή

2154 5493 2271 5546 θεία
2297 5494 2480 5564 μνήμη
2506 5492 2733 5560 γίνεται,
2761 5491 2907 5559 λέγει
2926 5507 2939 5521 ο
2965 5489 3025 5543 τὸ
3055 5488 3164 5561 γὰρ
3188 5488 3481 5559 λεγόμενον
3502 5489 3564 5542 ὲν
3592 5504 3727 5559 προ-

2154 5589 2369 5657 φήταις,
2420 5584 2755 5655 Ἀναμνῆσαι
2784 5583 3017 5639 ἐνώπιον
3050 5582 3281 5653 Κυρίου,
3321 5581 3420 5651 οὐχ
3466 5579 3644 5643 οὕτως
3670 5578 3724 5632 δὲ
