3874 6228
214 270 321 327 ωδ

783 266 869 320 DE
904 265 1182 321 ECCLES.
1222 264 1615 331 HIEBARCH.,
1649 266 1781 321 CAP

1890 268 1924 324 ι.
1948 299 2017 310 -
2049 250 2894 326 manummanum:

3349 254 3465 331 166

204 388 370 450 νοεῖν,
406 385 482 449 ὡς
518 384 618 455 τῆς
659 384 873 454 μνήμης
906 380 1001 434 τοῦ
1042 380 1175 435 Θεοῦ
1223 381 1621 453 ἀνανεουμένης
1645 383 1702 435 ὲν
1730 384 1783 451 τῗ

1901 383 2068 447 mino,
2117 399 2222 439 non
2278 384 2351 439 ita
2391 382 2832 454 intelligendum,
2872 385 3027 453 quasi
3070 385 3162 441 Dei
3205 394 3464 444 memoria

208 478 486 548 φαντασία
522 475 616 528 τοῦ
664 474 1010 546 ἡγεμονικοῦ,
1047 475 1183 544 ὅπερ
1206 474 1298 525 ἐπὶ
1316 472 1423 526 τῶν
1449 477 1613 545 σαρκὶ
1633 491 1795 546 προσ-

204 569 512 639 δεδεμένων
547 566 783 638 νοερῶν,
829 564 975 619 τοῦτ’
1039 565 1184 621 ἐστιν
1230 564 1422 635 ἡμῶν,
1472 565 1789 635 συμϐαίνει·

204 662 343 716 ἀλλά
382 662 571 733 μνήμη
619 658 754 713 Θεοῦ
780 658 990 728 λέγοιτο
1023 658 1088 713 ἂν
1124 659 1348 723 εἰκότως
1384 661 1417 730 ή
1459 658 1658 727 γνῶσις
1698 658 1791 712 τοῦ

204 753 368 817 Θεοῦ,
405 753 530 807 καθ’
566 756 634 825 ἦν
679 750 937 820 γινώσκει
970 752 1094 813 τοὺς
1130 750 1400 813 τελείους,
1449 750 1699 813 θεοειδεῖς
1735 752 1793 802 ὲν

204 845 357 916 αὐτῷ
394 844 749 915 γιγνομένους
774 842 840 896 δι’
864 842 1117 913 ἐναρέτου
1158 840 1296 911 βίου,
1335 840 1429 893 καί¹
1466 840 1791 907 ἀξιωθέντας

203 936 305 1005 τῆς
344 935 710 1007 ἀνεπιλήπου
748 933 876 1005 περὶ
900 932 1076 987 αὐτῶν
1108 931 1381 1000 γνώσεως,
1419 930 1599 994 καθὼς
1652 948 1792 1003 παρ-

207 1029 397 1082 ιστῶσι
449 1029 545 1081 καὶ
592 1026 661 1080 τά
698 1025 1065 1097 παρατεθέντα
1111 1025 1230 1079 θεῖα
1275 1024 1446 1096 ῥητά·
1492 1025 1684 1094 Τίμιος
1723 1025 1791 1078 δὲ

202 1118 493 1170 ἐναντιον
529 1117 753 1183 Κυρίου
793 1119 825 1172 ό
854 1114 973 1168 τῶν
1011 1115 1200 1169 ὁσίων
1236 1113 1511 1180 θάνατος,
1558 1114 1617 1167 οὐ
1666 1113 1788 1167 καθ’

202 1209 231 1262 ὃ
262 1208 456 1272 ἀπλῶς
489 1208 716 1271 θάνατος
747 1208 842 1265 καὶ
882 1204 1149 1271 διάζευξις
1173 1202 1349 1274 ψυχῆς
1376 1205 1485 1258 ἀπὸ
1514 1202 1784 1275 σώματος,

202 1307 342 1361 ἀλλά
376 1307 569 1360 καθότι
594 1309 642 1360 ot
681 1306 815 1360 θεῖοι
838 1306 1030 1377 ἄνδρες
1054 1304 1385 1359 τελειοῦνται
1411 1306 1468 1357 ὲν
1508 1305 1745 1376 ὁσιότητι
1771 1322 1785 1338 ³

202 1399 398 1470 ὥσπερ
440 1399 670 1469 λέγομεν
704 1400 807 1457 καὶ.
837 1398 1023 1469 τιμίαν
1049 1397 1254 1461 ἅλυσιν,
1295 1399 1354 1451 οὐ
1391 1396 1509 1452 καθ’
1544 1398 1707 1469 αὐτὴν
1728 1397 1789 1450 τὸ

200 1493 388 1562 τίμιον
418 1491 666 1561 ἔχουσαν,
697 1489 830 1544 ἀλλά
853 1490 984 1544 διότι
1009 1488 1295 1562 περιετέθη
1331 1490 1471 1561 ὑπὲρ
1501 1491 1667 1561 αὐτῆς
1689 1490 1787 1559 τῆς

203 1581 492 1645 εὐσεϐείας
529 1580 608 1652 τῷ
640 1581 960 1653 κηρύττοντι
992 1582 1090 1653 τὴν
1124 1583 1422 1636 εὐσέϐειαν.
1462 1582 1697 1635 Κάκείνο
1730 1581 1787 1641 δὲ

1901 483 2191 529 renovetur
2222 475 2274 528 in
2298 475 2587 545 phantasia
2617 476 2992 539 memorativa,
3025 476 3165 545 quod
3194 482 3465 538 mentibus

1898 566 2048 620 carni
2093 565 2361 635 alligatis,
2402 567 2454 620 id
2500 573 2583 620 est
2633 565 2809 629 nobis,
2851 582 2950 620 usu
2989 567 3166 632 venit;
3197 570 3292 623 sed
3324 573 3467 638 quod

1897 658 2158 712 memoria
2190 657 2286 712 Dei
2320 667 2466 712 recte
2501 657 2715 711 dicatur
2735 656 2828 711 Dei
2861 658 3115 724 scientia,
3137 675 3242 730 qua
3268 676 3467 733 COgnO-

1897 747 2000 801 scit
2029 761 2121 802 eos
2147 749 2237 818 qui
2265 747 2488 817 perfecti
2517 754 2665 811 sunt,
2694 745 2983 802 deiformes
3018 750 3070 803 in
3096 763 3153 803 se
3177 749 3349 807 factos
3372 768 3467 821 per

1896 839 2064 892 vitam
2113 838 2404 894 virtutibus
2446 837 2732 904 illustrem,
2781 838 3080 909 dignosque
3125 841 3363 908 habitos,
3408 851 3467 898 ut

1894 930 2146 999 perennis
2192 944 2377 985 eorum
2432 928 2687 985 memoria
2747 944 2838 985 seu
2906 933 3118 987 notitia‘
3154 933 3462 1002 habeatur,

1892 1023 2341 1090 quemadmodum
2388 1021 2568 1079 divina
2624 1039 2837 1096 quoque
2888 1025 3110 1081 oracula
3158 1035 3461 1084 testantur:

1894 1116 2139 1171 Pretiosa
2180 1118 2236 1170 in
2294 1129 2563 1187 conspectu
2620 1119 2831 1173 Domini
2878 1136 3017 1175 mors
3060 1128 3360 1175 sanctorum
3412 1124 3462 1189 ί,

1892 1223 1997 1262 non
2057 1208 2111 1263 in
2160 1220 2420 1278 quantum
2451 1210 2771 1279 simpliciter
2805 1226 2951 1266 mors
2988 1220 3109 1278 est,
3163 1222 3218 1266 et
3269 1213 3464 1269 animm

1893 1315 1921 1352 a
1979 1312 2208 1367 corpore
2274 1298 2593 1367 separatio,
2662 1300 2769 1359 sed,
2817 1308 3084 1369 quatenus
3140 1300 3308 1355 divini
3360 1302 3464 1357 viri

1891 1391 1945 1444 in
1971 1390 2259 1445 sanctitate
2278 1397 2758 1457 consummantur;
2787 1391 3101 1445 sicutetiam
3132 1391 3462 1447 vinctioncm

1889 1482 2183 1550 pretiosam
2239 1482 2489 1545 dicimus,
2538 1496 2641 1536 non
2689 1483 2831 1552 quod
2861 1497 2959 1551 per
2998 1497 3057 1538 se
3086 1483 3321 1553 pretiosa
3368 1484 3461 1550 sit,

1890 1575 1981 1626 sed
2039 1573 2180 1641 quod
2244 1587 2343 1642 pro
2399 1573 2656 1644 religione
2720 1573 2986 1643 applicata
3031 1574 3101 1628 sit
3150 1574 3462 1643 religionem

200 1671 263 1726 τὺ
293 1673 397 1744 τῆς
442 1673 582 1744 πρὸς
630 1672 721 1726 τὸν
770 1674 1005 1745 Χριστὸν
1054 1672 1298 1736 ὲνὼσεως
1336 1672 1636 1744 ἀδιαίρετον
1679 1670 1783 1725 τῶν

1890 1664 2220 1734 praedicanti.
2268 1665 2405 1734 Quin
2451 1673 2507 1719 et
2564 1665 2667 1721 hoc
2730 1680 2946 1735 quoque
2994 1676 3302 1720 sanctorum
3340 1680 3461 1720 cum

203 1732 391 1832 Mter:
425 1732 774 1837 παρίστησιν,
798 1732 879 1819 ὅτι
911 1765 1017 1820 τῶν
1043 1766 1236 1837 τιμίων
1270 1732 1778 1837 δωρεῶν-ἐπιτεθει-

1890 1732 2101 1811 Christo
2140 1732 2394 1840 unionem
2454 1732 2763 1827 significat,
2789 1732 2931 1829 quod
2966 1759 3225 1829 appositis
3270 1775 3461 1814 mune-

204 1858 333 1923 σῶν,
353 1859 739 1930 ἀδιαστάτωςή
756 1858 864 1913 τῶν
891 1860 1167 1929 ὀνομάτων
1201 1860 1372 1930 ἀνακή
1383 1858 1528 1930 ρυξις
1551 1860 1776 1928 γίνεται.

272 1949 300 2020 ς
347 1948 419 2002 X.
460 1949 677 2001 Τούτων
714 1945 806 2004 οὖν
829 1949 1147 2018 γεγονότων,
1192 1949 1432 2002 νίπτεται
1464 1948 1563 2011 τὰς
1597 1952 1782 2020 χεῖρας

1884 1850 2035 1904 ribus
2075 1849 2329 1917 pretiosis
2370 1849 2616 1919 protinus
2642 1864 2854 1921 quoque
2898 1854 3117 1907 nomina
3145 1853 3459 1907 recitentur.

1958 1938 1985 2010 §
2025 1938 2091 1991 Χ.
2123 1937 2222 1993 His
2256 1939 2437 2008 itaque
2468 1941 2726 2009 peractis,
2770 1950 2955 1996 astans
2984 1958 3164 1997 coram
3198 1942 3462 2015 symbolis

199 2042 229 2093 ὁ
248 2042 518 2112 ἱεράρχης
537 2041 841 2113 ἔμπροσθεν
863 2042 969 2095 τῶν
987 2041 1147 2113 ἱερῶν
1174 2042 1451 2112 συμϐόλων
1476 2040 1663 2106 ἑστὼς,
1691 2042 1783 2095 καὶ

1890 2030 2172 2085 hierarcha
2201 2046 2391 2084 manus
2412 2030 2599 2094 abluit,
2632 2041 2686 2085 et
2714 2047 2818 2085 una
2842 2048 2962 2086 cum
3004 2035 3118 2103 ipso
3150 2050 3339 2089 omnes
3367 2051 3458 2089 sa—

201 2133 320 2202 μετ’
366 2131 535 2185 αὑτοῦ
576 2133 813 2197 ἅπαντες
852 2134 900 2187 οἱ
937 2135 1122 2206 ίερεῖς.
1162 2133 1227 2187 Ἡ
1263 2133 1320 2185 δὲ
1345 2133 1445 2203 τῆς
1482 2132 1784 2199 συντάξεως

199 2225 513 2291 ἀνάγνωσις
558 2224 680 2277 καθ’
733 2225 1036 2296 ὑπερϐατόν
1076 2226 1244 2289 ἐστιν,
1281 2226 1363 2278 ὅτι
1410 2226 1508 2296 μὲν
1530 2219 1621 2278 οὖν
1645 2215 1787 2276 ὁλε-

199 2316 463 2387 λουμένος
498 2317 558 2369 οὺ
587 2315 775 2389 χρῄζει
815 2317 1207 2375 ἀπονίπτεσθαι
1236 2318 1397 2388 ἔτερα
1435 2318 1595 2389 μέρη,
1631 2319 1680 2370 εί
1710 2317 1785 2390 μὴ

196 2408 267 2461 τὰ
301 2408 454 2480 ἄκρα
489 2410 584 2462 καὶ
625 2409 695 2462 τά
733 2409 955 2481 ἔσχατα·
987 2411 1077 2480 ἀφ’
1112 2405 1179 2481 ἧς
1202 2410 1267 2481 δὴ
1292 2409 1597 2479 ἀπονίψεως
1613 2412 1672 2481 ὲν
1688 2426 1788 2463 κα.-

197 2500 345 2570 θαρᾷ
380 2498 495 2564 ἕξει
530 2501 839 2573 γενόμενος,
880 2502 1147 2574 ἄχραντον
1190 2502 1474 2574 ποιήσεται
1511 2502 1609 2573 τὴν
1651 2501 1787 2573 πρὸς

194 2592 285 2644 τὸν
327 2591 469 2645 Θεὸν
491 2594 824 2665 ἐπιστροφὴν
848 2633 863 2657 ,
891 2598 909 2617 ³
943 2595 971 2645 ό
1001 2594 1143 2665 ίερὸς
1165 2594 1363 2666 λουτὴρ
1385 2597 1413 2648 ὁ
1451 2595 1507 2647 ὲν
1532 2593 1610 2664 τῷ
1641 2594 1788 2665 νόμῳ

188 2684 515 2754 σίρημένος,
564 2684 659 2737 καὶ
706 2686 738 2757 η
777 2684 873 2739 νῦν
916 2686 1169 2757 ἀπόνιψις
1205 2687 1315 2742 τῶν
1352 2684 1571 2758 χειρῶν,
1605 2684 1752 2757 δηλοί
1771 2700 1785 2719 η

195 2772 359 2825 τοῦτο
407 2774 517 2845 γάρ
560 2774 674 2828 ἐστι
724 2775 785 2829 τὸ
826 2776 1221 2830 ὑπαινίσσεται.
1270 2777 1356 2840 Ὠς
1408 2776 1516 2847 γὰρ
1559 2777 1587 2828 ό
1630 2773 1790 2844 νόμος

198 2858 311 2934 εἶχε
336 2863 604 2937 λουτῆρα,
636 2866 810 2931 οὕτως
836 2867 1068 2921 ἐνταῦθα
1096 2870 1129 2940 ἡ
1157 2868 1410 2938 ἀπόνιψις
1446 2867 1653 2937 γίνεται
1682 2866 1791 2919 τῶν

198 2952 427 3024 χειρῶν.
479 2955 537 3009 '0
576 2955 633 3008 δὲ
680 2957 848 3025 ἂγιοςο
891 2958 985 3015 καὶ
1030 2958 1092 3011 τὸ
1130 2958 1230 3023 τὰς
1274 2962 1461 3029 χεῖρας
1512 2956 1792 3013 νίπτεσθαι

194 3043 394 3113 ἀνάγει
413 3062 426 3074 ·
458 3044 709 3116 δηλοῦται
750 3046 858 3120 γὰρ
884 3047 1131 3102 ἐντεῦθεν
1157 3051 1189 3118 ἡ
1219 3048 1379 3119 μέχρι
1403 3047 1510 3100 τῶν
1547 3047 1787 3117 ἐσχάτων

195 3137 476 3208 ἀκροτάτη
506 3137 770 3209 κάθαρσις
787 3156 801 3169 °
820 3140 1020 3210 ἔσχατα
1046 3139 1154 3213 γὰρ
1186 3141 1283 3194 καὶ
1308 3140 1452 3210 ἄκρα
1474 3137 1565 3191 τοῦ
1594 3136 1781 3209 σώμα-

192 3244 283 3292 τος
310 3231 372 3282 αἱ
400 3230 582 3300 χεῖρές
609 3233 735 3284 εἰσι.
762 3231 861 3285 Διά
882 3231 1041 3285 τοῦτο
1062 3233 1169 3303 γὰρ
1191 3232 1338 3300 λέγει
1372 3232 1465 3286 καὶ
1497 3230 1559 3283 τὸ
1597 3231 1783 3300 Ἀσχε-

192 3335 282 3383 τος
309 3319 493 3385 ἔσται,
516 3321 757 3392 δηλονότι
782 3322 1065 3388 ἀπόλυτος,
1099 3324 1174 3387 ὡς
1196 3325 1271 3396 μὴ
1295 3326 1363 3395 τῇ
1386 3323 1566 3393 ἥττονι
1592 3322 1781 3395 ἀγωγῇ

195 3411 288 3465 καὶ
309 3410 554 3465 διαθέσει
580 3413 953 3484 συνεχόμενος.
974 3415 1036 3468 Et
1055 3414 1161 3485 γὰρ
1183 3415 1276 3468 καὶ
1301 3414 1399 3478 τὰς
1424 3415 1656 3485 ἐσχάτας
1682 3413 1782 3483 τῆς

193 3501 379 3572 ψυχῆς
404 3502 705 3570 φαντασίας
721 3503 1172 3576 καθαρθήσονται,
1196 3504 1576 3577 φανερωτέρας
1604 3503 1781 3569 ἕξουσι

194 3591 292 3656 τὰς
320 3592 664 3662 θεοφανείας,
700 3593 806 3651 τῶν
839 3596 1224 3667 ὑπερκοσμίων
1258 3598 1353 3650 καὶ
1380 3595 1538 3649 θείων
1568 3612 1784 3667 μαρμα-

196 3682 385 3757 ρυγῶν
432 3684 695 3753 ἐφιέντων
754 3684 896 3757 (ἀντὶ
947 3686 1041 3740 τοῦ
1067 3687 1368 3759 ἐφιεισῶν)
1435 3687 1533 3759 τὴν
1577 3688 1782 3743 οἰκείαν

193 3777 399 3847 αἴγλην
441 3779 526 3841 είς
557 3776 657 3849 τὴν
680 3775 787 3832 τῶν
831 3779 1090 3851 ὁμοειδῶν
1117 3778 1262 3833 κοιτά
1299 3781 1459 3851 χάριν
1503 3780 1782 3852 ἐσόπτρων

195 3869 452 3937 ἀγλαΐαν.
500 3869 777 3939 Ἔσοπτρα
811 3869 869 3922 δὲ
908 3868 1053 3939 λέγει
1107 3872 1207 3937 τὰς
1238 3870 1346 3926 τῶν
1388 3871 1554 3940 ἁγίων
1582 3872 1777 3943 ψυχὰς,

195 3964 269 4027 ὡς
294 3961 393 4015 τοῦ
420 3961 567 4013 θείου
603 3960 780 4029 φωτὸς
814 3960 1087 4025 δεκτικὰς,
1118 3962 1212 4014 καὶ
1236 3962 1333 4032 τῆς
1358 3964 1661 4033 κρείττονος
1683 3965 1778 4038 λη-

199 4053 332 4120 ξεως
358 4052 864 4123 ἀφομοιωματικάς.
905 4050 1217 4117 Ἀττικζζων
1241 4052 1318 4117 δὲ,
1354 4053 1429 4116 ὡς
1476 4052 1775 4125 Ἀθηναῖος,

200 4143 459 4210 συνέταξε
484 4143 545 4195 τὸ
572 4144 751 4216 ῥητὸν,
787 4147 1030 4214 φάσκων,
1056 4144 1165 4197 τῶν
1200 4145 1573 4216 μαρμαρυγῶν
1598 4146 1773 4215 ἐφιέν-

1885 2124 2153 2181 eerdotes.
2181 2122 2371 2178 Lectio
2394 2124 2820 2181 constructionis
2848 2126 3002 2198 hujus
3030 2129 3327 2200 hyperbato
3350 2144 3444 2184 seu

1886 2216 2319 2283 transgressione
2371 2223 2607 2280 constat,
2666 2216 2809 2282 quod
2863 2218 3116 2272 nimirum
3174 2221 3264 2289 Qui
3309 2221 3455 2278 lotus

1887 2315 2013 2371 est,
2074 2322 2179 2362 non
2234 2322 2371 2378 opus
2425 2307 2621 2360 habeat
2679 2308 2906 2363 aliorum
2957 2316 3319 2368 membrorum
3373 2318 3456 2369 lo-

1890 2397 2035 2452 tione
2068 2442 2082 2467 ,
2153 2414 2313 2468 quam
2373 2400 2743 2454 summitatum
2797 2415 2891 2454 seu
2963 2407 3364 2460 extremitatum
3397 2419 3453 2475 ιι,

1890 2503 1922 2544 a
1966 2504 2071 2559 qua
2114 2492 2303 2560 utique
2368 2492 2569 2549 lotione
2626 2509 2819 2564 purum
2890 2493 3132 2547 habitum
3198 2510 3458 2551 consecuo

1892 2589 1997 2646 tus,
2037 2580 2439 2637 immaculatam
2481 2582 2650 2639 faciet
2687 2585 2752 2638 ad
2795 2584 2965 2638 Deum
3013 2586 3452 2652 conversionem,

1891 2671 1972 2725 uti
2002 2685 2216 2727 sacrum
2256 2672 2531 2729 lavacrum
2560 2713 2575 2740 ,
2627 2675 2693 2729 de
2724 2689 2830 2744 quo
2868 2676 2922 2730 in
2970 2675 3087 2747 lege
3116 2678 3316 2732 dictum
3349 2685 3455 2744 est,

1891 2773 1947 2820 et
1980 2764 2094 2819 haec
2120 2778 2378 2819 manuum
2416 2766 2544 2821 lotio
2574 2766 2837 2822 declarat.
2881 2766 2993 2823 Hoc
3026 2769 3171 2822 enim
3206 2779 3287 2824 est
3315 2771 3461 2840 quod

1894 2857 2215 2911 insinuatur.
2248 2856 2709 2924 Quemadmodum
2729 2859 2891 2929 211
2925 2860 3069 2914 enim
3110 2860 3193 2915 lex
3228 2863 3459 2916 habebat

1894 2945 2197 3015 lavacrum,
2218 2946 2296 3002 sic
2320 2957 2375 3002 et
2404 2947 2491 3001 hic
2505 2946 2564 3000 [it
2581 2962 2832 3000 manuum
2859 2949 3082 3005 ablutio.
3119 2950 3217 3005 llic
3235 2964 3458 3008 sanctus

1896 3050 2077 3094 autem
2104 3056 2360 3096 manuum
2387 3041 2643 3097 lotionem
2669 3044 2905 3111 adducit,
2938 3044 3063 3115 quia
3094 3044 3221 3101 hinc
3240 3062 3456 3117 quoque

1886 3146 2096 3187 summa
2123 3133 2525 3188 extremitatum
2545 3135 2781 3204 expiatio
2809 3135 3155 3207 designatur;
3182 3139 3447 3207 siquidem

1884 3240 2075 3281 manus
2105 3235 2229 3283 sunt
2265 3227 2510 3296 corporis
2548 3230 2887 3285 summitates
2915 3245 3008 3286 seu
3055 3233 3449 3290 extremitates.

1883 3319 2088 3375 idcirco
2123 3322 2285 3375 etiam
2324 3320 2453 3374 dicit
2489 3319 2661 3387 ipsum
2711 3321 2939 3376 liberum
2971 3321 3233 3389 futurum,
3285 3326 3336 3378 id
3370 3332 3457 3382 est

1882 3410 2220 3478 expeditum,
2270 3419 2328 3463 ut
2362 3409 2456 3479 qui
2498 3409 2641 3463 nulla
2677 3410 2921 3466 inferiori
2955 3413 3362 3468 conversatione
3394 3425 3450 3470 et

1882 3499 2225 3556 affectatione
2246 3502 2566 3560 detineatur.
2602 3502 2872 3558 Extremis
2888 3504 3030 3557 enim
3056 3506 3248 3559 animae
3280 3506 3448 3574 phan-

1885 3593 2033 3647 tasiis
2066 3592 2263 3662 expiati
2293 3591 2620 3650 clarioribus
2651 3610 2865 3664 quoque
2895 3595 2989 3650 Dei
3018 3598 3447 3665 apparitionibus

1882 3685 2210 3753 gaudebunt,
2246 3685 2776 3752 supermundialibus
2805 3686 2922 3745 istis
2958 3687 3260 3756 divinisque
3288 3704 3449 3746 coru-

1881 3775 2213 3831 scationibus
2241 3776 2293 3829 in
2326 3776 2627 3831 consimilis
2655 3778 2853 3846 speciei
2889 3778 3125 3849 specula,
3154 3780 3445 3840 secundum

1881 3869 2125 3937 gratiam,
2153 3865 2332 3922 lumen
2367 3882 2522 3923 suum
2554 3868 2925 3924 evibrantibus
2955 3869 3237 3940 (ἐφιέντων
3260 3873 3446 3927 dicens

1882 3974 1978 4029 pro
2021 3959 2296 4029 ὲφιεισῶν,
2342 3959 2701 4014 masculinum
2754 3976 2849 4030 pro
2877 3960 3181 4032 feminino).
3217 3961 3445 4031 Specula

1881 4059 2058 4103 autem
2097 4050 2328 4119 appellat
2381 4059 2691 4107 sanctorum
2746 4054 2979 4118 animas,
3025 4062 3210 4123 utpote
3248 4055 3443 4111 divinae

1881 4139 2016 4194 lucis
2051 4153 2297 4208 capaces,
2326 4151 2378 4195 et
2399 4142 2464 4195 ad
2502 4142 2779 4197 meliorem
2815 4142 2958 4198 illam
2991 4154 3193 4199 sortem
3227 4160 3446 4214 compa-

1882 4243 2044 4289 ratas.
2076 4232 2323 4304 Loquens
2367 4243 2546 4289 autem
2576 4236 2771 4297 Attice,
2812 4245 2872 4290 ut
2916 4236 3286 4301 Atheniensis,
3315 4254 3442 4291 ver-

1878 4325 2004 4380 bum
2034 4325 2136 4380 hoc
2159 4325 2488 4390 construxit,
2520 4326 2726 4391 dicens,
2760 4326 3227 4382 coruscationibus
3257 4327 3439 4397 splen—

198 4252 305 4289 των
327 4236 430 4305 τὴν
450 4235 656 4289 οίκείαν
680 4235 871 4306 αἴγλην
893 4252 905 4266 ⁸
934 4234 1074 4289 οὕτω
1096 4235 1204 4306 γὰρ
1227 4236 1320 4288 καὶ
1352 4237 1409 4289 ὲν
1432 4235 1509 4306 τῷ
1536 4237 1579 4299 ζ’
1613 4254 1780 4306 κεφα-

198 4330 334 4400 λαίῳ
378 4329 483 4399 τῆς
518 4330 805 4396 Οὐρανίου
863 4328 1165 4397 ίεραρχίας
1201 4328 1486 4399 πεποίηκε,
1514 4327 1655 4382 κατά
1696 4329 1775 4391 τὸ,

196 4423 410 4485 κλυτὸς
446 4421 819 4491 Ἱπποδάμεια,
859 4422 952 4474 καὶ
991 4420 1285 4484 Ψολόεντος
1326 4421 1553 4491 ἐχίδνης.
1598 4420 1696 4473 Διά
1726 4423 1778 4475 τί

1890 4419 2066 4472 dorem
2096 4433 2252 4473 suum
2294 4417 2705 4486 evibrantibus;
2751 4418 2941 4473 eodem
2978 4420 3138 4473 modo
3175 4420 3304 4473 fecit
3349 4435 3442 4474 ca-

193 4512 251 4565 δὲ
297 4509 635 4580 ἐπίπροσθεν
672 4510 781 4565 τῶν
822 4510 983 4582 ἱερῶν
1033 4510 1311 4581 συμϐόλων
1358 4513 1390 4583 ὴ
1431 4511 1540 4563 τῶν
1587 4512 1776 4583 ἱερέων

1890 4510 1989 4577 pite
2030 4510 2259 4578 septimo
2281 4508 2519 4564 Castam“:
2541 4508 2871 4589 hieran/tim,
2899 4509 3051 4577 juxta
3075 4510 3203 4565 illud
3231 4512 3448 4582 Κλυτὺς

193 4604 454 4672 ἀπόνιψις
488 4592 733 4671 γ’ίνεται;
781 4603 867 4665 Ὠς
903 4602 996 4655 ἐπὶ
1031 4602 1267 4674 Χριστοῦ
1300 4602 1392 4655 τοῦ
1436 4603 1614 4668 πάσας
1652 4605 1777 4673 ὲφο-
1891 4601 2237 4671 Ἱπποδάμεια
2251 4604 2324 4666 ν’,
2377 4608 2431 4654 et
2458 4600 2753 4663 Ψολὸεντος
2787 4601 3015 4677 ἐχίδνης.
3046 4601 3309 4657 Czcterum
3342 4619 3440 4658 cur

196 4697 403 4769 ρῶντος
425 4696 527 4760 τὰς
553 4696 895 4767 ἀνθρωπίνας
924 4696 1150 4760 ἐννοίας,
1190 4696 1289 4766 τῆς
1327 4697 1632 4769 ἀκροτάτης
1663 4699 1777 4770 ὁρι-

1890 4707 2060 4747 :oram
2087 4694 2259 4748 sacris
2281 4691 2647 4763 symbolisilla
2674 4693 3014 4746 sacerdotum
3049 4693 3253 4747 ablutio
3283 4695 3439 4748 insti-

194 4789 436 4860 ζομένης
479 4788 797 4860 καθάρσεως
832 4790 889 4842 ὲν
922 4791 1033 4851 τοῖς
1077 4788 1504 4852 πανεπισκάποις
1547 4790 1776 4861 ἀκριϐα-

1890 4782 2088 4836 Luiturl
2121 4782 2248 4853 quia
2286 4782 2542 4836 nimirum
2577 4795 2763 4836 coram
2791 4782 3027 4847 Chrism,
3054 4784 3144 4856 qui
3181 4784 3444 4840 occultis.-

196 4885 396 4953 σμοῖς,
441 4883 537 4935 καὶ⁸
580 4885 698 4945 ταῖς
733 4881 1047 4945 ἀδεκάστοις
1090 4881 1280 4935 τούτου
1322 4882 1594 4953 κρίσεσιν·
1633 4882 1773 4936 οὕτω

1890 4875 2044 4930 simas
2070 4888 2314 4944 quasque
2340 4874 2605 4930 humanas
2645 4875 3003 4946 cogitationes
3044 4876 3304 4941 intuetur,
3349 4892 3443 4931 su-

192 4972 489 5044 τοιγαροῦν
521 4972 738 5037 ὲνωθεὶς
774 4976 803 5027 ό
846 4974 1105 5044 ίεράρχης
1138 4976 1250 5037 τοῖς
1283 4973 1464 5039 θείοις,
1508 4977 1778 5047 ἱερουργεί

1890 4984 2058 5024 )rema
2084 4967 2172 5021 illa
2201 4968 2440 5037 expiatio
2468 4969 2955 5041 perspicacissimis
2984 4971 3436 5035 scrutationibus,

193 5063 262 5116 τὰ
300 5063 578 5116 θειότατα.
614 5063 778 5126 Τίνας
814 5064 912 5135 μὲν
948 5061 1041 5117 οὖν
1073 5063 1171 5128 τάς
1209 5068 1288 5129 είς
1312 5068 1460 5136 ἡμᾶς
1494 5065 1779 5138 θεουργίας

1890 5060 2348 5133 exactissimisque
2373 5070 2428 5115 et
2452 5061 2815 5132 integerrimis
2836 5060 3062 5129 iudiciis
3096 5062 3393 5119 absolvitur
3423 5081 3443 5125 ε,

197 5156 384 5226 φαμὲν
432 5155 707 5225 (δηλονότι
740 5155 839 5219 τὰς
883 5155 977 5209 τοῦ
1038 5156 1211 5228 Ἰησοῦ
1259 5156 1351 5209 τοῦ
1388 5157 1590 5228 Κυρίου
1625 5158 1780 5229 ἡμῶν

1890 5169 1979 5207 aoc
2022 5155 2163 5207 enim
2210 5152 2368 5207 modo
2397 5154 2688 5208 hierarcha
2729 5152 2927 5208 divinis
2961 5156 3121 5209 rebus
3144 5154 3329 5208 unitus
3358 5154 3440 5207 di-

194 5249 438 5317 Χριστοῦ
487 5249 616 5320 περὶ
656 5250 804 5319 ἡμᾶς
849 5249 1120 5320 προνοίας,
1172 5249 1237 5312 ἃς
1278 5250 1373 5307 ἐπὶ
1415 5250 1655 5321 σωτηρίᾳ
1678 5250 1772 5303 τοῦ

1890 5248 2157 5303 vinissima
2201 5258 2483 5302 consecrat
2507 5249 2787 5319 mysteria.
2820 5248 3095 5316 Quasnam
3136 5256 3313 5301 autem
3352 5247 3437 5300 di-

195 5340 391 5410 γένους
423 5339 603 5411 ἡμῶν,
639 5340 855 5412 εὐδοκία
878 5340 970 5393 τοῦ
996 5341 1206 5411 Πατρὸς
1241 5340 1298 5395 ὲν
1324 5342 1598 5415 Πνεύματι
1635 5343 1774 5414 ἁγίῳ

1890 5339 2034 5393 vinas
2088 5339 2143 5393 in
2198 5355 2295 5394 nos
2351 5340 2691 5408 operationes
2734 5341 2963 5395 dicimus
3025 5338 3256 5413 (scilicet
3307 5335 3435 5393 Jesu

197 5431 560 5502 ζτελείωσεν),
588 5431 715 5501 ἑξῆς
736 5430 877 5485 κατά
907 5432 1133 5501 δύναμιν
1174 5429 1416 5503 εἴπωμεν
1448 5432 1579 5503 περὶ
1608 5425 1682 5487 ὧν
1709 5432 1774 5487 ἂν

1890 5430 2081 5487 Christi
2112 5432 2324 5489 Domini
2356 5433 2524 5488 nostri
2556 5433 2703 5488 circa
2741 5448 2838 5489 nos
2866 5431 3257 5504 providentias,
3299 5444 3441 5499 quas

274 5591 294 5624 ⁸
326 5586 473 5643 Psal.
497 5603 623 5653 cxv,
644 5587 727 5643 15.
831 5595 861 5625 ¹ι
885 5587 1038 5643 Joan.
1064 5604 1182 5652 xm,
1210 5585 1294 5641 l0.
1370 5583 1489 5642 1ιἸί.
1520 5604 1583 5654 ιι,
1614 5587 1738 5642 742.

272 5703 288 5717 ¹
328 5696 532 5757 Desste
556 5698 773 5755 videtur
805 5698 1073 5770 particula
1108 5695 1471 5771 ceinjunctiva,
1496 5715 1655 5770 quam
1690 5698 1819 5770 legit
1846 5700 2126 5771 interpres.
2169 5698 2262 5757 Eo.
2298 5698 2539 5756 Ρλτιιοι..
