3874 6228
456 238 559 294 ιστ
1652 260 1707 316 s.
1744 261 2043 319 [nomen
2078 264 2544 355 Alisonem;
3106 288 3111 291 -
3583 274 3686 333 uis

459 357 513 411 in
563 360 731 414 nostri
776 368 989 432 generis
1042 370 1293 437 salutem,
1344 372 1684 445 beneplacito
1724 378 1921 445 Patris,
1973 379 1985 431 i

2155 381 2221 433 εαὶ
2252 382 2626 454 δυνηθείημεν.
2680 385 2816 438 Ὅσα
2846 386 2902 439 δὲ
2946 368 3107 458 παρέ
3132 389 3239 442 τῶν
3270 388 3470 443 ἐνθέων
3498 392 3685 461 ἱεραρ-

456 448 659 517 Spiritu
680 465 868 511 sancto
902 458 1169 533 perfecit),
1198 464 1259 517 de
1282 463 1367 518 bis
1397 476 1789 533 consequenter
1813 485 1906 538 pro
1934 469 1985 521 vi

2155 472 2230 525 ὦν
2267 476 2686 546 ἱερουργούντων
2710 478 2808 548 τὴν
2836 478 3161 549 ἀναίμακτον
3198 479 3383 546 θυσίαν
3410 484 3684 552 ὑμνεῖται,

455 542 541 595 rili
585 545 825 602 dicamus
871 562 1028 617 prout
1058 556 1374 623 poterimus.
1412 557 1540 624 Quae
1575 574 1703 614 vero
1744 576 1773 613 a
1820 562 1985 617 divini

1359 594 1374 610 .
1412 557 1540 624 Quae
1575 574 1703 614 vero
1744 576 1773 613 a
1820 562 2018 617 divinis
2117 567 2191 631 ὡς
2217 542 2344 639 ἡμῖν
2373 542 2610 639 ὲερικτὸν,
2639 542 2888 643 ἐροῦμεν.

453 633 754 693 Ιιίετειιριιῑε
779 639 1137 706 ,ἱηοτυεηιεηι
1186 646 1417 701 hostiam
1450 651 1884 707 sacriﬁcantibus
1922 668 2015 708 ce-

452 726 751 798 lebrentur,
790 736 966 803 quoad
999 751 1302 804 possumus,
1332 740 1681 809 proferemus.

522 816 667 888 §XI.
701 820 903 878 Natura
942 826 1177 883 humana
1210 830 1279 884 ab
1313 830 1465 885 initio
1496 842 1552 886 ut
1590 834 1842 904 paradiso
1866 839 2017 892 exci-

2185 846 2214 917 ᾗ
2246 844 2338 899 XI.
2358 845 2421 896 Ἦ
2445 844 2753 916 ἀνθρωπεία
2772 845 2951 916 φύσις,
2977 843 3212 916 ἀρχῆθεν
3234 842 3327 897 τοῦ
3354 843 3685 914 παραδείσου

451 907 551 972 dit,
580 914 737 967 morti
779 915 974 970 tradita
999 926 1112 985 est;
1143 930 1537 989 consequenter
1564 925 1724 979 etiam
1765 928 1981 995 pranvari

2153 907 2499 1009 Ξολισθὴσασα
2519 980 2532 1003 ,
2548 907 2559 916 1
2576 907 2841 1011 παρεδόθη
2976 907 3187 1007 θανάτῳ
3205 954 3219 969 ·
3245 907 3556 997 ἀκολούθως
3581 935 3683 1007 γὰρ

447 1000 593 1053 catio
622 1004 856 1070 primum
891 1018 1169 1074 parentem
1193 1021 1436 1065 nostrum
1456 1052 1471 1078 ,
1506 1015 1739 1070 divinam
1771 1018 1977 1072 volnnta

2157 1000 2495 1102 ⁷παράϐασις
2521 1000 2622 1082 ⁷τὸν
2659 1000 3075 1101 εξοιστρήσαντα
3095 1000 3187 1082 τοῦ
3214 1028 3355 1081 θείου
3382 1000 3683 1097 θελή

449 1098 553 1143 tem
607 1101 1043 1164 transgressum,
1098 1102 1504 1173 deceptionibus
1560 1108 1783 1173 erroris,
1840 1110 1979 1179 iisqu

2154 1098 2429 1195 ’ροπάτορα
2462 1126 2582 1186 ταῖς
2619 1098 2853 1185 ἀπάταις
2880 1098 2974 1175 τοῦ
3015 1121 3233 1185 πλάνου,
3271 1122 3383 1182 τοῖς
3426 1119 3684 1180 ἐναντίοις

442 1195 564 1249 qua:
599 1183 799 1241 divinis
832 1188 991 1244 bonis
1028 1191 1408 1260 adversantur,
1442 1204 1499 1253 ut
1534 1199 1693 1252 morti
1733 1208 1786 1253 et
1823 1214 1972 1255 corru

2157 1183 2218 1263 ῦν
2245 1183 2401 1263 θείων
2424 1183 2661 1278 ἀγαθων,
2679 1208 2757 1280 τῷ
2779 1183 2990 1281 Θανάτῳ
3013 1183 3251 1281 δηλονότι
3277 1210 3367 1262 καὶ
3390 1212 3457 1278 τῇ
3484 1208 3687 1277 φθορᾷ,

442 1273 615 1341 ptioni
640 1315 653 1339 ,
684 1278 917 1347 propriis
951 1281 1064 1335 suis
1090 1285 1543 1352 propensionilius
1596 1289 1833 1344 tradidit.
1874 1292 1971 1357 Qui

2153 1303 2272 1366 ῖίαις
2325 1273 2543 1366 ἑαυτοῖς
2592 1273 2783 1375 portui;
2833 1273 3200 1373 παραδέδωκε.
3238 1302 3303 1352 Τί
3343 1301 3401 1352 δέ
3601 1273 3683 1359 -τδ,

441 1373 622 1418 autem
666 1377 769 1433 est,
832 1372 1070 1441 propriis
1115 1380 1607 1445 propensionibus?
1634 1379 1769 1437 Cum
1805 1382 1971 1437 SCiiiCt

2163 1396 2334 1459 κείαις
2370 1398 2563 1467 ῥοπαῖς
2633 1396 2833 1464 Ἥγουν
2858 1372 3045 1464 ἐττειδὴ
3069 1393 3240 1464 ἀρχὴν
3258 1392 3355 1461 τῆς
3374 1392 3687 1455 συστάσεως

439 1466 614 1513 status
665 1463 840 1516 nostri
888 1466 1151 1536 originem
1208 1483 1239 1523 e
1298 1478 1438 1525 terra
1484 1474 1743 1530 ducamus
1792 1476 1969 1547 (corpu

2154 1507 2173 1542 ι
2196 1489 2297 1559 γῆς
2322 1463 2569 1559 ἔσχομεν,
2599 1486 2680 1560 (τὸ
2712 1463 2821 1558 γὰρ
2844 1463 3147 1555 σωματικδν
3186 1481 3339 1552 ἡμῶν
3362 1480 3423 1545 ἐξ
3456 1480 3684 1550 αὐτῆςο)

438 1550 584 1605 enim
610 1563 855 1610 nostrum
880 1570 945 1611 ex
976 1574 1038 1613 ea
1056 1561 1312 1631 constat),
1338 1564 1532 1619 merito
1562 1578 1683 1635 post
1713 1578 1968 1639 transgret

2160 1550 2329 1644 κύτως
2666 1550 3000 1651 παράϐασιν,
3041 1576 3134 1629 καὶ
3170 1550 3237 1628 rb
3259 1575 3410 1637 τέλος
3447 1573 3689 1644 πρόσφο-

438 1640 648 1697 sionem
694 1644 855 1701 linem
892 1663 1106 1720 quoque
1142 1654 1338 1723 origini
1367 1666 1787 1713 consentaneum
1838 1660 1968 1715 habe

2158 1688 2200 1724 iv
2246 1640 2475 1741 ἔσχομεν
2506 1640 2780 1740 τῇ1ἀρχῖί,
2817 1671 2896 1731 είς
2949 1640 3055 1737 γῆν
3108 1666 3447 1728 ἀναλύοντες,
3495 1640 3688 1731 ἐπειδὴ

436 1746 561 1787 mus
606 1733 659 1787 in
694 1742 894 1791 terram
944 1741 1205 1807 resoluti,
1245 1759 1366 1798 cum
1412 1746 1616 1801 dictum
1668 1750 1782 1804 sit:
1844 1749 1966 1804 Terr

2159 1730 2340 1833 δρέθηῖ
2364 1730 2455 1829 ὶτῆ
2486 1730 2790 1825 ετζκαϊέὶς
2828 1730 2974 1829 γῆν(
2997 1730 3324 1827 ἀπελεύσῃ.
3355 1759 3565 1825 Ἠγουν
3605 1730 3689 1807 διά

436 1841 539 1890 es,
624 1837 673 1880 et
738 1829 792 1882 in
849 1838 1043 1884 terram
1107 1837 1377 1889 reverteris
1402 1846 1449 1891 ν.
1501 1838 1597 1894 Vel
1646 1840 1824 1909 itaque
1881 1858 1966 1913 pro

2157 1829 2586 1926 iventipepéttsvov
2622 1854 2825 1909 τίθεται
2861 1854 2922 1906 τὸ
2946 1853 3169 1915 οἰκείαις
3196 1852 3412 1921 ὁρμαῖς,
3440 1850 3473 1919 ἦ
3498 1848 3687 1917 δηλον-

436 1923 560 1984 pter
611 1916 663 1971 id
710 1918 852 1987 quod
907 1920 1162 1987 infertur,
1224 1927 1535 1996 apponitur,
1583 1931 1744 2000 212
1777 1934 1966 2003 proprii

2158 1963 2188 1997 τι
2224 1916 2631 2016 προαιρετικαῖς
2670 1944 2765 1997 καὶ
2789 1942 3172 2008 αὐτεξουσίοις,
3219 1940 3314 1993 καὶ
3344 1940 3404 1991 τὸ
3428 1937 3688 2007 ἐπιφερό-

436 2008 891 2076 propensionibus
912 2050 928 2077 ,
967 2013 1052 2067 vel
1082 2015 1245 2069 etiam
1288 2018 1475 2075 liberis
1501 2036 1564 2075 ac
1592 2025 1923 2091 spontaneis,
1951 2040 1966 2079 ε

2160 2008 2281 2089 ενον¹
2303 2008 2464 2097 πάλιν
2501 2008 2621 2090 καθέ
2653 2036 2784 2089 αὐτὸ
2806 2037 3023 2089 νοεῖται.
3055 2035 3194 2104 Ὅρα
3228 2032 3283 2084 δὲ
3320 2030 3437 2093 πῶς
3472 2025 3597 2081 εἷπε
3632 2027 3690 2079 τὸ

435 2096 488 2148 id
532 2098 676 2166 quod
719 2098 954 2157 infertur
989 2102 1186 2161 iterum
1216 2107 1407 2163 eodem
1449 2111 1611 2166 modo
1664 2112 1965 2184 intelligitui

2157 2126 2423 2197 ιναγώγου
2458 2127 2601 2198 ζωῆς
2633 2143 2645 2157 ’
2684 2127 2962 2195 ἀνάγωγος
2996 2124 3103 2194 γάρ
3129 2096 3247 2194 ξωὴ
3282 2122 3497 2190 λέγεται
3535 2120 3687 2187 καὶὴ

433 2187 675 2243 Observa
703 2205 836 2246 vero
877 2196 1150 2261 quomodo
1180 2197 1381 2252 dixerit
1411 2215 1424 2251 :
1465 2201 1507 2254 A
1538 2201 1643 2256 vita
1674 2219 1792 2273 quae
1829 2206 1895 2259 ad
1917 2222 1963 2261 SI

2148 2187 2399 2284 κόλάστος
2421 2187 2513 2273 καὶ
2533 2187 2976 2285 ἀτταίδευτος,’ὡς
3006 2187 3182 2289 κακὴν
3206 2187 3427 2285 ἀγωγὴν
3451 2213 3581 2282 ἔχου
3591 2229 3678 2264 σα·

430 2294 603 2349 perna
639 2283 927 2348 tendebat;
980 2286 1258 2356 ἀνάγωγος
1287 2289 1430 2345 enim
1474 2306 1571 2347 seu
1599 2294 1872 2351 adducens
1896 2298 1960 2352 vit

2158 2310 2339 2364 ’ταῦθα
2363 2283 2420 2365 δὲ
2444 2309 2543 2381 τὴν
2568 2309 2637 2362 τὰ
2669 2308 2782 2362 ἀνω
2804 2283 3093 2379 ζητοῦσαν,
3114 2283 3208 2360 καὶ
3232 2283 3364 2374 si:pr
3386 2283 3533 2356 Vﬁebv
3558 2305 3688 2355 ἑπε-

433 2386 651 2441 quoque
682 2373 885 2428 dicitur
922 2376 1187 2432 dissoluta
1225 2386 1279 2432 et
1310 2380 1673 2453 immorigera,
1722 2403 1842 2456 quae
1880 2405 1963 2459 pr:

2156 2403 2459 2475 πραμμένην
2500 2373 2684 2472 ὶρησίν.
2749 2373 3027 2452 Ἐντεῦθεν
3073 2400 3106 2468 ἡ
3155 2373 3315 2465 φύσις
3356 2394 3686 2465 πλανωμένη

431 2477 560 2517 vum
621 2465 842 2522 ductum
890 2470 1175 2539 sequitur;
1218 2474 1307 2529 hic
1358 2485 1537 2531 autem
1585 2480 1854 2548 significat
1883 2499 1961 2538 ea:

2156 2465 2202 2565 ii;
2243 2465 2378 2565 itpb;
2412 2465 2544 2546 ὸεὸν
2568 2465 2799 2555 ἐὐθείας
2834 2491 2974 2555 ὁδοῦ,
3002 2465 3288 2543 ἐλάνθανεν
3322 2488 3383 2539 οὐ
3418 2486 3600 2548 θεοὺς,
3626 2487 3686 2551 ού

430 2570 553 2624 quae
598 2559 883 2627 superiora
930 2565 1163 2631 quaerit,
1209 2575 1265 2621 et
1300 2568 1366 2622 ad
1405 2570 1571 2625 Deum
1604 2587 1863 2629 conversa
1895 2590 1953 2631 es

2161 2559 2335 2650 λουξ,
2392 2585 2527 2639 ἀλλά
2574 2585 2857 2655 δυσμενεῖς
2902 2581 3299 2653 θεραπεύουσα,
3348 2572 3424 2632 ὧν
3476 2577 3544 2647 δὴ
3593 2578 3691 2635 καὶ

431 2644 573 2701 Hinc
612 2663 737 2709 cum
782 2661 972 2711 natura
1006 2669 1035 2707 a
1078 2666 1226 2714 recta
1249 2659 1315 2712 ad
1361 2659 1525 2715 Deum
1570 2663 1652 2717 via
1703 2664 1954 2724 aberrare

2162 2644 2334 2739 Ρειδιέὶξ
2368 2674 2505 2747 αὐτῇ
2543 2644 3039 2743 καέαάεχρημένων,
3062 2669 3205 2735 κατά
3233 2670 3293 2722 τὸ
3324 2644 3543 2721 οἰκεῖον-
3564 2666 3692 2737 ἀνη-

432 2739 661 2794 niinime
692 2742 947 2811 advertit,
981 2760 1041 2800 se
1077 2762 1185 2802 non
1209 2750 1313 2805 diis
1341 2761 1395 2804 et
1416 2754 1632 2821 amicis,
1665 2757 1757 2810 sed
1792 2756 1962 2817 infesti

2159 2739 2240 2830 ἐς,
2272 2766 2343 2836 (τί
2370 2739 2665 2835 γὰρ-’κακὸν
2688 2739 3063 2834 οὑκ-ἐσιοίησεν
3086 2761 3125 2833 ;)
3152 2764 3231 2825 είς
3259 2760 3503 2814 κίνδυνον
3528 2761 3689 2813 ἀπωτ

431 2829 684 2887 hostibus
726 2834 894 2891 fuisse
941 2839 1279 2909 obsecutam,
1324 2844 1519 2913 quibus
1550 2847 1667 2917 ipsa
1706 2850 1961 2905 crudelite

2166 2864 2247 2925 ξας
2263 2829 2637 2932 μπεπτώκει,
2654 2859 2711 2912 ὃν
2726 2859 2789 2930 δὴ
2807 2859 2898 2919 καὶ
2912 2829 3247 2927 ἀνυπαρξίαν
3259 2855 3424 2923 λέγει,
3442 2854 3692 2925 δηλονότι

426 2938 528 2992 pro
575 2924 913 2986 immanitate
952 2948 1047 2988 sua
1080 2936 1449 3006 abutentibus,
1484 2940 1635 3009 (quid
1674 2941 1820 2994 enim
1871 2956 1956 2998 ma

2160 2924 2329 3005 ινατον
2380 2949 2633 3021 ψυχικόν.
2702 2924 2936 3017 ⁹Ο’γοῦν
2989 2924 3118 3010 Θεὸς
3165 2945 3322 3023 ημῶν
3364 2945 3433 3001 δι’
3474 2944 3690 2997 οἰκείαν

425 3030 533 3068 non
582 3016 943 3092 intulerunt?)
988 3026 1040 3079 in
1085 3027 1376 3085 discrimen
1425 3032 1809 3088 internecionis
1863 3033 1955 3086 inc‘

2162 3016 2488 3116 τειροτάτην
2516 3042 2845 3114 ἀγαθότητα,
2890 3041 2986 3112 τὴν
3043 3016 3338 3111 αὐτουργὸν
3386 3039 3486 3090 οὐκ
3544 3039 3692 3106 ἀπη-

425 3107 622 3174 derat,
658 3112 800 3179 quod
829 3114 997 3171 etiam
1032 3126 1207 3177 status
1245 3120 1601 3188 privationem
1634 3133 1811 3191 vocat,
1842 3125 1955 3179 scili

2159 3107 2293 3207 ινατο
2335 3107 2619 3208 πρύνοιαν·
2675 3107 2755 3189 ὅτι
2798 3107 2998 3205 δηλαδὴ
3032 3107 3299 3202 αύτδςἾῆν
3336 3134 3364 3184 ὁ
3406 3129 3501 3183 τοῦ
3549 3128 3689 3182 Θεοῦ

423 3207 514 3253 cet
545 3211 775 3257 mortem
811 3206 1133 3273 spiritalem.
1172 3211 1373 3267 Verum
1403 3214 1543 3269 Deus
1562 3226 1746 3273 noster
1774 3226 1953 3287 propte

423 3289 689 3318 :..ﬂ..:n--..
732 3311 878 3318 ----__
918 3299 1060 3318 L-,,-.
1107 3312 1142 3318 .,
1652 3308 1664 3318 .

2160 3231 2286 3298 εγος,
2322 3230 2350 3285 ὁ
2376 3206 2769 3299 ἀναμαρτήτως
2811 3226 3204 3318 ἀναδεξάμενος
3230 3222 3298 3276 τὰ
3314 3222 3588 3318 ημὲτερα,
3626 3219 3690 3318 :0;

420 3289 691 3347 infinitam
730 3311 883 3352 suam
916 3299 1233 3369 bonitatem,
1271 3319 1368 3373 per
1405 3321 1464 3360 se
1494 3308 1669 3365 nostri
1691 3323 1877 3363 curam
1900 3325 1950 3379 gf

2301 3289 2784 3390 peivaq'ditbéqtot;
2807 3289 3141 3385 név'cqa'itep
3157 3309 3245 3383 ἦν,
3267 3289 3564 3381 μὴ-ὲκστάς
3590 3310 3690 3378 τῆς

420 3397 546 3439 rere
574 3401 678 3440 non
727 3388 975 3457 destitit;
1007 3395 1261 3463 quoniam
1288 3397 1545 3453 nimirum
1576 3400 1871 3469 ipsummet
1896 3402 1950 3456 ῦς

2160 3413 2232 3475 ἷας
2255 3388 2448 3477 ἕξεως,
2479 3409 2612 3481 (ἕξιν
2639 3388 2697 3464 δὲ
2724 3408 2873 3476 λέγει
2908 3404 3140 3460 ἐνταῦθα
3178 3405 3236 3457 οὐ
3276 3402 3540 3473 ποιότητά
3566 3419 3690 3453 τινα

422 3473 661 3531 Verbum
693 3493 755 3533 ea
790 3497 909 3550 qua:
940 3495 1125 3540 nostra
1157 3494 1286 3541 sunt
1323 3496 1605 3549 assumens
1633 3492 1834 3562 absque
1870 3508 1952 3563 pet

2160 3473 2359 3574 μονον,
2395 3473 2659 3571 ἀλλ’ἀντὴν
2699 3473 2931 3570 φυσικὴν
2958 3498 3126 3568 αὐτὴν
3164 3495 3425 3565 διαμονὴν
3463 3494 3559 3546 καὶ
3590 3512 3690 3547 κατ

420 3578 567 3634 cato,
587 3572 785 3641 quippe
811 3574 929 3629 sine
954 3578 1319 3646 niutilatione,
1348 3596 1573 3636 manens
1594 3585 1814 3638 omnino
1846 3599 1950 3652 quo

2156 3572 2391 3663 ισχεσιν·)
2417 3592 2516 3663 τὴν
2539 3590 2675 3662 πρὸς
2699 3590 2869 3660 αὐτὴν
2895 3591 3025 3660 ἡμῖν
3051 3586 3332 3641 κοινωνίαν
3349 3584 3686 3654 ἐδωρήσατο,

419 3671 563 3725 erat,
612 3678 711 3717 nec
758 3679 788 3719 a
820 3667 1039 3737 proprio
1079 3678 1220 3725 statu
1264 3671 1523 3728 deficiens
1554 3672 1775 3743 (statum
1809 3686 1949 3729 aute:

2159 3684 2191 3738 ιὶ
2217 3683 2479 3737 κατέλυσε
2507 3684 2568 3735 τὸ
2593 3681 2715 3735 καθ’
2760 3680 2917 3751 ἡμῶν
2952 3681 3153 3750 κράτος
3178 3678 3277 3749 τῆς
3306 3676 3689 3745 ἀποπατικῆς

420 3751 511 3806 hic
563 3768 669 3808 non
712 3754 946 3823 aliquam
1000 3760 1318 3827 qualitatem
1373 3763 1755 3823 immanentem
1808 3780 1950 3822 vocal

2157 3774 2374 3845 νάμεως
2417 3774 2503 3844 (ἢν
2545 3773 2641 3827 καὶ
2696 3771 2905 3843 πληθὺν
2945 3770 3114 3837 λέγει,
3162 3769 3222 3821 οὐ
3272 3768 3391 3823 κατ’
3448 3766 3687 3839 ἀριθμὸν

420 3846 516 3900 sed
554 3847 857 3907 naturalem
899 3865 1053 3906 suam
1088 3855 1518 3919 permanentiam
1551 3865 1606 3911 et
1641 3858 1950 3914 constitutio

2156 3866 2350 3930 ὶντως,
2404 3863 2539 3917 ἀλλά
2582 3863 2669 3919 διὰ
2721 3864 2781 3916 τὸ
2840 3861 3145 3931 ἀποστῆναι
3188 3860 3526 3931 πορρωτάτω
3585 3859 3686 3914 τοῦ

420 3936 570 4005 nem)
608 3938 691 3991 sui
725 3940 883 3994 nobis
922 3945 1256 4001 consortium
1290 3948 1532 4012 tradidit,
1564 3963 1666 4004 nec
1688 3964 1793 4004 non
1819 3950 1950 4006 virtu

2156 3958 2289 4010 ιαίου
2328 3956 2421 4009 καὶ
2448 3956 2588 4026 ὑπὲρ
2624 3955 2684 4007 τὸ
2717 3954 2774 4007 ἒν
2796 3952 2977 4023 Θεοῦ),
3002 3953 3100 4006 οὐκ
3122 3953 3179 4004 ὲν
3206 3950 3349 4020 ἰσχύϊ
3403 3950 3683 4022 θεότητος,

420 4031 491 4083 tis
540 4033 857 4100 apostaticw
915 4036 1176 4092 adversus
1236 4054 1339 4094 nos
1389 4041 1675 4110 imperium
1743 4043 1950 4099 dissolvi

2154 4047 2207 4101 ,λ’
2244 4050 2301 4100 ὲν
2342 4047 2518 4117 κρίσει
2562 4047 2655 4100 καὶ
2683 4045 3019 4118 δικαιοσύνῃ,
3078 4046 3229 4098 Ἐπεὶ
3253 4043 3363 4115 γάρ
3398 4044 3467 4096 δι’
3495 4044 3684 4114 ἀμαρ-

418 4124 606 4190 (quam
635 4130 691 4178 et
722 4124 1126 4188 multitudinem
1165 4144 1259 4184 seu
1291 4131 1503 4189 turbam
1524 4142 1700 4196 vocat,
1736 4148 1840 4188 non
1873 4149 1948 4189 on

2157 4155 2209 4193 ιν
2256 4137 2629 4209 παρεδόθημεν
2660 4135 2738 4206 τῷ
2772 4136 3006 4207 θανάτῳ,
3055 4136 3252 4209 εὑρέθη
3299 4134 3474 4197 αὐτὸς.
3500 4137 3528 4187 ὁ
3570 4135 3687 4187 Κύ-

418 4212 549 4267 nino
591 4221 815 4283 propter
849 4231 1136 4272 numerum
1170 4261 1185 4286 ,
1250 4220 1340 4274 sed
1385 4223 1525 4289 quod
1565 4223 1639 4277 ab
1664 4222 1755 4277 illo
1807 4224 1948 4282 unic¢

2155 4247 2207 4293 ος
2230 4230 2639 4300 ἀναμάρτητος,
2665 4230 2758 4281 καὶ
2781 4227 2875 4286 τοῦ
2900 4228 3128 4283 θανάτου
3154 4228 3378 4289 δικαίως
3404 4225 3685 4297 ἀνώτερος

416 4305 618 4373 quique
648 4321 812 4376 supra
849 4323 1013 4363 unum
1050 4323 1135 4366 εει
1161 4311 1292 4377 Deo,
1314 4327 1471 4381 quam
1505 4314 1868 4374 remotissime
1888 4316 1946 4370 de

2154 4339 2301 4391 γονε.
2342 4321 2451 4374 Καὶ
2489 4320 2676 4391 ὥσπερ
2701 4318 2761 4385 ἐξ
2793 4320 2913 4384 ἐνὸς
2935 4319 3028 4372 τοῦ
3061 4318 3276 4389 πρώτου
3322 4317 3495 4415 Ἀδὰμ
3515 4313 3684 4415 ἦλθεν

416 4396 629 4468 fecerit)
664 4415 772 4459 non
803 4402 855 4454 in
882 4404 1123 4471 potentia
1163 4405 1480 4471 divinitatis,
1516 4409 1608 4461 sed
1635 4408 1688 4464 in
1711 4409 1946 4477 judirim

2152 4414 2189 4467 εὶ
2232 4413 2436 4475 πάντας
2483 4412 2543 4465 τὺ
2588 4411 2870 4482 βλαϐερὸν,
2913 4411 3084 4474 οὕτως
3123 4410 3181 4476 ἐξ
3227 4409 3343 4472 ἐνὸς
3379 4408 3542 4461 πάλιν
3586 4407 3682 4459 τοῦ

416 4488 644 4557 iustitia.
687 4490 821 4545 Cum
865 4494 1009 4547 enim
1052 4506 1274 4564 propter
1305 4506 1584 4564 peccatum
1618 4500 1775 4553 morti
1804 4502 1941 4555 tradi

2155 4506 2345 4576 υτέρου
2393 4505 2581 4575 Ἀδὰμ,
2611 4504 2705 4558 τοῦ
2741 4505 2993 4576 Σωτῆρος
3019 4503 3173 4574 ἡμῶν
3212 4501 3384 4573 Ἰησοῦ
3414 4500 3680 4573 Χριστοῦ,

417 4592 688 4643 essemus,
729 4583 985 4640 inventus
1022 4596 1105 4641 est
1145 4587 1260 4656 ipse
1296 4588 1554 4647 Dominus
1595 4591 1947 4659 impeccabilii

2150 4600 2186 4651 εὶ
2207 4598 2410 4661 πάντας
2426 4596 2575 4666 διέϐη
2596 4596 2656 4649 τὸ
2684 4598 2966 4667 σωτήριον.
3005 4594 3277 4663 Ἐντεῦθεν
3296 4592 3389 4644 καὶ
3415 4592 3515 4663 τὴν
3537 4594 3680 4661 ἡμε-

417 4675 583 4736 atque
619 4670 741 4737 jure
779 4676 975 4730 merito
1017 4690 1191 4731 morte
1232 4680 1484 4747 superior
1505 4681 1697 4736 evasit.
1738 4681 1805 4736 Et
1848 4683 1947 4738 siet

2160 4704 2256 4759 ραν
2281 4687 2643 4757 μετεσκεύασε
2680 4687 2861 4754 φύσιν,
2897 4687 2958 4739 τὸ
2979 4685 3226 4756 ἀλαμπὲς
3253 4682 3542 4754 ἐμπλήσας
3571 4699 3684 4751 cpio-

418 4760 488 4813 ab
518 4775 625 4815 uno
646 4763 820 4828 primo
850 4766 1057 4821 Adamo
1089 4769 1153 4822 ad
1170 4785 1359 4826 omnes
1383 4786 1518 4825 noxa
1544 4773 1709 4838 venit,
1738 4775 1948 4830 similite

2152 4797 2204 4842 ης,
2231 4780 2291 4832 τὸ
2335 4780 2566 4833 ἀνείδεον
2613 4780 2706 4833 καὶ
2746 4778 2976 4842 ἀκαλλὲς
3013 4779 3294 4848 κοσμήσας
3330 4775 3389 4827 τὸ
3425 4775 3528 4843 τῆς
3575 4773 3682 4873 diu:

417 4864 486 4904 ex
513 4864 619 4904 uno
636 4866 850 4923 quoque
872 4860 1111 4913 secundo
1130 4862 1324 4926 Adam,
1351 4861 1629 4917 Salvatore
1655 4875 1837 4921 nostro
1861 4866 1947 4923 Ies

2151 4871 2197 4941 iG
2229 4873 2542 4941 οἰκητήριον
2575 4871 2765 4941 σῶμα,
2797 4872 3010 4933 πάντως
3037 4866 3311 4939 μολυσμοῦ
3350 4862 3681 4936 φθοροποιοῦ

419 4940 661 5004 Christo,
700 4946 767 4996 ad
818 4960 1010 5001 omnes
1038 4950 1185 5003 salus
1226 4953 1461 5013 transiit.
1504 4954 1640 5011 Hinc
1664 4965 1720 5009 et
1742 4966 1949 5011 natural

2152 4940 2489 5032 ευθερώσας·
2535 4963 2627 5014 καὶ
2662 4940 2860 5025 ἔδειξεν
2898 4963 3028 5031 ἡμῖν
3066 4958 3184 5012 ὁδὸν
3206 4956 3502 5025 ἀναγωγῆς
3541 4956 3680 5025 πρὸς

419 5039 661 5086 nostram
696 5035 1018 5101 immutavit,
1060 5039 1112 5092 id
1138 5043 1278 5109 quod
1312 5043 1603 5099 obscurum
1633 5057 1751 5101 erat
1786 5047 1949 5101 lumin

1786 5047 1988 5102 lumine
2090 5054 2273 5120 αὑτὸν,
2301 5054 2440 5107 κατά
2469 5054 2565 5125 τὴν
2587 5056 2661 5121 ὡς
2690 5055 2911 5117 δυνατὸν
2936 5056 3288 5124 ἀφομοίωσιν.

420 5122 743 5191 adintplens,
777 5134 831 5179 et
871 5129 1014 5195 quod
1063 5131 1290 5189 informe
1323 5144 1486 5205 atque
1534 5139 1847 5195 indecorum
1879 5148 1996 5194 erat
2027 5157 2227 5201 ornans
2255 5188 2272 5214 ,
2314 5157 2476 5217 atque
2516 5162 2712 5216 corpus
2768 5150 2965 5202 animae
3010 5147 3345 5201 domicilium
3403 5145 3474 5197 ab
3523 5148 3676 5199 omni

422 5215 683 5282 spurcitia
755 5232 1138 5287 corrumpente
1201 5224 1491 5296 liberans;
1556 5232 1711 5289 nobis
1770 5249 1983 5305 quoque
2019 5238 2160 5295 viam
2218 5255 2337 5308 quin
2362 5215 2430 5295 ad
2471 5215 2650 5310 ipsum
2692 5242 2843 5296 ducit
2874 5242 3131 5305 ostendit,
3180 5240 3485 5295 secundum
3555 5254 3678 5292 eam

423 5320 546 5374 qua!
583 5308 858 5373 possiliilis
883 5320 966 5364 cst
992 5310 1109 5378 ejus
1146 5316 1613 5378 assimilationem.

495 5396 525 5464 δ
564 5396 680 5453 XII.
716 5398 981 5453 Carterum
1014 5408 1284 5471 quomodo
1309 5410 1469 5465 aliter
1500 5414 1677 5471 divina
1702 5418 1806 5474 ista
1857 5420 1983 5474 imi-

2160 5418 2189 5492 §
2222 5418 2335 5475 XII.
2374 5419 2498 5484 Πῶς
2539 5420 2596 5473 δὲ
2630 5420 2802 5483 ἄλλως
2844 5419 3134 5491 ἔμελλενὴ
3160 5418 3497 5492 θεομιμησία
3530 5422 3681 5490 γίνετ-

422 5487 561 5543 tatio
604 5488 781 5555 fieret,
819 5491 923 5546 nisi
980 5494 1250 5553 innovatis
1282 5515 1497 5569 semper
1523 5505 1823 5563 istiusmodi
1853 5525 1947 5564 san

2153 5530 2243 5576 αι,
2284 5513 2358 5583 μὴ
2390 5512 2795 5583 ἀνανεουμὲνων
2828 5512 2915 5565 ἀεὶ
2947 5512 3056 5567 τῶν
3088 5511 3344 5565 τοιούτων
3387 5513 3551 5583 ἱερῶν
3596 5533 3678 5567 τε·

426 5577 530 5637 ctis
568 5584 966 5638 sacramentis?
997 5585 1109 5643 Hoc
1139 5593 1305 5661 enim,
1332 5593 1525 5663 inquit,
1550 5599 1706 5666 facile
1731 5602 1781 5654 in
1814 5618 1956 5655 mean

2148 5604 2281 5671 τῶν;
2335 5605 2510 5659 Τοῦτο
2555 5604 2661 5681 γὰρ
2718 5604 2953 5670 ποιεῖτε,
2999 5605 3181 5675 φησὶν,
3234 5605 3320 5669 εἰς
3370 5602 3486 5672 τὴν
3522 5606 3678 5679 ἐμὴν

584 5668 605 5700 ῖ
623 5666 754 5727 Gen.
790 5687 873 5741 ni,
902 5674 984 5734 l9.
