3874 6228
172 308 286 365 ιω

168 420 542 491 ἀνάμνησιν.
576 417 717 485 Ὅρα
740 414 817 477 δὲ,
847 413 929 466 ὅτι
960 410 1019 463 ὲν
1041 406 1250 468 τούτοις
1280 402 1457 456 πάντα
1498 399 1588 452 τὸν
1633 394 1755 449 νοῦν
1787 392 1809 450 Δ

1921 382 2411 439 ηιηιεηιοναιὶοηειη
2442 389 2492 430 ι.

170 489 300 584 τῆς
326 510 595 583 μυστικῆς
628 508 793 577 εὐχῆς
826 500 1220 574 περιλαμϐάνει
1259 498 1289 548 ὁ
1332 496 1502 564 ἆγιος.
1565 489 1756 543 Ἔνθεν

175 606 205 658 ό
227 580 371 666 θεῖος
412 602 674 673 ίεράρχης
702 596 799 659 τὰς
821 593 914 647 τοῦ
946 590 1194 660 Σωτῆρος
1220 585 1377 657 ἡμῶν
1420 580 1593 653 Ἰησοῦ
1623 581 1758 649 Χρι-

180 693 310 747 στοῦ
336 669 596 761 προνοίας
635 687 900 757 ὑμνήσας,
936 680 1003 744 ἃς
1033 678 1248 748 εύδοκίᾳ
1277 674 1487 744 Πατρὸς
1515 674 1572 724 ὲν
1589 669 1760 723 Πνεύ-

186 800 317 856 ματι
342 760 488 850 ἁγίῳ
530 777 833 839 ἐτελείωσε,
866 774 958 827 καὶ
979 769 1318 831 ἀνατατικοῖς
1344 764 1640 835 ὀφθαλμοῖς
1665 760 1764 831 τὴν

180 852 384 942 νοητὴν
415 868 650 940 Θεωρίαν
672 864 1032 929 ἐποπτεύσας,
1064 861 1157 917 ἐπὶ
1190 858 1287 930 τὴν
1336 852 1665 925 συμϐολικὴν
1701 852 1767 903 ἱε-

742 282 836 354 bs
866 293 1147 355 ECCLES.
1184 283 1581 347 ntemnas,
1617 278 1772 335 cap.

1922 302 1989 313 -—
2006 264 2353 324 PARAPHR.
2390 252 2859 318 PACHYMERE.

3320 250 3421 305 ΔἹθ

2586 372 2824 428 Observa
2910 381 3041 423 vero
3120 365 3261 433 quod
3338 363 3428 417 hic

1858 487 2080 533 sanctus
2142 480 2375 528 mentem
2422 482 2641 522 omnem
2698 465 2923 534 mystica
2974 472 3135 528 prece
3187 469 3429 523 compre-

1859 569 2085 624 bendat.
2154 562 2355 619 Deinde
2390 559 2601 614 divinus
2647 554 2929 611 hicrarcha
2982 546 3282 605 Salvatoris
3343 559 3432 597 uo~

1863 659 1958 716 stri
2012 656 2138 711 Jesu
2188 651 2387 708 Christi
2445 647 2813 719 providentiae
2862 643 3174 699 collaudatis
3224 677 3240 703 ,
3290 648 3429 705 quas

1862 753 2045 809 Patris
2070 744 2410 815 beneplacito
2441 741 2494 796 in
2534 738 2739 809 Spiritu
2771 746 2960 791 sancto
3004 728 3427 791 consummavit,

1867 842 2028 914 213
2066 849 2123 896 et
2175 835 2397 891 intentis
2443 831 2614 888 oculis
2658 826 2957 898 spiritalem
3003 821 3275 877 contuitus
3305 832 3437 872 conn

182 910 473 1041 ρούργίαν,
514 910 757 1012 τουτέστι
783 958 875 1009 τὸν
898 910 1060 1027 ἆρτόν
1092 952 1186 1007 καὶ
1212 910 1275 1003 ab
1312 910 1589 1017 ποτήριον,
1611 910 1767 1013 έρχε-

1915 933 2301 1004 :mplationetn,
2340 928 2409 982 ad
2468 937 2748 980 sacrorum
2805 915 3173 990 symbolorum
3206 953 3222 977 ,
3284 910 3439 980 panis

1938 1029 1989 1041 "'
2065 1035 2076 1041 ‘
2122 1032 2159 1041 ί⁴
2212 1020 2389 1041 ·-¹²Α²-
2463 1016 2925 1041 -Α-εΑι-Α-ηιῖηηοησι
2962 1005 3213 1041 nI-nnnrlii.
3263 1000 3439 1041 Fvnli.

210 1000 278 1027 ην
367 1000 473 1025 ’νυν
526 1000 757 1012 ’ν’-*νη
795 1000 870 1009 -ν-
899 1000 933 1009 -
981 1000 1055 1009 --η
1094 1000 1186 1007 ν-νη
1227 1000 1268 1003 -ν
1438 1000 1470 1017 ,ι
1576 1000 1587 1009 ,
1621 1000 1708 1013 η...

180 1000 735 1119 ⁸ξαιῗιειξίξηγούμενος
778 1043 834 1096 δὲ
862 1000 980 1107 πῶΓς
1025 1042 1117 1094 καὶ
1158 1038 1317 1092 τοῦτο
1359 1032 1770 1106 θεοπαραδότως

1915 1029 2084 1085 :ilicet
2110 1032 2165 1079 et
2203 1020 2416 1085 calicis,
2458 1016 2927 1072 consecrationem
2962 1005 3225 1076 procedit.
3262 1000 3441 1069 Expli-

2462 1114 2475 1119 -
2672 1110 2685 1119 -
2946 1104 2978 1119 ι-
3023 1103 3034 1115 -
3086 1116 3100 1119 -
3152 1096 3440 1119 .__..=.=._..-

182 1143 353 1204 ποιεῖ,
392 1096 557 1211 φηάὶν
576 1096 1020 1204 τάπολογούμενος
1050 1133 1140 1185 καὶ
1168 1127 1408 1191 ἀναϐοῶν
1431 1096 1565 1197 πρὸς
1591 1123 1771 1185 αὐτὸν,

1915 1139 2008 1178 ans
2061 1135 2188 1174 vero
2241 1114 2514 1187 quomodo
2569 1120 2625 1166 et
2672 1110 2776 1163 hoc
2820 1122 2887 1162 ex
2929 1103 3110 1158 divina
3151 1096 3445 1153 traditione

182 1233 279 1295 τὸ,
456 1188 579 1299 ’γὰρ
616 1188 789 1291 εἴπειέ·
816 1241 829 1253 ·
864 1188 1062 1277 ’Τοῦτο
1092 1188 1310 1274 ποιεῖτε
1346 1220 1432 1283 εἱς
1473 1188 1586 1284 τὴν
1623 1212 1777 1283 ἐμὴν

1915 1215 2065 1277 tciat,
2096 1226 2156 1266 se
2187 1207 2466 1279 purgando
2501 1213 2554 1258 et
2586 1202 2651 1256 ad
2689 1201 2860 1268 ipsum
2893 1192 3245 1252 exclamando
3266 1229 3280 1255 ,
3309 1188 3384 1243 ait
3425 1204 3439 1240 :

182 1292 562 1391 ἀνάμνησιν.
613 1315 767 1383 Εἶτα,
811 1317 1040 1387 αἰτήσας
1085 1313 1233 1380 ἄξιος
1248 1310 1500 1381 γενέσθαι
1545 1307 1639 1363 καὶ
1680 1306 1777 1376 τῆς

1915 1305 1961 1359 'u
1990 1304 2134 1358 enim
2166 1297 2354 1354 dixiin
2380 1313 2399 1351 :
2438 1294 2555 1349 Hoc
2595 1294 2753 1363 facile
2782 1292 2837 1344 in
2862 1304 3031 1342 meam
3067 1297 3447 1339 commemora-

186 1416 485 1478 κοινωνίας
532 1414 627 1467 καὶ
675 1412 785 1481 τῆς
840 1383 1199 1481 μεταδόσεως,
1249 1404 1349 1457 ὑπ’-
1392 1402 1513 1472 ὄψιν
1550 1399 1671 1469 ἄγει
1714 1396 1781 1450 τὰ

1915 1401 2095 1452 ionem.
2149 1390 2434 1451 Postulans
2481 1386 2682 1443 deinde
2703 1399 2825 1440 cum
2889 1383 3277 1437 communione
3336 1384 3448 1428 tum

188 1472 516 1579 ὑμνημένα,
554 1472 945 1560 ἀνακαλύπτων
987 1499 1077 1553 τὸν
1127 1497 1426 1569 ἀδιαίρετον
1460 1494 1644 1565 ἄρτον,
1691 1491 1785 1544 καὶ

1915 1492 2003 1561 jus
2062 1482 2446 1541 distributione
2505 1477 2699 1548 dignus
2763 1476 2944 1539 elﬁci,
3012 1472 3111 1527 sub
3171 1476 3448 1538 aspectum

194 1558 443 1579 'r"'tr"'
504 1558 516 1569 ι
562 1558 569 1559 ί
602 1558 613 1560 ~
1279 1558 1291 1569 .
1503 1558 1514 1565 .

188 1602 271 1661 εἰς
300 1596 479 1651 πολλά
508 1595 749 1668 διαιρῶν.
794 1591 1070 1647 Ἐντεῦθεν
1103 1590 1196 1643 καὶ
1238 1588 1300 1642 τὸ
1331 1589 1528 1640 ὲνιαῖον
1562 1582 1656 1636 τοῦ
1691 1598 1787 1634 πο-

1915 1558 2041 1635 lucit
2068 1594 2131 1633 ea
2173 1593 2293 1648 qua:
2323 1574 2650 1635 celebravit,
2682 1567 2931 1624 revelans
2969 1564 3118 1620 illum
3151 1574 3340 1626 panem
3370 1558 3454 1611 in-

189 1691 418 1762 τηρίου,
474 1690 607 1742 πᾶσι
650 1681 1004 1757 καταμερίζει
1044 1682 1185 1737 κατά
1204 1697 1324 1733 τινα
1345 1678 1501 1747 λόγον
1530 1673 1788 1748 μυστικὸν

1915 1675 2124 1728 livisum
2148 1710 2164 1737 ,
2207 1678 2262 1727 et
2295 1669 2346 1720 in
2391 1664 2562 1721 multa
2594 1660 2952 1719 distribuens.
3002 1654 3212 1709 Exinde
3241 1661 3455 1718 quoque

193 1742 291 1836 aedi
478 1742 825 1848 aratoriusvogl'
862 1742 1049 1845 ’τὸ-γὰρ
1082 1772 1138 1826 ἓν
1172 1770 1268 1825 καὶ
1290 1742 1496 1825 ἁπλοῦν
1517 1742 1609 1819 τοῦ
1634 1763 1786 1835 θεαρ-

1920 1766 2218 1837 iugularem
2261 1762 2413 1817 illum
2468 1758 2696 1814 calicem
2730 1752 2985 1808 omnibus
3025 1742 3320 1808 distribuit,
3364 1755 3453 1796 se—

194 1874 508 1953 χικωτάτου
543 1871 720 1939 Λόγου
748 1867 882 1938 πρὸς
909 1867 970 1920 τὸ
1007 1865 1258 1918 σύνθετον
1289 1864 1382 1916 καὶ
1414 1858 1606 1933 ὁρατὸν
1631 1855 1788 1912 ἀναλ-

196 1950 441 2030 λοιώτως
496 1963 639 2017 κατά
694 1961 790 2033 τὴν
847 1958 1254 2030 ὲνανθρώπησιν
1308 1952 1669 2026 προελήλυθε,
1722 1950 1791 2004 τὰ

198 2061 323 2123 καθ’
381 2059 533 2129 ἡμᾶς
569 2054 803 2109 ταπεινά
845 2055 957 2120 τοῖς
1010 2051 1303 2113 θειοτάτοις
1352 2046 1517 2102 αὐτοῦ
1561 2044 1787 2107 ὲνώσας.

197 2151 363 2207 οὕτω
404 2149 518 2221 γὰρ
546 2147 809 2218 ἐνούμεθα
837 2146 933 2200 καὶ
966 2148 1127 2217 ἡμεῖς
1158 2142 1326 2215 αὐτῷ,
1354 2142 1513 2213 εἴπερ
1546 2140 1620 2204 ὡς
1655 2139 1789 2211 μέλη

201 2241 616 2316 συναρμολογού
626 2241 764 2312 μεθα
787 2240 927 2301 κατά
950 2238 1011 2291 τὸ
1035 2237 1229 2291 ταύτὸν
1259 2236 1358 2306 τῆς
1382 2233 1659 2305 ἀλωδήτου
1702 2234 1795 2285 καὶ

204 2336 499 2408 μακαρίας
532 2334 678 2405 ζωῆς
698 2350 712 2365 ο
741 2333 833 2386 καὶ
872 2330 947 2402 μὴ
966 2329 1230 2400 πάθοιμεν
1253 2329 1390 2400 ὅπερ
1418 2326 1608 2398 νεκρὸν
1633 2324 1796 2396 μέρος

204 2430 491 2502 σώματος,
512 2428 646 2500 πρὸς
657 2426 765 2491 ζῶν
784 2424 1179 2495 συντιθέμενον.
1208 2423 1294 2485 Ὡς
1313 2420 1420 2491 γὰρ
1436 2421 1609 2479 ἐκεῖνο
1629 2417 1796 2487 ἀνάρ-

207 2539 415 2594 μοστον
447 2521 625 2591 πάντη
671 2520 765 2574 καὶ
818 2517 1108 2589 ἀκόλλητον
1141 2516 1234 2578 καὶ
1284 2513 1528 2577 ἀσύςωον
1565 2512 1794 2582 γίνεται,

205 2614 357 2681 οὕτω
384 2613 481 2666 καὶ
516 2614 709 2684 ἡμεῖςὶ
736 2610 895 2682 εἴπερ
925 2609 1066 2663 οὕτω
1106 2605 1314 2678 νεκρῶς
1338 2605 1554 2675 ἔχομεν,
1589 2603 1648 2657 ού
1684 2619 1800 2656 συν-

208 2703 788 2779 αρμολογηθησόμεθα
818 2701 896 2773 τῷ
935 2701 1098 2766 ζῶντι
1137 2697 1357 2769 Χριστῷ
1401 2695 1653 2750 πώποτε·
1696 2693 1801 2765 χρὴ

209 2798 347 2869 γὰρ,
380 2799 429 2850 εί
470 2797 568 2867 τῆς
609 2792 891 2856 κοινωνίας
923 2789 1205 2861 ἐφιέμεθα,
1231 2790 1310 2852 εἰς
1335 2788 1434 2859 τὴν
1464 2784 1627 2845 αὐτοῦ
1660 2785 1799 2839 θειο-

211 2894 394 2962 τάτην
430 2890 577 2962 ζωὴν
614 2886 1042 2949 ἀποσκοπεῦσαι,
1086 2883 1180 2944 καὶ
1211 2882 1351 2936 οὕτω
1370 2884 1434 2951 τῇ
1473 2880 1610 2952 πρὸς
1637 2878 1802 2950 αὐτὴν

215 2981 558 3052 ἀφομοιώσει
584 2982 664 3044 είς
687 2979 787 3051 τὴν
825 2976 1034 3046 θεοειδῆ
1054 2973 1167 3039 ἕξιν
1196 2972 1543 3043 ἀναδραμεῖν,
1577 2970 1805 3039 ἐναρμο-

215 3076 348 3138 νίως
387 3073 724 3145 δωρηθείσης
760 3072 892 3141 ἡμῖν
922 3067 1021 3137 τῆς
1049 3066 1183 3137 πρὸς
1199 3064 1260 3117 τὸ
1293 3064 1474 3133 ὅμοιον
1500 3059 1801 3122 κοινωνίας.

1889 1832 2126 1914 cundum
2175 1851 2396 1908 modum
2428 1848 2717 1919 quemdam
2758 1832 3453 1912 mysticumhocl‘aciens;

1891 1965 2015 2007 nam
2055 1961 2221 2003 unum
2260 1954 2314 2001 et
2347 1941 2575 2011 simplex
2609 1936 2703 1991 Dei
2732 1933 2969 1991 Verbum
2994 1944 3089 2000 per
3132 1922 3457 1981 ineat-natio.

1892 2056 2055 2107 nem,
2102 2040 2159 2094 in
2208 2033 2660 2105 compositionem
2704 2026 2866 2082 simul
2911 2032 2966 2078 et
3017 2027 3297 2089 aspectum
3344 2014 3461 2068 sine

1893 2135 2002 2191 ulla
2038 2134 2123 2189 sui
2174 2127 2554 2187 immutatione
2601 2119 2891 2192 processit,
2941 2112 3167 2171 humilia
3212 2110 3329 2163 haec
3360 2120 3458 2159 no-

1895 2235 2010 2283 stra
2039 2240 2162 2281 cum
2193 2218 2556 2277 divinissitnis
2600 2214 2714 2269 suis
2745 2210 2939 2264 uniens
2970 2201 3331 2262 excellentiis.
3370 2196 3463 2253 Sic

1896 2323 2041 2380 enim
2076 2330 2133 2376 et
2165 2332 2264 2373 nos
2300 2316 2401 2386 ipsi
2434 2314 2677 2375 unimur,
2721 2310 2765 2364 si
2813 2316 3070 2374 tanquam
3101 2296 3340 2352 membra
3388 2290 3465 2345 illi

1898 2416 2201 2474 secundum
2236 2408 2603 2468 immaculatae
2647 2418 2713 2458 ac
2754 2402 2927 2456 beata:
2956 2395 3079 2451 vitae
3126 2386 3466 2445 identitatem

1899 2521 2259 2578 congruamus
2285 2524 2299 2560 :
2337 2519 2403 2559 ne
2432 2502 2572 2557 idem
2599 2497 2759 2554 nobis
2784 2491 3016 2553 accidat,
3047 2483 3192 2553 quod
3224 2478 3470 2534 membro

1901 2608 2116 2654 mortuo
2138 2597 2264 2651 vivo
2291 2593 2505 2660 corpori
2538 2589 2805 2660 apposito.
2833 2576 3300 2651 Quemadmodum
3325 2569 3473 2626 enim

1903 2687 2033 2744 illud
2090 2688 2447 2757 incongruum
2493 2679 2721 2736 omnino
2772 2675 3106 2740 minimeque
3167 2665 3469 2720 cohaarens,

1902 2781 2134 2849 vitaeque
2172 2791 2368 2847 expers
2395 2771 2643 2837 exsistit;
2674 2769 2755 2824 sic
2780 2776 2838 2823 et
2880 2779 3003 2832 nos,
3059 2760 3107 2816 si
3146 2759 3223 2813 ita
3271 2746 3473 2809 mortui

1904 2873 2188 2935 fuerimus,
2247 2880 2523 2936 nunquam
2576 2864 2699 2917 vivo
2751 2859 2972 2914 Christo
3028 2859 3401 2922 congruemus
3454 2855 3481 2898 ι

1905 2971 2124 3037 Oportet
2151 2961 2295 3017 enim
2320 2958 2501 3023 nos,si
2531 2953 2968 3012 communionem
2993 2946 3111 3014 ejus
3133 2947 3478 3013 appetamus,

1908 3056 1975 3111 ad
2020 3055 2412 3110 divinissimam
2459 3048 2578 3118 ejus
2618 3048 2786 3100 vitam
2831 3039 3134 3101 collimare,
3183 3042 3240 3089 et
3277 3031 3358 3085 sic
3384 3039 3480 3096 per

225 3117 346 3138 -ηνυ,
388 3117 721 3145 "mw-v1.
767 3117 885 3141 ππ-
1326 3117 1340 3133 .
1762 3117 1777 3122 -

218 3169 342 3238 ejus
402 3166 853 3224 assimilationem
902 3162 971 3217 ad
1010 3158 1329 3218 deiformem
1382 3164 1583 3213 statum
1621 3154 1970 3217 contendere,
2034 3155 2195 3216 prout
2235 3145 2393 3202 nobis
2453 3117 2725 3212 congruit,
2766 3131 3123 3192 similitudine
3157 3125 3275 3197 ejus
3327 3117 3483 3176 nobis

221 3263 660 3318 communicata.

295 3354 500 3427 §Xlll.
535 3351 720 3406 Ταῦτα
775 3351 863 3405 διὰ
916 3349 1027 3403 τῶν
1078 3345 1416 3416 τελουμένων
1461 3346 1491 3396 ό
1545 3341 1803 3414 ίεράρχης

1977 3325 2175 3402 ςχιιι.
2231 3323 2356 3379 [late
2409 3316 2648 3390 pontifex
2703 3328 2800 3383 per
2851 3324 2913 3366 ea
2960 3322 3081 3377 quae
3124 3304 3466 3359 celebrantur

1916 3425 1927 3427 -
2005 3424 2014 3427 -
2234 3417 2245 3427 -
2476 3411 2517 3427 ι-
2560 3425 2572 3427 ς
2630 3404 2835 3427 μηηι.-.
2902 3410 2948 3427 η.
2986 3398 3172 3427 ,ιιηςλη
3231 3405 3279 3427 ο.
3329 3410 3466 3427 Νη..-

222 3448 510 3520 ἐμφαίνει,
538 3442 933 3505 ἀνακαλύπτων
966 3442 1060 3495 καὶ
1091 3438 1334 3511 διαιρῶν,
1361 3437 1455 3499 καί¹
1485 3435 1585 3505 τῆς
1618 3450 1809 3486 κοινωσ-

223 3540 347 3601 vi};
400 3534 748 3609 μεταδιδούς-ο
786 3533 1168 3603 ἀναζωγραφεί
1212 3529 1320 3601 γὰρ
1365 3529 1423 3581 ὲν
1466 3528 1577 3589 τοῖς
1613 3521 1813 3592 συμϐό-

224 3632 343 3693 λοις
383 3608 656 3698 αἰσθητῶς
696 3624 793 3695 τὴν
827 3608 1031 3694 νοητὴν
1066 3620 1221 3697 ἡμῶν
1267 3618 1431 3691 ζωὴν,
1482 3616 1571 3669 τὸν
1613 3614 1814 3685 Κύριον

228 3721 393 3793 ἡμῶν
441 3717 649 3791 Ἰησοῦν
683 3716 936 3789 Χριστὸν,
981 3717 1047 3768 ὲκ
1074 3712 1170 3767 τοῦ
1221 3711 1364 3766 κατὰ
1411 3710 1473 3763 τὸ
1502 3709 1642 3763 θεῖον
1686 3723 1817 3777 κρυ-

231 3816 386 3884 φίου,
433 3812 675 3883 δηλονότι
726 3811 827 3882 τῆς
877 3807 1255 3879 ἀμεταϐλήτου
1308 3805 1582 3875 θεότητος,
1631 3803 1692 3854 ὲν
1748 3802 1817 3869 τῇ

232 3905 498 3965 παντελεῖ
528 3904 624 3958 καὶ
662 3902 891 3973 ἀληθινῇ
940 3900 1036 3953 καὶ
1072 3898 1254 3970 τελείᾳ⁸
1300 3894 1595 3968 σαρκώσει,
1624 3896 1688 3946 ὲκ
1718 3890 1819 3960 τῆς

230 4000 517 4073 ἡμετέρας
551 3996 765 4067 φύσεως
820 3992 1245 4065 είδοποιηθέντα,
1280 3991 1373 4043 καὶ
1408 3988 1544 4060 πρὸς
1590 3985 1689 4057 τὴν
1726 4000 1821 4056 με-

239 4071 432 4163 ριστὴν
476 4090 553 4153 ὡς
597 4087 788 4158 ὑλικὴν
828 4085 987 4157 ἡμῶν
1019 4082 1180 4153 φύσιν
1224 4077 1596 4141 ἀναλλοιώτως
1629 4076 1694 4129 ὲκ
1727 4071 1820 4127 τοῦ

236 4183 385 4238 κατά
429 4181 591 4251 φύσιν
640 4180 776 4243 ἐνὸς,
826 4176 970 4230 τοῦτ’
1024 4175 1138 4227 ἐστι
1182 4173 1283 4244 τῆς
1332 4169 1495 4225 αὐτοῦ
1551 4168 1821 4236 θεότητος,

237 4274 599 4348 προελθόντα,
633 4273 725 4325 καὶ
748 4272 827 4332 είς
859 4266 1146 4340 μετουσίαν
1166 4266 1283 4320 τῶν
1301 4262 1519 4333 ἀγαθῶν
1536 4259 1700 4314 αὑτοῦ
1721 4257 1825 4328 τὴν

236 4369 594 4443 ἀνθρωπίνην
629 4366 897 4423 καλοῦντα
930 4361 1311 4431 ταπεινότητα,
1347 4358 1504 4427 εἴπερ
1534 4355 1628 4408 καὶ
1668 4354 1826 4423 ἡμεῖς

237 4467 544 4536 ἐπιτήδειοι
584 4460 907 4533 φαινοίμεθα
954 4457 1092 4529 πρὸς
1127 4454 1227 4524 τὴν
1253 4449 1396 4505 κατά
1426 4448 1653 4517 δύναμιν
1696 4445 1828 4513 ἀφο-

244 4556 497 4629 μοίωσιν.

313 4648 342 4720 §
378 4646 524 4702 XIV.
579 4642 856 4697 Ἐντεῦθεν
895 4636 1177 4711 μετασχὼν
1209 4636 1237 4688 ό
1272 4632 1551 4705 ίεράρχης,
1593 4629 1687 4683 καὶ
1738 4643 1831 4698 μευ

240 4740 465 4802 ταδοὺς,
502 4738 583 4800 εἰς
617 4731 967 4805 εὐχαριστίαν
1008 4728 1325 4799 καταλήγει.
1373 4723 1598 4795 Πρῶτον
1628 4721 1685 4774 δὲ
1740 4735 1834 4789 με·

243 4830 609 4903 ταλαμϐἀνει,
647 4829 741 4881 καὶ
774 4826 914 4880 οὕτω
961 4821 1309 4897 μεταδίδωσιν
1331 4836 1344 4849 ο
1381 4819 1461 4871 ὅτι
1493 4817 1574 4869 δεῖ
1620 4812 1834 4884 πρῶτον

246 4934 304 4983 ἐν
335 4926 603 5001 μετουσίᾳ
635 4922 888 4993 γενέσθαι
934 4922 1025 4974 καὶ
1049 4916 1263 4986 ἀποπλη
1275 4913 1433 4986 ρώσει
1459 4911 1568 4964 τῶν
1595 4907 1833 4978 ἀγαθῶν,

246 5024 342 5087 καὶ
379 5017 482 5077 εἶθ’
516 5017 658 5070 οὕτω
694 5013 1064 5086 μεταδιδόναι·
1098 5009 1313 5081 πρῶτον
1355 5004 1706 5076 φωτισθῆναι,
1746 5001 1838 5054 καὶ

245 5114 396 5167 οὕτω
420 5105 679 5180 φωτίσαι.
698 5106 788 5160 Διὸ
811 5102 1074 5157 καὶτοῦτο
1090 5100 1152 5171 δὴ
1176 5095 1533 5169 ποριζόμεθα,
1550 5095 1631 5147 ὅτι
1654 5091 1838 5154 κακῶς

251 5206 506 5261 ποιοῦσιν
552 5203 767 5265 οἵτινες,
798 5197 1037 5252 διδακτοὶ
1081 5194 1154 5265 μὴ
1187 5193 1336 5253 ὄντες
1370 5188 1527 5253 Θεοῦ,
1571 5186 1841 5247 διδάσκειν

248 5297 649 5370 ἰπιχειροῦσιν.
691 5296 779 5358 Ὠς
810 5292 920 5364 γὰρ
945 5290 1038 5343 ἐπὶ
1070 5287 1181 5341 τῶν
1214 5281 1450 5357 ⁴ἡλιακῶν
1483 5278 1716 5334 ἀκτίνων
1750 5274 1845 5327 καὶ

251 5368 379 5448 τῶν
394 5391 570 5446 ὑέλων
593 5390 728 5461 ἔχει,
752 5389 834 5441 ὅτι
868 5386 1082 5455 πρῶτον
1114 5383 1176 5436 τὸ
1199 5380 1313 5451 φῶς
1334 5377 1576 5447 δέχονται
1600 5374 1648 5424 οἱ
1676 5368 1842 5430 ῦελοι,

251 5489 288 5559 ἢ
315 5486 379 5539 τὸ
414 5486 608 5557 κέρας,
634 5482 668 5554 ἢ
692 5481 819 5535 ἄλλο
848 5498 900 5534 τι
926 5479 1033 5533 τῶν
1064 5472 1361 5543 διαφανῶν,
1384 5471 1477 5524 καί⁸
1499 5464 1596 5521 εἷθ’
1621 5463 1763 5518 οὓτω
1785 5461 1847 5514 τὸ

258 5580 379 5653 ιεὼς
413 5577 553 5649 πρὸς
586 5575 657 5631 τὰ
689 5573 821 5630 ἀλλα
859 5569 1299 5644 ὲποχετεύουσιψ
1333 5564 1475 5618 οὓτω
1512 5559 1604 5616 καὶ
1636 5557 1725 5611 ἐπὶ
1752 5553 1844 5609 τοῦ

340 5757 371 5785 ι
401 5740 535 5801 Luc.
573 5752 709 5803 nu,
748 5735 841 5793 19.

1914 3398 2173 3482 insinuat,
2216 3417 2340 3472 dum
2390 3411 2579 3467 eadem
2629 3404 2857 3468 revelat,
2900 3410 2956 3456 et
2984 3398 3198 3461 dividit,
3231 3405 3285 3450 et
3328 3410 3482 3449 com-

1917 3512 2225 3569 munionem
2256 3503 2557 3566 distribuit;
2594 3496 2921 3553 scnsibiliter
2952 3490 3096 3547 enim
3126 3489 3180 3543 in
3219 3485 3481 3558 symbolis

1917 3607 1981 3661 ad
2010 3604 2189 3659 vivum
2231 3594 2486 3667 exprimit
2515 3591 2677 3645 vitam
2721 3595 2963 3641 nostram
3010 3577 3342 3652 spiritalem,
3383 3576 3489 3631 Du-

1918 3699 2123 3753 minum
2171 3700 2417 3748 nostrum
2466 3684 2650 3740 Jesum
2697 3678 3008 3741 Christum,
3057 3688 3125 3729 ex
3181 3670 3363 3725 abdito
3396 3668 3487 3722 illo

1920 3789 2122 3848 divino,
2146 3783 2355 3840 scilicet
2402 3773 2753 3835 immutabilis
2784 3766 3103 3831 divinitatis,
3150 3762 3488 3824 otnnimoda,

1922 3892 2156 3949 veraque
2190 3885 2244 3931 et
2276 3872 2514 3946 perfecta
2544 3865 2917 3925 incarnatione
2958 3875 3026 3917 ex
3065 3866 3253 3913 nostra
3289 3862 3484 3909 natura

1925 3948 2300 4035 eﬂ‘ormatum,
2340 3974 2396 4021 et
2442 3962 2511 4018 ad
2548 3961 2841 4020 dividuum,
2877 3954 3087 4011 scilicet
3142 3948 3492 4012 materiatam

1927 4073 2172 4120 nostram
2206 4067 2455 4115 naturam
2480 4094 2496 4120 ,
2543 4048 2863 4113 immutabili
2899 4044 3110 4100 ratione
3143 4055 3225 4098 ex.
3250 4051 3317 4093 eo
3351 4036 3495 4104 quod

1928 4170 2013 4216 est
2044 4167 2241 4213 natura
2260 4166 2360 4208 sua
2382 4163 2572 4213 unum,
2603 4145 2656 4200 id
2684 4152 2769 4199 est
2796 4142 3027 4211 ipsamet
3057 4134 3342 4189 divinitate
3371 4141 3498 4196 pro-

1931 4252 2211 4315 deuntem,
2233 4254 2289 4301 et
2330 4244 2619 4301 humanam
2645 4241 2885 4290 nostram
2914 4226 3273 4285 humilitatem
3302 4219 3369 4273 ad
3400 4217 3501 4271 bo.

1930 4357 2124 4398 norum
2165 4349 2386 4392 suorum
2415 4325 2887 4401 participationem
2930 4316 3290 4376 invitantem,
3337 4309 3491 4362 dum-

1930 4432 2092 4490 modo
2131 4439 2188 4487 et
2230 4440 2329 4481 nos
2379 4438 2485 4477 non
2516 4394 2681 4487 inepti
2713 4413 2994 4467 videamur
3033 4405 3100 4460 ad
3129 4403 3249 4474 ejus
3275 4439 3290 4466 ,
3318 4394 3501 4467 quoad

1933 4529 2051 4585 ﬁeri
2084 4531 2277 4595 potest,
2310 4514 2740 4575 similitudinem.
2904 4572 2907 4577 ι

2006 4619 2033 4695 §
2069 4593 2205 4671 XIV.
2237 4609 2534 4671 Hierarcha
2559 4602 2751 4660 deinde
2789 4593 3217 4657 communicans,
3261 4600 3505 4643 commu-

1862 4709 1911 4770 D
1939 4679 2267 4779 nidnemque
2302 4702 2654 4761 distribuens,
2685 4693 2886 4748 desinit
2922 4692 2976 4744 in
3004 4684 3298 4756 gratiarum
3332 4679 3507 4735 actio-

1944 4818 2091 4860 nem.
2125 4800 2364 4861 Primum
2402 4803 2579 4847 autem
2616 4788 2735 4855 ipse
2777 4779 3162 4845 communicat,
3192 4785 3247 4832 et
3282 4776 3361 4830 sic
3392 4774 3511 4829 dis-

1945 4894 2162 4959 tribuit;
2208 4895 2425 4959 oportet
2459 4884 2605 4939 enim
2643 4880 2873 4951 primum
2914 4889 3037 4929 esse
3084 4870 3397 4942 participem
3444 4880 3511 4919 ac

1946 4992 2164 5062 plenum
2196 4988 2483 5047 bonorum,
2523 4992 2589 5032 ac
2634 4974 2830 5031 deinde
2862 4970 2943 5026 sic
2990 4965 3347 5025 distribuere;
3396 4959 3505 5027 pri-

1948 5100 2093 5141 mum
2149 5076 2481 5139 illuminari,
2529 5088 2595 5127 ac
2637 5068 2831 5125 deinde
2871 5062 3199 5120 illuminare.
3245 5054 3510 5122 Quocirca

1951 5172 2116 5246 214
2145 5181 2431 5227 censemus
2463 5163 2583 5218 illos
2612 5159 2753 5214 male
2777 5168 2960 5227 agere,
2993 5150 3084 5219 qui
3113 5162 3233 5202 cum
3268 5159 3372 5197 non
3402 5141 3515 5195 sint

1951 5233 2108 5326 docti
2135 5281 2165 5320 a
2216 5263 2357 5327 Deo,
2410 5261 2608 5314 docere
2650 5256 3002 5323 praesumunt.
3051 5233 3523 5310 Quemadmodum.

1952 5363 2097 5418 enim
2129 5361 2183 5414 in
2215 5356 2484 5413 solaribus
2525 5348 2693 5407 radiis
2724 5360 2788 5400 ac
2825 5341 2979 5396 vitris
3018 5352 3077 5393 se
3106 5350 3194 5390 res
3231 5330 3427 5391 habet,
3455 5332 3515 5377 ut

1952 5459 2092 5512 vitra
2123 5467 2417 5516 cornuave,
2448 5447 2533 5506 vel
2561 5443 2679 5499 alia:
2710 5454 2797 5495 res
2842 5439 3250 5502 transparentes
3282 5422 3514 5491 primum

1956 5553 2138 5611 lumen
2169 5546 2451 5619 recipiant,
2478 5556 2541 5598 ac
2566 5534 2757 5596 deinde
2787 5534 2864 5588 sic
2900 5531 3079 5584 lumen
3113 5522 3177 5576 ad
3209 5518 3311 5572 alia
3349 5523 3523 5569 tratus
