3874 6228
203 253 320 316 473

523 371 586 427 ll.
625 369 976 438 Μυστήρισν
1003 368 1252 438 τελετῆς
1279 369 1498 438 μύρου.

275 489 442 545 Κατά
466 488 559 542 τὸν
594 487 756 542 αὑτὸν
783 485 884 555 τῆς
912 484 1182 552 συνάξεως
1205 485 1423 557 τρόπον,
1463 483 1652 538 αἰτῶν
1678 486 1803 538 ἀτε-

204 581 457 634 λειώτων
506 577 830 633 ἀπολύονται
875 574 1078 642 τάξεις,
1123 575 1597 648 προηγησαμένων
1618 576 1660 608 ⁷¹
1703 575 1800 648 δη-

203 673 344 744 λαδὴ
390 673 496 743 τῆς
531 689 592 724 τε
639 669 960 741 ἰεραρχικῆς
997 669 1090 721 ἐπὶ
1128 669 1237 721 πᾶν
1280 667 1342 721 τὸ
1378 666 1522 739 ἱερὸν
1566 667 1798 738 εὐόσμου

200 763 588 837 περιαγωγῆς,
623 762 718 815 καὶ
760 760 861 832 τῆς
893 758 1174 831 ψαλμικῆς
1215 758 1534 830 ἱερολογίας,
1570 759 1666 812 καὶ
1698 758 1801 828 τῆς

196 858 314 911 τῶν
347 858 645 911 θειοτάτων
676 855 887 924 Λογίων
927 850 1304 922 ἀναγνώσεως.
1340 847 1471 906 Εἶτα
1514 851 1576 904 τὸ
1626 851 1799 922 μύρον

196 954 228 1005 ὁ
272 951 542 1022 ἱεράρχης
579 947 758 1002 λαϐὼν
797 946 1068 1018 ἐπιτίθησι
1106 944 1186 1016 τῷ
1231 944 1362 1016 θείῳ
1405 943 1795 1015 θυσιαστηρίῳ,

197 1041 754 1114 περικεκαλυμμένον
800 1041 905 1094 ὑπὸ
952 1039 1270 1096 δυοκαίδεκα
1305 1038 1562 1110 πτέρυξιν
1599 1040 1794 1110 ἱεραῖς,

195 1129 562 1185 ἀναϐοώντων
611 1131 864 1186 ἁπάντων
885 1133 930 1163 τ’
960 1129 1237 1204 ἁγιωτάτῃ
1265 1132 1414 1201 φωνῇ
1441 1129 1503 1182 τὸ
1527 1129 1670 1202 ἰερδν
1695 1129 1796 1199 τῆς

191 1225 308 1278 τῶν
350 1225 666 1297 θεολήπτων
705 1224 999 1296 προφητῶν
1024 1223 1308 1286 ἐπιπνοίας
1348 1221 1672 1294 μελῴδημαο
1701 1221 1795 1274 καί

190 1316 298 1388 τὴν
338 1317 430 1369 ἐπ’
471 1316 621 1388 αὐτῷ
666 1316 997 1388 τελουμένην
1042 1315 1207 1388 εὐχὴν
1260 1312 1684 1386 ἀποπληρώσας,
1737 1314 1795 1366 ἐν

189 1411 323 1472 ταῖς
368 1410 712 1478 ἁγιωτάταις
745 1407 854 1460 τῶν
898 1407 1311 1479 ἀφιερουμένων
1355 1407 1599 1469 τελεταῖς
1645 1401 1794 1474 αὐτῷ

190 1502 402 1582 χρῆται
453 1503 592 1582 πρὸς
642 1505 822 1568 πᾶσαν
870 1503 1054 1574 σχεδὸν
1101 1500 1422 1582 ἰεραρχικὴν
1478 1501 1789 1572 τελεσιουρ-

190 1615 344 1668 γιαν.

819 1713 909 1780 ΠΙ.
944 1715 1181 1782 θεωρία.

1284 253 1368 309 DE
1398 251 1682 321 ECCLES,
1718 252 2120 320 HlERABCH.,
2141 255 2296 312 CAP.
2335 257 2422 322 IV.

1829 373 1878 431 Δ

3371 261 3475 316 ΓΗ

2111 369 2176 426 ll.
2211 369 2526 440 Mysterium
2551 373 2957 428 consecrationis
2991 377 3261 442 unguenti.

1971 485 2170 540 Eodem
2205 486 2364 540 modo
2394 500 2502 556 quo
2546 485 2600 540 in
2640 485 2857 556 synaxi,
2895 487 3133 556 fordines
3162 503 3348 543 eorum
3380 491 3472 559 qui

1902 577 2082 633 minus
2113 577 2339 648 Perfecti
2387 586 2534 646 sunt,
2561 579 2948 645 excluduntur,
2979 581 3279 649 praemissis
3315 583 3470 637 vide-

1903 668 2051 732 licet,
2097 684 2254 725 sacra
2293 685 2389 739 per
2435 677 2606 724 totum
2653 671 2912 741 templum
2959 687 3083 727 cum
3132 675 3318 729 odoris
3366 674 3475 728 fra-

1900 763 2111 830 grantia
2142 763 2509 832 processione,
2542 764 2988 834 psalmorumque
3018 780 3174 820 sacra
3227 767 3472 822 modula-

1901 850 2077 914 tione,
2127 860 2182 907 et
2227 852 2690 909 divinissimorum
2743 855 3098 927 Eloquiorum
3153 858 3467 928 promulga-

1901 942 2067 996 tione.
2095 943 2302 1000 Deinde
2331 944 2572 1012 pontifex
2597 955 2821 1015 accepto
2847 957 3122 1017 unguento
3149 951 3306 1019 ponit
3338 949 3468 1003 illud

1899 1047 2060 1102 supra
2106 1033 2345 1088 divinum
2393 1034 2588 1101 altare,
2636 1036 2923 1092 duodecim
2959 1041 3132 1094 sacris
3161 1039 3262 1095 alis
3304 1041 3473 1095 obve-

1898 1125 2087 1196 latum,
2119 1127 2330 1183 cunctis
2358 1130 2702 1185 sanctissima
2733 1145 2864 1185 voce
2894 1133 3311 1188 concinentibus
3342 1133 3469 1186 illud

1897 1218 2156 1275 divinitus
2201 1220 2508 1277 aﬂlatorum
2565 1221 2953 1293 prOphelarum
2992 1227 3270 1280 canticum
3320 1225 3473 1280 aina-

1897 1312 2079 1379 tionis,
2110 1313 2494 1384 completaque
2527 1328 2695 1386 super
2731 1332 2798 1372 eo
2827 1320 3234 1374 consecratoria
3280 1335 3472 1390 preca-

1897 1408 2064 1472 tione,
2099 1407 2153 1462 in
2184 1409 2556 1466 sanctissimis
2601 1411 2909 1483 quibusque
2944 1426 3125 1468 rerum
3171 1415 3469 1469 sacranda-

1894 1517 2013 1556 rum
2061 1501 2567 1562 consecrationibus
2627 1507 2816 1559 eodem
2883 1506 3055 1560 utitur
3123 1508 3191 1561 ad
3239 1520 3456 1561 onmem

1891 1590 2064 1648 ferme
2093 1593 2485 1650 hierarchicam
2512 1595 3008 1651 consecrationem.

2323 1707 2488 1778 216
2519 1706 2608 1762 ιιι.
2637 1705 3040 1776 Contemplatio.

1789 1863 1906 1941 δι.

271 2015 339 2068 Ἦ
375 2014 479 2086 μὲν
505 2008 600 2069 οὖν
614 2015 663 2048 ⁷³
700 2017 1036 2090 εἰσαγωγικὴ
1071 2017 1174 2088 τῆς
1206 2017 1558 2088 τελειωτικῆς
1589 2019 1782 2089 ταύτης

1971 2017 2200 2086 Ipsamet
2245 2017 2464 2087 quidem
2510 2015 2908 2075 introductoria
2951 2015 3263 2086 perfectivm
3303 2009 3467 2087 hujus

185 2108 509 2179 ἱερουργίας
562 2108 821 2180 ἀναγωγὴ
861 2109 949 2164 διὰ
977 2109 1088 2164 τῶν
1132 2111 1274 2168 κατά
1317 2112 1379 2165 τὸ
1421 2110 1564 2164 θεῖον
1614 2110 1784 2183 μύρον

185 2200 353 2271 ἰερῶς
387 2200 686 2271 δρωμένων
719 2203 916 2266 έκεῖνο,
951 2199 1124 2274 οἶμαι,
1168 2203 1338 2276 δηλοῖ,
1382 2204 1444 2257 τὸ
1483 2221 1783 2275 περικεκα-

181 2293 392 2364 λύφθαι
430 2294 540 2346 τῶν
577 2294 740 2348 ὁσίων
784 2296 994 2368 ἀνδρῶν
1017 2297 1063 2329 ⁷⁸
1086 2297 1147 2350 τὺ
1171 2297 1314 2351 κατά
1359 2296 1482 2352 νοῦν
1515 2296 1660 2368 ἱερὸν
1692 2297 1786 2350 καὶ

179 2386 389 2450 εὐῶδες
408 2403 422 2416 ·
452 2387 573 2457 ἥτις
593 2386 792 2451 ὲνθέως
821 2389 1168 2457 ἐγκελεύεται
1192 2391 1305 2453 τοῖς
1331 2390 1499 2462 ἱεροῖς
1532 2387 1784 2461 ἀνδράσι,

179 2478 260 2550 μὴ
280 2479 619 2548 φαινομένας
643 2479 787 2551 ἔχειν
808 2480 899 2532 ἐπὶ
916 2480 1044 2554 δόξῃ
1065 2485 1194 2552 κενῇ
1211 2481 1310 2548 τὰς
1333 2485 1451 2537 κατ’
1473 2483 1674 2556 ἀρετὴν
1688 2480 1784 2538 τοῦ

177 2570 426 2642 κρυφίου
493 2569 629 2623 Θεοῦ
702 2571 874 2636 καλὰς
937 2573 1034 2626 καὶ
1103 2573 1325 2639 εὐώδεις
1393 2575 1782 2648 ἀφομοιώσεις.

181 2661 490 2734 ’Δχραντοι
520 2663 633 2734 γάρ,
660 2663 798 2720 εἰσιν
832 2664 889 2717 αἰ
924 2663 1020 2719 τοῦ
1061 2664 1199 2720 Θεοῦ
1235 2667 1465 2739 κρύφιαι
1499 2668 1594 2728 καὶ
1643 2668 1784 2744 ὑπὲρ

174 2755 309 2810 νεῦν
342 2754 570 2824 εὐώδεις
624 2757 987 2832 εὐπρέπειαι,
1036 2763 1131 2815 καλ⁹
1181 2762 1387 2834 νοητῶς
1431 2762 1784 2834 ὲμφαίνονται

183 2850 376 2922 μόνοις
391 2852 438 2882 ⁷⁸
471 2855 588 2917 τοῖς
619 2855 862 2926 νοεροῖς,
897 2854 1162 2925 ὁμοειδεῖς
1194 2853 1338 2925 ἔχειν
1360 2854 1655 2914 ἐθέλουσαι
1683 2855 1783 2920 τὰς

178 2943 306 2996 κατ’
359 2942 566 3014 ἀρετὴν
612 2944 670 2997 ὲν
715 2943 914 3016 ψυχαῖς
971 2947 1431 3020 ἀπαραφθάρτους
1453 2948 1498 2980 ⁷⁸
1544 2948 1779 3012 εἰκόνας.

178 3033 255 3086 Τὸ
293 3031 410 3106 γὰρ
432 3034 534 3105 τῆς
573 3034 841 3101 θεπιδοῦς
874 3037 1077 3111 ἀρετῆς
1109 3039 1541 3111 ἀπαράγραπτον
1581 3034 1639 3094 εὖ
1687 3057 1784 3111 με-

179 3141 326 3195 μιμη
337 3122 504 3194 μένον
536 3125 580 3156 ⁷⁷
630 3125 886 3198 ἄγαλμα,
939 3127 1076 3200 πρὸς
1118 3129 1294 3182 έκεῖνο
1339 3129 1400 3182 τὸ
1444 3129 1633 3203 νοητὸν
1687 3129 1782 3184 καὶ

177 3213 387 3277 εὐῶδες
426 3213 649 3286 ἀφορῶν
692 3215 906 3282 κάλλος,
933 3217 1104 3282 οὕτως
1131 3217 1291 3271 ἑαυτὸ
1329 3221 1491 3271 τυποῖ
1530 3219 1625 3272 καὶ
1668 3217 1782 3271 δια-

176 3295 414 3359 πλάττει
463 3305 600 3377 πρὸς
645 3305 708 3359 τὸ
751 3306 1034 3362 κάλλιστον
1079 3309 1324 3381 μίμημα.
1372 3311 1481 3364 Καὶ
1529 3311 1779 3385 καθάπερ

1888 2108 2320 2165 consecrationis
2353 2123 2596 2179 anagoge
2639 2123 2738 2178 per
2761 2123 2824 2164 ea
2858 2123 2978 2178 quae
3006 2107 3191 2163 divino
3237 2107 3330 2162 illo
3361 2125 3465 2163 uu-

1887 2209 2088 2268 guento
2144 2212 2559 2264 consecrantur,
2609 2207 2668 2253 ut
2720 2199 2952 2268 opinor,
3003 2199 3276 2264 insinuat,
3331 2200 3465 2254 viris

1887 2289 2097 2346 sanctis
2137 2287 2500 2347 obvelandam
2531 2305 2654 2345 esse
2695 2290 2894 2345 mentis
2923 2291 3270 2344 sanctitatem
3303 2301 3467 2360 atque

1887 2385 2283 2453 fragrantiam;
2323 2401 2444 2440 cum
2485 2385 2752 2440 divinitus
2797 2383 2897 2440 viri
2933 2384 3109 2442 sancti
3147 2384 3464 2454 iubeantur,

1887 2493 1992 2533 non
2021 2479 2088 2534 ad
2136 2493 2334 2533 vanam
2365 2479 2590 2546 gloriam
2625 2490 2950 2549 apparentes
2983 2481 3170 2535 arcani
3215 2481 3307 2534 Dei
3349 2481 3466 2550 pul-

1886 2570 2046 2625 chras
2074 2585 2136 2626 ac
2167 2569 2477 2640 fragrantes
2514 2568 2716 2623 habere
2747 2570 3152 2624 similittulines.
3183 2569 3463 2640 Siquidem

1887 2675 2088 2716 arcana
2135 2660 2228 2716 Dei
2279 2660 2500 2726 decora,
2553 2675 2783 2730 quorum
2836 2663 3076 2719 suavitas
3131 2663 3464 2719 intellectum

1885 2764 2140 2824 superat,
2188 2766 2412 2824 prorsus
2462 2761 2590 2807 sunt
2629 2754 2952 2810 intemerata
2980 2794 2996 2821 ,
3043 2755 3285 2824 solisque
3330 2754 3464 2810 viris

1885 2845 2225 2916 spiritalibus
2289 2844 2615 2913 spiritaliter
2676 2855 2976 2914 apparent,
3033 2846 3180 2918 quod
3235 2847 3287 2901 in
3342 2849 3462 2902 ani-

1885 2939 2077 2993 mabus
2105 2935 2306 2991 nostris
2359 2937 2584 3006 exigant
2615 2937 2818 2992 habere
2865 2936 2970 2992 sibi
3003 2936 3317 2993 conformes
3367 2953 3462 3007 per

1885 3031 2142 3085 virtutem
2171 3038 2226 3083 et
2265 3030 2707 3098 incorruptibiles
2740 3031 3022 3100 imagines.
3054 3030 3462 3084 lncircumscri-

1883 3133 2035 3193 ptum
2065 3122 2208 3175 enim
2251 3121 2386 3177 illud
2416 3123 2637 3178 virtutis
2665 3119 2949 3178 deiformis
2976 3120 3329 3177 simulacrum
3359 3123 3464 3176 rite

1883 3214 2204 3269 imitandum
2235 3225 2342 3280 est,
2390 3223 2449 3269 ut
2477 3213 2742 3284 spiritalis
2771 3231 2834 3270 ac
2869 3215 3123 3286 fragrans
3161 3215 3338 3282 ipsum
3376 3229 3462 3270 rea

1881 3305 2024 3362 ferat
2052 3307 2421 3378 pulchritudo,
2466 3323 2634 3378 seque
2664 3307 2867 3362 formet
2892 3316 2946 3361 et
2991 3307 3214 3377 efﬁngat
3240 3308 3306 3360 ad
3335 3305 3461 3376 ραι-ε

177 3402 270 3454 ἐπὶ
310 3399 428 3453 τῶν
460 3397 734 3470 αἰσθητῶν
777 3399 1021 3466 εἰκόνων,
1055 3401 1106 3468 εἰ
1139 3398 1187 3434 ⁷⁸
1217 3397 1355 3470 πρὸς
1377 3399 1440 3468 τὸ
1468 3402 1772 3473 ἀρχέτυπον

1887 3399 2201 3454 :herrimam
2242 3400 2361 3470 ejus
2410 3400 2795 3457 imitationem.
2851 3398 2918 3453 Et
2963 3399 3104 3454 sicut
3152 3400 3210 3455 in
3263 3399 3465 3472 imagi-.

177 3489 320 3556 εἶδος
362 3491 395 3542 ὁ
431 3492 681 3563 γραφεὺς
724 3489 959 3555 ἀκλινῶς
992 3491 1212 3564 εἰσορᾷ,
1255 3491 1394 3563 πρὸς
1433 3491 1601 3564 μηδὲν
1646 3491 1778 3554 ἀλλο

177 3584 286 3639 τῶν
329 3583 550 3655 ὁρατῶν
599 3582 990 3654 ἀνθελκόμενος
1026 3583 1060 3656 ἢ
1107 3584 1250 3638 κατά
1280 3603 1333 3638 τι
1387 3583 1772 3658 μεριζόμενος,

179 3675 344 3727 αὐτὸν
378 3674 610 3738 ἐκεῖνον,
636 3674 785 3737 ὅστις
809 3673 948 3736 ἐστὶ,
975 3674 1065 3726 τὸν
1089 3675 1434 3746 γραφόμενον
1453 3678 1498 3709 ⁷³
1525 3676 1594 3747 (εἰ
1619 3677 1778 3749 θέμις

178 3769 418 3838 εἰπεῖν),
470 3765 848 3832 διπλασιάσει,
899 3769 992 3820 καὶ
1023 3768 1188 3835 δείξει
1244 3769 1306 3821 τὸ
1349 3768 1545 3840 ἀληθὲς
1591 3772 1651 3824 ὲν
1697 3769 1777 3842 τῷ

178 3857 524 3930 ὁμοιώματι,
561 3860 656 3911 καὶ
696 3858 756 3910 τὸ
802 3857 1111 3931 ἀρχέτυπον
1154 3859 1213 3912 ὲν
1250 3866 1316 3931 τῇ
1366 3861 1568 3926 εἰκόνι,
1611 3863 1705 3915 καὶ
1727 3861 1776 3896 ⁸⁸

178 3953 443 4022 ἑκάτερον
475 3952 531 4005 ὲν
568 3950 813 4022 ἑκατέρῳ
853 3950 1003 4023 παρά
1035 3951 1097 4004 τὸ
1137 3951 1237 4023 τῆς
1270 3952 1456 4017 οὐσίας
1489 3952 1740 4026 διάφορον
1757 3971 1777 3997 ’-

177 4044 321 4096 οὕτω
353 4047 467 4106 τοῖς
515 4043 824 4111 φιλοκάλοις
871 4044 928 4094 ὲν
975 4043 1051 4116 νῷ
1103 4043 1404 4116 γραφεῦσιν
1449 4047 1482 4118 ὴ
1535 4046 1672 4116 πρὸς
1714 4046 1777 4098 τὸ

177 4134 382 4196 εὐῶδες
406 4134 505 4187 καὶ
540 4134 771 4206 κρύφιον
806 4133 1000 4197 κάλλος
1025 4135 1222 4208 ἀτενὴς
1246 4136 1339 4189 καὶ
1375 4136 1776 4217 ἀπαρέγκλιτος

176 4223 385 4294 θεωρία
425 4223 490 4276 τὸ
534 4223 772 4286 ἀπλανὲς
827 4223 1130 4296 δωρήσεται
1170 4225 1266 4278 καὶ
1305 4225 1704 4280 θεοειδέστατον
1729 4227 1774 4259 ⁸³

177 4317 434 4387 ἴνδαλμα.
483 4316 724 4382 Εἰκότως
769 4312 861 4370 οὖν
905 4317 1041 4390 πρὸς
1084 4316 1184 4390 τὴν
1219 4317 1557 4391 ὑπερουσίως
1601 4319 1774 4393 εὐώδη

175 4411 270 4474 καὶ
303 4411 508 4482 νοητὴν
551 4411 882 4482 εὐπρέπειαν
917 4415 966 4465 οἰ
1001 4413 1132 4467 θεῖοι
1177 4416 1409 4484 γραῳεῖς
1432 4413 1478 4445 ⁸³
1501 4413 1561 4466 τὸ
1593 4414 1776 4486 νοερὸν

175 4503 389 4558 ἑαυτῶν
413 4505 880 4578 ἀμεταστρέπτως
908 4505 1319 4570 εἰδοποιοῦντες,
1337 4507 1590 4578 οὐδεμίαν
1606 4506 1776 4579 δρῶσι

172 4595 281 4648 τῶν
318 4597 379 4647 ἐν
413 4595 599 4659 αὐτοῖς
640 4595 985 4668 θεομιμήτων
1023 4595 1236 4668 ἀρετῶν
1264 4597 1346 4659 εἰς
1383 4595 1444 4649 τὸ
1484 4594 1773 4668 θεαθῆναι,

175 4688 316 4743 κατά
364 4687 428 4740 τὺ
475 4687 674 4756 λόγιον,
721 4690 833 4750 τοῖς
881 4687 1223 4762 ἀνθρώποις·
1275 4687 1389 4741 ἀλλ’
1440 4687 1601 4760 ἰερῶς
1651 4689 1779 4742 ὲπο-

1878 3488 2036 3551 nibus
2065 3489 2439 3557 sensibilibus,
2468 3491 2514 3546 si
2546 3489 2721 3560 pictor
2751 3489 2819 3543 ad
2853 3490 3166 3561 primaevam
3215 3491 3465 3561 speciem

1877 3593 2195 3637 constanter
2219 3583 2484 3648 intendat,
2515 3582 2656 3636 nulla
2689 3597 2746 3636 re
2777 3581 2880 3636 alia
2911 3584 3108 3637 visibili
3136 3583 3465 3656 distractus,

1877 3689 2052 3743 neque
2076 3675 2372 3729 secundum
2396 3674 2672 3744 quidpiam
2698 3674 2921 3740 divisus,
2955 3674 3106 3729 illum
3149 3675 3322 3745 ipsum
3361 3676 3456 3746 qui

1878 3767 2251 3836 depingendus
2281 3776 2366 3820 est
2399 3766 2465 3836 (si
2493 3765 2568 3820 ita
2601 3766 2781 3821 dicere
2827 3765 3010 3837 liceat)
3058 3767 3456 3836 quodammodo

1878 3858 2185 3932 replicabit,
2214 3867 2380 3928 atque
2409 3860 2698 3928 ipsammet
2725 3858 3012 3912 veritatem
3043 3858 3095 3912 in
3137 3857 3467 3914 similitudi-.

1879 3965 2002 4014 nem
2033 3962 2087 4004 et
2117 3953 2472 4021 archetypum
2505 3949 2560 4002 in
2608 3948 2845 4019 imagine
2874 3949 3162 4018 exprimet,
3192 3947 3453 4001 alterum-

1877 4060 1983 4113 que
2013 4045 2066 4097 in
2098 4043 2270 4099 altero
2299 4043 2436 4096 citra
2468 4043 2791 4097 substantiae
2823 4042 3180 4099 differentiam
3212 4041 3411 4098 referet
3435 4057 3458 4106 :_

1877 4137 1958 4190 sic
2007 4135 2220 4190 honesti
2263 4135 2577 4189 amantibus
2630 4134 2684 4188 in
2721 4143 2902 4189 mente
2952 4135 3274 4203 pictoribus,
3323 4149 3452 4189 sua-

1877 4227 2140 4281 veolentis
2181 4235 2238 4282 et
2298 4241 2513 4281 arcana:
2574 4225 2993 4296 pulchritudinis
3059 4224 3266 4280 intenta
3320 4240 3452 4279 cono

1876 4327 2137 4386 stansque
2159 4316 2547 4387 contemplatio
2580 4315 2910 4372 iufallibilem
2936 4316 3086 4371 iudet
3107 4317 3452 4386 maximeque

1878 4411 2196 4469 deiformem
2253 4412 2717 4481 imaginationem.
2783 4411 2973 4466 Merito
3042 4413 3227 4482 itaque
3279 4411 3454 4472 divini

1877 4504 2152 4573 pictores,
2203 4506 2419 4574 quando
2476 4513 2710 4560 mentem
2761 4519 2916 4559 suam
2976 4503 3044 4558 ad
3100 4520 3453 4573 supraessen-

1880 4594 2060 4648 tialem
2091 4595 2236 4650 illam
2269 4595 2604 4666 fragrantem
2637 4596 3049 4672 spiritalemque
3082 4597 3445 4667 pulchritudi-

1881 4700 2004 4738 nem
2051 4695 2369 4741 constanter
2410 4686 2718 4754 elformant,
2747 4689 2946 4743 nullam
2981 4691 3234 4744 virtutem
3263 4705 3460 4754 earum.

174 4781 491 4842 πτεύουσιν,
520 4779 597 4843 ὼς
630 4781 689 4833 ὲν
724 4779 913 4844 εἰκόνι,
940 4778 1019 4850 τῷ
1054 4779 1183 4850 θείῳ
1217 4778 1372 4852 μύρῳ
1409 4778 1479 4833 τὰ
1513 4779 1614 4850 τῆς
1651 4781 1772 4836 Ἐκ-

1887 4792 1995 4846 qua:
2023 4777 2092 4833 iis
2117 4777 2300 4834 insunt
2322 4789 2509 4850 agunt,
2536 4788 2593 4834 ut
2619 4780 2687 4834 ab
2715 4780 3050 4846 hominibus,
3079 4782 3156 4836 uti
3188 4783 3460 4852 scriptum,

173 4872 406 4944 κλησίας
435 4869 706 4943 ἰερώτατα
734 4870 1290 4944 περικεκαλυμμέναο
1330 4871 1410 4925 διὸ
1453 4871 1548 4925 καὶ
1592 4873 1766 4936 αὐτοὶ,

171 4963 231 5016 τὸ
273 4963 399 5016 κατ’
452 4961 652 5034 ἀρετὴν
699 4963 842 5034 ἱερὸν
883 4964 976 5021 καὶ
1026 4961 1425 5016 θεοειδέστατον
1498 4962 1629 5015 εἴσω
1672 4962 1768 5017 τοῦ

175 5054 516 5126 θεομιμήτου
563 5055 656 5108 καὶ
703 5054 1040 5127 θεογράπτου
1091 5053 1209 5118 νοὸς
1275 5054 1436 5127 ἰερῶς
1474 5055 1771 5127 περικαλύ-

1870 4875 1988 4930 est,
2040 4867 2356 4936 videantur;
2400 4869 2494 4924 sed
2553 4877 2742 4926 sancte
2791 4871 2845 4924 in
2902 4882 3177 4941 unguento
3228 4873 3438 4932 divino.

1872 4960 2022 5015 velut
2072 4959 2127 5016 in
2179 4960 2440 5031 imagine,
2494 4963 2872 5022 sacratissima
2923 4978 3150 5034 qua:un
3194 4965 3452 5030 Ecclesiae

1872 5054 2131 5124 mysteria
2173 5054 2346 5108 velata
2378 5056 2854 5126 contemplantur;
2899 5065 3062 5125 atque
3113 5058 3250 5113 adeo
3293 5059 3460 5128 quidm~

175 5161 441 5210 πτοντες,
487 5146 623 5218 πρὸς
679 5147 848 5219 μόνην
891 5146 1257 5201 ἀποϐλέπουσι
1309 5145 1408 5218 τὴν
1461 5146 1767 5219 ἀρχέτυπον

1887 5146 2002 5214 ιιιίό
2044 5145 2099 5200 in
2151 5147 2357 5202 virtute
2398 5162 2618 5202 sacrum
2667 5163 2732 5203 ac
2782 5149 3019 5206 maxime
3062 5149 3326 5204 deiforme
3366 5159 3457 5212 est

174 5235 367 5307 νόησιν
384 5252 398 5265 ·
417 5237 541 5290 οὐδὲ
573 5237 683 5310 γὰρ
709 5238 928 5293 ἀθέατοι
950 5239 996 5270 ⁸³
1025 5237 1184 5310 μόνον
1207 5239 1314 5291 εἰσί
1332 5240 1446 5302 τοῖς
1467 5237 1762 5310 ἀνομοίοις,

1875 5239 2017 5292 intra
2057 5249 2293 5296 mentem
2333 5255 2511 5309 suam,
2559 5256 2682 5311 quae
2715 5243 2782 5297 ad
2819 5243 3110 5314 imaginem
3142 5252 3198 5300 et
3246 5242 3456 5305 similir.

1487 5401 1723 5456 VARle
1762 5401 2150 5459 LECTIONES

178 5610 232 5666 S.
266 5614 328 5668 P.
371 5610 426 5667 Β.
459 5610 598 5669 ’δοες
676 5617 722 5648 ⁷⁵

178 5614 232 5666 S.
266 5614 328 5668 P.
371 5614 426 5667 Β.
462 5614 598 5670 Sar.
676 5617 722 5648 ⁷⁵
795 5617 936 5681 όνον,
967 5616 1037 5670 Μ.
1073 5619 1165 5672 Sc.
1243 5617 1290 5648 "‘
1315 5619 1398 5671 ἀπ

177 5682 409 5754 ἐκεῖνον,
440 5696 496 5738 et
529 5701 627 5754 pro
653 5634 1018 5749 διπλιασιάσει,
1055 5687 1398 5742 διαπλάσσει.

245 5543 289 5574 ⁷⁷
323 5545 780 5666 προηγουμένων,
810 5545 910 5601 Ch.
977 5547 1022 5579 ⁷³
1051 5546 1290 5609 πάντων,
1314 5544 1452 5600 S.P.
1492 5547 1553 5600 l’l.
1587 5547 1688 5601 Ch.
1761 5547 1806 5580 ⁷³
1833 5542 1926 5602 οὖν
1955 5563 2061 5603 non
2093 5563 2179 5607 est
2217 5553 2268 5607 in
2295 5554 2352 5608 S.
2382 5554 2444 5609 P.
2475 5555 2537 5608 D.
2569 5555 2668 5610 Ch.
2701 5555 2761 5609 Β.
2838 5552 2885 5584 ⁷³
2909 5551 3017 5605 τῶν
3041 5549 3198 5627 θείων
3217 5544 3444 5615 ἀνδρῶν,

266 5614 328 5666 Ρ.
415 5656 426 5666 .
472 5619 598 5666 Sar.
676 5617 722 5648 ⁷⁵
755 5617 936 5666 μόνον.
967 5616 1037 5666 Μ.
1073 5619 1165 5666 Sc.
1243 5617 1290 5648 '"
1315 5615 1828 5666 ἀπαοαθοαύστους.
1914 5618 1958 5649 ⁷⁷
1989 5625 2355 5666 usu-ravuéunu,
2440 5628 2484 5657 τε
2511 5627 2597 5666 ἢεῖ
2649 5625 2712 5666 Μ,
2748 5625 2835 5666 9m-
2882 5632 2936 5666 ρι
2977 5636 3120 5666 mm-
3146 5617 3258 5666 ἀλλ’
3285 5615 3444 5666 αὐτὸν

415 5656 426 5667 .
472 5619 598 5670 Sar.
676 5617 722 5648 ⁷⁵
750 5617 936 5720 μόνον,
967 5616 1037 5670 Μ.
1073 5619 1165 5672 Sc.
1243 5617 1290 5648 "‘
1315 5615 1828 5720 ἀπαραθραύστους.

440 5696 492 5720 ..ι
529 5701 627 5720 ην..
653 5687 748 5720 κ...
784 5689 994 5720 κωκυ...
1055 5687 1372 5720 amat"...
1509 5689 1528 5718 τ
1597 5687 1657 5720 ...λ
1693 5703 1828 5720 αλ-..

1914 5618 1958 5649 ⁷⁷
1986 5625 2358 5692 μεμηγμένον.
2440 5628 2484 5657 ⁷³
2511 5627 2617 5689 ἀεί,
2647 5625 2715 5678 Μ.
2748 5625 2836 5678 Sc.
2882 5632 2936 5674 et
2977 5636 3120 5692 unus,
3146 5617 3258 5692 ἀλλ’
3285 5615 3448 5692 αρτδν

1597 5687 1657 5740 τὸ
1693 5685 2223 5760 γραφόμενὸνίδο
2246 5692 2306 5746 τδ
2339 5692 2516 5746 ἀλ.....
2547 5685 2640 5747 καὶ
2663 5707 2771 5748 om.
2806 5693 2876 5749 ιι.
2919 5692 2975 5746 e.
3009 5690 3064 5744 s.
3097 5691 3158 5744 υ.
3188 5691 3278 5746 δε.
3317 5685 3444 5740 sar.

179 5752 218 5785 “
247 5752 697 5826 θεοειδεστᾶτων,
727 5758 795 5817 Μ.
847 5759 920 5834 ﬂ"?
948 5757 1297 5837 Θιογραφεῖς,
1334 5759 1404 5815 Μ.
1476 5759 1520 5792 ⁸³
1549 5752 1830 5832 nomen;
1860 5752 1929 5814 Μ.
1965 5759 2056 5817 Sc.
