3874 6228
465 297 569 355 ιτς

1598 301 1657 357 8.
1696 302 1994 361 DlONYSll
2030 304 2492 367 ABEOPAGITE

3616 316 3713 374 ηε

463 415 709 470 tudinem
742 415 835 472 Dei
870 418 1012 475 facta
1042 428 1144 487 est,
1194 422 1575 488 recondentes,
1621 426 1689 478 ad
1722 424 2017 495 primaevan

2138 427 2251 481 ἀλλ’
2303 429 2411 483 οὐδ’
2481 430 2635 484 αὐτοὶ¹
2700 430 2837 504 πρὸς
2909 431 3008 503 τὴν
3073 432 3293 488 δκείνων
3355 434 3705 493 καθέλκονται

464 506 734 564 duntaxat
763 512 1000 581 speciem
1052 521 1216 583 atque
1264 514 1678 586 intelligentiam
1714 518 2027 585 intuentur;

465 620 639 673 neque
665 606 808 661 enim
838 608 1009 663 solum
1055 609 1331 665 dissimilia
1373 626 1474 666 non
1505 612 1707 677 vident,
1737 616 1829 671 sed
1866 631 1932 671 ne
1962 616 2037 671 ad

463 710 649 750 eorum
674 699 886 766 quidem
916 710 1189 769 aspectum
1220 704 1621 771 pertrahuntur.
1647 704 2027 772 Quamobrem,

464 788 605 843 sicut
636 804 729 844 eos
762 791 937 856 decet,
967 808 1070 846 non
1104 807 1167 848 ea
1216 809 1337 863 quae
1387 804 1587 850 temere
1634 798 1906 862 videntur,
1937 799 2031 854 sed

463 894 583 947 qua:
618 896 745 936 vero
778 881 923 949 justa
962 894 1085 937 sunt
1116 898 1179 938 ac
1209 884 1347 939 bona
1380 884 1633 955 diligunt;
1670 903 1841 957 neque
1871 891 2028 943 istam

464 979 709 1037 spectant
737 972 997 1040 gloriam,
1041 989 1161 1042 quae
1209 974 1326 1030 sine
1374 978 1582 1032 ratione
1633 978 1792 1049 vulgo
1831 980 2029 1049 passim

463 1062 619 1116 beata
656 1063 995 1132 praedicatur,
1041 1066 1134 1121 sed
1175 1067 1478 1123 imitatione
1528 1070 1621 1124 Dei
1672 1072 1868 1127 bonum
1917 1089 2031 1127 ma-

462 1146 643 1205 lumve
670 1168 765 1222 per
790 1168 847 1208 se
881 1153 1208 1222 judicantes,
1253 1156 1432 1210 divina
1460 1160 1705 1227 quaedam
1741 1160 2027 1217 simulacra

462 1238 767 1300 fiuntistius
782 1246 1090 1317 fragrantia;
1108 1247 1328 1313 divina},
1348 1249 1509 1318 217
1533 1266 1651 1319 qua:
1675 1266 1802 1306 vere
1826 1254 2026 1309 bonum

2132 518 2281 574 θέαν.
2310 520 2470 575 Ὅθεν
2504 522 2714 585 ἑαυτοῖς
2757 522 3080 589 ἀκολούθως,
3108 526 3229 579 οὐδὲ
3263 526 3371 580 τῶν
3406 528 3707 584 δοκούντων

2131 614 2254 685 είκῆ
2278 613 2456 668 καλῶν
2472 616 2561 669 καὶ
2582 616 2822 681 δικαίων,
2842 617 2976 671 ἀλλὰ
2988 618 3097 672 τῶν
3119 619 3283 683 ὅντως
3299 619 3467 675 όντων
3491 624 3707 693 ἐρῶσινι

2130 706 2251 759 οὐδὲ
2285 705 2421 776 πρὸς
2455 705 2608 771 δόξαν
2633 707 2799 777 όρῶσι
2823 708 2924 779 τὴν
2948 708 3052 761 ὑπὸ
3077 710 3310 780 πλήθους
3353 709 3565 781 ἀλόγως
3611 733 3707 784 μα-

2132 796 2517 869 καριζομένην,
2548 798 2683 852 ἀλλά
2704 801 2766 852 τὸ
2791 799 2953 852 καλὸν
2978 801 3010 870 ἦ
3045 805 3230 872 χεῖρον,
3263 805 3347 870 ἐφ’
3372 805 3568 858 ἑαυτοῦ
3597 806 3707 858 θεο-

2137 893 2387 960 μιμήτως
2434 891 2745 962 κρίναντες,
2792 892 3080 962 ἀγάλματα
3116 892 3235 946 θεῖα
3279 896 3375 965 τῆς
3409 896 3708 967 θεαρχικω-

2132 981 2301 1052 τάτης
2338 982 2476 1034 είσὶν
2508 982 2753 1046 εὐωδίας,
2800 984 2918 1053 ἥτις
2965 986 3050 1053 ἐφ’
3077 984 3275 1054 ἑαυτῆς
3317 986 3376 1040 τὸ
3422 987 3639 1059 ἀληθῶς
3664 988 3707 1020 ⁸⁸

2132 1071 2329 1135 εύῶδες
2356 1072 2549 1143 ἔχουσα
2576 1075 2709 1144 πρὸς
2746 1074 2807 1127 τὸ
2828 1078 2938 1137 τοῖς
2973 1075 3183 1140 πολλοῖς
3225 1079 3492 1147 ἀνομοίως
3520 1079 3707 1132 δοκοῦν

2130 1165 2230 1217 οὐκ
2264 1165 2668 1236 ἐπιστρέφεται,
2692 1170 2811 1231 ταῖς
2836 1167 3085 1239 ἀληθέσιν
3121 1170 3289 1240 αὐτῆς
3314 1172 3521 1225 εἰκόσιν
3561 1173 3710 1226 ἐντυ-

2135 1254 2311 1309 ποῦσα
2332 1256 2392 1309 τὸ
2414 1257 2789 1330 ἀνυπόκριτον.

462 1337 514 1390 iu
548 1353 607 1391 se
637 1340 857 1396 odorem
887 1344 1197 1408 continens,
1226 1344 1292 1397 ad
1335 1345 1483 1405 illud.
1535 1349 1677 1415 quod
1713 1348 1871 1419 vulgo
1904 1351 2106 1418 passim
2146 1352 2487 1424 inaequaliter
2514 1363 2759 1426 apparet,
2787 1369 3060 1427 nunquam
3088 1356 3443 1421 convertitur,
3482 1357 3543 1419 in
3571 1361 3721 1417 veris

460 1430 575 1486 suis
612 1430 938 1502 imaginibus
983 1437 1293 1504 exprimens
1345 1442 1646 1501 veritatem.

2032 1610 2059 1682 ι
2097 1607 2172 1667 ιι.

530 1755 641 1827 Age
682 1758 793 1828 jam
845 1760 1144 1832 deinceps,
1190 1765 1446 1834 quoniam
1488 1767 1811 1823 exteriorem
1873 1769 2009 1825 ritus

2200 1773 2335 1843 Φέρε
2400 1774 2461 1846 δὴ
2523 1776 2728 1839 λοιπὸν,
2784 1776 2971 1848 ἐπειδὴ
3021 1778 3120 1849 τὴν
3168 1778 3319 1842 ἐκτὸς
3369 1780 3706 1849 εὐπρέπειαν

458 1861 587 1903 vere
631 1850 843 1918 pulchri
896 1860 1234 1908 venustatem
1294 1857 1635 1924 aspeximus,
1696 1859 2020 1913 diviniorem

455 1938 572 2008 ejus
622 1941 1077 2010 pulchritudinem
1131 1945 1475 2013 intueamur,
1521 1963 1749 2018 eamque
1799 1949 2025 2004 sublatis

454 2033 827 2091 velaminibus
850 2051 949 2106 per
982 2051 1040 2093 se
1083 2039 1532 2108 contemplemur,
1571 2039 1717 2095 clare
1757 2055 1910 2095 suum
1936 2043 2019 2113 ju-

452 2126 554 2181 bar
581 2126 707 2181 illud
741 2126 953 2181 beatum
981 2129 1342 2195 evibrantem,
1377 2145 1581 2201 nosque
1608 2132 1721 2196 illa,
1747 2147 1865 2202 quae
1893 2134 2024 2189 viris

453 2218 789 2287 Spiritalibus
828 2220 1113 2289 explorata
1184 2233 1304 2287 est,
1354 2224 1538 2278 odoris
1584 2223 1886 2293 fragrantia
1939 2240 2022 2279 re-

451 2308 711 2378 plentem.
761 2310 947 2381 Neque
977 2314 1120 2367 enim
1159 2314 1509 2382 aspectabilis
1545 2318 1803 2385 unguenti
1838 2316 2022 2370 confe-

451 2395 561 2448 ctio
597 2396 662 2450 iis
690 2398 780 2464 qui
812 2400 1052 2466 pontifici
1087 2410 1286 2467 praesto
1325 2411 1453 2456 sunt
1491 2404 2023 2461 incommunicabilis

450 2494 543 2540 aut
573 2488 971 2558 inaspectabilis
1020 2493 1268 2558 exsistit,
1306 2494 1399 2547 sed
1429 2508 1459 2548 e
1509 2494 1745 2561 diverso,
1785 2497 1911 2551 dum
1944 2498 2010 2550 ad

450 2574 598 2644 ipsos
645 2593 816 2644 usque
862 2581 1161 2650 pertendit,
1217 2598 1282 2637 ac
1336 2585 1484 2639 sistit
1534 2600 1653 2641 eam
1706 2602 1825 2657 quae
1876 2589 2017 2659 vulgi

450 2679 672 2738 captum
713 2681 935 2739 superat
970 2674 1505 2744 contemplationem,
1542 2678 1610 2732 ab
1639 2678 1829 2735 iisdem
1859 2696 2015 2736 reve-

447 2760 634 2806 renter
661 2755 956 2825 obtegitur,
975 2769 1029 2811 et
1061 2774 1091 2814 a
1131 2760 1285 2815 turba
1319 2763 1599 2832 pontificio
1624 2764 1749 2833 jure
1779 2769 2020 2822 secerni-

447 2850 560 2897 tur.
614 2842 892 2914 Siquidem
939 2848 1029 2903 ille
1074 2852 1260 2906 radius
1302 2867 1481 2909 rerum
1522 2857 2017 2916 sacratissimarum

445 2935 573 2989 dum
626 2940 758 2993 viris
798 2941 1033 3006 divinis,
1083 2950 1339 3012 tanquam
1388 2947 1836 3019 intelligentibus,
1885 2968 2016 3021 pure

446 3038 608 3097 atque
649 3030 960 3088 immediate
988 3034 1243 3100 collucet,
1278 3046 1333 3092 et
1364 3051 1658 3110 conceptus
1689 3056 1874 3098 eorum
1906 3046 2015 3114 spi-

2128 1862 2469 1935 ἐθεασάμεθα
2501 1866 2599 1936 τῆς
2631 1867 2757 1937 ὅλης
2799 1870 2965 1940 καλῆς
3003 1870 3328 1942 ἱερουργίας,
3362 1873 3443 1934 είς
3468 1872 3530 1924 τὸ
3566 1872 3703 1925 82:6-

2124 1970 2280 2025 τερον
2323 1956 2488 2025 αὐτῆς
2532 1958 2927 2029 ἀποδλέψωμεν
2978 1961 3193 2024 κάλλος,
3234 1960 3400 2032 αὐτὴν
3442 1962 3529 2029 ἐφ’
3578 1963 3703 2013 εαυ-

2124 2047 2222 2116 τῆς
2270 2047 2761 2119 ἀποκαλυψαμένην
2802 2049 2868 2102 τά
2912 2052 3400 2121 παραπετάσματα,
3439 2051 3705 2122 θεώμενοι

2122 2141 2220 2211 τὴν
2265 2142 2533 2211 μακαρίαν
2573 2141 2997 2199 ἀποστίλϐουσαν
3036 2143 3289 2215 ἐμφανῶς
3340 2144 3560 2215 αἴγλην,
3614 2146 3713 2205 καί

2124 2230 2223 2300 τῆς
2256 2232 2697 2303 ἀπερικαλύπτου
2731 2237 2843 2297 τοῖς
2869 2237 3073 2306 νοεροῖς
3100 2220 3525 2305 ἀποπληροῦἇαν
3558 2238 3701 2306 ἡμᾶς

2120 2320 2366 2383 εὐωδίας.
2401 2322 2533 2375 Ούδὲ
2566 2322 2673 2394 γὰρ
2710 2325 2742 2394 ὴ
2778 2322 3074 2395 φαινομένη
3106 2323 3201 2376 τοῦ
3230 2324 3398 2395 μύρου
3420 2325 3705 2395 τελετουρ-

2122 2412 2278 2479 γία⁸⁸
2310 2415 2422 2475 τοῖς
2462 2414 2587 2483 περὶ
2618 2414 2708 2466 τὸν
2752 2415 3010 2485 ίεράρχην
3056 2416 3201 2467 ἐστὶν
3256 2414 3631 2485 ἀκοινώνητος
3668 2414 3701 2485 ἢ

2120 2503 2364 2567 ἀθέατος,
2396 2504 2530 2557 ἀλλά
2561 2506 2864 2557 τούναντίον
2896 2506 3053 2578 ἄχρις
3085 2506 3261 2559 αὐτῶν
3292 2507 3577 2578 διήκουσα,
3614 2507 3705 2559 καὶ⁵

2124 2593 2324 2646 ίστῶσα
2357 2594 2453 2665 τὴν
2488 2595 2627 2666 ὑπὲρ
2665 2596 2789 2659 τοὺς
2830 2595 3052 2660 πολλοὺς
3096 2596 3356 2667 θεωρίαν,
3393 2597 3487 2650 ὑπ’
3522 2598 3701 2649 αὐτῶν

2119 2684 2278 2753 ίερῶς
2301 2685 2779 2755 περικαλύπτεται,
2806 2688 3017 2757 καὶτῆς
3043 2688 3279 2758 πληθύος
3295 2687 3342 2718 ⁸⁸
3366 2689 3713 2758 ίεραρχικιῖς

2118 2776 2607 2832 ἀποδιαστέλλεται.
2656 2779 2781 2842 Τοῖς
2821 2779 2929 2849 γὰρ
2970 2779 3173 2843 ἐνθέοις
3214 2778 3470 2851 ἀνδράσιν
3517 2782 3553 2850 ἡ
3594 2781 3701 2833 τῶν

2118 2869 2391 2941 πανιέρων
2424 2869 2602 2933 ἀκτὶς,
2637 2870 2713 2932 ὡς
2746 2870 3033 2939 συγγενέσι
3072 2869 3165 2923 τοῦ
3199 2869 3389 2940 νοητοῦ
3413 2870 3480 2932 ⁸⁷,
3525 2870 3700 2923 καθα-

2119 2958 2229 3029 ρῶς
2261 2960 2351 3015 καὶ
2393 2959 2611 3029 ἀμέσως
2637 2959 3000 3029 ὲλλάμπουσα,
3029 2960 3121 3013 καὶ
3158 2959 3259 3022 τὰς
3290 2959 3484 3029 νοερᾶς
3518 2961 3701 3012 αὐτῶν

2120 3054 2425 3123 ἀντιλήψεις
2482 3053 2936 3124 ἀπερικαλύπτως
2998 3052 3401 3116 εύωδιάζουσα,
3450 3054 3596 3124 πρὸς
3643 3056 3702 3107 τὸ

442 3120 629 3175 ritales
669 3122 811 3177 bono
839 3124 1013 3191 palam
1061 3127 1255 3181 imbuit
1279 3131 1467 3196 odore,
1497 3133 1563 3185 ad
1595 3133 1645 3187 id
1673 3135 1818 3203 quod
1854 3136 1999 3191 humi

2121 3120 2391 3213 ἱφειμένον
2416 3120 2603 3194 οὐκέτι
2619 3143 2817 3211 ὁμοίως
2837 3143 2883 3175 ⁸³
2909 3143 3150 3213 πρόεισιν
3172 3181 3187 3205 ,
3216 3142 3330 3195 ἀλλ’
3364 3145 3458 3196 ὑπ’
3492 3120 3697 3209 αὐτῶν,

443 3213 611 3281 serpit
663 3229 999 3285 nequaquam
1047 3218 1298 3275 similiter
1328 3224 1594 3290 procedit,
1629 3227 1723 3279 sed
1760 3227 1827 3282 ab
1853 3227 2006 3295 ipsis,

441 3311 630 3371 utpote
683 3305 899 3360 arcanis
959 3307 1223 3375 spiritalis
1283 3310 1360 3364 rei
1409 3314 1841 3380 spectatoribus,
1894 3318 2011 3373 sine

441 3394 771 3459 ostensione,
823 3410 890 3449 ne
930 3410 959 3449 a
1001 3397 1360 3455 dissimilibus
1402 3402 1710 3474 quibusque
1756 3408 2008 3475 violetur,

440 3484 691 3552 pennatis
739 3485 1035 3541 involucris
1073 3488 1379 3556 obducitur,
1430 3494 1647 3562 quibus,
1697 3510 1797 3551 ceu
1840 3500 2011 3554 sacris

443 3571 637 3641 signis,
671 3576 915 3643 praeclari
947 3579 1168 3633 ordines
1197 3580 1540 3639 subditorum
1572 3602 1671 3657 pro
1706 3590 2011 3663 capacitate

440 3676 538 3718 sua
571 3667 637 3719 ad
672 3681 760 3722 res
786 3682 971 3724 sacras
1001 3684 1414 3739 promoventur.

2116 3235 2190 3298 ὼς
2214 3234 2455 3306 κρυφίων
2485 3236 2582 3286 τοῦ
2612 3233 2800 3303 νοητοῦ
2837 3232 3079 3304 θεωρῶν,
3113 3236 3587 3306 ἀνεκπομπεύτως
3621 3238 3701 3299 είς

2114 3325 2175 3378 τὸ
2198 3328 2307 3387 τοῖς
2332 3324 2599 3394 ἀνομοίοις
2631 3325 2915 3395 ἄχραντον,
2942 3326 3047 3378 ὑπὸ
3080 3329 3377 3396 πτερωτοῖς
3410 3329 3699 3398 αἰνίγμασι

2119 3416 2569 3485 συγκαλύπτεταν
2597 3414 2663 3467 δι’
2696 3409 2768 3468 ὧν
2799 3416 2957 3485 ίερῶν
2976 3416 3310 3486 αἰνιγμάτων
3343 3420 3398 3469 αἱ
3427 3417 3541 3469 τῶν
3572 3421 3695 3471 ὑπο-

2117 3507 2423 3577 ϐεϐηκότων
2456 3504 2711 3576 εὔκοσμοι
2743 3507 2924 3573 τάξεις
2957 3508 3245 3579 ἀνάγονται
3279 3510 3413 3583 πρὸς
3445 3511 3548 3581 τὴν
3576 3513 3697 3564 κατ’

2117 3597 2283 3660 αὑτὰς
2320 3599 2362 3649 ἱε
2372 3597 2468 3668 ρὰν
2500 3596 2802 3669 ἀναλογίαν.

1996 3827 2024 3900 ί
2069 3825 2180 3886 Ill.

510 3944 604 4000 Est
644 3947 825 4017 igitur,
873 3960 931 4006 ut
982 3953 1113 4017 dixi,
1159 3970 1569 4018 sacrosanctum
1622 3966 1747 4032 hoc,
1794 3970 1936 4039 quod
1968 3986 2001 4027 a

2180 3974 2334 4027 Ἔστι
2371 3974 2432 4045 δὴ
2465 3968 2577 4038 οὖν,
2630 3975 2766 4045 ὅπερ
2799 3974 2999 4045 έφην,ὴ
3047 3972 3140 4027 νῦν
3189 3970 3503 4045 ὑμνουμένη
3558 3969 3703 4041 παρ’

438 4042 596 4096 nobis
626 4046 784 4098 modo
812 4044 1061 4105 laudatur
1087 4056 1428 4127 mysterium,
1458 4058 1575 4126 ejus
1601 4063 1812 4118 ordinis
1844 4076 2003 4137 atque

2121 4064 2262 4136 ἡμῶν
2304 4042 2431 4136 ἱερά-
2464 4042 2811 4137 τελετουργία
2830 4042 3003 4135 ἀν’τῆξ
3044 4042 3393 4131 τελειωτικῆς
3426 4061 3539 4114 τῶν
3577 4064 3692 4131 ξερ-

436 4132 673 4196 virtutis,
692 4143 749 4189 ut
777 4138 1141 4199 hicrarchicas
1164 4160 1502 4204 cmisummet
1530 4153 1854 4222 functiones;
1873 4132 2003 4228 quo-

2121 4132 2432 4225 ιρχικῶνλθ
2476 4132 2695 4221 τάξεως-
2732 4132 2826 4209 καὶ
2857 4132 3171 4225 δυνάμεωςο
3223 4154 3302 4206 διὸ
3342 4154 3437 4205 καὶ
3482 4154 3691 4223 ταύτην

434 4228 575 4282 circa
594 4243 806 4298 quoque
823 4233 985 4288 divini
1006 4250 1362 4307 praem-plores
1381 4246 1569 4309 nostri,
1596 4256 1846 4317 tanquam
1864 4251 2004 4321 ejus-

2121 4249 2156 4301 >ί
2204 4246 2335 4300 θεῖοι
2387 4246 2756 4319 καθηγεμόνες
2794 4247 2972 4318 ἡμῶν,
3013 4247 3089 4309 ὡς
3132 4246 3374 4317 ὁμοταγῆ
3414 4245 3511 4297 καὶ
3552 4245 3689 4297 ταύ-

435 4316 554 4371 dem
579 4320 784 4375 ordinis
799 4331 853 4376 et
871 4327 1203 4393 Operationis
1220 4345 1343 4386 cum
1367 4316 1715 4393 sacrosancto
1737 4316 2002 4410 synaxeos

2121 4339 2331 4410 εουργὸν
2362 4338 2440 4409 τῷ
2468 4316 2568 4409 τῆς
2604 4316 2871 4407 συνάξεως
2902 4338 3032 4410 ἱερῷ
3054 4316 3400 4408 τελεστηρίῳ,
3435 4338 3559 4399 ταῖς
3592 4337 3692 4388 αύ-

434 4420 798 4478 Iacramettto,
843 4413 1032 4471 iisdem
1086 4418 1417 4489 imaginibus
1462 4434 1519 4480 ut
1546 4427 1858 4497 plurimum,
1884 4448 2003 4503 my-

2121 4432 2224 4494 mi;
2278 4431 2481 4484 εἰκόσιν
2511 4431 2586 4493 ὡς
2618 4430 2687 4482 τά
2719 4429 2888 4482 πολλὰ
2919 4429 3012 4482 καὶ
3055 4430 3341 4498 μυστικαῖς
3379 4426 3689 4496 διακοσμή-

435 4498 693 4568 sucisque
726 4504 1167 4567 distinctionibus
1196 4528 1259 4567 ac
1289 4517 1463 4570 sacris
1493 4519 1671 4575 verbis
1703 4498 2006 4591 descripse-

2121 4540 2225 4575 rsat
2258 4522 2353 4574 καὶ
2379 4520 2697 4592 ἱερολογίαις
2729 4519 3055 4585 διετάξαντο.
3091 4519 3200 4571 Καὶ
3229 4518 3321 4570 τὸν
3362 4516 3462 4587 μὲν
3500 4518 3690 4588 ἱεράρ-

435 4599 581 4643 runt.
621 4592 795 4662 Atque
822 4600 1127 4663 pontificem
1158 4604 1375 4674 quidem
1411 4610 1592 4665 videre
1623 4612 1786 4668 liceat
1813 4617 2005 4672 eodem

2121 4632 2205 4686 (ην
2237 4613 2494 4677 ὡσαύτως
2533 4613 2637 4681 ὄψῃ
2674 4615 2716 4644 ’⁸
2758 4612 2856 4683 τὴν
2892 4613 3000 4665 ἀπὸ
3030 4610 3124 4664 τοῦ
3184 4611 3455 4682 θειοτέρου
3512 4611 3686 4664 τόπου

434 4682 594 4737 modo
618 4698 647 4737 a
674 4685 942 4746 diviniore
970 4692 1085 4749 loco
1114 4697 1298 4754 odoris
1330 4701 1651 4758 suavitatem
1681 4706 1749 4760 ad
1772 4721 2007 4777 sequen-

2121 4682 2273 4776 ιαλὴν
2306 4705 2529 4758 εὐωδίαν
2562 4706 2641 4767 είς
2666 4702 2734 4755 τὰ
2764 4682 2890 4773 ἑξῆς
2933 4701 3054 4773 ίερά
3089 4701 3451 4773 προφέροντα,
3488 4703 3587 4754 καὶ
3616 4704 3683 4772 τῇ

435 4768 506 4822 tia
540 4769 654 4826 loca
688 4791 841 4831 sacra
871 4780 1287 4854 diffundentem,
1320 4804 1524 4859 suoque
1568 4794 1634 4847 ad
1666 4768 2003 4854 eumdemlo-

2121 4799 2236 4871 τρὸς
2270 4799 2330 4851 τὸ
2366 4798 2556 4850 ταύτὸν
2592 4795 2845 4850 ἀναλύσει
2879 4796 3215 4859 διδάσκοντα,
3240 4794 3348 4847 τῶν
3388 4794 3552 4847 θείων
3586 4796 3686 4864 τὴν

433 4874 554 4914 cum
596 4866 768 4923 reditu
806 4868 1111 4940 docentem,
1148 4881 1420 4943 quomodo
1465 4882 1771 4941 divinarum
1813 4903 1994 4943 rerum

433 4954 798 5025 participatio,
824 4962 949 5016 dum
978 4964 1029 5018 in
1058 4968 1310 5024 omnibus
1339 4972 1556 5041 quidem
1586 4978 1759 5032 sacris
1780 4993 1880 5047 pro
1902 4994 1995 5033 cu-

2106 4891 2390 4961 μετουσίαν
2423 4891 2478 4941 ὲν
2511 4889 2679 4941 ἅπασι
2716 4889 2813 4959 μὲν
2837 4886 3116 4956 γίγνεσθαι
3142 4887 3261 4939 κατ’
3283 4885 3439 4951 ἀξίαν
3464 4888 3581 4948 τοῖς
3610 4888 3685 4938 ia-

2107 4981 2237 5050 ροῖς,
2275 4978 2538 5049 ἀμείωτον
2576 4979 2631 5031 δὲ
2668 4973 2804 5031 εἶναι
2851 4980 2942 5030 καὶ
2979 4977 3230 5047 ἀκίνητον
3250 4978 3296 5009 ⁹¹
3338 4976 3534 5046 πάντη,
3586 4977 3682 5029 καὶ

426 5042 623 5114 jusque
669 5050 879 5107 meritis
917 5059 1387 5130 communicatur;
1441 5065 1787 5124 nihilominus
1832 5070 1885 5122 in
1937 5085 1997 5126 se

2121 5069 2233 5123 :i’cw
2264 5042 2362 5139 τῆς
2396 5068 2535 5122 κατὰ
2557 5069 2705 5123 θείαν
2728 5069 2930 5139 ἵδρυσιν
2963 5042 3219 5138 ἰδιότητος
3242 5042 3680 5138 ἀπαραλλάκτως

433 5150 609 5208 neque
641 5142 947 5211 imminuta,
983 5165 1159 5219 neque
1192 5154 1311 5212 loco
1340 5168 1512 5225 mota,
1545 5162 1597 5214 in
1630 5162 1797 5219 divini
1843 5163 1994 5220 fundi

432 5234 789 5303 proprietate,
837 5238 955 5296 sine
1008 5242 1115 5299 ulla
1154 5248 1237 5302 sui
1275 5248 1675 5320 immutatione,
1707 5254 1995 5312 consistat.

2105 5162 2411 5232 ἑστηκυῖαν.
2450 5162 2673 5233 Ἐπίσης
2704 5161 2761 5214 δὲ
2788 5162 2945 5216 πάλιν
2970 5161 3026 5214 αἱ
3058 5161 3166 5214 τῶν
3185 5160 3394 5229 Λογίων
3418 5160 3555 5230 ᾠδαὶ
3588 5158 3682 5210 καὶ

2104 5254 2458 5323 ἀναγνώσεις,
2516 5258 2641 5319 τοὺς
2688 5255 2786 5326 μὲν
2840 5255 3156 5319 ἀτελέστους
3190 5256 3234 5287 ⁹³
3283 5254 3599 5325 μαιεύονται
3632 5254 3684 5285 ⁸⁸

1730 5451 1961 5507 VAle
1996 5452 2397 5512 LECTIONES.

517 5565 545 5638 ‘7
562 5567 778 5638 ἀληθές,
809 5570 876 5625 Μ.
912 5573 999 5628 Sc.

429 5633 474 5712 ξ’
499 5637 595 5712 ούχ
648 5633 876 5712 ἑτοίμως

429 5702 718 5776 ἀμείωτον,
746 5702 842 5769 Cb.

1094 5578 1553 5673 ῑδ-τελε-σιου-ργία,
1584 5585 1657 5673 PD.“
1675 5588 1773 5668 Cb:
1806 5589 1864 5673 υ..
1944 5591 1990 5621 ⁸⁸
2014 5590 2106 5671 τοξύ
2138 5594 2389 5673 πληθους,
2593 5598 2640 5673 _‘"
2766 5599 2821 5651 Ρ.
2847 5599 2921 5673 ι).
2954 5600 3056 5673 Ωιι.
3078 5598 3179 5673 _Sc.
3215 5603 3418 5673 addunt

885 5645 1548 5740 »*‘,‘;L‘°j€1§6tour37}a-'
1586 5659 1657 5740 3°
1706 5658 1810 5739 τίὲν
1829 5660 2147 5740 ξεραῖικζιίν,
2202 5645 2254 5716 ιθ.
2335 5645 2546 5737 “seu,
2575 5667 2631 5722 δ.
2682 5669 2754 5734 ὡς
2802 5670 2990 5735 mar;
3032 5669 3205 5740 δνςκεσι,
3237 5671 3302 5727 Μ.
3337 5676 3427 5728 sc.
3474 5645 3683 5729 τηῖὶἇ»

949 5716 992 5747 ’³
1019 5716 1513 5787 ἀτελεστάτο·)ς,ἰ).
1586 5726 1628 5757 ⁸³
1655 5716 1937 5805 μυοῦσθαὶ,
1966 5730 2033 5785 Μ.
2068 5716 2155 5788 Sc.
