3874 6228
196 278 312 333 ιπ

1226 276 1313 333 DE
1343 276 1623 336 ECCLES.
1652 277 2020 335 HlERARCﬂ.
2042 316 2059 344 ,
2090 278 2241 337 CAP.
2272 277 2361 341 Π.

3348 280 3449 335 678

197 391 348 461 πρὸς
410 388 693 463 ᾃοηφόρον
746 390 1053 456 υἱοθεσίαν,
1117 393 1451 466 ἐπιστροφὴν
1514 394 1571 447 δὲ
1636 392 1780 465 ίεράν

1890 395 2009 449 Pari
2042 410 2229 450 rursus
2269 396 2428 450 modo
2472 393 2683 450 cantica
2724 388 3126 463 Scri'pturarum
3168 403 3332 464 atque
3373 397 3450 449 Ie—

198 481 491 535 ποιοῦνται
522 481 632 534 τῶν
669 482 879 550 ἐναγῶς
917 484 1341 553 ἐνεργουμένων,
1395 484 1690 556 ἀφαιροῦσι
1730 485 1787 537 δέ

196 574 307 642 τὴν
340 573 596 627 ἐναντίαν
629 574 818 626 πτοίαν
853 575 946 625 καὶ
977 572 1152 640 θέλειν
1172 575 1217 607 ⁸⁸
1258 577 1323 627 ἐκ
1359 575 1468 628 τῶν
1512 575 1788 647 ἀνάνδρως

200 664 644 736 ἐνεργουμένων,
679 666 741 717 τὸ
770 666 875 735 τῆς
908 665 1173 730 θεοειδοῦς
1204 666 1368 733 ἕξεως
1393 668 1485 720 καὶ
1509 666 1788 737 δυνάμεως

198 758 512 828 ἀκρότατον
546 758 824 825 ἀναλόγως
869 758 1051 821 αὐτοῖς
1098 759 1477 813 ὐποδεικνῦσαι
1498 777 1513 793 ·
1558 759 1680 813 καθ’
1721 762 1786 830 ἣν

199 850 670 920 ἐκδειματώσουσι
712 851 907 922 μᾶλλον
925 852 971 883 ⁹⁶
1007 852 1159 905 αὐτοὶ¹
1202 853 1303 917 τὰς
1345 854 1592 918 ἐναντίας
1631 854 1789 908 δυνά-

202 962 350 1014 μεις,
377 945 473 997 καὶ
504 945 602 1015 τῆς
635 944 836 1015 ἐτέρων
872 944 1109 1014 ἰατρείας
1142 947 1558 1017 προστήσονται,
1578 946 1639 999 τὸ
1672 945 1788 999 θεο-

202 1036 464 1105 μιμητως
503 1035 757 1105 ἀκίνητον
804 1035 903 1105 μὲν
941 1035 1005 1086 ἐκ
1036 1034 1145 1087 τῶν
1179 1035 1393 1090 οἰκείων
1425 1035 1625 1101 καλῶν,
1651 1035 1786 1107 πρὸς

197 1126 256 1178 δὲ
290 1126 396 1189 τὰς
424 1126 673 1190 ἐναντίας
714 1127 902 1191 πτοίας
932 1127 1256 1199 δραστήριον
1287 1127 1387 1182 οὐκ
1430 1127 1648 1198 ἔχοντες
1694 1126 1789 1197 μός

199 1235 313 1283 νον,
350 1217 493 1271 ἀλλά
525 1220 618 1271 καὶ¹
645 1219 973 1291 δωρούμενοι
997 1238 1011 1250 ·
1046 1223 1158 1283 τοῖς
1188 1218 1245 1271 δὲ
1278 1219 1358 1283 είς
1392 1218 1513 1272 νοῦν
1548 1216 1690 1289 ἱερὸν
1722 1219 1787 1272 ἐκ

198 1316 312 1369 τῶν
355 1318 619 1388 χειρόνων
663 1320 1122 1390 μεταφοιτήσασιν
1153 1317 1264 1384 ἕξιν
1307 1317 1458 1388 ίεράν
1493 1317 1785 1372 ἐντίθενται

200 1408 341 1479 πρὸς
368 1407 451 1478 τῷ
470 1409 517 1440 ⁸⁷
545 1408 620 1479 μὴ
656 1404 809 1472 αὖθις
844 1409 949 1462 ὐπὸ
970 1408 1166 1472 κακίας
1181 1408 1383 1463 ἁλῶναι
1403 1426 1417 1439 °
1438 1410 1565 1473 τοὺς
1578 1408 1635 1462 δὲ
1650 1408 1786 1480 πρὸς

197 1502 260 1555 τὸ
302 1497 449 1555 εἶναι
494 1503 803 1570 πανάγνους
847 1502 1047 1566 ἐνδεεῖς
1082 1501 1279 1566 τελέως
1319 1499 1744 1571 ἀποκαθαίρουσι
1768 1518 1782 1535 ο

196 1597 325 1658 τοὺς
372 1596 434 1648 δὲ
483 1596 662 1666 ἱεροὺς
708 1596 927 1663 ἄγουσιν
964 1594 1057 1647 ἐπὶ
1100 1594 1197 1659 τὰς
1242 1594 1391 1657 θείας
1434 1594 1648 1657 εἰκόνας
1692 1594 1785 1647 καὶ

197 1687 437 1755 smptu;
469 1685 648 1739 αὐτῶν
675 1688 769 1740 καὶ
804 1688 1105 1750 κοινωνίας·
1142 1685 1360 1739 ἑστιῶσι
1395 1684 1451 1739 δὲ
1493 1685 1619 1749 τούς
1645 1666 1782 1739 παν-

1889 486 2099 541 ctiones
2145 486 2371 541 rudibus
2418 485 2597 542 adhuc
2627 486 2823 541 animis
2856 484 2923 539 ad
2952 484 3166 539 vitalem
3206 486 3453 553 adoptio-

1889 596 2009 635 nem
2056 580 2510 645 obstetricantur,
2562 589 2617 635 et
2663 596 2853 636 eorum
2894 581 2987 649 qui
3048 595 3076 634 a
3118 580 3455 638 daemonibus

1888 684 2176 739 vexantur,
2202 684 2446 730 sanctam
2473 685 2795 744 promovent
2818 676 3252 742 conversionem,
3281 692 3449 746 pavo.

1888 782 2108 836 remque
2133 769 2464 823 contrarium
2486 776 2539 822 et
2566 768 2873 837 pellicatnm
2905 772 3119 828 abolent
3148 787 3334 827 eorum
3359 772 3449 839 qui

1888 874 1916 913 a
1944 861 2184 914 daemone
2215 868 2436 929 propter
2457 857 2724 928 ignaviam
2753 862 3110 930 arripiuntur,
3135 864 3258 918 dum
3288 864 3451 932 218

1887 953 2142 1007 nimirum
2166 951 2294 1016 illis,
2322 951 2387 1004 ad
2418 950 2629 1005 illorum
2660 959 2876 1019 captum
2898 991 2916 1019 ,
2956 961 3130 1008 status
3164 953 3445 1008 deiformis

1886 1056 1951 1097 ac
1994 1041 2213 1095 virtutis
2257 1040 2515 1096 verticem
2560 1050 2897 1111 pr0ponnnt;
2937 1043 3079 1098 unde
3125 1047 3205 1109 fit,
3252 1054 3309 1099 ut
3347 1046 3447 1113 ipsi

1886 1134 2064 1204 potius
2092 1134 2336 1189 adversis
2362 1133 2723 1203 potestatibus
2750 1135 2947 1189 terrori
2981 1137 3112 1203 sint,
3152 1146 3316 1206 atque
3348 1152 3449 1192 cae-

1888 1225 2017 1279 teris
2045 1240 2258 1294 quoque
2291 1225 2546 1281 curandis
2576 1224 2972 1293 prmliciantur,
3010 1230 3077 1281 ad
3106 1228 3200 1282 Dei
3233 1229 3450 1297 quidem

1886 1318 2245 1374 imitationem
2296 1317 2455 1371 bonis
2494 1318 2731 1387 propriis
2774 1317 3024 1383 stabiliti,
3056 1320 3322 1375 adversus
3357 1336 3454 1375 au-

1888 1419 1993 1464 tem
2036 1419 2273 1464 terrores
2317 1409 2629 1465 contrarios
2676 1424 2782 1465 non
2827 1419 3033 1463 tantum
3074 1410 3451 1466 emcacitatem

1886 1502 2209 1567 obtinentes,
2256 1515 2441 1555 verum
2482 1502 2644 1556 etiam
2692 1500 3033 1570 largientes:
3078 1502 3145 1556 iis
3190 1517 3320 1557 vero
3360 1505 3450 1571 qui

1884 1608 1950 1649 ex
1982 1592 2358 1662 iniquitatibus
2387 1591 2453 1646 ad
2485 1599 2722 1646 mentem
2749 1599 2996 1645 sanctam
3037 1591 3333 1655 redierunt,
3360 1592 3455 1646 ba-

1884 1683 2053 1738 bitum
2101 1681 2390 1753 quemdam
2438 1691 2682 1737 sanctum
2732 1680 2996 1747 inferunt,
3049 1696 3117 1736 ne
3170 1682 3454 1752 iniquitate

200 1778 384 1848 ιέρους
432 1777 500 1841 ⁸⁸,
524 1777 580 1829 ἐν
610 1776 895 1847 μακαρίοις
956 1777 1051 1829 καὶ
1103 1779 1311 1847 νοητοῖς
1348 1774 1611 1847 θεάμασιν
1648 1776 1780 1829 ἀπο-

1886 1775 2063 1832 denuo
2084 1776 2363 1845 capiantur
2385 1791 2401 1840 ;
2424 1774 2617 1843 quibus
2637 1782 2817 1827 autem
2851 1773 2918 1827 ad
2951 1775 3321 1828 omnimodam
3354 1790 3453 1844 pn-

196 1869 508 1941 πληροῦσαι
539 1869 609 1923 τδ
631 1870 857 1934 ἐνοειδές
888 1870 1065 1925 αὐτῶν
1098 1870 1191 1925 τοῦ
1224 1871 1362 1937 ἐνὸς,
1389 1869 1483 1925 καὶ
1512 1869 1782 1924 ἐνοποιοῦ-

198 1978 307 2015 σαι.

1888 1870 2102 1923 ritatem
2147 1867 2436 1937 quidquam
2494 1868 2668 1930 deest,
2727 1866 2847 1921 illos
2895 1864 3137 1937 perfecte
3194 1868 3447 1936 expiant;

1884 1970 2102 2016 sanctos
2153 1973 2284 2013 vero
2328 1958 2396 2013 ad
2449 1957 2715 2023 imagines
2763 1958 2975 2013 divinas
3022 1967 3077 2014 et
3139 1959 3449 2013 earumdem

195 2056 509 2111 contuitum
555 2065 719 2127 atque
768 2058 1102 2113 consortium
1150 2064 1498 2126 promovent;
1552 2065 1780 2127 pascunt
1816 2055 2002 2111 itidem
2031 2068 2126 2109 eos
2162 2052 2254 2123 qui
2278 2050 2389 2121 jam
2423 2049 2581 2120 plane
2638 2050 2811 2107 sancti
2837 2061 2979 2115 sunt,
3011 2050 3195 2108 beatis.
3240 2066 3305 2106 ac
3342 2050 3453 2118 ενι-ι

196 2148 455 2211 ritalibus
484 2150 812 2221 spectaculis
841 2164 1029 2205 eorum
1064 2147 1490 2205 uniformitatem
1533 2164 1645 2206 uno
1688 2148 1778 2205 illo
1818 2146 2177 2222 adimplentes
2208 2153 2265 2200 et
2294 2142 2631 2200 unilicantes.

1758 2287 1787 2361 θ
1830 2285 1939 2347 1v.

265 2432 333 2485 Τί
369 2432 466 2498 δέ;
505 2432 639 2503 Οὐχὶ
672 2432 767 2485 καὶ
803 2430 903 2494 τὰς
939 2430 1014 2503 μὴ
1050 2428 1229 2502 πάντη
1264 2427 1534 2499 καθαρὰς,
1568 2422 1643 2484 ὧν
1676 2429 1778 2500 ἠδη

198 2526 426 2596 μνήμην
458 2524 854 2597 ἐποιησάμεθα,
888 2524 1089 2590 τάξεις,
1123 2523 1338 2595 ἀμιγῶς
1370 2522 1613 2590 ἀπολύει,
1639 2522 1781 2577 κατὰ

192 2618 287 2670 τὸν
319 2618 487 2671 αὐτὸν
518 2618 617 2688 τῆς
642 2616 911 2682 συνάξεως
942 2617 1163 2688 τρόπον,
1196 2619 1230 2688 ὴ
1259 2616 1507 2687 παροῦσα
1536 2616 1630 2671 νῦν
1660 2616 1781 2689 ιερά

192 2706 553 2778 τελετουργία
578 2708 644 2771 θ’,
688 2706 866 2776 μόνοις
908 2708 965 2759 ἐν
1010 2705 1215 2760 εἰκόσιν
1259 2708 1511 2780 ὁρωμένη
1549 2710 1661 2772 τοῖς
1707 2708 1782 2760 le-

196 2797 434 2868 ροῖς¹⁰⁰,
491 2796 587 2849 καὶ
636 2795 774 2867 πρὸς
827 2796 1001 2866 μόνων
1058 2795 1280 2867 ἀμέσως
1335 2796 1445 2851 τῶν
1507 2784 1778 2867 πανιέρων

196 2887 548 2958 ἱεραρχικαῖς
592 2887 902 2957 ἀναγωγαῖς
950 2888 1355 2960 ἐποπτευομένη
1412 2889 1506 2942 καὶ
1568 2891 1780 2961 ἱερουρ-

193 2981 482 3051 γουμένη;
516 2979 701 3033 Ταῦτα
749 2981 846 3051 μὲν
888 2974 980 3034 οὖν
1014 2980 1113 3053 ἡδη
1150 2980 1409 3046 πολλάκις
1454 2982 1589 3052 ἡμῖν
1629 2983 1781 3055 εἰρη-

196 3074 339 3145 μένα
372 3072 625 3145 περιττόν
651 3074 855 3137 ἐστινί,
883 3072 966 3137 ώς-
992 3069 1165 3144 οἶμαι,
1200 3076 1313 3137 τοῖς
1354 3075 1539 3139 αὐτοῖς
1572 3076 1779 3130 ἐπανα-

191 3166 454 3221 κυκλείν¹
475 3164 674 3233 λόγοις,
698 3165 793 3217 καὶ
827 3164 902 3237 μὴ
936 3166 1072 3238 πρὸς
1103 3166 1173 3221 τὰ
1203 3166 1329 3239 ἑξῆς
1366 3168 1661 3239 μεταϐῆναι
1692 3167 1783 3222 τὸν

194 3260 463 3329 ίεράρχην
506 3257 703 3321 ἐνθέως
747 3257 987 3330 ὁρῶντας
1035 3258 1141 3312 ὐπὸ
1190 3260 1505 3313 δυοκαίδεκα
1555 3259 1782 3332 πτέρυξι

192 3347 745 3419 περικεκαλυμμὲνον
788 3348 981 3419 ἔχοντα
1028 3350 1089 3404 τὸ
1137 3350 1278 3404 θεῖον
1320 3350 1510 3421 μύρον,
1551 3354 1644 3406 καὶ⁵
1682 3354 1782 3423 τὴν

191 3441 619 3511 παναγεστάτην
670 3440 758 3492 ἐπ’
813 3441 962 3511 αὐτῷ
1028 3442 1307 3496 τελείωσιν
1376 3444 1778 3515 ἱερουργοῦντα.

189 3534 459 3602 Λέγωμεν
509 3530 710 3596 τοίνυν,
757 3532 833 3597 ὼς
879 3536 911 3604 ὴ
956 3532 1051 3586 τοῦ
1102 3533 1272 3605 μύρου
1313 3535 1559 3599 σύνθεσις
1618 3554 1780 3590 συνα-

189 3627 347 3697 γωγή
383 3625 466 3687 τίς
499 3625 645 3676 ἐστιν
708 3624 948 3677 εὐπνόων
995 3623 1135 3678 ὑλῶν
1185 3628 1244 3677 ἐν
1296 3626 1460 3697 ἐαυτῇ
1514 3625 1781 3689 πλουσίως

191 3718 395 3788 ἔχουσα
427 3716 721 3787 ποιότητας
758 3716 1041 3786 εὐόσμους,
1073 3710 1142 3787 ἦς
1173 3718 1223 3770 οἱ
1262 3717 1617 3787 μετασχόντες
1642 3717 1779 3770 εὐω-

189 3809 491 3873 διάζονται,
526 3808 669 3863 κατὰ
690 3810 788 3879 τὴν
814 3808 1101 3877 ἀναλογίαν
1121 3806 1217 3860 τοῦ
1254 3808 1419 3862 ποσοῦ
1442 3808 1542 3878 τῆς
1565 3811 1781 3877 ἐγγενο-

194 3899 369 3971 μένης
394 3901 582 3962 αὐτοῖς
613 3898 706 3952 τοῦ
740 3898 971 3963 εὐώδους
1006 3898 1293 3971 μεθέξεως.
1328 3899 1676 3970 Πεπείσμεθα
1722 3899 1779 3952 δὲ

189 3988 331 4046 εἶναι
364 3992 459 4045 τὸν
495 3990 929 4062 θεαρχικώτατον
976 3990 1181 4063 Ἰησοῦν
1214 3991 1551 4063 ὐπερουσίως
1582 3990 1776 4063 εὐώδη,

190 4086 415 4156 νοηταῖς
472 4083 741 4137 διαδόσεσι
793 4084 856 4136 τὸ
886 4083 1073 4154 νοερὸν
1127 4082 1284 4153 ἡμῶν
1351 4082 1778 4153 ἀποπληροῦντα

191 4177 342 4242 θείας
377 4177 591 4249 ἡδονῆς.
619 4177 683 4229 El
705 4176 868 4247 γάρή
902 4176 1010 4229 τῶν
1043 4175 1316 4247 αἰσθητῶν
1349 4175 1599 4229 εὐωδῶν⁸
1633 4176 1779 4229 ἀντί-

189 4268 377 4340 ληψις,
401 4267 661 4322 εὐπαθεῖν
697 4269 840 4321 ποιεῖ
863 4268 955 4321 καὶ
974 4268 1163 4340 τρέφει
1198 4268 1294 4321 σὺν
1323 4268 1485 4339 ἡδονῇ
1520 4266 1686 4337 πολλῇ
1718 4265 1779 4319 τὸ

189 4363 298 4415 τῶν
333 4360 659 4433 ὀσφραντῶν
684 4361 839 4432 ἡμῶν
861 4360 1215 4433 διακριτικὸν,
1240 4359 1396 4432 είπερ
1422 4359 1653 4423 ἀϐλαϐές
1678 4376 1737 4412 τε
1754 4359 1777 4390 ⁸
1799 4396 1852 4457 D

189 4458 273 4528 εἴη
320 4454 580 4525 καὶπρὸς
613 4454 675 4506 τὸ
717 4454 914 4517 εὐῶδες
946 4457 1004 4508 ἐν
1058 4453 1369 4525 συμμετρία
1408 4451 1770 4523 κατάλληλον,

188 4548 471 4615 ἀναλόγως
495 4546 561 4600 ἀν
591 4562 675 4610 τις
709 4547 840 4619 φαίη
864 4548 958 4601 καὶ
981 4546 1081 4611 τὰς
1112 4544 1302 4616 νοεράς
1333 4545 1491 4617 ήμῶν
1515 4544 1774 4615 δυνάμεις

188 4639 327 4710 πρὸς
371 4638 473 4709 τὴν
497 4638 590 4691 ἐπὶ
619 4636 681 4690 τὸ
721 4640 901 4709 χεῖρον
934 4637 1125 4707 ὕφεσιν
1154 4635 1627 4709 ἀπαραφθάρτως⁵
1659 4635 1776 4689 δια-

188 4734 474 4803 κειμένας,
500 4732 557 4784 ἐν
589 4734 656 4803 τῇ
688 4731 783 4785 τοῦ
815 4733 872 4784 ἐν
906 4733 1036 4802 ἡμῖν
1068 4730 1312 4804 κριτικοῦ
1352 4733 1553 4802 φυσικῇ
1588 4727 1773 4801 ῥώσει,

189 4826 333 4880 κατά
364 4826 437 4879 τὰ
469 4824 766 4897 θεουργικά
810 4825 981 4897 μέτρα
1032 4824 1127 4879 καὶ
1168 4824 1267 4897 τὴν
1304 4824 1636 4894 κατάλληλον
1678 4823 1773 4876 τοῦ

187 4918 306 4979 νοὸς
366 4915 510 4989 πρὸς
540 4916 600 4969 τὸ
649 4916 792 4970 θεῖον
835 4914 1186 4987 ἐπιστροφὴν,
1235 4916 1291 4968 ἐν
1342 4912 1621 4986 ἀντιλήψει
1674 4914 1774 4984 τῆς

188 5007 491 5080 θεαρχικῆς
537 5007 764 5072 εὐωδίας
812 5007 1094 5076 γίνεσθαι,
1147 5008 1240 5062 καὶ
1282 5006 1576 5071 εὐπαθείας
1622 5007 1775 5078 ἱερᾶς

1953 2429 2092 2496 Quid
2128 2430 2325 2500 porro?
2363 2428 2616 2499 Nunquid
2649 2427 2813 2483 etiam
2862 2441 3096 2497 praesens
3130 2442 3252 2496 qua:
3283 2428 3461 2483 modo

1880 2521 2187 2576 celebratur
2216 2523 2557 2577 consecratio
2596 2521 2817 2575 ordines
2850 2519 2969 2574 illos
3009 2520 3101 2589 qui
3142 2534 3248 2573 non
3288 2520 3457 2589 plane

1882 2615 2068 2670 mundi
2123 2623 2268 2681 sunt,
2321 2628 2554 2685 quorum
2603 2625 2759 2669 antea
2814 2613 3147 2669 mentionem
3206 2611 3449 2675 fecimus,

1880 2707 2268 2775 impromiscue
2299 2704 2545 2771 dimittit,
2572 2719 2637 2760 eo
2658 2703 2817 2761 modo
2845 2718 2953 2775 quo
2982 2704 3043 2758 ﬁt
3072 2703 3124 2756 in
3155 2704 3369 2774 synaxi,
3400 2715 3457 2759 et

1879 2798 1934 2854 in
1965 2798 2135 2855 sacris
2167 2806 2373 2853 tantum
2406 2796 2734 2868 imaginibus
2767 2798 3009 2851 cernitur
3038 2796 3148 2861 ‘°°',
3173 2805 3227 2850 et
3256 2810 3287 2849 a
3321 2797 3450 2851 solis

1879 2891 2011 2948 viris
2050 2890 2408 2947 sanctissimis
2441 2890 2494 2944 in
2537 2890 2896 2946 hierarcbicis
2936 2888 3216 2958 anagogiis
3245 2888 3446 2945 imme-

1882 2985 2028 3040 diate
2070 2987 2406 3055 conspicitur
2444 3003 2510 3044 ac
2552 2987 2894 3044 celebratur?
2926 2987 3148 3050 Verum,
3178 2986 3295 3041 hate
3320 3000 3446 3041 cum

1883 3090 1913 3130 a
1938 3076 2092 3131 nobis
2121 3092 2493 3147 saepenumero
2523 3080 2663 3135 dicta
2690 3080 2822 3143 sint,
2851 3090 3307 3145 supervacaneum
3330 3092 3452 3133 esse

1883 3168 2122 3223 arbitror
2161 3170 2354 3225 iisdem
2386 3172 2569 3226 verbis
2600 3181 2881 3240 repetere,
2915 3169 3044 3238 quin
3074 3168 3254 3236 potius
3286 3170 3352 3223 ad
3385 3185 3448 3225 ea

1883 3274 2005 3328 quae
2055 3271 2355 3331 sequuntur
2405 3263 2754 3329 transeundo,
2806 3263 3119 3331 pontiﬁcem
3168 3265 3451 3318 videamus

1882 3354 1985 3408 alis
2027 3353 2310 3410 duodecim
2358 3353 2665 3410 obvelatum
2716 3365 3051 3426 unguentum
3099 3373 3316 3412 sacrum
3367 3366 3448 3410 tc-

1884 3456 2123 3512 nentem,
2149 3459 2215 3500 ac
2250 3446 2602 3515 purissimum
2633 3448 2686 3503 in
2715 3463 2782 3503 eo
2809 3459 3211 3504 sacramentum
3254 3465 3451 3504 conseo

1881 3546 2145 3591 orantem.
2194 3536 2444 3592 Dicamus
2484 3537 2666 3607 igitur,
2699 3541 2955 3610 unguenti
2996 3540 3454 3609 compositionem.

1882 3628 2251 3682 collectionem
2293 3630 2580 3698 quamdam
2619 3644 2742 3687 esse
2783 3631 3143 3703 fragrantium
3190 3632 3449 3686 materia-

1882 3732 2023 3784 rum,
2049 3733 2171 3787 quat
2197 3719 2250 3773 in
2281 3733 2341 3774 se
2372 3718 2576 3774 affatim
2604 3721 2979 3777 suaveolentes
3010 3724 3253 3778 continet
3279 3723 3451 3793 quali-

1881 3821 2043 3879 tates,
2073 3812 2224 3882 cujus
2264 3813 2355 3882 qui
2394 3814 2689 3883 participes
2724 3816 3019 3878 exsistunt,
3049 3814 3232 3869 odoris
3268 3815 3459 3868 suavi-

1882 3914 1990 3960 tate
2023 3904 2297 3973 afllantur,
2337 3906 2689 3977 proportione
2725 3906 3024 3977 fragrantis
3064 3922 3186 3976 qua:
3223 3908 3331 3961 illis
3369 3910 3451 3961 in-

1880 4004 1963 4048 est
2018 3994 2466 4063 participationis.
2526 3994 2739 4050 Scimus
2794 4006 2996 4063 autem,
3048 3998 3455 4053 divinissimum

1879 4085 2026 4139 illum
2054 4083 2239 4140 Jesum
2271 4086 2869 4156 suprasubstantialiter
2901 4086 3254 4158 fragrantem,
3290 4091 3449 4158 spiri-

1881 4177 2081 4231 talibus
2126 4177 2602 4233 distributionibus
2662 4190 2871 4247 partem
2922 4182 3092 4235 nostri
3148 4183 3448 4250 spiritalem

1879 4267 2059 4323 divina
2089 4268 2367 4338 voluptate
2404 4283 2673 4325 recreare.
2713 4267 2770 4321 Si
2807 4268 2950 4327 enim
2989 4286 3171 4327 rerum
3209 4273 3447 4327 sensibi-

1879 4356 2007 4412 lium
2061 4359 2429 4414 snaveolentia
2491 4369 2781 4426 nostrum,
2831 4361 2991 4419 modo
3042 4374 3209 4415 sanus
3260 4370 3315 4415 et
3366 4360 3445 4415 rei

1876 4450 2163 4506 odorifcrze
2192 4451 2372 4506 debita
2404 4452 2746 4520 proliortione
2786 4454 3223 4509 accommodatus
3252 4453 3342 4517 sit,
3368 4453 3449 4509 ol-

1876 4542 2081 4598 factum
2123 4539 2263 4599 bene
2302 4541 2487 4610 allicit,
2526 4553 2580 4598 et
2625 4559 2816 4613 magna
2845 4558 2967 4598 cum
3003 4544 3281 4614 voluptate
3320 4546 3445 4613 alit,

1877 4636 2067 4691 eadem
2102 4636 2289 4705 utique
2326 4636 2534 4690 ratione
2583 4635 2727 4690 dicat
2770 4634 2989 4704 aliquis,
3042 4637 3311 4705 spiritales
3351 4654 3446 4693 no-

1878 4738 2024 4783 stras
2073 4728 2376 4793 facultates,
2432 4728 2479 4781 si
2536 4727 2682 4781 nulla
2734 4727 2791 4785 in
2844 4727 3043 4781 malum
3083 4729 3446 4798 propensione

1878 4828 2144 4890 corruptae
2185 4818 2411 4884 fuerint,
2454 4818 2685 4873 naturali
2732 4821 2969 4889 quodam
3002 4818 3194 4887 judicii
3232 4821 3443 4891 vigore,

1881 4916 2177 4971 secundum
2222 4912 2415 4967 divina:
2459 4912 2791 4981 operationis
2822 4913 3012 4968 modos
3039 4928 3445 4983 congruamque

1883 5009 2079 5060 mentis
2112 5005 2181 5059 ad
2211 5003 2379 5060 Deum
2410 5003 2845 5069 conversionem,
2882 5004 3048 5063 divini
3092 5005 3278 5063 odoris
3317 5020 3442 5059 sua-

1498 5120 1732 5178 VARUE
1771 5117 2176 5174 LECTIONES.

241 5260 552 5333 ’ἐσφέρουσι
579 5258 635 5333 ὀέ
652 5260 752 5333 τὴν
773 5259 1023 5315 ἐναντίαν
1048 5261 1081 5332 ἥ
1104 5259 1315 5333 τοιάνδε
1338 5256 1612 5333 κάθελξιν,
1755 5256 1827 5310 Sc
1861 5327 1871 5333 _
1921 5256 1967 5287 ⁸⁸
1998 5253 2248 5333 μάλιστα,
2278 5250 2347 5305 Μ.
2405 5250 2612 5333 ’τθπρὸς
2636 5251 2715 5314 τό,
2746 5248 3237 5333 sc.nSar.n”‘lrunc
3268 5247 3441 5333 locum
3532 5268 3551 5281 ί

189 5331 259 5386 ita
297 5318 473 5407 habet
499 5331 569 5384 Μ.
600 5318 818 5407 ἐστι’ῶισι
841 5333 899 5385 δὲ
914 5318 1081 5407 ,τοὺςί
1096 5332 1366 5407 πανι-έρως
1379 5332 1464 5407 ἐν.
1475 5318 1762 5400 μακαρίοις
1790 5318 2116 5407 καξιηνοηξτῶς
2145 5324 2429 5407 θεάμασιν,
2458 5318 2640 5407 itaque
2658 5324 2818 5407 vertit
2845 5322 2934 5374 Sc.
2952 5318 3233 5407 [Rc/ici‘t‘tlnt
3256 5326 3438 5407 autem

184 5396 454 5465 quosdam
492 5399 852 5452 sacratissime
906 5400 962 5454 in
1001 5400 1169 5454 beatis
1212 5396 1568 5463 invisibiliter,
1658 5410 1769 5452 etc.

1863 5398 1907 5428 ³⁸
1935 5386 2333 5466 τελεσιουργία,
2362 5386 2462 5466 Cll.
2517 5386 2609 5466 ff”
2635 5394 2746 5466 τοῖς
2785 5386 3102 5466 ὁρωμένοις,
3128 5388 3328 5466 (ibat).
3368 5386 3437 5437 λι.

194 5456 329 5522 Sunt
417 5472 606 5531 vertit,
662 5471 926 5525 obtutibus
989 5472 1204 5526 divinis.
1268 5471 1361 5503 ‘°"~
1381 5456 1565 5525 Refert
1587 5472 1856 5534 interpres
1886 5456 2242 5537 masculinum
2269 5463 2528 5537 iapoicad
2559 5456 2874 5514 letnininu'm
2904 5456 3097 5510 εἰκόσι.
3136 5456 3287 5537 lJnde
3313 5470 3439 5537 sus-

190 5540 339 5605 picio
369 5539 549 5610 oritur
588 5525 727 5610 verti
764 5556 920 5608 posse
961 5559 974 5595 :
1006 5559 1039 5594 a
1060 5525 1291 5596 διέλθοι-ιδ
1320 5541 1373 5593 in
1415 5525 1746 5610 imaginibus
1788 5546 1996 5610 tantum
2019 5525 2347 5610 gemitum}:
2375 5525 2500 5610 solis
2532 5539 2728 5610 autem
2750 5541 3107 5610 §AN~CTI§§III§
3138 5525 3437 5610 intinfdiqta

190 5592 577 5682 conspicitur,"
615 5592 711 5682 Et};
743 5592 997 5682 rigidos;
1024 5592 1032 5594 ⁷
1066 5592 1552 5682 (conﬁsi?
1624 5611 1643 5640 ²
1673 5602 2108 5682 ἐπανακυκλοῦ-ν,
2128 5605 2226 5658 Ch.
2264 5592 2310 5682 'A’
2338 5602 2560 5682 εὐωδίας
2591 5600 2683 5682 καὶ
2709 5599 2918 5669 ἡδονῆς,
2952 5600 3007 5650 Ι).
3039 5594 3143 5648 τῶν
3166 5592 3438 5666 αἰσθητῶς

191 5670 412 5741 ἓέῶδῶν
432 5718 448 5747 ,
477 5678 534 5741 5..
625 5671 732 5753 γὰρ
756 5670 861 5734 τῶν
889 5670 1281 5753 αίώητῶφξΜ.
1323 5682 1411 5737 Sc.
1458 5670 1465 5675 ⁷
1492 5680 1515 5721 ’⁵-
1536 5680 1598 5740 τέ
1622 5694 1726 5737 non
1760 5679 1922 5734 habet
1946 5675 2011 5741 Μ.
2040 5677 2059 5707 ⁵
2085 5674 2573 5751 ἀπαραθραύστως,
2604 5670 2661 5724 Ι).
