3874 6228
425 320 528 376 479

1561 321 1623 377 8.
1660 320 1963 377 DIONYSII
1999 322 2459 383 AREOPAGI'LE

3561 337 3669 401 εοο

422 442 594 495 vitate
622 440 889 511 perfundi,
916 450 1077 511 atque
1101 455 1255 495 sacra
1284 441 1515 509 quadam
1545 442 1814 511 voluptate
1838 450 1893 495 et
1915 441 1988 497 di-

2094 444 2424 515 πληροῦσθαι
2450 445 2542 498 καὶ
2562 444 2840 515 θειοτάτης
2862 446 3086 517 τροφῆς.
3100 446 3355 517 Οὑκοῦνή
3374 450 3472 503 τοῦ
3492 450 3663 523 μύρου

423 533 705 589 viuissimo
738 530 993 585 alimento
1022 532 1232 585 satiari.
1262 529 1497 601 Ipsamet
1529 532 1692 601 igitur
1729 532 1989 604 unguenti

426 624 656 694 mystica
692 622 1031 692 compositio,
1068 622 1233 693 219
1261 624 1411 693 quasi
1448 625 1499 679 in
1535 626 1857 695 ﬁguratione
1900 640 1990 681 re-

424 732 543 772 rum
572 715 1012 786 infigurabilium,
1044 717 1332 785 ipsummet
1352 715 1535 771 Jesum
1567 718 1720 773 nobis
1750 718 1993 790 depingit

423 825 544 866 esse
575 808 776 865 fontem
806 811 1051 875 uberem,
1084 825 1115 865 e
1142 824 1249 878 quo
1280 809 1582 865 divinorum
1611 814 1841 871 odorum
1870 827 1991 867 sua-

421 904 620 958 vitates
651 902 998 966 hauriuntur,
1024 902 1151 959 dum
1185 902 1626 972 proportionibus
1659 903 1988 974 divinoprin-

426 994 697 1065 cipalibus
734 994 787 1049 in
826 1005 1035 1050 mentes
1089 996 1327 1050 maxime
1372 995 1666 1053 deiformes
1707 995 1984 1051 divinissi-

422 1104 542 1143 mos
568 1087 688 1141 illos
718 1086 941 1155 spiritus
972 1084 1229 1148 infundit.
1256 1087 1451 1156 quibus
1485 1087 1728 1143 suaviter
1758 1087 1985 1154 affectae,

421 1178 701 1248 sacrisque
739 1176 1179 1245 perceptionibus
1225 1176 1418 1247 plenae,
1458 1176 1687 1247 spiritali
1732 1177 1987 1233 alimonia

420 1271 797 1343 perfruuntur,
828 1274 956 1327 dum
997 1272 1378 1328 suaveolentes
1422 1273 1537 1329 ista:
1574 1273 1990 1331 distributiones

419 1364 604 1418 divina
638 1363 930 1429 largitione
958 1364 1257 1435 spiritalem
1294 1366 1491 1422 anima:
1528 1366 1831 1435 portionem
1858 1367 1988 1423 sub-

421 1464 569 1510 eunt.

2099 535 2397 605 ωμὸολικὴ
2433 535 2696 601 σύνθεσις,
2731 537 2807 601 ὡς
2839 538 2895 590 ὲν
2941 537 3218 610 μορφώσει
3262 540 3371 594 τῶν
3406 543 3666 613 ἀμορφὼ-

2094 644 2221 692 των,
2248 628 2408 681 αὑτὸν
2441 631 2570 699 ἡμῖν
2588 630 2893 701 ὑπογράφει
2923 630 3015 684 τὸν
3050 631 3255 701 Ἰησοῦν
3279 638 3515 706 πηγαῖον
3539 638 3665 691 ὄντα

2093 720 2202 773 τῶν
2254 720 2410 774 θείων
2465 720 2679 775 εὐωδῶν
2728 722 3059 793 ἀντιλήψεων
3112 723 3267 778 ὄλϐον
3292 765 3307 789 ,
3351 727 3664 795 ἀναλογίαις

2095 813 2408 885 θεαρχικαῖς
2440 816 2521 878 είς
2552 813 2622 867 τά
2658 815 3063 869 θεοειδέστατα⁶
3098 818 3207 871 τῶν
3243 819 3446 890 νοερῶν
3484 821 3664 874 ἀναδι-

2093 904 2251 959 δόντα
2281 908 2407 969 τοὺς
2439 906 2741 970 θειοτάτους
2773 908 2997 977 ἀτμοὺς,
3032 910 3116 979 ἐφ’
3146 904 3228 974 οἷς
3258 912 3309 963 oi
3339 911 3458 975 νόες
3491 913 3663 965 εὐπα-

2094 996 2201 1059 θῶς
2245 997 2512 1068 ἡδόμενοι,
2562 999 2656 1051 καὶ
2709 1000 2819 1054 τῶν
2853 1002 3011 1071 ίερῶν
3044 1003 3378 1076 ἀντιλήψεων
3412 1004 3663 1075 ἀποπλη-

2094 1090 2364 1161 ρούμενοι,
2386 1094 2557 1162 τροφῇ
2594 1095 2756 1164 νοητῇ
2788 1093 3044 1164 χρῶνται,
3089 1098 3154 1165 τῇ
3199 1095 3335 1165 πρὸς
3368 1095 3429 1147 τὸ
3482 1095 3665 1165 νοερὸν

2092 1182 2271 1236 αὑτῶν
2303 1182 2535 1237 είσδύσει
2566 1183 2674 1236 τῶν
2706 1184 2848 1239 κατά
2879 1184 3030 1239 θείαν
3064 1185 3279 1257 μέθεξιν
3310 1186 3530 1241 εὐωδῶν
3561 1187 3666 1245 διατ

2091 1275 2309 1331 δόσεων.

1968 1579 2121 1655 ιν.

497 1743 757 1800 Existimo
805 1751 985 1796 autem
1036 1755 1156 1796 esse
1203 1740 1570 1810 perspicuum,
1603 1740 1979 1809 superioribus
2010 1748 2053 1802 Β

420 1838 696 1902 essentiis,
746 1843 934 1904 utpote
985 1833 1370 1897 divinioribus,
1413 1832 1633 1887 fontalis
1671 1833 1988 1903 fragrantia:

421 1928 858 1985 distributionem
877 1926 1317 1996 propinquiorem
1335 1923 1737 1992 quodammodo
1756 1923 1988 1977 exsiste—

420 2036 499 2086 re,
555 2019 835 2090 magisque
890 2032 948 2073 se
998 2016 1103 2071 illis
1152 2029 1471 2085 expromere
1522 2028 1587 2069 ac
1637 2013 1983 2077 distribuere,

419 2120 634 2184 partem
665 2109 977 2166 eorumdem
1007 2109 1243 2163 maxime
1300 2104 1617 2161 deiforntem
1660 2105 1989 2174 virtutisque

419 2200 683 2272 spiritalis
704 2200 1113 2271 capacissimam
1140 2198 1343 2253 aﬂatim
1377 2196 1712 2261 mundando,
1744 2210 1810 2249 ac
1840 2195 1982 2249 mul-

420 2294 683 2364 tipliciter
710 2291 1016 2356 subeundo;
1044 2291 1108 2344 ad
1137 2292 1424 2346 inferiores
1452 2302 1655 2348 autem.
1683 2299 1738 2343 et
1761 2290 1852 2358 qui
1880 2304 1989 2343 non

418 2400 572 2453 aeque
616 2399 844 2454 capaces
869 2392 1018 2450 sunt,
1055 2398 1361 2452 supremam
1395 2384 1540 2438 illam
1570 2382 1987 2451 contemplatio-

420 2492 544 2531 nem
573 2484 739 2545 atque
763 2474 1196 2529 communionem
1236 2482 1550 2529 reverenter
1582 2474 1985 2537 contrahendo,

419 2566 662 2636 ejusdem
687 2566 1179 2635 participationem,
1211 2564 1657 2621 instillationibus
1681 2581 1871 2621 eorum
1896 2580 1987 2619 ca-

420 2657 539 2728 ptui
567 2656 1012 2721 accommodatis,
1035 2656 1217 2711 divina
1244 2657 1476 2728 quadam
1508 2657 1858 2727 proportione
1890 2656 1987 2711 de-

419 2751 624 2805 rivare.
669 2745 815 2803 Ordo
860 2748 1045 2818 itaque
1089 2748 1414 2818 Serapliim,
1476 2749 1568 2818 qui
1609 2757 1829 2803 sanctas
1869 2747 1989 2803 illas

418 2840 577 2896 nobis
599 2838 1013 2895 excellentiores
1032 2842 1295 2896 essentias
1321 2857 1483 2911 supra
1501 2842 1717 2897 modum
1742 2848 1987 2911 superat,

419 2933 478 2991 in
513 2934 616 2989 alis
655 2932 943 3002 duodecim
964 2934 1321 3003 signiﬁcatur,
1351 2944 1539 2989 astans
1574 2933 1702 2990 Jesu
1740 2943 1795 2989 et
1824 2944 1991 3002 prope

420 3024 597 3096 ipsum
631 3025 948 3090 collocatus.
995 3026 1322 3082 beatissimis
1351 3025 1467 3094 ejus
1509 3024 1986 3094 contemplationi-

420 3119 545 3184 bus,
570 3129 831 3189 quantum
861 3118 945 3173 l'as
973 3128 1075 3185 est,
1125 3135 1324 3175 vacans
1352 3129 1407 3172 et
1436 3118 1697 3187 spiritalis
1726 3118 1984 3174 distribu.

418 3209 585 3265 tionis
615 3210 667 3264 iu
700 3211 1059 3266 sanctissimis
1083 3208 1438 3278 receptaculis
1466 3217 1652 3264 sancte
1675 3208 1885 3278 plenus,
1907 3218 1982 3273 et,

421 3311 482 3357 ut
508 3301 749 3357 sensibili
780 3302 939 3357 modo
966 3302 1168 3365 dicam,
1205 3300 1432 3363 multum
1457 3301 1801 3355 decantatam
1837 3299 1985 3354 illam

419 3390 515 3448 Dei
555 3391 764 3447 laudem
797 3390 1106 3449 incessabili
1142 3406 1271 3447 voce
1300 3390 1682 3461 proclamans;
1710 3402 1866 3445 sacra
1905 3388 1984 3444 si-

419 3485 639 3555 quidem
670 3485 971 3541 ctelestium
1003 3485 1291 3554 spirituum
1341 3483 1577 3552 cognitio
1619 3492 1676 3539 et
1710 3480 1982 3538 indefessa

419 3586 531 3642 est,
547 3588 603 3632 et
626 3576 868 3631 divinum
893 3577 1054 3632 liabet
1084 3590 1323 3631 amorem
1341 3574 1778 3639 iudelicientem;
1808 3572 1988 3628 omni-

422 3683 529 3739 que
572 3668 775 3725 :nalitia
796 3678 854 3725 et
876 3668 1145 3724 oblivione
1190 3667 1441 3737 superior
1471 3667 1689 3732 existit;
1711 3666 1854 3721 unde
1873 3665 1988 3720 cla-

421 3774 541 3817 mor
575 3760 663 3815 ille
688 3759 1049 3824 incessabilis,
1083 3774 1203 3815 meo
1233 3760 1453 3829 quidem
1477 3757 1705 3827 judicio,
1742 3757 1989 3826 designat

421 3851 810 3919 settipiternam
830 3867 1018 3907 eorum
1040 3860 1095 3905 et
1118 3851 1527 3916 immutabilem,
1546 3866 1671 3906 cum
1690 3850 1835 3904 omni
1859 3866 1988 3904 con-

426 3941 668 3996 tentione
687 3952 849 4011 atque
875 3944 1171 4012 gratiarum
1206 3943 1441 4008 actione,
1474 3957 1654 3998 rerum
1682 3942 1985 3998 divinarum

424 4034 704 4090 scientiam
735 4044 898 4103 atque
921 4035 1304 4104 cognitionem.

2156 1742 2312 1795 Ἐστι
2344 1742 2419 1806 δὲ,
2456 1740 2533 1804 ὡς
2558 1737 2727 1811 οἶμαι,
2757 1740 2932 1811 δῆλον,
2964 1746 3045 1797 δτι
3078 1745 3199 1803 ταῖς
3227 1741 3366 1810 ὑπὲρ
3391 1742 3543 1809 ἡμᾶς
3569 1741 3662 1792 οὒ-

2090 1834 2249 1897 σίαις,
2278 1834 2353 1897 ὡς
2394 1833 2711 1905 θειοτέραις,
2746 1836 2779 1905 ἡ
2816 1836 2915 1905 τῆς
2948 1835 3186 1905 πηγαίας
3219 1832 3450 1895 εὐωδίας
3472 1832 3665 1885 ἀνάδο-

2088 1942 2170 1989 σις
2213 1926 2485 1997 ὲγγυτέρα
2512 1925 2626 1989 πώς
2654 1928 2789 1991 ἐστι,
2817 1928 2908 1979 καὶ
2949 1927 3146 1997 μᾶλλον
3174 1925 3342 1994 αὑτὴν
3363 1923 3382 1954 ⁷
3412 1921 3664 1990 ἐκφαίνει

2086 2018 2179 2072 καὶ
2204 2018 2507 2071 διαδίδωσιν
2529 2019 2550 2050 ⁸
2580 2020 2659 2083 είς
2688 2019 2749 2071 τὸ
2780 2019 3135 2071 διειδέστατον
3167 2017 3364 2079 αὑτῶν,
3426 2016 3522 2067 καὶ
3570 2015 3663 2067 εὑ-

2088 2109 2301 2163 εκτικδν
2329 2110 2429 2179 τῆς
2458 2110 2601 2164 κατά
2627 2110 2750 2165 νοῦν
2781 2110 3169 2181 ἀντιληπτικῆς
3194 2108 3477 2177 δυνάμεως
3502 2105 3667 2173 ἀφθό-

2086 2219 2191 2265 νως
2222 2200 2653 2272 ὑπερϐλύζουσα,
2703 2202 2795 2255 καὶ
2824 2201 3203 2264 πολυπλασίως
3239 2200 3260 2231 ⁸
3301 2198 3661 2269 είσδυομένη·

2086 2292 2223 2366 πρὸς
2264 2292 2319 2347 δὲ
2352 2292 2420 2347 τὰ
2448 2293 2556 2347 τῶν
2580 2294 2780 2365 νοερῶν
2816 2294 2859 2325 ¹⁶
2894 2292 3180 2364 ὑφειμένα,
3222 2293 3314 2345 καὶ
3355 2291 3432 2362 μὴ
3474 2288 3662 2342 ὼσαὺ-

2085 2399 2191 2446 τως
2213 2382 2453 2447 δεκτικὰ,
2481 2382 2577 2455 τὴν
2594 2383 2901 2455 ὑπερτάτην
2931 2385 2970 2415 ¹¹
2997 2384 3276 2455 ἀχράντως
3294 2380 3664 2451 ἀποκρύψασα

2088 2474 2216 2530 θέαν
2257 2478 2349 2531 καὶ
2380 2476 2616 2547 μέθεξιν,
2648 2476 2929 2544 ἀναλόγοις
2956 2476 3066 2529 τῶν
3090 2475 3425 2545 μετεχόντων
3466 2474 3663 2544 ἀτμοῖς

2086 2568 2145 2621 ὲν
2196 2566 2510 2637 συμμετρίᾳ
2550 2566 2813 2638 θεαρχικῇ
2841 2564 3145 2619 διαδίδοται.
3177 2565 3293 2617 Τῶν
3338 2563 3479 2635 ὑπὲρ
3512 2564 3665 2633 ἡμᾶς

2086 2655 2177 2713 οὖν
2204 2659 2372 2727 ἁγίων
2397 2656 2591 2712 οὐσιῶν
2617 2660 2648 2729 ή
2684 2659 2839 2710 τόσον
2869 2656 3235 2728 ὑπερκειμένη
3262 2655 3368 2708 τῶν
3404 2656 3661 2725 Σεραφὶμ

2085 2749 2258 2815 τάξις,
2300 2751 2358 2803 ὲν
2386 2752 2452 2823 τῇ
2485 2749 2593 2803 τῶν
2616 2749 2901 2821 πτερύγων
2927 2750 2971 2782 ¹²
2999 2745 3366 2801 δυοκαιδεκάδι
3396 2743 3664 2815 σημαίνε-

2084 2860 2195 2905 ται,
2236 2843 2364 2915 περὶ
2380 2842 2472 2895 τὸν
2504 2840 2713 2911 Ἰησοῦν
2743 2840 2952 2896 ἑστῶσα
2974 2840 3067 2894 καὶ
3097 2837 3373 2910 ἱδρυμένη,
3405 2838 3524 2899 τοῖς
3561 2851 3667 2905 μα-

2086 2938 2445 3009 καριωτάτοις
2473 2934 2638 2991 αὑτοῦ
2673 2934 2956 3005 θεάμασιν,
2977 2933 3051 2996 ὡς
3078 2930 3315 3002 θεμιτὸν,
3340 2927 3669 2982 ἐπιϐάλλου-

2089 3049 2176 3093 σα,
2227 3031 2323 3085 καὶ
2364 3030 2464 3101 τῆς
2494 3029 2690 3100 νοητῆς
2734 3028 3024 3090 διαδόσεως
3074 3024 3235 3096 ίερῶς
3277 3024 3336 3076 ὲν
3365 3022 3665 3089 πανάγνοις

2090 3122 2374 3191 ὑποδοχαῖς
2399 3119 2879 3191 άποπληρουμένη,
2906 3118 3000 3171 καὶ
3030 3118 3127 3189 τὴν
3152 3116 3551 3185 πολυύμνητον,
3574 3118 3663 3167 al-

2091 3215 2301 3287 σθητῶς
2327 3216 2520 3278 εἰπεῖν,
2547 3214 2826 3283 ἀσιγήτοις
2850 3212 3107 3282 στόμασιν
3133 3210 3515 3278 ἀνακράζουσα
3543 3208 3666 3260 θεο-

2089 3305 2308 3374 λογίαν·
2342 3307 2376 3378 ή
2422 3304 2530 3375 γάρ
2560 3304 2681 3376 ίιρά
2719 3304 2827 3357 τῶν
2861 3302 3243 3373 ὑπερκοσμίων
3283 3300 3419 3353 νοῶν
3459 3300 3671 3367 γνῶσις-

2089 3394 2371 3465 ἀκάματός
2417 3394 2477 3447 τέ
2518 3396 2655 3457 ἐστι,
2699 3396 2793 3447 καὶ
2830 3393 3203 3465 ἀκατάληπτον
3240 3392 3352 3462 ἔχει
3390 3391 3485 3443 τὸν
3519 3391 3667 3444 θεῖον

2091 3486 2286 3558 ἔρωτα,
2324 3486 2519 3549 κακίας
2546 3502 2605 3539 τε
2627 3485 2742 3556 ape
2772 3485 2951 3555 πάσης
2975 3484 3291 3555 ὑπέρκειται
3332 3482 3427 3536 καὶ
3451 3481 3626 3552 λήθης
3648 3497 3664 3514 ’

2093 3578 2237 3643 ὅθεν,
2261 3578 2336 3642 ὡς
2364 3576 2537 3649 οἶμαι,
2571 3578 2633 3632 τὸ
2654 3578 2752 3649 τῆς
2781 3578 3041 3648 ἀσιγήτου
3067 3575 3312 3646 κραυγῆς
3342 3575 3669 3628 ὑπαινίσσε-

2090 3687 2181 3726 ται
2215 3669 2316 3742 τὴν
2340 3669 2556 3726 αίώνιον
2600 3669 2779 3724 αὐτῶν
2816 3671 2908 3725 καὶ
2946 3669 3318 3739 ἀμετάστατον
3365 3666 3424 3718 ιν
3477 3681 3669 3720 cum

2093 3763 2184 3835 νία
2211 3763 2360 3835 πάσῃ
2394 3764 2487 3823 καὶ
2515 3760 2841 3841 εὐχαριστίᾳ
2872 3759 2981 3817 τῶν
3023 3758 3183 3821 θείων
3221 3759 3535 3829 ἐπιστήμην
3569 3757 3675 3820 καὶ,

2092 3855 2295 3927 νόησιν.

1964 4191 1992 4265 5
2036 4190 2142 4250 VI.

495 4356 850 4424 lncorporeas
906 4354 1123 4424 quidem
1182 4356 1543 4425 proprietates
1619 4355 1891 4425 serapliim
1955 4373 1983 4410 a

2161 4351 2273 4413 Τάς
2304 4350 2404 4422 μὲν
2432 4344 2525 4401 οὖν
2558 4344 2878 4416 ἀσωμάτους
2904 4343 3012 4395 τῶν
3037 4343 3278 4414 σεραφὶμ
3308 4340 3581 4409 ίδιότητας
3604 4343 3673 4395 ιν,

422 4444 724 4516 Scripturis
749 4456 934 4501 sancte
960 4445 1253 4501 sensilibus
1279 4446 1465 4516 ﬁguris
1486 4446 1681 4515 quibus
1707 4462 1793 4501 res
1822 4447 1983 4502 intel-

423 4537 629 4592 lectiles
646 4538 957 4607 exprimunt
981 4538 1226 4608 depictas
1254 4539 1304 4592 in
1324 4537 1624 4593 caelestium
1652 4537 1987 4592 bierarcliia-

423 4643 542 4681 rum
592 4629 1052 4699 descriptionibus
1099 4629 1380 4700 praeclare,
1420 4630 1496 4683 uti
1530 4639 1681 4699 puto,
1712 4633 1986 4700 spectavi-

423 4734 566 4783 mus,
617 4720 830 4787 tuisque
883 4722 1219 4791 spiritalibus
1263 4722 1433 4777 oculis
1473 4723 1849 4788 exhibuimus;
1892 4724 1985 4778 sed

424 4811 678 4878 quoniam
710 4812 1003 4868 etiamnum
1050 4813 1118 4869 iis
1148 4816 1240 4883 qui
1281 4816 1521 4882 pontiﬁci
1555 4827 1869 4871 reverenter
1893 4833 1984 4873 as-

424 4901 644 4965 sistunt,
703 4900 849 4955 illam
900 4902 1072 4970 ipsam
1112 4902 1556 4957 sublimissimam
1586 4904 1985 4959 distinctionem

426 4998 586 5056 nobis
606 5006 992 5069 repraesentant
1020 4999 1279 5063 breviter,
1311 4999 1506 5054 iterum
1534 4998 1988 5054 immaterialibus

425 5091 597 5150 oculis
628 5106 789 5161 quam
824 5090 1063 5147 maxime
1085 5090 1401 5149 deii‘ormem
1435 5106 1620 5148 eorum
1642 5090 1985 5161 splendorem

426 5181 875 5251 contemplemur.

2084 4446 2195 4507 τοῖς
2217 4441 2430 4511 Αογίοις
2458 4438 2739 4507 αἰσθηταῖς
2765 4436 2937 4488 είκόσι
2962 4432 3069 4487 τῶν
3092 4433 3297 4505 νοητῶν
3325 4432 3369 4463 ¹³
3396 4434 3667 4501 ἐκφαντο-

2092 4537 2266 4608 ρικαῖς
2293 4533 2452 4604 ίερῶς
2476 4528 2982 4611 ἀναγεγραμμένας,
3007 4529 3064 4579 ἐν
3086 4528 3196 4588 τοῖς
3214 4524 3531 4593 διακόσμοις
3551 4524 3671 4577 τῶν

2088 4624 2491 4697 ὑπερουρανίων
2521 4620 2829 4693 ίεραρχιῶν,
2852 4619 2926 4682 ὼς
2954 4615 3126 4689 οἶμαι,
3147 4616 3325 4680 καλῶς
3355 4616 3666 4686 ἐθεασάμε-

2089 4719 2177 4781 θα,
2225 4717 2318 4769 καί
2362 4718 2475 4778 τοῖς
2521 4716 2633 4777 σοῖς
2674 4714 2878 4785 νοεροῐς
2920 4709 3214 4780 ὀφθαλμοῖς
3266 4707 3660 4777 ὑπεδείξαμεν·

2088 4809 2238 4881 ὅμως
2262 4806 2446 4877 ἐπειδὴ
2472 4804 2567 4858 καὶ
2590 4802 2686 4857 νῦν
2708 4805 2758 4855 oi
2786 4803 2875 4855 τὸν
2901 4802 3158 4872 ίεράρχην
3188 4797 3350 4868 ἱερῶς
3365 4796 3665 4869 περιεστῶ-

2090 4917 2202 4965 τες,
2234 4900 2403 4969 αὑτὴν
2456 4899 2588 4969 ἡμῖν
2615 4896 2828 4966 ἐκείνην
2852 4892 3188 4947 ἀποτυποῦσι
3215 4892 3315 4963 τὴν
3347 4890 3661 4961 ὑπερτάτην

2090 4993 2447 5063 διακόσμησιν
2476 4992 2532 5042 ὲν
2561 4990 2813 5060 ἐπιτομῇ,
2832 4987 2924 5045 καὶ
2949 4985 3043 5039 νῦν
3079 4981 3399 5048 ἀῦλοτάτσις
3431 4989 3479 5019 ιι
3508 4990 3667 5061 ὕψεσι

2093 5085 2190 5158 τὴν
2218 5083 2617 5151 θεοειδεστάτην
2644 5080 2820 5133 αὑτῶν
2851 5078 3078 5148 ἀγλαΐαν
3101 5076 3360 5146 ὀψόμεθα.

1209 5386 1249 5463 δ
1724 5360 1955 5417 νΑιιιλΕ
1992 5362 2391 5421 LECTIONES.

521 5543 542 5575 '
565 5543 645 5607 εἰς
670 5556 779 5597 non
808 5542 966 5597 habet
1002 5542 1096 5611 M.,
1127 5542 1222 5596 sed
1256 5543 1516 5597 duntaxat
1538 5543 1831 5599 θεοειδέστε
1914 5589 1928 5611 ,
1959 5554 2011 5600 et
2036 5562 2182 5607 mox.
2211 5546 2337 5609 τοὺς
2361 5545 2665 5608 θειοτάτους
2691 5541 2883 5614 δηλοῦν
2911 5539 3135 5611 ἀτμούς,
3164 5554 3282 5608 qua:
3312 5538 3494 5589 omnia
3530 5534 3660 5587 red-

550 5613 700 5667 Seot.
798 5613 817 5643 ⁷
844 5613 1060 5669 ἑαυτήν.
1156 5614 1177 5644 ⁸
1204 5612 1285 5664 ἔτι
1324 5612 1420 5665 καὶ
1458 5613 1776 5669 διαδίδωσιν.
1810 5563 1906 5669 δία
1952 5620 1971 5647 ’⁸
2001 5615 2432 5669 πολλαπλασίως.
2462 5615 2523 5667 D.
2600 5616 2643 5646 ¹⁶
2688 5613 2868 5669 ἱερῶν.
2925 5613 2984 5665 D.
3062 5613 3102 5641 “
3133 5611 3273 5669 ὑπὲρ
3312 5608 3535 5669 ἀρετήνν
3589 5603 3658 5657 Μ·

428 5612 507 5686 t_|it
550 5613 700 5667 Scot.
798 5613 817 5643 ⁷
844 5613 1060 5686 ἑαυτήν.

429 5680 841 5809 8c.;ut§tuisque
875 5680 1159 5740 lectionem
1202 5683 1325 5739 Sar.
1356 5687 1641 5754 exprchit.

430 5764 582 5813 ταις.
668 5789 681 5805 .
761 5767 808 5809 c.

1156 5614 1177 5644 ⁸
1204 5612 1285 5664 ἔτι
1324 5612 1420 5665 καὶ
1458 5613 1776 5677 διαδίδωσιν,
1810 5617 1835 5668 θ

2001 5615 2432 5679 πολλαπλασίως,
2462 5615 2523 5667 ι).
2600 5616 2643 5646 ¹⁶
2688 5613 2868 5683 ἱερῶν,
2925 5613 2984 5665 Ι).

1738 5688 1778 5718 ¹¹
1809 5686 2040 5761 πτερῶν,
2070 5687 2167 5743 Ch.
2195 5686 2251 5741 S.
2289 5686 2353 5739 Μ.

3062 5613 3102 5641 ¹¹
3133 5603 3273 5707 disp
3312 5608 3535 5707 ἁρεξήν,
3589 5603 3658 5657 Μ.

3062 5681 3106 5707 ἠ.
3379 5690 3397 5707 9
3461 5689 3655 5707 υιι.ιρη.

2588 5686 2629 5718 ’³
2654 5678 2752 5741 καῖ’
2770 5683 2877 5737 τῶν
2902 5681 3106 5753 νοητῶν
3128 5720 3141 5745 ,
3174 5678 3255 5735 Μ(
3356 5678 3397 5708 ι’
3422 5678 3656 5745 άτιωταο
