3874 6228
188 324 294 386 481

1298 309 1385 371 DE
1416 313 1697 372 ECCLES.
1740 313 2139 380 HIERARCH.,
2172 316 2325 373 CAP.
2362 304 2457 372 Ν.

1752 430 1780 503 5
1821 426 1959 489 vn.

3339 316 3446 378 l8!

261 556 339 612 τδ
381 553 481 630 μὲν
509 548 601 608 οὖν
633 538 1119 624 ἀπειροπρόσωπον
1149 538 1330 601 αὐτῶν
1366 548 1460 601 καὶ
1501 545 1773 600 πολύπουν

1945 544 2108 615 220
2130 544 2357 600 inﬁnita:
2386 545 2601 615 quidem
2632 538 2801 603 facies
2842 558 3031 605 eorum
3066 551 3329 623 multique
3353 569 3448 625 pe.

186 646 589 718 ἒκφαντορικόν
622 644 787 703 ἐστιν,
821 641 897 703 ὼς
925 636 1099 710 οἶμαι,
1122 639 1221 710 τῆς
1252 637 1650 708 πολυθεάμονος
1674 637 1773 689 αύ-

185 740 303 793 τῶν
353 739 436 801 εἰς
479 735 578 798 τὰς
609 733 889 795 θειοτάτας
919 731 1211 801 ὲλλάμψεις
1247 730 1524 801 ἰδιότητος,
1554 731 1648 784 καὶ
1678 731 1776 801 τῆς

188 832 507 901 ἁεικινήτου
534 830 628 882 καὶ
652 825 953 898 πολυπύρου
968 823 1077 877 τῶν
1096 824 1254 877 θείων
1276 822 1495 893 ἀγαθῶν
1515 825 1607 895 νοή
1617 840 1771 888 σεως’

186 925 294 995 τὴν
340 922 399 975 δὲ
424 921 533 974 τῶν
564 918 801 991 πτερῶν,
821 917 895 980 ὡς
917 915 986 969 τὰ
1013 915 1185 983 Λόγιά
1206 933 1392 987 φησιν,
1426 915 1662 988 ὲξαπλῆν
1685 916 1774 970 θέ-

191 1033 301 1079 σιν,
326 1016 429 1067 οὐκ
461 1004 691 1084 ἀριθμὸν
724 1010 868 1081 ἱερὸν
898 1008 1181 1079 ἐμφαίνειν
1211 1008 1416 1078 οἴομαι,
1445 1007 1584 1061 κατὰ
1608 1007 1668 1061 τὸ
1689 1007 1775 1060 δό-

190 1107 291 1174 ξαν
309 1107 539 1177 ἑτέροις,
567 1103 681 1156 ἀλλ’
703 1104 784 1155 ὅτι
810 1102 908 1172 τῆς
956 1102 1082 1172 περὶ
1103 1101 1235 1154 Θεὸν
1258 1101 1569 1172 ὑπερτάτης
1592 1100 1777 1165 ούσίας

189 1198 289 1250 καὶ
346 1196 556 1262 τάξεως
587 1193 904 1262 ἀναγωγικά
939 1193 1032 1245 καὶ
1063 1192 1306 1245 ἀπόλυτα
1340 1192 1619 1257 παντελῶς
1662 1194 1776 1245 ἐστι

110 1359 121 1373 _
190 1292 289 1343 καὶ
322 1289 690 1361 ὑπερκόσμια,
722 1288 790 1341 τά
823 1287 1035 1358 πρῶτα,
1068 1287 1159 1340 καὶ
1191 1286 1348 1357 μέσα,
1382 1287 1475 1339 καὶ
1496 1286 1778 1341 τελευταῖα

190 1380 306 1433 τῶν
357 1380 562 1449 νοερῶν
598 1379 766 1449 αὐτῆς
810 1379 903 1431 καὶ
944 1377 1190 1431 θεοειδῶν
1230 1377 1530 1449 δυνάμεων.
1561 1377 1777 1452 Ὅθενὴ

190 1471 305 1527 τῶν
326 1472 539 1541 Λογίων
571 1472 836 1544 ἱερωτάτη
865 1470 1044 1540 σοφία,
1069 1471 1165 1543 τὴν
1185 1470 1293 1525 τῶν
1310 1470 1525 1543 πτερῶν
1550 1470 1778 1524 διάπλα-

196 1581 282 1617 σιν
313 1565 718 1636 ίεῳγράφουσα
744 1566 808 1628 ¹³,
842 1566 970 1635 περὶ
998 1562 1066 1616 τὰ
1093 1563 1282 1635 πρῶτα
1307 1562 1371 1629 ³⁸,
1397 1564 1491 1617 καὶ
1514 1562 1583 1616 τὰ
1615 1562 1775 1634 μέσα,

195 1660 291 1711 καὶ
307 1660 437 1720 τοὺς
458 1657 623 1720 πόδας
659 1657 835 1710 αὐτῶν
865 1658 1105 1728 ἐντίθησι
1140 1657 1209 1710 τά
1242 1656 1438 1729 πτερὰ,
1465 1656 1527 1710 τὸ
1552 1655 1777 1711 καθόλου

196 1751 481 1823 πτερωτὸν
510 1750 689 1803 αὐτῶν
709 1749 1053 1821 αἱνισσομένη
1102 1751 1195 1803 καὶ
1220 1744 1557 1805 παντοδαπὸν
1571 1749 1671 1820 τῆς
1688 1747 1780 1801 ἐπὶ

192 1846 258 1899 τὸ
276 1844 449 1908 ὅντως
478 1842 539 1897 δν
567 1843 919 1915 ἀναγωγιχῆς
948 1843 1245 1914 δυνάμεως.

1878 637 1971 692 des
1995 637 2322 707 significant,
2353 646 2412 691 ut
2445 640 2655 709 opinor,
2687 642 2796 694 vim
2832 644 3331 716 proprietatemque
3350 662 3445 703 eoa

1877 744 1995 783 rum
2031 745 2135 798 qua
2178 728 2375 783 multas
2400 730 2610 784 divinas
2639 742 2871 786 cernunt
2905 732 3324 802 illustrationes,
3352 741 3449 794 bo-

1877 834 2179 891 norumque
2210 822 2514 876 divinorum
2543 822 2979 892 intelligentiam,
3011 838 3130 894 quae
3161 828 3449 897 sempiter-

1878 927 1949 966 no
1999 925 2147 967 motu
2182 915 2375 977 cietur,
2419 904 2694 983 multaque
2737 926 3023 985 peragrat;
3071 932 3231 972 senas
3267 927 3448 975 autem

1879 1003 2011 1068 alas,
2044 1019 2178 1073 quas
2201 1004 2424 1073 Eloquia
2464 1015 2911 1071 commemorant,
2939 1020 3046 1059 non
3078 1009 3327 1063 existimo
3360 1025 3450 1066 sa-

1877 1111 2029 1150 crum
2055 1112 2341 1151 numerum
2368 1098 2652 1161 denotare,
2676 1107 2735 1150 ut
2759 1098 3080 1166 quibusdam
3109 1101 3326 1169 placuit,
3354 1104 3448 1158 sed

1879 1187 2026 1256 ipsas
2060 1188 2294 1242 virtutes
2326 1201 2594 1259 supremas
2634 1189 2778 1244 illius
2807 1205 2927 1259 qua:
2948 1190 3093 1245 circa
3129 1192 3293 1247 Deum
3324 1208 3453 1249 ver-

1879 1290 2033 1335 satur
2061 1282 2313 1337 essentize
2355 1296 2451 1337 seu
2482 1284 2869 1351 distinctionis,
2895 1286 3120 1355 primas.
3144 1289 3369 1352 medias,
3394 1298 3452 1345 et

1880 1383 2173 1441 extremas,
2202 1390 2320 1430 esse
2350 1375 2509 1445 plane
2536 1377 2805 1445 spiritales
2832 1394 2894 1433 ac
2922 1378 3231 1446 deifonnes,
3263 1398 3453 1453 super-

1881 1483 1946 1522 na
1973 1479 2176 1537 petere,
2195 1469 2516 1538 penitusque
2535 1469 2732 1524 liberas
2755 1471 3021 1526 exsistere
3044 1488 3108 1528 ac
3125 1489 3447 1542 suprumun-

1881 1559 2069 1616 diales.
2102 1560 2252 1615 lianc
2282 1560 2352 1615 ob
2386 1574 2605 1614 causam
2642 1562 3010 1616 sacratissima
3046 1564 3339 1633 Scriptum
3361 1580 3452 1619 sa—

1881 1651 2104 1720 pientia,
2137 1652 2260 1704 dum
2315 1650 2521 1703 alarum
2556 1651 2780 1721 ﬁguram
2835 1653 3091 1723 depingit.
3148 1655 3217 1708 ad
3266 1668 3453 1709 eorum

1884 1742 2073 1807 facies,
2108 1743 2395 1813 mediaque
2422 1757 2670 1812 corpora,
2704 1758 2767 1798 ac
2788 1745 2950 1811 pedes
2981 1760 3186 1814 pennas
3210 1746 3451 1812 adhibet,

1882 1848 1943 1892 ut
1974 1838 2232 1902 insinuet,
2288 1853 2382 1892 eas
2424 1838 2637 1905 penitus
2679 1840 2852 1894 alatas
2881 1854 3004 1895 esse
3032 1854 3196 1912 atque
3223 1843 3370 1897 omni
3400 1843 3454 1898 vi

1810 1948 1854 2004 Β
1884 1929 1951 1984 ad
1981 1931 2032 1986 id
2052 1930 2195 2001 quod
2218 1931 2490 1986 veraciter
2505 1930 2721 1988 exsistit
2743 1946 2955 1989 sursum
2978 1930 3130 1989 ferri.

1751 2075 1781 2149 ς
1812 2071 1979 2134 vm.

269 2238 336 2292 El
365 2235 424 2289 δὲ
449 2237 519 2291 τὰ
548 2236 816 2309 πρόσωπα
847 2234 1085 2302 καὶτοὺς
1108 2236 1274 2299 πόδας
1305 2235 1656 2301 καλύπτουσι,
1686 2237 1783 2292 καὶ

199 2331 389 2402 μόνοις
406 2329 659 2383 πέτονται
679 2330 721 2361 ³⁷
741 2329 925 2401 μέσοις
954 2331 1192 2402 πτεροῖς,
1219 2327 1469 2401 ἐννόησον
1499 2328 1676 2400 ίερῶς,
1700 2329 1782 2382 ὅτι

195 2420 459 2475 τοσοῦτον
488 2421 800 2495 ἐξῃρημένη
822 2421 930 2475 τῶν
964 2422 1281 2493 ὑπερτάτων
1320 2420 1516 2476 οὐσιῶν
1554 2424 1586 2493 ἡ
1630 2420 1783 2488 τάξις

197 2513 440 2585 εὐλαϐής
472 2514 589 2567 ἐστι
625 2515 757 2586 περὶ
800 2512 869 2567 τὰ
905 2505 1020 2567 τῶν
1048 2514 1285 2585 νοήσεων
1320 2514 1363 2546 ³⁸
1393 2508 1561 2586 αὐτῆς
1594 2512 1787 2584 ὑψηλό-

197 2623 337 2677 τερα
366 2607 460 2659 καὶ
487 2606 778 2677 βαθύτερα,
810 2607 904 2660 καὶ
933 2606 1117 2677 μέσοις
1142 2608 1360 2677 πτεροῖς
1381 2607 1438 2660 ὲν
1476 2606 1785 2679 συμμετρίᾳ

1959 2234 2116 2304 Quod
2168 2234 2214 2290 si
2270 2232 2438 2290 facies
2482 2234 2759 2306 pedesque
2815 2233 3098 2306 obtegunt,
3155 2236 3458 2305 mediisque

1888 2337 2097 2384 tantum
2127 2327 2230 2383 alis
2267 2327 2472 2394 volant,
2504 2328 2763 2399 intellige,
2800 2339 2905 2384 tam
2929 2339 3274 2399 praestantem
3304 2346 3456 2385 sum-

1891 2434 2097 2473 marum
2131 2429 2449 2471 naturarum
2485 2419 2729 2472 ordinem
2772 2421 3005 2474 revereri
3030 2437 3091 2473 ea
3121 2436 3240 2489 quae
3264 2421 3457 2475 altiora

1887 2510 2349 2581 profundioraque
2394 2520 2542 2575 sunt,
2584 2526 2742 2579 quam
2782 2520 2839 2565 ut
2871 2512 3219 2580 intelligendo
3244 2513 3457 2583 assequi

1886 2610 2117 2680 possint,
2145 2611 2447 2679 mediisque
2474 2608 2576 2662 alis
2609 2612 2886 2665 moderate
2910 2613 2976 2665 ad
3011 2612 3101 2665 Dei
3124 2611 3459 2681 contempla~

200 2702 343 2772 πῲς
376 2701 630 2754 θεοπτίαν
665 2701 925 2769 ἀνάγεται
954 2701 1016 2766 ¹⁹,
1064 2702 1176 2766 τοῖς
1200 2699 1362 2764 θείοις
1393 2700 1577 2770 ζυγοῖς
1600 2701 1785 2754 ὑποτι-

200 2790 363 2846 θεῖσα
391 2791 490 2864 τὴν
511 2793 718 2846 οἰκείαν
746 2791 910 2865 ζωὴν,
944 2793 1036 2847 καὶ
1066 2793 1201 2861 πρὸς
1237 2794 1413 2846 αὐτῶν
1446 2791 1607 2865 ίερῶς
1628 2792 1783 2845 εὐθε-

198 2885 445 2958 τουμένη
469 2888 603 2958 πρὸς
625 2888 724 2959 τὴν
756 2887 954 2956 ἑαυτῆς
984 2885 1457 2959 ὲπιγνωμοσύνηνι

1890 2705 2088 2759 tionem
2122 2703 2301 2767 evehi,
2332 2703 2459 2756 dum
2503 2711 2556 2758 et
2586 2702 2782 2759 divinis
2825 2703 3068 2759 lancibus
3106 2704 3271 2759 vitam
3303 2717 3458 2759 suam

1887 2793 2128 2864 subiicit,
2161 2802 2218 2850 et
2247 2793 2315 2850 ab
2341 2794 2409 2851 iis
2435 2802 2626 2849 sancte
2675 2794 2744 2849 ad
2788 2796 2871 2851 sui
2907 2796 3153 2851 notitiam
3175 2810 3462 2869 promove-

1888 2892 1997 2945 tur.

1757 3047 1787 3121 ι
1827 3043 1940 3106 1x.

260 3213 339 3265 Τὸ
354 3211 412 3264 δὲ
427 3210 541 3274 τοῖς
560 3211 774 3279 Λογίοις
803 3208 1115 3281 εἰρημένον,
1133 3210 1208 3273 ὡς
1236 3210 1532 3281 ὲκέκραγον
1546 3210 1592 3242 ³ο
1608 3208 1784 3282 ἔτερος

1968 3209 2123 3277 Quod
2170 3219 2351 3266 autem
2397 3209 2677 3281 Scriptura
2718 3213 2882 3277 dicat,
2921 3211 3203 3270 Clamabat
3231 3214 3367 3270 alter
3394 3218 3463 3273 ad

202 3306 346 3375 πρὸς
360 3304 454 3356 τὸν
472 3303 561 3355 ἒτε
569 3320 681 3374 ρον,
696 3304 870 3357 ἐκεῖνο
882 3299 1032 3373 οἶμαι
1049 3302 1261 3373 δηλοῦν,
1278 3304 1358 3357 ὅτι
1372 3304 1479 3356 τῶν
1493 3302 1784 3359 θεοπτικῶν

1896 3301 2149 3370 alterum,
2200 3303 2305 3358 hoc
2344 3304 2595 3359 existimo
2628 3303 2957 3374 signiﬁcare,
2986 3306 3127 3374 quod
3154 3305 3461 3362 divinarum

202 3396 388 3449 αὐτῶν
428 3398 667 3467 νοήσεων
710 3394 959 3466 ἀλλήλοις
988 3396 1234 3465 ἀφθόνως
1280 3396 1637 3468 μεταδιδόασι.
1684 3395 1784 3448 Καὶ

1895 3408 2118 3449 suarum
2161 3396 2430 3450 visionum
2476 3405 2529 3451 et
2571 3395 3046 3465 intelligentiarum
3096 3400 3467 3468 participatio-

201 3490 369 3542 τοῦτο
392 3490 449 3542 δὲ
481 3489 630 3559 ἱερᾶς
657 3488 976 3559 ἀξιώσωμεν
1005 3490 1226 3561 μνήμης
1243 3530 1258 3555 ,
1286 3488 1362 3553 ὡς
1387 3490 1421 3560 ἡ
1452 3489 1559 3542 τῶν
1582 3490 1784 3557 Λογίων

1895 3501 2019 3541 nem
2076 3488 2196 3541 sine
2236 3487 2437 3540 invidia
2485 3487 2588 3541 sibi
2642 3500 2829 3540 mutuo
2867 3491 3284 3544 communicent.
3324 3491 3463 3558 Quin

197 3581 592 3653 Ἐϐραίαφωνὴ
621 3582 740 3633 κατ’
770 3580 1079 3652 ὲμφατικὴν
1106 3583 1149 3613 ²¹
1174 3582 1489 3653 ἐπωνυμίαν
1515 3582 1668 3636 καλεί
1693 3581 1784 3645 τὰς

1893 3582 2054 3637 etiam
2080 3582 2180 3635 hoc
2204 3588 2505 3635 memoratu
2531 3581 2771 3650 dignum,
2801 3581 2941 3649 quod
2965 3582 3018 3635 in
3044 3584 3216 3638 sacris
3245 3582 3467 3639 Litteris

205 3672 520 3739 ἁγιωτάτας
550 3673 658 3724 τῶν
692 3674 943 3743 Σεραφὶμ
975 3674 1180 3738 οὐσίας,
1229 3676 1293 3727 ὲκ
1327 3673 1423 3727 τοῦ
1461 3673 1603 3728 κατὰ
1638 3673 1784 3727 θείαν

1893 3673 2250 3729 sanctissimae
2285 3672 2390 3727 illa:
2437 3681 2641 3727 natura:
2667 3687 2929 3741 perquam
2972 3674 3340 3743 signiﬁcanter
3364 3673 3471 3729 He-

208 3766 302 3816 καὶ
378 3762 635 3832 ἀκίνητον
654 3765 697 3794 ’³
728 3762 870 3834 ζωὴν
892 3764 1156 3836 διαπύρου
1187 3767 1280 3820 καὶ
1306 3763 1679 3836 ὑπερζέοντος.

1893 3764 2079 3820 braica
2106 3779 2237 3819 voce
2257 3763 2540 3833 Seraphim
2565 3764 2919 3833 appellentur,
2943 3768 3085 3837 quod
3100 3766 3351 3821 nimirum
3373 3780 3470 3835 per

1894 3856 2132 3911 divinam
2168 3871 2487 3925 semperque
2520 3856 2773 3911 mobilem
2798 3858 2961 3911 vitam
2984 3874 3137 3913 suam
3167 3860 3464 3929 iguescant,

1896 3960 1953 4005 et
1975 3965 2138 4021 supra
2162 3951 2383 4006 modum
2420 3951 2685 4005 ferveant.

1728 4068 1881 4141 5X.

282 4243 460 4317 Εἴπερ
490 4242 584 4298 οὖν
614 4245 680 4313 ’³,
709 4245 783 4311 ὡς
809 4248 859 4300 οἱ
893 4247 962 4301 τὰ
993 4246 1256 4322 Ἑϐραίων
1277 4252 1792 4324 ἀφερμηνεύσαντές

209 4353 399 4406 φασιν,
426 4338 478 4389 οξ
508 4338 771 4392 θειάτατοι
821 4341 1063 4413 σεοαφὶμ
1093 4343 1428 4412 ἐμπρησταὶ
1454 4346 1549 4399 καὶ
1565 4348 1795 4417 θερμαί-

206 4445 427 4495 νοντες
449 4431 555 4483 ὑπὸ
570 4431 666 4502 τῆς
688 4431 962 4501 Θεολογιας
984 4434 1397 4507 ὠνομάσθησαν,
1422 4439 1794 4513 ἐκφαντορικῷ

204 4520 312 4590 τῆς
342 4520 638 4585 ούσιώδους
665 4522 845 4577 αὐτῶν
863 4524 1031 4589 ἕξεως
1053 4526 1297 4597 ὀνόματι,
1329 4528 1423 4581 τοῦ
1450 4529 1593 4582 θείου
1621 4530 1668 4563 ⁸⁸
1702 4532 1796 4601 μύ-

210 4628 310 4683 ρου
375 4611 521 4665 κατά
567 4613 903 4686 συμϐολικὴν
950 4618 1365 4687 είκονογραφίαν
1411 4617 1795 4689 ἀνακινητικάς

1970 4255 2029 4309 Si
2060 4255 2246 4325 igitur,
2291 4264 2351 4310 ut
2400 4254 2785 4313 llebraicorum
2816 4258 3095 4311 nominum
3140 4257 3467 4331 interpretes

1899 4348 2186 4415 aﬂirmant,
2223 4349 2538 4405 divinissimi
2564 4350 2636 4404 illi
2672 4353 2948 4421 seraphim
2977 4354 3271 4406 incensores
3296 4360 3467 4424 et_ca-

1898 4442 2174 4512 lefactores
2216 4459 2245 4497 a
2280 4440 2560 4512 Scriptura
2595 4445 2966 4509 nominentur,
3016 4445 3160 4513 quod
3189 4424 3245 4498 id
3272 4460 3466 4502 nomen

1900 4544 2101 4587 Statum
2146 4547 2334 4588 eorum
2376 4515 2682 4588 naturalem
2712 4534 3004 4604 exprimat,
3064 4535 3467 4605 utique,juxta

1901 4624 2256 4694 symbolicam
2301 4624 2708 4695 etligiationem,
2770 4627 2971 4681 habent
3011 4628 3270 4699 unguenti
3301 4628 3471 4683 divini

207 4705 399 4771 txouct
432 4701 691 4772 δυνάμεις
718 4705 765 4735 ³⁸
813 4706 895 4768 είς
923 4685 1183 4775 ἐκφανσιν
1211 4685 1341 4761 αύτὸ
1372 4710 1466 4761 καὶ
1492 4685 1784 4780 δραστικω-

1900 4717 2044 4770 vires
2076 4716 2217 4782 illas,
2250 4732 2369 4786 quae
2391 4734 2605 4773 sursum
2642 4726 2808 4787 agunt
2846 4719 2909 4773 ad
2943 4719 3117 4789 ipsum
3160 4722 3471 4788 exprimen-

205 4797 388 4868 τὲρων
416 4797 606 4868 ἀτμῶν
654 4799 889 4853 διάδοσιν
939 4800 1361 4873 ὲκκαλουμένας.
1420 4802 1484 4855 Ἠ
1513 4802 1621 4874 γὰρ
1654 4803 1793 4874 ὑπὲρ

205 4891 338 4945 νοῦν
362 4890 573 4961 εὐώδης
595 4892 750 4945 οὐσία
766 4893 903 4965 πρὸς
927 4893 1035 4947 τῶν
1056 4893 1332 4965 διαπύρων
1360 4894 1454 4947 καὶ
1480 4894 1795 4966 καθαρωτά-

204 4999 320 5037 των
367 4982 506 5037 νοῶν
554 4986 635 5049 είς
667 4984 928 5055 ἕκφανσιν
962 4986 1334 5041 ἀνακινεϊσθαι
1366 4986 1527 5056 φιλεῖ,
1572 4986 1793 5051 καὶτὰς

208 5074 499 5139 θειοτάτας
534 5076 704 5149 αὐτῆς
745 5078 1029 5145 ἐπιπνοίας
1064 5080 1121 5133 ὲν
1156 5080 1469 5144 πανολϐίαις
1499 5080 1793 5134 διαδόσεσιν

206 5167 469 5237 δωρεῖται
492 5170 605 5231 τοῖς
638 5167 809 5231 οὕτως
834 5167 1001 5240 αὐτὴν
1043 5170 1429 5241 ὑπερκοσμίως
1452 5171 1793 5242 ἐκκαλουμέ-

206 5276 344 5321 νοις.
390 5259 601 5313 Οὐκοῦν
642 5261 678 5332 η
717 5260 963 5333 θειοτάτη
1006 5261 1116 5316 τῶν
1160 5263 1568 5335 ὑπερουρανίων
1600 5263 1796 5319 ούσιῶν

1900 4809 2053 4873 dum,
2084 4818 2138 4863 et
2168 4810 2235 4864 ad
2259 4810 2598 4866 eﬂicaciores
2633 4826 2860 4881 vapores
2886 4812 3291 4868 distribuendos
3331 4812 3471 4868 inci-

1903 4910 2037 4958 tant.
2097 4900 2308 4956 Etenim
2353 4902 2586 4957 essentia
2645 4902 2757 4967 illa,
2806 4900 2961 4971 cujus
3001 4902 3184 4959 odoris
3231 4904 3471 4959 suavitas

1902 5000 2134 5047 mentem
2173 5001 2413 5060 superat,
2437 4993 2506 5047 ab
2534 4993 2707 5063 igneis
2736 4994 3153 5064 purissimisque
3193 4994 3471 5049 mentibus

1903 5078 1971 5134 ad
1999 5078 2083 5132 sui
2112 5079 2605 5135 manifestationem
2630 5081 2848 5136 invitari
2879 5092 3045 5147 amat,
3074 5083 3470 5139 divinissimas-

1901 5185 2009 5239 que
2037 5184 2164 5225 suas
2195 5171 2577 5240 inspirationes
2602 5171 3046 5228 luculentissimis
3070 5174 3470 5228 distributioni-

1902 5265 2005 5319 bus
2032 5264 2339 5334 impertitur
2378 5266 2443 5320 iis
2501 5266 2592 5335 qui
2635 5266 2715 5321 sic
2762 5264 2923 5321 illam
2959 5266 3471 5337 supramundialiter

1524 5417 1754 5473 VARIIE
1793 5417 2198 5475 LECTIONES.

301 5603 348 5633 ¹⁸
374 5601 554 5655 scribe
588 5603 986 5674 ίερογραφοῦσα
1010 5645 1025 5668 ,
1057 5605 1128 5657 ita
1163 5602 1312 5657 Vien.
1388 5604 1430 5635 ¹⁶
1458 5602 1742 5673 πρόσωπα,
1774 5603 1831 5659 S.
1860 5603 1917 5658 P.
1955 5603 2057 5659 Ch.
2120 5606 2163 5637 ¹⁷
2191 5607 2469 5671 πέτανται,
2525 5607 2603 5663 Ch
2661 5609 2722 5663 D.
2762 5607 2819 5663 S.
2904 5609 2947 5641 “
2984 5607 3081 5671 τί,
3114 5615 3370 5679 νοήσεως,
3403 5609 3465 5663 D.

301 5673 497 5732 ἱγεται,
529 5672 586 5725 S.
665 5676 712 5706 ¹⁰
742 5676 1032 5732 κέκραγεν,
1064 5675 1124 5727 D.
1198 5677 1239 5707 “
1268 5675 1625 5732 ἐμφαντικήν.
1701 5678 1745 5705 ²²
1771 5675 2099 5732 ἀεικίνητον.
2130 5674 2187 5731 S.
2223 5676 2282 5730 P.
2310 5678 2410 5732 Ch.
2492 5679 2537 5711 ’³
2584 5674 2734 5732 εἷπον
2757 5676 2873 5732 οὖν.
2918 5678 2987 5732 Μ.
3018 5626 3130 5732 Ἐς.
3207 5679 3253 5712 ³⁸
3277 5679 3370 5731 τοῦ
3415 5676 3465 5732 δί

213 5674 255 5748 ζ’
280 5673 497 5748 ᾷγετα-ι,
642 5672 1036 5748 ⁷²⁰ᾲῄιέξκραγεη
1064 5675 1137 5748 D._
1198 5677 1239 5707 “
1268 5672 1625 5748 ἐμφαντικήν.
1701 5678 1750 5748 ’ξ
1771 5675 2099 5748 ἀεικίνητον,
2130 5674 2187 5731 S.
2223 5676 2282 5730 P.
2310 5678 2410 5733 Ch.
2492 5679 2537 5711 ’³
2584 5674 2734 5734 εἷπον
2757 5676 2873 5748 οὖν,
2918 5678 2987 5734 M.

718 5746 761 5776 ’³
789 5744 997 5816 ἔχοντες
1019 5746 1273 5817 δυνάμεις
1300 5748 1378 5808 εἰς
1415 5744 1670 5814 ἕκφανσιν
1696 5744 1882 5811 αὑτοῦ,
1902 5744 1981 5800 Μ.
2005 5744 2097 5803 Sc.

209 5743 380 5806 θείου,
420 5743 488 5796 Μ.
529 5744 617 5798 Sc.

3082 5695 3130 5733 c.
3195 5676 3253 5712 ’³⁸
3277 5679 3370 5731 τοῦ
3415 5676 3471 5733 δι
