3874 6228
468 323 569 380 ιεδ

1624 324 1684 381 ’8.
1721 322 2020 384 ΒΙΟΝΊΞΙΙ
2054 322 2515 389 ΑΚΕΟΡᾹΕΙΤᾹΞ

3607 344 3713 400 881

474 441 798 494 ξηνίιειιηιηι.
863 438 1212 509 Nequaquam
1268 440 1431 511 igitur
1479 441 1850 498 divinissimus
1880 444 2011 515 22]

2142 448 2313 515 τάξις,
2338 451 2436 503 οὐκ
2462 452 2695 523 ἠγνόηκε
2720 450 2767 504 τί
2792 471 2813 506 θ
2831 452 3265 523 θεαρχικὼτατον
3306 457 3517 531 Ἰησοῦν
3544 463 3628 528 είς
3653 466 3714 518 τδ

465 531 770 586 cmleslium
800 530 1167 585 essentiarum
1193 532 1325 586 ordo
1357 533 1657 602 ignorabat,
1679 531 1862 588 Jesum
1895 537 2029 590 divi-

466 624 755 678 nissimum
797 623 1247 677 sanctiﬁcationis
1270 638 1401 693 ergo
1431 626 1812 692 descendisse;
1848 642 2034 682 verum

466 715 695 778 sciebat,
723 715 924 784 ipsum,
971 726 1193 784 propter
1222 716 1459 770 divinam
1491 728 1546 772 et
1583 716 1907 773 ineffabilem
1938 720 2037 774 bu-

465 811 693 864 nitatem
725 826 902 873 suam,
936 820 1125 864 sancte
1154 825 1212 865 se
1235 811 1303 865 ad
1328 822 1512 865 nostra
1552 813 1858 879 demisisse,
1884 824 1939 869 et
1968 818 2037 871 ab

468 901 702 969 ipsomet
744 902 901 957 Patre
924 902 1240 972 Spirituque
1282 904 1517 959 humano
1546 921 1695 960 more
1724 908 2030 961 sanctifica-

464 1002 576 1047 tum
602 1009 851 1055 cernens,
884 996 1155 1064 proprinm
1187 997 1508 1065 agnoscebat
1542 999 1864 1067 principium
1892 1001 1944 1053 in
1970 1000 2033 1056 iis

459 1100 581 1154 quae
611 1086 870 1140 divinitus
904 1088 1097 1154 agebat
1149 1088 1439 1141 secundum
1470 1088 1763 1143 essentiam
1795 1091 2034 1146 invaria»

462 1186 594 1231 tum.
620 1178 799 1244 Quare
835 1180 1053 1234 traditio
1081 1194 1363 1234 sacrorum
1389 1181 1779 1251 symbolorum,
1798 1184 1924 1236 dum
1952 1186 2032 1237 di-

458 1271 640 1324 vinum
690 1278 1035 1338 unguentum
1064 1282 1438 1337 consecratur,
1484 1273 1758 1343 seraphim
1786 1277 2026 1344 apponit,

456 1371 516 1414 ut
546 1361 820 1416 Christum
854 1364 1074 1417 denotet
1111 1379 1173 1417 ac
1204 1363 1492 1430 describat,
1543 1365 1595 1420 in
1643 1365 1896 1421 universa
1932 1383 2030 1420 na-

459 1462 591 1507 tum
617 1454 865 1508 humana:
892 1464 1091 1509 nostra:
1118 1457 1485 1525 assumptione
1512 1459 1565 1511 in
1593 1474 1651 1513 se
1685 1458 2027 1513 immutatum

455 1545 839 1612 permansisse.
865 1545 930 1599 Et
952 1546 1092 1614 quod
1128 1546 1363 1601 divinius
1386 1556 1470 1602 est
1494 1550 1558 1602 ad
1586 1564 1803 1604 omnem
1835 1550 1912 1604 rei
1942 1565 2029 1603 sa-

454 1651 560 1691 crae
598 1636 1059 1692 consecrationem
1092 1639 1275 1692 divino
1312 1640 1482 1694 utitur
1509 1651 1804 1709 unguento,
1852 1642 2025 1694 mani-

454 1726 590 1783 feste
616 1730 1017 1793 demonstrans,
1039 1729 1191 1798 juxta
1227 1730 1553 1800 Scripturas,
1584 1748 1705 1787 eum
1753 1734 1844 1802 qui
1896 1748 2021 1787 san-

2140 538 2457 607 ἁγιάζεσθαι
2477 540 2873 611 κατεληλυνότα
2892 560 2904 572 ·
2939 547 3049 597 νοεῖ
3075 546 3130 599 δὲ
3158 547 3316 600 αὐτὸν
3336 550 3501 623 ἱερῶς
3520 554 3579 604 ὲν
3602 559 3712 619 τοῖς

2137 630 2257 683 καθ’
2288 633 2433 702 ἡμᾶς
2462 632 2650 683 ἑαυτὸν
2672 632 2869 701 ύφςντα
2901 634 2987 686 διὰ
3011 634 3159 687 θείαν
3191 639 3285 689 καὶ
3306 640 3547 711 ἄρρητον
3577 643 3699 709 ἀγσο

2137 720 2357 792 θότητα,
2405 724 2498 775 καὶ
2532 722 2669 792 πρὸς
2708 721 2800 775 τοῦ
2842 723 3071 791 Πατρὸς,
3113 726 3276 778 αὐτοῦ
3311 729 3358 759 ³⁸
3388 744 3449 780 τε
3496 730 3708 783 καὶτοῦ

2136 811 2469 882 Πνεύματος,
2495 814 2975 886 ἀνθρωποπρεπῶς
2996 816 3351 887 ἀγιαζόμενον
3376 820 3588 891 ὁρῶσα,
3611 824 3705 892 τὴν

2133 904 2338 957 οἰκείαν
2383 902 2521 957 οἶδεν
2564 907 2756 975 ἀρχὴν,
2798 909 2856 959 ὲν
2899 902 2982 970 οἷς
3018 908 3083 959 ἂν
3122 908 3425 979 θεαρχικῶς
3474 912 3601 983 δρᾷ,
3644 914 3702 965 τὸ

2134 996 2254 1049 κατ’
2287 997 2472 1050 ούσίαν
2508 998 2857 1052 ἀναλλοίωτον
2879 1000 3121 1069 ἔχουσαν.
3156 1001 3315 1054 Ὅθεν
3335 1007 3367 1073 ἡ
3404 1004 3515 1056 τῶν
3544 1006 3705 1075 ἱερῶν

2136 1089 2415 1160 συμῶλων
2463 1091 2759 1162 παράδοσις
2804 1090 3147 1164 ἀγιαζομένῳ
3184 1095 3263 1164 τῷ
3293 1095 3419 1165 θείῳ
3452 1098 3496 1128 ³⁷
3552 1099 3703 1169 μύρῳ

2131 1183 2258 1247 τοὺς
2290 1186 2539 1255 σεραφὶμ
2568 1186 2915 1257 παρίστησιν,
2955 1189 3369 1259 ἀπαράλλακτον
3393 1192 3572 1243 εἰδυῖα
3611 1196 3701 1245 καὶ

2130 1270 2501 1341 διαγράφουσα
2546 1272 2635 1325 τὸν
2683 1274 2936 1343 Χριστὸν,
2986 1276 3043 1327 ὲν
3088 1279 3154 1345 τῇ
3199 1276 3317 1328 καθ’
3356 1279 3505 1347 ἡμᾶς
3548 1278 3697 1349 ὁλικῇ

2130 1363 2265 1434 πρὸς
2301 1362 2556 1433 ἀλήθειαν
2582 1364 3004 1436 ἐνανθρωπήσει.
3030 1367 3139 1419 Καὶ
3162 1366 3380 1436 προσέτι
3406 1366 3467 1420 τὸ
3497 1368 3698 1422 θειότε-

2131 1473 2244 1527 ρον,
2279 1456 2360 1509 ὅτι
2381 1455 2459 1526 τῷ
2486 1455 2614 1527 θείῳ
2644 1456 2798 1528 μύρῳ
2830 1458 3025 1527 χρῆται
3046 1458 3179 1528 πρὸς
3206 1460 3403 1521 παντὸς
3426 1458 3579 1530 ἱεροῦ
3610 1477 3697 1512 τε-

2128 1545 2490 1617 λεσιουργίαν,
2522 1547 2764 1619 ἐναργῶς
2790 1548 3214 1601 ύποδεικνύουσα
3240 1546 3305 1611 ¹⁸,
3333 1548 3475 1601 κατὰ
3499 1550 3566 1601 τὸ
3596 1552 3696 1602 A6-

2127 1656 2262 1707 γιον,
2295 1641 2583 1709 ἀγιάζοντα
2604 1641 2692 1692 τὸν
2727 1640 3099 1710 ἀγιαζόμενον,
3131 1640 3206 1703 ὼς
3231 1640 3317 1693 ἀεὶ
3342 1642 3540 1694 ταύτὸν
3571 1642 3695 1695 ὄντα

2128 1731 2173 1762 ²¹
2209 1730 2386 1801 ἑαυτῷ
2427 1730 2566 1783 κατὰ
2609 1732 2787 1784 πᾶσαν
2830 1730 2927 1800 τὴν
2966 1730 3257 1801 θεαρχικὴν
3300 1731 3692 1803 ἀγαθουργίαν.

453 1820 804 1879 ctiticandum
830 1821 1156 1884 sanctiﬁcat,
1180 1831 1236 1875 ut
1263 1822 1352 1891 qui
1380 1837 1590 1891 semper
1614 1824 1713 1878 sibi
1749 1823 1846 1891 ipsi
1872 1823 2011 1877 simi-

2126 1822 2213 1877 Διὸ
2246 1824 2462 1893 καὶτῆς
2497 1825 2647 1893 ἱερᾶς
2675 1824 3007 1892 θεογενεσίας
3044 1824 3076 1892 ἡ
3112 1824 3489 1894 τελεσιουργὸς
3514 1826 3693 1896 δωρεὰ

450 1911 537 1974 lis,
574 1922 734 1982 atque
765 1914 904 1969 idem
939 1914 1008 1969 sit
1039 1914 1091 1968 in
1120 1916 1264 1969 omni
1304 1916 1492 1970 divina:
1520 1916 1867 1983 benignitatis
1891 1931 2020 1984 ope-

451 2006 699 2069 ratione;
746 2016 1074 2075 quapropter
1130 2006 1293 2061 etiam
1349 2008 1543 2061 divina:
1597 2009 2017 2079 regenerationis

449 2096 646 2150 donum
708 2107 763 2151 et
814 2098 986 2166 gratia
1044 2099 1330 2167 perﬁciens
1384 2098 1708 2152 divinissimi
1760 2102 2015 2170 unguenti

448 2188 947 2242 consecrationibus
994 2200 1419 2244 consummatur.
1472 2189 1645 2255 Unde,
1698 2202 1755 2244 ut
1801 2190 2011 2260 Opinor,

446 2276 610 2328 etiam
674 2275 724 2328 in
786 2276 1160 2345 baptisterium
1222 2279 1580 2349 expiatorium
1643 2290 2011 2349 unguentum,

446 2364 850 2432 aspersionibus
874 2366 925 2418 in
950 2366 1129 2420 crucis
1151 2366 1379 2421 formam
1404 2368 1694 2437 expressis,
1721 2366 2011 2421 infundens

444 2456 712 2524 pontifex,
756 2457 1082 2513 mentalibus
1111 2460 1282 2513 oculis
1320 2456 1419 2513 sub
1446 2468 1723 2529 aspectum
1753 2459 1923 2527 ponit,
1957 2468 2014 2511 ut

444 2551 511 2601 ad
542 2559 768 2605 mortem
800 2564 969 2620 usque
998 2549 1157 2606 Jesus
1190 2551 1241 2605 in
1275 2564 1437 2606 cruce
1482 2566 1581 2621 pro
1614 2551 1791 2606 divina
1826 2560 2009 2604 nostra

446 2642 860 2711 regeneratioue
887 2641 1187 2705 demersus,
1237 2642 1418 2698 divino
1456 2643 1547 2698 illo
1579 2652 1632 2697 et
1667 2641 2011 2711 insuperabili

444 2733 706 2787 descensu
741 2733 791 2787 in
825 2742 997 2788 morte
1020 2748 1114 2787 sua
1139 2734 1439 2803 baptizatos
1468 2736 1766 2789 secundum
1799 2748 2011 2789 oracu-

442 2824 551 2878 lum
577 2839 858 2891 arcanum,
884 2839 949 2879 ex
982 2825 1202 2893 antiqua
1238 2827 1429 2881 mortis
1453 2826 1819 2897 corruptibilis
1861 2826 2007 2897 deje-

420 2912 844 2988 ctionebenigne
896 2918 1209 2986 vindicarit,
1241 2929 1293 2974 et
1349 2919 1414 2973 ad
1452 2920 1690 2975 divinum
1718 2930 2007 2977 aeternum-

441 3025 543 3078 que
574 3018 771 3064 statum
797 3010 1091 3065 innovarit.

2125 1915 2217 1968 καὶ
2247 1916 2421 1985 χάρις,
2457 1916 2512 1967 ὲν
2540 1918 2656 1979 ταῖς
2680 1914 2774 1968 τοῦ
2805 1915 2973 1987 μύρου
3006 1915 3235 1970 τελεῖται
3271 1916 3581 1980 θειοτάταις
3612 1934 3695 1969 τε-

2125 2006 2421 2061 λειώσεσιν.
2463 2007 2643 2071 Ὅθεν,
2691 2006 2765 2071 ὡς
2797 2004 2966 2079 οἶμαι,
3003 2009 3095 2062 καὶ
3130 2009 3208 2079 τῷ
3246 2008 3571 2079 καθαρτικῷ
3605 2009 3694 2078 βα-

2126 2098 2431 2169 πτιστηρίῳ
2457 2096 2519 2151 τὸ
2543 2098 2710 2168 μύρον
2738 2099 2796 2151 ὲν
2833 2099 3195 2170 σταυροειδέσι
3240 2099 3420 2168 βολαῖς
3454 2100 3693 2169 ἐπιχέων

2120 2190 2149 2241 ὁ
2171 2189 2452 2259 ίεράρχης,
2483 2189 2572 2241 ὑπ’
2600 2189 2720 2258 (Adv
2750 2190 2795 2223 ³⁸
2823 2193 2945 2260 ἄγει
2968 2191 3080 2251 τοῖς
3108 2190 3461 2260 θεωρητικοῖς
3493 2189 3693 2257 ὀφθαλ-

2123 2283 2263 2350 μοῖς,
2296 2282 2453 2352 ἄχρις
2476 2279 2542 2336 ἂν
2567 2280 2607 2312 ³⁸
2634 2279 2726 2333 καὶ
2763 2280 2933 2334 αὑτοῦ
2960 2281 3186 2336 θανάτου
3218 2281 3304 2334 διὰ
3328 2280 3573 2351 σταυροῦ
3605 2282 3692 2335 τὸν

2129 2381 2334 2453 Ἰησοῦν
2378 2382 2519 2453 ὑπὲρ
2562 2382 2662 2451 τῆς
2707 2382 2861 2452 ἡμῶν
2910 2382 3245 2451 θεογενεσίας
3292 2383 3693 2453 καταδυόμενον

2113 2477 2248 2547 αὐτῇ
2280 2478 2343 2547 τῇ
2370 2476 2489 2547 θεία
2520 2479 2611 2530 καὶ
2637 2478 2927 2548 ἀκρατήτῳ
2950 2477 3177 2547 καθόδῳ,
3217 2479 3342 2541 τοὺς
3369 2480 3451 2541 είς
3472 2478 3570 2529 τὸν
3597 2478 3691 2531 θά-

2114 2585 2271 2621 νατον
2318 2567 2481 2621 αὑτοῦ
2516 2566 2656 2621 κατά
2684 2568 2745 2622 τὸ
2777 2568 3005 2639 κρύφιον
3031 2568 3207 2636 λόγιον
3232 2567 3687 2638 βαπτιζομένους,

2114 2660 2178 2712 ὲκ
2202 2659 2301 2729 τῆς
2321 2660 2413 2713 τοῦ
2446 2659 2765 2731 φθοροποιοῦ
2800 2654 3029 2714 θανάτου
3064 2662 3296 2724 παλαιᾶς
3330 2661 3690 2724 καταπόσεως

2116 2750 2512 2821 ἀγαθοπρεπῶς
2537 2749 2860 2803 ἀνασπῶντα
2883 2752 2976 2803 καὶ
2999 2752 3411 2815 ἀνακαινίξοντα
3436 2751 3577 2819 πρὸς
3608 2750 3693 2803 εν-

2116 2842 2237 2897 θεον
2267 2846 2357 2898 καὶ
2382 2844 2595 2897 αἰώνιον
2618 2844 2661 2876 ⁸³
2694 2842 2943 2915 ὕπαρξιν.

1950 3135 2122 3213 {XL

503 3319 644 3387 Quin
694 3318 857 3373 etiam
930 3319 979 3373 ei
1054 3320 1144 3390 qui
1204 3321 1548 3378 sanctissimo
1601 3321 1798 3378 divinze
1842 3335 2067 3395 τοδε-ρ

2183 3320 2340 3375 Ἀλλὰ
2388 3319 2492 3392 μὴν
2539 3320 2632 3373 καὶ
2688 3317 2833 3387 αύτῷ
2887 3316 2966 3386 τῷ
3024 3314 3330 3368 τελεσθέντι
3370 3315 3475 3381 τὴν
3521 3311 3687 3383 ἱερω-

436 3411 733 3465 neratiunis
800 3425 959 3465 sacro
1033 3412 1279 3469 initiatus
1342 3424 1426 3469 est
1479 3429 1862 3469 cnnsummans
1909 3412 1999 3469 illa

2118 3415 2274 3484 τάτην
2318 3414 2416 3483 τῆς
2460 3410 2798 3479 θεογενεσίας
2836 3409 3057 3477 τελετὴν
3101 3406 3198 3476 τὴν
3246 3404 3337 3457 τοῦ
3382 3402 3685 3475 θεαρχικοῦ

435 3503 619 3556 unctio
672 3502 838 3557 divini
906 3502 1138 3573 Spiritus
1195 3506 1443 3576 illapsum
1494 3506 1775 3577 elargitur,
1822 3521 1999 3571 saera,

433 3594 509 3647 uti
543 3607 685 3658 reor,
714 3594 1077 3664 symbolorum
1112 3598 1327 3652 tictione
1372 3600 1475 3652 hoc
1525 3598 1626 3651 sub
1685 3596 1872 3651 oculos
1901 3611 2001 3667 po-

434 3695 620 3749 nente,
649 3686 919 3754 quomodo
949 3688 1017 3741 ab
1043 3687 1196 3755 ipso,
1243 3689 1331 3757 qui
1368 3696 1589 3759 propter
1631 3703 1731 3743 nos
1760 3688 2001 3742 humano

429 3791 584 3831 more
609 3778 811 3847 Spiritu
844 3780 937 3834 Dei
972 3783 1253 3851 principali
1281 3783 1657 3837 sanctificatus
1683 3827 1696 3851 ,
1724 3783 1998 3837 essentiali

429 3868 730 3923 divinitatis
748 3885 858 3925 sum
878 3879 1018 3925 statu
1048 3872 1336 3938 invariato,
1360 3874 1733 3929 divinissimus
1764 3873 1852 3928 ille
1884 3873 2000 3943 Spi-

429 3959 567 4014 ritus
615 3962 856 4015 donetur.

2110 3508 2423 3577 Πνεύματος
2447 3504 2819 3573 ἐπιφοίτησιν,
2865 3503 2898 3572 ή
2941 3499 3035 3554 τοῦ
3071 3499 3242 3571 μύρου
3288 3497 3543 3568 δωρεῖται
3595 3515 3689 3551 τις

2109 3598 2360 3669 λειωτικὴ
2388 3597 2584 3668 χρίσις,
2612 3594 3013 3665 ύποτυπούσης,
3062 3592 3137 3655 ὼς
3182 3587 3357 3662 οἶμαι,
3382 3591 3482 3660 τῆς
3521 3594 3685 3661 ἱερᾶς

2107 3693 2215 3746 τῶν
2280 3690 2560 3761 συμόὁλων
2608 3686 3042 3758 είκονογραφίας,
3109 3685 3202 3736 ὑπ’
3252 3682 3417 3736 αὑτοῦ
3466 3682 3563 3736 τοῦ
3609 3683 3685 3735 δι’

2100 3783 2247 3852 ἡμᾶς
2292 3777 2775 3849 ἀνθρωποπρεπῶς
2823 3776 2901 3845 τῷ
2926 3774 3199 3845 θεαρχικῷ
3246 3774 3528 3845 Πνεύματι
3577 3791 3684 3826 καρ-

2101 3872 2499 3942 θαγιασθέντος,
2527 3867 2863 3937 ἀναλλοιώτῳ
2898 3866 2998 3935 τῆς
3060 3864 3349 3929 ούσιώδους
3418 3865 3682 3936 θεότητος

2101 3965 2209 4030 ἕξει
2239 4004 2253 4025 ,
2301 3962 2361 4015 τὸ
2409 3960 2678 4014 θειότατον
2710 3958 2931 4029 Πνεῦμα
2956 3957 3380 4030 χορηγούμενον.

1928 4110 1956 4181 §
1992 4106 2136 4168 xu.

496 4244 609 4301 Hoc
657 4247 818 4301 etiam
876 4259 1065 4304 sancte
1138 4250 1400 4316 observa,
1465 4261 1523 4305 nt
1583 4251 1988 4305 sacratissimo-

423 4350 540 4390 rum
608 4336 695 4392 illa
756 4338 840 4393 lex
914 4343 1295 4411 mysteriorum
1350 4342 1659 4410 purissimis
1728 4338 1989 4409 unguenti

420 4430 777 4486 sacratissimi
810 4430 1164 4487 aﬂ'ttsionibus
1197 4434 1360 4487 divini
1392 4448 1609 4503 quoque
1648 4433 1838 4487 altaris
1856 4446 1990 4486 cou-

420 4523 777 4577 secratiouem
810 4524 1079 4593 perﬁciat.
1136 4524 1232 4579 Est
1264 4526 1453 4595 utique
1483 4525 1893 4595 supracazlestis
1924 4538 1989 4578 ac

2160 4249 2267 4302 Καὶ
2308 4246 2542 4300 τοῦτοδὲ
2572 4240 2900 4314 ἱεραρχικῶς
2955 4240 3226 4311 ἐννόησον,
3276 4241 3357 4294 ὅτι
3404 4239 3501 4292 καὶ
3566 4238 3670 4292 τοῦ

2091 4344 2233 4397 θείου
2298 4340 2679 4410 θυσιαστηρίου
2742 4336 2841 4406 τὴν
2918 4334 3067 4407 ἱερὰν
3122 4332 3402 4387 τελείωσιν
3460 4332 3494 4401 ἡ
3555 4331 3675 4384 τῶν

2092 4433 2409 4503 ἁγιωτάτων
2433 4429 2628 4483 τελεῶν
2654 4429 2978 4499 θεσμοθεσία
3002 4428 3066 4491 ³³,
3090 4429 3208 4487 ταῖς
3247 4423 3340 4477 τοῦ
3370 4423 3672 4493 ἱερωτάτω

2096 4524 2266 4594 μύρου
2290 4522 2627 4591 τελετουργεῖ
2673 4520 2718 4550 ³⁸
2746 4517 3045 4586 παναγέσιν
3093 4513 3430 4584 ὲπιχύσεσιν.
3506 4512 3669 4564 Ἔστι

418 4614 959 4680 supersubstantialis
1018 4618 1133 4669 haec
1186 4616 1367 4670 divina
1427 4617 1675 4685 operatio
1725 4617 1992 4668 universa

2118 4614 2147 4665 ὲ
2172 4611 2560 4683 ὑπερουράνιος
2601 4610 2643 4641 ⁸⁵
2668 4611 2760 4662 καὶ
2784 4607 3105 4680 ὑπερούσιος
3131 4607 3163 4677 ἡ
3187 4602 3387 4674 θεωρία
3434 4602 3502 4667 ³⁸,
3556 4603 3667 4656 ’πά-

420 4702 680 4755 divinitus
724 4704 878 4759 nobis
912 4708 1171 4775 praestita:
1204 4708 1655 4761 sanctificationis
1696 4709 1907 4761 initium
1933 4716 1987 4760 et

2118 4718 2191 4772 της
2216 4702 2310 4771 τῆς
2353 4698 2679 4770 θεουργικῆς
2724 4697 2878 4769 ἡμῶν
2930 4695 3245 4765 ἁγιαστείας
3290 4695 3331 4725 ³⁷
3375 4692 3521 4764 ἀρχὴ
3570 4694 3669 4745 καί

416 4793 650 4846 essentia
683 4796 959 4863 virtusque
989 4797 1307 4867 perfectiva.
1363 4798 1573 4853 Etenim
1611 4800 1653 4852 si
1686 4798 1861 4860 Jesus,
1888 4796 1979 4865 qui

415 4891 499 4935 est
530 4883 701 4937 altare
765 4898 1011 4939 nostrum
1064 4888 1464 4941 divinissimutn
1497 4889 1679 4942 divina
1717 4898 1800 4942 est
1838 4886 1980 4940 divi—

416 4990 609 5027 narum
674 4976 934 5030 mentium
974 4981 1348 5044 consecratio,
1404 4980 1456 5033 in
1520 4995 1628 5047 quo
1680 4982 1975 5034 secundum

415 5062 749 5132 Scriptttram
803 5067 1149 5127 sanctit‘tcati.
1186 5078 1242 5123 et
1297 5072 1527 5141 mystice
1558 5072 1607 5124 in
1644 5087 1847 5125 morem
1880 5072 1979 5125 ho-

412 5151 638 5209 locausti
699 5158 1033 5210 concremati
1064 5197 1078 5221 ,
1114 5174 1393 5215 accessum
1426 5164 1760 5227 obtinemus,
1792 5178 1981 5230 supra-

413 5248 699 5302 tuundanis
756 5247 927 5303 oculis
961 5248 1123 5318 222
1150 5251 1541 5307 divinissimum
1611 5256 1738 5309 illud
1800 5255 1978 5308 altare

2088 4792 2245 4845 ούσία
2293 4791 2386 4845 καὶ
2432 4790 2807 4862 τελεσιουργὸς
2878 4788 3123 4859 δύναμις.
3176 4788 3239 4839 Εἰ
3283 4787 3391 4855 γάρ
3440 4787 3562 4837 ἐστι
3606 4787 3670 4839 τὸ

2086 4882 2353 4937 θειότατον
2406 4883 2557 4953 ὑμῶν
2604 4882 2985 4954 θυσιαστήριον
3043 4876 3267 4950 Ἰησοῦς,
3318 4878 3354 4947 ἡ
3392 4874 3667 4946 θεαρχικὴ

2086 4973 2195 5026 τῶν
2230 4974 2387 5026 θείων
2435 4972 2571 5026 νοῶν
2615 4972 2931 5043 ἁφιέρωσις,
2979 4972 3035 5023 ὲν
3079 4963 3123 5037 ᾧ
3171 4968 3311 5021 κατὰ
3351 4966 3413 5020 τὸ
3462 4967 3664 5035 Λόγιον

2086 5065 2485 5136 ἁφιερούμενοι,
2534 5063 2626 5115 καὶ
2676 5061 2948 5132 μυστικῶς
3009 5058 3481 5130 ὁλοκαυτούηενοι,
3558 5056 3662 5128 τὴν

2086 5155 2448 5227 προσαγωγὴν
2495 5155 2707 5223 ἔχομεν,
2758 5153 3140 5224 ὑπερκοσμίοις
3188 5150 3484 5221 ὀφθαλμοῖς
3528 5149 3663 5202 ἐπο-

2085 5246 2406 5316 πτεύσωμεν
2463 5245 2594 5297 αὐτὸ
2627 5245 2687 5297 τὸ
2737 5245 3005 5298 θειότατον
3054 5244 3435 5315 θυσιαστήριον
3481 5242 3570 5312 (ὲν
3614 5232 3660 5307 ᾧ

1709 5386 1942 5442 VABUE
1979 5382 2385 5441 LECTIONES.

483 5562 523 5595 '“
548 5562 760 5626 ἑαυτοῦ,
788 5563 846 5615 D.
888 5561 946 5617 S.
977 5563 1037 5618 P.
1126 5564 1170 5595 ’7
1205 5563 1332 5663 Oeftp
1355 5579 1458 5617 non
1492 5563 1686 5617 habent
1710 5563 1777 5617 M.
1813 5566 1875 5619 D.
1913 5564 2003 5619 Sc.

502 5632 537 5663 Β
636 5633 678 5663 If.
705 5634 843 5663 ,νη-λ..
870 5634 989 5663 ναι...
1045 5633 1085 5663 ιι
1141 5634 1210 5663 α..
1336 5636 1347 5663 ι
1382 5636 1442 5663 ε..
1482 5650 1584 5663 νη...
1636 5636 1789 5663 Ι...ι.ηι
1830 5636 1867 5663 Is
1934 5636 1968 5663 Ω

412 5628 556 5704 S._P.
585 5702 592 5704 Δ
636 5633 678 5704 'f'
705 5634 843 5704 ὑπὲρ
870 5634 1009 5704 ὅφιν,
1045 5633 1108 5685 Μ.
1141 5634 1231 5687 St'.
1305 5628 1347 5663 ³¹

2094 5568 2139 5599 ³⁸
2170 5566 2544 5630 ὑποδεικνῦσα,
2574 5566 2672 5620 Ch.
2706 5565 2765 5618 ἢ.
2793 5564 2847 5619 S.
2874 5564 2928 5618 Ρ.
2992 5566 3037 5596 ’⁸
3065 5565 3194 5618 ὄντα
3225 5577 3328 5615 non
3355 5566 3439 5614 est
3466 5559 3650 5630 inCh.

1379 5636 1587 5709 tiv_nu_tt_
1636 5636 1795 5709 habet
1829 5636 1887 5688 υ.
1934 5636 1991 5689 S.
2032 5637 2098 5709 ΡἈ
2169 5638 2233 5709 ³ξῄ
2256 5638 2588 5709 πρὸςγθείαν,
2619 5639 2687 5709 M_.
2714 5638 2955 5709 αἰωνίαν,
2987 5639 3085 5689 ιη..
3122 5631 3476 5709 33:51:19»!
3525 5629 3651 5685 θεο-

411 5701 824 5777 μςιθεεείαμξεεσξ
868 5701 1325 5777 ξίτελεᾳιουργςῖ,
1353 5702 1411 5759 P.
1443 5704 1504 5757 D.
1530 5705 1628 5759 cn.
1707 5705 1749 5736 ιι
1776 5706 2158 5777 ὑπερουρανια,
2189 5706 2257 5760 κ.
2300 5701 2445 5762 ι).
2480 5708 2577 5764 cu.
2650 5706 2695 5740 η
2723 5708 2995 5776 θεουργία,
3028 5709 3084 5761 s.
3121 5705 3178 5759 ο.
3215 5706 3311 5759 cn.
3396 5704 3651 5773 ³⁷θιουρ-

408 5770 530 5835 γίας
554 5771 709 5841 ἡμῶν
736 5774 827 5824 καὶ
858 5770 1196 5842 ἁιγιαστείας,⁷
1228 5770 1293 5827 Μ.
1334 5778 1423 5827 5c.
