3874 6228
690 308 779 365 DF.
814 305 1096 373 ECCLES,
1136 302 1540 368 lilERARCH"
1575 300 1708 359 CAP
1767 299 1855 360 ῑΥ.
1894 327 1961 344 -ε
1997 294 2347 356 PARAPHB.
2389 295 2858 356 PACHYMEB.£.

3321 294 3425 354 390

156 432 228 487 at
250 446 316 485 τε
367 429 525 501 ᾠδαὶ,
552 427 649 482 καὶ
675 428 735 482 αἱ
773 423 1129 494 ἀναγνώσεις,
1165 423 1260 477 καὶ
1287 424 1322 495 ἡ
1348 420 1457 474 τῶν
1478 433 1753 489 κατηχού-

1860 432 1919 472 ac
1948 417 2367 471 catechumenos
2392 413 2618 478 dimitti,
2671 414 2861 468 eodem
2889 425 3105 482 quoque
3126 410 3213 465 hic
3266 412 3431 467 modo

162 522 351 596 μένων
407 518 671 581 ἀπόλυσις
718 517 949 587 γίνεται’
992 513 1084 567 τὸν
1123 512 1282 567 αὐτὸν
1318 511 1517 583 τρόπον
1541 511 1637 562 καὶ
1665 510 1753 561 ὲν-

158 614 345 668 ταῦθα
374 613 443 666 τά
467 610 692 665 τοιαῦτα
723 608 1023 663 τελοῦνται.
1054 601 1208 669 Εἶτα,
1226 604 1287 658 τὺ
1315 603 1483 677 μύρον
1513 604 1541 656 ὁ
1571 601 1753 673 ἱεράρ-

158 724 268 779 χης
320 703 529 767 λαϐὼν,
565 703 841 773 ἐπιτίθησι
865 699 946 771 τῷ
978 698 1108 770 θείῳ
1137 696 1533 767 θυσιαστηρίῳ,
1597 709 1755 764 περι-ά

159 797 588 869 κεκαλυμμένον
612 795 821 867 ῥιπίσιν
847 792 1031 861 ἁγίαις
1055 790 1131 854 ώς
1156 787 1382 861 πτέρυξι
1406 786 1750 850 δυοκαίδεκα,

158 890 531 946 ἀναϐοώντων
556 889 775 942 πάντων
822 884 884 939 τὸ
919 883 1234 956 Ἀλληλούῖα
1267 880 1443 952 (τοῦτο
1468 879 1578 951 γὰρ
1603 878 1749 948 λέγει

161 983 469 1055 μελῴδημα
495 982 595 1053 τῆς
626 982 685 1033 ὲν
708 981 820 1042 τοῖς
845 978 1153 1050 προφήταις
1174 973 1460 1036 ἐπιπνοίας
1501 971 1597 1025 τοῦ
1625 987 1754 1023 πανο

158 1078 321 1146 αγίου
376 1072 739 1145 Πνεύματος),
787 1073 882 1126 καὶ
919 1067 1322 1141 ἀποπληρώσας
1358 1069 1458 1139 τὴν
1484 1067 1570 1119 ἐπ’
1601 1063 1750 1136 αὐτῷ

156 1169 353 1241 εὐχὴν,
400 1168 600 1239 χρῆται
626 1162 812 1219 λοιπὸν
843 1161 979 1235 πρὸς
1006 1164 1185 1216 πᾶσαν
1218 1157 1403 1231 σχεδὸν
1430 1158 1718 1232 ίεραρχικὴ

155 1263 284 1317 τελε
292 1261 605 1333 σιουργίαν.

772 1375 863 1428 ΠΙ.
904 1372 1144 1440 Θεωρία.

234 1489 346 1563 ξι.
396 1486 599 1552 Καθὼς
625 1486 719 1540 καὶ
773 1486 831 1538 ὲν
880 1487 991 1549 τοῖς
1051 1481 1250 1555 προτοῦ
1303 1482 1611 1553 πεποίηκε,
1657 1479 1752 1534 καὶ

155 1583 385 1656 πρῶτον
448 1579 603 1647 ἔλεγε
665 1577 762 1649 τὴν
828 1576 1198 1647 εἰσαγωγικὴν
1267 1574 1557 1645 ἀναγωγὴν
1613 1568 1750 1640 πρὸς

152 1670 524 1743 ψυχαγωγίαν
550 1668 658 1721 τῶν
702 1668 778 1720 ἔτι
807 1664 1166 1738 τελουμένων,
1196 1666 1288 1718 καὶ
1334 1664 1407 1735 μὴ
1434 1662 1748 1734 δυναμένων

154 1766 297 1837 πρὸς
325 1761 668 1835 ὑψηλοτέραν
694 1758 995 1831 ἀναχθῆναι
1018 1755 1250 1828 θεωρίαν
1273 1772 1285 1786 ·
1320 1754 1462 1807 οὕτω
1485 1755 1629 1806 ποιεῖ
1654 1752 1750 1805 καὶ

153 1854 418 1909 ἐνταῦθα.
455 1853 521 1907 Ἦ
544 1850 674 1921 γοῦν
699 1850 793 1903 τοῦ
814 1850 958 1903 θείου
982 1848 1176 1920 μύρου,
1220 1849 1373 1920 φησι,
1392 1844 1753 1917 περικάλυψις

154 1948 301 2004 κατά
330 1944 629 2016 ἀναγωγὴν
656 1946 1048 2013 εἰσαγωγικὴν,
1080 1943 1273 2003 ἐκεῖνο,
1300 1935 1473 2010 οἶμαι,
1496 1937 1664 2008 δηλοῖ,
1692 1936 1753 1989 τὸ

154 2036 639 2110 περικεκαλύφθαι
660 2036 839 2088 πᾶσαν
862 2032 1006 2086 κατά
1024 2031 1147 2085 νοῦν
1166 2030 1364 2103 πρᾶξιν
1393 2029 1568 2102 εὐώδη
1588 2042 1602 2058 ⁸
1631 2029 1754 2100 ἥτις

151 2128 207 2182 δὲ
233 2131 269 2200 ἡ
298 2128 566 2198 ἀναγωγὴ
597 2123 964 2196 ὲγκελεύεται,
1008 2123 1082 2194 μὴ
1118 2121 1446 2193 φαινομένας
1481 2120 1623 2192 ἔχειν
1661 2118 1754 2172 ἐπὶ

149 2220 281 2295 δόξῃ
308 2223 446 2291 κενῇ
477 2224 577 2283 τὰς
616 2218 813 2289 νοητάς
843 2214 1072 2279 εὐωδίας
1091 2255 1105 2279 ,
1149 2217 1243 2269 καὶ
1269 2212 1632 2286 ἀφομοιώσεις
1657 2210 1752 2264 τοῦ

152 2314 395 2386 κρυφίου
423 2310 580 2365 Θεοῦ.
614 2311 906 2381 Ἀχραντοι
932 2312 1041 2379 γάρ
1073 2310 1209 2361 είσιν
1233 2306 1341 2360 ἀπὸ
1377 2306 1487 2358 τῶν
1525 2303 1619 2357 τοῦ
1657 2301 1752 2356 κό-

153 2420 318 2475 σμου,
346 2404 442 2455 καὶ
471 2402 653 2472 μόνοις
675 2404 787 2464 τοῖς
803 2403 1008 2471 νοεροῑς
1031 2398 1384 2470 ὲμφαίνονται
1409 2398 1464 2449 αἱ
1491 2395 1634 2449 θεῖαι
1660 2394 1755 2449 καὶ

151 2496 380 2559 εὐώδεις
411 2494 760 2565 εὐπρέπειαι,
780 2494 874 2545 καὶ
896 2492 1164 2563 ὁμοειδεῖς
1190 2490 1433 2543 θέλουσιν
1459 2489 1624 2559 ἔχειν,
1653 2488 1755 2540 οὐκ

150 2587 483 2661 ἀνθρώπους
509 2586 675 2657 σαρκὶ
705 2584 935 2650 ζῶντας,
963 2583 1101 2636 ἀλλά
1140 2582 1240 2646 τάς
1264 2583 1323 2634 ὲν
1363 2580 1620 2652 κρυφίαις
1655 2577 1755 2647 ψυ-

153 2684 280 2751 χαῖς
318 2678 791 2751 ἀπαραφθάρτους
814 2677 1029 2741 εἰκόνας
1048 2718 1063 2740 ,
1091 2676 1180 2730 ὅτε
1205 2674 1405 2747 δηλαδὴ
1438 2672 1499 2727 τὸ
1534 2673 1653 2727 κατ’
1679 2674 1757 2726 εί·-

154 2772 288 2825 κόνα
335 2771 490 2843 μένει
533 2770 831 2842 ἀλώόητοψ
862 2770 924 2822 τὸ
960 2770 1070 2841 γὰρ
1105 2768 1327 2838 ἄγαλμα
1358 2765 1462 2837 τῆς
1487 2765 1755 2828 θεοειδοῦς

152 2865 365 2937 ἀρετῆς
388 2866 491 2918 οὐκ
516 2863 690 2927 ἄλλως
715 2863 775 2916 τί
810 2862 1249 2934 ἀπαράγραπτον
1287 2859 1434 2927 ἔξει,
1475 2861 1524 2912 εί
1570 2858 1643 2930 μὴ
1693 2854 1752 2911 εὖ

156 2961 488 3031 μιμήσεται,
518 2959 612 3011 καὶ
640 2956 778 3028 πρὸς
800 2958 975 3010 ἐκεῖνο
997 2956 1057 3008 τὸ
1084 2954 1269 3025 νοητὸν
1291 2955 1386 3007 καὶ
1408 2951 1607 3016 εὐῶδες
1632 2951 1757 3004 κάλ-

151 3048 245 3116 λος
269 3050 521 3104 τυπώσει
548 3046 729 3101 ἑαυτό.
762 3048 971 3118 Ὠσπερ
994 3044 1103 3117 γὰρ
1129 3046 1223 3097 ἐπὶ
1244 3043 1353 3097 τῶν
1376 3043 1649 3116 αἰσθητῶν
1678 3047 1756 3098 εί-

1867 511 1969 565 ista
2022 510 2175 563 fiunt.
2228 508 2431 563 Deinde
2480 508 2722 577 pontifex
2753 508 3030 576 accipiens
3066 516 3431 577 unguentum;

1855 601 2080 671 imponit
2128 600 2256 654 illud
2310 600 2497 654 divino
2519 599 2701 663 altari,
2758 600 3040 653 duodecim
3097 598 3270 653 sacris
3326 598 3431 654 alis

1855 708 1949 747 seu
1983 694 2176 761 pennis
2226 691 2558 756 obvelatum,
2627 692 2881 747 omnibus
2927 690 3153 745 Alleluia
3211 690 3435 746 concla-

1856 786 2133 840 tnantibus
2159 786 2286 855 (hoc
2316 786 2462 841 enim
2489 795 2649 840 vocat
2670 785 2953 839 Canticum
2983 785 3154 839 sancti
3186 784 3432 855 Spiritus

1854 888 1910 935 et
1963 879 2319 950 aspirationis
2371 879 3214 951 protihetarum),coniunctaque
3268 895 3433 949 super

1853 990 1921 1031 eo
1945 975 2217 1040 oratione,
2247 987 2434 1045 postea
2474 977 2565 1032 illo
2594 978 2763 1031 utitur
2788 976 2856 1029 ad
2885 991 3106 1030 onlnem
3140 990 3429 1047 propemo-

1854 1065 1983 1118 dum
2015 1066 2411 1121 hierarclticam
2444 1066 2940 1121 consecrationem.

2389 1350 2472 1405 Ill.
2505 1350 2914 1421 Contemplatio.

1928 1462 1956 1535 ᾗ
2016 1464 2059 1517 Ι.
2100 1464 2566 1532 Quemadmodum
2618 1468 2783 1522 etiam
2834 1483 2991 1525 antea
3054 1474 3321 1543 faciebat,
3374 1488 3430 1536 et

1854 1558 2089 1657 primum
2149 1560 2490 1626 proponebat
2542 1561 2995 1619 introductoriam
3030 1581 3331 1642 anagogen,
3361 1574 3431 1628 ad

1854 1647 2250 1702 institutionem
2294 1663 2483 1704 eorum
2511 1651 2601 1719 qui
2661 1653 3172 1727 adlmcinitiantur,
3206 1675 3306 1717 nec
3358 1664 3428 1718 ad

1854 1738 2227 1794 sublimiorem
2266 1742 2785 1810 contemplationem
2823 1746 3019 1803 adduci
3069 1762 3319 1820 possunt,
3347 1756 3430 1809 sic

1857 1830 2018 1884 etiam
2054 1831 2141 1886 hic
2188 1832 2337 1886 facit.
2375 1832 2497 1887 llaec
2525 1836 2708 1902 igitur,
2743 1838 2939 1906 inquit,
2961 1839 3129 1895 divini
3162 1848 3427 1913 unguenti

1854 1924 2131 1978 obvelatio
2156 1926 2455 1979 secundum
2486 1942 2765 1998 anagogm
2800 1931 3280 2002 introductoriam,
3308 1944 3430 1994 exi-

1856 2016 2040 2079 stimo,
2060 2016 2331 2085 significat
2352 2018 2679 2088 fragrantem
2712 2037 2927 2077 onmem
2956 2027 3244 2084 mentalem
3259 2030 3432 2088 actim

1855 2119 1979 2158 nem
2033 2104 2195 2177 225
2230 2121 2353 2161 esse
2394 2109 2785 2179 obvelandam;
2824 2114 3091 2182 siquidem
3144 2119 3260 2175 haec
3301 2135 3433 2175 ana-

1856 2197 2185 2266 gogejubet,
2226 2200 2454 2256 minime
2483 2205 2549 2256 ad
2585 2204 2799 2259 inanem
2843 2206 3068 2275 gloriam
3107 2224 3432 2281 apparentes

1855 2290 2056 2345 habere
2085 2290 2411 2361 fragrantias
2440 2294 2732 2362 spiritales,
2763 2307 2817 2351 et
2852 2299 3051 2356 occulti
3109 2301 3199 2357 Dei
3239 2303 3433 2361 simili-

1857 2382 2090 2437 tudines.
2125 2383 2283 2439 Pura:
2314 2386 2460 2441 enim
2489 2396 2616 2442 sunt
2660 2403 2688 2441 a
2741 2390 2957 2454 saeculo,
3010 2394 3251 2464 solisque
3296 2397 3432 2452 viris

1854 2474 2193 2543 spiritalibus
2224 2488 2487 2547 apparent
2517 2479 2622 2535 illae
2656 2481 2852 2537 divinae
2887 2499 2949 2538 ac
2997 2484 3299 2558 fragrantes
3334 2504 3432 2547 ve-

1856 2577 2120 2632 nustates,
2155 2575 2209 2621 et
2254 2570 2536 2638 requirunt
2572 2571 2867 2629 unil‘ormes
2899 2575 3168 2646 homines,
3204 2595 3312 2636 non
3338 2584 3432 2652 qui

1856 2657 2154 2711 secundum
2203 2672 2426 2714 carnem
2476 2660 2684 2730 vivant,
2740 2666 2836 2719 sed
2891 2667 2981 2735 qui
3036 2668 3089 2723 in
3140 2673 3434 2728 reconditis

1856 2748 2056 2803 animis
2090 2749 2537 2819 incorruptibiles
2566 2763 2760 2822 gerant
2787 2756 3071 2827 imagines,
3110 2761 3237 2817 dum
3271 2765 3434 2820 nimio

1858 2854 1974 2892 rum
2000 2839 2053 2893 id
2077 2840 2216 2909 quod
2246 2840 2538 2912 imaginem
2575 2843 2665 2898 Dei
2696 2846 2861 2902 refert
2903 2860 3087 2905 manet
3121 2852 3436 2910 immacula‘

1859 2937 2006 2994 tum;
2044 2944 2166 2982 nam
2206 2932 2424 2987 virtutis
2479 2932 2765 2989 deiformis
2799 2937 3152 2994 simulacrum
3187 2943 3314 3000 illud
3350 2947 3435 3001 in.

1856 3018 2333 3091 circumscriptum
2381 3040 2485 3078 non
2518 3027 2678 3081 aliter
2724 3028 2965 3094 habebit,
3006 3032 3109 3087 nisi
3152 3034 3292 3090 idem
3331 3040 3437 3097 rite

151 3106 352 3206 κόνων,
392 3142 443 3195 εί
481 3139 621 3212 πρὸς
642 3139 702 3192 τὸ
728 3106 1035 3210 ἀρχέτυπον
1062 3106 1257 3199 κάλλος
1278 3136 1307 3188 ὁ
1330 3106 1577 3205 γραφεύς
1600 3132 1754 3188 ἀκλι-

1861 3106 2025 3212 fuerit
2079 3112 2361 3179 imitatus,
2412 3125 2470 3171 et
2521 3119 2588 3173 ad
2635 3120 2806 3189 ipsum
2844 3122 3139 3190 spiritalem
3184 3143 3336 3184 suam
3378 3147 3435 3186 et

150 3235 260 3299 νῶς
290 3233 481 3305 ἀφορᾷ
508 3231 583 3303 μὴ
610 3227 1027 3302 περισπώμενος
1054 3225 1206 3280 ἔνθεν
1230 3225 1505 3290 κάκεῐθεν,
1535 3223 1758 3295 ἐξακρι-

151 3327 311 3383 ﬁdem
324 3326 390 3379 τὸ
419 3325 483 3396 μί
489 3342 563 3397 μη
572 3341 646 3393 μα
671 3322 848 3394 (τοῦτο
862 3320 970 3392 γάρ
986 3323 1100 3374 ἐστι
1112 3318 1173 3372 τὸ
1186 3316 1590 3372 διπλασιάσει·
1606 3316 1761 3387 ποιή-

153 3435 238 3471 σει
262 3416 378 3486 γάρ
404 3416 501 3469 καὶ
523 3414 650 3468 ἀλλο
672 3407 781 3466 οἷον
810 3413 1007 3473 ἐκεῖνο,
1035 3409 1173 3480 πλὴν
1198 3406 1293 3460 τοῦ
1314 3407 1415 3477 τῆς
1433 3404 1623 3468 οὐσίας
1642 3403 1761 3456 δια-

155 3509 353 3582 φόρου,
370 3506 435 3561 τὸ
458 3507 560 3577 μὲν
580 3505 688 3577 γὰρ
703 3503 954 3575 ἀληθινὸν
976 3501 1237 3572 ἔμπνουν,
1264 3499 1326 3552 τὸ
1349 3499 1407 3552 δὲ
1430 3496 1525 3550 τοῦ
1550 3494 1759 3567 ζωγρά-

154 3618 257 3673 φου
285 3598 497 3671 ἑργον)·
517 3596 660 3651 οὕτω
686 3597 780 3649 καὶ
802 3598 913 3658 τοῖς
934 3591 1207 3665 γραφεῦσι
1226 3593 1339 3654 τοῖς
1365 3588 1757 3659 πνευματικοῖς

154 3696 189 3765 ἠ
218 3694 363 3768 πρὸς
388 3692 452 3746 τὸ
484 3690 793 3763 ἀρχέτυπον
816 3688 911 3740 καὶ
935 3685 1133 3748 εὐῶδες
1157 3682 1350 3745 κάλλος
1374 3680 1600 3768 ἀκλινὴς
1624 3678 1758 3731 θεω-

158 3785 252 3858 ρία
275 3785 341 3837 τὸ
364 3783 606 3845 ἀπλανὲς
626 3781 932 3852 δωρήσεται
953 3775 1204 3847 ίνδαλμα.
1231 3770 1427 3836 Καλῶς
1446 3767 1539 3825 οῦν
1554 3772 1602 3823 oi.
1620 3769 1756 3821 ὅσιοι

153 3878 433 3949 γραφεῖς,
476 3871 942 3943 ἀμεταστρέπτως
986 3866 1377 3929 εἰδοποιοῦντες
1412 3864 1473 3918 τὸ
1517 3861 1670 3925 ἴδιον,
1696 3861 1758 3915 τὸ

154 3969 367 4043 νοερὸν,
384 3970 445 4021 οὐ
465 3965 810 4039 φροντίσουσι
824 3962 924 4032 τῆς
949 3959 1051 4026 ἔξω
1075 3974 1139 4012 πε
1148 3959 1543 4030 ριπλανήσεως.
1563 3950 1757 4017 ’Ἑξου-

156 4088 211 4125 σι
233 4069 373 4138 γοῦν
399 4067 463 4120 τὸ
502 4066 643 4119 θεῖον
674 4062 842 4135 μύρον
869 4055 1408 4131 περικεκαλυμμένον
1435 4053 1511 4116 ὡς
1551 4050 1753 4112 εἰκόνα,

154 4167 299 4239 πρὸς
324 4163 425 4228 τὰς
450 4163 549 4233 τῆς
584 4154 909 4229 Ἐκκλησίας
949 4152 1240 4215 διατάξεις,
1281 4148 1373 4202 ἐπὶ
1398 4147 1459 4201 τὸ
1499 4146 1574 4219 μὴ
1618 4162 1757 4216 πομ-

156 4236 354 4314 πεύειν
382 4259 528 4313 ἆπαν
553 4251 755 4323 ἀγαθὸν
797 4250 955 4322 ἔργον
997 4248 1076 4309 εἰς
1116 4243 1279 4315 κενὴν
1320 4241 1426 4294 τῶν
1454 4236 1756 4309 ἀνθρώπων

154 4351 342 4419 δόξανο
372 4348 453 4402 διὸ
480 4344 575 4401 καὶ
600 4344 775 4406 αὐτοὶ,
802 4341 863 4394 τὸ
900 4340 1019 4394 κατ’
1063 4334 1264 4409 ἀρετὴν
1306 4333 1449 4404 ἱερὸν
1492 4329 1622 4383 εἴσω
1661 4328 1755 4381 τοῦ

154 4444 281 4507 νοὸς
309 4435 815 4511 περικαλύπτοντες
838 4432 980 4487 κατά
1003 4428 1065 4483 τὸ
1099 4424 1512 4497 κεκαλυμμένον
1546 4420 1716 4493 μύρον
1737 4461 1751 4483 ,

1862 3197 2194 3271 fragrantem
2240 3204 2701 3273 pulchritudinem
2731 3207 3050 3268 eﬂ'ormarit.
3099 3213 3251 3269 Sicut
3287 3222 3432 3273 enim

1862 3289 1916 3344 in
1961 3294 2253 3349 sensilibus
2302 3296 2649 3368 imaginibus,
2703 3300 2749 3355 si
2804 3302 2977 3370 pictor
3011 3304 3079 3359 ad
3120 3308 3432 3375 primaevam

1860 3383 2093 3451 speciem
2133 3394 2446 3441 constanter
2476 3387 2743 3456 intendat,
2771 3408 3111 3463 nequaquam
3154 3398 3281 3454 hinc
3312 3402 3438 3455 inde

1860 3474 2197 3542 distractus,
2250 3488 2505 3534 aecurate
2557 3484 2832 3549 exprimet
2890 3486 2944 3540 id
2996 3488 3138 3557 quod
3195 3490 3436 3547 imitantur

1860 3566 1989 3653 (hoc
2041 3570 2187 3622 enim
2230 3582 2312 3625 est
2363 3572 2492 3627 illud
2540 3576 2847 3643 replicabil;
2902 3594 3026 3632 nam
3080 3578 3241 3637 faciet
3290 3586 3436 3640 aliu.l

1859 3665 1999 3718 sicut
2044 3663 2173 3719 illud
2213 3666 2349 3719 citra
2390 3665 2708 3722 substantia:
2746 3668 3134 3740 diﬂ‘erentiam;
3168 3674 3432 3745 siquidem

1861 3752 1911 3807 id
1966 3769 2097 3811 rere
2136 3764 2222 3810 est
2274 3756 2607 3825 animalmn,
2643 3760 2746 3814 hoc
2782 3775 2911 3817 vero
2950 3778 3086 3833 opus
3140 3766 3206 3819 ad
3253 3769 3433 3823 vivum

1857 3850 2233 3917 expressum);
2282 3851 2361 3905 sic
2413 3851 2576 3906 etiam
2616 3853 2917 3922 pictoribus
2953 3856 3310 3926 spiritalibus,
3348 3875 3436 3915 ar-

1858 3939 2074 4011 chetypi
2118 3951 2171 3995 et
2200 3942 2560 3997 suaveolentis
2588 3945 3009 4013 pulchritudinis
3051 3947 3262 4005 intenta
3302 3969 3433 4008 ron-

1858 4045 2117 4103 stansque
2177 4037 2567 4107 contemplatio
2618 4038 2867 4097 conferet
2941 4042 3046 4099 illis
3099 4046 3433 4104 infallibilem

1857 4129 2295 4185 similitudinem.
2352 4129 2518 4186 Recte
2572 4133 2736 4203 igitur
2790 4136 3027 4203 pictores
3070 4139 3268 4206 sancti,
3308 4143 3433 4197 dum

1858 4220 2147 4293 imaginem
2177 4236 2328 4277 suam
2364 4223 2665 4293 apiritalem
2691 4240 2795 4280 non
2824 4236 3131 4283 retroversa
3172 4229 3312 4286 facie
3340 4249 3437 4287 ex-

1857 4312 2116 4382 primunt,
2142 4324 2459 4369 extraneam
2489 4317 2859 4388 deceptiouem
2886 4318 3105 4375 minime
3133 4325 3432 4380 attendent.

1861 4404 2108 4459 Divinum
2166 4407 2348 4477 itaque
2399 4419 2732 4477 unguentum
2786 4408 3097 4464 obvelatum
3158 4413 3436 4469 habt-bunt

167 4492 278 4507 ---τ
315 4492 402 4511 κη,
794 4492 811 4497 ν
1311 4492 1323 4497 _
1356 4492 1367 4497 ν
1550 4492 1556 4493 γ
1628 4492 1633 4493 γ

156 4539 301 4611 πρὸς
330 4534 503 4607 μόνην
530 4530 746 4601 ἐκείνην
770 4528 870 4600 τὴν
912 4524 1217 4597 ἀρχέτυπον
1243 4516 1607 4574 ἀποϐλέπουσι
1631 4515 1754 4587 νόη-

1863 4505 2116 4565 tanqnam
2162 4500 2449 4571 imaginem
2488 4500 2739 4555 ordinum
2793 4502 3310 4571 ecclesiasticorum,
3367 4508 3451 4562 ne'

1861 4602 2017 4611 -.-...-
2067 4603 2197 4611 -..ηρ
2241 4590 2438 4611 ι.....-----
2496 4590 2563 4611 -.Ι
2608 4589 2819 4611 2..---.“
2872 4591 3142 4611 L,.___!,,_s__
3242 4595 3255 4611 I
3327 4595 3338 4608 ο

160 4606 247 4684 σιν
262 4670 277 4683 .
466 4624 576 4695 γάρ
600 4622 820 4677 ἀθέατοι
847 4618 1005 4690 μόνον
1029 4614 1135 4669 εἰσὶ
1159 4616 1269 4677 τοῖς
1298 4610 1528 4673 πολλοῖς,
1550 4607 1643 4671 οὒς
1663 4606 1757 4659 καὶ

159 4720 458 4794 ἀνομοίους
498 4717 668 4785 λέγει’
712 4715 759 4766 oi
786 4711 895 4783 γὰρ
920 4711 1116 4780 ὅμοιοι,
1148 4704 1396 4775 ἀλλήλοις
1420 4702 1521 4771 τῆς
1554 4698 1756 4794 ἀρετῆς

158 4791 584 4883 κοινωνήσουσι,
606 4806 699 4861 καὶ
725 4806 787 4859 οὐ
817 4803 1173 4875 βλαϐήσονται
1200 4798 1328 4868 παρ’
1354 4793 1614 4866 ἀλλήλων·
1642 4791 1758 4862 ἅμα

159 4909 269 4982 γάρ
300 4905 400 4961 καὶ
427 4899 729 4975 ἀμφότεροι
762 4898 863 4970 τὴν
890 4894 1042 4951 θείαν
1077 4890 1328 4945 διώκουσι
1360 4887 1540 4953 δόξαν,
1567 4885 1661 4939 καὶ
1695 4883 1756 4935 οὐ

284 4999 401 5052 τῶν
435 4992 762 5068 ἀνθρώπων.
788 4990 861 5045 Οὐ
890 4988 1067 5041 τοίνυν
1093 4982 1311 5038 ἀθέατοι
1339 4980 1497 5051 μόνον
1520 4977 1627 5031 εἰσὶ
1647 4976 1759 5037 τοῖς

160 5068 407 5155 πολλοῖς,
425 5088 541 5143 ἀλλ’
558 5086 665 5140 οὐδ’
684 5085 837 5138 αὐτοὶ
857 5076 1001 5136 οὗτοι
1021 5075 1242 5150 ζητοῦσι
1265 5073 1483 5145 βλέπειν
1499 5068 1758 5131 ἐκείνους,

160 5188 262 5260 οὐχ
286 5187 377 5239 ὅτι
417 5183 493 5254 μὴ
521 5177 872 5254 προνοοῦντες
895 5171 1139 5230 ἐκείνων,
1170 5167 1284 5221 ἀλλ’
1310 5166 1392 5219 ὅτι
1433 5163 1513 5260 μὴ
1540 5159 1761 5260 ζητοῦν-

160 5251 262 5344 τες.
279 5251 662 5349 παρ’νὲκείνων
687 5266 1055 5338 ὡφεληθῆναι’
1084 5262 1204 5317 ὅθεν
1229 5255 1535 5319 ἀκολούθως
1561 5256 1637 5349 τῇ.
1656 5251 1762 5349 ἰδία

160 5339 274 5439 ἔξει
309 5339 416 5422 οὐκ
441 5362 609 5436 ἐρῶσι
631 5360 739 5414 τῶν
760 5359 1079 5417 δοκούντων,
1122 5350 1259 5405 ἀλλά
1278 5348 1386 5402 τῶν
1421 5345 1589 5399 ὄντων
1618 5339 1762 5414 (ἐπεὶ

163 5465 274 5537 γὰρ
294 5460 412 5515 τῶν
437 5457 612 5513 ἀλλων
631 5453 948 5512 διίστανται,
976 5449 1093 5511 πῶς
1134 5445 1428 5518 ζητήσουσι
1462 5438 1525 5493 τὸ
1562 5436 1757 5499 δοκεῖν,

168 5525 252 5628 ιλιί
266 5554 446 5609 ὄντων
472 5546 582 5602 τῶν
601 5543 901 5600 δοκούντων
925 5538 1215 5613 meum
1241 5532 1377 5588 ἀλλά
1396 5531 1456 5584 τὸ
1482 5526 1644 5628 καλὸν
1668 5525 1762 5579 καὶ

165 5618 331 5719 τίμὴ
357 5645 446 5713 ἐφ’
472 5637 686 5701 ἑαυτοῦ·
716 5637 810 5690 καὶ
835 5633 1015 5697 καθὼς
1051 5631 1166 5703 ἔχει
1208 5626 1431 5697 φύσεως,
1464 5618 1759 5719 κρίνοντες,

167 5707 467 5809 ἀγάλματα
490 5733 589 5803 τῆς
627 5728 778 5791 θείας
818 5723 1046 5788 εὐωδίας
1081 5720 1239 5783 εἰσὶν,
1277 5718 1442 5789 ἡγουν
1476 5709 1640 5766 αὐτοῦ
1668 5707 1762 5761 τοῦ

168 5804 331 5899 Θεοῦ,
356 5828 416 5893 ὃς
436 5826 503 5898 δὴ
528 5824 589 5878 τὸ
615 5821 782 5877 καλὸν
803 5819 885 5888 ἐφ’
909 5814 1105 5871 ἑαυτοῦ
1120 5811 1308 5875 ποιῶν,
1334 5811 1413 5872 είς
1436 5807 1640 5868 πάντας
1665 5804 1766 5859 οὐκ

552 5920 825 5980 Parnm.
863 5914 981 5972 (in.
1034 5908 1142 5970 111.

1858 4602 2021 4642 omne
2063 4603 2199 4658 Opus
2241 4590 2441 4644 bonum
2494 4590 2563 4644 ad
2608 4589 2822 4644 inanem
2871 4591 3151 4648 hominum
3205 4595 3432 4663 gloriam

1859 4691 2168 4750 ostentent;
2209 4693 2371 4753 atque
2421 4685 2542 4739 ideo
2574 4670 2933 4753 quidquid'in
2982 4686 3185 4743 virtute
3217 4705 3433 4747 sacrum

1860 4785 1946 4829 est
1992 4776 2135 4830 intra
2199 4786 2432 4832 mentem
2488 4775 2869 4841 recondentcs,
2916 4776 3073 4845 juxta
3116 4793 3432 4852 coopertum

1862 4881 2198 4941 unguentum
2244 4874 2312 4925 ad
2359 4872 2675 4939 primmvam
2719 4870 2986 4926 duntaxat
3028 4870 3434 4946 intelligentiam

1864 4964 2199 5018 intueantur.
2243 4962 2427 5033 Neque
2448 4964 2592 5017 enim
2626 4964 3038 5033 inaspectabiles
3059 4974 3283 5033 ,tantum
3312 4977 3437 5021 sunt

1862 5057 2224 5123 multitudini,
2255 5074 2417 5129 quant
2460 5069 2517 5114 et
2560 5058 2878 5125 inaequalem
2912 5067 3069 5115 vocat
3099 5075 3162 5115 ac
3198 5060 3436 5116 dissimi~

1864 5149 1966 5205 lem
2005 5169 2019 5205 :
2059 5168 2184 5206 nam
2216 5152 2306 5221 qui
2343 5148 2580 5221 aequales
2617 5159 2762 5215 sunt,
2806 5150 3061 5207 virtutem
3106 5151 3206 5207 sibi
3253 5162 3438 5207 mutuo

1864 5243 2364 5306 communicabunt,
2406 5256 2578 5310 neque
2620 5242 2721 5296 sibi
2754 5251 2941 5296 nmtno
2982 5242 3272 5307 nocebunt,
3302 5258 3438 5312 quo-

1866 5338 2013 5393 niam
2073 5335 2291 5405 utrique
2336 5334 2574 5389 divinam
2618 5332 2843 5403 gloriam
2892 5341 3191 5396 sectantur,
3235 5343 3289 5387 et
3329 5351 3434 5389 non

1865 5430 2170 5485 hominum.
2199 5425 2317 5482 Non
2347 5426 2530 5493 itaque
2558 5423 2818 5478 duntaxat
2854 5422 3266 5492 inaspectabiles
3310 5435 3439 5477 sunt

1866 5518 2223 5585 multitudini,
2275 5519 2369 5574 sed
2398 5534 2466 5572 ne
2497 5516 2550 5574 hi
2584 5515 2682 5586 ipsi
2721 5516 2937 5585 quidem
2984 5513 3102 5570 illos
3132 5515 3315 5569 videre
3345 5532 3440 5568 vo-

1865 5615 2002 5676 lunt,
2035 5628 2140 5665 non
2181 5608 2324 5681 quod
2372 5609 2478 5665 illis
2512 5623 2617 5664 non
2665 5606 2968 5670 consulant,
3011 5604 3107 5659 sed
3148 5602 3291 5672 quod
3342 5616 3440 5657 uo-

1866 5704 1966 5759 lint
2008 5705 2075 5759 ab
2108 5702 2214 5757 illis
2261 5701 2682 5755 emolumentum
2716 5696 2933 5767 aliquod
2974 5693 3255 5763 accipere;
3288 5692 3440 5747 unde

1866 5806 2264 5866 consequenter
2299 5808 2365 5847 rx
2424 5806 2483 5847 se
2536 5805 2641 5846 non
2688 5797 2874 5843 amant
2900 5800 2962 5839 ca
2993 5799 3115 5852 qua:
3152 5794 3439 5855 apparent,

3017 5878 3092 5940 16
