3874 6228
457 278 554 338 691

1617 280 1685 341 S.
1723 283 2031 342 DIONYSII
2067 285 2532 346 A'REOP'AGITE

3619 291 3724 346 με

453 401 550 454 sed
581 413 702 468 qua:
738 401 1055 472 sunti(cum
1091 403 1236 458 enim
1269 403 1338 459 ab
1365 403 1497 459 aliis
1527 405 1851 468 dissim-ant,
1897 424 2005 478 quo

2129 408 2534 480 ἐπιστρέφεται,
2558 406 2698 460 τοῦτ’
2722 406 2888 470 ἔστιν,
2909 407 2970 461 οὐ
3005 405 3277 480 φροντίζει
3305 405 3599 473 κενοδόξως
3620 408 3726 459 τῶν

453 491 616 554 modo
636 503 888 561 quierunt
913 509 1197 564 apparere,
1226 512 1349 552 cmn
1382 513 1446 554 ea
1486 513 1607 567 quae
1633 510 1894 567 apparent
1926 517 2031 554 non

453 580 562 637 sint
607 582 906 652 onmino?)_.
933 589 1027 640 sed
1072 589 1274 642 bonum
1315 581 1555 659 quoque,
1586 592 1728 659 quod
1759 607 1790 644 a
1829 606 1888 646 se
1915 592 2032 662 ipso

2136 503 2217 574 μὴ
2238 501 2649 572 ἀποδεχομένων
2687 498 2798 550 ἐσθ’
2825 499 2913 552 ὅτε
2936 500 3034 564 τάς
3061 501 3190 571 παρ’
3219 499 3382 552 αὑτοῦ
3408 498 3641 567 κρίσεις⁹
3666 500 3723 551 οὐ

2137 591 2246 663 γὰρ
2272 591 2576 664 ἐπιτηδεύει
2599 589 2754 656 δόξαν
2778 588 2922 660 ἔχειν
2947 589 3102 661 παρά
3139 588 3464 660 ἀνθρώποις.

452 685 564 725 non
590 683 694 739 est,
717 672 1051 744 iudicantes,
1074 691 1130 734 et
1161 684 1302 737 sicut
1327 691 1519 739 natura
1553 701 1650 739 sua
1680 701 1740 740 se
1768 687 1952 751 babet,
1979 686 2271 740 simulacra
2306 688 2552 754 quaedam
2580 692 2708 739 sunt
2740 683 2936 738 divinae
2961 684 3299 754 ﬂagrantiae,
3343 682 3395 736 id
3435 689 3521 736 est
3552 680 3725 751 ipsius

451 761 570 828 Dei,
597 766 686 834 qui
713 769 909 823 bonum
943 787 1038 840 per
1061 790 1122 831 se
1149 776 1356 831 faciens
1378 777 1446 833 ad
1466 794 1658 834 omnes
1677 779 1900 834 minime
1929 778 2291 844 convertitur,
2318 779 2368 834 id
2387 787 2471 834 est
2513 777 2677 848 226
2697 777 2917 832 minime
2944 787 3118 842 curat,
3142 777 3284 830 inani
3310 775 3484 847 gloria
3509 778 3721 840 ductus,

451 869 546 910 eos
572 859 662 926 qui
692 861 982 930 aliquando
1011 883 1114 922 non
1149 871 1452 941 suscipiunt
1491 872 1609 940 ejus
1633 875 1852 931 decreta
1889 893 1903 931 :
1931 889 2039 932 non
2063 874 2206 929 enim
2229 874 2412 928 studet
2436 872 2661 942 gloriam
2701 872 2769 926 ab
2793 870 3102 925 hominibus
3132 872 3352 926 habere.

458 1002 465 1008 .
539 953 567 1024 δ
605 953 669 1008 ΙΙ.
711 956 1000 1027 Ceterum,
1035 962 1238 1033 inquit,
1261 983 1386 1023 cum
1431 969 1877 1026 introductoriam
1909 986 2037 1026 con—

450 1048 856 1116 templationem
884 1056 1250 1126 attulerimus,
1275 1062 1501 1130 agedum
1525 1064 1780 1135 deinceps
1806 1065 2034 1121 divinio-

359 1149 376 1170 ‘
445 1155 555 1194 rem
598 1142 1082 1216 sublimiorcmque
1139 1152 1256 1221 ejus
1312 1156 1766 1216 pulchritudinem
1816 1160 2030 1214 intuea-

443 1247 588 1294 mur,
632 1233 911 1306 ipsamque
959 1253 1057 1306 per
1099 1256 1158 1296 se
1203 1243 1377 1300 lucem
1427 1248 1754 1316 spiritalem,
1803 1250 2026 1305 sublatis

441 1322 809 1391 uclaminibus,
837 1332 1266 1398 rontemplenmr,
1305 1347 1362 1391 et
1394 1338 1566 1407 ipsius
1601 1340 1900 1413 fragrantia
1937 1360 2027 1398 re-

440 1413 706 1483 pleanmr.
747 1417 931 1491 Neque
973 1425 1112 1477 enim
1161 1431 1416 1497 unguenti
1463 1433 1758 1501 confectio,
1805 1436 1948 1506 quod
1995 1453 2024 1489 a

442 1507 789 1565 multitudine
816 1529 922 1566 non
964 1516 1230 1580 videatur,
1262 1520 1466 1576 idcirco
1491 1523 1658 1578 etiam
1693 1526 2024 1592 ltierarcbae,

441 1609 496 1652 et
528 1600 592 1653 iis
616 1603 707 1668 qui
743 1620 864 1656 ('ltttl
902 1606 1016 1675 ipso
1039 1619 1188 1674 sunt,
1213 1610 1584 1683 inspectabilis
1610 1619 1877 1675 exsistet:
1925 1622 2036 1674 sed

2133 998 2140 1004 ν
2212 971 2240 1041 §
2272 970 2336 1022 Π.
2381 969 2599 1040 Ἐπειδὴ
2641 969 2742 1039 τὴν
2782 966 3151 1037 εἰσαγωγικὴν
3189 965 3423 1037 Θεωρίαν
3446 964 3678 1036 εἴπομεν
3703 1002 3721 1028 ,

2137 1063 2292 1133 φησὶ,
2320 1062 2452 1131 φέρε
2477 1061 2664 1114 λοιπὸν
2705 1062 2784 1124 εἰς
2819 1059 2887 1112 τὸ
2931 1059 3227 1125 θειότερον
3255 1058 3350 1110 καὶ
3397 1056 3722 1128 ὑψηλότερον

2134 1153 2366 1218 κάλλος
2396 1152 2586 1221 αὐτῆς
2615 1150 3072 1221 ἀποϐλέψωμεν,
3114 1151 3206 1203 καὶ
3237 1149 3722 1220 ἀποκαλυψάμενοι

2129 1245 2199 1298 τά
2221 1244 2718 1316 παραπετάσματα,
2747 1244 2941 1311 αὐτὴν
2966 1244 3081 1311 τὴν
3108 1241 3577 1310 νικητὴνιιτγλην
3599 1245 3723 1296 θεα-

2129 1335 2384 1407 σώμεθα,
2406 1338 2614 1408 καὶτῆς
2636 1335 2846 1391 ἐκεῖθεν
2865 1335 3096 1399 εὐωδίας
3114 1332 3545 1404 ὲμφορηθῶμεν.
3576 1332 3722 1387 Οὐδὲ

2131 1426 2262 1496 γὰρ,
2296 1427 2482 1499 ἐπειδὴ
2501 1431 2616 1492 τοῖς
2640 1428 2854 1491 πολλοῖς
2890 1428 3037 1480 ἐστιν
3072 1426 3300 1488 ἀθέατος
3329 1426 3367 1493 ἡ
3399 1423 3508 1477 τοῦ
3531 1425 3722 1493 μύρου

2129 1522 2568 1591 “lacteum-Ea,
2604 1521 2706 1592 ἤδη
2738 1521 2832 1574 καὶ
2859 1520 2934 1591 τῷ
2965 1521 3197 1592 ίεράρχῃ
3225 1519 3398 1582 οὕτως
3432 1518 3594 1571 ἔσται
3622 1559 3638 1582 ,
3688 1518 3720 1588 ἦ

2131 1615 2244 1676 τοῖς
2270 1613 2398 1684 περὶ
2426 1613 2607 1667 αὐτόν’
2642 1612 2759 1666 ἀλλ’
2789 1613 2928 1684 αὐτὴ
2962 1613 3059 1682 μὲν
3081 1613 3239 1683 ἄχρις
3273 1612 3455 1664 αὐτῶν
3474 1611 3721 1682 διαφέρει

441 1705 566 1746 cum
612 1693 666 1747 in
711 1694 797 1750 bis
836 1697 1055 1764 quidem
1084 1700 1318 1756 excellat
1351 1704 1473 1774 ejus
1504 1707 1909 1777 contemplatio,
1941 1711 2012 1779 ip-

2121 1704 2220 1773 τὴν
2256 1706 2387 1776 περὶ
2415 1704 2587 1774 αὐτῆς
2613 1703 2872 1775 θεωρίαν,
2916 1704 3072 1755 αὐτοὶ
3101 1701 3156 1755 δὲ
3179 1701 3255 1764 ώς
3285 1700 3476 1771 τιμίαν
3505 1702 3720 1770 ἐκείνην

438 1785 601 1839 simet
642 1785 787 1841 illam
837 1799 1100 1859 tanquam
1147 1794 1472 1864 pretiosam,
1515 1808 1572 1853 et
1616 1798 1758 1870 vulgi
1805 1809 2022 1869 captum

438 1879 796 1934 excedentem
823 1881 1167 1938 abscondunt
1195 1895 1252 1940 et
1273 1901 1302 1939 a
1329 1887 1674 1944 multitudine
1707 1905 2018 1948 secernunt.

437 1967 593 2038 Sa'pe
618 1972 770 2026 enim
799 1971 853 2025 in
894 1972 1034 2028 libro
1071 1974 1145 2028 De
1168 1977 1360 2032 divinis
1385 1980 1680 2034 nominibus
1709 1981 2022 2051 explanavi-

438 2075 582 2125 ntus,
613 2062 743 2131 quid
787 2062 861 2117 sit
907 2063 1216 2121 intellectile
1273 2078 1327 2122 et
1356 2070 1485 2139 quid
1522 2072 1853 2142 intelligens.
1910 2075 2021 2130 Hoc

435 2156 602 2223 igitur
645 2155 808 2209 etiam
851 2156 945 2211 hic
989 2159 1150 2222 dicit,’
1188 2163 1396 2216 sanctis
1451 2163 1574 2228 illis,
1629 2167 1719 2236 qui
1765 2169 2020 2238 episc0po

435 2257 634 2315 praesto
673 2258 803 2302 sunt
851 2258 1106 2320 tanquam
1159 2252 1463 2309 intellectili
1501 2257 1602 2310 luci
1647 2239 1894 2328 cognatis
1924 2262 2020 2331 (si-

431 2339 651 2420 quidem
685 2339 789 2394 diei
830 2339 1074 2410 lucisque
1105 2343 1199 2396 lilii
1241 2347 1392 2416 stmt)
1441 2347 1607 2401 Deum
1635 2365 1742 2403 non
1769 2367 1862 2419 per
1886 2353 2017 2408 alte—

433 2430 549 2484 rius
567 2431 891 2498 doct-rinam,
919 2432 1014 2488 sed
1040 2446 1139 2500 per
1161 2436 1511 2504 semetipsum
1543 2437 1662 2493 illos
1693 2438 2016 2495 illustrando

433 2522 750 2591 mysterium
785 2525 1258 2594 contemplationis
1285 2527 1565 2594 revelare;
1591 2531 1845 2598 quocirca
1880 2531 2014 2602 ipsis

435 2629 542 2666 non
576 2614 946 2685 'circftmjacet
1001 2618 1174 2672 velum
1221 2619 1270 2671 in
1316 2621 1500 2675 divino
1538 2634 1855 2692 unguento,
1917 2627 2011 2679 sed

433 2706 670 2761 revelata
711 2707 872 2771 facie,
900 2711 1200 2764 secundum
1228 2711 1573 2781 Apostolum,
1599 2716 1854 2786 mysteria
1884 2733 2012 2772 con-

433 2796 795 2865 templautur;
845 2815 948 2851 non
992 2800 1248 2868 perfectis
1297 2814 1476 2859 autem
1529 2820 1666 2876 opus
1699 2817 1784 2861 est
1815 2807 2008 2878 signis.

431 2889 641 2944 Idcirco
670 2890 767 2958 ipsi
800 2899 943 2952 sunt,
975 2891 1066 2960 qui
1100 2903 1433 2962 unguentum
1473 2898 1646 2952 sacris
1681 2899 1781 2954 alis
1819 2910 2010 2955 conte-

429 2989 584 3050 gunt,
615 2990 664 3036 et
699 2996 729 3035 a
763 2971 1109 3037 multitudine
1142 2995 1454 3040 secernunt.
1491 2987 1782 3062 Episcopos
1826 3002 2004 3046 autem

2129 1801 2224 1854 καὶ
2254 1801 2391 1872 ὑπὲρ
2411 1802 2537 1864 τοὺς
2572 1799 2802 1863 πολλοὺς
2846 1794 3329 1868 περικαλύπτουσι,
3359 1794 3454 1847 καὶ
3475 1795 3590 1848 ἀπὸ
3617 1794 3722 1847 τῶν

2127 1893 2337 1946 πολλῶν
2383 1892 2774 1947 διαστέλλουσι.
2811 1891 3079 1954 Πολλάκις
3107 1890 3216 1962 γὰρ
3251 1891 3309 1944 ὲν
3338 1889 3418 1961 τῷ
3437 1889 3585 1957 Περὶ
3609 1885 3722 1946 τῶν·

2124 1986 2298 2039 θείων
2335 1983 2643 2054 ὀνομάτων
2674 1983 3048 2054 ἐδηλώσαμεν,
3082 1982 3137 2036 τί
3160 1983 3349 2054 νοητὸν
3377 1984 3476 2035 καὶ
3517 1982 3576 2034 τί
3613 1997 3725 2032 νοε-

2126 2077 2238 2148 ρΰν.
2265 2074 2434 2130 Τοῦτο
2463 2071 2556 2128 οὖν
2584 2075 2678 2128 καὶ
2715 2072 2951 2128 ἐνταῦθά
2989 2091 3177 2147 φησιν,
3202 2073 3284 2126 ὅτι
3325 2075 3440 2136 τοῖς
3476 2073 3615 2143 περὶ
3633 2071 3723 2126 τὸν

2122 2169 2418 2222 ἐπίσκοπον
2444 2169 2621 2237 ἁγίοις
2655 2163 2825 2232 οὖσιν,
2852 2165 2928 2230 ὡς
2959 2167 3242 2236 συγγενέσι
3264 2165 3358 2218 τοῦ
3384 2163 3588 2235 νοητοῦ
3615 2181 3724 2232 φω-

2121 2263 2234 2326 τὸς,
2262 2261 2388 2333 (υίοὶ
2413 2260 2524 2332 γὰρ
2546 2259 2757 2332 ὴμέρας
2780 2255 2924 2314 οὗτοι
2951 2261 3048 2314 καὶ
3073 2260 3238 2314 τέκνα
3261 2257 3488 2328 φωτός.)
3514 2259 3724 2310 ἀποκα-

2121 2354 2314 2408 λύπτει
2353 2357 2380 2408 ὁ
2401 2353 2554 2418 Θεὸς,
2579 2355 2638 2406 ού
2665 2353 2736 2406 δι’
2767 2354 2955 2426 ἑτέρου
2985 2353 3331 2415 διδασκαλίας
3353 2390 3368 2415 ,
3395 2349 3520 2403 ἀλλ’
3563 2350 3724 2411 αὐτὸς

2119 2448 2314 2512 αὐτοὺς
2339 2445 2586 2518 φωτίζων
2619 2446 2680 2498 τὸ
2704 2447 2996 2518 μυστήριον
3027 2445 3127 2516 τῆς
3150 2443 3401 2516 θεωρίας
3428 2442 3513 2495 διὸ
3540 2443 3723 2502 αὐτοῖς

2117 2541 2176 2593 ού
2196 2540 2496 2612 περίκειται
2516 2539 2650 2592 κάλυ
2660 2531 2778 2610 μμα
2797 2538 2938 2592 κατά
2961 2536 3056 2591 τοῦ
3078 2536 3219 2590 θείου
3246 2536 3441 2607 μύρου,
3459 2533 3582 2587 ἀλλ’
3603 2534 3724 2587 ἀνα-

2116 2631 2511 2702 κεκαλυμμένῳ
2529 2629 2821 2702 προσώπῳ,
2838 2629 2980 2683 κατὰ
2990 2629 3081 2682 τὸν
3097 2627 3434 2688 ’Δπόστολον,
3451 2623 3721 2696 θεωροῦσι

2113 2725 2181 2778 τὰ
2213 2726 2510 2795 μυστήρια·
2534 2727 2646 2787 τοῖς
2673 2723 2728 2775 δὲ
2761 2723 2837 2794 μὴ
2866 2721 3094 2785 τελείοις
3116 2721 3277 2792 χρεία
3301 2719 3616 2790 συμϐόλων.
3635 2719 3724 2772 Δι’)

2115 2816 2270 2868 αὐτοί
2303 2817 2442 2868 εἰσιν
2480 2818 2529 2868 οἱ
2549 2815 2610 2869 τὸ
2642 2815 2814 2887 μύρον
2849 2817 2969 2878 ταῖς
2995 2816 3168 2885 ἱεραῖς
3203 2811 3430 2882 πτέρυξι
3459 2811 3726 2882 περισκέ-

2111 2927 2324 2974 ποντες,
2368 2910 2590 2980 καὶτῆς
2623 2908 2862 2980 πληθύος
2899 2906 3426 2968 ἀποδιαστέλλοντες.
3466 2904 3726 2975 Θεωροὺς

2109 3001 2167 3054 δὲ
2217 3001 2372 3054 καλεῖ
2407 3003 2535 3065 τοὺς
2576 3001 2934 3066 ἐπισκόπους,
2965 2998 3155 3069 ἐπειδὴ
3181 2997 3277 3050 καὶ
3313 2996 3444 3067 παρ’
3491 2994 3723 3063 Ἕλλησι

430 3082 589 3128 vocat
634 3073 1026 3143 speculatores,
1063 3077 1508 3145 qttaudoquidem
1535 3081 1702 3135 etiam
1738 3096 1768 3134 a
1795 3081 2008 3138 .Graacis

2119 3049 2616 3166 bswlooi‘iaxaitoﬁ‘vro
2642 3094 2691 3147 οί
2717 3049 3320 3164 προϐαλλόμενοιιπαρά
3343 3049 3571 3141 πάντων
3598 3049 3727 3140 ἑτέ-

429 3165 726 3235 gentilibus
755 3167 836 3221 sic
882 3166 1340 3238 tmncupabanmr
1379 3170 1474 3238 qui
1533 3173 1806 3240 prmpositi
1855 3185 2011 3228 erant

427 3260 496 3312 ab
535 3258 808 3323 omnibus,
857 3268 913 3312 ut
951 3260 1018 3312 de
1059 3259 1254 3314 futuris
1289 3257 1458 3314 Deum
1497 3263 1916 3333 interrogarent,
1957 3277 2013 3321 et

428 3349 631 3405 hostias
667 3365 764 3420 pro
793 3351 927 3422 ipsis
953 3349 1218 3405 oﬂ‘errcnt
1255 3368 1320 3406 ac
1364 3353 1661 3421 propitium
1701 3357 2009 3414 redderent.

439 3445 750 3518 ’Δνομοίους
775 3456 954 3500 autem
983 3454 1140 3501 vocat
1168 3447 1345 3501 minus
1376 3447 1652 3516 perfectos
1684 3450 1737 3503 in
1784 3453 2012 3520 p0pulo;

429 3539 638 3594 lsenim
663 3537 711 3590 ei
755 3552 872 3591 mos
919 3546 1022 3592 est.
1074 3535 1261 3607 Neque
1305 3538 1490 3603 enim,
1524 3539 1735 3608 inquit.
1790 3544 1872 3597 sic
1929 3547 1994 3597 ad

426 3631 737 3685 sacerdotes
763 3630 904 3684 sicut
928 3630 993 3682 ad
1038 3616 1439 3684 multitudinem
1485 3631 1758 3686 obtectum
1790 3642 1845 3688 et
1873 3635 1998 3690 abs-

426 3719 704 3774 conditum
742 3730 1149 3774 sacramentum
1171 3720 1446 3788 procedit,
1471 3720 1565 3775 sed
1606 3722 1674 3776 ab
1725 3723 1834 3778 illis
1870 3741 1996 3794 pro-

425 3819 544 3879 pter
594 3811 992 3866 multitudinem
1043 3811 1330 3876 occulitur,
1370 3823 1429 3866 ut
1476 3823 1531 3867 et
1560 3813 1672 3883 ipsa
1705 3831 1808 3885 pro
1837 3829 2000 3888 captu

423 3913 681 3971 statuque
721 3915 940 3972 suoper
969 3903 1258 3971 a-nigmata
1287 3892 1502 3959 sursum
1533 3907 1862 3966 adducatur.

496 3993 526 4066 ς
559 3995 644 4048 Ill.
679 3992 781 4046 Est
828 3994 995 4064 igitur
1048 3995 1161 4050 Itasc
1207 4009 1364 4048 sacra
1402 3999 1764 4055 consecratio
1795 4016 2014 4072 quoque

426 4101 532 4139 una
587 4100 657 4138 ex
722 4083 1084 4138 ltierarchicis
1131 4085 1417 4140 ordinibus
1471 4097 1638 4157 atque
1691 4090 2012 4159 virtutibus,

423 4186 756 4248 quapropter
781 4175 942 4230 etiam
963 4175 1206 4243 ejusdem
1239 4177 1469 4234 rationis
1491 4188 1574 4235 est
1591 4196 1715 4245 cum
1739 4197 2012 4252 synaxeos

424 4279 791 4341 sacramento.
826 4266 966 4335 Quin
995 4277 1052 4322 et
1083 4267 1171 4321 bic
1210 4269 1526 4337 pontificem
1570 4288 1791 4344 quoque
1826 4276 2010 4332 videas

423 4363 493 4418 ab
523 4362 681 4416 altari
707 4350 1147 4416 uincensatioucm
1175 4361 1500 4426 ordientem,
1527 4370 1582 4417 et
1613 4364 2008 4421 circumeundo

2117 3184 2293 3254 ρωτᾷν
2323 3183 2453 3237 Θεὸν
2498 3185 2625 3256 περὶ
2672 3183 2993 3256 μελλόντων,
3027 3183 3122 3236 καὶ
3153 3181 3341 3244 θυσίας
3363 3180 3510 3250 ὑπὲρ
3542 3179 3724 3232 αὐτῶν

2114 3275 2483 3348 προσφέρειν,
2543 3277 2637 3330 καὶ
2701 3275 3039 3344 ἐξιλεοῦσθαι
3102 3276 3243 3345 ὑπὲρ
3297 3272 3504 3327 αὐτῶν.
3574 3272 3726 3326 Ἀνο-

2118 3366 2302 3437 μοίους
2347 3367 2406 3422 δὲ
2461 3368 2618 3422 καλεῖ
2662 3369 2792 3433 τοὺς
2815 3369 3026 3432 ἀτελεῖς
3076 3368 3171 3421 τοῦ
3205 3365 3358 3420 λαοῦ·
3408 3365 3578 3418 τοῦτο
3610 3364 3723 3446 γὰρ

2115 3458 2262 3528 αὐτῷ
2291 3458 2431 3522 ἔθος.
2461 3460 2595 3513 Οὐδὲ
2617 3459 2726 3532 γὰρ
2752 3461 2847 3512 καὶ
2870 3463 2983 3522 τοῖς
3008 3456 3346 3529 ίερωμένοις,
3383 3457 3544 3524 φησὶ,
3583 3455 3721 3525 πρὸς

2101 3552 2162 3604 τὸ
2193 3552 2483 3622 ὑφειμένον
2537 3553 2631 3606 καὶ
2669 3552 3217 3622 περικεκαλυμμένω
3240 3551 3273 3621 ἡ
3299 3548 3496 3618 τελετὴ
3531 3549 3720 3620 πρόει-

2108 3658 2213 3705 σιν,
2238 3642 2387 3696 ὥσπε
2398 3661 2427 3715 ρ
2459 3646 2570 3707 τοῖς
2597 3643 2832 3708 πολλοῖς·
2870 3643 3007 3698 ἀλλά
3028 3645 3157 3714 παρ’
3200 3641 3426 3695 ἐκείνων
3459 3641 3554 3694 διὰ
3590 3642 3721 3702 τοὺς

2108 3735 2337 3800 πολλοὺς
2385 3735 2828 3804 συγκαλύπτεται
2859 3774 2875 3798 ,
2921 3736 3010 3788 ἵνα
3069 3736 3164 3788 καὶ
3218 3733 3373 3787 αὐτώ⁸
3451 3731 3548 3786 διά
3607 3730 3720 3784 τῶν

2109 3827 2449 3896 αἰνιγμάτων
2477 3826 2756 3896 ἀναλόγως
2781 3829 2848 3898 τῇ
2881 3826 2987 3897 ἰδίᾳ
3012 3825 3122 3890 ἕξει
3147 3825 3478 3893 ἀνάγωνται.

2263 4005 2352 4057 Ili.
2390 4004 2578 4056 Ἔστιν
2603 3998 2696 4057 οὖν
2741 4002 2834 4056 καὶ
2872 4002 2905 4073 ή
2944 3999 3166 4072 τοιαύτη
3213 3999 3337 4071 ίερά
3367 3998 3580 4070 τελετὴ,
3615 4001 3717 4070 μία

2115 4095 2225 4147 τῶν
2257 4092 2585 4165 ἱεραρχικῶν
2611 4093 2818 4159 τάξεων
2841 4093 2935 4147 καὶ
2957 4092 3260 4162 δυνάμεων,
3282 4090 3366 4144 διδ
3395 4091 3493 4142 καὶ
3509 4093 3718 4161 ὁμοτα-

2114 4188 2218 4258 γής
2249 4187 2366 4238 ἐστι
2385 4188 2450 4257 τῇ
2477 4184 2577 4254 τῆς
2610 4185 2880 4250 συνάξεως
2899 4183 3110 4254 τελετῇ.
3145 4183 3255 4235 Καὶ
3276 4181 3397 4251 ὕψει
3425 4182 3716 4237 κάνταῦθα

2111 4278 2202 4332 τὸν
2223 4278 2484 4350 ἀρχιερέα
2504 4276 2613 4330 ἀπὸ
2631 4276 2724 4328 τοῦ
2751 4273 3138 4345 θυσιαστηρίου
3157 4273 3462 4346 ἀρχόμενον
3483 4272 3714 4345 θυμιᾷν,

2115 4372 2208 4424 καὶ
2238 4369 2682 4442 περιερχόμενον,
2715 4369 2811 4422 καὶ
2837 4369 2918 4431 εἰς
2945 4366 3079 4420 αὐτὸ
3109 4365 3272 4420 πάλιν
3298 4364 3712 4437 καταλήγοντα,

425 4455 480 4508 in
501 4455 692 4509 eodem
737 4467 952 4507 rursum
1001 4453 1360 4524 desinentem,
1425 4453 1593 4508 bocce
1647 4455 1751 4509 ritu
1781 4439 2003 4513 ~docen-

2119 4463 2207 4515 καὶ
2251 4460 2571 4516 διδάσκοντα
2611 4458 2882 4523 ἐντεῦθεν,
2924 4457 3024 4529 τὴν
3067 4457 3217 4512 θείαν
3257 4456 3576 4528 μετουσίαν,
3616 4459 3717 4511 ἐπὶ

428 4559 560 4609 tem,
597 4535 832 4600 divinam
878 4545 1023 4599 illam
1060 4545 1535 4613 participationem
1564 4550 1629 4601 ad
1647 4561 2005 4619 omnespru-

425 4647 779 4698 manantem,
855 4634 1150 4704 secundum
1233 4635 1586 4704 semetipsum
1659 4638 2000 4693 imminutam

425 4741 767 4798 permanere,
818 4741 1000 4796 neque
1043 4724 1340 4796 quidquam
1377 4741 1407 4779 a
1451 4729 1667 4798 prapria
1722 4730 2004 4797 identitatc

424 4818 750 4874 desciscere.
823 4817 1092 4872 Similiter
1138 4818 1303 4870 ctiam
1351 4817 1663 4892 psalmodia:
1706 4819 2002 4876 lectiones-

425 4907 530 4976 q'ue
566 4910 722 4972 liunt,
754 4923 875 4976 qua:
904 4917 963 4961 et
991 4907 1326 4976 imperfectis
1352 4909 1524 4979 227
1560 4911 2000 4975 obstetricantur,

425 5010 482 5057 et
515 5002 770 5077 obsessos
800 5016 828 5052 a
865 4999 1152 5068 spiritibus
1195 5003 1504 5062 retrahunt,
1549 5011 1604 5056 et
1633 5005 2001 5058 adversariam

426 5077 892 5166 pressuratnlhoc
923 5091 1068 5144 enim
1125 5101 1284 5144 vocat
1335 5081 1588 5160 pavorem
1614 5105 1677 5148 et
1719 5094 2004 5150 illecebras

427 5183 796 5253 peccatorum)
848 5180 1155 5258 repellunt,
1213 5183 1539 5238 insinuando
1584 5184 1755 5254 ipsis,
1795 5199 1854 5240 et
1890 5202 2003 5240 mo-

427 5283 553 5328 dum
583 5274 918 5329 ostendendo
948 5273 1294 5352 adversarios
1338 5278 1651 5344 superandi,
1686 5287 1744 5330 ut
1771 5288 1832 5332 et
1876 5265 2015 5332 aliis‘

427 5369 693 5436 imitando
732 5366 900 5420 Deum
964 5365 1157 5419 medici
1189 5365 1486 5430 exsistant;
1549 5378 1603 5420 et
1634 5384 1738 5423 non
1793 5377 2001 5423 tantum

428 5463 526 5536 ipsi
554 5465 816 5516 adversus
845 5448 1150 5514 contrarios
1178 5473 1408 5527 pavores
1439 5475 1503 5514 ac
1540 5461 1789 5516 timorem
1819 5460 2000 5516 ellica-

425 5551 646 5611 citatem
703 5558 962 5630 habeant,
1015 5570 1202 5609 verum
1243 5554 1405 5609 etiam
1451 5554 1572 5610 aliis
1618 5558 1895 5611 conversis
1935 5573 2002 5610 ac

423 5651 817 5717 paenitentibus
863 5650 968 5706 vim
1019 5649 1243 5712 addant,
1294 5663 1362 5702 ne
1411 5650 1584 5704 denuo
1615 5649 1998 5722 subigantur;

424 5755 514 5822 eos
567 5751 768 5812 autem,
819 5743 1014 5812 quibus
1055 5744 1124 5820 ad
1158 5741 1534 5822 omuitnodam
1561 5742 1855 5818 puritatem
1900 5742 1998 5795 ali-

2109 4555 2316 4618 πάντας
2342 4552 2772 4625 προερχομένην,
2812 4550 2933 4605 καθ’
2960 4549 3159 4622 ἑαυτὴν
3191 4549 3463 4620 ἀμείωτον
3492 4551 3710 4621 μένειν,

2107 4645 2201 4696 καὶ
2228 4643 2392 4715 μηδὲν
2409 4643 2508 4712 τῆς
2525 4643 2732 4705 οἰκείας
2753 4641 3086 4711 ταυτότητος
3107 4639 3442 4707 ἐξίστασθαι.
3475 4639 3711 4711 Ἑπίσης

2106 4733 2162 4784 αἱ
2182 4731 2490 4803 ψαλμῳδίαι
2509 4731 2602 4784 καὶ
2618 4733 2674 4784 αἱ
2693 4730 3027 4801 ἀναγνώσεις
3047 4730 3309 4799 γίνονται,
3330 4730 3427 4782 καὶ
3447 4730 3711 4794 τοὺςάτε-

2105 4820 2325 4884 λέστους
2341 4821 2717 4892 μαιευόμεναι,
2733 4821 2964 4885 καὶτοὺς
2977 4819 3404 4893 ἐνεργουμένους
3425 4819 3535 4874 ὑπὸ
3551 4839 3710 4876 πνευ-

2108 4914 2295 4982 μάτων
2321 4913 2766 4984 ὲπιστρέφουσαι,
2811 4912 2907 4966 καὶ
2950 4912 3050 4984 τὴν
3092 4913 3344 4966 ἐναντίαν
3392 4913 3707 4983 σύμπτυξιν

2107 5005 2284 5075 (τοῦτο
2309 5007 2417 5078 γάρ
2445 5006 2592 5077 λέγει
2619 5001 2822 5062 πτοίαν
2842 5007 2937 5061 καὶ
2955 5007 3133 5075 θέλξιν
3153 5008 3263 5061 τῶν
3298 5011 3358 5063 ἐν
3380 5009 3706 5082 ἁμαρτίαις)

2105 5099 2531 5172 ἀφαιρούμεναι,
2561 5099 2952 5154 ύποδεικνῠσαι
2978 5099 3208 5164 τούτοις,
3227 5102 3327 5154 καὶ
3346 5101 3704 5155 διδάσκουσαι

2105 5191 2223 5256 πῶς
2244 5193 2691 5263 περιγενήσονται
2719 5193 2829 5244 τῶν
2859 5192 3118 5246 ἐναντίων
3148 5189 3313 5256 οὗτοι,
3347 5194 3580 5257 καὶτοῖς
3603 5193 3702 5248 ἄλ-

2104 5286 2215 5350 λοις
2267 5286 2440 5356 ἰατροὶ
2483 5285 2830 5356 θεομιμήτως
2877 5285 3231 5356 φανήσονται,
3273 5284 3374 5339 καὶ
3417 5285 3494 5357 μὴ
3534 5286 3700 5356 μόνον

2104 5378 2313 5443 ἕξουσιν
2353 5379 2438 5448 ἐφ’
2469 5379 2683 5440 ἑαυτοῖς
2705 5377 2766 5430 τὸ
2794 5377 2938 5431 κατὰ
2972 5378 3074 5449 τῆς
3093 5377 3345 5440 ἐναντίας
3372 5376 3571 5441 πτοίας
3603 5378 3713 5431 καὶ·

2104 5468 2268 5538 φόϐου
2296 5469 2643 5540 δραστήριον,
2687 5466 2822 5522 ἀλλά
2847 5469 2941 5524 καὶ
2983 5469 3164 5534 ἄλλοις
3204 5469 3543 5540 δωρήσονται
3579 5472 3699 5533 τοῖς

2102 5559 2584 5630 ἐπιστρεφομένοις
2609 5559 3071 5630 καὶ’μετανοοῦσι,
3096 5561 3324 5632 δύναμιν
3347 5559 3695 5629 ὲντιθέμεναι

2103 5649 2241 5719 πρὸς
2263 5650 2324 5702 τὸ
2350 5648 2426 5720 μὴ
2457 5650 2550 5702 καὶ
2569 5645 2723 5714 αὖθις
2749 5649 2975 5714 ἁλῶναι,
3001 5653 3128 5716 τοὺς
3149 5651 3230 5704 ἔτι
3251 5650 3449 5714 ἐνδεεῖς
3469 5651 3610 5722 πρὸς
3633 5650 3697 5704 τὸ

2103 5741 2375 5808 πάναγνον
2399 5741 2513 5815 (οὓς
2542 5741 2606 5812 δὴ
2644 5741 2738 5795 καὶ
2772 5741 2880 5797 τῶν
2908 5741 3111 5797 λαῖκῶν
3147 5742 3407 5814 ἐλέγομεν
3433 5741 3692 5807 ἀνωθεν),
