  <div class='ocr_page' id='page_1' title='image "/cluster/home/n/w/nwhite01/storage/ocr_20150623/3/nnc1.0046978666/271.png"; bbox 0 0 3874 6228; ppageno 0'>
   <div class='ocr_carea' id='block_1_1' title="bbox 420 312 529 373">
    <p class='ocr_par' dir='ltr' id='par_1_1' title="bbox 420 312 529 373">
     <span class='ocr_line' id='line_1_1' title="bbox 420 312 529 373; baseline -0.018 0"><span class='ocrx_word' id='word_1_1' title='bbox 420 312 529 373; x_wconf 71' lang='grc' dir='ltr'><strong>ιοε</strong></span> 
     </span>
    </p>
   </div>
   <div class='ocr_carea' id='block_1_2' title="bbox 1592 316 2488 383">
    <p class='ocr_par' dir='ltr' id='par_1_2' title="bbox 1592 316 2488 383">
     <span class='ocr_line' id='line_1_2' title="bbox 1592 316 2488 383; baseline 0.004 -4"><span class='ocrx_word' id='word_1_2' title='bbox 1592 322 1649 380; x_wconf 86' lang='lat' dir='ltr'><strong>S.</strong></span> <span class='ocrx_word' id='word_1_3' title='bbox 1686 316 1980 379; x_wconf 67' lang='lat' dir='ltr'><strong>DIOSYSII</strong></span> <span class='ocrx_word' id='word_1_4' title='bbox 2026 324 2488 383; x_wconf 71' lang='grc' dir='ltr'><strong>ΑΒΕΟΡΑΩΙΤᾸΞ</strong></span> 
     </span>
    </p>
   </div>
   <div class='ocr_carea' id='block_1_3' title="bbox 3570 324 3685 389">
    <p class='ocr_par' dir='ltr' id='par_1_3' title="bbox 3570 324 3685 389">
     <span class='ocr_line' id='line_1_3' title="bbox 3570 324 3685 389; baseline 0 -7"><span class='ocrx_word' id='word_1_5' title='bbox 3570 324 3685 389; x_wconf 71' lang='grc' dir='ltr'><strong>ιεο</strong></span> 
     </span>
    </p>
   </div>
   <div class='ocr_carea' id='block_1_4' title="bbox 494 429 1965 517">
    <p class='ocr_par' dir='ltr' id='par_1_4' title="bbox 494 429 1960 511">
     <span class='ocr_line' id='line_1_4' title="bbox 494 429 1960 511; baseline 0.008 -28"><span class='ocrx_word' id='word_1_6' title='bbox 494 433 523 504; x_wconf 83' lang='lat'><strong>§</strong></span> <span class='ocrx_word' id='word_1_7' title='bbox 564 429 651 486; x_wconf 76' lang='lat' dir='ltr'><strong>VI.</strong></span> <span class='ocrx_word' id='word_1_8' title='bbox 699 432 774 488; x_wconf 90' lang='lat' dir='ltr'><strong>De</strong></span> <span class='ocrx_word' id='word_1_9' title='bbox 813 432 1020 489; x_wconf 86' lang='lat' dir='ltr'><strong>sanctis</strong></span> <span class='ocrx_word' id='word_1_10' title='bbox 1047 437 1264 505; x_wconf 77' lang='lat' dir='ltr'><strong>quidem</strong></span> <span class='ocrx_word' id='word_1_11' title='bbox 1308 442 1603 510; x_wconf 74' lang='lat' dir='ltr'><strong>serapliim,</strong></span> <span class='ocrx_word' id='word_1_12' title='bbox 1644 454 1697 497; x_wconf 83' lang='lat' dir='ltr'><strong>ct</strong></span> <span class='ocrx_word' id='word_1_13' title='bbox 1728 446 1960 511; x_wconf 83' lang='lat' dir='ltr'><strong>quomml</strong></span> 
     </span>
    </p>
   </div>
   <div class='ocr_carea' id='block_1_5' title="bbox 2073 429 3682 517">
    <p class='ocr_par' dir='ltr' id='par_1_5' title="bbox 2170 440 3682 517">
     <span class='ocr_line' id='line_1_5' title="bbox 2170 440 3682 517; baseline -0.005 -18"><span class='ocrx_word' id='word_1_14' title='bbox 2170 443 2196 517; x_wconf 85' lang='lat'><strong>§</strong></span> <span class='ocrx_word' id='word_1_15' title='bbox 2227 444 2310 499; x_wconf 73' lang='lat' dir='ltr'><strong>Vl.</strong></span> <span class='ocrx_word' id='word_1_16' title='bbox 2338 445 2420 499; x_wconf 75' lang='grc' dir='ltr'><strong>Τά</strong></span> <span class='ocrx_word' id='word_1_17' title='bbox 2450 448 2549 517; x_wconf 79' lang='grc' dir='ltr'><strong>μὲν</strong></span> <span class='ocrx_word' id='word_1_18' title='bbox 2580 444 2706 517; x_wconf 78' lang='grc' dir='ltr'>περὶ</span> <span class='ocrx_word' id='word_1_19' title='bbox 2744 444 2852 498; x_wconf 88' lang='grc' dir='ltr'><strong>τῶν</strong></span> <span class='ocrx_word' id='word_1_20' title='bbox 2900 443 3070 513; x_wconf 88' lang='grc' dir='ltr'>ἀγίων</span> <span class='ocrx_word' id='word_1_21' title='bbox 3111 440 3372 515; x_wconf 66' lang='grc' dir='ltr'>σεραφὶμ,</span> <span class='ocrx_word' id='word_1_22' title='bbox 3402 440 3501 493; x_wconf 69' lang='grc' dir='ltr'>καὶ.</span> <span class='ocrx_word' id='word_1_23' title='bbox 3534 440 3682 503; x_wconf 78' lang='grc' dir='ltr'>ὅπως</span> 
     </span>
    </p>
   </div>
   <div class='ocr_carea' id='block_1_6' title="bbox 420 524 1989 602">
    <p class='ocr_par' dir='ltr' id='par_1_6' title="bbox 420 524 1989 602">
     <span class='ocr_line' id='line_1_6' title="bbox 420 524 1989 602; baseline 0.008 -24"><span class='ocrx_word' id='word_1_24' title='bbox 420 524 477 579; x_wconf 92' lang='lat' dir='ltr'><strong>in</strong></span> <span class='ocrx_word' id='word_1_25' title='bbox 526 525 829 595; x_wconf 87' lang='lat' dir='ltr'><strong>Scripturis</strong></span> <span class='ocrx_word' id='word_1_26' title='bbox 868 525 1086 597; x_wconf 83' lang='lat' dir='ltr'><strong>elligiati</strong></span> <span class='ocrx_word' id='word_1_27' title='bbox 1147 532 1472 599; x_wconf 78' lang='lat' dir='ltr'><strong>spiritaliter</strong></span> <span class='ocrx_word' id='word_1_28' title='bbox 1524 536 1886 602; x_wconf 72' lang='grc' dir='ltr'>θιιοιίυειιιιιιο,</span> <span class='ocrx_word' id='word_1_29' title='bbox 1936 540 1989 591; x_wconf 91' lang='lat' dir='ltr'><strong>in</strong></span> 
     </span>
    </p>
   </div>
   <div class='ocr_carea' id='block_1_7' title="bbox 419 616 1991 693">
    <p class='ocr_par' dir='ltr' id='par_1_7' title="bbox 419 616 1991 693">
     <span class='ocr_line' id='line_1_7' title="bbox 419 616 1991 693; baseline 0.008 -22"><span class='ocrx_word' id='word_1_30' title='bbox 419 616 559 672; x_wconf 87' lang='lat' dir='ltr'><strong>libro</strong></span> <span class='ocrx_word' id='word_1_31' title='bbox 614 616 692 672; x_wconf 80' lang='lat' dir='ltr'><strong>De</strong></span> <span class='ocrx_word' id='word_1_32' title='bbox 737 617 931 673; x_wconf 76' lang='lat' dir='ltr'><strong>ctelesti</strong></span> <span class='ocrx_word' id='word_1_33' title='bbox 974 622 1272 676; x_wconf 74' lang='lat' dir='ltr'><strong>hierarcliia</strong></span> <span class='ocrx_word' id='word_1_34' title='bbox 1332 628 1785 693; x_wconf 83' lang='lat' dir='ltr'><strong>pertractavitnus</strong></span> <span class='ocrx_word' id='word_1_35' title='bbox 1833 647 1846 683; x_wconf 92' lang='lat'><strong>:</strong></span> <span class='ocrx_word' id='word_1_36' title='bbox 1899 630 1991 684; x_wconf 88' lang='lat' dir='ltr'><strong>sed</strong></span> 
     </span>
    </p>
   </div>
   <div class='ocr_carea' id='block_1_8' title="bbox 418 706 1991 785">
    <p class='ocr_par' dir='ltr' id='par_1_8' title="bbox 418 706 1991 785">
     <span class='ocr_line' id='line_1_8' title="bbox 418 706 1991 785; baseline 0.01 -26"><span class='ocrx_word' id='word_1_37' title='bbox 418 707 675 775; x_wconf 86' lang='lat' dir='ltr'><strong>quoniam</strong></span> <span class='ocrx_word' id='word_1_38' title='bbox 729 706 804 763; x_wconf 85' lang='lat' dir='ltr'>illi</span> <span class='ocrx_word' id='word_1_39' title='bbox 864 725 1081 780; x_wconf 90' lang='lat' dir='ltr'><strong>quoque</strong></span> <span class='ocrx_word' id='word_1_40' title='bbox 1126 713 1217 781; x_wconf 89' lang='lat' dir='ltr'><strong>qui</strong></span> <span class='ocrx_word' id='word_1_41' title='bbox 1260 715 1413 781; x_wconf 76' lang='lat' dir='ltr'><strong>juxta</strong></span> <span class='ocrx_word' id='word_1_42' title='bbox 1462 718 1769 785; x_wconf 90' lang='lat' dir='ltr'><strong>pontificem</strong></span> <span class='ocrx_word' id='word_1_43' title='bbox 1808 720 1991 773; x_wconf 82' lang='lat' dir='ltr'><strong>consi-</strong></span> 
     </span>
    </p>
   </div>
   <div class='ocr_carea' id='block_1_9' title="bbox 415 802 1987 875">
    <p class='ocr_par' dir='ltr' id='par_1_9' title="bbox 415 802 1987 875">
     <span class='ocr_line' id='line_1_9' title="bbox 415 802 1987 875; baseline 0.007 -24"><span class='ocrx_word' id='word_1_44' title='bbox 415 804 586 861; x_wconf 85' lang='lat' dir='ltr'><strong>stunt,</strong></span> <span class='ocrx_word' id='word_1_45' title='bbox 628 804 681 852; x_wconf 85' lang='lat' dir='ltr'><strong>et</strong></span> <span class='ocrx_word' id='word_1_46' title='bbox 719 802 1050 870; x_wconf 78' lang='lat' dir='ltr'><strong>unguentum</strong></span> <span class='ocrx_word' id='word_1_47' title='bbox 1102 812 1353 859; x_wconf 90' lang='lat' dir='ltr'><strong>sanctutn</strong></span> <span class='ocrx_word' id='word_1_48' title='bbox 1402 807 1693 875; x_wconf 83' lang='lat' dir='ltr'><strong>obtegnnt,</strong></span> <span class='ocrx_word' id='word_1_49' title='bbox 1745 811 1987 864; x_wconf 87' lang='lat' dir='ltr'><strong>eamdem</strong></span> 
     </span>
    </p>
   </div>
   <div class='ocr_carea' id='block_1_10' title="bbox 414 889 1991 971">
    <p class='ocr_par' dir='ltr' id='par_1_10' title="bbox 414 889 1991 971">
     <span class='ocr_line' id='line_1_10' title="bbox 414 889 1991 971; baseline 0.01 -29"><span class='ocrx_word' id='word_1_50' title='bbox 414 889 822 959; x_wconf 75' lang='lat' dir='ltr'><strong>dispositionem</strong></span> <span class='ocrx_word' id='word_1_51' title='bbox 874 902 1303 961; x_wconf 69' lang='lat' dir='ltr'><strong>repraesentant,</strong></span> <span class='ocrx_word' id='word_1_52' title='bbox 1357 899 1596 954; x_wconf 77' lang='lat' dir='ltr'><strong>breviter</strong></span> <span class='ocrx_word' id='word_1_53' title='bbox 1645 916 1865 971; x_wconf 85' lang='lat' dir='ltr'><strong>quoque</strong></span> <span class='ocrx_word' id='word_1_54' title='bbox 1922 902 1991 958; x_wconf 86' lang='lat' dir='ltr'><strong>de</strong></span> 
     </span>
    </p>
   </div>
   <div class='ocr_carea' id='block_1_11' title="bbox 415 980 1045 1051">
    <p class='ocr_par' dir='ltr' id='par_1_11' title="bbox 415 980 1045 1051">
     <span class='ocr_line' id='line_1_11' title="bbox 415 980 1045 1051; baseline 0.008 -17"><span class='ocrx_word' id='word_1_55' title='bbox 415 980 519 1036; x_wconf 90' lang='lat' dir='ltr'><strong>illis</strong></span> <span class='ocrx_word' id='word_1_56' title='bbox 543 982 748 1051; x_wconf 86' lang='lat' dir='ltr'><strong>aliquid</strong></span> <span class='ocrx_word' id='word_1_57' title='bbox 778 984 1045 1042; x_wconf 80' lang='lat' dir='ltr'><strong>dicamus.</strong></span> 
     </span>
    </p>
   </div>
   <div class='ocr_carea' id='block_1_12' title="bbox 484 1072 1990 1150">
    <p class='ocr_par' dir='ltr' id='par_1_12' title="bbox 484 1072 1990 1150">
     <span class='ocr_line' id='line_1_12' title="bbox 484 1072 1990 1150; baseline 0.009 -22"><span class='ocrx_word' id='word_1_58' title='bbox 484 1073 514 1145; x_wconf 70' lang='grc' dir='ltr'><strong>ς</strong></span> <span class='ocrx_word' id='word_1_59' title='bbox 554 1072 662 1129; x_wconf 78' lang='lat' dir='ltr'><strong>V&#39;ll.</strong></span> <span class='ocrx_word' id='word_1_60' title='bbox 702 1073 942 1133; x_wconf 61' lang='lat' dir='ltr'><strong>Diversa</strong></span> <span class='ocrx_word' id='word_1_61' title='bbox 982 1078 1204 1148; x_wconf 87' lang='lat' dir='ltr'><strong>quidem</strong></span> <span class='ocrx_word' id='word_1_62' title='bbox 1262 1080 1431 1139; x_wconf 82' lang='lat' dir='ltr'><strong>facies</strong></span> <span class='ocrx_word' id='word_1_63' title='bbox 1481 1099 1699 1150; x_wconf 85' lang='lat' dir='ltr'><strong>eorum,</strong></span> <span class='ocrx_word' id='word_1_64' title='bbox 1731 1096 1791 1141; x_wconf 94' lang='lat' dir='ltr'><strong>ut</strong></span> <span class='ocrx_word' id='word_1_65' title='bbox 1829 1086 1990 1141; x_wconf 87' lang='lat' dir='ltr'><strong>unius</strong></span> 
     </span>
    </p>
   </div>
   <div class='ocr_carea' id='block_1_13' title="bbox 408 1167 1989 1245">
    <p class='ocr_par' dir='ltr' id='par_1_13' title="bbox 408 1167 1989 1245">
     <span class='ocr_line' id='line_1_13' title="bbox 408 1167 1989 1245; baseline 0.009 -27"><span class='ocrx_word' id='word_1_66' title='bbox 408 1167 627 1236; x_wconf 85' lang='lat' dir='ltr'><strong>quidem</strong></span> <span class='ocrx_word' id='word_1_67' title='bbox 658 1168 921 1234; x_wconf 86' lang='lat' dir='ltr'><strong>humana,</strong></span> <span class='ocrx_word' id='word_1_68' title='bbox 958 1170 1187 1229; x_wconf 87' lang='lat' dir='ltr'><strong>alterius</strong></span> <span class='ocrx_word' id='word_1_69' title='bbox 1222 1187 1351 1229; x_wconf 90' lang='lat' dir='ltr'><strong>vero</strong></span> <span class='ocrx_word' id='word_1_70' title='bbox 1401 1177 1619 1245; x_wconf 85' lang='lat' dir='ltr'><strong>bovina,</strong></span> <span class='ocrx_word' id='word_1_71' title='bbox 1673 1185 1729 1233; x_wconf 83' lang='lat' dir='ltr'><strong>et</strong></span> <span class='ocrx_word' id='word_1_72' title='bbox 1762 1178 1989 1233; x_wconf 81' lang='lat' dir='ltr'><strong>alterius</strong></span> 
     </span>
    </p>
   </div>
   <div class='ocr_carea' id='block_1_14' title="bbox 409 1258 1988 1337">
    <p class='ocr_par' dir='ltr' id='par_1_14' title="bbox 409 1258 1988 1337">
     <span class='ocr_line' id='line_1_14' title="bbox 409 1258 1988 1337; baseline 0.009 -24"><span class='ocrx_word' id='word_1_73' title='bbox 409 1258 614 1325; x_wconf 82' lang='lat' dir='ltr'><strong>leonis,</strong></span> <span class='ocrx_word' id='word_1_74' title='bbox 676 1270 733 1316; x_wconf 86' lang='lat' dir='ltr'><strong>et</strong></span> <span class='ocrx_word' id='word_1_75' title='bbox 802 1262 1029 1318; x_wconf 81' lang='lat' dir='ltr'><strong>alterius</strong></span> <span class='ocrx_word' id='word_1_76' title='bbox 1066 1264 1287 1335; x_wconf 62' lang='lat' dir='ltr'><strong>aquilae,</strong></span> <span class='ocrx_word' id='word_1_77' title='bbox 1326 1267 1583 1337; x_wconf 85' lang='lat' dir='ltr'><strong>quodque</strong></span> <span class='ocrx_word' id='word_1_78' title='bbox 1634 1270 1775 1325; x_wconf 88' lang='lat' dir='ltr'><strong>alius</strong></span> <span class='ocrx_word' id='word_1_79' title='bbox 1824 1272 1988 1327; x_wconf 79' lang='lat' dir='ltr'><strong>aliter</strong></span> 
     </span>
    </p>
   </div>
   <div class='ocr_carea' id='block_1_15' title="bbox 407 1353 1986 1427">
    <p class='ocr_par' dir='ltr' id='par_1_15' title="bbox 407 1353 1986 1427">
     <span class='ocr_line' id='line_1_15' title="bbox 407 1353 1986 1427; baseline 0.009 -24"><span class='ocrx_word' id='word_1_80' title='bbox 407 1360 690 1419; x_wconf 79' lang='lat' dir='ltr'><strong>appareat,</strong></span> <span class='ocrx_word' id='word_1_81' title='bbox 716 1366 907 1407; x_wconf 89' lang='lat' dir='ltr'><strong>eorum</strong></span> <span class='ocrx_word' id='word_1_82' title='bbox 938 1353 1151 1409; x_wconf 80' lang='lat' dir='ltr'><strong>videndi</strong></span> <span class='ocrx_word' id='word_1_83' title='bbox 1179 1356 1286 1410; x_wconf 91' lang='lat' dir='ltr'><strong>vim</strong></span> <span class='ocrx_word' id='word_1_84' title='bbox 1316 1360 1674 1427; x_wconf 87' lang='lat' dir='ltr'><strong>multiplicem</strong></span> <span class='ocrx_word' id='word_1_85' title='bbox 1701 1362 1944 1418; x_wconf 83' lang='lat' dir='ltr'><strong>declarat</strong></span> <span class='ocrx_word' id='word_1_86' title='bbox 1968 1380 1986 1417; x_wconf 89' lang='lat'><strong>:</strong></span> 
     </span>
    </p>
   </div>
   <div class='ocr_carea' id='block_1_16' title="bbox 404 1443 1983 1519">
    <p class='ocr_par' dir='ltr' id='par_1_16' title="bbox 404 1443 1983 1519">
     <span class='ocr_line' id='line_1_16' title="bbox 404 1443 1983 1519; baseline 0.01 -25"><span class='ocrx_word' id='word_1_87' title='bbox 404 1443 585 1497; x_wconf 87' lang='lat' dir='ltr'><strong>omnis</strong></span> <span class='ocrx_word' id='word_1_88' title='bbox 643 1444 788 1499; x_wconf 91' lang='lat' dir='ltr'><strong>enim</strong></span> <span class='ocrx_word' id='word_1_89' title='bbox 850 1447 990 1501; x_wconf 88' lang='lat' dir='ltr'><strong>visio</strong></span> <span class='ocrx_word' id='word_1_90' title='bbox 1046 1449 1107 1502; x_wconf 89' lang='lat' dir='ltr'><strong>llt</strong></span> <span class='ocrx_word' id='word_1_91' title='bbox 1157 1448 1380 1519; x_wconf 88' lang='lat' dir='ltr'><strong>aliquali</strong></span> <span class='ocrx_word' id='word_1_92' title='bbox 1423 1452 1605 1508; x_wconf 79' lang='lat' dir='ltr'><strong>vultus</strong></span> <span class='ocrx_word' id='word_1_93' title='bbox 1656 1454 1983 1510; x_wconf 81' lang='lat' dir='ltr'><strong>delectione.</strong></span> 
     </span>
    </p>
   </div>
   <div class='ocr_carea' id='block_1_17' title="bbox 406 1531 1987 1612">
    <p class='ocr_par' dir='ltr' id='par_1_17' title="bbox 406 1531 1987 1612">
     <span class='ocr_line' id='line_1_17' title="bbox 406 1531 1987 1612; baseline 0.008 -26"><span class='ocrx_word' id='word_1_94' title='bbox 406 1531 558 1588; x_wconf 80' lang='lat' dir='ltr'><strong>llulti</strong></span> <span class='ocrx_word' id='word_1_95' title='bbox 603 1549 731 1591; x_wconf 85' lang='lat' dir='ltr'><strong>vero</strong></span> <span class='ocrx_word' id='word_1_96' title='bbox 783 1536 949 1606; x_wconf 84' lang='lat' dir='ltr'><strong>pedes</strong></span> <span class='ocrx_word' id='word_1_97' title='bbox 997 1538 1259 1594; x_wconf 79' lang='lat' dir='ltr'><strong>denotant</strong></span> <span class='ocrx_word' id='word_1_98' title='bbox 1296 1552 1616 1612; x_wconf 87' lang='lat' dir='ltr'><strong>perpetuum</strong></span> <span class='ocrx_word' id='word_1_99' title='bbox 1642 1559 1834 1599; x_wconf 85' lang='lat' dir='ltr'><strong>eorum</strong></span> <span class='ocrx_word' id='word_1_100' title='bbox 1876 1561 1987 1599; x_wconf 87' lang='lat' dir='ltr'><strong>mo-</strong></span> 
     </span>
    </p>
   </div>
   <div class='ocr_carea' id='block_1_18' title="bbox 406 1627 1982 1707">
    <p class='ocr_par' dir='ltr' id='par_1_18' title="bbox 406 1627 1982 1707">
     <span class='ocr_line' id='line_1_18' title="bbox 406 1627 1982 1707; baseline 0.011 -30"><span class='ocrx_word' id='word_1_101' title='bbox 406 1634 557 1690; x_wconf 90' lang='lat' dir='ltr'><strong>tum,</strong></span> <span class='ocrx_word' id='word_1_102' title='bbox 605 1627 823 1697; x_wconf 84' lang='lat' dir='ltr'><strong>vimque</strong></span> <span class='ocrx_word' id='word_1_103' title='bbox 862 1629 1058 1684; x_wconf 68' lang='lat' dir='ltr'><strong>divinae</strong></span> <span class='ocrx_word' id='word_1_104' title='bbox 1096 1633 1430 1702; x_wconf 89' lang='lat' dir='ltr'><strong>cognitionis</strong></span> <span class='ocrx_word' id='word_1_105' title='bbox 1484 1635 1651 1689; x_wconf 89' lang='lat' dir='ltr'><strong>multa</strong></span> <span class='ocrx_word' id='word_1_106' title='bbox 1690 1647 1982 1707; x_wconf 84' lang='lat' dir='ltr'><strong>penetran-</strong></span> 
     </span>
    </p>
   </div>
   <div class='ocr_carea' id='block_1_19' title="bbox 405 1718 1981 1799">
    <p class='ocr_par' dir='ltr' id='par_1_19' title="bbox 405 1718 1981 1799">
     <span class='ocr_line' id='line_1_19' title="bbox 405 1718 1981 1799; baseline 0.01 -31"><span class='ocrx_word' id='word_1_107' title='bbox 405 1725 545 1781; x_wconf 85' lang='lat' dir='ltr'><strong>tem;</strong></span> <span class='ocrx_word' id='word_1_108' title='bbox 600 1732 724 1771; x_wconf 90' lang='lat' dir='ltr'><strong>nam</strong></span> <span class='ocrx_word' id='word_1_109' title='bbox 775 1718 919 1787; x_wconf 88' lang='lat' dir='ltr'><strong>quod</strong></span> <span class='ocrx_word' id='word_1_110' title='bbox 974 1721 1143 1776; x_wconf 86' lang='lat' dir='ltr'><strong>multa</strong></span> <span class='ocrx_word' id='word_1_111' title='bbox 1186 1724 1389 1787; x_wconf 91' lang='lat' dir='ltr'><strong>norint,</strong></span> <span class='ocrx_word' id='word_1_112' title='bbox 1423 1726 1529 1780; x_wconf 85' lang='lat' dir='ltr'><strong>hoc</strong></span> <span class='ocrx_word' id='word_1_113' title='bbox 1566 1738 1791 1797; x_wconf 88' lang='lat' dir='ltr'><strong>propter</strong></span> <span class='ocrx_word' id='word_1_114' title='bbox 1813 1730 1981 1799; x_wconf 84' lang='lat' dir='ltr'><strong>pedes</strong></span> 
     </span>
    </p>
   </div>
   <div class='ocr_carea' id='block_1_20' title="bbox 402 1799 2052 1888">
    <p class='ocr_par' dir='ltr' id='par_1_20' title="bbox 402 1799 2052 1888">
     <span class='ocr_line' id='line_1_20' title="bbox 402 1799 2052 1888; baseline 0.009 -26"><span class='ocrx_word' id='word_1_115' title='bbox 402 1808 485 1865; x_wconf 74' lang='lat' dir='ltr'><strong>lit.</strong></span> <span class='ocrx_word' id='word_1_116' title='bbox 518 1809 784 1865; x_wconf 85' lang='lat' dir='ltr'><strong>Senarum</strong></span> <span class='ocrx_word' id='word_1_117' title='bbox 825 1828 955 1866; x_wconf 89' lang='lat' dir='ltr'><strong>vero</strong></span> <span class='ocrx_word' id='word_1_118' title='bbox 982 1812 1191 1870; x_wconf 87' lang='lat' dir='ltr'><strong>alarum</strong></span> <span class='ocrx_word' id='word_1_119' title='bbox 1235 1819 1688 1888; x_wconf 86' lang='lat' dir='ltr'><strong>compositionem</strong></span> <span class='ocrx_word' id='word_1_120' title='bbox 1730 1838 1835 1876; x_wconf 92' lang='lat' dir='ltr'><strong>non</strong></span> <span class='ocrx_word' id='word_1_121' title='bbox 1864 1824 1979 1877; x_wconf 73' lang='lat' dir='ltr'><strong>exi-</strong></span> <span class='ocrx_word' id='word_1_122' title='bbox 2011 1799 2052 1858; x_wconf 72' lang='grc' dir='ltr'><strong><em>Β</em></strong></span> 
     </span>
    </p>
   </div>
   <div class='ocr_carea' id='block_1_21' title="bbox 399 1902 1979 1981">
    <p class='ocr_par' dir='ltr' id='par_1_21' title="bbox 399 1902 1979 1981">
     <span class='ocr_line' id='line_1_21' title="bbox 399 1902 1979 1981; baseline 0.009 -26"><span class='ocrx_word' id='word_1_123' title='bbox 399 1902 563 1961; x_wconf 77' lang='lat' dir='ltr'><strong>stimo</strong></span> <span class='ocrx_word' id='word_1_124' title='bbox 608 1919 894 1959; x_wconf 87' lang='lat' dir='ltr'><strong>numerum</strong></span> <span class='ocrx_word' id='word_1_125' title='bbox 929 1906 1337 1977; x_wconf 81' lang='lat' dir='ltr'><strong>demonstrare,</strong></span> <span class='ocrx_word' id='word_1_126' title='bbox 1385 1913 1531 1981; x_wconf 90' lang='lat' dir='ltr'><strong>quod</strong></span> <span class='ocrx_word' id='word_1_127' title='bbox 1587 1915 1676 1967; x_wconf 86' lang='lat' dir='ltr'><strong>hic</strong></span> <span class='ocrx_word' id='word_1_128' title='bbox 1725 1930 1979 1970; x_wconf 87' lang='lat' dir='ltr'><strong>numerus</strong></span> 
     </span>
    </p>
   </div>
   <div class='ocr_carea' id='block_1_22' title="bbox 394 1992 1976 2072">
    <p class='ocr_par' dir='ltr' id='par_1_22' title="bbox 394 1992 1976 2072">
     <span class='ocr_line' id='line_1_22' title="bbox 394 1992 1976 2072; baseline 0.009 -24"><span class='ocrx_word' id='word_1_129' title='bbox 394 1992 673 2062; x_wconf 80' lang='lat' dir='ltr'><strong>perfectus</strong></span> <span class='ocrx_word' id='word_1_130' title='bbox 721 1998 816 2062; x_wconf 87' lang='lat' dir='ltr'><strong>sit,</strong></span> <span class='ocrx_word' id='word_1_131' title='bbox 872 2008 1131 2070; x_wconf 81' lang='lat' dir='ltr'><strong>tanquam</strong></span> <span class='ocrx_word' id='word_1_132' title='bbox 1174 2001 1269 2072; x_wconf 89' lang='lat' dir='ltr'><strong>qui</strong></span> <span class='ocrx_word' id='word_1_133' title='bbox 1310 2006 1562 2072; x_wconf 85' lang='lat' dir='ltr'><strong>partibus</strong></span> <span class='ocrx_word' id='word_1_134' title='bbox 1608 2008 1721 2060; x_wconf 86' lang='lat' dir='ltr'><strong>suis</strong></span> <span class='ocrx_word' id='word_1_135' title='bbox 1762 2017 1976 2062; x_wconf 84' lang='lat' dir='ltr'><strong>constet</strong></span> 
     </span>
    </p>
   </div>
   <div class='ocr_carea' id='block_1_23' title="bbox 400 2084 1978 2169">
    <p class='ocr_par' dir='ltr' id='par_1_23' title="bbox 400 2084 1978 2169">
     <span class='ocr_line' id='line_1_23' title="bbox 400 2084 1978 2169; baseline 0.013 -34"><span class='ocrx_word' id='word_1_136' title='bbox 400 2084 526 2151; x_wconf 83' lang='lat' dir='ltr'><strong>(tria</strong></span> <span class='ocrx_word' id='word_1_137' title='bbox 559 2088 727 2148; x_wconf 86' lang='lat' dir='ltr'><strong>enim,</strong></span> <span class='ocrx_word' id='word_1_138' title='bbox 752 2097 804 2141; x_wconf 90' lang='lat' dir='ltr'><strong>et</strong></span> <span class='ocrx_word' id='word_1_139' title='bbox 832 2090 961 2153; x_wconf 92' lang='lat' dir='ltr'><strong>dno,</strong></span> <span class='ocrx_word' id='word_1_140' title='bbox 1002 2100 1057 2145; x_wconf 89' lang='lat' dir='ltr'><strong>et</strong></span> <span class='ocrx_word' id='word_1_141' title='bbox 1083 2107 1275 2157; x_wconf 89' lang='lat' dir='ltr'><strong>unum,</strong></span> <span class='ocrx_word' id='word_1_142' title='bbox 1301 2104 1426 2148; x_wconf 85' lang='lat' dir='ltr'><strong>sunt</strong></span> <span class='ocrx_word' id='word_1_143' title='bbox 1477 2096 1673 2151; x_wconf 86' lang='lat' dir='ltr'><strong>iterum</strong></span> <span class='ocrx_word' id='word_1_144' title='bbox 1706 2114 1825 2161; x_wconf 79' lang='lat' dir='ltr'><strong>sex,</strong></span> <span class='ocrx_word' id='word_1_145' title='bbox 1857 2115 1978 2169; x_wconf 66' lang='lat' dir='ltr'><strong>quae</strong></span> 
     </span>
    </p>
   </div>
   <div class='ocr_carea' id='block_1_24' title="bbox 400 2179 1974 2261">
    <p class='ocr_par' dir='ltr' id='par_1_24' title="bbox 400 2179 1974 2261">
     <span class='ocr_line' id='line_1_24' title="bbox 400 2179 1974 2261; baseline 0.01 -31"><span class='ocrx_word' id='word_1_146' title='bbox 400 2189 528 2232; x_wconf 78' lang='lat' dir='ltr'><strong>sunt</strong></span> <span class='ocrx_word' id='word_1_147' title='bbox 565 2179 851 2233; x_wconf 88' lang='lat' dir='ltr'><strong>dimidium</strong></span> <span class='ocrx_word' id='word_1_148' title='bbox 881 2182 1123 2249; x_wconf 89' lang='lat' dir='ltr'><strong>tertium,</strong></span> <span class='ocrx_word' id='word_1_149' title='bbox 1160 2194 1215 2239; x_wconf 88' lang='lat' dir='ltr'><strong>et</strong></span> <span class='ocrx_word' id='word_1_150' title='bbox 1243 2195 1477 2250; x_wconf 80' lang='lat' dir='ltr'><strong>sextum,</strong></span> <span class='ocrx_word' id='word_1_151' title='bbox 1513 2198 1574 2243; x_wconf 89' lang='lat' dir='ltr'><strong>ut</strong></span> <span class='ocrx_word' id='word_1_152' title='bbox 1598 2188 1719 2244; x_wconf 84' lang='lat' dir='ltr'><strong>aliis</strong></span> <span class='ocrx_word' id='word_1_153' title='bbox 1748 2192 1974 2261; x_wconf 77' lang='lat' dir='ltr'><strong>placuit,</strong></span> 
     </span>
    </p>
   </div>
   <div class='ocr_carea' id='block_1_25' title="bbox 396 2268 1974 2340">
    <p class='ocr_par' dir='ltr' id='par_1_25' title="bbox 396 2268 1974 2340">
     <span class='ocr_line' id='line_1_25' title="bbox 396 2268 1974 2340; baseline 0.013 -21"><span class='ocrx_word' id='word_1_154' title='bbox 396 2268 529 2337; x_wconf 90' lang='lat' dir='ltr'><strong>quin</strong></span> <span class='ocrx_word' id='word_1_155' title='bbox 576 2278 630 2323; x_wconf 88' lang='lat' dir='ltr'><strong>et</strong></span> <span class='ocrx_word' id='word_1_156' title='bbox 671 2285 772 2325; x_wconf 86' lang='lat' dir='ltr'><strong>nos</strong></span> <span class='ocrx_word' id='word_1_157' title='bbox 804 2271 904 2340; x_wconf 85' lang='lat' dir='ltr'><strong>ipsi</strong></span> <span class='ocrx_word' id='word_1_158' title='bbox 950 2272 1004 2328; x_wconf 93' lang='lat' dir='ltr'><strong>in</strong></span> <span class='ocrx_word' id='word_1_159' title='bbox 1046 2274 1183 2330; x_wconf 87' lang='lat' dir='ltr'><strong>libro</strong></span> <span class='ocrx_word' id='word_1_160' title='bbox 1226 2274 1301 2330; x_wconf 84' lang='lat' dir='ltr'><strong>De</strong></span> <span class='ocrx_word' id='word_1_161' title='bbox 1335 2278 1528 2334; x_wconf 70' lang='lat' dir='ltr'><strong>caelati</strong></span> <span class='ocrx_word' id='word_1_162' title='bbox 1577 2281 1875 2338; x_wconf 74' lang='lat' dir='ltr'><strong>hieran-hia</strong></span> <span class='ocrx_word' id='word_1_163' title='bbox 1922 2285 1974 2340; x_wconf 81' lang='lat' dir='ltr'><strong>id</strong></span> 
     </span>
    </p>
   </div>
   <div class='ocr_carea' id='block_1_26' title="bbox 384 2360 1976 2438">
    <p class='ocr_par' dir='ltr' id='par_1_26' title="bbox 384 2360 1976 2438">
     <span class='ocr_line' id='line_1_26' title="bbox 384 2360 1976 2438; baseline 0.011 -25"><span class='ocrx_word' id='word_1_164' title='bbox 384 2360 473 2414; x_wconf 79' lang='lat' dir='ltr'><strong>ita</strong></span> <span class='ocrx_word' id='word_1_165' title='bbox 501 2361 740 2418; x_wconf 76' lang='lat' dir='ltr'><strong>diximus</strong></span> <span class='ocrx_word' id='word_1_166' title='bbox 773 2364 1084 2435; x_wconf 82' lang='lat' dir='ltr'><strong>explicari),</strong></span> <span class='ocrx_word' id='word_1_167' title='bbox 1116 2369 1209 2423; x_wconf 87' lang='lat' dir='ltr'><strong>sed</strong></span> <span class='ocrx_word' id='word_1_168' title='bbox 1242 2370 1386 2438; x_wconf 86' lang='lat' dir='ltr'><strong>quod</strong></span> <span class='ocrx_word' id='word_1_169' title='bbox 1421 2387 1515 2427; x_wconf 81' lang='lat' dir='ltr'><strong>sex</strong></span> <span class='ocrx_word' id='word_1_170' title='bbox 1559 2374 1613 2428; x_wconf 91' lang='lat' dir='ltr'><strong>in</strong></span> <span class='ocrx_word' id='word_1_171' title='bbox 1652 2384 1765 2430; x_wconf 84' lang='lat' dir='ltr'><strong>tres</strong></span> <span class='ocrx_word' id='word_1_172' title='bbox 1800 2376 1976 2431; x_wconf 88' lang='lat' dir='ltr'><strong>duali-</strong></span> 
     </span>
    </p>
   </div>
   <div class='ocr_carea' id='block_1_27' title="bbox 400 2456 1976 2539">
    <p class='ocr_par' dir='ltr' id='par_1_27' title="bbox 400 2456 1976 2539">
     <span class='ocr_line' id='line_1_27' title="bbox 400 2456 1976 2539; baseline 0.012 -32"><span class='ocrx_word' id='word_1_173' title='bbox 400 2462 544 2509; x_wconf 67' lang='lat' dir='ltr'><strong>tates</strong></span> <span class='ocrx_word' id='word_1_174' title='bbox 593 2456 929 2512; x_wconf 88' lang='lat' dir='ltr'><strong>dividantur.</strong></span> <span class='ocrx_word' id='word_1_175' title='bbox 984 2458 1126 2515; x_wconf 90' lang='lat' dir='ltr'><strong>Sunt</strong></span> <span class='ocrx_word' id='word_1_176' title='bbox 1158 2462 1303 2517; x_wconf 86' lang='lat' dir='ltr'><strong>enim</strong></span> <span class='ocrx_word' id='word_1_177' title='bbox 1356 2463 1410 2519; x_wconf 90' lang='lat' dir='ltr'><strong>in</strong></span> <span class='ocrx_word' id='word_1_178' title='bbox 1460 2467 1711 2522; x_wconf 84' lang='lat' dir='ltr'><strong>omnibus</strong></span> <span class='ocrx_word' id='word_1_179' title='bbox 1760 2483 1976 2539; x_wconf 87' lang='lat' dir='ltr'><strong>quoque</strong></span> 
     </span>
    </p>
   </div>
   <div class='ocr_carea' id='block_1_28' title="bbox 386 2547 1975 2630">
    <p class='ocr_par' dir='ltr' id='par_1_28' title="bbox 386 2547 1975 2630">
     <span class='ocr_line' id='line_1_28' title="bbox 386 2547 1975 2630; baseline 0.009 -28"><span class='ocrx_word' id='word_1_180' title='bbox 386 2547 562 2603; x_wconf 66' lang='lat' dir='ltr'><strong>simul</strong></span> <span class='ocrx_word' id='word_1_181' title='bbox 594 2548 906 2606; x_wconf 67' lang='lat' dir='ltr'><strong>caelestibus</strong></span> <span class='ocrx_word' id='word_1_182' title='bbox 946 2551 1265 2617; x_wconf 76' lang='lat' dir='ltr'><strong>virtutibus,</strong></span> <span class='ocrx_word' id='word_1_183' title='bbox 1320 2558 1394 2610; x_wconf 89' lang='lat' dir='ltr'><strong>ttti</strong></span> <span class='ocrx_word' id='word_1_184' title='bbox 1427 2558 1595 2613; x_wconf 89' lang='lat' dir='ltr'><strong>etiam</strong></span> <span class='ocrx_word' id='word_1_185' title='bbox 1648 2560 1700 2614; x_wconf 91' lang='lat' dir='ltr'><strong>in</strong></span> <span class='ocrx_word' id='word_1_186' title='bbox 1731 2562 1975 2630; x_wconf 87' lang='lat' dir='ltr'><strong>qualibet</strong></span> 
     </span>
    </p>
   </div>
   <div class='ocr_carea' id='block_1_29' title="bbox 395 2640 1974 2718">
    <p class='ocr_par' dir='ltr' id='par_1_29' title="bbox 395 2640 1974 2718">
     <span class='ocr_line' id='line_1_29' title="bbox 395 2640 1974 2718; baseline 0.009 -26"><span class='ocrx_word' id='word_1_187' title='bbox 395 2640 770 2708; x_wconf 79' lang='lat' dir='ltr'><strong>dispositione,</strong></span> <span class='ocrx_word' id='word_1_188' title='bbox 820 2641 1028 2711; x_wconf 67' lang='lat' dir='ltr'><strong>primae,</strong></span> <span class='ocrx_word' id='word_1_189' title='bbox 1075 2654 1130 2699; x_wconf 91' lang='lat' dir='ltr'><strong>et</strong></span> <span class='ocrx_word' id='word_1_190' title='bbox 1165 2646 1377 2713; x_wconf 67' lang='lat' dir='ltr'><strong>mediae,</strong></span> <span class='ocrx_word' id='word_1_191' title='bbox 1410 2657 1465 2703; x_wconf 89' lang='lat' dir='ltr'><strong>et</strong></span> <span class='ocrx_word' id='word_1_192' title='bbox 1510 2659 1836 2718; x_wconf 59' lang='lat' dir='ltr'><strong>postremae:</strong></span> <span class='ocrx_word' id='word_1_193' title='bbox 1873 2654 1974 2707; x_wconf 85' lang='lat' dir='ltr'><strong>hac</strong></span> 
     </span>
    </p>
   </div>
   <div class='ocr_carea' id='block_1_30' title="bbox 393 2735 1971 2813">
    <p class='ocr_par' dir='ltr' id='par_1_30' title="bbox 393 2735 1971 2813">
     <span class='ocr_line' id='line_1_30' title="bbox 393 2735 1971 2813; baseline 0.006 -27"><span class='ocrx_word' id='word_1_194' title='bbox 393 2735 462 2789; x_wconf 79' lang='lat' dir='ltr'><strong>de</strong></span> <span class='ocrx_word' id='word_1_195' title='bbox 485 2749 648 2790; x_wconf 88' lang='lat' dir='ltr'><strong>causa</strong></span> <span class='ocrx_word' id='word_1_196' title='bbox 677 2749 771 2790; x_wconf 82' lang='lat' dir='ltr'><strong>sex</strong></span> <span class='ocrx_word' id='word_1_197' title='bbox 812 2735 912 2790; x_wconf 79' lang='lat' dir='ltr'><strong>ala:</strong></span> <span class='ocrx_word' id='word_1_198' title='bbox 945 2737 1462 2807; x_wconf 89' lang='lat' dir='ltr'><strong>circumponuntnr,</strong></span> <span class='ocrx_word' id='word_1_199' title='bbox 1492 2750 1551 2795; x_wconf 89' lang='lat' dir='ltr'><strong>ut</strong></span> <span class='ocrx_word' id='word_1_200' title='bbox 1586 2757 1683 2811; x_wconf 88' lang='lat' dir='ltr'><strong>per</strong></span> <span class='ocrx_word' id='word_1_201' title='bbox 1728 2744 1971 2813; x_wconf 81' lang='lat' dir='ltr'><strong>duplices</strong></span> 
     </span>
    </p>
   </div>
   <div class='ocr_carea' id='block_1_31' title="bbox 392 2826 1967 2902">
    <p class='ocr_par' dir='ltr' id='par_1_31' title="bbox 392 2826 1967 2902">
     <span class='ocr_line' id='line_1_31' title="bbox 392 2826 1967 2902; baseline 0.006 -23"><span class='ocrx_word' id='word_1_202' title='bbox 392 2826 513 2881; x_wconf 83' lang='lat' dir='ltr'><strong>alas</strong></span> <span class='ocrx_word' id='word_1_203' title='bbox 543 2830 856 2883; x_wconf 84' lang='lat' dir='ltr'><strong>earumdem</strong></span> <span class='ocrx_word' id='word_1_204' title='bbox 903 2830 973 2883; x_wconf 89' lang='lat' dir='ltr'><strong>ad</strong></span> <span class='ocrx_word' id='word_1_205' title='bbox 1002 2845 1194 2897; x_wconf 84' lang='lat' dir='ltr'><strong>supera</strong></span> <span class='ocrx_word' id='word_1_206' title='bbox 1236 2831 1470 2887; x_wconf 84' lang='lat' dir='ltr'><strong>ducendi</strong></span> <span class='ocrx_word' id='word_1_207' title='bbox 1504 2834 1586 2887; x_wconf 89' lang='lat' dir='ltr'><strong>vis</strong></span> <span class='ocrx_word' id='word_1_208' title='bbox 1611 2834 1967 2902; x_wconf 82' lang='lat' dir='ltr'><strong>significetur,</strong></span> 
     </span>
    </p>
   </div>
   <div class='ocr_carea' id='block_1_32' title="bbox 378 2917 1973 2995">
    <p class='ocr_par' dir='ltr' id='par_1_32' title="bbox 378 2917 1973 2995">
     <span class='ocr_line' id='line_1_32' title="bbox 378 2917 1973 2995; baseline 0.006 -25"><span class='ocrx_word' id='word_1_209' title='bbox 378 2932 501 2972; x_wconf 77' lang='lat' dir='ltr'><strong>non</strong></span> <span class='ocrx_word' id='word_1_210' title='bbox 522 2918 667 2971; x_wconf 90' lang='lat' dir='ltr'><strong>enim</strong></span> <span class='ocrx_word' id='word_1_211' title='bbox 693 2931 798 2971; x_wconf 88' lang='lat' dir='ltr'><strong>una</strong></span> <span class='ocrx_word' id='word_1_212' title='bbox 822 2917 1036 2974; x_wconf 72' lang='lat' dir='ltr'><strong>sufﬁcit.</strong></span> <span class='ocrx_word' id='word_1_213' title='bbox 1068 2919 1206 2987; x_wconf 84' lang='lat' dir='ltr'><strong>Quin</strong></span> <span class='ocrx_word' id='word_1_214' title='bbox 1236 2932 1291 2975; x_wconf 89' lang='lat' dir='ltr'><strong>et</strong></span> <span class='ocrx_word' id='word_1_215' title='bbox 1318 2923 1421 2977; x_wconf 86' lang='lat' dir='ltr'><strong>hoc</strong></span> <span class='ocrx_word' id='word_1_216' title='bbox 1451 2937 1667 2992; x_wconf 87' lang='lat' dir='ltr'><strong>quoque</strong></span> <span class='ocrx_word' id='word_1_217' title='bbox 1683 2925 1847 2995; x_wconf 72' lang='lat'><strong>229</strong></span> <span class='ocrx_word' id='word_1_218' title='bbox 1862 2927 1973 2995; x_wconf 88' lang='lat' dir='ltr'><strong>pri-</strong></span> 
     </span>
    </p>
   </div>
   <div class='ocr_carea' id='block_1_33' title="bbox 393 3009 1969 3086">
    <p class='ocr_par' dir='ltr' id='par_1_33' title="bbox 393 3009 1969 3086">
     <span class='ocr_line' id='line_1_33' title="bbox 393 3009 1969 3086; baseline 0.008 -25"><span class='ocrx_word' id='word_1_219' title='bbox 393 3023 532 3073; x_wconf 88' lang='lat' dir='ltr'><strong>mas,</strong></span> <span class='ocrx_word' id='word_1_220' title='bbox 555 3018 608 3061; x_wconf 91' lang='lat' dir='ltr'><strong>et</strong></span> <span class='ocrx_word' id='word_1_221' title='bbox 632 3009 863 3076; x_wconf 84' lang='lat' dir='ltr'><strong>medias,</strong></span> <span class='ocrx_word' id='word_1_222' title='bbox 879 3020 935 3064; x_wconf 90' lang='lat' dir='ltr'><strong>et</strong></span> <span class='ocrx_word' id='word_1_223' title='bbox 959 3022 1265 3080; x_wconf 85' lang='lat' dir='ltr'><strong>postremas</strong></span> <span class='ocrx_word' id='word_1_224' title='bbox 1286 3014 1513 3068; x_wconf 88' lang='lat' dir='ltr'><strong>virtutes</strong></span> <span class='ocrx_word' id='word_1_225' title='bbox 1543 3029 1728 3069; x_wconf 91' lang='lat' dir='ltr'><strong>earum</strong></span> <span class='ocrx_word' id='word_1_226' title='bbox 1747 3019 1969 3086; x_wconf 83' lang='lat' dir='ltr'><strong>spirita—</strong></span> 
     </span>
    </p>
   </div>
   <div class='ocr_carea' id='block_1_34' title="bbox 390 3100 1968 3171">
    <p class='ocr_par' dir='ltr' id='par_1_34' title="bbox 390 3100 1968 3171">
     <span class='ocr_line' id='line_1_34' title="bbox 390 3100 1968 3171; baseline 0.005 -15"><span class='ocrx_word' id='word_1_227' title='bbox 390 3100 551 3156; x_wconf 79' lang='lat' dir='ltr'><strong>lesad</strong></span> <span class='ocrx_word' id='word_1_228' title='bbox 576 3100 748 3171; x_wconf 91' lang='lat' dir='ltr'><strong>ipsum</strong></span> <span class='ocrx_word' id='word_1_229' title='bbox 769 3100 935 3157; x_wconf 89' lang='lat' dir='ltr'><strong>Deum</strong></span> <span class='ocrx_word' id='word_1_230' title='bbox 955 3104 1177 3166; x_wconf 83' lang='lat' dir='ltr'><strong>adduci,</strong></span> <span class='ocrx_word' id='word_1_231' title='bbox 1200 3116 1253 3157; x_wconf 87' lang='lat' dir='ltr'><strong>et</strong></span> <span class='ocrx_word' id='word_1_232' title='bbox 1272 3120 1299 3156; x_wconf 87' lang='lat' dir='ltr'><strong>a</strong></span> <span class='ocrx_word' id='word_1_233' title='bbox 1328 3106 1562 3159; x_wconf 86' lang='lat' dir='ltr'><strong>terrenis</strong></span> <span class='ocrx_word' id='word_1_234' title='bbox 1593 3108 1796 3163; x_wconf 78' lang='lat' dir='ltr'><strong>absolvi</strong></span> <span class='ocrx_word' id='word_1_235' title='bbox 1833 3110 1968 3164; x_wconf 81' lang='lat' dir='ltr'><strong>iusi-</strong></span> 
     </span>
    </p>
   </div>
   <div class='ocr_carea' id='block_1_35' title="bbox 2096 529 3681 608">
    <p class='ocr_par' dir='ltr' id='par_1_35' title="bbox 2096 529 3681 608">
     <span class='ocr_line' id='line_1_35' title="bbox 2096 529 3681 608; baseline -0.001 -21"><span class='ocrx_word' id='word_1_236' title='bbox 2096 536 2155 589; x_wconf 77' lang='grc' dir='ltr'><strong>έν</strong></span> <span class='ocrx_word' id='word_1_237' title='bbox 2190 539 2313 600; x_wconf 89' lang='grc' dir='ltr'>ταῖς</span> <span class='ocrx_word' id='word_1_238' title='bbox 2356 537 2604 608; x_wconf 78' lang='grc' dir='ltr'>Γραφαῖς</span> <span class='ocrx_word' id='word_1_239' title='bbox 2642 535 3028 607; x_wconf 78' lang='grc' dir='ltr'>είκονιζόμενοι</span> <span class='ocrx_word' id='word_1_240' title='bbox 3063 534 3411 603; x_wconf 78' lang='grc' dir='ltr'>έκφαίνονται</span> <span class='ocrx_word' id='word_1_241' title='bbox 3451 529 3681 601; x_wconf 75' lang='grc' dir='ltr'>νοητῶς.</span> 
     </span>
    </p>
   </div>
   <div class='ocr_carea' id='block_1_36' title="bbox 2091 621 3680 699">
    <p class='ocr_par' dir='ltr' id='par_1_36' title="bbox 2091 621 3680 699">
     <span class='ocr_line' id='line_1_36' title="bbox 2091 621 3680 699; baseline 0.007 -19"><span class='ocrx_word' id='word_1_242' title='bbox 2091 629 2150 680; x_wconf 76' lang='grc' dir='ltr'><strong>έν</strong></span> <span class='ocrx_word' id='word_1_243' title='bbox 2170 628 2245 699; x_wconf 86' lang='grc' dir='ltr'>τῷ</span> <span class='ocrx_word' id='word_1_244' title='bbox 2268 629 2407 697; x_wconf 76' lang='grc' dir='ltr'>Περὶ</span> <span class='ocrx_word' id='word_1_245' title='bbox 2424 628 2533 698; x_wconf 82' lang='grc' dir='ltr'>τῆς</span> <span class='ocrx_word' id='word_1_246' title='bbox 2552 629 2832 697; x_wconf 78' lang='grc' dir='ltr'><strong>οὐρανίας</strong></span> <span class='ocrx_word' id='word_1_247' title='bbox 2858 626 3156 694; x_wconf 77' lang='grc' dir='ltr'>ίεριιρχίας</span> <span class='ocrx_word' id='word_1_248' title='bbox 3172 623 3510 693; x_wconf 70' lang='grc' dir='ltr'>διελάόομεΨ</span> <span class='ocrx_word' id='word_1_249' title='bbox 3531 621 3680 691; x_wconf 65' lang='grc' dir='ltr'><strong>ὅμως</strong></span> 
     </span>
    </p>
   </div>
   <div class='ocr_carea' id='block_1_37' title="bbox 2091 711 3681 792">
    <p class='ocr_par' dir='ltr' id='par_1_37' title="bbox 2091 711 3681 792">
     <span class='ocr_line' id='line_1_37' title="bbox 2091 711 3681 792; baseline -0.001 -23"><span class='ocrx_word' id='word_1_250' title='bbox 2091 718 2277 790; x_wconf 75' lang='grc' dir='ltr'>ἐπειδὴ</span> <span class='ocrx_word' id='word_1_251' title='bbox 2302 721 2351 771; x_wconf 85' lang='grc' dir='ltr'>οἱ</span> <span class='ocrx_word' id='word_1_252' title='bbox 2382 721 2510 792; x_wconf 78' lang='grc' dir='ltr'>περὶ</span> <span class='ocrx_word' id='word_1_253' title='bbox 2534 719 2627 772; x_wconf 86' lang='grc' dir='ltr'><strong>τὸν</strong></span> <span class='ocrx_word' id='word_1_254' title='bbox 2664 719 2926 790; x_wconf 82' lang='grc' dir='ltr'>ίεράρχην</span> <span class='ocrx_word' id='word_1_255' title='bbox 2966 717 3244 786; x_wconf 79' lang='grc' dir='ltr'><strong>ἱστάμενοι</strong></span> <span class='ocrx_word' id='word_1_256' title='bbox 3284 715 3379 766; x_wconf 74' lang='grc' dir='ltr'><strong>καὶ</strong></span> <span class='ocrx_word' id='word_1_257' title='bbox 3420 713 3481 766; x_wconf 78' lang='grc' dir='ltr'>τὸ</span> <span class='ocrx_word' id='word_1_258' title='bbox 3508 711 3681 783; x_wconf 74' lang='grc' dir='ltr'>μύρον</span> 
     </span>
    </p>
   </div>
   <div class='ocr_carea' id='block_1_38' title="bbox 2092 804 3679 881">
    <p class='ocr_par' dir='ltr' id='par_1_38' title="bbox 2092 804 3679 881">
     <span class='ocr_line' id='line_1_38' title="bbox 2092 804 3679 881; baseline -0.004 -19"><span class='ocrx_word' id='word_1_259' title='bbox 2092 808 2584 880; x_wconf 79' lang='grc' dir='ltr'><strong>περικαλύπτοντες</strong></span> <span class='ocrx_word' id='word_1_260' title='bbox 2624 809 2837 881; x_wconf 78' lang='grc' dir='ltr'>ἐκείνην</span> <span class='ocrx_word' id='word_1_261' title='bbox 2872 804 3209 861; x_wconf 86' lang='grc' dir='ltr'>ἀποτυποῦσι</span> <span class='ocrx_word' id='word_1_262' title='bbox 3239 806 3337 877; x_wconf 82' lang='grc' dir='ltr'>τὴν</span> <span class='ocrx_word' id='word_1_263' title='bbox 3373 804 3679 874; x_wconf 85' lang='grc' dir='ltr'>διακόσμη-</span> 
     </span>
    </p>
   </div>
   <div class='ocr_carea' id='block_1_39' title="bbox 2094 898 3277 973">
    <p class='ocr_par' dir='ltr' id='par_1_39' title="bbox 2094 898 3277 973">
     <span class='ocr_line' id='line_1_39' title="bbox 2094 898 3277 973; baseline -0.002 -20"><span class='ocrx_word' id='word_1_264' title='bbox 2094 917 2197 963; x_wconf 90' lang='grc' dir='ltr'>σιν,</span> <span class='ocrx_word' id='word_1_265' title='bbox 2223 902 2467 973; x_wconf 81' lang='grc' dir='ltr'>εἴπωμέν</span> <span class='ocrx_word' id='word_1_266' title='bbox 2490 919 2543 956; x_wconf 89' lang='grc' dir='ltr'><strong>τι</strong></span> <span class='ocrx_word' id='word_1_267' title='bbox 2573 902 2631 955; x_wconf 72' lang='grc' dir='ltr'>ὲν</span> <span class='ocrx_word' id='word_1_268' title='bbox 2656 900 2902 971; x_wconf 82' lang='grc' dir='ltr'><strong>συντόμῳ</strong></span> <span class='ocrx_word' id='word_1_269' title='bbox 2926 900 3054 970; x_wconf 73' lang='grc' dir='ltr'>περὶ</span> <span class='ocrx_word' id='word_1_270' title='bbox 3079 898 3277 951; x_wconf 74' lang='grc' dir='ltr'>αὐτῶν.</span> 
     </span>
    </p>
   </div>
   <div class='ocr_carea' id='block_1_40' title="bbox 2160 1080 3678 1153">
    <p class='ocr_par' dir='ltr' id='par_1_40' title="bbox 2160 1080 3678 1153">
     <span class='ocr_line' id='line_1_40' title="bbox 2160 1080 3678 1153; baseline 0.002 -22"><span class='ocrx_word' id='word_1_271' title='bbox 2160 1081 2187 1153; x_wconf 79' lang='lat'><strong>§</strong></span> <span class='ocrx_word' id='word_1_272' title='bbox 2235 1082 2345 1135; x_wconf 81' lang='lat' dir='ltr'><strong>VII.</strong></span> <span class='ocrx_word' id='word_1_273' title='bbox 2396 1082 2469 1136; x_wconf 82' lang='grc' dir='ltr'>Τὸ</span> <span class='ocrx_word' id='word_1_274' title='bbox 2514 1082 2611 1152; x_wconf 79' lang='grc' dir='ltr'>μὲν</span> <span class='ocrx_word' id='word_1_275' title='bbox 2648 1082 3140 1153; x_wconf 81' lang='grc' dir='ltr'>ἀπειροπρόσωπον</span> <span class='ocrx_word' id='word_1_276' title='bbox 3160 1080 3357 1143; x_wconf 82' lang='grc' dir='ltr'>αὐτῶν,</span> <span class='ocrx_word' id='word_1_277' title='bbox 3386 1081 3465 1145; x_wconf 85' lang='grc' dir='ltr'>ὼς</span> <span class='ocrx_word' id='word_1_278' title='bbox 3485 1080 3678 1135; x_wconf 80' lang='grc' dir='ltr'>τοῦτον</span> 
     </span>
    </p>
   </div>
   <div class='ocr_carea' id='block_1_41' title="bbox 2091 1170 3673 1245">
    <p class='ocr_par' dir='ltr' id='par_1_41' title="bbox 2091 1170 3673 1245">
     <span class='ocr_line' id='line_1_41' title="bbox 2091 1170 3673 1245; baseline -0.002 -19"><span class='ocrx_word' id='word_1_279' title='bbox 2091 1175 2188 1245; x_wconf 74' lang='grc' dir='ltr'>μὲν</span> <span class='ocrx_word' id='word_1_280' title='bbox 2212 1172 2573 1243; x_wconf 87' lang='grc' dir='ltr'>ἀνθρωπείαν,</span> <span class='ocrx_word' id='word_1_281' title='bbox 2600 1170 2787 1225; x_wconf 89' lang='grc' dir='ltr'>τοῦτον</span> <span class='ocrx_word' id='word_1_282' title='bbox 2808 1170 2863 1223; x_wconf 84' lang='grc' dir='ltr'>δὲ</span> <span class='ocrx_word' id='word_1_283' title='bbox 2891 1170 3115 1240; x_wconf 83' lang='grc' dir='ltr'>βοείαν⁹,</span> <span class='ocrx_word' id='word_1_284' title='bbox 3143 1171 3394 1224; x_wconf 84' lang='grc' dir='ltr'>κάκεῖνον</span> <span class='ocrx_word' id='word_1_285' title='bbox 3435 1170 3673 1234; x_wconf 84' lang='grc' dir='ltr'>λέοντος,</span> 
     </span>
    </p>
   </div>
   <div class='ocr_carea' id='block_1_42' title="bbox 2088 1263 3679 1336">
    <p class='ocr_par' dir='ltr' id='par_1_42' title="bbox 2088 1263 3679 1336">
     <span class='ocr_line' id='line_1_42' title="bbox 2088 1263 3679 1336; baseline -0.004 -15"><span class='ocrx_word' id='word_1_286' title='bbox 2088 1269 2183 1321; x_wconf 74' lang='grc' dir='ltr'><strong>καὶ</strong></span> <span class='ocrx_word' id='word_1_287' title='bbox 2208 1266 2365 1321; x_wconf 81' lang='grc' dir='ltr'>ἄλλον</span> <span class='ocrx_word' id='word_1_288' title='bbox 2390 1266 2570 1329; x_wconf 87' lang='grc' dir='ltr'>ἀετοῦ,</span> <span class='ocrx_word' id='word_1_289' title='bbox 2593 1268 2687 1320; x_wconf 71' lang='grc' dir='ltr'>καὶ</span> <span class='ocrx_word' id='word_1_290' title='bbox 2712 1266 2869 1321; x_wconf 84' lang='grc' dir='ltr'>ἀλλον</span> <span class='ocrx_word' id='word_1_291' title='bbox 2910 1266 3086 1330; x_wconf 87' lang='grc' dir='ltr'>άλλως</span> <span class='ocrx_word' id='word_1_292' title='bbox 3111 1263 3471 1336; x_wconf 79' lang='grc' dir='ltr'>ἐμφαίνεσθαι</span> <span class='ocrx_word' id='word_1_293' title='bbox 3495 1265 3560 1316; x_wconf 81' lang='grc' dir='ltr'><strong>τὸ</strong></span> <span class='ocrx_word' id='word_1_294' title='bbox 3583 1279 3679 1314; x_wconf 80' lang='grc' dir='ltr'>πο-</span> 
     </span>
    </p>
   </div>
   <div class='ocr_carea' id='block_1_43' title="bbox 2085 1358 3680 1433">
    <p class='ocr_par' dir='ltr' id='par_1_43' title="bbox 2085 1358 3680 1433">
     <span class='ocr_line' id='line_1_43' title="bbox 2085 1358 3680 1433; baseline -0.002 -19"><span class='ocrx_word' id='word_1_295' title='bbox 2085 1359 2354 1431; x_wconf 82' lang='grc' dir='ltr'>λυθέαμον</span> <span class='ocrx_word' id='word_1_296' title='bbox 2380 1360 2557 1413; x_wconf 77' lang='grc' dir='ltr'>αὐτῶν</span> <span class='ocrx_word' id='word_1_297' title='bbox 2598 1361 2915 1433; x_wconf 79' lang='grc' dir='ltr'><strong>παρίστησι·</strong></span> <span class='ocrx_word' id='word_1_298' title='bbox 2943 1361 3091 1413; x_wconf 78' lang='grc' dir='ltr'>πᾶσα</span> <span class='ocrx_word' id='word_1_299' title='bbox 3132 1359 3239 1431; x_wconf 89' lang='grc' dir='ltr'><strong>γάρ</strong></span> <span class='ocrx_word' id='word_1_300' title='bbox 3268 1358 3363 1412; x_wconf 89' lang='grc' dir='ltr'><strong>θέα</strong></span> <span class='ocrx_word' id='word_1_301' title='bbox 3388 1360 3449 1411; x_wconf 77' lang='grc' dir='ltr'>ὲν</span> <span class='ocrx_word' id='word_1_302' title='bbox 3469 1363 3540 1429; x_wconf 77' lang='grc' dir='ltr'>τῇ</span> <span class='ocrx_word' id='word_1_303' title='bbox 3582 1376 3680 1412; x_wconf 89' lang='grc' dir='ltr'>πο-</span> 
     </span>
    </p>
   </div>
   <div class='ocr_carea' id='block_1_44' title="bbox 2086 1452 3676 1524">
    <p class='ocr_par' dir='ltr' id='par_1_44' title="bbox 2086 1452 3676 1524">
     <span class='ocr_line' id='line_1_44' title="bbox 2086 1452 3676 1524; baseline 0.001 -18"><span class='ocrx_word' id='word_1_304' title='bbox 2086 1454 2195 1518; x_wconf 89' lang='grc' dir='ltr'><strong>σῶς</strong></span> <span class='ocrx_word' id='word_1_305' title='bbox 2218 1452 2551 1523; x_wconf 81' lang='grc' dir='ltr'>ἀνακαλύψει</span> <span class='ocrx_word' id='word_1_306' title='bbox 2587 1453 2681 1507; x_wconf 87' lang='grc' dir='ltr'><strong>τοῦ</strong></span> <span class='ocrx_word' id='word_1_307' title='bbox 2726 1452 3016 1524; x_wconf 81' lang='grc' dir='ltr'>προσώπου</span> <span class='ocrx_word' id='word_1_308' title='bbox 3055 1452 3283 1520; x_wconf 83' lang='grc' dir='ltr'>γίνεται.</span> <span class='ocrx_word' id='word_1_309' title='bbox 3328 1453 3481 1506; x_wconf 60' lang='lat' dir='ltr'><strong>res:</strong></span> <span class='ocrx_word' id='word_1_310' title='bbox 3510 1455 3676 1507; x_wconf 76' lang='grc' dir='ltr'>πολύ-</span> 
     </span>
    </p>
   </div>
   <div class='ocr_carea' id='block_1_45' title="bbox 2084 1543 3677 1616">
    <p class='ocr_par' dir='ltr' id='par_1_45' title="bbox 2084 1543 3677 1616">
     <span class='ocr_line' id='line_1_45' title="bbox 2084 1543 3677 1616; baseline 0.001 -19"><span class='ocrx_word' id='word_1_311' title='bbox 2084 1561 2218 1598; x_wconf 86' lang='grc' dir='ltr'>πουν</span> <span class='ocrx_word' id='word_1_312' title='bbox 2256 1545 2317 1598; x_wconf 85' lang='grc' dir='ltr'>τὸ</span> <span class='ocrx_word' id='word_1_313' title='bbox 2356 1546 2663 1614; x_wconf 86' lang='grc' dir='ltr'>ἀεικίνητον</span> <span class='ocrx_word' id='word_1_314' title='bbox 2702 1546 2798 1598; x_wconf 77' lang='grc' dir='ltr'><strong>καὶ</strong></span> <span class='ocrx_word' id='word_1_315' title='bbox 2833 1543 3139 1616; x_wconf 79' lang='grc' dir='ltr'>πολύπορον</span> <span class='ocrx_word' id='word_1_316' title='bbox 3176 1545 3274 1614; x_wconf 75' lang='grc' dir='ltr'>τῆς</span> <span class='ocrx_word' id='word_1_317' title='bbox 3314 1544 3465 1608; x_wconf 80' lang='grc' dir='ltr'><strong>θείας</strong></span> <span class='ocrx_word' id='word_1_318' title='bbox 3490 1546 3677 1599; x_wconf 74' lang='grc' dir='ltr'>αὐτῶν</span> 
     </span>
    </p>
   </div>
   <div class='ocr_carea' id='block_1_46' title="bbox 2082 1636 3677 1709">
    <p class='ocr_par' dir='ltr' id='par_1_46' title="bbox 2082 1636 3677 1709">
     <span class='ocr_line' id='line_1_46' title="bbox 2082 1636 3677 1709; baseline 0.003 -20"><span class='ocrx_word' id='word_1_319' title='bbox 2082 1638 2339 1709; x_wconf 79' lang='grc' dir='ltr'><strong>νοήσεως·</strong></span> <span class='ocrx_word' id='word_1_320' title='bbox 2367 1637 2461 1691; x_wconf 76' lang='grc' dir='ltr'>καὶ</span> <span class='ocrx_word' id='word_1_321' title='bbox 2483 1636 2593 1709; x_wconf 84' lang='grc' dir='ltr'>γὰρ</span> <span class='ocrx_word' id='word_1_322' title='bbox 2606 1637 2667 1690; x_wconf 87' lang='grc' dir='ltr'><strong>τδ</strong></span> <span class='ocrx_word' id='word_1_323' title='bbox 2689 1639 2770 1701; x_wconf 82' lang='grc' dir='ltr'><strong>εἰς</strong></span> <span class='ocrx_word' id='word_1_324' title='bbox 2795 1636 2964 1690; x_wconf 80' lang='grc' dir='ltr'>πολλά</span> <span class='ocrx_word' id='word_1_325' title='bbox 2986 1636 3225 1690; x_wconf 80' lang='grc' dir='ltr'><strong>νοεῖσθαι</strong></span> <span class='ocrx_word' id='word_1_326' title='bbox 3250 1638 3335 1691; x_wconf 86' lang='grc' dir='ltr'><strong>διά</strong></span> <span class='ocrx_word' id='word_1_327' title='bbox 3356 1637 3469 1691; x_wconf 81' lang='grc' dir='ltr'><strong>τῶν</strong></span> <span class='ocrx_word' id='word_1_328' title='bbox 3497 1640 3677 1693; x_wconf 85' lang='grc' dir='ltr'>ποδῶν</span> 
     </span>
    </p>
   </div>
   <div class='ocr_carea' id='block_1_47' title="bbox 2087 1729 3673 1802">
    <p class='ocr_par' dir='ltr' id='par_1_47' title="bbox 2087 1729 3673 1802">
     <span class='ocr_line' id='line_1_47' title="bbox 2087 1729 3673 1802; baseline 0.001 -19"><span class='ocrx_word' id='word_1_329' title='bbox 2087 1730 2317 1799; x_wconf 89' lang='grc' dir='ltr'>γίνεται.</span> <span class='ocrx_word' id='word_1_330' title='bbox 2360 1732 2471 1801; x_wconf 73' lang='grc' dir='ltr'><strong>Τὴν</strong></span> <span class='ocrx_word' id='word_1_331' title='bbox 2507 1730 2563 1783; x_wconf 86' lang='grc' dir='ltr'>δὲ</span> <span class='ocrx_word' id='word_1_332' title='bbox 2591 1729 2833 1800; x_wconf 76' lang='grc' dir='ltr'>ἑξαπλῆν</span> <span class='ocrx_word' id='word_1_333' title='bbox 2867 1730 3017 1784; x_wconf 75' lang='grc' dir='ltr'>θέσιν</span> <span class='ocrx_word' id='word_1_334' title='bbox 3038 1729 3147 1783; x_wconf 89' lang='grc' dir='ltr'><strong>τῶν</strong></span> <span class='ocrx_word' id='word_1_335' title='bbox 3173 1730 3388 1799; x_wconf 85' lang='grc' dir='ltr'>πτερῶν</span> <span class='ocrx_word' id='word_1_336' title='bbox 3417 1732 3524 1784; x_wconf 73' lang='grc' dir='ltr'><strong>οὐκ</strong></span> <span class='ocrx_word' id='word_1_337' title='bbox 3550 1734 3673 1802; x_wconf 86' lang='grc' dir='ltr'>ἀρι-</span> 
     </span>
    </p>
   </div>
   <div class='ocr_carea' id='block_1_48' title="bbox 2082 1816 3673 1893">
    <p class='ocr_par' dir='ltr' id='par_1_48' title="bbox 2082 1816 3673 1893">
     <span class='ocr_line' id='line_1_48' title="bbox 2082 1816 3673 1893; baseline 0 -18"><span class='ocrx_word' id='word_1_338' title='bbox 2082 1822 2215 1893; x_wconf 81' lang='grc' dir='ltr'>θμὸν</span> <span class='ocrx_word' id='word_1_339' title='bbox 2242 1818 2392 1892; x_wconf 81' lang='grc' dir='ltr'>οἶμαι</span> <span class='ocrx_word' id='word_1_340' title='bbox 2418 1820 2631 1892; x_wconf 78' lang='grc' dir='ltr'><strong>δηλοῦν,</strong></span> <span class='ocrx_word' id='word_1_341' title='bbox 2660 1822 2741 1874; x_wconf 79' lang='grc' dir='ltr'>ὅτι</span> <span class='ocrx_word' id='word_1_342' title='bbox 2766 1816 2918 1885; x_wconf 71' lang='grc' dir='ltr'>οὗτος</span> <span class='ocrx_word' id='word_1_343' title='bbox 2942 1822 2971 1873; x_wconf 85' lang='grc' dir='ltr'>ὁ</span> <span class='ocrx_word' id='word_1_344' title='bbox 3000 1820 3230 1893; x_wconf 85' lang='grc' dir='ltr'>ἀριθμὸς</span> <span class='ocrx_word' id='word_1_345' title='bbox 3268 1821 3474 1885; x_wconf 85' lang='grc' dir='ltr'>τέλειός</span> <span class='ocrx_word' id='word_1_346' title='bbox 3500 1824 3673 1885; x_wconf 74' lang='grc' dir='ltr'>ἐστιν,</span> 
     </span>
    </p>
   </div>
   <div class='ocr_carea' id='block_1_49' title="bbox 2081 1910 3676 1983">
    <p class='ocr_par' dir='ltr' id='par_1_49' title="bbox 2081 1910 3676 1983">
     <span class='ocr_line' id='line_1_49' title="bbox 2081 1910 3676 1983; baseline -0.001 -17"><span class='ocrx_word' id='word_1_347' title='bbox 2081 1914 2156 1977; x_wconf 88' lang='grc' dir='ltr'>ὼς</span> <span class='ocrx_word' id='word_1_348' title='bbox 2188 1914 2301 1976; x_wconf 85' lang='grc' dir='ltr'>τοῖς</span> <span class='ocrx_word' id='word_1_349' title='bbox 2322 1912 2542 1976; x_wconf 71' lang='grc' dir='ltr'>οἰκείοις</span> <span class='ocrx_word' id='word_1_350' title='bbox 2572 1912 2769 1983; x_wconf 79' lang='grc' dir='ltr'>μέρεσι</span> <span class='ocrx_word' id='word_1_351' title='bbox 2796 1911 3211 1981; x_wconf 81' lang='grc' dir='ltr'>συνιστάμενος,</span> <span class='ocrx_word' id='word_1_352' title='bbox 3241 1912 3388 1981; x_wconf 88' lang='grc' dir='ltr'>(τρία</span> <span class='ocrx_word' id='word_1_353' title='bbox 3414 1910 3550 1981; x_wconf 85' lang='grc' dir='ltr'>γάρ,</span> <span class='ocrx_word' id='word_1_354' title='bbox 3578 1912 3676 1965; x_wconf 72' lang='grc' dir='ltr'><strong>καὶ</strong></span> 
     </span>
    </p>
   </div>
   <div class='ocr_carea' id='block_1_50' title="bbox 2077 2000 3675 2071">
    <p class='ocr_par' dir='ltr' id='par_1_50' title="bbox 2077 2000 3675 2071">
     <span class='ocr_line' id='line_1_50' title="bbox 2077 2000 3675 2071; baseline -0.003 -14"><span class='ocrx_word' id='word_1_355' title='bbox 2077 2003 2189 2067; x_wconf 76' lang='grc' dir='ltr'>δύο,</span> <span class='ocrx_word' id='word_1_356' title='bbox 2226 2004 2319 2058; x_wconf 72' lang='grc' dir='ltr'><strong>καὶ</strong></span> <span class='ocrx_word' id='word_1_357' title='bbox 2354 2002 2433 2065; x_wconf 79' lang='grc' dir='ltr'>ιν,</span> <span class='ocrx_word' id='word_1_358' title='bbox 2460 2002 2622 2056; x_wconf 82' lang='grc' dir='ltr'>πάλιν</span> <span class='ocrx_word' id='word_1_359' title='bbox 2650 2001 2730 2067; x_wconf 79' lang='grc' dir='ltr'>ἒξ,</span> <span class='ocrx_word' id='word_1_360' title='bbox 2757 2002 2915 2055; x_wconf 65' lang='lat' dir='ltr'><strong>ama</strong></span> <span class='ocrx_word' id='word_1_361' title='bbox 2941 2003 3078 2053; x_wconf 77' lang='grc' dir='ltr'>εἰσιν</span> <span class='ocrx_word' id='word_1_362' title='bbox 3100 2003 3290 2071; x_wconf 74' lang='grc' dir='ltr'>ἥμισυ,</span> <span class='ocrx_word' id='word_1_363' title='bbox 3328 2001 3537 2070; x_wconf 88' lang='grc' dir='ltr'>τρίτον,</span> <span class='ocrx_word' id='word_1_364' title='bbox 3580 2000 3675 2053; x_wconf 77' lang='grc' dir='ltr'><strong>καὶ</strong></span> 
     </span>
    </p>
   </div>
   <div class='ocr_carea' id='block_1_51' title="bbox 2077 2090 3673 2169">
    <p class='ocr_par' dir='ltr' id='par_1_51' title="bbox 2077 2090 3673 2169">
     <span class='ocr_line' id='line_1_51' title="bbox 2077 2090 3673 2169; baseline -0.005 -18"><span class='ocrx_word' id='word_1_365' title='bbox 2077 2098 2253 2161; x_wconf 71' lang='grc' dir='ltr'>ἕκτον,</span> <span class='ocrx_word' id='word_1_366' title='bbox 2283 2094 2463 2160; x_wconf 81' lang='grc' dir='ltr'>καθὼς</span> <span class='ocrx_word' id='word_1_367' title='bbox 2487 2096 2696 2169; x_wconf 72' lang='grc' dir='ltr'>ἑτέροις</span> <span class='ocrx_word' id='word_1_368' title='bbox 2718 2093 2883 2159; x_wconf 73' lang='grc' dir='ltr'>ἔδοξεο</span> <span class='ocrx_word' id='word_1_369' title='bbox 2913 2095 3007 2149; x_wconf 73' lang='grc' dir='ltr'><strong>καὶ</strong></span> <span class='ocrx_word' id='word_1_370' title='bbox 3036 2096 3195 2164; x_wconf 76' lang='grc' dir='ltr'>ἡμεῖς</span> <span class='ocrx_word' id='word_1_371' title='bbox 3219 2094 3274 2147; x_wconf 85' lang='grc' dir='ltr'>δὲ</span> <span class='ocrx_word' id='word_1_372' title='bbox 3299 2093 3453 2146; x_wconf 76' lang='grc' dir='ltr'>αὐτοὶ</span> <span class='ocrx_word' id='word_1_373' title='bbox 3495 2090 3673 2156; x_wconf 78' lang='grc' dir='ltr'>οὕτως</span> 
     </span>
    </p>
   </div>
   <div class='ocr_carea' id='block_1_52' title="bbox 2076 2182 3672 2258">
    <p class='ocr_par' dir='ltr' id='par_1_52' title="bbox 2076 2182 3672 2258">
     <span class='ocr_line' id='line_1_52' title="bbox 2076 2182 3672 2258; baseline -0.006 -15"><span class='ocrx_word' id='word_1_374' title='bbox 2076 2192 2134 2243; x_wconf 75' lang='grc' dir='ltr'>ὲν</span> <span class='ocrx_word' id='word_1_375' title='bbox 2155 2187 2232 2258; x_wconf 81' lang='grc' dir='ltr'>τῷ</span> <span class='ocrx_word' id='word_1_376' title='bbox 2260 2187 2395 2255; x_wconf 77' lang='grc' dir='ltr'>Περὶ</span> <span class='ocrx_word' id='word_1_377' title='bbox 2410 2186 2520 2253; x_wconf 83' lang='grc' dir='ltr'>τῆς</span> <span class='ocrx_word' id='word_1_378' title='bbox 2536 2187 2820 2253; x_wconf 81' lang='grc' dir='ltr'>οὐρανίου</span> <span class='ocrx_word' id='word_1_379' title='bbox 2842 2187 3004 2253; x_wconf 75' lang='grc' dir='ltr'>ἱεραρ</span> <span class='ocrx_word' id='word_1_380' title='bbox 3009 2187 3144 2253; x_wconf 78' lang='grc' dir='ltr'>χίας</span> <span class='ocrx_word' id='word_1_381' title='bbox 3160 2185 3420 2255; x_wconf 76' lang='grc' dir='ltr'>ἐλέγομεν</span> <span class='ocrx_word' id='word_1_382' title='bbox 3436 2182 3672 2254; x_wconf 68' lang='grc' dir='ltr'>ἐξηγού-</span> 
     </span>
    </p>
   </div>
   <div class='ocr_carea' id='block_1_53' title="bbox 2079 2277 3672 2356">
    <p class='ocr_par' dir='ltr' id='par_1_53' title="bbox 2079 2277 3672 2356">
     <span class='ocr_line' id='line_1_53' title="bbox 2079 2277 3672 2356; baseline -0.006 -19"><span class='ocrx_word' id='word_1_383' title='bbox 2079 2282 2271 2356; x_wconf 66' lang='grc' dir='ltr'>μενον)</span> <span class='ocrx_word' id='word_1_384' title='bbox 2299 2281 2411 2335; x_wconf 80' lang='grc' dir='ltr'>ἀλλ’</span> <span class='ocrx_word' id='word_1_385' title='bbox 2438 2281 2518 2334; x_wconf 84' lang='grc' dir='ltr'>ὅτι</span> <span class='ocrx_word' id='word_1_386' title='bbox 2542 2279 2611 2333; x_wconf 89' lang='grc' dir='ltr'><strong>τά</strong></span> <span class='ocrx_word' id='word_1_387' title='bbox 2636 2278 2695 2343; x_wconf 76' lang='grc' dir='ltr'><strong>ἒξ</strong></span> <span class='ocrx_word' id='word_1_388' title='bbox 2718 2281 2797 2343; x_wconf 84' lang='grc' dir='ltr'><strong>είς</strong></span> <span class='ocrx_word' id='word_1_389' title='bbox 2820 2281 2969 2350; x_wconf 82' lang='grc' dir='ltr'>τρεῖς</span> <span class='ocrx_word' id='word_1_390' title='bbox 2992 2278 3187 2340; x_wconf 77' lang='grc' dir='ltr'>δυάδας</span> <span class='ocrx_word' id='word_1_391' title='bbox 3208 2277 3522 2347; x_wconf 79' lang='grc' dir='ltr'>τέμνονται.</span> <span class='ocrx_word' id='word_1_392' title='bbox 3553 2277 3672 2328; x_wconf 77' lang='grc' dir='ltr'><strong>Εἰσὶ</strong></span> 
     </span>
    </p>
   </div>
   <div class='ocr_carea' id='block_1_54' title="bbox 2074 2370 3672 2443">
    <p class='ocr_par' dir='ltr' id='par_1_54' title="bbox 2074 2370 3672 2443">
     <span class='ocr_line' id='line_1_54' title="bbox 2074 2370 3672 2443; baseline -0.006 -13"><span class='ocrx_word' id='word_1_393' title='bbox 2074 2376 2129 2430; x_wconf 68' lang='grc' dir='ltr'>δὲ</span> <span class='ocrx_word' id='word_1_394' title='bbox 2156 2376 2250 2429; x_wconf 77' lang='grc' dir='ltr'>καὶ</span> <span class='ocrx_word' id='word_1_395' title='bbox 2280 2375 2371 2427; x_wconf 76' lang='grc' dir='ltr'>ἐπὶ</span> <span class='ocrx_word' id='word_1_396' title='bbox 2398 2372 2600 2435; x_wconf 80' lang='grc' dir='ltr'>πάσαις</span> <span class='ocrx_word' id='word_1_397' title='bbox 2636 2370 2917 2443; x_wconf 79' lang='grc' dir='ltr'>οὐρανίαις</span> <span class='ocrx_word' id='word_1_398' title='bbox 2941 2370 3231 2441; x_wconf 88' lang='grc' dir='ltr'>δυνάμεσιν</span> <span class='ocrx_word' id='word_1_399' title='bbox 3257 2370 3394 2439; x_wconf 81' lang='grc' dir='ltr'>άμα,</span> <span class='ocrx_word' id='word_1_400' title='bbox 3437 2371 3538 2421; x_wconf 58' lang='grc' dir='ltr'><strong>καὶ⁵</strong></span> <span class='ocrx_word' id='word_1_401' title='bbox 3564 2372 3672 2422; x_wconf 84' lang='grc' dir='ltr'>πά-</span> 
     </span>
    </p>
   </div>
   <div class='ocr_carea' id='block_1_55' title="bbox 2074 2462 3675 2539">
    <p class='ocr_par' dir='ltr' id='par_1_55' title="bbox 2074 2462 3675 2539">
     <span class='ocr_line' id='line_1_55' title="bbox 2074 2462 3675 2539; baseline -0.006 -17"><span class='ocrx_word' id='word_1_402' title='bbox 2074 2469 2157 2522; x_wconf 88' lang='grc' dir='ltr'><strong>λιν</strong></span> <span class='ocrx_word' id='word_1_403' title='bbox 2180 2469 2263 2537; x_wconf 67' lang='grc' dir='ltr'><strong>ἐφ’</strong></span> <span class='ocrx_word' id='word_1_404' title='bbox 2289 2469 2495 2539; x_wconf 77' lang='grc' dir='ltr'>ἑκάστῃ</span> <span class='ocrx_word' id='word_1_405' title='bbox 2516 2466 2899 2536; x_wconf 83' lang='grc' dir='ltr'>διακοσμήσει,</span> <span class='ocrx_word' id='word_1_406' title='bbox 2917 2463 3130 2534; x_wconf 80' lang='grc' dir='ltr'>πρῶται</span> <span class='ocrx_word' id='word_1_407' title='bbox 3155 2463 3249 2515; x_wconf 74' lang='grc' dir='ltr'>καὶ</span> <span class='ocrx_word' id='word_1_408' title='bbox 3272 2462 3438 2531; x_wconf 82' lang='grc' dir='ltr'>μέσαι</span> <span class='ocrx_word' id='word_1_409' title='bbox 3460 2463 3562 2514; x_wconf 75' lang='grc' dir='ltr'><strong>καὶ</strong></span> <span class='ocrx_word' id='word_1_410' title='bbox 3586 2479 3675 2514; x_wconf 82' lang='grc' dir='ltr'>τε-</span> 
     </span>
    </p>
   </div>
   <div class='ocr_carea' id='block_1_56' title="bbox 2074 2555 3671 2629">
    <p class='ocr_par' dir='ltr' id='par_1_56' title="bbox 2074 2555 3671 2629">
     <span class='ocr_line' id='line_1_56' title="bbox 2074 2555 3671 2629; baseline -0.005 -13"><span class='ocrx_word' id='word_1_411' title='bbox 2074 2563 2340 2616; x_wconf 82' lang='grc' dir='ltr'>λευταῖαι·</span> <span class='ocrx_word' id='word_1_412' title='bbox 2365 2560 2455 2614; x_wconf 80' lang='grc' dir='ltr'>διὰ</span> <span class='ocrx_word' id='word_1_413' title='bbox 2476 2558 2635 2613; x_wconf 89' lang='grc' dir='ltr'>τοῦτο</span> <span class='ocrx_word' id='word_1_414' title='bbox 2659 2558 3025 2629; x_wconf 83' lang='grc' dir='ltr'>περιτίθενται</span> <span class='ocrx_word' id='word_1_415' title='bbox 3053 2556 3113 2620; x_wconf 80' lang='grc' dir='ltr'><strong>ἒξ</strong></span> <span class='ocrx_word' id='word_1_416' title='bbox 3136 2556 3426 2626; x_wconf 82' lang='grc' dir='ltr'>πτέρυγες,</span> <span class='ocrx_word' id='word_1_417' title='bbox 3458 2556 3549 2607; x_wconf 82' lang='grc' dir='ltr'><strong>ἵνα</strong></span> <span class='ocrx_word' id='word_1_418' title='bbox 3576 2555 3671 2625; x_wconf 78' lang='grc' dir='ltr'>δη-</span> 
     </span>
    </p>
   </div>
   <div class='ocr_carea' id='block_1_57' title="bbox 2074 2646 3676 2727">
    <p class='ocr_par' dir='ltr' id='par_1_57' title="bbox 2074 2646 3676 2727">
     <span class='ocr_line' id='line_1_57' title="bbox 2074 2646 3676 2727; baseline -0.005 -19"><span class='ocrx_word' id='word_1_419' title='bbox 2074 2654 2219 2727; x_wconf 75' lang='grc' dir='ltr'>λωθῇ</span> <span class='ocrx_word' id='word_1_420' title='bbox 2250 2656 2341 2708; x_wconf 75' lang='grc' dir='ltr'>καὶ</span> <span class='ocrx_word' id='word_1_421' title='bbox 2362 2651 2424 2705; x_wconf 74' lang='grc' dir='ltr'>τὸ</span> <span class='ocrx_word' id='word_1_422' title='bbox 2446 2650 2791 2721; x_wconf 81' lang='grc' dir='ltr'>άναγωγικὸν</span> <span class='ocrx_word' id='word_1_423' title='bbox 2813 2647 2993 2702; x_wconf 83' lang='grc' dir='ltr'>αὐτῶν</span> <span class='ocrx_word' id='word_1_424' title='bbox 3007 2647 3095 2700; x_wconf 81' lang='grc' dir='ltr'>διὰ</span> <span class='ocrx_word' id='word_1_425' title='bbox 3112 2647 3221 2700; x_wconf 89' lang='grc' dir='ltr'><strong>τῶν</strong></span> <span class='ocrx_word' id='word_1_426' title='bbox 3240 2646 3446 2700; x_wconf 79' lang='grc' dir='ltr'>διπλῶν</span> <span class='ocrx_word' id='word_1_427' title='bbox 3472 2648 3676 2719; x_wconf 58' lang='lat' dir='ltr'><strong>arrepi-</strong></span> 
     </span>
    </p>
   </div>
   <div class='ocr_carea' id='block_1_58' title="bbox 2073 2736 3669 2817">
    <p class='ocr_par' dir='ltr' id='par_1_58' title="bbox 2073 2736 3669 2817">
     <span class='ocr_line' id='line_1_58' title="bbox 2073 2736 3669 2817; baseline -0.005 -16"><span class='ocrx_word' id='word_1_428' title='bbox 2073 2764 2207 2816; x_wconf 89' lang='grc' dir='ltr'>γων,</span> <span class='ocrx_word' id='word_1_429' title='bbox 2236 2747 2295 2799; x_wconf 82' lang='grc' dir='ltr'>οὺ</span> <span class='ocrx_word' id='word_1_430' title='bbox 2322 2746 2431 2817; x_wconf 82' lang='grc' dir='ltr'><strong>γάρ</strong></span> <span class='ocrx_word' id='word_1_431' title='bbox 2454 2745 2736 2815; x_wconf 78' lang='grc' dir='ltr'>αὐτάρκης</span> <span class='ocrx_word' id='word_1_432' title='bbox 2764 2743 2797 2812; x_wconf 79' lang='grc' dir='ltr'>ἡ</span> <span class='ocrx_word' id='word_1_433' title='bbox 2826 2741 2943 2811; x_wconf 89' lang='grc' dir='ltr'>μία.</span> <span class='ocrx_word' id='word_1_434' title='bbox 2974 2740 3081 2792; x_wconf 74' lang='grc' dir='ltr'><strong>Καὶ</strong></span> <span class='ocrx_word' id='word_1_435' title='bbox 3108 2740 3169 2792; x_wconf 84' lang='grc' dir='ltr'><strong>τὸ</strong></span> <span class='ocrx_word' id='word_1_436' title='bbox 3198 2740 3293 2793; x_wconf 77' lang='grc' dir='ltr'><strong>καὶ</strong></span> <span class='ocrx_word' id='word_1_437' title='bbox 3333 2736 3406 2790; x_wconf 74' lang='grc' dir='ltr'>τὰ</span> <span class='ocrx_word' id='word_1_438' title='bbox 3448 2740 3669 2811; x_wconf 70' lang='grc' dir='ltr'>πρῶτα,</span> 
     </span>
    </p>
   </div>
   <div class='ocr_carea' id='block_1_59' title="bbox 2073 2832 3674 2911">
    <p class='ocr_par' dir='ltr' id='par_1_59' title="bbox 2073 2832 3674 2911">
     <span class='ocr_line' id='line_1_59' title="bbox 2073 2832 3674 2911; baseline -0.005 -16"><span class='ocrx_word' id='word_1_439' title='bbox 2073 2842 2167 2894; x_wconf 76' lang='grc' dir='ltr'>καὶ</span> <span class='ocrx_word' id='word_1_440' title='bbox 2195 2839 2356 2911; x_wconf 78' lang='grc' dir='ltr'>μέσα,</span> <span class='ocrx_word' id='word_1_441' title='bbox 2385 2840 2478 2892; x_wconf 74' lang='grc' dir='ltr'><strong>καὶ</strong></span> <span class='ocrx_word' id='word_1_442' title='bbox 2499 2838 2570 2890; x_wconf 84' lang='grc' dir='ltr'><strong>τά</strong></span> <span class='ocrx_word' id='word_1_443' title='bbox 2595 2836 2878 2889; x_wconf 83' lang='grc' dir='ltr'>τελευταῖα</span> <span class='ocrx_word' id='word_1_444' title='bbox 2917 2832 3026 2886; x_wconf 87' lang='grc' dir='ltr'><strong>τῶν</strong></span> <span class='ocrx_word' id='word_1_445' title='bbox 3052 2832 3257 2904; x_wconf 87' lang='grc' dir='ltr'>νοερῶν</span> <span class='ocrx_word' id='word_1_446' title='bbox 3296 2832 3478 2885; x_wconf 79' lang='grc' dir='ltr'>αὐτῶν</span> <span class='ocrx_word' id='word_1_447' title='bbox 3503 2833 3674 2887; x_wconf 69' lang='grc' dir='ltr'>δυνά-</span> 
     </span>
    </p>
   </div>
   <div class='ocr_carea' id='block_1_60' title="bbox 2077 2922 3668 3002">
    <p class='ocr_par' dir='ltr' id='par_1_60' title="bbox 2077 2922 3668 3002">
     <span class='ocr_line' id='line_1_60' title="bbox 2077 2922 3668 3002; baseline -0.006 -18"><span class='ocrx_word' id='word_1_448' title='bbox 2077 2948 2241 3002; x_wconf 85' lang='grc' dir='ltr'>μεων,</span> <span class='ocrx_word' id='word_1_449' title='bbox 2266 2932 2346 2993; x_wconf 86' lang='grc' dir='ltr'><strong>είς</strong></span> <span class='ocrx_word' id='word_1_450' title='bbox 2370 2928 2531 2981; x_wconf 79' lang='grc' dir='ltr'>αὐτὸν</span> <span class='ocrx_word' id='word_1_451' title='bbox 2555 2926 2646 2978; x_wconf 78' lang='grc' dir='ltr'>τὸν</span> <span class='ocrx_word' id='word_1_452' title='bbox 2672 2925 2805 2978; x_wconf 82' lang='grc' dir='ltr'>Θεὸν</span> <span class='ocrx_word' id='word_1_453' title='bbox 2831 2922 3149 2992; x_wconf 88' lang='grc' dir='ltr'>ἀνάγεσθαι,</span> <span class='ocrx_word' id='word_1_454' title='bbox 3181 2924 3273 2975; x_wconf 74' lang='grc' dir='ltr'><strong>καὶ</strong></span> <span class='ocrx_word' id='word_1_455' title='bbox 3299 2922 3409 2974; x_wconf 89' lang='grc' dir='ltr'><strong>τῶν</strong></span> <span class='ocrx_word' id='word_1_456' title='bbox 3451 2941 3668 2994; x_wconf 79' lang='grc' dir='ltr'>χαμερο</span> 
     </span>
    </p>
   </div>
   <div class='ocr_carea' id='block_1_61' title="bbox 2074 3016 3667 3090">
    <p class='ocr_par' dir='ltr' id='par_1_61' title="bbox 2074 3016 3667 3090">
     <span class='ocr_line' id='line_1_61' title="bbox 2074 3016 3667 3090; baseline -0.005 -13"><span class='ocrx_word' id='word_1_457' title='bbox 2074 3024 2189 3077; x_wconf 88' lang='grc' dir='ltr'><strong>πῶν</strong></span> <span class='ocrx_word' id='word_1_458' title='bbox 2226 3021 2557 3077; x_wconf 79' lang='grc' dir='ltr'>ἀπολύεσθαι</span> <span class='ocrx_word' id='word_1_459' title='bbox 2582 3060 2597 3082; x_wconf 96' lang='grc'><strong>,</strong></span> <span class='ocrx_word' id='word_1_460' title='bbox 2638 3017 2799 3072; x_wconf 90' lang='grc' dir='ltr'>τοῦτο</span> <span class='ocrx_word' id='word_1_461' title='bbox 2821 3018 2930 3090; x_wconf 83' lang='grc' dir='ltr'>γὰρ</span> <span class='ocrx_word' id='word_1_462' title='bbox 2971 3018 3119 3089; x_wconf 85' lang='grc' dir='ltr'>δηλοῖ</span> <span class='ocrx_word' id='word_1_463' title='bbox 3161 3016 3223 3068; x_wconf 83' lang='grc' dir='ltr'><strong>τὸ</strong></span> <span class='ocrx_word' id='word_1_464' title='bbox 3257 3017 3574 3077; x_wconf 71' lang='grc' dir='ltr'>ἀπόλυτα,</span> <span class='ocrx_word' id='word_1_465' title='bbox 3605 3020 3667 3069; x_wconf 75' lang='grc' dir='ltr'><strong>οὐ</strong></span> 
     </span>
    </p>
   </div>
   <div class='ocr_carea' id='block_1_62' title="bbox 2072 3109 3669 3181">
    <p class='ocr_par' dir='ltr' id='par_1_62' title="bbox 2072 3109 3669 3181">
     <span class='ocr_line' id='line_1_62' title="bbox 2072 3109 3669 3181; baseline -0.008 -13"><span class='ocrx_word' id='word_1_466' title='bbox 2072 3114 2206 3169; x_wconf 82' lang='grc' dir='ltr'>διότι</span> <span class='ocrx_word' id='word_1_467' title='bbox 2228 3114 2365 3167; x_wconf 76' lang='grc' dir='ltr'>εἰσὶν</span> <span class='ocrx_word' id='word_1_468' title='bbox 2390 3110 2786 3181; x_wconf 76' lang='grc' dir='ltr'>ἀπολελυμέναι</span> <span class='ocrx_word' id='word_1_469' title='bbox 2809 3109 2903 3163; x_wconf 71' lang='grc' dir='ltr'>καὶ</span> <span class='ocrx_word' id='word_1_470' title='bbox 2935 3111 2992 3161; x_wconf 90' lang='grc' dir='ltr'>αἱ</span> <span class='ocrx_word' id='word_1_471' title='bbox 3033 3109 3091 3175; x_wconf 79' lang='grc' dir='ltr'>ἓξ</span> <span class='ocrx_word' id='word_1_472' title='bbox 3117 3110 3407 3180; x_wconf 77' lang='grc' dir='ltr'>πτέρυγες,</span> <span class='ocrx_word' id='word_1_473' title='bbox 3438 3109 3557 3162; x_wconf 77' lang='grc' dir='ltr'>ἀλλ’</span> <span class='ocrx_word' id='word_1_474' title='bbox 3584 3112 3669 3163; x_wconf 72' lang='grc' dir='ltr'>ὅτι</span> 
     </span>
    </p>
   </div>
   <div class='ocr_carea' id='block_1_63' title="bbox 378 3191 1965 3275">
    <p class='ocr_par' dir='ltr' id='par_1_63' title="bbox 378 3191 1965 3268">
     <span class='ocr_line' id='line_1_63' title="bbox 378 3191 1965 3268; baseline 0.008 -23"><span class='ocrx_word' id='word_1_475' title='bbox 378 3199 546 3255; x_wconf 63' lang='grc' dir='ltr'>λιιυτιι,</span> <span class='ocrx_word' id='word_1_476' title='bbox 599 3191 673 3246; x_wconf 88' lang='lat' dir='ltr'><strong>ttti</strong></span> <span class='ocrx_word' id='word_1_477' title='bbox 726 3207 828 3246; x_wconf 78' lang='lat' dir='ltr'><strong>vox</strong></span> <span class='ocrx_word' id='word_1_478' title='bbox 884 3192 1129 3247; x_wconf 85' lang='grc' dir='ltr'>ἀπόλυτα</span> <span class='ocrx_word' id='word_1_479' title='bbox 1184 3194 1462 3260; x_wconf 83' lang='lat' dir='ltr'><strong>declarat;</strong></span> <span class='ocrx_word' id='word_1_480' title='bbox 1507 3212 1615 3251; x_wconf 82' lang='lat' dir='ltr'><strong>nun</strong></span> <span class='ocrx_word' id='word_1_481' title='bbox 1658 3199 1801 3268; x_wconf 86' lang='lat' dir='ltr'><strong>quod</strong></span> <span class='ocrx_word' id='word_1_482' title='bbox 1836 3202 1965 3267; x_wconf 58' lang='lat' dir='ltr'><strong>ipsa</strong></span> 
     </span>
    </p>
   </div>
   <div class='ocr_carea' id='block_1_64' title="bbox 2073 3191 3669 3275">
    <p class='ocr_par' dir='ltr' id='par_1_64' title="bbox 2073 3196 3669 3275">
     <span class='ocr_line' id='line_1_64' title="bbox 2073 3196 3669 3275; baseline -0.003 -17"><span class='ocrx_word' id='word_1_483' title='bbox 2073 3204 2175 3258; x_wconf 85' lang='grc' dir='ltr'><strong>τῶν</strong></span> <span class='ocrx_word' id='word_1_484' title='bbox 2202 3205 2501 3275; x_wconf 84' lang='grc' dir='ltr'>χαμερπῶν</span> <span class='ocrx_word' id='word_1_485' title='bbox 2526 3200 2871 3255; x_wconf 75' lang='grc' dir='ltr'>ἀπολύονται.</span> <span class='ocrx_word' id='word_1_486' title='bbox 2899 3201 2971 3253; x_wconf 85' lang='grc' dir='ltr'>Τὸ</span> <span class='ocrx_word' id='word_1_487' title='bbox 2997 3200 3222 3253; x_wconf 79' lang='grc' dir='ltr'>καθόλου</span> <span class='ocrx_word' id='word_1_488' title='bbox 3249 3196 3343 3252; x_wconf 64' lang='grc' dir='ltr'>οὖν</span> <span class='ocrx_word' id='word_1_489' title='bbox 3384 3200 3669 3270; x_wconf 64' lang='grc' dir='ltr'>πτερωτὸν</span> 
     </span>
    </p>
   </div>
   <div class='ocr_carea' id='block_1_65' title="bbox 388 3283 1963 3360">
    <p class='ocr_par' dir='ltr' id='par_1_65' title="bbox 388 3283 1963 3360">
     <span class='ocr_line' id='line_1_65' title="bbox 388 3283 1963 3360; baseline 0.006 -23"><span class='ocrx_word' id='word_1_490' title='bbox 388 3298 483 3337; x_wconf 69' lang='lat' dir='ltr'><strong>res</strong></span> <span class='ocrx_word' id='word_1_491' title='bbox 518 3283 617 3339; x_wconf 71' lang='lat' dir='ltr'><strong>alte</strong></span> <span class='ocrx_word' id='word_1_492' title='bbox 657 3284 934 3340; x_wconf 80' lang='lat' dir='ltr'><strong>dissoluta:</strong></span> <span class='ocrx_word' id='word_1_493' title='bbox 966 3286 1096 3351; x_wconf 88' lang='lat' dir='ltr'><strong>sint,</strong></span> <span class='ocrx_word' id='word_1_494' title='bbox 1127 3286 1222 3340; x_wconf 88' lang='lat' dir='ltr'><strong>sed</strong></span> <span class='ocrx_word' id='word_1_495' title='bbox 1266 3288 1410 3355; x_wconf 89' lang='lat' dir='ltr'><strong>quod</strong></span> <span class='ocrx_word' id='word_1_496' title='bbox 1439 3292 1508 3344; x_wconf 85' lang='lat' dir='ltr'><strong>ab</strong></span> <span class='ocrx_word' id='word_1_497' title='bbox 1548 3290 1694 3344; x_wconf 88' lang='lat' dir='ltr'><strong>humi</strong></span> <span class='ocrx_word' id='word_1_498' title='bbox 1728 3295 1963 3360; x_wconf 71' lang='lat' dir='ltr'><strong>rt&#39;pettti--</strong></span> 
     </span>
    </p>
   </div>
   <div class='ocr_carea' id='block_1_66' title="bbox 376 3376 1962 3455">
    <p class='ocr_par' dir='ltr' id='par_1_66' title="bbox 376 3376 1962 3455">
     <span class='ocr_line' id='line_1_66' title="bbox 376 3376 1962 3455; baseline 0.006 -25"><span class='ocrx_word' id='word_1_499' title='bbox 376 3378 492 3433; x_wconf 63' lang='lat' dir='ltr'><strong>ibus</strong></span> <span class='ocrx_word' id='word_1_500' title='bbox 522 3376 684 3433; x_wconf 86' lang='lat' dir='ltr'><strong>rebus</strong></span> <span class='ocrx_word' id='word_1_501' title='bbox 720 3377 1098 3433; x_wconf 86' lang='lat' dir='ltr'><strong>absolvantur.</strong></span> <span class='ocrx_word' id='word_1_502' title='bbox 1137 3377 1206 3433; x_wconf 83' lang='lat' dir='ltr'><strong>lit</strong></span> <span class='ocrx_word' id='word_1_503' title='bbox 1244 3378 1427 3448; x_wconf 89' lang='lat' dir='ltr'><strong>itaque</strong></span> <span class='ocrx_word' id='word_1_504' title='bbox 1463 3381 1642 3436; x_wconf 82' lang='lat' dir='ltr'><strong>divina</strong></span> <span class='ocrx_word' id='word_1_505' title='bbox 1686 3382 1962 3455; x_wconf 84' lang='lat' dir='ltr'><strong>Scriptura</strong></span> 
     </span>
    </p>
   </div>
   <div class='ocr_carea' id='block_1_67' title="bbox 376 3469 1961 3538">
    <p class='ocr_par' dir='ltr' id='par_1_67' title="bbox 376 3469 1961 3538">
     <span class='ocr_line' id='line_1_67' title="bbox 376 3469 1961 3538; baseline 0.006 -19"><span class='ocrx_word' id='word_1_506' title='bbox 376 3469 605 3538; x_wconf 63' lang='lat' dir='ltr'><strong>penitus</strong></span> <span class='ocrx_word' id='word_1_507' title='bbox 652 3469 827 3524; x_wconf 84' lang='lat' dir='ltr'><strong>alatas</strong></span> <span class='ocrx_word' id='word_1_508' title='bbox 876 3484 997 3526; x_wconf 88' lang='lat' dir='ltr'><strong>esse</strong></span> <span class='ocrx_word' id='word_1_509' title='bbox 1048 3470 1331 3534; x_wconf 88' lang='lat' dir='ltr'><strong>insinuet,</strong></span> <span class='ocrx_word' id='word_1_510' title='bbox 1365 3486 1581 3527; x_wconf 79' lang='lat' dir='ltr'><strong>sursum</strong></span> <span class='ocrx_word' id='word_1_511' title='bbox 1619 3486 1673 3528; x_wconf 89' lang='lat' dir='ltr'><strong>et</strong></span> <span class='ocrx_word' id='word_1_512' title='bbox 1710 3477 1961 3530; x_wconf 84' lang='lat' dir='ltr'><strong>deorsum</strong></span> 
     </span>
    </p>
   </div>
   <div class='ocr_carea' id='block_1_68' title="bbox 376 3561 1231 3618">
    <p class='ocr_par' dir='ltr' id='par_1_68' title="bbox 376 3561 1231 3618">
     <span class='ocr_line' id='line_1_68' title="bbox 376 3561 1231 3618; baseline 0 -3"><span class='ocrx_word' id='word_1_513' title='bbox 376 3572 440 3617; x_wconf 77' lang='lat' dir='ltr'><strong>et</strong></span> <span class='ocrx_word' id='word_1_514' title='bbox 465 3563 517 3618; x_wconf 83' lang='lat' dir='ltr'><strong>in</strong></span> <span class='ocrx_word' id='word_1_515' title='bbox 545 3563 723 3617; x_wconf 90' lang='lat' dir='ltr'><strong>medio</strong></span> <span class='ocrx_word' id='word_1_516' title='bbox 761 3562 829 3616; x_wconf 92' lang='lat' dir='ltr'><strong>iis</strong></span> <span class='ocrx_word' id='word_1_517' title='bbox 852 3561 963 3615; x_wconf 88' lang='lat' dir='ltr'><strong>alas</strong></span> <span class='ocrx_word' id='word_1_518' title='bbox 987 3561 1231 3616; x_wconf 83' lang='lat' dir='ltr'><strong>adhibet.</strong></span> 
     </span>
    </p>
   </div>
   <div class='ocr_carea' id='block_1_69' title="bbox 459 3651 1962 3726">
    <p class='ocr_par' dir='ltr' id='par_1_69' title="bbox 459 3651 1962 3726">
     <span class='ocr_line' id='line_1_69' title="bbox 459 3651 1962 3726; baseline 0.003 -19"><span class='ocrx_word' id='word_1_519' title='bbox 459 3653 491 3726; x_wconf 64' lang='grc' dir='ltr'><strong>ς</strong></span> <span class='ocrx_word' id='word_1_520' title='bbox 532 3652 662 3708; x_wconf 76' lang='lat' dir='ltr'><strong>VIII.</strong></span> <span class='ocrx_word' id='word_1_521' title='bbox 708 3651 904 3707; x_wconf 87' lang='lat' dir='ltr'><strong>Verum</strong></span> <span class='ocrx_word' id='word_1_522' title='bbox 942 3667 1042 3708; x_wconf 91' lang='lat' dir='ltr'><strong>cur</strong></span> <span class='ocrx_word' id='word_1_523' title='bbox 1093 3653 1381 3708; x_wconf 80' lang='lat' dir='ltr'><strong>inferiores</strong></span> <span class='ocrx_word' id='word_1_524' title='bbox 1425 3663 1481 3707; x_wconf 90' lang='lat' dir='ltr'><strong>et</strong></span> <span class='ocrx_word' id='word_1_525' title='bbox 1520 3657 1834 3723; x_wconf 78' lang='lat' dir='ltr'><strong>superiores</strong></span> <span class='ocrx_word' id='word_1_526' title='bbox 1865 3657 1962 3711; x_wconf 69' lang='lat' dir='ltr'><strong>ala:</strong></span> 
     </span>
    </p>
   </div>
   <div class='ocr_carea' id='block_1_70' title="bbox 380 3746 1961 3817">
    <p class='ocr_par' dir='ltr' id='par_1_70' title="bbox 380 3746 1961 3817">
     <span class='ocr_line' id='line_1_70' title="bbox 380 3746 1961 3817; baseline -0.001 -16"><span class='ocrx_word' id='word_1_527' title='bbox 380 3747 801 3817; x_wconf 78' lang='lat' dir='ltr'><strong>suecinguntur,</strong></span> <span class='ocrx_word' id='word_1_528' title='bbox 839 3746 1030 3801; x_wconf 73' lang='lat' dir='ltr'><strong>tnedite</strong></span> <span class='ocrx_word' id='word_1_529' title='bbox 1062 3760 1190 3799; x_wconf 88' lang='lat' dir='ltr'><strong>veru</strong></span> <span class='ocrx_word' id='word_1_530' title='bbox 1221 3746 1627 3800; x_wconf 79' lang='lat' dir='ltr'><strong>extenduntur?</strong></span> <span class='ocrx_word' id='word_1_531' title='bbox 1648 3748 1771 3815; x_wconf 84' lang='lat' dir='ltr'><strong>quia</strong></span> <span class='ocrx_word' id='word_1_532' title='bbox 1802 3748 1961 3801; x_wconf 91' lang='lat' dir='ltr'><strong>uimi-</strong></span> 
     </span>
    </p>
   </div>
   <div class='ocr_carea' id='block_1_71' title="bbox 378 3838 1957 3909">
    <p class='ocr_par' dir='ltr' id='par_1_71' title="bbox 378 3838 1957 3909">
     <span class='ocr_line' id='line_1_71' title="bbox 378 3838 1957 3909; baseline 0 -16"><span class='ocrx_word' id='word_1_533' title='bbox 378 3854 503 3893; x_wconf 74' lang='lat' dir='ltr'><strong>vum</strong></span> <span class='ocrx_word' id='word_1_534' title='bbox 531 3840 669 3892; x_wconf 90' lang='lat' dir='ltr'><strong>ordo</strong></span> <span class='ocrx_word' id='word_1_535' title='bbox 695 3838 784 3893; x_wconf 89' lang='lat' dir='ltr'><strong>ille</strong></span> <span class='ocrx_word' id='word_1_536' title='bbox 812 3840 1131 3895; x_wconf 85' lang='lat' dir='ltr'><strong>sublimiora</strong></span> <span class='ocrx_word' id='word_1_537' title='bbox 1154 3840 1614 3909; x_wconf 86' lang='lat' dir='ltr'><strong>profundioraque</strong></span> <span class='ocrx_word' id='word_1_538' title='bbox 1659 3850 1957 3905; x_wconf 85' lang='lat' dir='ltr'><strong>reveretur,</strong></span> 
     </span>
    </p>
   </div>
   <div class='ocr_carea' id='block_1_72' title="bbox 383 3930 1956 4002">
    <p class='ocr_par' dir='ltr' id='par_1_72' title="bbox 383 3930 1956 4002">
     <span class='ocr_line' id='line_1_72' title="bbox 383 3930 1956 4002; baseline 0.001 -17"><span class='ocrx_word' id='word_1_539' title='bbox 383 3931 704 3985; x_wconf 79' lang='lat' dir='ltr'><strong>sublimiora</strong></span> <span class='ocrx_word' id='word_1_540' title='bbox 750 3930 972 3985; x_wconf 88' lang='lat' dir='ltr'><strong>minime</strong></span> <span class='ocrx_word' id='word_1_541' title='bbox 1005 3932 1319 3999; x_wconf 61' lang='lat' dir='ltr'><strong>quaerendo,</strong></span> <span class='ocrx_word' id='word_1_542' title='bbox 1355 3940 1409 3986; x_wconf 85' lang='lat' dir='ltr'><strong>et</strong></span> <span class='ocrx_word' id='word_1_543' title='bbox 1452 3930 1804 4002; x_wconf 74' lang='lat' dir='ltr'><strong>profundiore</strong></span> <span class='ocrx_word' id='word_1_544' title='bbox 1852 3948 1956 3987; x_wconf 90' lang='lat' dir='ltr'><strong>non</strong></span> 
     </span>
    </p>
   </div>
   <div class='ocr_carea' id='block_1_73' title="bbox 384 4025 1953 4094">
    <p class='ocr_par' dir='ltr' id='par_1_73' title="bbox 384 4025 1953 4094">
     <span class='ocr_line' id='line_1_73' title="bbox 384 4025 1953 4094; baseline -0.001 -15"><span class='ocrx_word' id='word_1_545' title='bbox 384 4025 701 4089; x_wconf 81' lang='lat' dir='ltr'><strong>scrutando,</strong></span> <span class='ocrx_word' id='word_1_546' title='bbox 762 4026 939 4079; x_wconf 86' lang='lat' dir='ltr'><strong>media</strong></span> <span class='ocrx_word' id='word_1_547' title='bbox 972 4041 1101 4082; x_wconf 82' lang='lat' dir='ltr'><strong>vero</strong></span> <span class='ocrx_word' id='word_1_548' title='bbox 1148 4026 1250 4081; x_wconf 88' lang='lat' dir='ltr'><strong>sibi</strong></span> <span class='ocrx_word' id='word_1_549' title='bbox 1308 4040 1622 4081; x_wconf 89' lang='lat' dir='ltr'><strong>conuuensa</strong></span> <span class='ocrx_word' id='word_1_550' title='bbox 1671 4028 1953 4094; x_wconf 76' lang='lat' dir='ltr'><strong>sectanda,</strong></span> 
     </span>
    </p>
   </div>
   <div class='ocr_carea' id='block_1_74' title="bbox 380 4118 1955 4186">
    <p class='ocr_par' dir='ltr' id='par_1_74' title="bbox 380 4118 1955 4186">
     <span class='ocr_line' id='line_1_74' title="bbox 380 4118 1955 4186; baseline 0.001 -13"><span class='ocrx_word' id='word_1_551' title='bbox 380 4133 603 4174; x_wconf 78' lang='lat' dir='ltr'><strong>sursum</strong></span> <span class='ocrx_word' id='word_1_552' title='bbox 639 4118 831 4183; x_wconf 88' lang='lat' dir='ltr'><strong>fertur,</strong></span> <span class='ocrx_word' id='word_1_553' title='bbox 861 4119 1056 4172; x_wconf 70' lang='lat' dir='ltr'><strong>divinae</strong></span> <span class='ocrx_word' id='word_1_554' title='bbox 1078 4119 1306 4186; x_wconf 71' lang='lat' dir='ltr'><strong>iustitia:</strong></span> <span class='ocrx_word' id='word_1_555' title='bbox 1338 4120 1504 4173; x_wconf 88' lang='lat' dir='ltr'><strong>vitam</strong></span> <span class='ocrx_word' id='word_1_556' title='bbox 1544 4134 1696 4173; x_wconf 87' lang='lat' dir='ltr'><strong>suam</strong></span> <span class='ocrx_word' id='word_1_557' title='bbox 1724 4120 1955 4175; x_wconf 88' lang='lat' dir='ltr'><strong>submit-</strong></span> 
     </span>
    </p>
   </div>
   <div class='ocr_carea' id='block_1_75' title="bbox 380 4209 1537 4281">
    <p class='ocr_par' dir='ltr' id='par_1_75' title="bbox 380 4209 1537 4281">
     <span class='ocr_line' id='line_1_75' title="bbox 380 4209 1537 4281; baseline 0 -15"><span class='ocrx_word' id='word_1_558' title='bbox 380 4222 525 4277; x_wconf 86' lang='lat' dir='ltr'><strong>tens,</strong></span> <span class='ocrx_word' id='word_1_559' title='bbox 547 4219 602 4264; x_wconf 86' lang='lat' dir='ltr'><strong>et</strong></span> <span class='ocrx_word' id='word_1_560' title='bbox 636 4209 930 4265; x_wconf 83' lang='lat' dir='ltr'><strong>secundum</strong></span> <span class='ocrx_word' id='word_1_561' title='bbox 975 4211 1118 4281; x_wconf 81' lang='lat' dir='ltr'><strong>illam</strong></span> <span class='ocrx_word' id='word_1_562' title='bbox 1153 4226 1247 4265; x_wconf 89' lang='lat' dir='ltr'><strong>sua</strong></span> <span class='ocrx_word' id='word_1_563' title='bbox 1282 4211 1537 4281; x_wconf 80' lang='lat' dir='ltr'><strong>dirigens.</strong></span> 
     </span>
    </p>
   </div>
   <div class='ocr_carea' id='block_1_76' title="bbox 454 4301 1954 4375">
    <p class='ocr_par' dir='ltr' id='par_1_76' title="bbox 454 4301 1954 4375">
     <span class='ocr_line' id='line_1_76' title="bbox 454 4301 1954 4375; baseline 0.001 -17"><span class='ocrx_word' id='word_1_564' title='bbox 454 4304 484 4375; x_wconf 59' lang='lat'><strong>5</strong></span> <span class='ocrx_word' id='word_1_565' title='bbox 526 4302 618 4358; x_wconf 79' lang='lat' dir='ltr'><strong>IX.</strong></span> <span class='ocrx_word' id='word_1_566' title='bbox 659 4302 814 4370; x_wconf 79' lang='lat' dir='ltr'><strong>Quod</strong></span> <span class='ocrx_word' id='word_1_567' title='bbox 864 4312 1043 4356; x_wconf 88' lang='lat' dir='ltr'><strong>autem</strong></span> <span class='ocrx_word' id='word_1_568' title='bbox 1067 4301 1206 4357; x_wconf 87' lang='lat' dir='ltr'><strong>alter</strong></span> <span class='ocrx_word' id='word_1_569' title='bbox 1251 4301 1317 4356; x_wconf 89' lang='lat' dir='ltr'><strong>ad</strong></span> <span class='ocrx_word' id='word_1_570' title='bbox 1350 4301 1582 4356; x_wconf 89' lang='lat' dir='ltr'><strong>alterum</strong></span> <span class='ocrx_word' id='word_1_571' title='bbox 1611 4302 1829 4370; x_wconf 90' lang='lat' dir='ltr'><strong>clamet,</strong></span> <span class='ocrx_word' id='word_1_572' title='bbox 1861 4321 1954 4360; x_wconf 80' lang='lat' dir='ltr'><strong>no-</strong></span> 
     </span>
    </p>
   </div>
   <div class='ocr_carea' id='block_1_77' title="bbox 382 4394 1849 4466">
    <p class='ocr_par' dir='ltr' id='par_1_77' title="bbox 382 4394 1849 4466">
     <span class='ocr_line' id='line_1_77' title="bbox 382 4394 1849 4466; baseline 0.001 -17"><span class='ocrx_word' id='word_1_573' title='bbox 382 4398 593 4451; x_wconf 85' lang='lat' dir='ltr'><strong>tionutn</strong></span> <span class='ocrx_word' id='word_1_574' title='bbox 618 4394 985 4450; x_wconf 84' lang='lat' dir='ltr'><strong>abundantem</strong></span> <span class='ocrx_word' id='word_1_575' title='bbox 1017 4395 1561 4450; x_wconf 85' lang='lat' dir='ltr'><strong>communicationem</strong></span> <span class='ocrx_word' id='word_1_576' title='bbox 1585 4395 1849 4466; x_wconf 76' lang='lat' dir='ltr'><strong>designat.</strong></span> 
     </span>
    </p>
   </div>
   <div class='ocr_carea' id='block_1_78' title="bbox 453 4482 2030 4559">
    <p class='ocr_par' dir='ltr' id='par_1_78' title="bbox 453 4482 2030 4559">
     <span class='ocr_line' id='line_1_78' title="bbox 453 4482 2030 4559; baseline 0 -19"><span class='ocrx_word' id='word_1_577' title='bbox 453 4488 482 4559; x_wconf 59' lang='grc' dir='ltr'>ε</span> <span class='ocrx_word' id='word_1_578' title='bbox 542 4486 607 4541; x_wconf 83' lang='grc' dir='ltr'><strong>Χ.</strong></span> <span class='ocrx_word' id='word_1_579' title='bbox 647 4486 917 4543; x_wconf 69' lang='lat' dir='ltr'><strong>Caeterum</strong></span> <span class='ocrx_word' id='word_1_580' title='bbox 966 4502 1090 4541; x_wconf 88' lang='lat' dir='ltr'><strong>etnn</strong></span> <span class='ocrx_word' id='word_1_581' title='bbox 1141 4482 1408 4539; x_wconf 83' lang='lat' dir='ltr'><strong>Hebraica</strong></span> <span class='ocrx_word' id='word_1_582' title='bbox 1453 4500 1668 4554; x_wconf 85' lang='lat' dir='ltr'><strong>quoque</strong></span> <span class='ocrx_word' id='word_1_583' title='bbox 1724 4485 1955 4540; x_wconf 90' lang='lat' dir='ltr'><strong>dialecto</strong></span> <span class='ocrx_word' id='word_1_584' title='bbox 1989 4493 2030 4547; x_wconf 87' lang='grc' dir='ltr'>ι)</span> 
     </span>
    </p>
   </div>
   <div class='ocr_carea' id='block_1_79' title="bbox 378 4578 1952 4648">
    <p class='ocr_par' dir='ltr' id='par_1_79' title="bbox 378 4578 1952 4648">
     <span class='ocr_line' id='line_1_79' title="bbox 378 4578 1952 4648; baseline 0.001 -18"><span class='ocrx_word' id='word_1_585' title='bbox 378 4580 672 4633; x_wconf 69' lang='lat' dir='ltr'><strong>incensore:</strong></span> <span class='ocrx_word' id='word_1_586' title='bbox 694 4589 747 4632; x_wconf 88' lang='lat' dir='ltr'><strong>et</strong></span> <span class='ocrx_word' id='word_1_587' title='bbox 767 4578 1130 4647; x_wconf 60' lang='lat' dir='ltr'><strong>calefacfentes</strong></span> <span class='ocrx_word' id='word_1_588' title='bbox 1157 4578 1605 4644; x_wconf 87' lang='lat' dir='ltr'><strong>interpretentur,</strong></span> <span class='ocrx_word' id='word_1_589' title='bbox 1633 4578 1760 4632; x_wconf 90' lang='lat' dir='ltr'><strong>binc</strong></span> <span class='ocrx_word' id='word_1_590' title='bbox 1787 4578 1952 4648; x_wconf 85' lang='lat' dir='ltr'><strong>signi-</strong></span> 
     </span>
    </p>
   </div>
   <div class='ocr_carea' id='block_1_80' title="bbox 379 4666 1950 4735">
    <p class='ocr_par' dir='ltr' id='par_1_80' title="bbox 379 4666 1950 4735">
     <span class='ocr_line' id='line_1_80' title="bbox 379 4666 1950 4735; baseline 0 -14"><span class='ocrx_word' id='word_1_591' title='bbox 379 4671 573 4723; x_wconf 88' lang='lat' dir='ltr'><strong>ticatnr</strong></span> <span class='ocrx_word' id='word_1_592' title='bbox 603 4670 684 4723; x_wconf 90' lang='lat' dir='ltr'><strong>vis</strong></span> <span class='ocrx_word' id='word_1_593' title='bbox 732 4668 947 4722; x_wconf 89' lang='lat' dir='ltr'><strong>illorum</strong></span> <span class='ocrx_word' id='word_1_594' title='bbox 991 4682 1208 4721; x_wconf 85' lang='lat' dir='ltr'><strong>sursum</strong></span> <span class='ocrx_word' id='word_1_595' title='bbox 1240 4666 1520 4721; x_wconf 84' lang='lat' dir='ltr'><strong>attollendi</strong></span> <span class='ocrx_word' id='word_1_596' title='bbox 1556 4682 1652 4735; x_wconf 85' lang='lat' dir='ltr'><strong>per</strong></span> <span class='ocrx_word' id='word_1_597' title='bbox 1693 4669 1950 4733; x_wconf 83' lang='lat' dir='ltr'><strong>unguenti</strong></span> 
     </span>
    </p>
   </div>
   <div class='ocr_carea' id='block_1_81' title="bbox 377 4759 1948 4831">
    <p class='ocr_par' dir='ltr' id='par_1_81' title="bbox 377 4759 1948 4831">
     <span class='ocr_line' id='line_1_81' title="bbox 377 4759 1948 4831; baseline -0.002 -15"><span class='ocrx_word' id='word_1_598' title='bbox 377 4761 656 4831; x_wconf 76' lang='lat' dir='ltr'><strong>spiritales</strong></span> <span class='ocrx_word' id='word_1_599' title='bbox 678 4760 1121 4824; x_wconf 82' lang='lat' dir='ltr'><strong>distributiones;</strong></span> <span class='ocrx_word' id='word_1_600' title='bbox 1149 4759 1413 4828; x_wconf 82' lang='lat' dir='ltr'><strong>siquidem</strong></span> <span class='ocrx_word' id='word_1_601' title='bbox 1450 4760 1629 4813; x_wconf 84' lang='lat' dir='ltr'><strong>omnis</strong></span> <span class='ocrx_word' id='word_1_602' title='bbox 1655 4759 1948 4829; x_wconf 81' lang='lat' dir='ltr'><strong>fragrantia</strong></span> 
     </span>
    </p>
   </div>
   <div class='ocr_carea' id='block_1_82' title="bbox 376 4848 1946 4921">
    <p class='ocr_par' dir='ltr' id='par_1_82' title="bbox 376 4848 1946 4921">
     <span class='ocr_line' id='line_1_82' title="bbox 376 4848 1946 4921; baseline 0.001 -16"><span class='ocrx_word' id='word_1_603' title='bbox 376 4851 558 4905; x_wconf 87' lang='lat' dir='ltr'><strong>calore</strong></span> <span class='ocrx_word' id='word_1_604' title='bbox 581 4850 721 4920; x_wconf 88' lang='lat' dir='ltr'><strong>ignis</strong></span> <span class='ocrx_word' id='word_1_605' title='bbox 743 4848 1011 4904; x_wconf 75' lang='lat' dir='ltr'><strong>dissoluta</strong></span> <span class='ocrx_word' id='word_1_606' title='bbox 1031 4864 1260 4919; x_wconf 80' lang='lat' dir='ltr'><strong>vapores</strong></span> <span class='ocrx_word' id='word_1_607' title='bbox 1278 4849 1515 4914; x_wconf 77' lang='lat' dir='ltr'><strong>excitat;</strong></span> <span class='ocrx_word' id='word_1_608' title='bbox 1542 4868 1662 4905; x_wconf 89' lang='lat' dir='ltr'><strong>nam</strong></span> <span class='ocrx_word' id='word_1_609' title='bbox 1698 4866 1946 4921; x_wconf 74' lang='lat' dir='ltr'><strong>suprema</strong></span> 
     </span>
    </p>
   </div>
   <div class='ocr_carea' id='block_1_83' title="bbox 370 4938 1949 5013">
    <p class='ocr_par' dir='ltr' id='par_1_83' title="bbox 370 4938 1949 5013">
     <span class='ocr_line' id='line_1_83' title="bbox 370 4938 1949 5013; baseline 0.001 -18"><span class='ocrx_word' id='word_1_610' title='bbox 370 4942 463 4995; x_wconf 87' lang='lat' dir='ltr'><strong>illa</strong></span> <span class='ocrx_word' id='word_1_611' title='bbox 525 4938 882 5009; x_wconf 78' lang='lat' dir='ltr'><strong>fragransque</strong></span> <span class='ocrx_word' id='word_1_612' title='bbox 944 4950 1134 4992; x_wconf 87' lang='lat' dir='ltr'><strong>natura</strong></span> <span class='ocrx_word' id='word_1_613' title='bbox 1178 4940 1246 4995; x_wconf 89' lang='lat' dir='ltr'><strong>ab</strong></span> <span class='ocrx_word' id='word_1_614' title='bbox 1298 4939 1480 5010; x_wconf 90' lang='lat' dir='ltr'><strong>ignitis</strong></span> <span class='ocrx_word' id='word_1_615' title='bbox 1537 4942 1949 5013; x_wconf 67' lang='lat' dir='ltr'><strong>puris-sinusque</strong></span> 
     </span>
    </p>
   </div>
   <div class='ocr_carea' id='block_1_84' title="bbox 370 5030 1945 5099">
    <p class='ocr_par' dir='ltr' id='par_1_84' title="bbox 370 5030 1945 5099">
     <span class='ocr_line' id='line_1_84' title="bbox 370 5030 1945 5099; baseline 0.001 -13"><span class='ocrx_word' id='word_1_616' title='bbox 370 5032 651 5088; x_wconf 83' lang='lat' dir='ltr'><strong>mentibus</strong></span> <span class='ocrx_word' id='word_1_617' title='bbox 693 5030 760 5083; x_wconf 87' lang='lat' dir='ltr'><strong>ad</strong></span> <span class='ocrx_word' id='word_1_618' title='bbox 805 5030 1065 5099; x_wconf 84' lang='lat' dir='ltr'><strong>spiritalis</strong></span> <span class='ocrx_word' id='word_1_619' title='bbox 1093 5046 1203 5085; x_wconf 72' lang='lat' dir='ltr'><strong>suae</strong></span> <span class='ocrx_word' id='word_1_620' title='bbox 1230 5034 1576 5099; x_wconf 83' lang='lat' dir='ltr'><strong>aspirationis</strong></span> <span class='ocrx_word' id='word_1_621' title='bbox 1604 5034 1945 5088; x_wconf 79' lang='lat' dir='ltr'><strong>dimisionem</strong></span> 
     </span>
    </p>
   </div>
   <div class='ocr_carea' id='block_1_85' title="bbox 368 5123 1948 5199">
    <p class='ocr_par' dir='ltr' id='par_1_85' title="bbox 368 5123 1948 5199">
     <span class='ocr_line' id='line_1_85' title="bbox 368 5123 1948 5199; baseline 0.002 -19"><span class='ocrx_word' id='word_1_622' title='bbox 368 5138 516 5181; x_wconf 80' lang='lat' dir='ltr'><strong>amat</strong></span> <span class='ocrx_word' id='word_1_623' title='bbox 548 5123 857 5196; x_wconf 90' lang='lat' dir='ltr'><strong>provocari,</strong></span> <span class='ocrx_word' id='word_1_624' title='bbox 890 5124 1032 5177; x_wconf 78' lang='lat' dir='ltr'><strong>unde</strong></span> <span class='ocrx_word' id='word_1_625' title='bbox 1072 5125 1237 5178; x_wconf 83' lang='lat' dir='ltr'><strong>etiam</strong></span> <span class='ocrx_word' id='word_1_626' title='bbox 1279 5126 1397 5180; x_wconf 88' lang='lat' dir='ltr'><strong>illas</strong></span> <span class='ocrx_word' id='word_1_627' title='bbox 1442 5127 1615 5181; x_wconf 82' lang='lat' dir='ltr'><strong>reddit</strong></span> <span class='ocrx_word' id='word_1_628' title='bbox 1656 5129 1948 5199; x_wconf 83' lang='lat' dir='ltr'><strong>participes</strong></span> 
     </span>
    </p>
   </div>
   <div class='ocr_carea' id='block_1_86' title="bbox 2068 3292 3668 3369">
    <p class='ocr_par' dir='ltr' id='par_1_86' title="bbox 2068 3292 3668 3369">
     <span class='ocr_line' id='line_1_86' title="bbox 2068 3292 3668 3369; baseline -0.003 -18"><span class='ocrx_word' id='word_1_629' title='bbox 2068 3297 2417 3369; x_wconf 83' lang='grc' dir='ltr'>αἱνισσομένη</span> <span class='ocrx_word' id='word_1_630' title='bbox 2457 3299 2490 3367; x_wconf 82' lang='grc' dir='ltr'>ὴ</span> <span class='ocrx_word' id='word_1_631' title='bbox 2530 3296 2650 3349; x_wconf 89' lang='grc' dir='ltr'>θεία</span> <span class='ocrx_word' id='word_1_632' title='bbox 2695 3295 2908 3366; x_wconf 77' lang='grc' dir='ltr'>Γραφὴ,</span> <span class='ocrx_word' id='word_1_633' title='bbox 2940 3292 3247 3364; x_wconf 72' lang='grc' dir='ltr'>περιτίθησι</span> <span class='ocrx_word' id='word_1_634' title='bbox 3288 3294 3378 3345; x_wconf 75' lang='grc' dir='ltr'><strong>καὶ</strong></span> <span class='ocrx_word' id='word_1_635' title='bbox 3414 3295 3531 3346; x_wconf 85' lang='grc' dir='ltr'>ἄνω</span> <span class='ocrx_word' id='word_1_636' title='bbox 3574 3294 3668 3346; x_wconf 67' lang='grc' dir='ltr'>καὶ</span> 
     </span>
    </p>
   </div>
   <div class='ocr_carea' id='block_1_87' title="bbox 2068 3386 2981 3457">
    <p class='ocr_par' dir='ltr' id='par_1_87' title="bbox 2068 3386 2981 3457">
     <span class='ocr_line' id='line_1_87' title="bbox 2068 3386 2981 3457; baseline -0.005 -15"><span class='ocrx_word' id='word_1_637' title='bbox 2068 3389 2215 3442; x_wconf 83' lang='grc' dir='ltr'>κάτω</span> <span class='ocrx_word' id='word_1_638' title='bbox 2241 3389 2333 3442; x_wconf 72' lang='grc' dir='ltr'>καὶ</span> <span class='ocrx_word' id='word_1_639' title='bbox 2374 3387 2537 3457; x_wconf 82' lang='grc' dir='ltr'>μέσον</span> <span class='ocrx_word' id='word_1_640' title='bbox 2561 3386 2657 3449; x_wconf 83' lang='grc' dir='ltr'>τὰς</span> <span class='ocrx_word' id='word_1_641' title='bbox 2686 3386 2981 3457; x_wconf 84' lang='grc' dir='ltr'>πτέρυγας.</span> 
     </span>
    </p>
   </div>
   <div class='ocr_carea' id='block_1_88' title="bbox 2134 3650 3668 3723">
    <p class='ocr_par' dir='ltr' id='par_1_88' title="bbox 2134 3650 3668 3723">
     <span class='ocr_line' id='line_1_88' title="bbox 2134 3650 3668 3723; baseline 0.002 -18"><span class='ocrx_word' id='word_1_642' title='bbox 2134 3653 2161 3723; x_wconf 84' lang='lat'>§</span> <span class='ocrx_word' id='word_1_643' title='bbox 2204 3652 2330 3705; x_wconf 74' lang='lat' dir='ltr'><strong>Vlll.</strong></span> <span class='ocrx_word' id='word_1_644' title='bbox 2370 3653 2435 3705; x_wconf 91' lang='grc' dir='ltr'>Τί</span> <span class='ocrx_word' id='word_1_645' title='bbox 2476 3651 2533 3706; x_wconf 89' lang='grc' dir='ltr'><strong>δέ</strong></span> <span class='ocrx_word' id='word_1_646' title='bbox 2568 3654 2681 3705; x_wconf 78' lang='grc' dir='ltr'>ἐστι</span> <span class='ocrx_word' id='word_1_647' title='bbox 2730 3651 2791 3704; x_wconf 82' lang='grc' dir='ltr'>τὸ</span> <span class='ocrx_word' id='word_1_648' title='bbox 2830 3650 2929 3713; x_wconf 83' lang='grc' dir='ltr'><strong>τάς</strong></span> <span class='ocrx_word' id='word_1_649' title='bbox 2973 3652 3071 3722; x_wconf 77' lang='grc' dir='ltr'><strong>μὲν</strong></span> <span class='ocrx_word' id='word_1_650' title='bbox 3118 3651 3231 3705; x_wconf 83' lang='grc' dir='ltr'><strong>ἀνω</strong></span> <span class='ocrx_word' id='word_1_651' title='bbox 3255 3653 3348 3705; x_wconf 74' lang='grc' dir='ltr'><strong>καὶ</strong></span> <span class='ocrx_word' id='word_1_652' title='bbox 3378 3653 3482 3714; x_wconf 83' lang='grc' dir='ltr'>τὰς</span> <span class='ocrx_word' id='word_1_653' title='bbox 3511 3654 3668 3708; x_wconf 84' lang='grc' dir='ltr'>κάτω</span> 
     </span>
    </p>
   </div>
   <div class='ocr_carea' id='block_1_89' title="bbox 2064 3741 3665 3816">
    <p class='ocr_par' dir='ltr' id='par_1_89' title="bbox 2064 3741 3665 3816">
     <span class='ocr_line' id='line_1_89' title="bbox 2064 3741 3665 3816; baseline -0.001 -19"><span class='ocrx_word' id='word_1_654' title='bbox 2064 3742 2463 3804; x_wconf 80' lang='grc' dir='ltr'>συστέλλεσθαι,</span> <span class='ocrx_word' id='word_1_655' title='bbox 2498 3742 2595 3805; x_wconf 83' lang='grc' dir='ltr'><strong>τάς</strong></span> <span class='ocrx_word' id='word_1_656' title='bbox 2628 3742 2683 3794; x_wconf 82' lang='grc' dir='ltr'><strong>δὲ</strong></span> <span class='ocrx_word' id='word_1_657' title='bbox 2716 3742 2884 3811; x_wconf 80' lang='grc' dir='ltr'>μέσας</span> <span class='ocrx_word' id='word_1_658' title='bbox 2915 3741 3251 3794; x_wconf 77' lang='grc' dir='ltr'>ἐκτείνεσθαι</span> <span class='ocrx_word' id='word_1_659' title='bbox 3273 3743 3385 3804; x_wconf 84' lang='grc' dir='ltr'>;ὅτι</span> <span class='ocrx_word' id='word_1_660' title='bbox 3423 3744 3665 3816; x_wconf 72' lang='grc' dir='ltr'>εὐλαϐής</span> 
     </span>
    </p>
   </div>
   <div class='ocr_carea' id='block_1_90' title="bbox 2060 3832 3666 3906">
    <p class='ocr_par' dir='ltr' id='par_1_90' title="bbox 2060 3832 3666 3906">
     <span class='ocr_line' id='line_1_90' title="bbox 2060 3832 3666 3906; baseline -0.007 -19"><span class='ocrx_word' id='word_1_661' title='bbox 2060 3836 2205 3887; x_wconf 79' lang='grc' dir='ltr'>ἐστιν</span> <span class='ocrx_word' id='word_1_662' title='bbox 2238 3836 2270 3905; x_wconf 81' lang='grc' dir='ltr'><strong>ἡ</strong></span> <span class='ocrx_word' id='word_1_663' title='bbox 2300 3834 2450 3899; x_wconf 77' lang='grc' dir='ltr'>τάξις</span> <span class='ocrx_word' id='word_1_664' title='bbox 2481 3835 2607 3905; x_wconf 69' lang='grc' dir='ltr'>περὶ</span> <span class='ocrx_word' id='word_1_665' title='bbox 2640 3833 2707 3885; x_wconf 73' lang='grc' dir='ltr'><strong>τά</strong></span> <span class='ocrx_word' id='word_1_666' title='bbox 2736 3832 3041 3904; x_wconf 63' lang='grc' dir='ltr'>ὑψηλότερα</span> <span class='ocrx_word' id='word_1_667' title='bbox 3066 3835 3159 3885; x_wconf 74' lang='grc' dir='ltr'>καὶ</span> <span class='ocrx_word' id='word_1_668' title='bbox 3183 3832 3491 3905; x_wconf 73' lang='grc' dir='ltr'>βαθύτερα,</span> <span class='ocrx_word' id='word_1_669' title='bbox 3522 3836 3666 3906; x_wconf 56' lang='grc' dir='ltr'>ὑψη-</span> 
     </span>
    </p>
   </div>
   <div class='ocr_carea' id='block_1_91' title="bbox 2058 3924 3659 3997">
    <p class='ocr_par' dir='ltr' id='par_1_91' title="bbox 2058 3924 3659 3997">
     <span class='ocr_line' id='line_1_91' title="bbox 2058 3924 3659 3997; baseline 0.003 -20"><span class='ocrx_word' id='word_1_670' title='bbox 2058 3925 2250 3997; x_wconf 86' lang='grc' dir='ltr'>λότερα</span> <span class='ocrx_word' id='word_1_671' title='bbox 2300 3926 2373 3996; x_wconf 78' lang='grc' dir='ltr'>μὴ</span> <span class='ocrx_word' id='word_1_672' title='bbox 2420 3924 2693 3995; x_wconf 74' lang='grc' dir='ltr'>ζητοῦσα,</span> <span class='ocrx_word' id='word_1_673' title='bbox 2751 3925 2845 3977; x_wconf 67' lang='grc' dir='ltr'><strong>καὶ</strong></span> <span class='ocrx_word' id='word_1_674' title='bbox 2902 3925 3172 3995; x_wconf 70' lang='grc' dir='ltr'>βαθύτερα</span> <span class='ocrx_word' id='word_1_675' title='bbox 3216 3926 3291 3996; x_wconf 81' lang='grc' dir='ltr'>μὴ</span> <span class='ocrx_word' id='word_1_676' title='bbox 3340 3928 3659 3996; x_wconf 83' lang='grc' dir='ltr'>ὲρευνῶσα,</span> 
     </span>
    </p>
   </div>
   <div class='ocr_carea' id='block_1_92' title="bbox 2060 4016 3658 4091">
    <p class='ocr_par' dir='ltr' id='par_1_92' title="bbox 2060 4016 3658 4091">
     <span class='ocr_line' id='line_1_92' title="bbox 2060 4016 3658 4091; baseline 0.001 -22"><span class='ocrx_word' id='word_1_677' title='bbox 2060 4019 2195 4089; x_wconf 77' lang='grc' dir='ltr'>μόνα</span> <span class='ocrx_word' id='word_1_678' title='bbox 2216 4018 2273 4072; x_wconf 84' lang='grc' dir='ltr'>δὲ</span> <span class='ocrx_word' id='word_1_679' title='bbox 2304 4016 2369 4069; x_wconf 80' lang='grc' dir='ltr'>τὰ</span> <span class='ocrx_word' id='word_1_680' title='bbox 2396 4017 2533 4088; x_wconf 69' lang='grc' dir='ltr'>μέσα</span> <span class='ocrx_word' id='word_1_681' title='bbox 2559 4018 2651 4069; x_wconf 67' lang='grc' dir='ltr'><strong>καὶ</strong></span> <span class='ocrx_word' id='word_1_682' title='bbox 2678 4018 2964 4089; x_wconf 74' lang='grc' dir='ltr'>σύμμετρα</span> <span class='ocrx_word' id='word_1_683' title='bbox 2988 4017 3245 4087; x_wconf 76' lang='grc' dir='ltr'>ζητοῦσα,</span> <span class='ocrx_word' id='word_1_684' title='bbox 3272 4017 3565 4085; x_wconf 76' lang='grc' dir='ltr'>ἀνάγεται,</span> <span class='ocrx_word' id='word_1_685' title='bbox 3590 4023 3658 4091; x_wconf 73' lang='grc' dir='ltr'>τῇ</span> 
     </span>
    </p>
   </div>
   <div class='ocr_carea' id='block_1_93' title="bbox 2058 4108 3661 4183">
    <p class='ocr_par' dir='ltr' id='par_1_93' title="bbox 2058 4108 3661 4183">
     <span class='ocr_line' id='line_1_93' title="bbox 2058 4108 3661 4183; baseline 0.001 -20"><span class='ocrx_word' id='word_1_686' title='bbox 2058 4111 2177 4181; x_wconf 75' lang='grc' dir='ltr'>θείᾳ</span> <span class='ocrx_word' id='word_1_687' title='bbox 2217 4111 2531 4183; x_wconf 71' lang='grc' dir='ltr'>δικαιοσύνῃ</span> <span class='ocrx_word' id='word_1_688' title='bbox 2594 4110 2905 4162; x_wconf 70' lang='grc' dir='ltr'>ὑποτεθεῖσα</span> <span class='ocrx_word' id='word_1_689' title='bbox 2947 4110 3047 4180; x_wconf 82' lang='grc' dir='ltr'><strong>τὴν</strong></span> <span class='ocrx_word' id='word_1_690' title='bbox 3090 4110 3294 4161; x_wconf 76' lang='grc' dir='ltr'>οἰκείαν</span> <span class='ocrx_word' id='word_1_691' title='bbox 3342 4108 3524 4181; x_wconf 74' lang='grc' dir='ltr'>ζωὴν,</span> <span class='ocrx_word' id='word_1_692' title='bbox 3563 4113 3661 4164; x_wconf 86' lang='grc' dir='ltr'><strong>καί</strong></span> 
     </span>
    </p>
   </div>
   <div class='ocr_carea' id='block_1_94' title="bbox 2056 4202 3232 4275">
    <p class='ocr_par' dir='ltr' id='par_1_94' title="bbox 2056 4202 3232 4275">
     <span class='ocr_line' id='line_1_94' title="bbox 2056 4202 3232 4275; baseline 0.002 -20"><span class='ocrx_word' id='word_1_693' title='bbox 2056 4206 2183 4275; x_wconf 80' lang='grc' dir='ltr'>παρ’</span> <span class='ocrx_word' id='word_1_694' title='bbox 2217 4202 2431 4273; x_wconf 75' lang='grc' dir='ltr'>ἐκείνης</span> <span class='ocrx_word' id='word_1_695' title='bbox 2464 4202 2754 4256; x_wconf 74' lang='grc' dir='ltr'>εὐθετοῦσα</span> <span class='ocrx_word' id='word_1_696' title='bbox 2786 4203 2854 4255; x_wconf 80' lang='grc' dir='ltr'><strong>τά</strong></span> <span class='ocrx_word' id='word_1_697' title='bbox 2886 4202 3004 4255; x_wconf 80' lang='grc' dir='ltr'>καθ’</span> <span class='ocrx_word' id='word_1_698' title='bbox 3031 4203 3232 4272; x_wconf 77' lang='grc' dir='ltr'>αὑτήν.</span> 
     </span>
    </p>
   </div>
   <div class='ocr_carea' id='block_1_95' title="bbox 2126 4294 3660 4368">
    <p class='ocr_par' dir='ltr' id='par_1_95' title="bbox 2126 4294 3660 4368">
     <span class='ocr_line' id='line_1_95' title="bbox 2126 4294 3660 4368; baseline 0.001 -20"><span class='ocrx_word' id='word_1_699' title='bbox 2126 4296 2152 4367; x_wconf 84' lang='lat'><strong>§</strong></span> <span class='ocrx_word' id='word_1_700' title='bbox 2192 4295 2287 4350; x_wconf 72' lang='lat' dir='ltr'><strong>IX.</strong></span> <span class='ocrx_word' id='word_1_701' title='bbox 2322 4296 2393 4348; x_wconf 69' lang='grc' dir='ltr'>Τὸ</span> <span class='ocrx_word' id='word_1_702' title='bbox 2445 4296 2502 4349; x_wconf 83' lang='grc' dir='ltr'>δὲ</span> <span class='ocrx_word' id='word_1_703' title='bbox 2547 4294 2769 4366; x_wconf 80' lang='grc' dir='ltr'>κράζειν</span> <span class='ocrx_word' id='word_1_704' title='bbox 2813 4296 3000 4364; x_wconf 74' lang='grc' dir='ltr'>ἕτερον</span> <span class='ocrx_word' id='word_1_705' title='bbox 3030 4296 3169 4365; x_wconf 83' lang='grc' dir='ltr'>πρὸς</span> <span class='ocrx_word' id='word_1_706' title='bbox 3209 4296 3299 4347; x_wconf 77' lang='grc' dir='ltr'><strong>τὸν</strong></span> <span class='ocrx_word' id='word_1_707' title='bbox 3328 4295 3554 4368; x_wconf 75' lang='grc' dir='ltr'>ἕτερον,</span> <span class='ocrx_word' id='word_1_708' title='bbox 3595 4295 3660 4349; x_wconf 70' lang='grc' dir='ltr'>τὸ</span> 
     </span>
    </p>
   </div>
   <div class='ocr_carea' id='block_1_96' title="bbox 2052 4386 3464 4460">
    <p class='ocr_par' dir='ltr' id='par_1_96' title="bbox 2052 4386 3464 4460">
     <span class='ocr_line' id='line_1_96' title="bbox 2052 4386 3464 4460; baseline 0 -20"><span class='ocrx_word' id='word_1_709' title='bbox 2052 4387 2152 4458; x_wconf 76' lang='grc' dir='ltr'><strong>τῆς</strong></span> <span class='ocrx_word' id='word_1_710' title='bbox 2186 4388 2521 4457; x_wconf 85' lang='grc' dir='ltr'>μεταδόσεως</span> <span class='ocrx_word' id='word_1_711' title='bbox 2550 4388 2656 4440; x_wconf 89' lang='grc' dir='ltr'><strong>τῶν</strong></span> <span class='ocrx_word' id='word_1_712' title='bbox 2677 4388 2915 4459; x_wconf 87' lang='grc' dir='ltr'>νοήσεων</span> <span class='ocrx_word' id='word_1_713' title='bbox 2940 4386 3169 4455; x_wconf 66' lang='grc' dir='ltr'>ἄφθονον</span> <span class='ocrx_word' id='word_1_714' title='bbox 3202 4390 3464 4460; x_wconf 80' lang='grc' dir='ltr'>παριστᾷ.</span> 
     </span>
    </p>
   </div>
   <div class='ocr_carea' id='block_1_97' title="bbox 2130 4479 3654 4551">
    <p class='ocr_par' dir='ltr' id='par_1_97' title="bbox 2130 4479 3654 4551">
     <span class='ocr_line' id='line_1_97' title="bbox 2130 4479 3654 4551; baseline 0.002 -18"><span class='ocrx_word' id='word_1_715' title='bbox 2130 4481 2156 4551; x_wconf 68' lang='grc' dir='ltr'><strong>ς</strong></span> <span class='ocrx_word' id='word_1_716' title='bbox 2191 4479 2253 4533; x_wconf 83' lang='grc' dir='ltr'>Χ.</span> <span class='ocrx_word' id='word_1_717' title='bbox 2291 4481 2444 4534; x_wconf 73' lang='grc' dir='ltr'>Ἐπεὶ</span> <span class='ocrx_word' id='word_1_718' title='bbox 2468 4480 2523 4533; x_wconf 83' lang='grc' dir='ltr'>δὲ</span> <span class='ocrx_word' id='word_1_719' title='bbox 2550 4482 2641 4534; x_wconf 81' lang='grc' dir='ltr'><strong>καὶ</strong></span> <span class='ocrx_word' id='word_1_720' title='bbox 2663 4480 2997 4549; x_wconf 73' lang='grc' dir='ltr'>ἐμπρησταὶ</span> <span class='ocrx_word' id='word_1_721' title='bbox 3027 4483 3120 4534; x_wconf 72' lang='grc' dir='ltr'>καὶ</span> <span class='ocrx_word' id='word_1_722' title='bbox 3144 4482 3567 4550; x_wconf 57' lang='grc' dir='ltr'>θερμαίνοι·τές</span> <span class='ocrx_word' id='word_1_723' title='bbox 3588 4485 3654 4536; x_wconf 80' lang='grc' dir='ltr'><strong>ἐκ</strong></span> 
     </span>
    </p>
   </div>
   <div class='ocr_carea' id='block_1_98' title="bbox 2052 4572 3651 4646">
    <p class='ocr_par' dir='ltr' id='par_1_98' title="bbox 2052 4572 3651 4646">
     <span class='ocr_line' id='line_1_98' title="bbox 2052 4572 3651 4646; baseline 0.001 -20"><span class='ocrx_word' id='word_1_724' title='bbox 2052 4573 2150 4645; x_wconf 80' lang='grc' dir='ltr'><strong>τῆς</strong></span> <span class='ocrx_word' id='word_1_725' title='bbox 2191 4573 2481 4646; x_wconf 80' lang='grc' dir='ltr'>Ἐδραῖκῆς</span> <span class='ocrx_word' id='word_1_726' title='bbox 2506 4573 2783 4626; x_wconf 83' lang='grc' dir='ltr'>διαλέκτου</span> <span class='ocrx_word' id='word_1_727' title='bbox 2813 4572 3309 4643; x_wconf 75' lang='grc' dir='ltr'>μεθερμηνεύονται</span> <span class='ocrx_word' id='word_1_728' title='bbox 3329 4614 3344 4637; x_wconf 94' lang='grc'><strong>,</strong></span> <span class='ocrx_word' id='word_1_729' title='bbox 3390 4572 3651 4645; x_wconf 77' lang='grc' dir='ltr'>δηλοῦται</span> 
     </span>
    </p>
   </div>
   <div class='ocr_carea' id='block_1_99' title="bbox 2053 4663 3653 4738">
    <p class='ocr_par' dir='ltr' id='par_1_99' title="bbox 2053 4663 3653 4738">
     <span class='ocr_line' id='line_1_99' title="bbox 2053 4663 3653 4738; baseline -0.001 -19"><span class='ocrx_word' id='word_1_730' title='bbox 2053 4666 2299 4720; x_wconf 80' lang='grc' dir='ltr'>ἐντεῦθεν</span> <span class='ocrx_word' id='word_1_731' title='bbox 2315 4666 2376 4719; x_wconf 84' lang='grc' dir='ltr'><strong>τὸ</strong></span> <span class='ocrx_word' id='word_1_732' title='bbox 2410 4665 2788 4736; x_wconf 78' lang='grc' dir='ltr'>ἀνακινητικδν</span> <span class='ocrx_word' id='word_1_733' title='bbox 2819 4664 2998 4718; x_wconf 68' lang='grc' dir='ltr'>αὐτῶν</span> <span class='ocrx_word' id='word_1_734' title='bbox 3028 4663 3138 4717; x_wconf 85' lang='grc' dir='ltr'><strong>τῶν</strong></span> <span class='ocrx_word' id='word_1_735' title='bbox 3175 4664 3270 4717; x_wconf 91' lang='grc' dir='ltr'><strong>τοῦ</strong></span> <span class='ocrx_word' id='word_1_736' title='bbox 3304 4665 3479 4735; x_wconf 81' lang='grc' dir='ltr'>μύρου</span> <span class='ocrx_word' id='word_1_737' title='bbox 3524 4684 3653 4738; x_wconf 72' lang='grc' dir='ltr'>νοη-</span> 
     </span>
    </p>
   </div>
   <div class='ocr_carea' id='block_1_100' title="bbox 2049 4756 3647 4829">
    <p class='ocr_par' dir='ltr' id='par_1_100' title="bbox 2049 4756 3647 4829">
     <span class='ocr_line' id='line_1_100' title="bbox 2049 4756 3647 4829; baseline -0.001 -18"><span class='ocrx_word' id='word_1_738' title='bbox 2049 4760 2160 4811; x_wconf 84' lang='grc' dir='ltr'><strong>τῶν</strong></span> <span class='ocrx_word' id='word_1_739' title='bbox 2206 4760 2525 4813; x_wconf 88' lang='grc' dir='ltr'>διαδόσεων·</span> <span class='ocrx_word' id='word_1_740' title='bbox 2553 4761 2619 4828; x_wconf 78' lang='grc' dir='ltr'>τῇ</span> <span class='ocrx_word' id='word_1_741' title='bbox 2641 4757 2816 4829; x_wconf 80' lang='grc' dir='ltr'>θέρμῃ</span> <span class='ocrx_word' id='word_1_742' title='bbox 2850 4756 2959 4827; x_wconf 88' lang='grc' dir='ltr'><strong>γάρ</strong></span> <span class='ocrx_word' id='word_1_743' title='bbox 2993 4756 3086 4809; x_wconf 88' lang='grc' dir='ltr'><strong>τοῦ</strong></span> <span class='ocrx_word' id='word_1_744' title='bbox 3135 4756 3306 4828; x_wconf 56' lang='grc' dir='ltr'>πυρὸς</span> <span class='ocrx_word' id='word_1_745' title='bbox 3348 4758 3460 4811; x_wconf 83' lang='grc' dir='ltr'>πᾶν</span> <span class='ocrx_word' id='word_1_746' title='bbox 3504 4758 3647 4810; x_wconf 75' lang='grc' dir='ltr'>εὑῶ-</span> 
     </span>
    </p>
   </div>
   <div class='ocr_carea' id='block_1_101' title="bbox 2049 4849 3649 4922">
    <p class='ocr_par' dir='ltr' id='par_1_101' title="bbox 2049 4849 3649 4922">
     <span class='ocr_line' id='line_1_101' title="bbox 2049 4849 3649 4922; baseline 0 -18"><span class='ocrx_word' id='word_1_747' title='bbox 2049 4852 2137 4915; x_wconf 80' lang='grc' dir='ltr'><strong>δες</strong></span> <span class='ocrx_word' id='word_1_748' title='bbox 2175 4851 2533 4922; x_wconf 87' lang='grc' dir='ltr'>ἀναλυόμενον</span> <span class='ocrx_word' id='word_1_749' title='bbox 2568 4853 2695 4915; x_wconf 80' lang='grc' dir='ltr'>τοὺς</span> <span class='ocrx_word' id='word_1_750' title='bbox 2743 4852 2949 4921; x_wconf 75' lang='grc' dir='ltr'>ἀτμοὺς</span> <span class='ocrx_word' id='word_1_751' title='bbox 2990 4850 3312 4902; x_wconf 81' lang='grc' dir='ltr'>ἀναδίδωσι·</span> <span class='ocrx_word' id='word_1_752' title='bbox 3346 4849 3493 4918; x_wconf 77' lang='grc' dir='ltr'>φιλεῖ</span> <span class='ocrx_word' id='word_1_753' title='bbox 3535 4852 3649 4921; x_wconf 76' lang='grc' dir='ltr'><strong>γάρ</strong></span> 
     </span>
    </p>
   </div>
   <div class='ocr_carea' id='block_1_102' title="bbox 2050 4942 3651 5016">
    <p class='ocr_par' dir='ltr' id='par_1_102' title="bbox 2050 4942 3651 5016">
     <span class='ocr_line' id='line_1_102' title="bbox 2050 4942 3651 5016; baseline -0.001 -19"><span class='ocrx_word' id='word_1_754' title='bbox 2050 4944 2082 5015; x_wconf 77' lang='grc' dir='ltr'>ἡ</span> <span class='ocrx_word' id='word_1_755' title='bbox 2134 4944 2411 5016; x_wconf 83' lang='grc' dir='ltr'>ὑπερτάτη</span> <span class='ocrx_word' id='word_1_756' title='bbox 2449 4944 2542 4997; x_wconf 79' lang='grc' dir='ltr'>καὶ</span> <span class='ocrx_word' id='word_1_757' title='bbox 2585 4943 2790 5015; x_wconf 74' lang='grc' dir='ltr'>εὐώδης</span> <span class='ocrx_word' id='word_1_758' title='bbox 2827 4943 2983 4996; x_wconf 79' lang='grc' dir='ltr'>οὐσία</span> <span class='ocrx_word' id='word_1_759' title='bbox 3026 4942 3178 5014; x_wconf 88' lang='grc' dir='ltr'><strong>παρά</strong></span> <span class='ocrx_word' id='word_1_760' title='bbox 3222 4944 3328 4995; x_wconf 84' lang='grc' dir='ltr'><strong>τῶν</strong></span> <span class='ocrx_word' id='word_1_761' title='bbox 3359 4944 3651 5015; x_wconf 79' lang='grc' dir='ltr'>διαπύρων</span> 
     </span>
    </p>
   </div>
   <div class='ocr_carea' id='block_1_103' title="bbox 2050 5033 3646 5106">
    <p class='ocr_par' dir='ltr' id='par_1_103' title="bbox 2050 5033 3646 5106">
     <span class='ocr_line' id='line_1_103' title="bbox 2050 5033 3646 5106; baseline -0.001 -20"><span class='ocrx_word' id='word_1_762' title='bbox 2050 5034 2144 5087; x_wconf 74' lang='grc' dir='ltr'>καὶ</span> <span class='ocrx_word' id='word_1_763' title='bbox 2173 5036 2572 5106; x_wconf 84' lang='grc' dir='ltr'>καθαρωτάτων</span> <span class='ocrx_word' id='word_1_764' title='bbox 2596 5035 2734 5089; x_wconf 82' lang='grc' dir='ltr'>νοῶν</span> <span class='ocrx_word' id='word_1_765' title='bbox 2757 5034 3044 5095; x_wconf 82' lang='grc' dir='ltr'>κινεῖσθαι,</span> <span class='ocrx_word' id='word_1_766' title='bbox 3072 5036 3151 5097; x_wconf 76' lang='grc' dir='ltr'><strong>εἰς</strong></span> <span class='ocrx_word' id='word_1_767' title='bbox 3190 5035 3287 5103; x_wconf 77' lang='grc' dir='ltr'><strong>τὴν</strong></span> <span class='ocrx_word' id='word_1_768' title='bbox 3306 5033 3407 5104; x_wconf 79' lang='grc' dir='ltr'>τῆς</span> <span class='ocrx_word' id='word_1_769' title='bbox 3438 5035 3646 5105; x_wconf 78' lang='grc' dir='ltr'>νοητῆς</span> 
     </span>
    </p>
   </div>
   <div class='ocr_carea' id='block_1_104' title="bbox 2048 5125 3645 5196">
    <p class='ocr_par' dir='ltr' id='par_1_104' title="bbox 2048 5125 3645 5196">
     <span class='ocr_line' id='line_1_104' title="bbox 2048 5125 3645 5196; baseline 0.001 -20"><span class='ocrx_word' id='word_1_770' title='bbox 2048 5125 2220 5196; x_wconf 78' lang='grc' dir='ltr'>αὐτῆς</span> <span class='ocrx_word' id='word_1_771' title='bbox 2269 5126 2553 5190; x_wconf 77' lang='grc' dir='ltr'>ἐπιπνοίας</span> <span class='ocrx_word' id='word_1_772' title='bbox 2603 5125 2872 5191; x_wconf 86' lang='grc' dir='ltr'>διάδοσιν,</span> <span class='ocrx_word' id='word_1_773' title='bbox 2912 5126 3047 5179; x_wconf 81' lang='grc' dir='ltr'>ὅπου</span> <span class='ocrx_word' id='word_1_774' title='bbox 3102 5142 3165 5192; x_wconf 90' lang='grc' dir='ltr'><strong>γε</strong></span> <span class='ocrx_word' id='word_1_775' title='bbox 3213 5125 3306 5177; x_wconf 72' lang='grc' dir='ltr'>καὶ</span> <span class='ocrx_word' id='word_1_776' title='bbox 3347 5127 3645 5191; x_wconf 72' lang='grc' dir='ltr'>κοινωνοὺς</span> 
     </span>
    </p>
   </div>
   <div class='ocr_carea' id='block_1_105' title="bbox 2045 5217 3627 5297">
    <p class='ocr_par' dir='ltr' id='par_1_105' title="bbox 2045 5217 3627 5297">
     <span class='ocr_line' id='line_1_105' title="bbox 2045 5217 3627 5297; baseline 0.001 -28"><span class='ocrx_word' id='word_1_777' title='bbox 2045 5217 2145 5286; x_wconf 79' lang='grc' dir='ltr'><strong>τῆς</strong></span> <span class='ocrx_word' id='word_1_778' title='bbox 2192 5217 2528 5288; x_wconf 75' lang='grc' dir='ltr'>εὐφροσύνης</span> <span class='ocrx_word' id='word_1_779' title='bbox 2589 5217 2810 5280; x_wconf 71' lang='grc' dir='ltr'>τούτους</span> <span class='ocrx_word' id='word_1_780' title='bbox 2875 5221 3121 5297; x_wconf 60' lang='grc' dir='ltr'><strong>ποιεῖται⁸</strong></span> <span class='ocrx_word' id='word_1_781' title='bbox 3163 5219 3256 5270; x_wconf 78' lang='grc' dir='ltr'><strong>ἐπὶ</strong></span> <span class='ocrx_word' id='word_1_782' title='bbox 3318 5219 3399 5270; x_wconf 77' lang='grc' dir='ltr'><strong>ἑνὶ</strong></span> <span class='ocrx_word' id='word_1_783' title='bbox 3456 5220 3627 5291; x_wconf 45' lang='grc' dir='ltr'>ἁμαρ.</span> 
     </span>
    </p>
   </div>
   <div class='ocr_carea' id='block_1_106' title="bbox 2044 5307 3643 5379">
    <p class='ocr_par' dir='ltr' id='par_1_106' title="bbox 2044 5307 3643 5379">
     <span class='ocr_line' id='line_1_106' title="bbox 2044 5307 3643 5379; baseline 0.003 -20"><span class='ocrx_word' id='word_1_784' title='bbox 2044 5308 2199 5379; x_wconf 86' lang='grc' dir='ltr'>τωλῷ</span> <span class='ocrx_word' id='word_1_785' title='bbox 2249 5307 2614 5379; x_wconf 90' lang='grc' dir='ltr'>μετανοοῦντι.</span> <span class='ocrx_word' id='word_1_786' title='bbox 2676 5308 2886 5362; x_wconf 78' lang='grc' dir='ltr'>Οὐκοῦν</span> <span class='ocrx_word' id='word_1_787' title='bbox 2930 5308 3038 5361; x_wconf 75' lang='grc' dir='ltr'>οὐδ’</span> <span class='ocrx_word' id='word_1_788' title='bbox 3102 5310 3255 5361; x_wconf 72' lang='grc' dir='ltr'>αὐτοὶ</span> <span class='ocrx_word' id='word_1_789' title='bbox 3307 5311 3355 5362; x_wconf 86' lang='grc' dir='ltr'>οἱ</span> <span class='ocrx_word' id='word_1_790' title='bbox 3416 5309 3643 5377; x_wconf 71' lang='grc' dir='ltr'>ἄγγελοι</span> 
     </span>
    </p>
   </div>
   <div class='ocr_carea' id='block_1_107' title="bbox 2044 5401 3641 5475">
    <p class='ocr_par' dir='ltr' id='par_1_107' title="bbox 2044 5401 3641 5475">
     <span class='ocr_line' id='line_1_107' title="bbox 2044 5401 3641 5475; baseline 0.001 -22"><span class='ocrx_word' id='word_1_791' title='bbox 2044 5401 2374 5473; x_wconf 75' lang='grc' dir='ltr'>ἠγνοήκασιν</span> <span class='ocrx_word' id='word_1_792' title='bbox 2414 5403 2495 5455; x_wconf 79' lang='grc' dir='ltr'><strong>ὅτι</strong></span> <span class='ocrx_word' id='word_1_793' title='bbox 2525 5404 2554 5455; x_wconf 86' lang='grc' dir='ltr'>ὁ</span> <span class='ocrx_word' id='word_1_794' title='bbox 2578 5401 2819 5471; x_wconf 74' lang='grc' dir='ltr'>ἀγιάζων</span> <span class='ocrx_word' id='word_1_795' title='bbox 2849 5402 3009 5465; x_wconf 77' lang='grc' dir='ltr'>αὐτὸς</span> <span class='ocrx_word' id='word_1_796' title='bbox 3051 5402 3257 5472; x_wconf 76' lang='grc' dir='ltr'>Ἰησοῦς</span> <span class='ocrx_word' id='word_1_797' title='bbox 3279 5402 3373 5455; x_wconf 73' lang='grc' dir='ltr'><strong>καὶ</strong></span> <span class='ocrx_word' id='word_1_798' title='bbox 3397 5402 3641 5475; x_wconf 75' lang='grc' dir='ltr'>ἡγιάσθη</span> 
     </span>
    </p>
   </div>
   <div class='ocr_carea' id='block_1_108' title="bbox 2045 5490 3643 5564">
    <p class='ocr_par' dir='ltr' id='par_1_108' title="bbox 2045 5490 3643 5564">
     <span class='ocr_line' id='line_1_108' title="bbox 2045 5490 3643 5564; baseline 0.003 -21"><span class='ocrx_word' id='word_1_799' title='bbox 2045 5492 2174 5544; x_wconf 81' lang='grc' dir='ltr'>ποτὲ</span> <span class='ocrx_word' id='word_1_800' title='bbox 2218 5493 2363 5547; x_wconf 86' lang='grc' dir='ltr'><strong>κατά</strong></span> <span class='ocrx_word' id='word_1_801' title='bbox 2387 5493 2447 5546; x_wconf 83' lang='grc' dir='ltr'>τὸ</span> <span class='ocrx_word' id='word_1_802' title='bbox 2482 5490 2817 5564; x_wconf 81' lang='grc' dir='ltr'>ἀνθρώπινον</span> <span class='ocrx_word' id='word_1_803' title='bbox 2843 5491 3179 5562; x_wconf 74' lang='grc' dir='ltr'>βαπτισθείς.</span> <span class='ocrx_word' id='word_1_804' title='bbox 3224 5491 3539 5562; x_wconf 85' lang='grc' dir='ltr'>Σημείωσαι</span> <span class='ocrx_word' id='word_1_805' title='bbox 3580 5491 3643 5547; x_wconf 72' lang='grc' dir='ltr'>δι</span> 
     </span>
    </p>
   </div>
   <div class='ocr_carea' id='block_1_109' title="bbox 2042 5581 3638 5655">
    <p class='ocr_par' dir='ltr' id='par_1_109' title="bbox 2042 5581 3638 5655">
     <span class='ocr_line' id='line_1_109' title="bbox 2042 5581 3638 5655; baseline 0.001 -22"><span class='ocrx_word' id='word_1_806' title='bbox 2042 5582 2141 5654; x_wconf 78' lang='grc' dir='ltr'>τὴν</span> <span class='ocrx_word' id='word_1_807' title='bbox 2165 5582 2272 5636; x_wconf 91' lang='grc' dir='ltr'><strong>τῶν</strong></span> <span class='ocrx_word' id='word_1_808' title='bbox 2304 5583 2481 5655; x_wconf 77' lang='grc' dir='ltr'>ῥητῶν</span> <span class='ocrx_word' id='word_1_809' title='bbox 2513 5583 2825 5655; x_wconf 79' lang='grc' dir='ltr'>ἀκρίϐειαν,</span> <span class='ocrx_word' id='word_1_810' title='bbox 2850 5584 2944 5637; x_wconf 69' lang='grc' dir='ltr'><strong>καὶ</strong></span> <span class='ocrx_word' id='word_1_811' title='bbox 2966 5583 3085 5647; x_wconf 88' lang='grc' dir='ltr'><strong>πῶς</strong></span> <span class='ocrx_word' id='word_1_812' title='bbox 3112 5581 3341 5653; x_wconf 77' lang='grc' dir='ltr'>ἐφύλαξε</span> <span class='ocrx_word' id='word_1_813' title='bbox 3368 5582 3470 5653; x_wconf 81' lang='grc' dir='ltr'>τῆς</span> <span class='ocrx_word' id='word_1_814' title='bbox 3499 5600 3638 5654; x_wconf 83' lang='grc' dir='ltr'>σαρ-</span> 
     </span>
    </p>
   </div>
   <div class='ocr_carea' id='block_1_110' title="bbox 2037 5674 3639 5748">
    <p class='ocr_par' dir='ltr' id='par_1_110' title="bbox 2037 5674 3639 5748">
     <span class='ocr_line' id='line_1_110' title="bbox 2037 5674 3639 5748; baseline 0.009 -22"><span class='ocrx_word' id='word_1_815' title='bbox 2037 5675 2137 5738; x_wconf 69' lang='grc' dir='ltr'><strong>κὸς</strong></span> <span class='ocrx_word' id='word_1_816' title='bbox 2180 5676 2279 5746; x_wconf 70' lang='grc' dir='ltr'><strong>τὴν</strong></span> <span class='ocrx_word' id='word_1_817' title='bbox 2319 5675 2601 5748; x_wconf 65' lang='grc' dir='ltr'>διαφοράν.</span> <span class='ocrx_word' id='word_1_818' title='bbox 2643 5676 2701 5729; x_wconf 86' lang='lat'><strong>&#39;0</strong></span> <span class='ocrx_word' id='word_1_819' title='bbox 2739 5676 2847 5748; x_wconf 81' lang='grc' dir='ltr'><strong>γὰρ</strong></span> <span class='ocrx_word' id='word_1_820' title='bbox 2876 5676 3119 5745; x_wconf 78' lang='grc' dir='ltr'>ἁγιάζων</span> <span class='ocrx_word' id='word_1_821' title='bbox 3159 5674 3365 5746; x_wconf 75' lang='grc' dir='ltr'>Ἰησοῦς</span> <span class='ocrx_word' id='word_1_822' title='bbox 3394 5675 3470 5738; x_wconf 75' lang='grc' dir='ltr'><strong>ὡς</strong></span> <span class='ocrx_word' id='word_1_823' title='bbox 3501 5675 3639 5738; x_wconf 68' lang='grc' dir='ltr'>Θεὸς</span> 
     </span>
    </p>
   </div>
   <div class='ocr_carea' id='block_1_111' title="bbox 2043 5762 3636 5838">
    <p class='ocr_par' dir='ltr' id='par_1_111' title="bbox 2043 5762 3636 5838">
     <span class='ocr_line' id='line_1_111' title="bbox 2043 5762 3636 5838; baseline 0 -21"><span class='ocrx_word' id='word_1_824' title='bbox 2043 5765 2255 5829; x_wconf 83' lang='grc' dir='ltr'>πάντα,</span> <span class='ocrx_word' id='word_1_825' title='bbox 2300 5766 2393 5819; x_wconf 70' lang='grc' dir='ltr'><strong>καὶ</strong></span> <span class='ocrx_word' id='word_1_826' title='bbox 2441 5767 2601 5830; x_wconf 72' lang='grc' dir='ltr'>αὐτὸς</span> <span class='ocrx_word' id='word_1_827' title='bbox 2645 5765 2719 5829; x_wconf 80' lang='grc' dir='ltr'>ὡς</span> <span class='ocrx_word' id='word_1_828' title='bbox 2760 5765 3047 5838; x_wconf 79' lang='grc' dir='ltr'>ἄνθρωπος</span> <span class='ocrx_word' id='word_1_829' title='bbox 3101 5765 3338 5835; x_wconf 73' lang='grc' dir='ltr'>ἡγιάσθη</span> <span class='ocrx_word' id='word_1_830' title='bbox 3376 5765 3486 5819; x_wconf 69' lang='grc' dir='ltr'><strong>ὑπὸ</strong></span> <span class='ocrx_word' id='word_1_831' title='bbox 3538 5762 3636 5817; x_wconf 70' lang='grc' dir='ltr'><strong>τοῦ</strong></span> 
     </span>
    </p>
   </div>
   <div class='ocr_carea' id='block_1_112' title="bbox 367 5219 1943 5291">
    <p class='ocr_par' dir='ltr' id='par_1_112' title="bbox 367 5219 1943 5291">
     <span class='ocr_line' id='line_1_112' title="bbox 367 5219 1943 5291; baseline 0.003 -19"><span class='ocrx_word' id='word_1_832' title='bbox 367 5219 550 5289; x_wconf 83' lang='lat' dir='ltr'><strong>gaudii</strong></span> <span class='ocrx_word' id='word_1_833' title='bbox 602 5230 767 5287; x_wconf 86' lang='lat' dir='ltr'><strong>super</strong></span> <span class='ocrx_word' id='word_1_834' title='bbox 816 5231 923 5270; x_wconf 91' lang='lat' dir='ltr'><strong>uno</strong></span> <span class='ocrx_word' id='word_1_835' title='bbox 967 5225 1254 5284; x_wconf 77' lang='lat' dir='ltr'><strong>peccatore</strong></span> <span class='ocrx_word' id='word_1_836' title='bbox 1300 5220 1676 5285; x_wconf 71' lang='lat' dir='ltr'><strong>pmniteutiam</strong></span> <span class='ocrx_word' id='word_1_837' title='bbox 1729 5232 1943 5291; x_wconf 85' lang='lat' dir='ltr'><strong>agente.</strong></span> 
     </span>
    </p>
   </div>
   <div class='ocr_carea' id='block_1_113' title="bbox 368 5306 1943 5382">
    <p class='ocr_par' dir='ltr' id='par_1_113' title="bbox 368 5306 1943 5382">
     <span class='ocr_line' id='line_1_113' title="bbox 368 5306 1943 5382; baseline 0.002 -19"><span class='ocrx_word' id='word_1_838' title='bbox 368 5312 726 5382; x_wconf 64' lang='lat' dir='ltr'><strong>Nequaquam</strong></span> <span class='ocrx_word' id='word_1_839' title='bbox 765 5307 947 5375; x_wconf 84' lang='lat' dir='ltr'><strong>itaque</strong></span> <span class='ocrx_word' id='word_1_840' title='bbox 988 5306 1162 5375; x_wconf 81' lang='lat' dir='ltr'><strong>angeli</strong></span> <span class='ocrx_word' id='word_1_841' title='bbox 1198 5307 1515 5375; x_wconf 82' lang='lat' dir='ltr'><strong>ignorabant</strong></span> <span class='ocrx_word' id='word_1_842' title='bbox 1558 5310 1730 5378; x_wconf 88' lang='lat' dir='ltr'><strong>ipsum</strong></span> <span class='ocrx_word' id='word_1_843' title='bbox 1760 5310 1943 5366; x_wconf 83' lang='lat' dir='ltr'><strong>Jesmn</strong></span> 
     </span>
    </p>
   </div>
   <div class='ocr_carea' id='block_1_114' title="bbox 372 5398 1942 5473">
    <p class='ocr_par' dir='ltr' id='par_1_114' title="bbox 372 5398 1942 5473">
     <span class='ocr_line' id='line_1_114' title="bbox 372 5398 1942 5473; baseline 0.002 -17"><span class='ocrx_word' id='word_1_844' title='bbox 372 5405 465 5473; x_wconf 90' lang='lat' dir='ltr'><strong>qui</strong></span> <span class='ocrx_word' id='word_1_845' title='bbox 517 5402 838 5464; x_wconf 81' lang='lat' dir='ltr'><strong>sanctificat,</strong></span> <span class='ocrx_word' id='word_1_846' title='bbox 894 5398 1183 5467; x_wconf 82' lang='lat' dir='ltr'><strong>aliquando</strong></span> <span class='ocrx_word' id='word_1_847' title='bbox 1229 5399 1429 5468; x_wconf 86' lang='lat' dir='ltr'><strong>etiam,</strong></span> <span class='ocrx_word' id='word_1_848' title='bbox 1477 5416 1601 5457; x_wconf 88' lang='lat' dir='ltr'><strong>cum</strong></span> <span class='ocrx_word' id='word_1_849' title='bbox 1648 5405 1942 5459; x_wconf 85' lang='lat' dir='ltr'><strong>secundum</strong></span> 
     </span>
    </p>
   </div>
   <div class='ocr_carea' id='block_1_115' title="bbox 373 5490 1941 5565">
    <p class='ocr_par' dir='ltr' id='par_1_115' title="bbox 373 5490 1941 5565">
     <span class='ocr_line' id='line_1_115' title="bbox 373 5490 1941 5565; baseline 0.002 -16"><span class='ocrx_word' id='word_1_850' title='bbox 373 5497 517 5565; x_wconf 84' lang='lat' dir='ltr'><strong>quod</strong></span> <span class='ocrx_word' id='word_1_851' title='bbox 560 5497 722 5551; x_wconf 81' lang='lat' dir='ltr'><strong>homo</strong></span> <span class='ocrx_word' id='word_1_852' title='bbox 764 5501 852 5548; x_wconf 84' lang='lat' dir='ltr'><strong>est</strong></span> <span class='ocrx_word' id='word_1_853' title='bbox 893 5490 1288 5559; x_wconf 80' lang='lat' dir='ltr'><strong>baptizaretur,</strong></span> <span class='ocrx_word' id='word_1_854' title='bbox 1345 5493 1743 5549; x_wconf 82' lang='lat' dir='ltr'><strong>sanctificatum</strong></span> <span class='ocrx_word' id='word_1_855' title='bbox 1801 5509 1941 5552; x_wconf 88' lang='lat' dir='ltr'><strong>esse.</strong></span> 
     </span>
    </p>
   </div>
   <div class='ocr_carea' id='block_1_116' title="bbox 374 5582 1944 5655">
    <p class='ocr_par' dir='ltr' id='par_1_116' title="bbox 374 5582 1944 5655">
     <span class='ocr_line' id='line_1_116' title="bbox 374 5582 1944 5655; baseline 0 -12"><span class='ocrx_word' id='word_1_856' title='bbox 374 5589 511 5643; x_wconf 75' lang='lat' dir='ltr'><strong>Nota</strong></span> <span class='ocrx_word' id='word_1_857' title='bbox 536 5602 665 5642; x_wconf 88' lang='lat' dir='ltr'><strong>vero</strong></span> <span class='ocrx_word' id='word_1_858' title='bbox 686 5585 973 5639; x_wconf 89' lang='lat' dir='ltr'><strong>verborum</strong></span> <span class='ocrx_word' id='word_1_859' title='bbox 1001 5582 1405 5638; x_wconf 85' lang='lat' dir='ltr'><strong>accurationem</strong></span> <span class='ocrx_word' id='word_1_860' title='bbox 1434 5586 1706 5655; x_wconf 86' lang='lat' dir='ltr'><strong>quomodo</strong></span> <span class='ocrx_word' id='word_1_861' title='bbox 1726 5602 1944 5655; x_wconf 80' lang='lat' dir='ltr'><strong>quaque</strong></span> 
     </span>
    </p>
   </div>
   <div class='ocr_carea' id='block_1_117' title="bbox 372 5674 1943 5746">
    <p class='ocr_par' dir='ltr' id='par_1_117' title="bbox 372 5674 1943 5746">
     <span class='ocr_line' id='line_1_117' title="bbox 372 5674 1943 5746; baseline -0.001 -13"><span class='ocrx_word' id='word_1_862' title='bbox 372 5680 556 5733; x_wconf 85' lang='lat' dir='ltr'><strong>carnis</strong></span> <span class='ocrx_word' id='word_1_863' title='bbox 609 5675 971 5731; x_wconf 74' lang='lat' dir='ltr'><strong>diﬂ‘erentiam</strong></span> <span class='ocrx_word' id='word_1_864' title='bbox 1020 5674 1273 5729; x_wconf 87' lang='lat' dir='ltr'><strong>servarit.</strong></span> <span class='ocrx_word' id='word_1_865' title='bbox 1330 5675 1465 5731; x_wconf 79' lang='lat' dir='ltr'><strong>Nam</strong></span> <span class='ocrx_word' id='word_1_866' title='bbox 1514 5675 1705 5741; x_wconf 76' lang='lat' dir='ltr'><strong>Jesus,</strong></span> <span class='ocrx_word' id='word_1_867' title='bbox 1744 5678 1835 5746; x_wconf 76' lang='lat' dir='ltr'><strong>qui</strong></span> <span class='ocrx_word' id='word_1_868' title='bbox 1884 5687 1943 5731; x_wconf 82' lang='lat' dir='ltr'><strong>ut</strong></span> 
     </span>
    </p>
   </div>
   <div class='ocr_carea' id='block_1_118' title="bbox 372 5768 1940 5839">
    <p class='ocr_par' dir='ltr' id='par_1_118' title="bbox 372 5768 1940 5839">
     <span class='ocr_line' id='line_1_118' title="bbox 372 5768 1940 5839; baseline 0 -16"><span class='ocrx_word' id='word_1_869' title='bbox 372 5770 515 5824; x_wconf 80' lang='lat' dir='ltr'><strong>Deus</strong></span> <span class='ocrx_word' id='word_1_870' title='bbox 548 5770 729 5821; x_wconf 86' lang='lat' dir='ltr'><strong>omnia</strong></span> <span class='ocrx_word' id='word_1_871' title='bbox 758 5768 1084 5831; x_wconf 77' lang='lat' dir='ltr'><strong>sanctiﬁcat,</strong></span> <span class='ocrx_word' id='word_1_872' title='bbox 1111 5775 1168 5821; x_wconf 92' lang='lat' dir='ltr'><strong>ut</strong></span> <span class='ocrx_word' id='word_1_873' title='bbox 1203 5768 1366 5823; x_wconf 82' lang='lat' dir='ltr'><strong>homo</strong></span> <span class='ocrx_word' id='word_1_874' title='bbox 1393 5783 1607 5839; x_wconf 80' lang='lat' dir='ltr'><strong>quoque</strong></span> <span class='ocrx_word' id='word_1_875' title='bbox 1631 5768 1940 5824; x_wconf 84' lang='lat' dir='ltr'><strong>sanctifica-</strong></span> 
     </span>
    </p>
   </div>
  </div>
