3874 6228
212 324 327 381 897

793 322 882 380 DE
916 324 1202 385 ECCLES.
1240 321 1646 387 ΠΙΕΒᾹΚΩΠη
1681 321 1814 377 CAP

1922 323 1963 377 ἶ.
1986 353 2053 363 --
2085 320 2432 378 PARAI’IIR.
2472 319 2939 377 ΡΑΟΙΙΥΜΕΒᾹΞ.

3406 323 3511 379 498

213 440 441 511 Πατρδς
483 437 579 492 καὶ
609 434 701 507 ὑφ’
742 434 957 503 ἑαυτοῦ,
984 436 1106 491 ἐπεὶ
1134 437 1230 492 καὶ
1266 435 1421 499 Θεὸς,
1467 434 1563 490 καὶ
1590 436 1696 490 ὑπὸ
1720 433 1814 487 τοῦ

1922 442 2006 488 ltts
2036 433 2138 487 fuit
2164 447 2195 487 a
2218 431 2382 487 Patre
2405 473 2421 499 ,
2464 442 2519 488 et
2554 448 2585 488 a
2616 435 2907 504 semetipso
2930 477 2946 502 ,
2978 446 3254 506 quatenus
3283 454 3507 511 quoque

210 532 380 600 ἁγίου
426 527 569 583 Πνεύ
579 545 748 600 ματος
768 569 781 593 ,
815 528 1028 583 είδυιῶν
1057 530 1153 584 καὶ
1188 527 1296 581 τῶν
1321 528 1585 601 οὐρανίων
1612 526 1819 593 τάξεων

208 624 315 694 τὴν
377 622 515 676 ἰδίαν
565 618 740 693 ἀρχὴν
766 664 780 687 ,
810 621 954 674 τοῦτ’
996 620 1111 675 ἐστι
1172 621 1264 675 τὸν
1309 620 1482 674 αἴτιον
1522 620 1701 674 αὐτῶν
1728 621 1820 674 καὶ

207 714 552 786 δημιουργὸν
594 713 803 784 Ἰησοῦν
825 753 840 777 ,
866 715 948 767 ὃτι
980 712 1083 768 κᾶν
1113 713 1436 785 ἀγιάζηται,
1460 713 1573 766 ἀλλ’
1603 708 1697 767 οῦν
1724 714 1820 767 καὶ

207 807 392 871 οὕτως
440 806 554 878 ἔχει
596 806 660 859 rb
693 808 815 859 κατ’
858 807 1044 859 ούσίαν
1084 804 1440 860 ἀναλλοίωτον
1464 845 1479 867 ,
1521 805 1653 869 Θεὸς
1688 806 1815 878 γάρ.

208 898 421 952 Νοοῦσι
458 898 569 969 γὰρ
610 897 771 951 αὑτὸν
808 897 968 969 ίερῶς
992 937 1006 962 ,
1035 898 1116 950 ὅτι
1162 895 1581 969 ἐνηνθρὼπησε’
1610 897 1671 949 τὸ
1711 896 1819 968 γὰρ

208 990 442 1059 ὑφέντα
466 991 527 1044 rb
556 991 1049 1062 ὲνανθρωπήσαντα
1077 989 1245 1060 δηλοῖ.
1277 990 1386 1043 Καὶ
1420 990 1467 1042 εί
1498 988 1816 1057 ἁγιάζεται,

208 1082 333 1135 ἀλλ’
384 1079 483 1136 οὖν
530 1080 672 1135 κατὰ
707 1084 770 1135 rb
819 1081 1158 1152 ἀνθρώπινον
1201 1082 1517 1150 ἁγιάζεται,
1545 1081 1633 1135 διὰ
1662 1082 1821 1136 τοῦτο

210 1175 532 1246 πρόκειται·
561 1176 671 1229 Καὶ
696 1174 983 1243 ἁγιάζεται
1012 1174 1073 1227 rb
1116 1172 1293 1244 τίμιον
1324 1173 1494 1245 μύρον
1523 1175 1583 1227 rb
1620 1174 1821 1247 σύμϐο-

206 1267 304 1320 λον
331 1266 429 1319 τοῦ
458 1266 731 1319 Δεσπὸτου
754 1263 1009 1337 Χριστοῦ,
1032 1264 1125 1316 καὶ
1151 1264 1220 1316 τὰ
1242 1267 1483 1336 σεραφὶμ
1504 1265 1818 1337 περιίσταν-

205 1374 325 1409 ται.
380 1354 823 1427 Ἀπαράλλακτον
867 1355 925 1407 δὲ
979 1350 1161 1417 εἶπεν,
1206 1353 1239 1425 ἢ
1283 1354 1359 1418 ὼς
1397 1355 1533 1425 πρὸς
1571 1354 1633 1408 τὸ
1679 1356 1821 1409 κατὰ

208 1451 397 1503 πάντα
411 1449 515 1519 τῆς
537 1448 658 1503 καθ’
682 1449 831 1520 ἡμᾶς
861 1447 1075 1517 φύσεως
1104 1446 1437 1519 ὁμοιωθέντα
1468 1449 1597 1518 ἡμῖν
1617 1488 1631 1509 ,
1650 1449 1819 1520 χωρὶς

204 1540 531 1611 ἁμαρτίας,
592 1540 626 1612 ἢ
673 1540 749 1605 ὡς
805 1539 879 1610 μὴ
938 1539 1303 1610 ὑπομείναντα
1351 1539 1738 1611 παραλλαγὴν,
1784 1539 1817 1613 ἢ

205 1631 427 1703 τροπῆς
472 1630 829 1700 ἀποσκίασμα
865 1629 1006 1684 κατὰ
1034 1630 1135 1702 τὴν
1168 1628 1430 1701 θεότητα,
1463 1633 1521 1684 ἐν
1546 1631 1624 1703 τῷ
1652 1647 1820 1703 προσ-

202 1721 403 1775 λαϐεῖν
448 1722 509 1775 rb
559 1721 921 1793 ἀνθρώπινον.
988 1722 1099 1775 Καὶ
1139 1720 1201 1775 rb
1242 1721 1305 1793 δὴ
1357 1721 1626 1795 θειότερον
1659 1723 1817 1777 τοῦτό

1925 526 2065 582 Deus
2110 535 2219 591 est,
2260 536 2315 583 et
2346 540 2376 581 a
2432 524 2639 598 Spiritu
2693 538 2917 595 sancto,
2950 529 3250 585 scientibus
3292 546 3510 603 quoque

1920 618 2235 675 calestibus
2268 620 2556 676 ordinibus
2595 622 2877 691 proprium
2921 622 3250 693 principium
3275 664 3291 688 ,
3325 624 3376 678 id
3424 635 3509 680 est

1921 718 2199 764 auctorem
2231 724 2388 764 suum
2417 719 2472 765 et
2497 720 2802 766 creatorem
2834 709 3044 777 Jesum,
3077 712 3223 782 quod
3247 715 3346 769 etsi
3380 730 3510 769 san-

1922 802 2217 871 etilicetur,
2253 812 2437 858 tamen
2461 803 2630 857 etiam
2662 803 2742 858 sic
2777 803 2941 858 habet
2962 813 3173 859 natura:
3196 806 3511 861 immutabi-

1924 894 2158 963 litatem,
2207 894 2466 966 quoniam
2522 893 2665 949 Deus
2713 904 2818 951 est.
2874 894 3076 951 Sancte
3128 898 3273 950 enim
3327 898 3511 952 sciunt

1925 989 2100 1056 ipsum
2132 1002 2254 1043 esse
2294 988 2637 1043 incarnatum
2674 1004 2691 1042 :
2723 988 2949 1042 verbum
2977 988 3121 1043 enim
3163 987 3367 1058 ὑφέντα
3410 1003 3508 1043 εειι

1924 1080 2442 1147 condescendentem,
2475 1081 2723 1152 designat
2771 1080 3136 1135 incarnatum.
3181 1080 3249 1135 Et
3293 1081 3338 1135 si
3377 1096 3507 1136 san-

1922 1169 2213 1236 ctiﬁcetur,
2252 1172 2439 1241 utique
2483 1172 2779 1226 secundum
2828 1172 3219 1226 humanitatem
3266 1172 3509 1226 sanctili-

1921 1274 2096 1327 catur,
2145 1265 2350 1319 idcirco
2379 1264 2597 1319 additur
2626 1282 2639 1318 :
2668 1264 2735 1319 Et
2775 1263 3152 1318 sanctiﬁcatur
3202 1263 3506 1333 pretiosum

1923 1365 2257 1426 unguentum
2287 1357 2429 1427 quod
2459 1356 2665 1411 Christi
2699 1356 2911 1411 Domini
2943 1356 3250 1428 symbolum
3302 1367 3420 1422 est,
3450 1365 3507 1409 et

1922 1448 2195 1516 seraphin)
2226 1448 2605 1503 circumstant.
2637 1448 2784 1502 Dixit
2815 1458 2996 1515 autem
3023 1446 3353 1500 invariatum
3376 1485 3392 1510 ,
3420 1445 3505 1500 vel

1922 1542 2064 1610 quod
2097 1555 2191 1608 per
2234 1542 2419 1594 omnia
2464 1549 2672 1594 natura:
2712 1551 2914 1595 nostra-
2951 1540 3143 1594 similis
3197 1540 3372 1595 factus
3418 1550 3509 1595 est

1920 1633 2133 1702 absque
2160 1642 2403 1702 peccato,
2427 1632 2511 1687 vel
2538 1633 2681 1702 quod
2710 1648 2819 1687 non
2851 1632 3113 1687 subiverit
3145 1632 3505 1686 mutationem

1921 1726 2005 1781 vel
2034 1726 2430 1780 vicissitudinis
2459 1725 2936 1780 obumbratiouem
2967 1724 3265 1779 secundum
3302 1723 3505 1777 divini-

204 1817 391 1878 ἐστιν,
438 1815 520 1869 ὅτι
559 1814 637 1886 τῷ
664 1814 795 1886 θείῳ
836 1815 991 1887 μύρῳ
1024 1814 1162 1886 πρὸς
1201 1816 1380 1868 πᾶσαν
1421 1815 1814 1886 τελεσιουργίαν

1930 1831 2118 1883 tatem,
2142 1834 2264 1872 cum
2294 1818 2582 1873 humanam
2619 1829 2868 1873 naturam
2899 1819 3213 1887 assumpsit.
3257 1818 3322 1873 Et
3359 1817 3504 1889 quod

200 1906 414 1977 χρῆται
450 1907 484 1978 ή
514 1906 799 1978 ἱεραρχία,
849 1905 1209 1959 ύποδεικνῦσα
1244 1904 1492 1977 φανερῶς
1531 1906 1624 1958 τὸν
1663 1906 1817 1975 ἅγια-

203 2000 445 2072 ξάμενον
497 1998 710 2071 Ἰησοῦν
770 1997 1085 2069 ἁγιάζοντα.
1132 2000 1223 2053 Διὸ
1266 1999 1358 2054 καὶ
1405 2001 1438 2071 ἠ
1487 1998 1582 2053 τοῦ
1628 1999 1817 2070 βαπτί-

205 2111 421 2166 σματος
453 2096 613 2167 χάρις
643 2093 821 2165 (τοῦτο
848 2094 957 2167 γάρ
988 2096 1104 2149 ἐστι
1139 2096 1200 2149 τὸ
1235 2094 1376 2167 κατὰ
1399 2096 1529 2150 Θεὸν
1552 2097 1815 2168 γεννηθῆ-

202 2184 343 2255 van“)
378 2185 681 2239 τελειοῦται
706 2184 796 2239 διὰ
816 2185 911 2239 τοῦ
936 2185 1109 2258 μύρου
1143 2187 1499 2259 σταυροειδῶς
1532 2189 1816 2260 ἐπιχεομέ-

202 2295 300 2329 νου
342 2276 425 2348 τῷ
470 2275 849 2349 βαπτιστηρίῳ
882 2278 1035 2350 παρὰ
1062 2278 1157 2332 τοῦ
1185 2281 1442 2352 ἰεράρχου
1483 2280 1813 2352 θεωροῦντος

202 2367 422 2437 νοητῶς
465 2367 598 2420 αύτὸ
637 2368 699 2421 rb
730 2368 919 2438 νοητὸν
951 2368 1150 2439 μύρον,
1182 2370 1271 2423 τὸν
1296 2371 1499 2441 Κύριον
1541 2370 1668 2441 ἄχρι
1717 2372 1813 2426 καὶ

204 2460 444 2515 θανάτου
490 2460 891 2531 καταδυόμενον
914 2479 929 2492 ο
970 2462 1063 2516 τὸν
1109 2462 1218 2534 γὰρ
1261 2462 1487 2517 θάνατον
1523 2466 1557 2536 ἡ
1608 2464 1811 2535 κολυμ-

204 2552 390 2623 ϐήθρα
412 2553 585 2619 δηλοῖ.
607 2557 699 2609 καὶ
727 2553 1055 2608 ἀνασπῶντα
1080 2556 1138 2608 ὲν
1160 2559 1227 2626 τῇ
1253 2556 1547 2628 ἀκρατήτῳ
1574 2556 1807 2629 καθόδῳ,

204 2645 400 2699 καθότι
429 2646 531 2699 οὐκ
559 2642 625 2718 ἦν
659 2647 976 2719 κρατεῖσθαι
1016 2648 1120 2701 ὑπὸ
1152 2647 1246 2700 τοῦ
1281 2649 1536 2713 θανάτου,
1571 2652 1697 2714 τοὺς
1731 2651 1812 2715 εἰς

205 2737 301 2790 τὸν
335 2735 571 2791 θάνατον
598 2739 764 2791 αὐτοῦ
794 2738 1248 2810 βαπτιζομένους.
1280 2739 1524 2811 Κρύφιον
1556 2741 1613 2795 δὲ
1635 2741 1813 2811 λόγιον

206 2827 361 2897 λέγει
383 2869 398 2893 ,
446 2830 527 2882 ὅτι
554 2829 871 2902 ἀπόκρυφος
904 2834 1019 2896 τοῖς
1053 2831 1268 2897 πολλοῖς
1308 2835 1341 2904 ἡ
1375 2833 1672 2905 αἰτιολογία
1715 2833 1812 2889 τοῦ

206 2924 289 2985 εἰς
327 2923 568 2993 Χριστὸν
601 2923 996 2996 βαπτίσματος.

279 3102 310 3174 §
351 3099 443 3155 XI.
486 3103 561 3155 Οὐ
593 3103 698 3175 μὴν
731 3104 787 3158 δὲ
819 3105 957 3159 ἀλλὰ
993 3109 1088 3162 καὶ
1114 3108 1264 3182 αύτῷ
1294 3110 1371 3182 τῷ
1404 3111 1753 3183 βαπτισθέντι
1776 3117 1811 3188 ἡ

1924 1910 2165 1966 divinius
2181 1908 2345 1980 230
2361 1920 2467 1975 est,
2486 1910 2628 1979 quod
2650 1909 2952 1964 hierarchia
2972 1910 3038 1963 ad
3060 1924 3272 1964 omnem
3293 1924 3504 1964 sacram

1924 2004 2394 2058 consecrationem
2422 2002 2661 2056 divinum
2691 2010 3026 2073 unguentum
3054 2001 3294 2067 adhibet,
3326 2003 3504 2057 mani-

1924 2093 2059 2150 feste
2112 2095 2494 2149 demonstrans
2554 2092 2740 2149 Jesum
2798 2093 3198 2150 sanctiﬁcatum
3254 2095 3504 2149 sanctill-

1920 2192 2066 2243 care.
2111 2187 2458 2256 Quapropter
2496 2201 2714 2257 quoque
2762 2187 2937 2257 gratia
2976 2187 3326 2257 baptismatis
3364 2188 3503 2258 (hac:

1915 2281 2062 2335 enim
2096 2289 2183 2334 est
2214 2280 2511 2335 secundum
2554 2279 2722 2333 Deum
2754 2277 3057 2349 generatio)
3093 2286 3505 2334 consummatur

1918 2387 1946 2424 a
1979 2371 2236 2440 pontifice
2266 2385 2363 2441 per
2393 2382 2730 2441 unguentum
2781 2371 2834 2423 in
2868 2370 3047 2425 crucis
3096 2369 3327 2425 formam
3401 2369 3497 2426 ha-

1906 2462 2423 2530 ptisterioinfusum,
2454 2465 2579 2518 dum
2614 2463 2940 2533 Spit-italiter
2968 2461 3189 2516 exhibet
3213 2463 3503 2532 ipsummet

1917 2564 2256 2624 unguentum
2284 2555 2561 2625 spiritale,
2612 2555 2821 2609 scilicet
2851 2554 3136 2609 Dominum
3167 2555 3233 2609 ad
3274 2564 3502 2609 mortem

1919 2662 2088 2717 usque
2115 2648 2460 2714 demersum;
2491 2647 2763 2717 siquidem
2807 2647 3084 2702 lavacrum
3130 2647 3232 2701 hoc
3269 2655 3499 2700 mortem

1916 2739 2207 2810 signiﬁcat,
2240 2750 2295 2796 et
2320 2740 2468 2795 illum
2500 2742 2591 2811 qui
2627 2740 2831 2795 invicto
2871 2756 2973 2796 suo
3012 2741 3296 2805 descensu,
3328 2754 3437 2809 quo
3470 2752 3503 2792 ι

1918 2842 2091 2888 morte
2114 2834 2363 2903 superari
2404 2848 2509 2887 non
2538 2832 2732 2903 potuit,
2764 2832 2817 2886 in
2848 2842 3020 2888 morte
3058 2848 3157 2887 sua
3203 2831 3503 2901 baptizatos

1918 2924 2169 2980 attraxit.
2198 2926 2471 2979 Arcanum
2497 2940 2663 2993 porro
2690 2934 2846 2979 vocat
2874 2924 3179 2990 oraculum,
3209 2925 3334 2994 quia
3364 2921 3504 2976 ntul-

1921 3017 2134 3072 titudini
2164 3017 2375 3072 occulta
2403 3026 2522 3072 erat
2551 3016 2691 3071 ratio
2720 3014 3067 3086 baptismatis
3096 3016 3320 3072 Christi.

2000 3111 2029 3185 ᾗ
2073 3113 2162 3169 XI.
2216 3113 2359 3180 Quin
2412 3112 2575 3166 etiam
2630 3110 2846 3179 ipsimet
2908 3106 3186 3179 baptizato
3241 3111 3501 3180 unguenti

207 3193 305 3246 τοῦ
334 3193 511 3265 μύρου
540 3174 721 3265 χρίσις
752 3198 853 3267 τὴν
880 3174 1503 3274 ὲπιφοίτησινθωρεέται
1528 3203 1624 3257 τοῦ
1648 3174 1814 3260 ΠνεύΣ

1923 3174 2108 3260 unctio
2140 3174 2316 3259 sancti
2355 3202 2594 3272 Spiritus
2636 3174 2888 3271 illapsum
2916 3174 3195 3273 elargitur,
3229 3174 3354 3255 dum
3400 3201 3504 3256 hoc

207 3301 421 3355 ματος,
461 3285 791 3359 δηλουμένου
826 3290 1077 3345 ἐντεῦθεν
1101 3334 1116 3357 ,
1162 3295 1283 3347 ἐπεὶ
1319 3294 1409 3348 διὰ
1454 3298 1553 3369 τῆς
1586 3298 1681 3352 τοῦ
1719 3299 1821 3371 μύ-

209 3398 306 3451 ρου
330 3379 569 3452 χρίσεως
590 3383 848 3455 ἐπιφοιτᾷ
869 3383 930 3437 τὸ
950 3380 1176 3457 Πνεῦμα
1197 3388 1257 3441 τὸ
1278 3389 1450 3457 ἆγιον.
1470 3389 1543 3442 Τὸ
1567 3390 1624 3445 δὲ
1649 3391 1720 3463 μύ
1730 3410 1820 3464 ρον

204 3473 361 3525 ἐστὶν
392 3475 423 3526 ὁ
457 3474 722 3552 Χριστὸς,
757 3477 839 3530 ὅτι
867 3479 961 3531 καὶ
987 3478 1078 3532 ὑπ’
1112 3480 1277 3534 αὐτοῦ
1306 3483 1370 3553 δὴ
1411 3483 1506 3537 τοῦ
1539 3485 1820 3558 ἀνθρωπο-

204 3571 445 3643 πρεπῶς
475 3572 554 3644 τῷ
587 3569 728 3645 ἁγίῳ
763 3570 1039 3647 [Ινεύματι
1078 3572 1539 3647 καθαγιασθέντος
1571 3577 1631 3630 τὸ
1664 3579 1818 3648 ἅγιον

206 3663 444 3737 Πνεῦμα
477 3669 793 3738 χορηγεῖται
822 3669 897 3733 ὡς
940 3670 1138 3722 οἰκεῖον
1178 3667 1363 3724 αὐτοῦ.
1395 3669 1604 3744 Ὠσπερ
1643 3670 1701 3725 δὲ
1726 3672 1818 3726 ἐπὶ

205 3758 320 3810 τῶν
347 3759 599 3827 ἀγγέλων
634 3760 913 3825 ούσιώδεις
957 3763 1245 3829 ἀκούοντες
1285 3764 1428 3831 ἕξεις
1450 3805 1465 3830 ,
1497 3767 1558 3818 οὐ
1600 3766 1818 3838 ποιότη-

204 3866 311 3915 τας
350 3850 553 3918 ἔξωθεν
585 3852 727 3906 κατὰ
765 3854 1110 3927 συμϐεϐηκὸς
1145 3858 1529 3931 ὲπιγινομένας
1555 3859 1815 3932 νοοῦμεν,

209 3943 400 4014 πολλῷ
453 3945 653 4014 μᾶλλον
681 3945 842 4001 τοῦτο
873 3949 966 4002 ἐπὶ
991 3950 1127 4004 Θεοῦ
1158 3953 1424 4023 νοήσομεν
1447 3970 1460 3983 ·
1498 3954 1558 4007 ού
1593 3953 1701 4025 γὰρ
1732 3954 1818 4009 δε-

209 4033 420 4107 ξόμεθα
449 4036 711 4107 ποιότητα
752 4038 1248 4110 ὲπισυμϐαίνουσαν
1272 4043 1372 4114 τὴν
1400 4042 1533 4109 ἕξιν,
1557 4043 1671 4097 ἀλλ’
1705 4044 1817 4110 ’ἐξιν

206 4126 453 4199 οὒσιώδη
484 4127 747 4199 θεότητος
769 4169 784 4194 ,
813 4132 913 4204 τὴν
943 4133 1187 4200 φυσικῶς
1230 4126 1459 4205 ἔχούσαν
1489 4137 1581 4206 ἀφ’
1617 4137 1817 4207 ἑαυτῆς

206 4218 283 4271 τὰ
317 4220 420 4290 τῆς
467 4219 801 4293 ἀγαθότητος
834 4224 1050 4278 ἅπαντα
1073 4264 1087 4289 ,
1114 4226 1319 4279 ὲπείτοι
1348 4244 1410 4296 γε
1439 4228 1532 4281 καὶ
1559 4229 1591 4302 ἡ
1626 4228 1817 4299 θεότης

208 4314 356 4384 αὐτὴ
392 4313 494 4367 οὐκ
524 4314 814 4369 αύτοουσία
843 4318 959 4371 ἐστὶ
982 4316 1077 4372 τοῦ
1104 4317 1261 4383 Θεοῦ,
1292 4318 1429 4374 ἀλλὰ
1456 4320 1582 4387 δόξα
1609 4339 1692 4386 τις
1718 4323 1817 4393 τῆς

208 4404 272 4455 οὐ
282 4402 405 4467 σίας
433 4403 622 4457 αὑτοῦ.

1922 3299 2083 3353 modo
2110 3314 2207 3367 per
2231 3296 2489 3367 unguenti
2520 3295 2830 3350 unctionem
2864 3294 3099 3364 Spiritus
3137 3303 3358 3350 sanctus
3401 3295 3500 3349 dc-

1920 3392 2181 3446 scendere
2220 3388 2579 3458 significatur.
2628 3386 2970 3457 Unguentum
3020 3397 3197 3440 autem
3248 3387 3501 3442 Christus

1920 3492 2023 3548 est,
2053 3482 2306 3552 quoniam
2354 3480 2422 3535 ab
2448 3480 2565 3550 ipso
2589 3494 2808 3549 quoque
2854 3480 3193 3549 humanitus,
3221 3496 3250 3532 a
3298 3480 3501 3548 Spiritu

1919 3586 2109 3631 sancto
2138 3573 2481 3629 sanctiﬁcato
2510 3571 2752 3643 Spiritus
2788 3582 3010 3628 sanctus
3040 3586 3297 3643 tanquam
3331 3572 3501 3642 ipsius

1920 3663 2157 3737 Spiritus
2206 3665 2459 3719 donatur.
2508 3661 2975 3730 Quemadmodum
3031 3672 3212 3716 autem
3260 3677 3386 3717 cum
3437 3662 3491 3717 in

1919 3756 2126 3828 angelis
2147 3754 2529 3811 substantiales
2547 3754 2764 3810 habitus
2785 3754 3056 3823 audimus,
3078 3768 3184 3810 non
3207 3754 3501 3825 qualitates

1919 3850 2263 3905 extrinsecus
2291 3863 2388 3918 per
2433 3846 2690 3903 accidens
2737 3848 3093 3903 advenientes
3123 3847 3501 3917 intelligimus,

1920 3942 2091 3997 multo
2148 3941 2321 4012 magis
2367 3940 2419 3995 id
2467 3942 2533 3995 de
2560 3939 2669 3995 Deo
2696 3941 3091 4010 cogitabimus;
3127 3954 3301 4010 neque
3352 3941 3500 3996 enim

1920 4035 2162 4090 habitum
2193 4049 2292 4104 pro
2339 4033 2600 4105 qualitate
2638 4032 2964 4087 accidentali
3004 4033 3334 4103 accipiemus
3357 4071 3373 4097 ,
3404 4033 3500 4086 sed

1921 4128 2163 4182 habitum
2188 4125 2533 4181 essentialem
2560 4126 2863 4182 divinitatis
2886 4166 2903 4191 ,
2941 4126 3031 4194 qui
3078 4124 3403 4179 naturaliter
3429 4138 3497 4177 ex

1919 4233 1978 4272 se
2007 4218 2205 4272 habeat
2233 4218 2416 4272 omnia
2445 4232 2564 4287 qua:
2594 4226 2722 4273 sunt
2750 4217 3030 4286 bonitatis,
3056 4214 3496 4285 quandoquidem

1919 4312 2032 4380 ipsa
2079 4325 2298 4381 quoque
2346 4309 2521 4365 deitas
2564 4309 2655 4365 hic
2702 4325 2809 4365 non
2866 4318 2949 4364 est
2991 4309 3221 4378 ipsamet
3266 4306 3501 4361 essentia

1920 4405 2035 4470 Dei,
2071 4405 2164 4459 sed
2198 4404 2515 4475 apparentia
2543 4404 2791 4474 quaedam
2818 4404 2987 4473 ipsius
3014 4402 3286 4459 essentia.

283 4495 313 4567 ᾗ
352 4495 472 4548 ΧΠ.
512 4494 793 4567 Ἐννόησον
822 4496 985 4552 πάλιν
1013 4497 1141 4553 ἄλλο
1163 4542 1177 4567 ,
1206 4501 1288 4555 ὃτι
1314 4501 1407 4555 καὶ
1432 4500 1562 4554 αὐτὸ
1588 4500 1650 4555 rb
1672 4501 1813 4556 θεῖον

1993 4494 2022 4568 §
2063 4496 2178 4553 XII.
2217 4497 2513 4553 Coitsidera
2545 4498 2725 4551 denuo
2770 4496 2954 4561 aliud,
2987 4504 3045 4549 ut
3086 4494 3251 4549 etiam
3298 4494 3503 4563 ipsum-

209 4585 603 4658 θυσιαστήριον
631 4590 690 4642 ὲν
721 4589 799 4661 τῷ
820 4592 984 4663 τιμίῳ
1002 4592 1314 4665 τελειοῦμεν
1343 4593 1682 4666 μύρῳ.Ἔστι
1711 4595 1821 4668 δὲὴ

210 4677 445 4750 τοιαύτη
474 4677 674 4749 θεωρία
690 4678 867 4752 ὑψηλὴ
891 4682 984 4734 καὶ
1005 4681 1343 4748 ύπερούσιος,
1360 4682 1453 4735 καὶ
1478 4683 1617 4753 ἀρχὴ
1641 4681 1822 4754 πάσης

214 4770 541 4841 ἁγιαστείας
563 4771 654 4824 καὶ
673 4772 1050 4846 τελεσιουργὸς
1070 4774 1314 4846 δύναμις·
1337 4777 1417 4829 ὅτι
1439 4793 1554 4839 πως
1582 4777 1675 4829 καὶ
1690 4775 1820 4830 αύτδ

211 4862 277 4917 rb
299 4863 577 4935 θειότατον
597 4862 980 4937 θυσιαστήριον
1005 4868 1033 4920 ὁ
1058 4865 1259 4937 Κύριος
1283 4867 1440 4940 ἡμῶν
1456 4867 1661 4939 Ἰησοῦς
1684 4870 1821 4940 Χρι-

212 4956 365 5021 στὸς,
395 4956 533 5026 πρὸς
568 4956 627 5011 ὃν
664 4956 808 5022 ἄπας
837 4959 962 5024 νοῦς
988 4959 1129 5024 θεῖος
1156 4961 1492 5034 ἀφιεροῦται.
1527 4963 1662 5016 Τότε
1684 4962 1811 5035 γὰρ,

211 5051 387 5121 φησιν
408 5051 437 5102 ὁ
468 5050 653 5114 Δαυῖδ,
676 5051 1003 5121 ἀνοίσομεν
1031 5052 1129 5105 ἐπὶ
1156 5055 1218 5107 τὸ
1242 5053 1677 5123 θυσιαστήριόν
1698 5072 1816 5109 σου

204 5145 494 5215 μόσχους
512 5182 529 5209 ,
559 5145 686 5209 τοὺς
715 5144 891 5210 θείους
915 5144 1116 5218 δηλαδὴ
1146 5146 1271 5211 νόας
1300 5146 1495 5217 λέγων.
1539 5147 1626 5211 Ὠς
1654 5146 1762 5218 γὰρ
1789 5148 1818 5200 ὁ

214 5238 427 5310 μόσχος
470 5232 763 5308 ἀφιεροῦτο
811 5235 874 5290 rb
927 5238 1195 5303 παλαιὸν,
1245 5238 1389 5294 οὕτω
1444 5239 1538 5293 καὶ
1583 5240 1633 5293 οἱ
1683 5241 1818 5293 θεῖοι

210 5331 340 5393 νᾶες
387 5326 742 5401 ἀφιεροῦνται
786 5327 939 5400 Θεῷ,
978 5330 1035 5383 ὲν
1064 5322 1109 5397 ᾧ
1144 5330 1245 5402 τὴν
1288 5332 1655 5404 προσαγωγὴν
1699 5330 1818 5403 ἔχο-

214 5438 345 5495 μεν,
387 5422 607 5484 πάντως
630 5420 1080 5493 ὁλοκαυτούμενοι
1114 5422 1392 5494 μυστικῶς
1413 5440 1427 5453 ·
1459 5426 1492 5496 ἡ
1518 5424 1627 5497 γὰρ
1649 5439 1819 5497 προσ-

215 5512 418 5583 αγωγὴ
462 5514 555 5567 ἐπὶ
579 5513 688 5567 τῶν
713 5516 973 5588 ἐμψύχων
999 5516 1198 5571 θυσιῶν
1217 5514 1435 5587 λέγεται
1458 5556 1473 5582 ,
1514 5519 1571 5572 ὲν
1597 5510 1641 5586 ᾧ
1660 5516 1819 5585 ἁγιά-

218 5606 408 5671 ζονται
438 5606 637 5661 πάντα.
672 5608 797 5674 Πῶς
824 5609 886 5663 τὸ
918 5608 1161 5665 τοιοῦτον
1188 5609 1569 5685 θυσιαστήριον
1594 5609 1700 5667 ὑπὸ
1723 5608 1818 5666 τοῦ

302 5788 328 5828 ⁸
354 5786 479 5843 I‘sal
529 5803 580 5849 ι..
609 5785 698 5842 ει.

1932 4601 2042 4644 ιιιει
2079 4589 2250 4644 altare
2291 4590 2533 4643 divinum
2567 4589 2807 4658 pretioso
2857 4587 2948 4641 illo
2991 4597 3263 4655 unguento
3298 4602 3499 4642 consc-

1928 4695 2165 4736 cremus.
2196 4681 2297 4735 Est
2342 4690 2523 4735 autem
2571 4685 2686 4735 haec
2736 4678 3122 4749 contemplatio
3164 4680 3413 4735 sublimis
3448 4692 3504 4736 et

1927 4773 2384 4844 supernaturalis,
2412 4782 2466 4829 et
2491 4774 2642 4842 origo
2677 4772 2854 4827 omnis
2884 4772 3331 4828 sanctiﬁcationis
3353 4814 3368 4839 ,
3392 4775 3505 4828 vir-

1927 4875 2122 4935 tusque
2158 4865 2489 4934 perfectiva;
2538 4864 2792 4935 quoniam
2845 4864 3019 4933 ipsum
3061 4878 3278 4933 quoque
3330 4865 3506 4921 altare

1925 4958 2322 5014 divinissimum
2382 4966 2466 5011 est
2509 4954 2771 5009 Dominus
2813 4965 2999 5009 uoster
3036 4952 3196 5009 Jesus
3228 4954 3500 5018 Christus,

1919 5052 1973 5107 in
2002 5067 2111 5121 quo
2140 5052 2319 5105 omnis
2343 5064 2497 5103 mens
2526 5048 2706 5101 divina
2737 5046 3129 5101 sanctiﬁcatur.
3166 5045 3311 5100 Tunc
3336 5047 3501 5110 enim,

1918 5145 2091 5217 inquit
2115 5142 2305 5207 Davitl,
2334 5142 2657 5211 imponemus
2687 5152 2844 5209 super
2877 5138 3047 5193 altare
3068 5151 3215 5191 tuum
3237 5138 3428 5191 vitulos
3452 5137 3500 5200 ⁸,

1919 5237 2132 5293 divinas
2153 5234 2408 5290 nimirum
2435 5243 2647 5288 mentes
2677 5232 3006 5301 intelligens.
3032 5227 3499 5299 Quemadmodum

1920 5328 2062 5385 enim
2102 5327 2301 5382 vitulus
2340 5325 2473 5380 olim
2498 5322 2967 5388 sanctiﬁcabatur,
2999 5322 3071 5374 ita
3105 5321 3269 5374 etiam
3302 5317 3498 5372 divina:

1927 5429 2155 5487 mentes,
2188 5418 2419 5489 mystice
2455 5418 2506 5472 in
2530 5414 2833 5470 holocausti
2874 5426 3077 5467 morem
3124 5410 3341 5478 penitus
3368 5422 3497 5461 cou-

1928 5522 2197 5576 crematas,
2234 5518 2623 5567 consecrantur
2649 5506 2781 5575 Deo,
2806 5507 2860 5561 in
2885 5521 2994 5577 quo
3014 5515 3298 5558 accessum
3328 5500 3497 5555 babe-

1929 5622 2079 5674 mus;
2109 5605 2363 5678 quoniam
2392 5601 2645 5658 adductio
2669 5600 2912 5655 vivarum
2937 5596 3273 5653 victimarum
3299 5590 3494 5649 dicitur
