3874 6228
3382 290 3486 347 502

190 294 307 351 5m
1286 294 1374 350 DE
1408 294 1689 352 ECCLES.
1725 266 2123 361 manutch
2158 264 2409 352 carfv.

187 410 261 464 ιν
314 411 440 473 ταῖς
486 384 612 481 ἤδη.
635 410 763 482 παρ’
807 409 965 483 ἡμῶν
990 386 1332 483 ύμνημέναις
1361 414 1688 485 ίεραρχίαις,
1725 414 1797 476 ὼς

1905 416 2083 471 ontnis
2138 415 2469 475 liierarcltim
2514 398 2852 469 divisionem
2902 411 2954 465 in
2996 407 3325 465 ltierarcliiis
3373 406 3440 460 iis
3470 448 3484 469 ,

185 500 384 573 οἶμαι,
430 501 613 565 καλῶς
651 501 982 575 ὲξεθέμεθα,
1023 505 1294 574 φήσαντες
1332 504 1408 569 ὡς
1448 505 1628 577 ήκαθ’
1656 507 1797 577 ἡμᾶς

1908 522 2047 576 quas
2071 510 2280 577 pridem
2324 506 2745 570 celebravimus,
2776 518 3019 575 congrue
3048 500 3206 566 satis,
3238 499 3315 553 uti
3340 512 3487 566 reor,

190 596 333 667 ἱερὰ
359 595 665 666 παράδοσις
693 595 805 666 ἔχει
841 597 1022 649 πᾶσαν
1062 596 1381 668 ίεραρχικὴν
1423 597 1804 669 πραγματείαν

187 692 290 748 εἰς
322 684 432 748 τὰς
471 685 759 749 θειοτάτας
787 686 831 718 ⁸⁸
869 686 1091 751 τελετὰς
1135 686 1486 758 διαιρεῖσθαι,
1537 689 1631 743 καὶ
1676 691 1804 753 τοὺς
1836 678 1837 681 ¹

186 776 429 841 ἐνθέους
455 776 637 829 αὐτῶν
662 777 1029 849 ἐπιστήμονας
1053 778 1148 833 καὶ
1175 777 1407 849 μύστας,
1437 778 1533 833 καὶ¹
1556 779 1681 843 τοὺς
1710 780 1802 833 ὑπ’

188 865 391 921 αὐτῶν
421 865 586 938 ἱερῶς
614 866 989 939 τελουμένους.

1908 600 2282 669 exposuimus,
2319 616 2442 655 cum
2486 600 2728 655 diximus
2777 595 3172 652 ltierarclticam
3220 593 3485 647 rationem

1908 706 2125 747 omnem
2161 693 2214 748 in
2263 694 2445 748 divina
2480 691 2735 762 mysteria
2778 704 2873 744 seu
2920 700 3079 741 sacra
3127 683 3316 749 dividi,
3348 694 3403 738 et
3433 685 3485 736 in

1908 796 2003 837 eos
2045 783 2135 852 qui
2176 796 2242 837 ea
2277 792 2462 836 tenent
2498 780 2897 848 enuntiautque
2923 775 3065 839 aliis,
3096 784 3263 844 atque
3310 775 3362 827 in
3393 790 3486 830 cos

1911 875 2001 942 qui
2036 876 2103 929 ab
2139 874 2249 930 illis
2280 874 2588 937 initiantur.

1789 1051 1817 1122 §
1854 1049 1933 1109 ll.

276 1207 495 1263 Οὐκοῦν
538 1211 574 1282 ἡ
604 1210 713 1282 μὲν
748 1209 1027 1280 ἁγιωτάτη
1056 1209 1101 1243 ⁵⁸
1123 1210 1231 1266 τῶν
1274 1213 1683 1286 ύπερουρανίων
1709 1215 1800 1266 ού-

194 1301 341 1355 σιῶν
394 1302 649 1373 ίεραρχία
690 1301 912 1374 τελετὴν
958 1303 1056 1373 μὲν
1100 1302 1212 1374 ἔχει
1258 1306 1356 1378 τὴν
1396 1307 1538 1363 κατὰ
1573 1307 1800 1378 δύναμιν

192 1391 419 1446 οἰκείαν
443 1392 582 1447 Θεοῦ
627 1394 723 1447 καὶ
760 1393 870 1446 τῶν
905 1393 1064 1447 θείων
1128 1395 1427 1468 ἀΰλοτάτην
1476 1398 1681 1469 νόησιν,
1709 1399 1804 1453 καὶ

191 1487 304 1556 τὴν
334 1486 436 1539 τοῦ
460 1486 729 1559 θεπιδοῦς
751 1485 1045 1559 ὁλόκληρον
1073 1490 1166 1543 καὶ
1188 1490 1289 1554 είς,
1313 1490 1652 1565 ὠςυέφικτὸν,
1683 1492 1805 1545 θεο-

198 1578 455 1649 μίμητον
502 1578 634 1644 saw
687 1580 1057 1649 φωταγωγοὺς
1100 1580 1158 1634 δὲ
1205 1582 1300 1635 καὶ
1348 1583 1486 1654 πρὸς
1508 1583 1606 1655 τὴν
1654 1583 1805 1655 ἱερὰν

193 1669 416 1741 ταύτην
451 1668 733 1724 τελείωσιν
767 1671 1079 1743 ἡγεμόνας,
1117 1671 1215 1737 τὰς
1259 1675 1390 1744 περὶ
1434 1673 1566 1728 Θεὸν
1592 1676 1799 1745 πρωτί-

1950 1212 2156 1284 itaque
2186 1214 2546 1271 sanctissimae
2594 1214 2814 1284 quidem
2866 1212 3337 1284 supercoelestium
3387 1226 3476 1267 es-

1904 1305 2200 1359 sentiarum
2234 1306 2554 1360 ltierarcltiae
2591 1321 2688 1375 pro
2720 1303 3133 1361 consecratione
3154 1315 3238 1362 est
3267 1304 3471 1360 intelli-

1904 1396 2083 1465 gentia
2112 1396 2200 1451 itla
2225 1412 2388 1466 quam
2418 1396 2661 1452 maxime
2698 1412 2728 1451 a
2765 1397 3000 1452 materia
3031 1408 3267 1463 semota,
3293 1412 3398 1465 qua
3427 1411 3489 1451 se

1909 1487 2185 1561 Deumque
2205 1500 2424 1556 norunt,
2453 1500 2617 1561 atque
2649 1490 3041 1546 deil‘ormitatis
3067 1490 3292 1560 integer,
3322 1505 3491 1561 quan-

1909 1590 2106 1651 tusque
2158 1585 2436 1652 possibilis
2484 1594 2595 1652 est,
2643 1583 2838 1640 divina:
2892 1583 3214 1639 imitationis
3265 1592 3480 1638 status:

1905 1671 2317 1731 illuminatores.
2337 1692 2468 1731 vero
2507 1687 2564 1731 et
2605 1677 2673 1731 ad
2724 1676 3033 1732 istiusmodi
3081 1684 3488 1730 sacrosanctam

198 1777 341 1823 στας
378 1760 591 1825 οὐσίας·
631 1757 792 1817 αὗται
831 1763 942 1835 γὰρ
977 1765 1057 1827 εἰς
1095 1763 1195 1828 τὰς
1221 1765 1624 1837 ύποὸεϐηκυίας
1652 1767 1797 1840 ἱερὰς

1908 1766 2270 1823 imitationem
2302 1768 2471 1824 duces
2499 1777 2624 1825 sunt
2653 1769 2845 1839 primae
2882 1768 3002 1823 istae
3024 1767 3344 1822 substantiae
3365 1782 3488 1837 qua:

193 1852 391 1919 τάξεις
414 1853 750 1922 ἀγαθοειδῶς
777 1857 869 1909 καὶ
894 1854 1174 1925 ἀναλόγως
1214 1856 1672 1931 διαπορθμεύουσι
1695 1858 1796 1923 τὰς

194 1946 564 2017 δωρουμένας
608 1947 797 2012 αὐταῖς
841 1949 928 2001 ἀεὶ
970 1948 1295 2021 θεουργικὰς
1319 1950 1548 2019 γνώσεις
1574 1952 1681 2006 ὑπὸ
1699 1952 1798 2024 τῆς

196 2036 531 2102 αὐτοτελοῦς
546 2039 642 2092 καὶ
660 2039 1088 2109 σοφοποιούντων
1113 2041 1156 2073 ⁴⁷
1179 2040 1336 2095 θείων
1362 2042 1495 2096 νοῶν
1519 2042 1796 2114 Θεαρχίας.

196 2133 269 2182 Ai
292 2131 357 2183 δὲ
381 2130 494 2184 τῶν
516 2130 748 2203 πρώτων
769 2131 968 2186 οὐσιῶν
989 2133 1277 2204 ὑφειμέναι
1301 2134 1707 2206 διακοσμήσεις,
1723 2133 1799 2199 ὡς

194 2220 265 2273 δι’
292 2221 527 2275 ἐκείνων
554 2222 716 2292 ἱερῶς
738 2223 1070 2294 ἁναγόμεναι
1095 2223 1232 2294 πρὸς
1272 2223 1371 2295 τὴν
1404 2223 1661 2297 θεουργὸν
1700 2225 1829 2297 τῆς,

196 2311 471 2383 θεαρχίας
493 2311 781 2384 έλλαμψιν,
825 2315 882 2368 αἰ
928 2312 1244 2385 τελούμεναι
1270 2314 1457 2382 τάξεις
1480 2316 1586 2369 εἰσί
1620 2333 1679 2369 τε
1705 2316 1799 2370 καὶ

195 2403 426 2474 ἀληθῶς
467 2404 846 2477 ὀνομάζονται.
892 2406 1027 2460 Μετ’
1066 2385 1281 2479 ἐκείνην
1316 2407 1372 2460 δὲ
1407 2408 1505 2479 τὴν
1543 2407 1799 2478 οὐρανίαν

196 2495 297 2547 καὶ
343 2495 721 2567 ύπερκόσμιον
768 2495 1074 2569 ἱεραρχίαν,
1103 2498 1183 2560 εἰς
1224 2496 1293 2551 τὰ
1335 2496 1455 2551 καθ’
1481 2499 1629 2569 ἡμᾶς
1666 2500 1800 2568 ἁγα-

197 2586 574 2659 θουργικῶςὴ
602 2587 830 2659 θεαρχία
872 2588 972 2654 τὰς
1022 2589 1323 2660 ἱερωτάτας
1371 2589 1542 2660 αὐτῆς
1590 2590 1799 2663 δωρεὰς

196 2681 583 2752 προφέρουσα,
622 2681 836 2751 νηπίοις
881 2682 981 2753 μὲν
1020 2677 1160 2747 οὖσι,
1197 2682 1337 2737 κατὰ
1361 2683 1422 2736 τὸ
1443 2681 1643 2752 λόγιον,
1671 2682 1799 2737 ἐδω-

202 2774 415 2843 ρήσατο
466 2772 566 2845 τὴν
612 2773 769 2827 κατὰ
797 2773 958 2845 νόμον
1009 2775 1326 2845 ίεραρχίαν,
1376 2774 1645 2845 ἁμυδραῖς
1688 2773 1798 2828 τῶν

199 2865 424 2938 ἀληθῶν
474 2865 682 2932 εἰκόσι,
744 2867 839 2921 καὶ
898 2867 1272 2939 ποῤῥωτόιτοις
1322 2867 1431 2921 τῶν
1476 2867 1797 2938 ἁρχετύπων

200 2960 634 3030 ἁπεικονίσμασι
654 3001 669 3025 ,
700 2961 794 3014 καὶ
827 2959 1227 3032 δυσθεωρήτοις
1256 2962 1397 3030 αίνίγ
1410 2978 1563 3032 μασι,
1590 2961 1685 3016 καὶ
1703 2960 1797 3015 τύ-

199 3072 326 3118 ποις
347 3058 457 3111 οὐκ
480 3054 820 3125 εύδιάκριτον
844 3054 1031 3126 ἔχουσι
1053 3055 1668 3128 τὴνέγκεκαλυμμένην
1694 3054 1794 3108 αύ-

1903 1859 2049 1914 circa
2090 1859 2259 1915 Deum
2290 1873 2616 1928 versantur;
2653 1862 2735 1916 liae
2764 1861 2909 1916 enim
2963 1860 3018 1916 in
3069 1860 3357 1917 inferiores
3400 1876 3487 1915 sa-

1903 1966 2028 2007 cros
2049 1952 2272 2008 ordines
2302 1953 2555 2025 benigne,
2580 1968 2678 2025 pro
2708 1953 2971 2023 cujusque
2998 1961 3157 2023 captu
3176 1994 3191 2019 ,
3224 1953 3488 2006 continuo

1905 2044 2130 2099 deiﬁcas
2156 2044 2415 2100 scientias
2443 2045 2715 2110 derivant,
2743 2059 2881 2114 quas
2914 2044 3045 2112 ipsis
3073 2044 3369 2112 impertivit
3391 2058 3488 2112 per

1905 2154 1967 2193 se
1993 2140 2271 2208 perlectus
2301 2154 2366 2194 ac
2411 2137 2789 2209 sapientiﬁcns
2843 2136 2931 2191 ille
2971 2134 3279 2190 divinarum
3334 2149 3487 2188 men-

1908 2229 2039 2283 tium
2064 2230 2279 2285 divinus
2311 2228 2676 2300 principatus.
2716 2227 2890 2284 Porro
2933 2229 3125 2298 primis
3153 2227 3273 2281 istis
3309 2240 3488 2281 essen-

1910 2324 2000 2377 tiis
2048 2324 2283 2379 subditae
2342 2322 2751 2388 distinctiones,
2813 2331 3003 2391 utpote
3046 2335 3167 2390 quze
3218 2334 3314 2388 per
3367 2318 3487 2373 illas

1905 2425 2092 2469 sancte
2119 2415 2185 2469 ad
2215 2416 2469 2472 deiﬁcam
2494 2416 2662 2471 divini
2695 2415 3036 2485 principatus
3064 2413 3486 2467 illustrationem

1906 2506 2273 2571 adducuntur,
2307 2515 2597 2572 vocantur,
2617 2517 2672 2561 et
2699 2515 2828 2559 sunt
2858 2519 2986 2560 vere
3014 2504 3236 2560 ordines
3262 2501 3484 2557 initiati.

1908 2591 2216 2649 Secundum
2260 2594 2410 2649 illam
2442 2604 2627 2653 autem
2658 2594 2941 2651 caelestem
2969 2595 3281 2663 mundoque
3321 2607 3485 2663 supe-

1908 2684 2108 2741 riorem
2136 2686 2507 2743 blerarcbiam
2537 2687 2798 2742 divinitas
2825 2687 2879 2742 in
2912 2701 3011 2742 nos
3037 2686 3281 2742 beneﬁce
3305 2700 3489 2741 sacra-

1910 2778 2116 2831 tissima
2146 2792 2243 2832 sua
2272 2792 2501 2833 munera
2533 2778 2882 2850 depromens,
2915 2777 2983 2832 iis
3009 2777 3229 2846 quidem
3279 2777 3372 2845 qui
3410 2776 3491 2833 iu-

1908 2867 2083 2925 rantes
2112 2879 2287 2935 erant,
2316 2878 2368 2924 ut
2405 2870 2689 2940 Scriptura
2717 2878 2969 2937 testatur,
3007 2869 3232 2938 legalem
3263 2866 3487 2922 indulsit

1908 2960 2296 3028 ltierarcltiam,
2327 2961 2431 3016 sub
2454 2960 2689 3017 exilibus
2720 2960 2978 3015 nimirum
3019 2960 3308 3015 veritatem
3355 2959 3487 3012 ima-

1905 3051 2120 3120 ginibus
2166 3061 2332 3122 atque
2381 3051 2741 3119 simulacris;
2795 3067 2915 3122 qua:
2972 3050 3041 3105 ab
3082 3049 3488 3119 exemplaribus

198 3157 315 3218 τοῖς
361 3153 598 3227 θεωρίαν
645 3155 908 3226 ἀνάλογον
945 3156 1060 3226 φῶς
1085 3156 1152 3221 ⁴⁸,
1195 3156 1272 3220 ὡς
1311 3155 1592 3211 ἀσθενέσιν
1616 3156 1797 3228 ὕψεσιν

1908 3144 2201 3212 plurimum
2232 3144 2598 3212 dissidebant,
2630 3146 2994 3215 obscurisque
3026 3142 3407 3215 aznigmatibus
3433 3153 3488 3197 et

198 3246 461 3310 ἀϐλαϐῶς
488 3246 864 3317 ἑπιλάμψασα.
892 3247 1077 3321 Ταύτῃ
1098 3248 1156 3302 δὲ
1178 3251 1245 3320 τῇ
1268 3248 1408 3302 κατὰ
1430 3248 1589 3319 νόμον
1617 3249 1800 3321 ἱεραρ-

198 3341 315 3410 xii},
346 3339 544 3411 τελετὴ
593 3339 691 3411 μὲν
734 3342 768 3411 ἠ
814 3341 951 3412 πρὸς
994 3342 1094 3414 τὴν
1132 3341 1509 3413 πνευματικὴν
1545 3340 1799 3415 λατρείαν

197 3432 503 3502 ἀναγωγή-
547 3433 878 3503 χειραγωγοὶ
920 3432 977 3486 δὲ
1015 3433 1152 3505 πρὸς
1188 3432 1391 3505 ταύτην
1425 3434 1476 3485 οί
1514 3432 1613 3505 τὴν
1635 3433 1800 3503 ἁγίαν

198 3524 424 3595 ἐκείνην
468 3523 673 3594 σκηνὴν
722 3525 827 3578 ὑπὸ
868 3522 1112 3587 Μωσέως
1156 3522 1317 3595 ἱερῶς
1346 3524 1677 3596 μυηθέντες,
1703 3523 1797 3578 τοῦ

199 3612 425 3686 πρώτου
463 3613 574 3666 τῶν
610 3612 753 3666 κατὰ
797 3612 960 3684 νόμον
1001 3612 1271 3685 ίεραρχῶν
1300 3613 1502 3684 μύστου
1541 3616 1637 3668 καὶ
1667 3617 1798 3686 ἡγε-

203 3702 388 3771 μόνος·
433 3701 571 3772 πρὸς
613 3700 680 3773 ἠν
720 3700 872 3772 ἱερὰν
899 3700 1101 3772 σκηνὴν
1125 3703 1503 3773 εἰσαγωγικῶς
1547 3706 1799 3777 ἱερογρα-

199 3790 319 3859 φῶν
347 3792 451 3863 τὴν
476 3790 619 3845 κατὰ
644 3792 807 3862 νόμον
833 3794 1132 3865 ίεραρχίαν,
1160 3794 1343 3848 είκόνα
1364 3794 1533 3851 τύπου
1558 3796 1798 3868 δειχθέν-

197 3901 290 3946 τος
340 3882 495 3954 αύτῷ
536 3884 679 3938 κατὰ
702 3885 762 3938 τὸ
804 3886 1019 3939 Σιναῖον
1046 3884 1091 3919 ⁸⁸
1133 3886 1259 3959 ὅρος
1283 3887 1467 3942 ἐκάλει
1508 3889 1687 3942 πάντα
1728 3889 1801 3944 τὰ

200 3979 348 4032 κατὰ
385 3978 481 4031 τὸν
521 3979 682 4050 νόμον
724 3979 1169 4052 ἱερουργούμενα.
1212 3981 1536 4054 Τελούμενοι
1564 3985 1610 4017 ³⁰
1645 3983 1704 4039 δὲ
1746 3987 1797 4040 οἱ

200 4070 343 4142 πρὸς
360 4070 473 4123 τῶν
502 4071 741 4143 νομικῶν
768 4072 1048 4142 συμϐόλων
1071 4073 1348 4144 ἀναλόγως
1369 4075 1688 4129 ὲπιτελεωτέ
1698 4093 1797 4149 ραν

203 4163 415 4235 μύησιν
441 4166 789 4236 ἀναγόμενοι.
816 4169 925 4240 Τὴν
951 4167 1289 4240 τελειοτέραν
1312 4168 1368 4221 δὲ
1396 4168 1603 4239 μύησιν
1626 4172 1660 4241 ἡ
1688 4169 1801 4224 θεο-

201 4256 367 4325 λογία
388 4256 489 4327 τὴν
518 4255 641 4310 καθ’
670 4258 818 4329 ἡμᾶς
866 4258 1150 4331 ίεραρχίαν
1175 4259 1359 4330 φησὶν,
1406 4260 1795 4333 ἀποπλήρωσιν

201 4348 381 4419 αὐτὴν
417 4348 632 4421 ἐκείνης
671 4350 1019 4404 ἀποκαλοῦσα
1044 4352 1137 4404 καὶ
1162 4349 1311 4422 ἱερὰν
1338 4350 1509 4423 λῆξιν.
1545 4353 1698 4405 Ἔστι
1737 4353 1797 4407 δὲ

200 4443 298 4495 καὶ
323 4442 555 4514 οὐρανία
577 4444 671 4496 καὶ
692 4444 890 4515 νομικὴ
918 4442 1249 4507 κοινωνικῶς
1283 4446 1351 4516 τῇ
1393 4445 1665 4517 μεσότητι¹
1685 4446 1797 4501 τῶν

1906 3238 2115 3305 tiguris,
2145 3253 2268 3309 qua:
2302 3248 2551 3309 opertam
2589 3253 2689 3293 nec
2720 3238 2797 3293 ita
2831 3236 3049 3293 facilem
3077 3237 3375 3304 dijudicatu
3405 3235 3487 3290 in-

1906 3330 2261 3401 telligentiam
2306 3331 2611 3398 habebant,
2664 3331 2849 3386 lumen
2892 3331 2959 3387 iis
2990 3328 3483 3400 proliortionatum,

1906 3434 2165 3494 tanquam
2195 3425 2654 3482 imbecillioribus
2683 3426 2879 3494 oculis,
2911 3425 3146 3481 innocue
3173 3423 3483 3480 aﬂ‘undens.

1903 3515 2072 3585 llnjus
2105 3524 2285 3570 autem
2316 3515 2507 3586 legalis
2534 3517 2862 3573 bierarcliiie
2892 3516 3212 3587 mysterium
3238 3514 3486 3568 introdu-

1902 3608 2011 3662 ctio
2043 3608 2289 3677 quaadam
2320 3607 2421 3663 fuit
2450 3608 2520 3664 ad
2551 3609 2757 3665 cultum
2790 3608 3115 3680 spiritalem.
3161 3608 3340 3663 Duces
3365 3608 3486 3677 ejus

1900 3700 2228 3755 exstiterunt
2264 3700 2299 3755 ii
2336 3702 2430 3771 qui
2479 3702 2622 3757 sacri
2669 3702 2820 3757 illius
2870 3688 3209 3756 tabernaculi
3258 3700 3421 3755 ritum
3454 3716 3483 3753 a

1900 3790 2105 3864 lloyse,
2148 3791 2327 3862 primo
2349 3790 2485 3864 legis
2517 3792 2838 3862 pontiﬁcum
2867 3792 3091 3847 doctore
3116 3805 3180 3845 ac
3204 3792 3362 3856 duce,
3395 3789 3482 3845 di-

1900 3883 2147 3938 dicerant
2173 3899 2189 3937 :
2221 3885 2312 3954 qui
2345 3885 2413 3941 ad
2444 3899 2663 3941 sacrum
2695 3885 2829 3941 illud
2876 3883 3293 3940 tabernaculum
3323 3885 3484 3939 insti-

1903 3977 2125 4033 tutionis
2152 3993 2315 4034 causa
2359 3978 2729 4040 bierarchiam
2782 3979 2919 4051 legis
2952 3978 3114 4052 233
3145 3979 3482 4045 describens,

1899 4070 1967 4123 ad
1989 4069 2340 4139 exemplaris,
2376 4072 2519 4141 quod
2546 4071 2623 4127 illi
2658 4073 2713 4126 in
2746 4082 2933 4127 monte
2961 4071 3093 4127 Sina
3118 4082 3484 4131 monstratum

1900 4161 2114 4229 fuerat,
2153 4163 2444 4234 imaginem
2502 4173 2557 4219 et
2604 4165 2965 4220 imitationem
3017 4165 3243 4230 omnia,
3275 4180 3395 4234 qua:
3428 4165 3492 4245 in‘

1900 4257 2016 4323 lege
2047 4266 2235 4312 sancte
2263 4256 2486 4327 liebant,
2506 4257 2819 4314 revocabat.
2840 4257 3275 4314 Perﬁciebantur
3297 4268 3481 4311 autem

1901 4353 1960 4418 ii,
1988 4352 2079 4421 qui
2117 4365 2146 4404 ιι
2173 4351 2443 4422 ιοςοιίὺυς
2482 4351 2659 4421 signis
2713 4351 3014 4407 secundum
3071 4361 3288 4420 captum
3322 4364 3478 4405 suum

1902 4445 1968 4497 ad
1996 4442 2383 4513 perfectiorcm
2429 4442 2773 4512 disciplinam
2813 4442 3301 4514 promovebantur.
3350 4442 3483 4496 Per-

199 4512 939 4609 ἆκρωνήάντιλαμὸανομένη,
965 4540 1032 4609 τῇ
1060 4538 1157 4608 μὲν
1180 4512 1510 4592 κοινωνοῦσα
1531 4512 1654 4603 ταῖς
1675 4556 1794 4593 νοε-

1904 4512 2180 4590 lectiorem
2214 4548 2346 4590 vero
2369 4535 2749 4605 mysteriorum
2774 4512 3113 4605 disciplinam
3145 4550 3299 4589 Sacra
3333 4537 3483 4590 Scri-

202 4632 328 4711 ραῖς
358 4631 401 4660 ⁸¹
450 4628 737 4702 Θεωρίαις,
778 4632 844 4702 τῇ
869 4630 925 4683 δὲ
957 4631 1037 4683 ὅτι
1080 4631 1176 4683 καὶ
1202 4616 1491 4700 ωμὸόλοις
1515 4631 1796 4704 αἰσθητοῖς

200 4722 564 4783 ποικίλλεται,
595 4723 687 4775 καὶ
706 4722 772 4775 δι’
800 4722 979 4776 αὐτῶν
1008 4722 1172 4795 ἱερῶς
1204 4723 1299 4776 ἐπὶ
1332 4723 1394 4775 τὸ
1419 4723 1572 4779 Θεῖον
1594 4726 1811 4795 ἁνάγε-.

196 4833 311 4868 ται.
362 4815 438 4868 Τὸ
483 4815 703 4886 τρισσὸν
748 4815 805 4869 δὲ
850 4816 1110 4881 ὡσαύτως
1160 4816 1274 4887 ἔχει
1321 4818 1422 4889 τῆς
1470 4818 1794 4891 ίεραρχικῆς

197 4907 521 4979 διαιρέσεως
593 4949 609 4973 ,
636 4910 714 4973 είς
742 4907 841 4974 τὰς
864 4910 1170 4979 ἁγιωτάτας
1192 4909 1302 4965 τῶν
1323 4910 1554 4964 τελετῶν
1587 4914 1795 4986 ἱερουρ-

198 5002 330 5069 γίας
351 5001 725 5074 διαιρουμένη,
756 5004 852 5055 καὶ
876 5003 1003 5068 τοὺς
1040 5001 1295 5067 θεοειδεῖς
1327 5002 1436 5057 τῶν
1465 5003 1627 5075 ἱερῶν
1649 5007 1794 5077 ὑπη-

202 5093 390 5165 ρέτας,
440 5093 537 5147 καὶ
581 5096 707 5158 τοὺς
740 5096 831 5149 ὑπ’
870 5095 1050 5149 αὐτῶν
1090 5096 1367 5165 ἀναλόγως
1412 5096 1508 5149 ἐπὶ
1551 5095 1624 5150 τὰ
1671 5097 1800 5169 ἱερὰ

199 5188 666 5259 προσαγομένους.
698 5189 932 5261 Ἐκάστη
957 5188 1014 5241 δὲ
1038 5187 1150 5241 τῶν
1177 5187 1345 5259 τριῶν
1376 5187 1475 5259 τῆς
1502 5188 1620 5242 καθ’
1643 5190 1791 5260 ἡμᾶς

201 5278 492 5350 ίεραρχίας
515 5277 1183 5351 διαιρέσεως⁶²άκολούθως
1210 5282 1276 5351 τῇ
1299 5298 1360 5333 τε
1384 5284 1580 5352 νομικῇ
1607 5283 1701 5337 καὶ
1720 5286 1789 5355 τῇ

199 5372 457 5443 θειοτέρα
492 5372 602 5426 τῶν
645 5372 766 5426 καθ’
809 5375 955 5445 ἡμᾶς
983 5374 1256 5446 ίεραρχία,
1294 5371 1483 5445 πρώτη
1525 5374 1620 5426 καὶ
1648 5374 1789 5447 μέση

1898 4640 2060 4697 ptura
2083 4636 2327 4684 nostram
2356 4637 2519 4701 vocat
2548 4628 2919 4683 ltierarcltiam
2941 4666 2958 4694 ,
2991 4644 3117 4683 cum
3148 4628 3291 4684 hanc
3336 4631 3485 4685 illius

1897 4725 2428 4778 consummationem
2487 4736 2815 4790 sacrumque
2869 4720 3029 4776 linem
3085 4723 3353 4781 nominat.
3385 4722 3482 4778 Est

1899 4823 2081 4870 autem
2119 4814 2311 4869 eadem
2338 4814 2507 4869 etiam
2528 4813 2771 4871 cmlestis
2804 4823 2860 4868 et
2902 4813 3089 4885 legalis
3132 4816 3480 4870 communio-

1898 4923 1967 4962 ne
1989 4907 2222 4976 quadam
2254 4907 2445 4963 mediae
2470 4907 2802 4961 conditionis
2826 4921 2955 4973 suae,
2981 4922 3085 4978 qua
3111 4908 3478 4963 communicat

1898 5000 2184 5067 extremis,
2210 5016 2333 5055 cum
2364 4999 2453 5055 illa
2478 5001 2735 5054 nimirum
2767 4999 2824 5053 in
2856 4998 3193 5070 spiritalibus
3232 5010 3481 5057 contems

1897 5095 2270 5165 plationibus,
2289 5109 2415 5149 cum
2447 5094 2552 5148 bac
2579 5107 2713 5149 vero
2734 5091 3077 5148 sensibilium
3106 5093 3373 5148 varietate
3398 5091 3477 5147 si-

1898 5203 2151 5259 gnorum,
2182 5202 2278 5257 per
2306 5186 2614 5255 quaeetiam
2640 5185 2708 5241 ad
2734 5184 2984 5241 divinum
3011 5184 3219 5239 Numen
3244 5186 3475 5240 adduci-

1898 5289 2008 5334 tur.
2053 5278 2225 5334 Porro
2280 5278 2546 5348 triplicem
2599 5278 2770 5332 etiam
2833 5276 3002 5333 habet
3057 5277 3198 5333 sacri
3267 5278 3477 5332 ordinis

1897 5373 2361 5438 distributionem,
2402 5382 2671 5442 quatenus
2698 5368 2958 5425 dividitur
3000 5369 3057 5425 in
3099 5370 3476 5427 sanctissimas

1520 5556 1755 5615 VARIxE
1790 5556 2195 5615 LECTIONES.

270 5696 321 5727 ⁸⁵
345 5696 665 5760 όσιιιιτάτας,
696 5695 764 5749 Μ.
796 5695 857 5749 D.
887 5695 987 5749 Clt.

1087 5696 1132 5731 ⁵⁸
1158 5699 1447 5769 ἱερωτάτη,
1475 5699 1535 5753 D.

205 5767 248 5803 ιι
276 5769 444 5835 Eni,
479 5767 543 5821 ιι.

1636 5699 1679 5730 ⁸⁷
1709 5701 1998 5769 σοφοποιοῦ
2025 5701 2153 5754 τῶν.
2231 5702 2275 5732 ⁸³
2306 5702 2563 5771 ἀνάλογον
2609 5700 2670 5755 τὸ
2697 5703 2754 5756 ὲν
2792 5702 2981 5765 αὐταῖς
3008 5699 3145 5771 φῶς,
3168 5700 3269 5756 Clt.
3307 5700 3367 5757 Ι).
3401 5702 3468 5759 Μ.

661 5768 705 5800 ⁵ο
736 5766 1146 5841 προτελούμενοι
1168 5809 1182 5836 ,
1210 5766 1289 5824 Μ.
1322 5780 1375 5827 et
1404 5766 1526 5827 mox
1553 5766 1884 5843 ἀναγόμεθα.

1994 5774 2033 5804 δ¹
2067 5774 2281 5844 νοηταῖς
2306 5813 2318 5840 ,
2346 5774 2444 5829 Glt.
2473 5776 2595 5830 δαΐ.
2673 5775 2717 5806 ⁸³
2748 5775 2867 5844 lege
2889 5772 3227 5845 διαιρέσεων.
