3874 6228
368 238 476 320 na:
1559 246 1618 301 s.
1656 243 1956 303 DlONYSll
1980 244 2447 307 summatm
2604 288 2613 299 .
3535 252 3655 315 ω

375 359 763 437 mysteriorum
799 364 1186 429 caeremonias,
1244 371 1407 434 atque
1456 362 1509 418 in
1539 363 1833 421 deiformcs
1866 383 1947 423 sa-

2069 370 2149 425 ιιαὶ
2180 368 2463 425 τελευταία
2503 368 2752 427 τάττεται
2777 372 3023 445 δυνάμει,
3062 372 3161 443 τῆς
3186 388 3246 429 τε
3283 372 3654 443 ίεροπρτποῦς

374 468 593 511 crorum
623 454 1000 520 administros,
1029 464 1085 512 et
1112 456 1168 511 in
1207 456 1329 511 illos
1369 456 1461 524 qui
1495 457 1564 510 ab
1595 457 1677 513 his
1701 459 1768 513 ad
1796 474 1953 514 sacra

2069 461 2353 531 ἀναλογίας
2380 462 2826 537 προμυθουμὲνη,
2854 467 2946 519 καὶ
2969 466 3067 537 τῆς
3090 465 3347 521 ἁπάντων
3373 465 3654 538 εὖκόσμου

375 545 573 615 cuique
625 549 980 617 congruentia
1022 559 1435 619 promoventur.
1470 550 1736 617 Quaelibet
1772 563 1953 606 autem

2069 556 2161 609 καὶ
2207 557 2348 611 κατὰ
2396 558 2550 625 τάξιν
2598 558 2919 631 ἐναρμονίου
2970 561 3063 615 καί
3099 558 3409 629 συνδετικῆς
3455 577 3649 614 κοινω-

373 649 441 691 ex
471 636 646 693 tribus
674 638 1000 694 bierarcliize
1027 648 1227 694 nostra:
1257 640 1644 709 partitionibus
1669 642 1735 695 ad
1770 643 1958 714 legalis
2064 648 2202 713 νίας.

372 734 427 779 et
447 726 583 792 ejus,
615 742 735 796 qua:
762 737 947 782 nostra
978 728 1082 783 hac
1111 728 1344 784 divinior
1377 740 1479 797 est,
1512 732 1833 788 liierarcliiae
1869 735 2305 801 siinilitmlmcm,
2350 740 2547 809 prima,
2606 751 2659 797 et
2696 744 2897 809 media,
2949 755 3007 800 et
3053 754 3295 800 extrema
3357 744 3652 805 statuitur.

372 836 498 877 cum
527 833 732 877 sanctae
760 825 1151 896 proportionis,
1202 836 1314 881 tum
1347 829 1746 886 venustissima:
1792 845 2005 901 suoque
2044 837 2221 890 ordini
2260 852 2531 908 (Ἦμεν-ηαξ,
2578 855 2643 895 ac
2694 852 2886 894 cuncta
2940 843 3319 896 connectentis
3364 837 3652 895 societatis

378 914 582 969 virtute
612 917 873 974 subnixa.

1933 1044 1959 1115 ς
1993 1040 2100 1101 Ill.

444 1224 806 1283 Sanctissiina
832 1225 1019 1293 Itaque
1046 1223 1438 1295 mysteriorum
1469 1226 1818 1281 consecratio
1842 1226 1956 1297 pri-

374 1334 517 1372 litant
554 1318 773 1386 quidem
806 1315 1066 1369 virtutem
1096 1313 1416 1369 deiformem
1451 1315 1645 1382 liabet,
1677 1331 1784 1387 qua
1830 1331 1956 1387 pro-

374 1411 531 1463 ianos
557 1408 731 1463 sacris
754 1408 975 1477 expiat;
1008 1406 1243 1461 mediam
1273 1421 1429 1474 vero,
1456 1423 1559 1477 qua
1594 1423 1687 1463 eos
1719 1409 1813 1479 qui
1841 1409 1954 1479 jam

2147 1224 2210 1278 Ἢ
2243 1224 2340 1298 μὲν
2367 1221 2459 1279 οὖν
2486 1226 2765 1296 ἁγιωτάτη
2788 1225 2899 1280 τῶν
2920 1224 3152 1280 τελετῶν
3180 1227 3460 1298 ἱερουργία
3498 1226 3652 1299 πρώ-

2061 1334 2161 1388 την
2191 1318 2287 1389 μὲν
2307 1316 2419 1386 ἔχει
2446 1316 2649 1389 θεοειδῆ
2670 1317 2897 1391 δύναμιν
2916 1318 3014 1390 τὴν
3035 1317 3186 1389 ἱερὰν
3206 1318 3317 1371 τῶν
3344 1318 3652 1373 ἀτελέστων

2066 1411 2353 1483 κάθαρσιν,
2384 1409 2556 1481 μέσην
2584 1410 2662 1473 δὲ,
2685 1410 2784 1482 τὴν
2825 1409 2933 1463 τῶν
2970 1408 3349 1481 καθαρθέντων
3383 1427 3649 1480 φωτιστι-

372 1499 573 1570 expiati
611 1510 737 1556 sunt
767 1499 1126 1554 illuminanda
1161 1499 1373 1565 initiat;
1420 1509 1752 1568 postremam
1803 1501 1957 1556 deni-

2069 1504 2167 1575 κὴν
2214 1502 2441 1574 μύησινο
2488 1503 2724 1572 ἐσχάτην
2752 1501 2828 1564 δὲ,
2861 1502 2954 1555 καὶ
2990 1500 3099 1554 τῶν
3141 1502 3421 1573 προτέρων
3448 1519 3651 1570 συγκε-

374 1608 497 1661 que,
531 1599 587 1645 et
611 1604 882 1645 summam
910 1590 1356 1661 praecedentium,
1381 1604 1487 1661 qua
1517 1592 1689 1646 sacris
1717 1592 1956 1647 initiatos

2069 1594 2469 1664 φαλαιωτικὴν,
2494 1594 2596 1665 τὴν
2630 1593 2740 1647 τῶν
2784 1592 3094 1664 μυηθέντων
3129 1593 3185 1645 ὲν
3220 1595 3501 1667 ἐπιστήμῃ
3538 1594 3654 1647 τῶν

373 1682 720 1751 propriarum
755 1682 1234 1735 consecrationum
1266 1680 1494 1736 scientia
1528 1692 1874 1737 consummat
1896 1697 1961 1738 ac

2069 1687 2274 1740 οἰκείων
2325 1688 2576 1759 μυήσεων
2626 1686 2926 1739 τελείωσιν.
2965 1686 3027 1738 Ἦ
3066 1684 3123 1738 δὲ
3171 1686 3280 1738 τῶν
3348 1687 3655 1757 ἰερουργῶν

381 1775 618 1843 perlicit.
670 1772 843 1829 Porro
901 1788 1183 1827 sacrorum
1242 1774 1617 1826 ministrorum
1675 1774 1960 1829 distinctio

2069 1777 2420 1849 διακόσμησις
2445 1778 2502 1830 ὲν
2536 1777 2633 1847 μὲν
2654 1778 2720 1847 τῇ
2747 1775 2975 1848 δυνάμει
3000 1778 3066 1849 τῇ
3094 1776 3283 1848 πρώτῃ
3306 1776 3395 1829 διὰ
3415 1776 3526 1829 τῶν
3553 1792 3653 1829 τε-

376 1869 579 1920 virtute
614 1866 785 1937 prima
819 1880 919 1936 per
948 1865 1207 1936 mysteria
1238 1864 1497 1933 profanos
1526 1868 1749 1934 expiat;
1782 1864 1959 1920 media

374 1972 505 2011 vero
531 1959 777 2028 expiatos
817 1958 1119 2021 illuminat,
1174 1968 1444 2027 postrema
1487 1958 1724 2027 demque
1772 1972 1953 2027 eaque

374 2064 630 2121 suprema
682 2064 969 2105 sacrorum
1031 2050 1415 2104 ministrorum
1469 2050 1667 2102 virtute
1713 2063 1831 2116 eos,
1861 2050 1954 2118 qui

376 2142 549 2196 divini
586 2141 811 2196 luminis
840 2140 1140 2213 participes
1171 2142 1302 2197 facti
1337 2151 1485 2208 sunt,
1529 2140 1766 2212 perfecta
1816 2143 1962 2197 visa-

381 2249 500 2289 rum
540 2234 965 2288 illustrationum
1018 2232 1249 2288 scientia
1285 2232 1540 2289 absolvit.
1597 2233 1797 2288 Eorum
1832 2248 1963 2289 vero

377 2326 470 2395 qui
508 2326 797 2380 initiantur
824 2326 906 2380 vis
927 2326 1105 2396 prima
1141 2334 1264 2391 est,
1291 2339 1412 2395 qua:
1460 2326 1750 2395 expiatur;
1786 2327 1961 2380 media

380 2424 507 2487 post
527 2417 917 2485 expiationem,
942 2430 1065 2486 qua:
1085 2416 1412 2483 illustratur,
1434 2425 1491 2473 et
1512 2420 1577 2471 ad
1599 2418 1961 2489 quorumdam

379 2519 853 2565 sacramentorum
898 2519 1260 2580 conspectum
1295 2510 1634 2577 admittitur;
1685 2523 1961 2580 postrema

381 2603 645 2672 denique,
673 2601 1005 2674 czetcrisque
1059 2602 1335 2668 divinior,
1379 2617 1444 2659 ea
1506 2618 1630 2673 quae
1678 2618 1963 2658 sacrarum

379 2710 517 2765 quas
540 2695 775 2766 percipit
803 2694 1230 2751 illustrationum
1278 2704 1703 2752 consummante
1731 2695 1962 2749 scicntia

2064 1867 2234 1921 λετῶν
2270 1867 2630 1940 ἀποκαθαίρει
2664 1868 2790 1930 τοὺς
2817 1867 3170 1931 ἀτελέστους⁶
3204 1868 3263 1919 ὲν
3298 1868 3364 1938 τῇ
3396 1866 3537 1938 μέσῃ
3570 1867 3653 1930 δὲ.

2065 1962 2391 2031 φωταγωγεῖ
2414 1960 2541 2023 τοὺς
2566 1958 2958 2029 καθαρθέντας·
2982 1960 3039 2013 ὲν
3064 1960 3266 2032 ἐσχάτῃ
3290 1958 3348 2012 δὲ
3374 1961 3467 2012 καὶ
3486 1961 3659 2031 ἀκρο-

2062 2054 2198 2124 τάτῃ
2237 2052 2347 2106 τῶν
2389 2052 2684 2124 ἱερουργῶν
2720 2053 3002 2124 δυνάμεων
3037 2052 3343 2107 ἀποτελειοί
3389 2055 3519 2117 τοὺς
3574 2053 3657 2125 τῷ

2066 2144 2194 2215 θείῳ
2221 2147 2361 2215 φωτὶ
2402 2146 2868 2218 κεκοινωνηκότας
2911 2147 2971 2199 ἐν
2991 2148 3112 2211 ταῖς
3133 2146 3240 2200 τῶν
3268 2145 3657 2220 θεωρηθεισῶν

2065 2239 2384 2310 ὲλλάμψεων
2406 2239 2858 2310 ἑπιστημονικαῖς
2877 2238 3220 2293 τελειώσεσιν
3244 2240 3311 2293 ⁸³.
3351 2241 3415 2293 Ἡ
3459 2240 3517 2294 δὲ
3544 2241 3659 2295 τῶν

2064 2331 2400 2403 τελουμένων
2438 2330 2664 2403 δύναμις
2706 2332 2738 2403 ή
2782 2331 2972 2404 πρώτη
3016 2332 3115 2403 μὲν
3143 2331 3289 2386 ἔστιν
3326 2334 3361 2405 ὴ
3391 2333 3661 2406 καθαιρο-

2069 2424 2225 2496 μένη’
2268 2423 2407 2496 μέση
2432 2424 2489 2479 δὲ
2514 2423 2653 2494 μετά
2675 2423 2773 2495 τὴν
2802 2422 3069 2495 κάθαρσιν
3107 2424 3140 2496 ή
3168 2425 3535 2497 φωτιζομένη,
3560 2427 3661 2481 καί

2065 2535 2228 2572 τινων
2273 2517 2434 2589 ἰερῶν
2472 2517 2817 2589 θεωρητικήο
2863 2516 3151 2571 τελευταία
3178 2517 3235 2571 δὲ
3280 2520 3373 2571 καὶ
3402 2517 3665 2589 θειοτέρα

2065 2611 2173 2664 τῶν
2205 2610 2380 2665 ἄλλων
2409 2611 2442 2681 ἡ
2471 2610 2580 2662 τῶν
2607 2609 2768 2679 ἰερῶν
2795 2608 3092 2680 φωτισμῶν
3112 2650 3126 2673 ,
3150 2603 3225 2661 ὧν
3252 2610 3496 2679 ἐγεγόνει
3521 2610 3666 2663 θεω-

2071 2704 2160 2776 Pb;
2179 2744 2193 2768 ν
2231 2700 2616 2773 ὲλλτ²ί¹·’ττ⁹)μιένη
2658 2701 2758 2774 τὴν
2785 2701 3138 2772 τελειωτικὴν
3163 2701 3494 2771 ἐπιστήμην.
3544 2701 3666 2771 Τῆς

380 2788 754 2844 collustratur.
815 2787 1037 2861 Triplex
1097 2789 1284 2860 itaque
1339 2790 1521 2843 virtus
1579 2789 1964 2859 mysteriorum

381 2893 588 2937 sancta:
616 2884 1054 2938 consecrationis
1082 2882 1355 2938 celebrata
1388 2890 1492 2949 est,
1539 2895 1664 2936 cum
1697 2896 1761 2935 ex
1812 2882 1965 2936 Scri-

384 2976 557 3046 pturis
586 2977 991 3032 ostenderimus
1024 2990 1238 3031 sacram
1274 2976 1493 3046 quidem
1524 2973 1617 3029 Dei
1674 2988 1965 3044 regenera-

2071 2797 2169 2868 μὲν
2190 2790 2281 2849 οὖν
2306 2794 2469 2863 ἁγίας
2489 2793 2597 2847 τῶν
2619 2792 2852 2847 τελετῶν
2880 2792 3191 2866 ἱερουργίας
3214 2794 3246 2864 ή
3274 2793 3474 2863 τρισσὴ
3497 2792 3669 2846 δύνα-

2072 2906 2161 2962 μις
2212 2888 2471 2960 ὕμνηται,
2512 2885 2615 2956 τῆς
2657 2886 2754 2958 μὲν
2796 2886 2945 2957 ἱερᾶς
2971 2884 3311 2954 Θεογενεσίας
3334 2885 3398 2937 ὲκ
3421 2884 3533 2937 τῶν
3569 2884 3670 2937 λο-

2068 2981 2201 3051 γίων
2247 2977 2659 3049 ἀποδειχθείσης
2704 2977 3026 3049 καθάρσεως
3069 2977 3163 3030 καὶ
3192 2976 3527 3046 φωτιστικῆς
3569 2975 3665 3029 ἐλ-

386 3068 588 3125 tioncm
640 3082 764 3124 esse
797 3069 957 3123 simul
983 3069 1350 3139 expiationem
1392 3077 1448 3122 et
1475 3066 1816 3136 splendorem
1845 3065 1965 3119 illu-

2069 3072 2325 3144 λάμψεως
2339 3089 2353 3104 ·
2381 3071 2480 3143 τῆς
2506 3069 2778 3137 συνάξεως
2802 3067 2859 3124 δὲ
2879 3070 2971 3123 καὶ
2990 3068 3197 3141 τῆςτοῦ
3221 3067 3393 3139 μύρου
3410 3067 3664 3139 τελετῆς,

384 3170 686 3228 ιιτειηιοηις
715 3161 1030 3232 mysterium
1060 3172 1241 3217 autent
1271 3174 1541 3231 synaxeos
1571 3170 1629 3215 et
1678 3161 1963 3231 unguenti,

2071 3161 2422 3233 τελειωτικῆς
2445 3159 2555 3214 τῶν
2577 3158 2876 3232 θεουργιῶν
2914 3156 3169 3228 γνώσεως
3196 3158 3292 3210 καὶ
3320 3158 3666 3228 ἐπιστήμης,

382 3254 752 3323 cognitionem
782 3268 904 3309 esse
931 3253 1097 3330 234
1131 3264 1292 3324 atque
1315 3253 1604 3309 scientiam
1635 3268 1758 3322 quae
1782 3252 1964 3307 divina

2069 3257 2138 3311 δι’
2164 3251 2231 3329 ἦς
2260 3254 2422 3326 ἱερῶς
2444 3256 2479 3327 ἡ
2501 3254 2638 3326 πρὸς
2658 3254 2758 3326 τὴν
2778 3250 3035 3323 θεαρχίαν
3059 3249 3302 3313 ὲνοποιδς
3325 3249 3373 3281 ⁸⁵
3396 3250 3667 3323 ἀναγωγὴ

383 3359 551 3415 opera
583 3356 946 3411 consummat,
998 3361 1096 3417 per
1120 3332 1307 3416 ‘quam
1340 3356 1694 3400 sacrosancte
1732 3345 1799 3398 ad
1831 3345 1965 3399 divi-

2072 3347 2164 3400 καί
2200 3346 2591 3419 μακαριωτάτη
2634 3344 2887 3398 κοινωνία
2927 3342 3406 3415 τελεσιουργεῖται.
3450 3341 3567 3394 Νῦν
3605 3341 3670 3397 δὲ

387 3453 515 3493 num
546 3439 914 3508 principatum
946 3450 1001 3492 et
1026 3438 1227 3493 unilica
1255 3437 1518 3502 adductio
1552 3445 1610 3491 et
1644 3436 1965 3491 beatissima

2071 3441 2170 3511 τὴν
2197 3440 2477 3512 ἱερατικὴν
2510 3438 2869 3509 διακόσμησιν
2904 3435 3032 3506 ἑξῆς
3059 3435 3395 3507 ἀφηγητέον,
3438 3436 3522 3498 εἰς
3557 3452 3669 3488 κα-

387 3535 449 3590 lit
478 3534 810 3587 communio.
838 3532 999 3611 Nunc,
1023 3543 1205 3588 autem
1230 3531 1489 3601 deinceps
1531 3532 1851 3601 exponenda
1884 3541 1965 3586 est

2075 3528 2337 3603 θαρτικὴν
2376 3530 2469 3584 καὶ
2508 3528 2841 3601 φωτιστικὴν
2877 3528 2973 3585 καὶ
3010 3524 3360 3595 τελειωτικὴν
3411 3525 3672 3591 εὐταξίαν

389 3623 670 3681 distinctio
693 3625 1061 3692 sacerdotum,
1090 3642 1212 3697 qua:
1243 3626 1298 3682 in
1330 3626 1579 3681 ordinem
1628 3625 1963 3697 expiantem,

2074 3628 2280 3698 διαιρου
2289 3627 2476 3701 μένην.

387 3715 749 3777 illustrantem
770 3759 786 3785 ,
819 3719 1297 3794 perﬁcientemque
1328 3719 1607 3775 dividitur.

1950 3906 1979 3978 ᾗ
2013 3906 2120 3970 ιγ.

462 4095 570 4155 Lex
604 4095 825 4165 quidem
868 4094 985 4150 hinc
1018 4104 1104 4149 est
1129 4107 1491 4151 sacrosancta
1516 4111 1744 4151 summa:
1784 4094 1970 4149 Deita-

394 4190 489 4254 tis,
531 4198 591 4246 ut
619 4204 718 4261 per
743 4188 918 4257 prima
952 4203 1075 4257 quae
1104 4198 1425 4257 sequuntur,
1457 4188 1523 4242 ad
1569 4186 1968 4243 divinissimam

388 4282 510 4351 ejus
541 4280 722 4336 lucem
750 4281 1111 4334 adducantur.
1156 4281 1351 4338 Annon
1421 4278 1710 4333 sensibiles
1751 4293 1970 4348 quoque

2145 4092 2359 4165 Θεσμὸς
2385 4091 2485 4162 μὲν
2503 4084 2655 4153 οὗτός
2683 4089 2799 4145 ἔπι
2816 4087 2916 4159 τῆς
2939 4085 3196 4158 θεαρχξας
3230 4085 3259 4141 ὁ
3295 4084 3579 4155 πανίερος,
3606 4085 3673 4143 τὸ

2075 4186 2165 4243 διὰ
2192 4185 2299 4241 τῶν
2328 4183 2560 4257 πρώτων
2586 4183 2656 4236 τὰ
2682 4180 2909 4253 δεύτερα
2948 4180 3082 4250 πρὸς
3102 4178 3162 4232 τὺ
3199 4176 3469 4233 θειότατον
3496 4176 3669 4248 αὐτῆς

2078 4277 2374 4348 ἀνάγεσθαι
2416 4277 2636 4347 φέγγος.
2663 4276 2733 4328 Ἦ
2783 4273 2905 4345 οὐχὶ
2955 4274 3051 4328 καὶ
3091 4272 3190 4336 τὰς
3242 4270 3509 4340 αἰσθητὰς
3558 4270 3672 4324 τῶν

388 4371 727 4428 substantias
760 4370 1154 4427 elementorqu
1190 4375 1470 4424 cernimus
1510 4370 1747 4437 primum
1780 4370 1846 4423 ad
1883 4384 1965 4433 ea,

2079 4372 2357 4443 στοιχείων
2381 4369 2567 4432 οὐσίας
2590 4367 2806 4441 ὁρῶμεν
2833 4367 2913 4430 εἰς
2935 4366 3004 4418 τὰ
3032 4364 3230 4436 μᾶλλον
3257 4364 3448 4426 αὐταῖς
3474 4378 3673 4430 συγγε-

391 4480 513 4534 quae
548 4464 681 4534 ipsis
709 4464 885 4534 magis
908 4473 1138 4533 cognata
1166 4471 1313 4530 sunt,
1339 4461 1625 4526 accedere,
1660 4475 1723 4515 ac
1759 4476 1856 4528 per
1880 4460 1970 4516 illa

392 4557 589 4612 deinde
623 4556 1006 4616 ellicacitatem
1030 4572 1186 4611 suam
1218 4556 1286 4611 ad
1314 4555 1419 4609 alia
1467 4553 1753 4608 derivare?
1779 4553 1974 4609 Merito

394 4647 561 4717 igitur
597 4649 777 4704 omnis
815 4664 942 4705 cum
992 4647 1286 4705 invisibilis
1332 4656 1445 4701 tum
1485 4645 1717 4701 visibilis
1772 4646 1973 4700 distin-

393 4741 592 4795 ctionis
624 4740 838 4795 initium
880 4754 946 4794 ac
986 4740 1145 4795 sedes
1190 4739 1258 4793 ad
1293 4753 1409 4803 eos,
1447 4738 1539 4807 qui
1590 4737 1975 4793 deil'ormiores

394 4842 544 4902 sunt,
574 4832 800 4891 deiﬁcos
845 4848 976 4889 suos
1008 4832 1193 4889 radios
1225 4832 1494 4901 permittit
1525 4833 1828 4900 pervenire,
1887 4844 1971 4885 at-

394 4940 502 4995 que
525 4938 623 4996 per
653 4924 796 4989 illos,
828 4934 1019 4995 utpote
1045 4926 1383 4995 limpidiores
1406 4924 1653 4994 spiritus,
1675 4935 1726 4979 et
1749 4926 1816 4979 ad
1843 4940 1974 4996 par-

397 5019 732 5089 ticipaudum
762 5018 1267 5087 traducendumque
1300 5019 1483 5074 lumen
1531 5018 1704 5087 magis
1727 5018 1973 5085 idoneos,

398 5109 750 5167 inferioribus
791 5125 890 5179 pro
941 5108 1159 5165 illorqu
1214 5110 1514 5181 capacitate
1574 5108 1864 5173 illucescit,
1918 5119 1976 5163 et

398 5211 642 5273 apparet.
678 5202 906 5259 Istorum
938 5202 1103 5273 igitur
1127 5212 1250 5267 est,
1295 5202 1387 5272 qui
1425 5203 1589 5273 primi
1628 5203 1799 5258 Deum
1849 5219 1975 5258 cer-

397 5306 552 5363 nunt,
586 5296 944 5367 sequentibus
971 5296 1090 5350 sine
1116 5296 1337 5363 invidia,
1373 5311 1469 5365 pro
1524 5297 1745 5352 modqu
1790 5296 1976 5366 cujus-

2077 4464 2305 4533 νέστερα
2344 4461 2560 4531 πρῶτον
2590 4458 2791 4522 ἰούσας,
2817 4458 2911 4511 καὶ
2931 4456 2997 4508 δι’
3026 4455 3245 4509 ἐκείνων
3266 4455 3349 4523 ἐφ’
3378 4451 3550 4525 ἕτερα
3568 4454 3675 4524 τὴν

2076 4555 2283 4607 οἰκείαν
2322 4550 2560 4615 διιούσας
2584 4551 2631 4583 ⁸⁸
2674 4550 2985 4620 ἐνέργειαν;
3016 4546 3255 4608 Εἰκότως
3280 4542 3371 4598 οὖν
3414 4546 3448 4615 ἡ
3484 4545 3674 4616 πάσης

2077 4648 2308 4717 ἀοράτου
2336 4646 2428 4700 καὶ
2451 4644 2649 4716 ὁρατῆς
2677 4641 2974 4713 εὐκοσμίας
3011 4640 3153 4713 ἀρχὴ
3184 4640 3276 4693 καὶ
3316 4637 3675 4708 ἰδρυσιςλείς

2076 4742 2202 4802 τοὺς
2224 4736 2654 4806 θεοειδεστέρους
2678 4732 2924 4804 πρώτους
2952 4731 3194 4787 ἐνδίδωσι
3214 4729 3311 4791 τὰς
3339 4726 3675 4798 θεουργικάς

2078 4832 2303 4893 ἀκτῖνας
2343 4828 2500 4891 ἱέναι,
2520 4825 2615 4879 καὶ
2636 4826 2704 4879 δι’
2731 4824 2975 4886 ἐκείνων,
3001 4823 3076 4886 ὡς
3097 4820 3473 4890 διειδεστέρων
3508 4819 3672 4880 νοῶν.

2083 4925 2176 4977 καὶ
2199 4924 2333 4998 πρὸς
2363 4921 2593 4997 μετοχὴν
2618 4917 2796 4989 φωτὸς
2833 4918 2931 4973 καὶ
2967 4914 3250 4987 μετάδοσιν
3276 4911 3495 4975 οἰκείως
3520 4912 3676 4983 ἐχόνο

2080 5036 2210 5081 των,
2252 5020 2330 5081 εἰς
2351 5018 2477 5080 τοὺς
2506 5014 2828 5086 ὑφειμένους
2861 5009 3137 5077 ἀναλόγως
3168 5007 3349 5069 αὐτοῖς
3372 5004 3672 5076 ὲλλάμπει,

2082 5111 2176 5167 καὶ
2220 5108 2578 5178 ἐπιφαίνεται.
2634 5104 2851 5159 Τούτων
2897 5099 2990 5156 οὖν
3037 5103 3153 5158 ἐστι
3199 5099 3310 5152 τῶν
3363 5096 3603 5170 πρώτων
3625 5097 3673 5127 ⁵⁵

2085 5202 2383 5255 θεοπτικῶν
2424 5200 2485 5253 τὸ
2520 5201 2632 5261 τοῖς
2663 5196 2937 5273 δευτέροις
2972 5192 3221 5263 ἀφθόνως
3254 5192 3313 5244 ὲν
3352 5187 3673 5261 συμμετρίᾳ

2082 5297 2147 5365 τῇ
2186 5294 2299 5347 κατ’
2337 5294 2529 5354 αὐτοὺς
2564 5290 2837 5358 ὑποδεῖξαι
2869 5287 2938 5343 τὰ
2974 5286 3111 5358 πρὸς
3143 5284 3321 5339 αὐτῶν
3357 5281 3522 5354 ἱερῶς
3552 5282 3675 5333 ἔτεο-

1711 5471 1940 5528 νΑιιΙιιΕ
1981 5471 2378 5527 LEtZTlliNES.

471 5654 515 5689 "
547 5656 905 5728 θεωρήσεσιν.
937 5654 1008 5711 Μ.
1041 5654 1129 5710 Sc.
1210 5656 1251 5687 ⁵³
1276 5655 1351 5723 ὡς
1376 5654 1639 5721 ἑνοποιός,
1679 5654 1749 5707 Μ.

1848 5655 1888 5684 ³⁸
1919 5651 2140 5721 διείσας,
2174 5653 2230 5707 l‘.
2268 5654 2329 5706 li.
2358 5652 2453 5708 Cll.
2539 5652 2579 5683 δε
2614 5649 2864 5723 πρώτως,
2890 5648 2949 5703 S.
2982 5646 3042 5703 D.
3074 5659 3123 5703 et
3171 5646 3321 5700 Vien-
