3874 6228
1262 336 1351 391 ως
1388 330 1673 391 ECCLES.
1711 325 2112 393 lliERARCH.,
2147 324 2299 382 CAP.
2342 324 2403 381 ν.

3362 312 3468 373 506

189 448 498 503 muOMa
531 449 649 509 θεία
672 449 948 522 θεάματα)
988 450 1081 505 ml.
1110 451 1171 504 τὸ
1205 451 1408 522 μυῆσαι
1438 448 1509 503 τὰ
1545 451 1785 521 ίεραρχι-

1894 465 2034 517 quc,
2067 446 2169 501 sibi
2202 451 2561 497 sacrosancte
2608 444 2893 508 perspecta
2930 433 3109 489 divina
3161 428 3468 500 spectacula

189 540 264 592 κὶι
314 541 425 594 τῶν
479 543 596 613 μετ’
647 545 960 616 ἐπιστήμης
1006 544 1356 615 τελειωτικῆς
1404 542 1473 595 τὰ
1519 540 1636 595 θεῖα
1686 540 1787 609 τῆς

189 634 313 685 κατ’
359 634 560 699 αὐτοὺς
612 636 893 709 ἱεραρχίας
944 639 1159 691 ᾶπαντα
1206 636 1387 699 καλῶς
1446 633 1785 706 μυηθέντων,

189 725 287 776 καὶ
319 726 421 798 τὴν
454 727 830 801 τελεσιουργὸν
862 730 958 783 τοῦ
996 731 1202 801 μυῆσαι
1238 728 1464 800 δύναμιν
1498 724 1791 798 προσειλη-

188 821 371 888 φότων
395 836 409 850 ·
448 821 545 875 καὶ
575 821 638 874 τὸ
674 822 993 892 μεταδοῦναι
1039 825 1163 879 κατ’
1211 823 1368 890 ἀξίαν
1418 820 1489 874 τὰ
1523 819 1645 891 ἱερά
1678 818 1787 872 τῶν

185 909 639 981 ὲπιστημονικῶς
661 915 755 966 καί
768 913 1081 988 ὁλοκλήρως
1116 913 1496 986 μετασχόντων
1519 912 1617 983 τῆς
1642 912 1685 963 ἱε
1695 926 1788 981 ρα-

186 1005 352 1075 τικῆς
381 1003 744 1071 τελειώσεως.

1891 541 2174 595 insinuare
2204 556 2215 591 :
2246 537 2445 591 docere
2476 534 2640 587 etiam
2667 546 2729 582 ea
2759 544 2879 598 qum
2907 525 3226 581 liierarcliiae
3252 521 3468 593 propria

1892 646 2037 697 stitit,
2074 648 2263 685 eorum
2304 640 2410 692 est,
2447 626 2539 697 qui
2584 640 2705 679 cum
2742 620 3056 691 perlicieute
3084 616 3310 671 scientia
3335 613 3473 669 divi-

1894 747 1963 784 na
1995 741 2223 798 qua’que
2275 723 2415 778 sacri
2450 722 2531 774 sui
2579 719 2787 771 ordinis
2835 714 3089 785 mysteria
3133 710 3300 775 probe
3345 716 3471 761 sunt

1892 824 2093 888 cdocti,
2148 826 2695 880 consummatatuque
2734 808 2963 862 docendi
3019 807 3155 860 alios
3208 804 3467 856 virtutem

1899 923 2269 987 acceperunt;
2304 917 2644 965 sacramenta
2680 919 2806 955 vero
2836 916 2935 971 pro
2958 898 3220 968 dignitate
3254 895 3469 949 tradere

1894 1012 2114 1065 illorum
2171 1016 2291 1068 est,
2345 1002 2436 1072 qui
2483 1004 2620 1053 scite
2665 1004 2830 1065 atque
2874 996 3083 1061 integre
3109 980 3469 1043 sacerdotalis

1805 1134 1813 1142 ~
1892 1100 2219 1158 initiatiouis
2250 1095 2546 1169 participes
2578 1088 2865 1145 exsistunt.

1768 1261 1927 1337 ιν..

258 1451 474 1507 Οἰκοῦν
521 1452 555 1524 ή
606 1452 727 1506 θεία
776 1452 885 1506 τῶν
938 1450 1209 1524 ίεραρχῶν
1252 1449 1408 1517 τάξις
1449 1447 1639 1521 πρώτη
1684 1446 1788 1516 μὲν

187 1543 307 1597 ἔστι
344 1543 453 1597 τῶν
476 1542 781 1597 θεοπτικῶν
812 1544 1040 1611 τάξεων,
1059 1544 1337 1615 ἀκροτάτη
1372 1542 1428 1594 δὲ
1461 1542 1555 1595 καὶ
1583 1541 1789 1611 ἐσχάτη

186 1636 355 1689 πάλιν
388 1638 423 1706 ἡ
458 1635 620 1706 αὑτὴ,
654 1637 747 1690 καὶ
780 1636 889 1708 γὰρ
920 1637 1001 1700 είς
1035 1636 1204 1708 αὐτὴν
1249 1634 1591 1690 ἀποτελεῖται
1617 1634 1660 1665 ⁸⁷
1694 1632 1788 1687 καὶ

186 1726 609 1828 ἁποπληροῦται
636 1729 782 1828 πάσα
798 1727 902 1828 τῆς
945 1726 1068 1782 καθ’
1101 1729 1247 1799 ἡμᾶς
1282 1726 1564 1800 ἱεραρχίας
1598 1727 1631 1796 ὴ
1664 1725 1783 1778 δια·
1819 1773 1859 1828 Β

186 1821 484 1891 κόσμησις.
533 1819 621 1883 Ὠς
652 1819 761 1893 γάρ
795 1820 1017 1875 ἃπασαν
1051 1820 1330 1891 ἱεραρχίαν
1351 1818 1567 1891 όρῶμεν
1590 1820 1669 1881 εἰς
1693 1817 1785 1871 τὸν

199 1911 413 1982 Ἰησοῦν
441 1913 984 1985 ἀποπεραιουμένην,
1011 1912 1185 1978 οὕτως
1220 1913 1457 1981 ἑκάστην
1491 1914 1573 1976 εἰς
1604 1912 1695 1965 τὸν
1716 1912 1789 1962 οἰ-

184 2008 336 2058 κεῖον
371 2003 555 2060 ἔνθεον
581 2006 863 2076 ἱεράρχην.
912 2006 976 2058 Ἡ
1006 2004 1063 2059 δὲ
1093 2006 1194 2077 τῆς
1231 2005 1550 2077 ίεραρχικῆς
1579 2003 1787 2069 τάξεως

182 2097 419 2168 δύναμις
473 2098 532 2150 ὲν
572 2100 775 2163 πάσαις
816 2101 989 2171 χωρεῖ
1017 2101 1138 2165 ταῖς
1186 2101 1359 2172 ἱεραῖς
1404 2101 1642 2169 ὀλότησι,
1693 2100 1788 2154 καὶ

181 2188 493 2247 διὰπασῶν
526 2189 633 2242 τῶν
669 2190 831 2260 ἱερῶν
862 2190 1070 2256 τάξεων
1101 2192 1313 2262 ἐνεργεῖ
1347 2191 1418 2245 τὰ
1448 2192 1546 2262 τῆς
1581 2193 1789 2257 οἰκείας

184 2282 482 2354 ἱεραρχίας
531 2285 835 2356 μυστήρια·
890 2284 1161 2355 ὲκκρίτως
1210 2284 1268 2338 δὲ
1314 2283 1453 2357 αὐτῇ
1506 2282 1659 2357 παρά
1690 2285 1788 2349 τὰς

182 2371 387 2437 λοιπὰς
413 2373 597 2441 τάξεις
629 2376 710 2440 εἰς
744 2374 1075 2445 αὐτουργίαν
1109 2378 1137 2429 ὁ
1170 2374 1314 2439 θεῖος
1354 2375 1557 2446 θεσμὸς
1591 2376 1789 2431 ἀπονε-

183 2465 399 2537 νέμηκε
433 2465 532 2530 τὰς
566 2467 841 2540 θειοτέρας
893 2468 1237 2540 ἱερουργίαςο
1272 2464 1431 2524 αὗται
1476 2468 1533 2522 δέ
1568 2469 1704 2520 εἰσιν
1734 2470 1788 2522 ai

181 2554 564 2629 τελεσιουργοὶ
596 2557 694 2629 τῆς
729 2557 1025 2629 θεαρχικῆς
1067 2557 1350 2629 δυνάμεως
1381 2557 1610 2621 εἰκόνες,
1654 2557 1791 2609 ἁπο-

181 2647 445 2702 τελοῦσαι
480 2650 526 2680 ”
562 2650 741 2704 πάντα
775 2649 846 2704 τά
878 2649 1135 2703 θειότατα
1183 2647 1427 2720 σύμϐολα
1461 2648 1555 2702 καὶ
1607 2647 1790 2711 πάσας

182 2738 285 2803 τάς
339 2739 493 2811 ἱεράς
541 2740 951 2813 διακοσμήσεις.
1003 2742 1067 2795 Εἰ
1112 2740 1223 2812 γὰρ
1258 2739 1523 2813 καὶπρὸς
1569 2739 1679 2792 τῶν
1716 2742 1793 2792 ἱε-

186 2827 332 2899 ρέων
397 2830 678 2884 τελοῦνταί
735 2848 858 2884 τινα
913 2830 1023 2885 τῶν
1092 2830 1404 2902 σεϐασμίων
1469 2830 1787 2900 συμϐόλων,

184 2916 305 2970 ἀλλ’
339 2916 401 2971 οὔ
455 2937 584 2973 ποτε
615 2922 715 2992 τὴν
769 2921 921 2994 ἱερὰν
966 2920 1306 2993 θεογενεσίαν
1339 2924 1367 2975 ὀ
1416 2922 1596 2994 ἱερεὺς
1638 2922 1789 2993 ἐνερο

186 3010 353 3081 γήσει
421 3011 514 3065 τοῦ
576 3012 854 3067 θειοτάτου
916 3014 1090 3086 μύρου
1142 3014 1345 3087 χωρὶς,
1385 3014 1506 3067 οὐδε
1566 3013 1636 3067 τὰ
1688 3014 1788 3084 τῆς

1966 1438 2287 1495 Pontificum
2315 1436 2501 1502 itaque
2532 1428 2749 1484 divinus
2784 1430 2918 1478 ordo
2948 1424 3153 1493 primus
3174 1430 3256 1475 est
3279 1432 3469 1474 eorum

1896 1534 2150 1588 ordinum
2184 1529 2275 1598 qui
2306 1529 2468 1580 licunt
2505 1524 2732 1585 vident,
2771 1522 3023 1586 idemque
3057 1526 3111 1568 et
3141 1526 3387 1566 summus
3417 1518 3474 1564 et

1896 1628 2138 1686 ulzimus,
2177 1623 2376 1691 quippe
2430 1621 2481 1673 itt
2535 1632 2643 1686 quo
2691 1624 2747 1670 et
2790 1611 3093 1666 absolvitur
3136 1618 3189 1662 ct
3220 1606 3472 1675 expletur

1891 1720 2071 1774 omnis
2112 1713 2440 1771 liierarcbiae
2488 1718 2689 1764 nostra:
2724 1704 3024 1760 distinctio.
3057 1699 3127 1756 Ut
3158 1699 3303 1754 enim
3355 1698 3472 1752 bie-

1890 1811 2163 1868 rarcliiatn
2215 1820 2433 1876 omnem
2482 1802 2730 1856 videmus
2763 1799 2817 1853 itt
2850 1794 3035 1850 Jesum
3071 1794 3323 1847 desinere
3346 1829 3362 1855 ,
3390 1790 3471 1845 sic

1890 1916 2331 1972 unamquamque
2361 1899 2414 1952 iii
2445 1911 2604 1950 suum
2645 1894 2887 1947 divinum
2920 1888 3252 1959 pontificem.
3303 1883 3472 1937 l’orro

1893 2001 2064 2050 virtus
2096 1994 2304 2047 ordinis
2336 1986 2664 2047 ltierarcliici
2701 1986 2752 2038 itt
2786 1989 2956 2039 sacris
2996 1981 3250 2035 omnibus
3281 1977 3474 2031 distiu-

1891 2088 2173 2142 rtionibus
2229 2083 2482 2152 capitur,
2526 2093 2581 2132 et
2631 2094 2728 2148 per
2776 2090 2967 2131 omnes
3011 2086 3198 2126 sacros
3250 2070 3472 2123 ordines

1894 2178 2222 2232 liierarcliize
2258 2189 2378 2243 qute
2408 2172 2508 2240 ipsi
2539 2168 2754 2241 propria
2790 2177 2874 2221 est
2918 2163 3177 2235 mysteria
3215 2158 3472 2231 perﬁcit;

1890 2286 2078 2324 verum
2132 2268 2259 2323 lmic
2291 2264 2626 2321 excellenter
2660 2277 2771 2331 pra-
2819 2259 3033 2313 cteteris
3086 2254 3372 2310 ordinibus
3414 2250 3469 2305 in

1890 2364 1974 2417 sui
2007 2360 2373 2416 ministerium
2408 2357 2593 2410 divina
2627 2354 2713 2408 lex
2759 2350 2933 2406 ollicia
2968 2346 3233 2402 diviniora
3282 2342 3474 2399 distri-

1889 2455 2031 2519 buit,
2057 2470 2176 2523 qua-
2210 2453 2466 2506 nimirum
2497 2457 2624 2503 sunt
2675 2445 2942 2513 imagines
2980 2441 3266 2515 principum
3311 2437 3475 2505 perli-

1890 2547 2085 2602 cientis
2131 2543 2353 2597 virtutis
2406 2542 2543 2603 Dei,
2589 2539 2787 2610 quibus
2843 2532 3182 2589 divinissinia
3245 2539 3473 2597 qua-que

1890 2637 2133 2713 symbula
2157 2649 2437 2704 sam-atque
2458 2632 2840 2689 distinctiones
2865 2640 3057 2681 omnes
3085 2633 3473 2676 consumman-

1892 2743 2001 2786 tur.
2040 2729 2193 2784 Licet
2225 2728 2373 2781 enim
2408 2741 2437 2779 a
2474 2721 2856 2778 sacerdotibus
2883 2714 3190 2771 veneranda
3222 2710 3474 2779 quaedam

1890 2832 2232 2877 sacramenta
2264 2819 2651 2876 conﬁciantur,
2687 2825 2965 2881 nunquam
3001 2816 3182 2859 tamen
3215 2802 3473 2857 sacerdos

1891 2916 2132 2969 divinam
2166 2912 2313 2967 illam
2352 2906 2831 2980 regenerationem
2864 2903 2987 2956 sine
3016 2895 3357 2951 divinissitno
3385 2891 3476 2946 illo

1893 3017 2171 3078 unguento
2209 3003 2633 3063 consummabit,
2665 3010 2843 3065 neque
2891 2994 3092 3048 divina:
3130 2986 3478 3045 cmmnunio-

184 3100 341 3165 θείας
393 3104 681 3167 κοινωνίας
732 3103 943 3158 τελέσει
995 3086 1273 3175 μυστήρια
1303 3143 1318 3165 ,
1379 3103 1451 3174 μὴ
1506 3102 1584 3173 τῷ
1645 3101 1785 3155 θειο-

1895 3106 1981 3159 nis
2008 3102 2265 3173 mysteria
2297 3095 2671 3160 consecraliit,
2708 3092 2812 3148 nisi
2857 3086 3259 3145 communionis
3289 3098 3477 3138 sacra.

2134 3197 2160 3206 ..
2211 3194 2221 3204 .
2272 3195 2278 3202 .
2351 3194 2361 3203 .
2511 3187 2666 3206 ΑΑ-
2720 3183 2874 3206 ηι.,,--ι
2925 3182 3120 3206 αξη-ι...
3182 3176 3432 3206 ξιιιηΛιιίισι

183 3192 338 3263 τάτῳ
375 3193 749 3267 θυσιαστηρίῳ
772 3195 881 3249 τῶν
911 3195 1243 3250 κοινωνικῶν
1272 3194 1629 3248 ὲπιτεθέντων
1657 3210 1785 3265 συμ-

1896 3209 2073 3252 menta
2116 3194 2460 3248 divinissimo
2510 3187 2671 3260 235
2716 3183 2876 3240 altari
2923 3182 3126 3235 fuerint
3182 3176 3471 3245 imp0sita,

184 3286 364 3339 ϐόλων
387 3303 401 3315 ο
440 3286 553 3340 ἀλλ’
588 3288 707 3343 οὐδὲ
753 3289 917 3353 αὐτὸς
965 3289 1145 3363 ἱερεὺς
1179 3288 1368 3351 ἔσται,
1408 3287 1483 3359 μὴ
1518 3288 1655 3359 πρὸς
1676 3286 1787 3339 τῶν

185 3377 529 3449 ἱεραρχικῶν
578 3379 912 3435 τελειώσεων
965 3382 1045 3445 είς
1111 3379 1272 3435 τοῦτο
1339 3379 1780 3451 κεκληρωμένος.

185 3468 356 3522 Ὅθεν
407 3471 444 3541 ἡ
495 3469 614 3524 θεία
663 3470 1025 3551 θεσμοθεσία,
1072 3473 1171 3545 τὴν
1224 3470 1334 3527 τῶν
1371 3469 1704 3545 ίεραρχικῶν
1738 3472 1782 3504 ⁵³

182 3560 396 3625 τάξεων
445 3562 797 3631 ἀγιαστείαν,
844 3564 938 3619 καὶ
984 3564 1085 3636 τὴν
1130 3563 1228 3619 τοῦ
1275 3563 1425 3617 θείου
1474 3564 1649 3636 μύρου
1699 3580 1791 3616 τε-

183 3649 433 3714 λείωσιν,
478 3653 572 3706 καὶ
604 3653 704 3726 τὴν
740 3652 891 3723 ἱεράν
923 3651 1019 3706 τοῦ
1070 3651 1460 3723 θυσιαστηρίου
1501 3650 1788 3722 τελετουρ-

184 3740 337 3807 τίαν,
372 3743 497 3805 ταῖς
527 3743 637 3795 τῶν
671 3743 870 3796 ἐνθέων
900 3741 1173 3817 ίεραρχῶν
1203 3740 1606 3813 τελεσιουργοῖς
1636 3742 1788 3796 δυνά-

189 3849 353 3902 μεσιν
389 3834 607 3900 ἐνιαίως
641 3835 1061 3909 ἀπεκλήρωσεν.

1894 3290 2025 3360 quin
2059 3301 2127 3341 ue
2159 3286 2417 3339 sacerdos
2448 3287 2665 3350 quidem
2699 3279 2805 3333 erit
2829 3316 2844 3342 ,
2892 3274 2995 3329 nisi
3032 3269 3328 3341 pontiﬁciis
3371 3266 3478 3321 ini-

1892 3383 2211 3436 tiationibus
2238 3385 2305 3432 ad
2342 3387 2544 3430 sortem
2576 3375 2738 3428 istam
2778 3370 2946 3424 fuerit
2987 3375 3290 3436 promotus.
3326 3362 3477 3428 Qua-

1892 3483 2114 3545 prepter
2149 3472 2232 3527 lex
2260 3471 2445 3524 divina
2478 3464 2945 3522 liierareiiicoruut
2987 3460 3240 3514 ordinum
3267 3454 3477 3511 Sancti-

1891 3569 2245 3629 licationcm,
2296 3575 2350 3619 et
2414 3559 2673 3630 unguenti
2730 3557 2902 3612 divini
2959 3552 3471 3617 consecrationem,

1890 3674 2219 3728 sacramque
2288 3656 2477 3710 altaris
2551 3650 2994 3707 benedictionem
3064 3643 3474 3715 perlicientibus

1889 3759 2200 3811 divinorum
2240 3750 2561 3823 pontilicum
2589 3745 2885 3802 virtutibus
2916 3741 3268 3811 singulariter
3313 3735 3476 3792 attri-

1890 3851 2035 3906 buit.

1773 4008 1939 4085 5V1.

258 4183 454 4236 Ἔστιν
486 4176 580 4235 οὖν
615 4182 649 4252 ἡ
684 4182 974 4255 ίεραρχικὴ
994 4184 1039 4216 ⁸ο
1068 4182 1221 4249 τάξις
1244 4223 1259 4248 ,
1299 4183 1333 4254 ἡ
1372 4181 1474 4253 τῆς
1510 4179 1781 4235 τελειωτι-

1959 4176 2055 4231 Est
2111 4175 2274 4244 igitur
2317 4169 2665 4241 pontiﬁcatus
2726 4182 2820 4222 seu
2888 4163 3235 4234 episcopatus
3278 4160 3458 4225 ordo,

183 4276 293 4348 κῆς
316 4276 603 4345 δυνάμεως
640 4252 1102 4349 ἀναπεπλησμένῃ
1124 4318 1139 4342 ,
1185 4276 1255 4331 τὰ
1292 4252 1649 4348 τελεσιουργά
1682 4274 1783 4345 τῆς

1893 4268 2005 4340 qui,
2032 4274 2447 4322 consummante
2476 4263 2680 4317 virtute
2718 4260 2906 4320 fultus,
2957 4252 3291 4327 perlicientia
3323 4264 3474 4320 quae-

183 4369 475 4441 ίεραρχίας
518 4369 789 4440 ἐκκρίτως
831 4368 1263 4441 τελετουργοῦσα
1278 4371 1321 4401 ⁶¹
1344 4409 1359 4433 ,
1400 4369 1493 4423 καὶ
1528 4367 1628 4431 τὰς
1662 4366 1784 4419 ἑπι-

182 4462 401 4532 στήμας
425 4458 537 4512 τῶν
576 4458 739 4532 ἱερῶν
776 4458 1185 4532 ὲκφαντορικῶς
1218 4458 1463 4532 μυοῦσα,
1505 4456 1602 4511 καὶ
1638 4454 1786 4509 ἐκδι-

180 4552 463 4605 δάσκουσα
488 4551 589 4617 τάς
626 4551 921 4621 ἀναλόγους
960 4553 1138 4606 αὐτῶν
1176 4554 1270 4607 καὶ
1310 4552 1460 4624 ἱερὰς
1485 4550 1625 4619 ἕξεις
1642 4551 1686 4581 θ’
1722 4565 1782 4601 τε

180 4645 280 4701 καὶ
323 4645 604 4716 δυνάμεις.
662 4646 727 4698 Ἦ
762 4644 819 4698 δὲ
859 4645 966 4699 τῶν
1005 4645 1196 4717 ἱερέων
1236 4643 1607 4715 φωταγωγικὴ
1629 4640 1784 4708 τάξις

180 4739 277 4792 ἐπὶ
306 4736 408 4801 τὰς
448 4737 598 4803 θείας
636 4738 745 4791 τῶν
772 4736 1006 4790 τελετῶν
1039 4737 1268 4807 ἐποψίας
1297 4736 1630 4808 χειραγωγεί
1654 4734 1780 4797 τοὺς

178 4830 544 4899 τελουμένους
567 4829 672 4883 ὑπὸ
694 4833 759 4903 τῇ
783 4831 893 4884 τῶν
922 4831 1121 4886 ἐνθέων
1157 4834 1200 4884 ξε
1212 4831 1427 4902 ραρχῶν
1461 4828 1647 4895 τάξει,
1684 4827 1780 4881 καὶ

182 4920 307 4991 μετ’
351 4920 526 4990 αὐτῆς
568 4920 926 4992 ἱερουργοῦσα
962 4921 1061 4986 τὰς
1101 4921 1307 4985 οἰκείας
1345 4919 1652 4993 ἱερουργίας
1676 4936 1689 4949 ’
1721 4920 1781 4971 ὲν

176 5006 261 5073 οἷς
292 5011 399 5082 μὲν
426 5010 565 5082 αὐτὴ
588 5010 690 5084 δρᾷ
718 5011 817 5075 τὰς
854 5011 1140 5085 θεουργίας
1181 5012 1605 5066 ὑποδεικνύουσα
1623 5011 1666 5043 ⁸³
1692 5009 1781 5064 διὰ

175 5104 292 5157 τῶν
361 5105 675 5176 ἱερωτάτων
732 5105 1015 5176 συμϐόλων
1071 5106 1165 5159 καὶ
1227 5104 1593 5177 θεωρητικοὺς
1652 5104 1780 5167 τοὺς

176 5194 517 5265 προσιόντας
553 5195 922 5259 ἀποτελοῦσα,
963 5196 1058 5250 καὶ
1094 5194 1203 5249 τῶν
1227 5196 1389 5249 ὁσίων
1414 5193 1643 5247 τελετῶν
1670 5210 1783 5246 κοι-

175 5286 413 5348 νωνοῦςν
442 5286 524 5349 εἰς
547 5285 637 5339 τὸν
660 5286 922 5358 ἱεράρχην
940 5286 987 5317 ⁸⁸
1017 5287 1075 5340 δὲ
1097 5286 1495 5340 ἀναπέμπουσα
1522 5286 1648 5349 τοὺς
1677 5284 1779 5353 τῆς

1886 4377 1993 4431 que
2020 4360 2161 4415 sacri
2187 4358 2399 4412 ordinis
2433 4354 2613 4407 munia
2647 4349 3070 4421 prazeininenter
3101 4349 3467 4404 consumunmt,

1886 4463 2051 4523 atque
2072 4463 2353 4506 sacrorum
2385 4446 2701 4516 disciplinas
2739 4437 3150 4510 interpretando
3183 4435 3381 4501 tradit,
3412 4443 3471 4487 et

1886 4545 2079 4600 edocet
2117 4557 2365 4613 quaenam
2400 4539 2532 4608 ipsis
2562 4552 2731 4593 sacra:
2771 4536 3086 4602 competant
3120 4527 3470 4583 habitudines

1885 4647 2049 4706 atque
2099 4636 2346 4688 virtutes.
2396 4630 2754 4685 Sacerdotum
2792 4635 2971 4678 autem
3002 4624 3158 4689 ordo,
3194 4620 3283 4688 qui
3340 4617 3466 4670 illu-

1887 4730 2086 4793 ntinat,
2128 4726 2194 4779 ad
2234 4739 2391 4779 sacra
2429 4721 2685 4792 mysteria
2727 4717 3036 4772 contuenda
3078 4712 3319 4766 initiatus
3350 4722 3468 4762 tua~

1888 4820 2116 4874 nuductt
2171 4817 2478 4870 divinorum
2538 4811 2717 4867 ordini
2777 4808 3096 4881 pontilicum
3147 4806 3467 4873 subjectus,

1879 4918 2004 4963 cum
2036 4922 2143 4977 quo
2173 4904 2389 4975 propria
2428 4919 2524 4957 sua
2554 4902 2799 4957 celebrat
2842 4897 3017 4952 cilicia
3047 4937 3063 4960 ,
3101 4906 3265 4963 atque
3309 4893 3363 4944 in
3396 4891 3467 4944 iis

1882 5003 2101 5074 quidem
2137 5015 2257 5070 qua:
2285 4998 2413 5053 l'acit
2443 4998 2625 5051 divina
2664 5008 2826 5065 Opera
2880 4988 3242 5046 sanctissimis
3292 4984 3464 5054 signis

1881 5091 2323 5151 etsacratnentis
2375 5090 2659 5155 ostendit,
2717 5095 3164 5155 spectatoresque
3223 5092 3317 5133 eos
3367 5074 3462 5143 qui

1882 5186 2151 5241 accedunt
2199 5183 2407 5247 eﬂicit,
2458 5190 2513 5236 et
2570 5181 2623 5234 iit
2693 5187 3007 5232 sanctorum
3071 5170 3459 5241 mysteriorum

1885 5281 2204 5335 societatem
2273 5276 2824 5343 conimunimie.nque
2892 5269 3173 5330 admittit,
3235 5262 3329 5317 sed
3391 5259 3463 5313 ad

1497 5438 1733 5495 VARI/13
1771 5434 2178 5496 LECTIUNES.

253 5627 301 5657 ⁵⁷
333 5622 705 5694 ἀποτελευτᾷ,
752 5623 809 5677 S.
870 5623 930 5694 lt.
989 5625 1089 5679 (ili.

182 5693 535 5775 poupyoﬁce,
554 5693 657 5775 (ith
734 5696 783 5775 δξΔ
806 5693 1106 5775 ᾁναλόγως,
1136 5696 1236 5775 Qu.
1267 5695 1417 5767 ἱεράς
1440 5694 1647 5760 τάξεις,
1675 5699 1731 5745 δ.

184 5780 324 5830 Ιοηΰτ
359 5767 412 5816 in
445 5766 566 5821 aliis
593 5760 935 5831 δεικνῦοὺσα,
965 5755 1017 5822 et
1053 5755 1123 5821 ita
1158 5757 1211 5822 in
1245 5755 1361 5821 aliis
1395 5755 1637 5821 casibus;
1669 5768 1867 5821 Utnues
1895 5766 2046 5815 locus
2082 5771 2270 5813 notare
2297 5755 2513 5826 longum
2557 5761 2720 5808 essm.

182 5852 291 5895 non
323 5834 455 5890 τῶν.

1187 5626 1233 5657 ⁵⁸
1259 5621 1672 5677 ἀποτελειοῦσαι
1694 5661 1708 5682 ,
1752 5620 1851 5675 Cb.
1887 5618 1952 5672 ι).

1812 5692 1858 5722 ⁸³
1888 5689 2063 5743 variat
2093 5690 2145 5743 in
2172 5676 2263 5740 itis
2292 5676 2477 5738 verbis
2504 5684 2774 5750 scriptura
2806 5699 2820 5735 :
2853 5676 3109 5732 δεικνῦσα
3160 5692 3211 5750 in
3262 5676 3347 5729 liis
3388 5677 3456 5729 li-

2044 5612 2448 5697 ‘“_izpatctxt'nv.,
2479 5611 2539 5666 Ι).
2748 5610 2793 5640 ’⁸⁸
2836 5609 3114 5697 ίξρατιὲίὴν
3150 5603 3208 5659 S'
3262 5676 3274 5697 .
3302 5604 3346 5685 ξ’
3379 5605 3457 5697 if.-

2812 5750 2857 5783 “
2900 5762 2969 5804 ita
3015 5749 3297 5825 lcgcndum
3346 5758 3453 5812 est,
