3874 6228
384 345 488 401 5οἹ

1561 349 1616 406 S.
1656 349 1952 410 DIONYSI'I
1988 353 2450 412 AREOPAGITJ‘E

3540 353 3652 410 διε

384 465 695 538 pontificem
733 466 963 521 remittit
1009 480 1104 522 eos
1148 470 1242 538 qui
1293 469 1639 540 disciplinam
1692 483 1954 541 expetunt

2063 477 2372 547 ἐπιστήμης
2398 475 2506 528 τῶν
2536 472 2914 546 θεωρηθεισῶν
2937 470 3264 545 ’ἱερουργιῶν
3297 469 3641 542 ἐφιεμένους.

385 558 772 628 mysteriorum
803 573 924 628 qua:
957 560 1230 614 viderunt.
1269 559 1467 616 Verum
1503 564 1640 618 ordo
1681 564 1962 619 ministro-

385 664 504 702 rum
529 664 624 704 seu
657 649 1014 706 diaconorum
1061 663 1179 720 est,
1225 655 1320 722 qui
1367 656 1552 722 expiat
1585 666 1642 710 et
1669 657 1985 712 dissimilia

384 742 666 806 discernit,
701 752 992 812 antequam
1023 747 1092 799 ad
1119 747 1463 802 sacerdotum
1503 763 1658 803 sacra
1707 749 1957 815 veniant;

383 834 710 888 accedentes
737 835 900 889 etiam
933 836 1152 904 lustrat,
1182 850 1239 894 ut
1265 855 1359 894 eos
1389 855 1417 892 a
1447 841 1739 895 contrariis
1764 842 1962 896 immu-

385 939 482 978 nes
512 926 722 990 reddat,
756 937 920 995 atque
971 943 1258 984 sacrorum
1307 932 1691 1001 mysteriorum
1738 944 1957 1001 specta-

382 1017 504 1070 culo
527 1027 582 1072 et
611 1021 994 1076 eumtnunioue
1041 1021 1252 1093 dignos.
1303 1023 1488 1093 Itaque
1536 1027 1590 1078 in
1645 1039 1806 1080 saera
1864 1025 1956 1079 Dei

380 1110 798 1178 regeneratione
842 1112 1054 1168 diaconi
1089 1130 1261 1181 eum,
1297 1118 1391 1186 qui
1425 1117 1496 1170 ad
1532 1117 1680 1171 illam
1711 1118 1957 1186 accedit,

381 1202 604 1271 antiqua
635 1213 784 1258 veste
812 1216 1019 1261 exuunt
1064 1215 1228 1278 atque
1279 1210 1616 1264 discalceant
1642 1249 1658 1272 ,
1690 1219 1746 1264 et
1773 1211 1839 1263 ad
1868 1225 1961 1263 oe-

379 1292 649 1348 cidentem
697 1295 1120 1352 abrenuntiandi
1173 1314 1334 1353 causa
1384 1301 1623 1364 sistunt,
1664 1314 1961 1367 rursusque

381 1387 674 1442 traducunt
697 1391 764 1445 ad
791 1392 1054 1447 orientem
1087 1391 1235 1463 (sunt
1283 1392 1428 1447 enim
1480 1391 1761 1461 purgantis
1813 1389 1962 1444 ordi-

380 1483 466 1538 nis
489 1491 653 1552 atque
683 1485 922 1556 virtutis)
961 1486 1242 1541 hortantes
1291 1502 1388 1542 eos
1436 1486 1528 1554 qui
1560 1487 1827 1542 accedunt
1852 1525 1870 1550 ,
1902 1494 1963 1540 ut

381 1577 582 1646 prioris
610 1577 734 1632 vita:
775 1579 1087 1636 indumenta
1125 1580 1344 1647 penitus
1378 1575 1687 1649 deponant;
1722 1581 1958 1634 erroris-

381 1687 488 1742 que
517 1673 733 1743 pristini
769 1674 1014 1728 tenebris
1057 1674 1349 1744 pati-factis
1390 1675 1588 1730 docent
1622 1691 1717 1731 eos
1764 1685 1823 1729 ut
1857 1675 1959 1729 ob-

383 1766 561 1818 scuris
595 1765 759 1819 rebus
785 1765 1052 1835 ablegatis
1077 1806 1093 1831 ,
1125 1783 1246 1824 sese
1295 1766 1627 1823 transferant
1653 1768 1719 1821 ad
1747 1783 1808 1821 ea
1837 1781 1962 1836 qua:

381 1856 710 1912 illuminant.
728 1858 1089 1915 Diaconormn
1118 1861 1302 1930 itaque
1333 1860 1467 1914 ordo
1495 1867 1579 1913 εει
1605 1859 1958 1928 expiatorios,

376 1949 445 2002 ad
489 1948 748 2016 praeclara
778 1950 1121 2006 sacerdotum
1160 1966 1315 2006 saera
1365 1951 1568 2006 ducens
1600 1966 1694 2004 eos
1729 1950 1820 2019 qui
1864 1965 1960 2004 ex-

378 2039 510 2108 piati
542 2051 690 2104 sunt,
737 2051 901 2109 atque
952 2042 1139 2108 expiat
1187 2043 1541 2112 imperfectos
1567 2081 1584 2107 ,
1624 2057 1761 2110 quos
1792 2042 1958 2095 etiam

377 2132 524 2186 fovet
553 2133 910 2202 purgantibus
937 2133 1275 2202 eloquiurum
1307 2134 1768 2188 illustrationihus
1797 2143 1960 2200 atque

376 2223 676 2287 doctrinis;
702 2235 758 2280 et
795 2235 1059 2295 praeterea
1105 2229 1359 2295 profanos
1387 2242 1416 2279 a
1449 2225 1824 2281 sacerdotibus
1868 2240 1958 2277 a-r—

377 2325 486 2379 ευι.
517 2326 741 2386 propter
789 2319 936 2385 quod
975 2318 1254 2387 pontiﬁcio
1304 2317 1553 2371 instituto
1596 2318 1772 2372 sacris
1819 2332 1958 2386 quo-

376 2423 482 2475 que
515 2409 724 2464 foribus
766 2411 1084 2480 praelinitur,
1119 2421 1174 2464 ut
1199 2412 1578 2482 significetur,
1624 2424 1815 2462 eorum
1863 2408 1955 2476 qui

377 2501 444 2553 ad
472 2515 627 2555 sacra
654 2501 880 2556 veniunt
927 2515 1208 2558 accessum
1252 2503 1582 2557 omnimodis
1633 2501 1954 2556 illustratio-

377 2593 536 2645 nihus
561 2607 682 2646 esse
709 2592 1066 2662 expiandum,
1097 2595 1535 2664 quamloquidem
1568 2596 1633 2646 ad
1669 2601 1952 2662 aSpectum

375 2685 930 2756 communionemque
975 2703 1257 2742 sacrorum
1319 2687 1703 2743 introducendi
1759 2699 1956 2740 munus

375 2775 697 2846 cxpiatoriis
731 2777 1020 2834 virtutibus
1049 2780 1118 2833 sit
1149 2779 1529 2846 commissum,
1562 2793 1593 2832 a
1617 2779 1814 2847 quibus
1839 2778 1956 2847 alii,

375 2868 464 2934 qui
500 2867 568 2922 ab
607 2869 753 2922 omni
789 2870 954 2944 236
998 2873 1207 2928 macula
1269 2873 1512 2929 mundali
1563 2884 1730 2940 sunt,
1782 2873 1954 2928 intro-

375 2957 680 3013 mittantur.

2073 566 2138 620 Ἦ
2169 568 2226 621 δὲ
2263 568 2372 621 τῶν
2412 567 2739 639 λειτουργῶν
2778 565 2962 630 τάξις,
2995 568 3030 636 ἡ
3058 563 3359 636 καθαρτικὴ
3397 563 3490 615 καὶ
3532 562 3644 614 τῶν

2062 659 2328 730 ἀνομοίων
2362 659 2672 731 διακριτικὴ
2698 698 2712 720 ,
2751 658 2858 730 πρὸ
2873 659 2918 689 ⁸⁵
2950 657 3053 726 τῆς
3081 657 3174 709 ἐπὶ
3195 654 3292 718 τάς
3318 654 3427 707 τῶν
3451 653 3644 723 ἱερέων

2063 747 2370 820 ἱερουργίας
2408 745 2804 818 προσαγωγῆς,
2844 743 3202 815 ἀποκαθαίρει
3240 743 3365 805 τοὺς
3393 739 3646 812 προσιόν-
3679 745 3682 748 ’

2061 856 2178 903 τας,
2205 841 2423 910 ἀμιγεῖς
2461 839 2656 902 αὐτοὺς
2695 835 3032 892 ἀποτελοῦσα
3064 834 3173 887 τῶν
3213 833 3470 886 ἐναντίων
3495 870 3510 893 ,
3549 830 3645 883 καὶ

2063 934 2200 1004 πρὸς
2224 932 2569 1005 ἱερουργικὴν
2599 931 2829 1001 ἐποψίαν
2854 929 2949 983 καὶ
2971 925 3252 982 κοινωνίαν
3281 918 3640 994 ἐπιτηδείους.

2065 1026 2228 1080 Ὅθεν
2271 1028 2363 1079 ἐπὶ
2403 1025 2504 1095 τῆς
2552 1025 2702 1094 ἱερᾶς
2743 1021 3084 1091 θεογενεσίας
3123 1021 3184 1072 οἱ.
3206 1015 3513 1087 λειτουργοὶ
3550 1013 3645 1066 τὸν

2061 1114 2352 1187 προσιόντα
2405 1115 2504 1185 τῆς
2545 1113 2780 1176 παλαιᾶς
2822 1109 3227 1181 ἀπογυμνοῦσιν
3272 1105 3522 1176 ἐσθῆτος,
3563 1103 3646 1157 ἔτι

2065 1208 2171 1277 μὴν
2197 1207 2290 1258 καὶ
2328 1205 2617 1258 ὑπολύουσι
2641 1245 2655 1268 ,
2699 1203 2792 1255 καὶ
2826 1202 2964 1274 πρὸς
2998 1199 3206 1271 δυσμὰς
3245 1200 3325 1262 εἰς
3361 1195 3646 1267 ἀποταγὴν

2063 1295 2272 1358 ίστῶσι,
2300 1295 2392 1348 καὶ
2415 1291 2567 1358 αὖθις
2593 1294 2728 1363 πρὸς
2749 1292 2822 1345 ’έω
2862 1293 3185 1363 μετάγουσι,
3216 1289 3346 1359 (τῆς
3384 1286 3648 1357 καθαρτι-

2062 1388 2164 1458 κῆς
2206 1389 2314 1458 γάρ
2364 1391 2469 1441 εἱσι
2525 1383 2732 1451 τάξεως
2777 1387 2870 1438 καὶ
2909 1383 3264 1454 δυνάμεως,)
3314 1377 3646 1434 ἀποϐάλλειν

2061 1482 2254 1549 ὑλικῶς
2290 1481 2698 1552 ἐγκελευόμενοι
2725 1482 2836 1543 τοῖς
2880 1475 3160 1550 προσιοῦσι
3193 1474 3291 1538 τάς
3317 1473 3418 1542 τῆς
3450 1469 3648 1542 προτέ-

2066 1594 2163 1650 ρας
2199 1576 2342 1646 ζωῆς
2377 1575 2683 1646 ἀμφιέσεις,
2711 1573 2805 1625 καὶ
2835 1571 2897 1624 τδ
2928 1569 3022 1623 τοῦ
3058 1568 3320 1640 προτέρου
3358 1565 3474 1636 βίου
3521 1580 3646 1615 σκο-
3675 1592 3681 1596 -

2060 1671 2235 1724 τεινὸν
2261 1667 2691 1730 ὑποδεικνύντες,
2714 1665 2807 1718 καὶ
2829 1663 3236 1722 ἐκδιδάσκοντες
3263 1657 3480 1721 αὐτοὺς,
3512 1656 3652 1708 ἀπο-

2062 1761 2396 1832 ταξαμένους
2424 1751 2535 1823 τοῖς
2565 1757 2890 1828 ἀλαμπέσιν,
2921 1757 3013 1808 ἐπὶ
3038 1752 3110 1806 τὰ
3139 1747 3448 1822 φωτιστιιιάΔ
3481 1763 3652 1818 μετα-

1993 1842 2033 1897 Β
2063 1854 2344 1924 ταχθῆναι.
2412 1850 2731 1922 Καθαρτικὴ
2788 1848 2967 1901 τοίνυν
3013 1846 3159 1898 ἐστὶν
3213 1845 3247 1914 ή
3299 1837 3650 1910 λειτουργικὴ

2061 1947 2437 2017 διακόσμησις,
2463 1943 2557 1996 ἐπὶ
2584 1942 2683 2007 τὰς
2712 1939 2886 2011 φανὰς
2920 1937 3029 1992 τῶν
3060 1935 3248 2008 ἱερέων
3265 1934 3310 1964 ⁶⁶
3334 1931 3653 2004 ἱερουργίας

2061 2039 2335 2106 ἀνάγουσα
2373 2035 2500 2099 τοὺς
2539 2031 3005 2104 κεκαθαρμένους,
3031 2028 3126 2080 καὶ
3166 2025 3291 2088 τοὺς
3324 2021 3656 2083 ἀτελέστους

2061 2129 2507 2200 ἀποκαθαίρουσα
2568 2127 2662 2181 καί
2725 2122 3054 2195 μαιευομένη
3112 2119 3233 2180 ταῖς
3284 2113 3661 2184 καθαρτικαῖς·

2057 2220 2169 2273 τῶν
2191 2220 2385 2288 λογίων
2426 2218 2721 2288 ἐλλάμψεσι
2757 2213 2851 2268 καὶ
2876 2210 3262 2272 διδασκαλίαις,
3296 2207 3390 2260 καὶ
3423 2203 3652 2275 προσέτι

2060 2315 2186 2376 τοὺς
2213 2311 2457 2382 ἀνιέρους
2492 2310 2602 2363 τῶν
2641 2309 2830 2380 ἱερέων
2862 2305 3078 2376 ἀμιγῶς
3116 2297 3612 2354 ἀποδιαστέλλουσα
3634 2314 3648 2325 ·

2059 2407 2140 2462 διὸ
2167 2405 2262 2460 καὶ
2297 2407 2415 2467 ταῖς
2453 2403 2626 2474 ἱεραῖς
2667 2399 2836 2470 αὐτὴν
2876 2397 3130 2467 ἐφίστησι
3165 2393 3360 2454 πύλαις
3389 2393 3424 2460 ἡ
3463 2391 3655 2461 ἱεραρ-

2057 2508 2186 2580 χικὴ
2214 2504 2564 2578 θεσμοθεσία,
2602 2504 2700 2574 τὴν
2741 2500 2876 2572 πρὸς
2911 2498 2980 2552 τὰ
3009 2495 3131 2569 ίερά
3166 2493 3273 2547 τῶν
3314 2491 3684 2562 προσιόντων

2055 2601 2257 2654 εἴσοδον
2296 2601 2354 2652 ἐν
2393 2601 2513 2660 ταῖς
2551 2593 2840 2649 παντελέσι
2883 2590 3216 2661 καθάρσεσιν
3254 2583 3684 2655 αἰνισσομένη,’

2055 2694 2151 2748 καὶ
2174 2691 2274 2763 τὴν
2297 2690 2389 2743 ἐπὶ
2415 2688 2513 2752 τὰς
2543 2689 2693 2760 ἱερὰς
2733 2684 2914 2738 αὐτῶν
2952 2682 3185 2752 ἐποψίας
3228 2680 3322 2732 καὶ
3361 2676 3684 2737 κοινωνίας

2057 2780 2422 2854 προσαγωγὴν
2467 2781 2588 2842 ταῖς
2651 2776 3007 2847 καθαρτικαῖς
3056 2770 3350 2840 δυνάμεσιν
3408 2765 3654 2836 ἐγχειρὶ-

2059 2869 2246 2937 ζουσα»
2291 2871 2385 2924 καὶ
2419 2866 2510 2922 διὰ
2545 2866 2750 2920 τούτων
2795 2863 2990 2926 αὐτοὺς
3026 2859 3390 2931 ἀκηλιδώτους
3417 2856 3660 2924 εἰσδεχο-

2063 2963 2226 3036 μένη.

1899 3125 1930 3200 5
1960 3123 2099 3186 V11.

449 3261 885 3318 Demonstratum
917 3267 1194 3338 estigitur
1251 3271 1568 3341 pontificum
1607 3272 1827 3343 quidem
1863 3289 1954 3326 or-

2129 3273 2409 3327 Δέδεικται
2446 3271 2630 3336 τοίνυν
2665 3269 2801 3341 ἡμῖν
2840 3268 2872 3338 ἡ
2913 3265 3011 3338 μὲν
3049 3262 3160 3317 τῶν
3201 3259 3472 3334 ίεραρχῶν
3495 3258 3668 3325 τάξις.

373 3352 552 3407 dinem
586 3357 903 3423 pcrliciendi
943 3361 1050 3413 vim
1082 3363 1305 3428 habere,
1342 3379 1407 3420 ac
1444 3367 1621 3436 reipsa
1652 3367 1950 3435 perlicere:

373 3449 720 3502 sacerdotum
761 3461 942 3506 autem
989 3451 1334 3510 illuminandi
1365 3456 1473 3510 vim
1507 3455 1710 3512 habere
1736 3498 1752 3523 ,
1787 3465 1955 3525 atque

371 3537 716 3608 illuminare;
750 3543 1122 3600 minisirorum
1155 3563 1290 3602 vero
1331 3549 1584 3618 expiandi
1633 3565 1698 3603 ac
1743 3548 1952 3604 discer-

373 3636 534 3690 nendi
567 3635 884 3690 facultatem
914 3639 1185 3695 obtinere.
1229 3640 1506 3711 Siquidem
1555 3643 1690 3696 ordo
1735 3644 1950 3711 pontill:

371 3728 492 3781 eius
541 3734 646 3781 n'on
702 3729 1017 3798 perficiendi
1072 3741 1321 3797 tantum,
1369 3734 1462 3786 sed
1515 3743 1572 3788 et
1611 3733 1952 3788 illuminandi

370 3818 723 3888 simulatque
754 3821 1010 3888 expiandi
1052 3823 1157 3875 vim
1208 3825 1404 3891 habet;
1456 3840 1520 3879 ac
1571 3835 1813 3894 potestas
1860 3842 1951 3880 sa-

369 3912 682 3980 cerdotum,
720 3921 916 3980 praeter
945 3913 1282 3970 illuminandi
1321 3915 1654 3982 facultatem,
1696 3918 1949 3986 expiandi

370 4019 588 4073 quoque
637 4004 885 4058 continet
937 4007 1270 4064 scientiam:
1325 4023 1515 4065 verum
1564 4011 1851 4066 inferiores
1883 4012 1953 4067 ad

369 4095 712 4165 superiorum
749 4095 1060 4152 functiones
1095 4099 1368 4154 transilire
1415 4115 1759 4171 nequaquam
1813 4118 1953 4170 pos-

369 4196 537 4252 sunt,
574 4205 743 4258 quare
789 4189 944 4245 nefas
991 4191 1062 4246 sit
1108 4206 1203 4246 eos
1251 4193 1318 4246 ad
1366 4183 1570 4248 tantam
1621 4197 1951 4264 proterviam

369 4286 646 4342 devenire.
679 4286 920 4342 Virtutes
947 4297 1126 4343 autem
1157 4305 1276 4358 qua:
1305 4289 1598 4345 diviniores
1627 4299 1773 4356 sunt,
1814 4307 1955 4361 prte-

370 4389 453 4433 ter
484 4379 775 4436 facultates
826 4382 1078 4450 proprias
1125 4381 1446 4436 inferiorum
1498 4399 1712 4453 quoque
1765 4400 1952 4440 sacras

368 4473 625 4527 scientias
655 4473 988 4543 perfectione
1031 4489 1127 4527 sua
1177 4475 1480 4529 continent.
1551 4476 1815 4543 Quoniam
1872 4487 1952 4532 ta-

368 4580 490 4618 men
523 4565 916 4621 ecclesiasticae
955 4567 1349 4635 descriptiones
1395 4567 1704 4621 divinarum
1755 4567 1951 4638 imagi-

2053 3365 2372 3440 τελειωτικὴ
2410 3366 2510 3418 καὶ
2533 3361 2941 3433 τελεσιουργός·
2982 3361 3016 3431 ἡ
3058 3359 3116 3412 δὲ
3156 3356 3496 3426 τῶνὶερέων
3541 3372 3660 3424 φω-

2051 3457 2269 3528 τιστικὴ
2307 3457 2402 3511 καὶ
2437 3452 2771 3524 φωταγωγὸς
2795 3468 2808 3481 ·
2854 3451 2889 3520 ἡ
2931 3448 2988 3503 δὲ
3029 3447 3138 3500 τῶν
3178 3443 3512 3517 λειτουργῶν
3554 3461 3659 3496 κα-

2055 3548 2286 3621 θαρτικὴ
2321 3547 2415 3603 καὶ
2446 3544 2752 3614 διακριτικὴ
2773 3584 2788 3607 ,
2830 3541 3032 3614 δηλαδὴ
3059 3541 3160 3611 τῆς
3200 3537 3527 3610 ίεραρχικῆς
3555 3535 3660 3588 τάι-

2055 3639 2228 3706 ξεως,
2273 3637 2334 3691 οὐ
2375 3635 2776 3707 τελεσιουργεϊν
2833 3631 2991 3704 μόνον
3015 3671 3031 3697 ,
3090 3629 3225 3683 ἀλλά
3246 3627 3342 3699 καὶ
3391 3625 3666 3696 φωτίζειν

2054 3732 2170 3802 ἅμα
2194 3732 2286 3785 καὶ
2309 3729 2593 3802 καθαίρειν
2618 3725 3014 3798 ἐπισταμένης,
3045 3725 3137 3788 καὶ
3172 3723 3273 3793 τῆς
3307 3721 3417 3773 τῶν
3455 3720 3658 3792 ἱερέων

2052 3824 2331 3896 δυνάμεως
2365 3822 2593 3894 ἐχούσης
2614 3822 2672 3874 ἐν
2694 3820 2861 3891 ἑαυτῇ
2899 3816 3038 3890 μετά
3063 3817 3161 3887 τῆς
3189 3813 3528 3885 φωτιστικῆς
3555 3812 3664 3865 καὶ

2050 3917 2151 3986 τὴν
2174 3915 2518 3987 καθαρτικὴν
2557 3913 2889 3983 ἐπιστήμην.
2934 3911 3000 3962 Αἱ
3039 3908 3138 3979 μὲν
3175 3906 3284 3978 γάρ
3321 3906 3522 3976 ἥττους
3561 3905 3657 3956 ἐπὶ

2050 4009 2121 4064 τὰ
2143 4008 2377 4080 κρείττω
2416 4004 2731 4079 μεταπηδᾲν
2771 4000 3134 4066 ἀδυνατοῦσι,
3180 3999 3316 4071 πρὸς
3351 3998 3413 4050 τὸ
3429 3999 3473 4030 ⁵⁷
3516 3996 3660 4068 μηδὲ

2053 4101 2272 4172 θεμιτὸν
2293 4100 2482 4163 αὑταῖς
2505 4093 2642 4151 εἶναι
2669 4096 2806 4168 πρὸς
2844 4094 3101 4165 τοιαύτην
3141 4093 3412 4164 ἐγχειρεῖν
3450 4089 3658 4158 ἀλαζο-

2051 4195 2200 4248 νείαν
2224 4211 2236 4223 ·
2264 4195 2319 4246 αἱ
2342 4192 2404 4248 δὲ
2425 4191 2695 4261 θειότεραι
2721 4190 2980 4259 δυνάμεις
3005 4185 3144 4258 μετά
3169 4184 3280 4238 τῶν
3305 4182 3528 4237 οἰκείων
3559 4181 3656 4234 καὶ

2049 4287 2149 4351 τὰς
2179 4284 2475 4357 ὑφειμένας
2500 4284 2600 4355 τῆς
2632 4281 2814 4336 αὐτῶν
2851 4279 3185 4350 τελειότητος
3227 4275 3378 4348 ἱερὰς
3421 4275 3660 4344 ἐπιστή-

2056 4397 2160 4452 μας
2205 4377 2620 4449 γιγνώσκουσιν.
2670 4376 2859 4445 Ὅμως
2902 4369 3092 4441 ἐπειδὴ
3123 4367 3282 4422 θείων
3315 4366 3454 4419 είσὶν
3497 4366 3662 4435 ἐνερν

2053 4471 2218 4542 γειῶν
2264 4469 2472 4532 εἰκόνες
2505 4470 2561 4520 αἱ
2614 4465 2887 4539 ίερατικαὶ
2923 4458 3450 4531 διακοσμήσειςοτῆς
3489 4456 3676 4514 εὐκό-⁵

2055 4580 2194 4634 σμου
2219 4561 2314 4615 καὶ
2340 4558 2646 4630 ἀσυγχύτου
2671 4557 2780 4610 τῶν
2817 4555 2976 4608 θείων
3010 4549 3301 4624 ἐνεργειῶν
3327 4547 3563 4614 τάξεως,
3592 4549 3654 4601 ἐν

370 4670 466 4709 nes
493 4666 616 4711 sunt
651 4659 947 4724 actionum,
975 4659 1118 4728 quod
1171 4658 1348 4714 ornati
1399 4659 1752 4728 distinetique
1806 4661 1946 4714 divi-

2057 4657 2269 4718 ἐαυταίς
2293 4651 2568 4706 δεικνῦσαι
2604 4649 2704 4713 τάς
2737 4646 3078 4718 τεταγμένας
3117 4642 3411 4713 ἐλλάμψεις
3443 4643 3526 4705 είς
3550 4640 3651 4703 τὰς
3677 4671 3681 4675 -

369 4765 560 4802 narutn
589 4751 863 4805 actionum
906 4753 1115 4808 ordinis
1160 4761 1342 4806 certas
1390 4760 1646 4820 ratasque
1703 4753 1943 4806 illustra-

371 4841 548 4894 tiones
579 4841 631 4893 in
658 4857 715 4896 se
743 4843 1024 4910 exhibent,
1078 4845 1130 4900 in
1177 4847 1403 4914 primas,
1441 4855 1497 4901 et
1523 4847 1727 4901 medias
1765 4847 1946 4902 novis-

369 4932 650 5001 simosque
676 4949 862 4990 sacras
913 4934 1218 4991 functiones
1270 4945 1435 5005 atque
1475 4938 1694 4993 ordines
1723 4938 1775 4993 in
1829 4939 1946 4993 hie-

369 5026 638 5081 rarcliieis
693 5026 1136 5085 distinctionibus
1189 5037 1316 5083 sunt
1372 5028 1713 5094 distrihutze,
1765 5031 1943 5099 quod,

368 5119 448 5173 uti
481 5119 615 5184 dixi,
657 5119 966 5174 divinarum
999 5121 1278 5176 actionum
1315 5124 1560 5178 ordinem
1615 5134 1778 5192 atque
1828 5122 1944 5177 dis-

369 5211 688 5266 tinctionem
724 5211 778 5265 iii
809 5214 1119 5282 semetipsis
1147 5216 1428 5270 exhibent.
1477 5216 1610 5271 Cum
1654 5216 1800 5270 enim
1855 5215 1944 5270 illa

367 5321 577 5359 summa
633 5305 818 5361 Deitas
869 5317 1077 5363 mentes
1123 5323 1257 5373 eas,
1305 5309 1500 5377 quibus
1553 5324 1612 5364 se
1662 5309 1946 5374 insinuat,

367 5399 602 5466 primunt
647 5399 872 5470 expiet,
910 5415 974 5454 ac
1019 5399 1215 5456 deinde
1265 5401 1532 5458 illumiuet
1559 5442 1576 5468 ,
1613 5412 1776 5472 atque
1822 5402 1944 5455 illii-

2051 4748 2273 4820 πρώτας
2315 4748 2408 4802 καὶ
2453 4746 2624 4817 μέσας
2665 4744 2758 4798 καὶ
2804 4739 3119 4802 τελευταίας
3163 4735 3314 4808 ἱερὰς
3363 4734 3652 4806 ἐνεργείας

2051 4845 2146 4898 καὶ
2183 4841 2399 4908 τάξεις,
2441 4841 2498 4892 ἐν
2537 4835 2871 4907 διακρίσεσιν
2913 4833 3254 4905 ἱεραρχικαίς
3297 4826 3679 4897 ἐτάχθησανγ

2051 4936 2450 5008 ἐμφαίνουσαι,
2487 4931 2738 5001 καθάπερ
2780 4928 2916 4999 έφην
2940 4965 2954 4989 ,
2999 4927 3058 4977 ἐν
3099 4924 3318 4985 ἑαυταῖς
3345 4919 3455 4972 τῶν
3483 4917 3654 5008 θείων

2053 5007 2341 5101 ἐνεργειῶν
2381 5026 2442 5079 τὸ
2482 5019 2951 5092 τεταγμένον,καὶ
2997 5016 3366 5086 ἀσύμφυρτον.
3425 5007 3650 5078 Ἐπειδὴ

2054 5120 2162 5192 γὰρ
2193 5120 2226 5190 ἡ
2256 5115 2482 5189 θεαρχία
2505 5115 2630 5177 τοὺς
2663 5113 2720 5165 ἐν
2755 5105 2836 5174 οἷς
2866 5109 2932 5164 ἂν
2954 5106 3246 5176 ἐγγένηται
3277 5101 3402 5164 νόας
3434 5101 3649 5153 ἀποκα-

2056 5214 2232 5286 θαίρει
2261 5201 2476 5283 πρῶτον
2497 5249 2512 5275 ,
2550 5204 2670 5260 εἶτα
2711 5203 2957 5276 φωτίζει,
2989 5202 3085 5256 καὶ
3108 5195 3478 5269 φωτισθέντας
3504 5194 3647 5246 ἀπο-

2051 5307 2247 5360 τελειοῖ
2271 5305 2406 5377 πρὸς
2428 5301 2634 5371 θεοειδῆ
2665 5295 3069 5368 τελεσιουργίαν
3087 5333 3104 5359 ,
3140 5291 3362 5352 εἱκάτως
3395 5289 3429 5358 ἠ
3458 5289 3649 5358 ἱεραρ-⁵

2053 5399 2181 5471 χικὴ
2213 5398 2322 5451 τῶν
2353 5396 2510 5450 θείων
2537 5393 2760 5448 εἰκόνων
2783 5391 2826 5424 ⁸⁸
2867 5394 2947 5454 εἰς
2977 5383 3399 5458 διακεκριμένας
3436 5379 3642 5450 ἑαυτὴν

1678 5559 1907 5615 VARUS
1954 5553 2358 5614 LECTIONES.

458 5740 686 5816 1ηῘλττρᾷςς.
721 5815 727 5816 γ
768 5743 811 5816 δέ
841 5743 1180 5816 φανοτάτας,
1227 5741 1294 5800 Μ.
1326 5743 1431 5800 τῶν
1460 5743 1652 5816 ἱερῶν,
1683 5740 1740 5798 Ρ.
1772 5753 1824 5799 et
1864 5714 1983 5798 mox
2021 5739 2125 5796 τῶν
2154 5737 2315 5812 ἱερῶν
2344 5735 2590 5808 ἀμιγῶς;
2661 5730 2975 5804 astipulatttr
3004 5729 3103 5787 Ch.
3140 5727 3200 5783 D.
3279 5727 3322 5760 ⁸⁷
3352 5723 3484 5804 πρὸς
3537 5722 3639 5796 τῷ,

375 5808 445 5864 Μ.
483 5811 538 5864 l‘.

618 5813 660 5846 °°
689 5812 867 5879 εἰκών,
893 5815 992 5869 Ch.
1037 5818 1096 5868 υ.
