3874 6228
167 381 271 436 509

1221 370 1313 424 DE
1348 366 1649 424 ΗΖΕ-ωδ.
1676 354 2074 422 δείδω..
2101 348 2359 413 ωεγ.

3333 338 3449 393 ﬂio

161 496 364 565 διαιρεῖ
387 492 572 558 τάξεις
597 508 657 544 τε
684 490 779 543 καὶ
800 490 1077 559 δυνάμεις,
1108 485 1372 557 ἐναργῶς,
1388 480 1757 537 ὑποδεικνῶα

1876 485 2060 531 stratas
2086 475 2300 528 demum
2330 471 2397 523 ad
2431 467 2749 525 tleiformem
2782 461 3073 535 quamdam
3115 465 3433 528 promoveat

162 586 258 650 τὰς
290 581 591 657 θεαρχικὰς
619 583 895 654 ἐνεργείας
926 584 985 634 ἐν
1020 579 1456 648 παναγεστὰταις
1497 576 1592 629 καὶ
1628 576 1759 645 ἀμι-

163 677 282 745 γέσι
328 676 549 740 τάξεσιν
595 673 876 737 εὐσταθῶς
922 672 1018 725 καὶ
1071 669 1392 740 ἀσυγχύτως
1443 665 1758 735 ἑστηκυίας.

177 769 319 822 Ἀλλ’
347 769 540 840 ἐπειδὴ
562 768 662 832 τὰς
693 764 976 839 ἱερατικὰς
998 763 1183 830 τάξεις
1208 780 1267 816 τε
1302 763 1394 814 καὶ
1431 755 1762 828 ἀποπληρώ-

165 881 280 927 σεις
302 864 371 927 θ’,
397 863 657 931 δυνάμεις
678 877 739 913 τε
766 857 947 912 αὐτῶν
971 858 1067 911 καὶ
1095 854 1378 926 ἐνεργείας
1421 851 1723 922 εἰρήκαμεν
1745 886 1760 911 ,

164 959 240 1021 ὡς
267 960 407 1028 ἡμῖν
432 955 673 1026 ἐφικτὸν,
711 952 931 1016 καὶτὰς
963 950 1262 1022 ἰερωτάτας
1300 944 1513 1008 αὐτῶν,
1549 943 1624 1007 ὼς
1662 938 1764 994 οἷοί

165 1051 224 1103 τέ
252 1052 449 1121 ἐσμεν,
481 1046 911 1117 ἐποπτεύσωμεν
940 1040 1269 1104 τελειώσεις.

1860 566 2276 638 perfectionem,
2304 573 2449 617 recte
2472 574 2628 615 sacer
2660 557 2816 619 ordo,
2843 554 2932 624 qui
2981 547 3182 606 divinis
3233 555 3440 618 praeest

1865 655 2301 725 imaginibuan
2330 654 2575 707 diversos
2615 648 2967 714 semetipsmn
3000 640 3223 697 ordines
3264 639 3441 692 virtu-

1866 759 2055 819 tesque
2101 746 2420 815 distinguit;
2477 751 2665 813 aperte
2731 740 3158 799 demonstrans,
3229 732 3444 788 divinas

1867 843 1990 897 illas
2016 841 2325 913 prazcipnas
2357 838 2608 894 actiones
2636 835 2688 888 in
2718 830 3083 888 sanctissimis
3117 824 3447 898 purissimis-

1867 954 1972 1007 que
2002 936 2285 991 ordinibus
2336 939 2655 988 constanter
2704 926 3069 992 distincteque
3117 920 3443 976 consistere.

1870 1031 1975 1085 Sed
2002 1029 2253 1097 quoniam
2278 1024 2621 1080 sacerdotum
2655 1021 2877 1075 ordines
2909 1032 2974 1070 ac
3006 1014 3222 1078 munia,
3273 1012 3433 1065 virtu-
3464 1004 3469 1009 ’

167 1157 363 1213 tesque
425 1158 615 1197 eorum
640 1148 695 1194 et
740 1140 990 1192 actiones
1058 1149 1159 1205 pro
1182 1132 1326 1188 virili
1377 1127 1770 1200 exposuimus,
1818 1122 2221 1178 sacratissimas
2269 1119 2434 1175 etiam
2485 1130 2673 1172 eorum
2718 1110 3158 1168 consecrationes
3179 1142 3222 1185 ,_
3269 1100 3445 1171 quoad

164 1252 486 1310 possumus,
515 1232 953 1289 consideremus.

365 1377 435 1447 II.
476 1390 828 1460 Μυστήριον
855 1382 1159 1455 Ιερατικῶν
1189 1377 1572 1436 τελειώσεων.

245 1525 307 1578 '0
340 1524 441 1594 μὲν
482 1522 778 1594 ἰερὰρχης,
820 1519 913 1571 ἐπὶ
951 1516 1051 1588 τὴν
1109 1511 1426 1586 ἰεραρχικὴν
1484 1505 1763 1594 τελείωσιν

165 1593 620 1688 προσαγόμενος,
643 1612 811 1682 ἄμφω
838 1607 916 1661 τὼ
942 1606 1068 1660 πόδε
1109 1604 1290 1667 κλίνας
1316 1599 1641 1672 ἐπίπροσθεν
1668 1593 1762 1647 τοῦ

1924 1362 1990 1421 ll.
2018 1362 2072 1418 Μ
2078 1364 2326 1434 ysterium
2359 1358 2770 1416 consecrationis
2812 1371 3086 1411 sacrorum
3118 1355 3387 1410 ordinum.

1940 1498 2191 1555 Pontifex
2228 1497 2450 1566 quidem
2500 1492 2594 1564 qui
2646 1492 2713 1545 ad
2765 1489 3093 1559 pontiﬁciam
3147 1504 3444 1545 consecra-

1870 1593 2071 1648 tionem
2099 1600 2185 1645 est
2213 1602 2435 1645 evectus
2467 1599 2698 1656 utroque
2731 1584 2871 1655 genu
2905 1584 3046 1637 ﬂexo
3078 1584 3205 1638 ante
3245 1584 3439 1649 altare,

166 1703 556 1774 θυσιαστηρίου
577 1702 657 1768 ⁷ο,
706 1701 798 1752 ἐπὶ
846 1696 1088 1766 κεφαλῆς
1137 1695 1247 1765 ἔχει
1286 1693 1354 1745 τὰ
1395 1689 1765 1761 θεοπαρόιδοτα

1876 1700 2031 1756 supra
2064 1692 2226 1753 caput
2257 1683 2419 1737 liabet
2456 1681 2766 1749 Scripturas
2798 1698 2827 1735 a
2864 1680 2971 1733 Deo
3018 1675 3273 1741 traditas,
3325 1693 3449 1731 ma-

165 1798 360 1866 λόγια,
408 1795 505 1847 καὶ
552 1793 651 1863 τὴν
694 1787 1012 1862 ἰεραρχικὴν
1076 1788 1271 1857 χεῖρα,
1331 1782 1425 1835 xui
1469 1779 1644 1849 τούτῳ
1683 1776 1761 1847 τῷ

164 1892 354 1963 τρᾶπῳ
383 1888 520 1960 πρὸς
547 1885 642 1939 τοῦ
684 1882 965 1945 τελοῦντος
1010 1878 1170 1932 αὐτὸν
1194 1876 1446 1947 ἰεράρχου
1471 1875 1590 1935 ταῖς
1629 1886 1764 1923 παν-

166 1979 500 2049 αγεστὰταις
537 1974 886 2043 ἐπικλήσεσιν
930 1965 1359 2023 ἀποτελειοῦται.
1400 1965 1459 2015 '0
1481 1962 1536 2015 δέ
1561 1960 1760 2032 ἱερεὺς,

165 2074 337 2141 ἄμφω
358 2068 440 2122 τὼ
465 2066 592 2120 πόδε
622 2064 807 2126 κλίνας
835 2061 1165 2132 ἐπίπροσθεν
1193 2056 1287 2111 τοῦ
1311 2056 1455 2109 θείου
1474 2053 1764 2121 θυσιαστη-

170 2144 312 2232 ρίου,
356 2159 451 2211 ἐπὶ
486 2154 729 2225 κεφαλῆς
773 2152 887 2224 ἔχει
925 2153 1024 2223 τὴν
1062 2148 1379 2222 ίεραρχικὴν
1420 2144 1632 2209 δεξιὰν,
1673 2144 1765 2196 καὶ

163 2250 344 2321 τούτῳ
370 2248 452 2319 τῷ
486 2248 674 2319 τρόπῳ
710 2246 847 2319 πρὸς
879 2243 973 2298 τοῦ
1007 2242 1290 2304 τελοῦντος
1316 2239 1480 2295 αὑτὸν
1508 2238 1762 2309 ίεράρχου

165 2344 284 2405 ταῖς
312 2342 609 2409 ἱεροποιοῖς
634 2337 987 2408 ἐπικλήσεσιν
1012 2331 1319 2401 ἁγιάζεται.
1363 2330 1419 2383 Ὁ
1442 2329 1497 2381 δὲ
1522 2328 1763 2398 λειτουρ-

164 2431 282 2501 γὸς,
318 2429 417 2482 ἕνα
448 2431 559 2482 τοῖν
584 2428 763 2481 ποδοῖν
785 2427 971 2490 κλίνας
994 2422 1326 2496 ἐπίπροσθεν
1354 2420 1448 2474 τοῦ
1487 2420 1635 2474 θείου
1669 2419 1764 2472 θυ-

168 2523 492 2595 σιαστηρίου
524 2562 539 2585 ,
584 2522 678 2574 ἐπὶ
727 2519 967 2590 κεφαλῆς
1024 2517 1137 2587 ἔχει
1189 2516 1287 2587 τὴν
1346 2515 1441 2568 τοῦ
1487 2513 1766 2577 τελοῦντος

167 2613 334 2666 αὑτὸν
377 2614 424 2663 is
433 2611 634 2682 ράρχου
660 2608 841 2676 δεξιὰν
865 2650 879 2673 ,
928 2605 1134 2661 τελειού
1143 2623 1301 2677 μενος
1326 2607 1418 2660 ὑπ’
1445 2604 1609 2659 αὑτοῦ
1646 2607 1767 2667 ταῖς

166 2703 281 2755 τῶν
325 2700 662 2772 λειτουργῶν
706 2699 1046 2763 τελεστικαῖς
1091 2697 1463 2769 ἐπικλήσεσιν.
1523 2696 1768 2765 Ἑκάστῳ

166 2797 228 2850 δέ
250 2794 437 2849 αὐτῶν
474 2797 508 2865 ἡ
552 2793 897 2865 σταυροειδὴς
936 2792 1321 2863 ἐνσημαίνεται
1366 2792 1504 2864 πρὸς
1542 2790 1638 2844 τοῦ
1678 2808 1770 2845 τε-

165 2886 394 2950 λοῦντος
438 2886 694 2957 ίεράρχου
742 2884 977 2955 σφραγὶς
997 2924 1011 2947 ,
1045 2886 1140 2937 καὶ
1183 2883 1302 2936 καθ’
1333 2882 1563 2936 ἕκαστον
1596 2884 1768 2955 ἀνάρ-

169 2981 330 3049 ρησις
356 2977 479 3050 ἱερὰ
498 2978 763 3046 γίγνεται,
785 2977 880 3029 καὶ
891 2976 1232 3040 τελειωτικὺς
1258 2975 1563 3046 ἀσπασμὸς,
1589 2975 1768 3029 ἀσπα-

1870 1792 2109 1846 numque
2163 1775 2475 1845 pontilicis,
2518 1782 2678 1841 atque
2736 1775 2837 1826 hoc
2895 1772 3055 1825 modo
3083 1786 3112 1823 a
3146 1770 3402 1840 pontiﬁce
3426 1813 3443 1838 ,

1865 1870 1959 1941 qui
1990 1869 2160 1937 ipsum
2196 1876 2503 1928 consecrat,
2554 1864 2915 1919 sanctissimis
2968 1863 3449 1931 adprecationibns

1865 1970 2240 2017 consecratur.
2294 1959 2561 2014 Sacerdos
2598 1971 2727 2011 vero
2780 1965 3012 2022 utroque
3063 1953 3265 2023 poplite
3314 1964 3449 2008 ante

1865 2054 2042 2106 altare
2068 2050 2227 2113 ﬂexo,
2263 2052 2314 2104 in
2343 2050 2517 2119 capize
2562 2048 2723 2101 habet
2769 2047 3018 2100 dextram
3066 2045 3360 2113 pontilicis,
3391 2053 3450 2098 et

1866 2146 1969 2200 hoc
2005 2145 2165 2200 modo
2187 2144 2254 2198 ab
2299 2143 2391 2197 illo
2434 2141 2720 2211 pontiﬁce,
2776 2140 2865 2209 qui
2924 2140 3071 2194 illum
3120 2144 3445 2201 consecrat,

1864 2238 2066 2293 sanctis
2093 2236 2522 2291 invocationibus
2551 2245 2922 2288 consecratur.
2964 2234 3136 2289 Porro
3183 2233 3446 2287 diaconus

1866 2330 2027 2399 237
2065 2344 2229 2382 unum
2262 2343 2398 2397 genu
2429 2326 2652 2381 ﬂectens
2675 2336 2801 2379 ante
2826 2327 3064 2379 divinum
3089 2325 3261 2379 altare
3284 2339 3445 2393 supra

1866 2432 2025 2492 caput
2055 2422 2216 2476 habet
2249 2422 2496 2476 dextram
2523 2419 2796 2487 pontiﬁcis
2827 2419 2998 2488 ipsum
3051 2417 3444 2481 consecrantis,

1866 2526 1920 2569 et
1948 2517 2014 2569 ab
2045 2529 2111 2568 eo
2143 2522 2496 2569 consecratur
2522 2512 2954 2566 invocationibns
2977 2511 3043 2564 ad
3075 2511 3447 2564 ministrorum

1867 2606 2333 2662 consecrationem
2398 2602 2844 2657 accommodatis.
2914 2600 3216 2670 Unicuique
3267 2608 3453 2653 autem

1866 2714 2051 2754 eorum
2076 2699 2287 2766 signum
2318 2696 2499 2751 crucis
2532 2711 2561 2749 a
2592 2703 2945 2749 consecrante
2981 2692 3234 2761 pontiﬁce
3266 2693 3451 2759 impri-

1869 2790 2053 2856 mitur,
2106 2798 2161 2843 et
2202 2787 2433 2855 singulis
2460 2795 2665 2840 sancta
2705 2785 3018 2854 praedicatio
3055 2784 3451 2852 perﬁciensque

1868 2879 2120 2934 salutatio
2163 2878 2471 2943 adhibetur,
2511 2875 2723 2929 cunctis
2786 2873 3143 2944 prasentibus
3191 2872 3449 2927 ecclesia-

1869 2972 2038 3038 sticis,
2070 2986 2172 3025 una
2198 2985 2320 3025 cum
2354 2967 2611 3038 pontiﬁce
2641 2975 3021 3028 consecrante,
3053 2963 3450 3020 consalutanti-

167 3072 400 3143 ζομὲνου
468 3070 669 3132 παντὸς
727 3068 1003 3139 ἱερατικοῦ
1069 3069 1337 3142 παρόντος
1391 3069 1583 3141 ἀνδρὸς
1606 3109 1621 3132 ,
1674 3070 1765 3122 καί

1876 3067 1971 3122 bus
2000 3065 2147 3119 illum
2177 3065 2267 3135 qui
2298 3064 2348 3117 in
2378 3063 2610 3132 aliquem
2641 3062 2905 3116 dictorum
2956 3057 3209 3113 ordinum
3261 3070 3453 3110 sacro-

165 3162 260 3213 τοῦ
280 3160 606 3223 τελέσαντος
636 3159 889 3229 ίεράρχου
915 3158 1008 3211 τὸν
1035 3159 1173 3229 πρός
1213 3176 1267 3213 τι
1306 3158 1417 3213 τῶν
1457 3160 1763 3231 εἰρημένων

168 3254 463 3326 ἰερατικῶν
490 3252 785 3325 ταγμάτων
814 3250 1263 3306 ἁποτελεσθέντα.

778 3369 872 3422 ΠΙ.
916 3367 1154 3435 Θεωρία.

1874 3174 1992 3212 rum
2022 3168 2106 3213 est
2133 3164 2440 3227 conplatus.

2393 3350 2480 3405 Ill.
2521 3346 2931 3419 Contemplatio.

1755 3481 1866 3555 ξι.

238 3605 418 3661 Κοινὰ
450 3606 551 3675 μὲν
588 3605 705 3660 ἐστι
741 3610 858 3671 τοῖς
891 3607 1173 3679 ἰεράρχαις
1211 3624 1272 3660 τε
1313 3608 1407 3661 καὶ
1444 3604 1647 3677 ἱερεῦσι
1677 3604 1770 3657 καὶ

166 3698 508 3770 λειτουργοῖς
546 3700 602 3751 ἐν
641 3703 760 3763 ταῖς
801 3702 1105 3771 ίερατικαίς
1140 3698 1319 3752 αὐτῶν
1355 3696 1697 3751 τελειώσεσιν
1735 3697 1767 3768 ἡ

167 3791 310 3862 πρὸς
339 3791 398 3843 τὸ
423 3790 565 3844 θεῖον
589 3790 972 3864 θυσιαστήριον
998 3792 1355 3864 προσαγωγὴ,
1391 3791 1485 3845 καὶ
1516 3792 1769 3845 ὑπόπτω-

170 3900 277 3947 σις,
307 3884 343 3953 ἡ
364 3883 469 3952 τῆς
494 3883 812 3954 ἱεραρχικῆς
842 3882 1023 3954 χειρὸς
1048 3882 1311 3946 ἐπίθεσις,
1347 3884 1380 3954 ἠ
1418 3880 1765 3953 σταυροειδὴς

168 3976 448 4046 σφραγὶς,
493 3976 527 4045 ἡ
574 3975 915 4046 ἀνάῤῥησις,
968 3977 997 4028 ὁ
1038 3974 1383 4038 τελειωτικὸς
1433 3974 1767 4044 ἀσπασμὸςο,

165 4066 427 4137 ἐξαίρετα
469 4066 528 4119 δὲ
570 4067 664 4119 καὶ
700 4064 928 4137 ἐκκριτα
961 4069 1074 4130 τοῖς
1111 4066 1392 4138 ἰεράρχαις
1444 4066 1543 4136 μὲν
1579 4069 1611 4136 ἡ
1655 4064 1763 4119 τῶν

166 4158 371 4227 λογίων
420 4158 514 4210 ὲ.πί
554 4156 793 4229 κεφαλῆς
841 4157 1120 4221 ἐπίθεσις,
1169 4159 1269 4210 οὐκ
1324 4157 1555 4227 ἐχόντων
1608 4157 1763 4210 τοῦτο

165 4249 278 4303 τῶν
305 4249 616 4318 ὑφειμένων
639 4248 932 4318 ταγμάτων
955 4266 967 4277 ·
999 4251 1112 4311 τοῖς
1134 4249 1191 4302 δὲ
1217 4247 1473 4320 ἱερεῦσιν,
1499 4250 1531 4318 ἡ
1558 4249 1759 4319 ἀμφοῖν

165 4344 282 4394 τοῖν
305 4339 490 4392 ποδοῖν
514 4337 709 4403 κλίσις,
752 4338 852 4390 οὐκ
896 4337 1128 4408 ἐχούσης
1168 4337 1325 4391 τοῦτο
1364 4338 1462 4409 τῆς
1500 4337 1608 4390 τῶν
1648 4338 1759 4392 λει-

1948 3596 2265 3655 Communia
2297 3595 2511 3664 quidem
2541 3602 2668 3647 sunt
2702 3602 2754 3647 et
2785 3587 3148 3661 pontiﬁcibus,
3182 3594 3234 3639 et
3267 3597 3450 3637 sacer-

1874 3692 2114 3757 dotibus,
2147 3699 2201 3745 et
2228 3688 2492 3743 ministris
2522 3703 2640 3740 cum
2671 3691 3077 3747 consecrantur,
3104 3692 3354 3732 accessus
3382 3676 3450 3729 ad

1874 3785 2117 3851 divinum
2152 3782 2360 3845 altare,
2409 3796 2639 3849 genuum
2670 3776 2829 3833 ﬂexio
2853 3820 2868 3845 ,
2921 3776 3208 3847 pontiﬁciis
3259 3788 3451 3829 manus

1871 3874 2142 3946 impositio
2169 3914 2184 3937 ,
2214 3874 2390 3928 crucis
2419 3870 2702 3941 impressio
2729 3912 2744 3933 ,
2774 3869 3086 3938 praedicatio
3113 3910 3127 3932 ,
3162 3868 3455 3937 perﬁciens

1867 3966 2161 4031 salutatio;
2219 3964 2488 4034 praecipua
2543 3977 2672 4015 vero
2723 3972 2780 4015 et
2816 3959 3087 4029 episcopis
3115 3958 3333 4028 propria
3367 3966 3452 4011 est

1868 4058 2274 4127 Scripturarum
2323 4071 2481 4123 supra
2512 4063 2673 4124 caput
2703 4053 2977 4122 impositio
3001 4093 3015 4119 ,
3053 4051 3193 4121 quod
3227 4048 3451 4103 inferio-

1863 4167 1952 4210 res
1980 4154 2195 4207 ordines
2225 4167 2329 4206 non
2360 4150 2595 4213 habent;
2631 4148 3007 4203 sacerdotibus
3038 4157 3217 4199 autem
3250 4143 3453 4196 utrius-

1866 4258 1972 4312 que
2012 4242 2163 4312 pedis
2200 4240 2484 4295 inclinatio
2512 4281 2527 4304 ,
2572 4255 2682 4308 quo
2731 4247 2879 4291 caret
2916 4234 3258 4289 consecratio
3297 4229 3454 4283 inini-

1863 4347 2133 4401 strorum,
2164 4334 2393 4387 ministri
2424 4331 2589 4399 enim,
2617 4340 2673 4384 ut
2698 4330 2903 4385 dictum
2937 4340 3039 4392 est,
3069 4327 3296 4380 alterum
3323 4331 3443 4375 tan-

166 4426 424 4497 τουργῶν
455 4424 785 4490 τελειώσεως
804 4443 817 4455 ·
843 4429 890 4479 οἰ
916 4426 1025 4498 γὰρ
1055 4426 1376 4498 λειτουργοὶ,
1403 4426 1586 4490 καθὼς
1612 4427 1762 4500 εῖοη-

1876 4439 1980 4483 tum
2006 4442 2143 4497 genu
2171 4426 2415 4481 ﬂectunt.
2504 4457 2511 4463 -

166 4533 282 4583 ται,
313 4519 407 4573 τὸν
429 4519 525 4571 ἕνα
546 4518 812 4572 κλίνουσιν
841 4520 955 4573 τοῖν
983 4517 1163 4571 ποδοῖν
1188 4517 1367 4589 μόνον.

1722 4635 1750 4707 §
1785 4633 1866 4696 II.

251 4777 325 4831 'H
356 4777 457 4849 μέν
489 4771 584 4831 οῦν
623 4776 714 4829 ἐπὶ
740 4775 801 4829 τὸ
827 4775 968 4829 θεῖον
1014 4762 1396 4848 θυσιαστήριον
1436 4777 1771 4849 προσαγωγὴ

170 4872 268 4925 καὶ
297 4869 618 4931 ῦπόπτωσις
645 4868 943 4920 αἰνίσσεται
969 4869 1103 4920 πᾶσι
1132 4870 1244 4932 τοῖς
1275 4868 1564 4938 ἰερατικῶς
1590 4869 1775 4921 τελου-

171 4964 384 5034 μένοις,
445 4962 755 5015 ὑποτιθέναι
789 4960 1016 5015 καθόλου
1040 4962 1084 4992 ⁷¹
1140 4962 1444 5037 τελετάρχῃ
1498 4962 1617 5033 Θεῷ
1671 4964 1772 5035 τὴν

166 5056 384 5109 οἰκείαν
414 5053 581 5125 ζωὴν,
616 5054 710 5106 καὶ
737 5054 837 5125 τὴν
873 5052 1082 5108 ἑαυτῶν
1124 5054 1316 5127 νοερὰν
1353 5056 1604 5128 ὀλότητα,
1637 5057 1773 5110 πάν-

168 5166 341 5219 αγνον
403 5146 553 5217 αὑτῷ
617 5149 711 5225 καὶ
754 5147 1166 5219 καθιερωμένην
1220 5152 1625 5219 προσαγαγεῖν,
1676 5150 1772 5203 καὶ

166 5241 395 5313 ὁμοειδῆ
419 5242 483 5307 τ’,
529 5241 641 5304 καὶ,
688 5239 762 5304 ὡς
791 5239 1048 5304 δυνατὸν,
1085 5239 1240 5304 ἀξίαν
1281 5236 1447 5294 οὖσαν
1483 5241 1577 5294 τοῦ
1608 5242 1769 5314 θεαρ-

172 5330 343 5401 χικοῦ
373 5331 467 5383 καὶ
508 5327 917 5397 παναγεστάτου
964 5328 1058 5380 καὶ
1101 5327 1298 5399 ἱερείου
1339 5329 1435 5380 καὶ
1473 5329 1768 5399 θυσιαστη-

172 5424 296 5492 ρίου
320 5423 367 5454 ⁷³
405 5421 500 5475 τοῦ
542 5418 923 5492 καθιεροῦντος
957 5419 1243 5493 ίερατικῶς
1281 5421 1408 5484 τοὺς
1450 5420 1702 5483 θεοειδεῖς
1723 5420 1771 5451 ⁷³

172 5517 328 5579 νὸας.

1949 4777 2135 4844 Itaque
2182 4791 2436 4831 accessus
2466 4773 2555 4829 ille
2587 4773 2652 4827 ad
2686 4769 2930 4827 divinum
2985 4766 3156 4821 altare
3196 4779 3452 4836 genuum-

1876 4888 1981 4943 que
2012 4871 2176 4926 ﬂcxio
2226 4872 2465 4927 insinuat
2516 4868 2768 4923 omnibus
2804 4866 2869 4919 iis
2903 4863 2992 4934 qui
3026 4861 3199 4916 sacris
3244 4858 3461 4914 ordini-

1874 4968 1976 5021 bus
2008 4964 2312 5027 initiantur,
2340 4962 2502 5015 vitam
2532 4958 2809 5030 propriatn
2843 4955 2952 5010 Dco
2977 4995 2992 5018 ,
3028 4949 3459 5008 consecrationis

1876 5059 2108 5123 auctori,
2141 5056 2358 5126 penitus
2385 5051 2800 5121 subjiciendam,
2856 5062 2957 5102 nec
2997 5063 3105 5100 non
3155 5042 3454 5114 spiritalem

1878 5146 2243 5216 integritatem
2298 5147 2520 5201 omnino
2576 5158 2767 5214 puram
2835 5148 3230 5213 purgatumque
3296 5144 3459 5201 atque

1879 5241 2200 5296 uniformem
2234 5238 2561 5294 olierendam
2595 5250 2749 5302 esse,
2790 5236 2883 5299 nt,
2914 5244 3173 5303 quantum
3212 5228 3326 5284 ﬁeri
3357 5244 3460 5297 po-

1882 5344 2024 5397 test,
2058 5335 2215 5403 digna
2265 5334 2335 5387 sit
2383 5331 2564 5386 divino
2613 5328 2812 5398 templo
2860 5335 2915 5382 et
2963 5324 3121 5379 altari
3173 5320 3333 5390 eius,
3370 5322 3460 5391 qui

1878 5424 2134 5480 sanetiori
2188 5424 2398 5477 ratione
2448 5421 2743 5477 deiformes
2777 5427 2986 5474 mentes
3014 5423 3315 5471 consecrat.

1502 5625 1733 5681 VARI/P3
1769 5623 2163 5686 LECTIONES.

249 5768 296 5799 ⁸⁵
334 5764 547 5835 ἀποκλη
556 5765 764 5835 ρὼσεις.

845 5763 971 5837 “ﬁo
996 5765 1138 5819 θείου
1168 5765 1380 5837 θησίας,
1417 5766 1517 5823 Ch.
1545 5766 1603 5821 D.

180 5838 428 5908 στηρίου,
457 5838 514 5894 S.
548 5838 608 5893 Ρ.
638 5838 699 5894 υ.

812 5838 855 5869 ⁷⁵
882 5834 1074 5901 θείους.

1681 5766 1719 5797 τ’
1745 5763 1868 5823 add.
1899 5760 1992 5834 τῷ.

2074 5765 2117 5797 ⁷²
2152 5763 2341 5821 desunt
2378 5761 2492 5819 lucc
2530 5759 2582 5817 in
2615 5758 2670 5815 S.
2691 5768 2744 5814 ct
2765 5758 2824 5815 Ρ.
2903 5757 2947 5791 ⁷³
2974 5756 3064 5809 καὶ
3094 5748 3243 5826 ἱεροῦ
3270 5751 3455 5811 θυσια-

2164 5887 2196 5910 φ
