3874 6228
197 291 302 347 Si?»

1266 289 1353 347 DF.
1397 291 1673 351 ECCLES.
1713 293 2112 362 HIER.\RCH.,
2148 297 2301 355 CAP.
2343 297 2405 351 ιν.

3361 297 3421 353 {il
3432 299 3466 353 -ι

192 410 403 481 κλήρου
447 410 681 474 θειωὸῶς
725 407 1171 481 ἁναδεδειγμένον
1218 411 1296 477 εἱς
1336 413 1428 465 τὸν
1471 413 1571 482 τῆς
1623 413 1782 481 ἁγίας

1891 431 2006 468 rum
2065 415 2394 485 implendum
2454 418 2834 480 congregatus,
2899 424 3130 466 summa:
3187 408 3469 464 Divinitati

191 502 610 568 δυοκαιδεκάδος
646 503 956 576 ίεραρχικὸν
1009 504 1241 575 ἀριθμὸν
1293 505 1613 569 εἰσεδέξατο.
1652 505 1787 578 Περὶ

190 596 246 648 δὲ
281 597 378 649 τοῦ
413 597 560 650 θείου
595 599 792 670 ultima
826 599 920 652 τοῦ
958 598 1034 669 τῷ
1067 598 1283 669 Ματθίᾳ
1330 597 1563 660 θειωὸῶς
1589 598 1783 650 ἐπιπε-

195 689 382 752 σόντος
438 690 683 760 ἓτεροι⁸³
746 691 842 761 μὲν
875 690 1007 744 ἄλλα
1059 691 1342 760 εἰρήκασιν
1385 690 1483 741 οὐκ
1529 689 1783 756 εὐαγῶς,

189 780 267 844 ὠς
301 777 480 851 οἶμαι,
516 781 614 852 τὴν
639 782 777 852 ἐμὴν
811 782 866 834 δὲ
900 781 994 834 καὶ
1026 782 1188 844 αὐτὸς
1223 780 1428 834 ἔννοιαν
1461 781 1590 852 ἐρῶ.
1628 783 1786 834 Δοκεῖ

191 874 304 944 γάρ
343 891 434 942 μοι
475 875 544 924 τὰ
577 873 732 940 λόγια
762 873 963 944 κλῆρον
996 874 1260 942 ὀνομάσαι
1292 871 1580 942 θεαρχικὸν
1605 889 1656 925 τι
1683 871 1786 924 δῶ-

196 979 306 1031 ρον.
347 963 649 1033 ὑπώηλοῦν
682 963 872 1033 ἐκείνῳ
899 964 978 1034 τῷ
1022 963 1320 1036 ἱεραρχικῷ
1364 964 1509 1035 χορῷ
1549 965 1638 1016 τὸν
1682 963 1787 1016 ὑπὸ

189 1056 294 1124 τῆς
331 1055 484 1119 θείας
515 1057 748 1127 ἐκλογῆς
789 1057 1235 1126 ἀναδεδειγμένον
1257 1073 1270 1087 ο
1314 1057 1453 1128 πλήν
1487 1074 1548 1124 γε
1577 1057 1657 1108 ὅτι
1695 1056 1786 1108 τὸν

191 1147 339 1201 θεῖον
372 1150 634 1220 ίεράρχην
661 1151 760 1203 οὐκ
788 1151 1158 1221 αὑτοκινήτως
1184 1151 1290 1222 χρὴ
1317 1150 1413 1213 τὰς
1443 1149 1721 1220 ἱερατικὰς
1741 1150 1787 1180 ⁸⁸

191 1239 468 1291 ποιεῖσθαι
491 1239 912 1312 τελεσιουργίας,
937 1241 1050 1293 ἀλλ’
1071 1240 1175 1292 ὑπὸ
1198 1241 1316 1311 θεῷ
1329 1240 1564 1293 κινοῦντι
1585 1240 1786 1304 ταύτας

193 1332 531 1404 ἱεραρχικῶς
565 1336 659 1387 καὶ
689 1335 953 1406 οὐρανίως
980 1335 1398 1407 τελεσιουργεῖν.

1887 505 2166 561 electionis
2215 519 2410 558 munus
2451 510 2766 556 reverenter
2816 503 3025 569 cessit,
3057 517 3181 556 eum
3225 501 3333 556 ait:
3363 501 3457 556 Os-

1891 598 2045 652 tende
2114 613 2266 667 quem
2340 597 2557 664 elegeris
2592 593 2635 661 1;
2721 609 2956 664 emnque
3042 609 3203 661 quem
3291 594 3470 648 divina

1903 705 2026 744 sors
2092 689 2472 758 designaverat
2541 702 2697 742 sacro
2766 686 2839 740 illi
2923 685 3256 740 duodenario
3318 683 3470 740 hier-

1905 779 2129 834 archico
2186 777 2585 832 annumeravit.
2627 776 2762 830 Cum
2810 786 2987 828 autem
3039 774 3107 828 de
3148 773 3328 827 divina
3379 773 3469 826 illa

1892 883 2057 937 sorte,
2086 887 2205 943 qua:
2239 870 2499 925 divinitus
2543 885 2708 938 super
2765 868 3043 923 Matthiam
3097 866 3332 929 cecidit,
3379 865 3467 919 alii

1893 965 1963 1019 ab
1989 964 2144 1025 aliis,
2197 978 2316 1018 meo
2345 962 2562 1031 quidem
2610 960 2859 1030 judicio,
2899 976 3002 1013 non
3056 967 3205 1011 recte
3254 957 3468 1011 diversa

1887 1059 2195 1121 senserint,
2227 1072 2400 1111 meam
2453 1056 2565 1123 ipse
2613 1054 2939 1108 sententiam
2993 1067 3287 1120 exponam.
3339 1049 3467 1104 Mihi

1885 1152 2029 1204 enim
2065 1151 2276 1205 videtur
2317 1149 2600 1217 Scriptura
2652 1156 2854 1201 sortem
2905 1145 3184 1214 appellare
3221 1143 3467 1196 divinum

1887 1243 2014 1295 illud
2049 1258 2266 1306 IlllllttlS,
2298 1256 2404 1310 quo
2443 1239 2823 1294 declarabatur
2865 1238 3034 1292 choro
3087 1237 3467 1300 hierarchico,

1886 1336 2135 1404 quisnam
2189 1333 2373 1386 divino
2422 1329 2680 1396 suﬂ'ragio
2729 1329 2936 1382 electus
2984 1337 3142 1381 erat:
3198 1328 3468 1394 siquidem

192 1427 416 1480 divinus
467 1428 709 1496 pontifex
761 1443 1100 1498 nequaquam
1157 1441 1301 1481 motu
1345 1429 1566 1500 proprio
1631 1442 1816 1483 sacros
1872 1427 2093 1481 ordines
2143 1425 2397 1481 conferre
2447 1426 2639 1492 debet,
2691 1424 2784 1480 sed
2847 1433 2905 1478 ut
2952 1425 3106 1478 decet
3162 1421 3468 1492 pontiﬁcem

191 1519 418 1573 eosdem
455 1519 717 1575 instinctu
751 1521 842 1575 Dei
875 1521 1132 1576 divinitus
1171 1522 1472 1580 celebrare.

1752 1675 1780 1748 ᾗ
1814 1673 1923 1736 Vl.

274 1835 335 1889 '0
361 1835 420 1888 δὲ
443 1836 580 1907 πρὸς
610 1836 688 1907 τῷ
714 1837 856 1891 τέλει
883 1839 983 1908 τῆς
1030 1841 1314 1911 ἱερατικῆς
1344 1840 1674 1905 τελειώσεως
1719 1841 1784 1894 ὰ.-
1818 1849 1860 1908 Β

193 1929 453 1998 σπασμὸς
477 1928 629 1999 ἱερὰν
656 1929 891 2000 ἔμφασιν
920 1931 1052 2001 ἔχει.
1074 1933 1278 1996 Πάντες
1295 1933 1404 2004 γὰρ
1429 1933 1542 1985 ὅσοι
1565 1933 1785 2004 πάρεισι

188 2019 301 2072 τῶν
341 2021 634 2091 ἱερατικῶν
668 2023 820 2086 ὄντες
860 2023 1101 2090 τάξεων,
1144 2024 1280 2078 ἀλλὰ
1311 2028 1404 2078 καὶ
1439 2025 1600 2090 αὐτὸς
1643 2026 1671 2077 ὁ
1695 2041 1786 2077 τε-

189 2111 353 2177 λέσας
388 2115 669 2184 ἱεράρχης,
698 2117 1031 2179 ἀσπάζονται
1061 2117 1154 2170 τὸν
1180 2117 1580 2188 τετελεσμένον.
1618 2118 1787 2170 Ὅταν

189 2207 301 2277 γὰρ
331 2208 632 2278 ἱερατικαὶς
665 2208 810 2273 ἕξεσι
841 2211 936 2264 καὶ
964 2211 1249 2282 δυνάμεσι,
1281 2211 1372 2264 καὶ
1411 2211 1532 2281 θείᾳ
1575 2209 1785 2281 κλήσει,

189 2300 285 2352 καὶ
333 2299 622 2368 ἁγιαστείᾳ
649 2339 664 2361 ,
713 2302 849 2368 πρὸς
897 2302 1173 2374 ἱερατικὴν
1220 2302 1626 2373 τελεσιουργίαν
1658 2303 1785 2371 ἀφί-

190 2407 358 2461 κηται
397 2391 522 2456 νοῦς
562 2393 702 2464 ἱερὸς
726 2436 740 2458 ,
779 2396 1004 2466 ἐραστάς
1047 2397 1161 2449 ἐστι
1210 2399 1331 2461 ταῖς
1369 2395 1658 2466 ὁμωαγέσι
1694 2397 1786 2448 καὶ

191 2480 522 2553 ὶερωτάταις
565 2485 800 2551 τάξεσιν,
833 2489 912 2550 εἰς
951 2487 1012 2540 τὸ
1050 2488 1444 2542 θεοειδέστατον
1483 2488 1786 2559 ἀνηγμένος

188 2571 234 2601 ⁸⁸
266 2573 486 2637 κάλλος,
518 2576 660 2646 ἐρῶν
689 2577 798 2630 τῶν
833 2580 1093 2649 ὁμοειδῶν
1120 2579 1254 2632 νοῶν
1272 2581 1317 2611 ⁸⁵
1337 2619 1352 2644 ,
1399 2580 1496 2633 καὶ¹
1524 2579 1660 2650 πρὸς
1687 2580 1786 2631 αὺ-

187 2665 300 2718 τῶν
358 2667 519 2737 ἱερῶς
573 2669 965 2741 ἁντερὼμενος.
1015 2671 1205 2724 Ἔνθεν
1266 2673 1296 2724 ὁ
1343 2673 1480 2743 πρὸς
1529 2672 1787 2744 ἀλλήλους

192 2759 472 2831 ἰερατικὸς
507 2763 796 2832 ἀσπασμὸς
831 2767 1196 2836 ἱερουργεῖται
1216 2806 1232 2830 ,
1262 2766 1359 2837 τὴν
1388 2766 1496 2818 τῶν
1524 2765 1786 2837 ὁμοειδῶν

189 2852 331 2905 νοῶν
380 2855 533 2922 ἱερὰν
569 2857 853 2909 κοινωνίαν
901 2857 1183 2927 ὑποδηλῶν
1207 2897 1223 2921 ,
1257 2861 1351 2912 καὶ
1377 2859 1478 2929 τὴν
1505 2859 1593 2911 ἐπ’
1622 2861 1786 2932 ἀλλή-

189 2944 304 3008 λοις
353 2948 592 3017 ἐραστὴν
652 2948 990 3020 εὐφροσύνην
1015 2985 1030 3013 ,
1063 2949 1138 3012 ὡς
1173 2950 1481 3022 ὁλοκλήρως
1496 2951 1538 2981 ⁸⁷
1569 2949 1787 3004 ἀποσώο

191 3035 393 3101 ζουσαν
421 3043 669 3113 ίερατικῇ
706 3041 982 3112 μορςιςώσει
1019 3041 1080 3096 τὸ
1113 3043 1508 3098 θεοειδέστατον
1536 3043 1748 3110 κάλλος.

1964 1838 2130 1893 Porro
2163 1840 2252 1893 illa
2285 1837 2538 1892 salutatio
2565 1851 2685 1907 qum
2712 1837 2814 1892 sub
2855 1836 3017 1891 linem
3063 1851 3341 1889 sacrarum
3373 1850 3470 1888 or-

1890 1935 2230 1988 tlinalionum
2259 1935 2566 1998 adhibetur,
2586 1931 2727 1986 sacri
2751 1929 3029 2001 quidpiam
3057 1929 3250 1983 innuit.
3274 1929 3468 1984 Cttncti

1886 2027 2028 2081 enim
2078 2026 2244 2097 239
2288 2028 2379 2096 qui
2437 2035 2614 2080 astant
2658 2041 2723 2079 ex
2778 2024 2951 2078 sacris
2998 2021 3299 2086 ordinibus,
3333 2022 3474 2091 ipsc.-

1887 2136 1992 2186 que
2019 2122 2109 2189 qni
2136 2119 2483 2173 consecravit
2529 2115 2768 2187 pontifex
2791 2157 2806 2179 ,
2865 2117 2937 2169 ita
2966 2125 3349 2170 consecratum
3382 2128 3478 2167 sa-

1890 2214 2086 2268 lutant.
2115 2213 2248 2268 Cum
2280 2214 2424 2266 enim
2457 2227 2608 2266 mens
2652 2219 2838 2263 saneta
2890 2209 3256 2263 sacrosanctis
3307 2206 3468 2260 habi-

1891 2303 2031 2355 tilms
2061 2312 2116 2356 et
2149 2302 2460 2365 virtutibus,
2495 2301 2788 2366 divinaque
2823 2297 3103 2351 vocatione
3151 2309 3216 2348 ac
3261 2291 3470 2348 sancti-

1891 2394 2068 2446 munia
2103 2396 2168 2446 ad
2201 2395 2344 2446 sacri
2376 2392 2584 2446 ordinis
2620 2389 3089 2444 consecrationem
3121 2385 3431 2458 pervenerit
3454 2423 3478 2449 ,-

1892 2495 1999 2538 tnm
2027 2485 2278 2539 amabilis
2305 2486 2525 2540 exsistit
2555 2484 2853 2553 :eqnalibus
2885 2479 3352 2546 sanctissimisque
3383 2490 3483 2528 or-

1889 2578 2142 2640 dinibus,
2185 2587 2240 2631 et
2285 2578 2351 2629 ad
2403 2577 2641 2632 maxime
2687 2575 3006 2630 deiformem
3058 2580 3312 2640 provecta
3357 2567 3476 2636 pul-

1888 2667 2248 2722 chritudinem
2300 2678 2448 2720 amat
2492 2677 2548 2722 et
2594 2668 2708 2736 ipsa
2763 2676 2974 2720 mentes
3012 2664 3092 2718 sui
3129 2662 3372 2727 similes,
3421 2667 3485 2715 ct

1890 2761 1960 2813 ab
1991 2760 2185 2814 iisdem
2215 2770 2404 2814 sancte
2435 2760 2774 2812 redamatur.
2820 2758 2956 2812 llinc
2989 2768 3176 2812 sancta
3221 2758 3311 2812 illa
3357 2774 3476 2812 tnu-

1891 2861 1976 2906 tua
2007 2852 2372 2906 consalutatio
2401 2853 2451 2904 in
2478 2852 2650 2905 sacris
2670 2850 2955 2919 ordinibus
2983 2849 3316 2916 celebratur,
3347 2865 3470 2920 quae

1890 2938 2156 2992 mentium
2189 2938 2481 3008 aequalium
2513 2948 2916 2994 sacrosanctam
2949 2939 3189 2993 insinuat
3226 2955 3470 2992 commu-

1890 3029 2106 3084 nionem
2133 3070 2148 3094 ,
2191 3031 2590 3102 amabiletnque
2640 3041 2880 3085 mutuam
2931 3030 3174 3086 lwtitiam
3203 3071 3220 3095 ,
3274 3033 3476 3101 quippe

1890 3136 2009 3189 qua:
2059 3122 2377 3176 deil‘ormem
2434 3123 2669 3179 maxime
2719 3132 3055 3178 venustatem
3111 3124 3274 3178 totius
3327 3123 3472 3178 sacri

1807 3206 1851 3264 C
1887 3216 2096 3270 ordinis
2121 3224 2430 3270 conservat.

1739 3375 1768 3449 §
1810 3374 1949 3436 νη.

263 3539 455 3592 Ταῦτα
492 3531 599 3610 μὲν
625 3533 738 3604 οὖν,
775 3539 850 3604 ὄις
891 3539 1048 3611 ἔφην,
1083 3541 1199 3596 ἐστὶ
1234 3541 1302 3594 τὰ
1344 3542 1500 3596 κοινὰ
1531 3542 1630 3612 τῆς
1656 3539 1784 3612 ὅλης

191 3634 485 3705 ἱερατικῆς
513 3632 867 3698 τελειώσεως.
919 3635 976 3687 Ὀ
999 3635 1053 3687 δὲ
1089 3637 1352 3708 ἱεράρχης
1378 3637 1630 3709 ἔκκριτον
1671 3636 1782 3707 ἔχει

191 3727 294 3790 τὴν
330 3725 441 3778 τῶν
487 3725 683 3794 λογίων
727 3727 820 3778 ἐπὶ
876 3727 1117 3798 κεφαλῆς
1167 3731 1466 3802 ἱερωτάτην
1516 3730 1780 3784 ἐπίθεσιν.

205 3815 431 3887 Ἐπειδὴ
478 3817 587 3888 γὰρ
620 3820 652 3888 ἡ
689 3817 1006 3889 τελειωτικὴ
1049 3820 1150 3889 τῆς
1185 3822 1366 3892 πάσης
1406 3822 1677 3894 ἱερατείας
1701 3823 1785 3876 δύο

192 3928 360 3978 ναμις
399 3912 490 3962 καὶ
528 3911 806 3983 ἐπιστήμη
842 3914 954 3977 τοῖς
981 3913 1184 3977 ἐνθέοις
1224 3915 1504 3985 Ξεράρχαις
1535 3916 1640 3968 ὑπὸ
1682 3915 1782 3987 τῆς

194 3999 498 4069 θεαρχικῆς
527 3999 778 4071 δωρεῖται
804 4004 898 4054 καὶ
919 4002 1309 4075 τελεταρχικῆς
1337 4006 1687 4076 ἀγαθὸτητος,
1715 4011 1784 4060 εἱ-

191 4095 373 4157 κὸτως
424 4095 514 4146 ἐπὶ
555 4093 663 4146 τῶν
698 4095 1026 4167 ίεραρχικῶν
1073 4097 1322 4166 κεφαλῶν
1366 4099 1664 4152 ἐπιτίθεται
1715 4099 1784 4153 τὰ

195 4185 580 4256 θεοπαράδοτα
614 4185 788 4256 λὸγια,
822 4189 890 4240 τὰ
915 4190 1278 4260 περιεκτικῶς
1307 4191 1402 4245 καὶ
1432 4192 1783 4264 ὶπιστημονι-

194 4277 309 4340 κῶς
336 4277 382 4306 ⁸⁸
413 4278 778 4346 ὲκφαντορικὰ
806 4279 984 4350 πάσης
1020 4280 1315 4350 θεολογίας,
1340 4283 1644 4354 θεουργίας,
1675 4285 1785 4338 Oso-

194 4367 447 4437 φανείας,
479 4369 801 4438 ἱερολογίας,
840 4371 1168 4442 ἱερουργίας,
1200 4374 1279 4426 ἐνὶ
1303 4373 1444 4442 λόγῳ
1474 4374 1540 4439 ⁸⁸,
1565 4375 1781 4431 πάντων

192 4459 305 4513 τῶν
331 4459 492 4512 θείων
516 4462 610 4513 καὶ
634 4461 794 4531 ίερῶν
817 4461 994 4532 ἔργων
1017 4479 1076 4514 τε
1105 4465 1197 4516 καὶ
1222 4463 1393 4531 λόγων
1419 4464 1526 4518 τῶν
1553 4465 1658 4518 ὑπὸ
1682 4465 1781 4535 τῆς

192 4546 540 4618 ἀγαθουργοῦ
569 4547 826 4622 θεαρχίας
857 4550 903 4580 ’⁸
933 4553 998 4622 τῇ
1028 4551 1148 4604 καθ’
1179 4553 1324 4623 ἡμᾶς
1357 4553 1607 4624 ἱεραρχίᾳ
1631 4555 1784 4607 δεδω-

194 4638 471 4708 ρημένων,
503 4637 589 4701 ⁴ὠς
616 4638 711 4690 τοῦ
757 4638 1024 4702 θεοειδοῦς
1066 4641 1340 4711 ἱεράρχου,
1374 4640 1556 4710 πάσης
1579 4643 1678 4710 μὲν
1707 4642 1781 4693 ἱε-

193 4729 468 4799 ραρχικῆς
495 4728 779 4798 δυνάμεως
807 4729 1116 4801 ὁλοκλήρως
1141 4731 1475 4801 μεθέξοντος,
1507 4731 1698 4785 πασῶν
1724 4732 1781 4786 δὲ

1954 3538 2129 3605 Atque
2162 3537 2275 3594 haec
2313 3539 2555 3610 quidem,
2579 3539 2653 3593 uti
2682 3536 2820 3601 dixi.
2841 3540 3150 3595 communia
3179 3552 3301 3594 sunt
3327 3557 3358 3595 ιι
3386 3542 3452 3595 ii-

1885 3647 2058 3687 versze
2114 3647 2398 3687 sacrorum
2441 3633 2700 3687 ordinum
2759 3631 3063 3688 collationi.
3115 3633 3288 3687 llabet
3343 3649 3473 3688 vero

1883 3725 2127 3794 pontifex
2171 3723 2505 3794 peculiarem
2547 3723 2691 3778 illam
2737 3724 3164 3778 sacratissimam
3216 3725 3475 3792 Eloquiu-

1887 3837 2003 3874 l'lllll
2044 3836 2203 3889 supra
2235 3830 2396 3890 caput
2421 3819 2842 3888 impositiouem.
2869 3819 3005 3872 Cum
3031 3821 3174 3872 enim
3211 3818 3471 3886 perlecti-

1883 3929 1946 3966 va
1979 3928 2207 3981 qua-que
2237 3913 2378 3966 sacri
2417 3912 2626 3965 ordinis
2657 3912 2738 3964 vis
2781 3921 2946 3983 atque
2987 3913 3223 3964 scientia
3274 3912 3473 3966 divinis

1885 4004 2233 4074 pontificibus
2266 4021 2294 4056 a
2324 4004 2510 4057 divino
2556 4004 2841 4073 principali
2893 4003 3263 4072 ordinumque
3307 4004 3473 4073 origi-

1885 4095 1993 4148 nali
2020 4097 2265 4149 bonitate
2294 4097 2650 4161 concedatur,
2702 4097 2898 4150 merito
2926 4096 3245 4166 pontilicum
3281 4099 3473 4164 capiti.

1883 4190 1984 4242 bus
2014 4189 2242 4257 Eloquia
2271 4190 2537 4243 divinitus
2564 4191 2760 4242 tradita
2787 4189 3154 4256 imponuntur,
3191 4203 3310 4256 qum
3342 4203 3471 4240 con-

1884 4281 2057 4332 tinent
2096 4289 2488 4349 exponuntque
2519 4280 2656 4334 scite
2691 4295 2908 4334 omnem
2946 4280 3302 4348 theologiam,
3348 4281 3471 4334 hei-

1882 4387 1988 4441 que
2020 4389 2141 4425 cum
2175 4376 2545 4441 operationem
2599 4384 2709 4426 tum
2742 4373 3160 4442 apparitiouem,
3211 4388 3466 4426 sacrum-

1882 4477 1988 4528 que
2016 4478 2325 4516 sermonem
2365 4473 2420 4517 et
2449 4463 2721 4519 actionem
2750 4480 2764 4524 ;
2814 4478 3032 4531 unoque
3067 4465 3251 4525 verbo.
3287 4465 3467 4518 divina

1882 4558 2064 4607 omnia
2092 4571 2360 4624 sat'raqtte
2387 4571 2550 4625 Opera
2582 4573 2645 4610 ae
2683 4553 2868 4618 verba,
2894 4572 3014 4624 quae
3053 4572 3080 4608 a
3110 4557 3355 4609 benelico
3387 4559 3470 4610 di-

1882 4648 2011 4699 vino
2064 4648 2369 4715 principatu
2418 4663 2575 4701 sacro
2618 4659 2808 4702 nostro
2841 4649 3016 4702 ordini
3049 4647 3280 4712 indulta,
3313 4649 3379 4701 ita
3411 4659 3469 4702 ut

1883 4740 2124 4806 pontilex
2161 4739 2440 4794 dcilormis
2459 4741 2637 4795 omnis
2660 4741 2878 4810 quidem
2914 4740 3132 4792 virtutis
3161 4739 3465 4792 hirrarchi-

189 4820 300 4873 τῶν
333 4819 666 4891 ἱεραρχικῶν
699 4820 1007 4890 ίερολογιῶν
1055 4838 1113 4873 τε
1167 4822 1258 4874 καὶ
1317 4821 1636 4893 ἱερουργιῶν
1682 4824 1779 4894 τὴν

1891 4849 1960 4884 ea:
1989 4831 2147 4899 plane
2173 4833 2441 4901 particeps
2467 4833 2715 4899 exsistat,
2738 4833 2975 4885 omnium
3005 4847 3134 4886 vero
3166 4835 3471 4902 sacroliritt-

190 4911 368 4981 ἀληθῆ
401 4912 496 4965 καὶ
519 4910 912 4978 θεοπαράόοτον
936 4913 1263 4984 ἐπιστήμην,
1287 4914 1385 4965 οὐκ
1410 4914 1780 4986 ελλαμφθησο-

193 5001 362 5070 μένου
409 5001 593 5071 μόνον,
647 5001 783 5055 ἀλλὰ
816 5003 908 5056 καὶ
945 5005 1152 5076 ἑτέροις
1194 5005 1504 5074 ἀνιλογίαις
1539 5009 1782 5078 ίεραρχι-

189 5096 320 5158 καῖς
345 5094 768 5164 μεταδώτοντης,
799 5098 893 5149 καὶ
917 5098 1456 5168 τελεσιουργήσοντος
1484 5102 1541 5152 ἐν
1571 5101 1780 5156 θειοτά-

186 5203 315 5250 ταις
336 5187 594 5254 γνώσεσι,
622 5190 714 5242 καὶ
741 5190 1072 5262 ἀκροτάταις
1091 5192 1420 5262 ἀναγωγαῖς,
1447 5195 1780 5266 ἱεραρχικῶς

309 5343 327 5383 ι
360 5346 481 5401 Act.
529 5362 569 5412 t,
605 5346 698 5402 2t.

1885 4923 2143 4989 cipalittm
2180 4923 2535 4992 Eloquiorum
2567 4934 2621 4977 et
2653 4927 3028 4992 npcrationum
3062 4925 3170 4976 veri
3202 4934 3346 4976 atcm
3389 4925 3469 4975 di-

1885 5016 2204 5084 vinitusque
2245 5016 2498 5070 traditam
2532 5017 2814 5070 scientiam
2841 5034 2945 5068 non
2975 5024 3182 5068 tantum
3219 5033 3314 5084 per
3349 5017 3469 5068 illu-

1889 5109 2212 5160 strationem
2259 5121 2582 5176 act-cpturus
2623 5112 2713 5171 sit,
2764 5125 2950 5162 verum
2995 5111 3156 5161 etiam
3211 5126 3259 5160 ιιι
3308 5108 3466 5172 alios,

1889 5213 1987 5267 pro
2013 5201 2276 5268 cujusque
2302 5201 2365 5253 ad
2394 5216 2480 5253 res
2504 5218 2693 5255 saetas
2717 5201 3042 5271 capacitate,
3069 5202 3465 5262 translusnrus,

1518 5511 1748 5568 VARI]:
1787 5514 2188 5576 LECTIONI‘IS.

260 5625 400 5708 211.
431 5625 696 5707 ᾖθέντρς.
723 5626 1270 5708 ἄλλοιζξςιιαλτιιειιιιιιδ
1311 5629 1460 5686 Scal.
1517 5634 1581 5708 _""
1617 5636 1954 5708 ίερχρχικάς.
2001 5639 2101 5689 tih.
2147 5638 2316 5706 ἱεράς,
2356 5638 2413 5690 S.
2473 5639 2517 5671 ’³⁸
2548 5636 2922 5708 ςῖινσιγὸμενος,Δ
2948 5630 3346 5708 διηκῂγμένος,
3390 5629 3459 5684 Μ.

257 5696 310 5725 ⁸⁸
346 5697 508 5766 ἱερῶν
533 5696 689 5761 νοῶν,
719 5704 816 5752 Litt.

893 5699 934 5730 ⁸⁷
973 5702 1246 5768 subiungi:
1297 5705 1482 5772 ἱερὼς,
1516 5703 1572 5758 Ρ.

223 5766 375 5829 γίας.
409 5769 448 5820 li
515 5771 572 5821 ὃ.

1678 5714 1724 5737 ⁸³
1751 5708 2148 5777 ἐπιστημόνως,
2193 5713 2293 5762 ιλιι.

2626 5716 2668 5739 ⁵⁷⁸
2796 5719 2852 5752 τε
2871 5703 3031 5772 λόγῳ,
3212 5705 3256 5734 νο
3273 5703 3453 5771 θεουρι

2364 5710 2425 5763 ν.
2478 5712 2547 5762 Μ.
