3874 6228
423 267 533 329 519

1598 272 1654 325 S.
1694 270 1988 329 DIONYSII
2032 272 2501 335 AM'ZOPAGITJ'Z

3588 276 3698 337 520

424 384 753 467 terdirectg!
785 386 1006 467 fuerunt
1044 387 1097 441 itt
1124 385 1360 467 Μηιιιιίιι
1397 386 1689 467 electione.
1742 384 1930 467 Itaque
1958 396 2137 467 sortes
2175 390 2473 467 συνίδοι-ξπ,
2508 409 2629 463 quae
2673 408 2779 467 nec
2809 395 3021 467 cedunt
3049 396 3104 451 in
3134 394 3392 467 iniuriam
3428 398 3575 452 tertii
3601 411 3693 457 aut

424 457 567 536 reip.
591 466 681 512 aut
705 455 981 536 Ecclesiae.
1014 474 1188 536 neque
1214 462 1459 526 irrogant
1489 459 1907 536 irreyerentiam
1934 460 2099 512 rebus
2123 463 2317 536 sacris,
2344 473 2401 517 ut
2424 455 2553 536 dum
2583 466 2876 521 hereditas
2898 465 3122 536 profana
3151 455 3315 522 datur
3344 470 3585 522 sortibus
3601 455 3693 526 ac;

422 528 599 607 θερίζει
630 543 696 581 ex
733 528 872 607 libro
892 530 1326 607 _Eta‘ngeliorum
1348 569 1364 593 ,
1389 528 1689 607 etc.,licit:e
1711 537 1837 583 sunt
1875 539 2066 607 natura
2100 544 2217 584 sua.
2252 532 2613 607 Consultorize
2642 548 2825 607 autem
2864 528 2919 591 et
2946 538 3295 593 divinatoriae
3326 554 3690 607 nequaquam,

425 599 527 675 nisi
560 596 862 675 intercedat
891 596 1177 675 inspiratio
1204 600 1411 661 divina,
1444 604 1526 675 vel
1559 615 1755 675 magna
1808 600 2136 675 necessitate
2164 614 2399 675 urgente
2435 606 2595 658 aliter
2632 606 2855 660 dubium
2904 609 3084 661 dirimi
3128 610 3339 675 nequit,
3392 596 3691 664 tunc-emta

423 666 639 731 liceret,
675 666 1264 748 praernissa'uratinne,
1291 683 1441 723 sorte
1473 666 1922 748 illuduiiirimer'e.
1948 668 2014 722 Et
2055 670 2133 748 sic
2158 666 2473 743 S.I\ngust.
2517 678 2570 731 in
2622 680 2762 748 psal.
2808 693 2916 733 xxx
2963 680 3115 744 dicit,
3166 666 3345 736 sortes
3381 680 3520 734 nihil
3547 681 3690 736 aliud

423 752 569 804 esse,
610 755 775 809 quam
810 740 861 794 in
888 742 1229 797 dubitatione
1252 742 1490 797 humana
1522 739 1784 794 indiciuut
1816 738 2014 793 divina:
2038 738 2358 800 voluntatis:

1468 1029 1958 1087 PARAPHRASIS
2005 1028 2454 1086 PACIIYMEBAE
2493 1030 2632 1101 (‘26).

490 1168 520 1243 ι
555 1170 594 1224 1.
628 1169 753 1224 llaec
777 1170 842 1223 de
861 1170 1042 1225 divino
1063 1171 1397 1242 mysticoque
1423 1182 1719 1241 unguento;
1748 1182 1983 1227 cmternn

2180 1172 2208 1244 §
2244 1171 2279 1224 1.
2324 1171 2509 1225 Ταῦτα
2535 1170 2604 1224 τὰ
2630 1170 2757 1241 περὶ
2782 1168 2874 1222 τοῦ
2904 1169 3047 1221 θείου
3082 1168 3176 1222 καὶ
3204 1169 3466 1240 μυστικοῦ
3495 1168 3685 1239 μύτου.

418 1266 580 1318 modo
621 1273 834 1331 tempus
860 1280 890 1317 e
926 1272 946 1317 t
989 1265 1294 1332 exponendi
1328 1264 1587 1333 ipsosmet
1622 1279 1813 1319 sacros
1849 1267 1998 1318 ordi-

416 1371 538 1419 nes.
593 1370 658 1411 ac
701 1356 1022 1411 sortitiones
1057 1371 1151 1409 seu
1201 1356 1634 1412 distributiones.
1668 1356 1779 1410 Hac
1812 1367 1998 1413 autem

415 1459 551 1501 voce
578 1448 766 1513 utitur,
809 1448 935 1515 quia
979 1446 1206 1516 quilibet
1237 1449 1371 1501 ordo
1400 1448 1811 1504 ecclesiasticus
1842 1465 2001 1520 sepa-

414 1539 572 1595 ratim
600 1538 763 1594 habet
785 1539 1158 1595 ecclesiastica
1204 1539 1513 1594 ministeria
1540 1551 1691 1596 sorte
1727 1542 1997 1611 quodam-

414 1634 574 1688 modo
610 1633 714 1686 sibi
737 1632 1021 1695 attributa,
1048 1649 1169 1703 qua:
1198 1636 1478 1703 praeterire
1511 1636 1719 1705 nequit.
1756 1634 1998 1692 Virtutes

411 1733 593 1778 autem
630 1733 684 1777 et
719 1724 967 1779 actiones
999 1739 1107 1777 uno
1133 1724 1434 1794 eodemque
1461 1740 1628 1779 sensu
1656 1726 1904 1795 accipere
1934 1725 1999 1778 Ii-

410 1825 555 1881 ceat,
614 1831 738 1869 cum
789 1816 930 1869 idem
991 1814 1254 1869 valeant:
1289 1817 1557 1886 siquidem
1606 1818 1818 1871 dicendi
1872 1826 1998 1871 sunt

409 1908 787 1963 doctrinaliter
820 1907 1076 1977 expiandi
1117 1917 1172 1962 et
1218 1909 1561 1964 illuminandi
1597 1909 1704 1963 vim
1731 1918 1785 1963 et
1816 1908 1996 1963 enica-

411 2002 557 2073 ciam
588 2004 857 2059 obtinere.
905 2002 1145 2057 Primum
1176 2005 1321 2058 enim
1355 2019 1665 2073 possumus,
1704 2020 1767 2058 ac
1798 2004 1996 2058 deinde

411 2096 651 2164 agimus.
681 2093 872 2150 Liceat
901 2110 1117 2165 quoque
1141 2094 1302 2149 aliter
1326 2096 1685 2166 distinguere.
1719 2112 1783 2150 ac
1818 2098 1993 2151 virtu-

410 2197 493 2242 tes
526 2189 743 2257 quidem
774 2188 1025 2256 accipere
1049 2203 1147 2257 pro
1176 2188 1333 2243 donis
1365 2189 1703 2257 spiritalibus
1734 2205 1799 2244 ac
1825 2192 1988 2244 tueri-

410 2283 517 2349 tis;
560 2282 805 2336 actiones
829 2296 957 2335 vero
989 2297 1088 2350 pro
1118 2282 1478 2347 ministeriis;
1508 2282 1872 2351 perfectiones
1897 2300 1995 2336 au-

409 2380 518 2425 tent
570 2370 914 2424 manifestum
949 2382 1053 2433 8st,
1105 2372 1247 2440 quod
1296 2372 1348 2426 itt
1392 2374 1869 2429 ronstitntiombns
1897 2390 1991 2429 sru

406 2462 851 2518 ordinationibus
881 2466 1238 2533 accipiemus.
1270 2463 1309 2518 S
1334 2480 1363 2519 c
1386 2469 1529 2519 enim
1567 2466 1618 2519 in
1649 2479 1832 2520 nostra
1858 2483 1993 2535 quo-

2103 1265 2291 1337 καιρὸς
2316 1265 2359 1319 δ’
2387 1265 2451 1319 ἂν
2476 1263 2560 1333 εἴη
2579 1264 2763 1317 λοιπὸν
2790 1262 2927 1335 μετά
2951 1262 3121 1315 ταῦτα
3148 1263 3396 1316 ἐκθέσθαι
3416 1262 3516 1325 τάς
3547 1265 3691 1333 ίερα-

2101 1359 2258 1423 τικάς
2284 1359 2465 1426 τάξεις
2492 1358 2584 1411 καὶ
2614 1357 3045 1429 ἀποκληρώσεις.
3075 1356 3247 1415 Τοῦτο
3269 1356 3325 1408 δὲ
3351 1355 3497 1423 λέγει
3523 1355 3611 1407 διὰ
3632 1348 3689 1409 τὸ

2102 1452 2339 1521 ἑκάστην
2356 1448 2505 1516 τάξιν
2535 1446 2812 1520 ἱερατικὴν
2832 1447 3211 1519 ἀφορισμὲνως
3234 1446 3374 1515 ἔχειν
3410 1445 3512 1514 τῆς
3543 1448 3689 1516 ἱερα-

2098 1545 2247 1608 τείας
2272 1542 2574 1614 ὑπηρεσίας
2602 1540 3137 1611 ἀποκεκληρωμένας
3157 1534 3266 1591 οἷον
3285 1537 3515 1607 αὑτῇ,ἀς
3529 1537 3688 1607 ὑπερ-

2100 1637 2259 1709 εῆναι
2286 1636 2345 1689 ού
2368 1634 2609 1688 δύναται.
2624 1634 2890 1703 Δυνάμεις
2907 1632 2961 1685 δὲ
2978 1633 3067 1685 καὶ
3085 1631 3361 1703 ἐνεργείας
3375 1631 3451 1683 ἑνι
3466 1630 3565 1700 μὲν
3595 1629 3687 1681 λα-

2100 1732 2215 1785 ϐεῖν
2234 1731 2316 1799 ἐφ’
2335 1729 2451 1792 ἐνὸς
2467 1732 2755 1800 νοήματος,
2774 1728 2849 1791 ὡς
2866 1727 3321 1796 ταύτοδυνάμους·
3345 1725 3441 1795 τὴν
3465 1724 3576 1795 γὰρ
3592 1723 3684 1776 τοῦ

2100 1822 2381 1895 καθαίρειν
2392 1823 2485 1876 καὶ
2502 1820 2754 1889 φωτίζειν
2769 1817 3159 1881 διδασκαλικῶς
3176 1818 3453 1889 ἐνέργειαν
3465 1816 3686 1868 λεκτέον

2099 1910 2192 1968 καὶ
2207 1913 2453 1983 δύναμιν.
2475 1911 2695 1984 Πρῶτον
2710 1909 2818 1981 γάρ
2833 1908 3126 1979 δυνάμεθα,
3149 1910 3241 1961 καὶ
3255 1908 3425 1970 οὕτως
3441 1911 3526 1960 ἐνε
3536 1905 3689 1979 ργοῦ-

2101 2007 2381 2078 μεν.Ἐστι
2395 2004 2450 2058 δὲ
2464 2006 2556 2059 καὶ
2568 2004 2768 2075 ἑτέρως
2780 2001 3197 2063 διαστείλασθαι,
3212 2002 3305 2053 καὶ
3316 1985 3573 2070 δυνάμεις
3590 1999 3687 2069 μὲν

2096 2100 2421 2156 ὲκλαϐἐσθαι
2442 2098 2539 2163 τὰς
2573 2096 2943 2168 πνευματικὰς
2969 2096 3177 2169 δωρεὰς
3203 2097 3297 2149 καὶ
3324 2094 3499 2161 ἀξίας·
3532 2098 3685 2165 ἐνερ-

2096 2196 2249 2264 γείας
2259 2194 2314 2247 δὲ
2327 2194 2423 2257 τὰς
2439 2190 2794 2263 λειτουργίας·
2814 2190 2911 2254 τὰς
2926 2190 2981 2243 δὲ
2998 2188 3596 2259 τελειώσεις,πρόδηλον
3610 2189 3683 2252 ὡς

2096 2289 2188 2343 ἐπὶ
2214 2288 2320 2343 τῶν
2348 2286 2734 2342 καταστάσεων
2751 2326 2765 2347 ,
2806 2286 2973 2356 ἤγουν
3011 2283 3351 2356 χειροτονιῶν
3376 2282 3684 2353 ὲκληψὸμε·

2096 2382 2185 2435 θα.
2217 2380 2374 2435 Οὕτω
2399 2380 2507 2452 γὰρ
2532 2381 2624 2433 καὶ
2650 2380 2741 2433 ἐπὶ
2762 2379 2861 2449 τῆς
2886 2378 3007 2432 καθ’
3029 2379 3176 2449 ἡμᾶς
3204 2376 3483 2447 ίεραρχίας
3498 2375 3561 2428 τὸ
3587 2377 3682 2445 μὲν

2096 2476 2330 2531 ἄτακτον
2354 2476 2448 2529 καὶ
2475 2474 2783 2544 ἀκόσμητον
2814 2471 3027 2543 ἀμιγῶς
3053 2470 3489 2539 διασταλήσεται,
3530 2469 3595 2521 τὸ
3627 2467 3682 2523 δὲ

406 2571 515 2627 que
562 2557 870 2612 hierarchia
915 2560 1177 2629 quidquid
1224 2561 1642 2629 incompositum
1686 2574 1741 2617 et
1772 2564 1988 2616 inorna-

2094 2565 2356 2620 εὔτακτον
2384 2566 2477 2618 καὶ
2504 2564 2727 2633 κόσμιον
2757 2562 3180 2631 ἀναφανήσεται.
3214 2561 3335 2610 Ὂτι
3375 2561 3561 2610 τοίνυν
3590 2559 3682 2611 καὶ

410 2657 521 2701 tum
572 2658 679 2710 est,
732 2665 863 2717 pure
899 2651 1299 2722 segregahilttr,
1352 2662 1532 2707 rectus
1561 2663 1742 2707 autettt
1774 2656 1907 2707 ordo
1938 2665 1994 2709 et

404 2750 630 2795 ornatus
654 2742 1131 2798 demonstrabitur.
1150 2743 1417 2810 Quoniam
1440 2756 1570 2798 Vero
1596 2746 1647 2799 in
1671 2747 1815 2801 omni
1846 2746 1990 2801 hier-

422 2834 608 2887 art-hia
666 2834 856 2904 triplex
888 2844 973 2889 est
1003 2836 1303 2903 distinctio,
1332 2838 1470 2891 sicut
1510 2837 1758 2906 pulchre,
1789 2849 1848 2894 ut
1875 2840 1994 2894 exi-

408 2925 597 2990 stimo,
654 2924 979 2996 jampridem
1029 2929 1371 2984 ostendimus
1426 2945 1441 2983 :
1486 2931 1753 3000 siquidem
1814 2933 1991 2987 omnis

407 3018 618 3073 functio
653 3018 999 3074 bierarchica
1021 3020 1286 3074 dividitur
1315 3022 1368 3076 in
1400 3022 1545 3090 ipsas
1575 3022 1905 3079 initiationes
1933 3034 1990 3080 et

403 3119 636 3182 mystas.
664 3119 719 3166 et
746 3126 841 3167 eos
865 3112 956 3180 qui
992 3112 1305 3167 initiantur.

479 3202 507 3275 ς
536 3202 595 3257 II.
633 3202 819 3273 Itaque
839 3202 1082 3258 caelestis
1114 3203 1331 3273 quidem
1364 3204 1666 3261 hierarchia
1694 3205 1856 3279 243
1889 3223 1987 3277 pro

403 3294 709 3350 initiatione
756 3295 923 3350 habet
960 3311 1122 3365 quam
1166 3298 1405 3352 maxime
1442 3298 1858 3355 immaterialem
1901 3316 1988 3354 re-

403 3404 525 3443 rum
572 3388 883 3444 divinarum
942 3389 1402 3461 intelligentiam.
1456 3402 1802 3464 quantusque
1864 3396 1982 3450 dari

399 3491 603 3549 potest,
649 3483 845 3537 divinat
867 3482 1189 3539 imitationis
1224 3494 1428 3540 statum
1458 3504 1472 3553 ;
1503 3502 1603 3555 pro
1629 3488 1823 3561 mystis
1854 3505 1984 3544 vero

405 3573 617 3642 primas
658 3573 778 3629 illas
822 3576 1135 3632 essentias:
1171 3577 1253 3632 hae
1280 3578 1421 3632 enim
1459 3580 1526 3632 ad
1570 3579 1861 3636 inferiores
1902 3584 1986 3637 di-

401 3666 526 3720 vina
572 3683 793 3721 munera
836 3667 1079 3724 beneﬁce
1125 3671 1410 3737 derivant;
1466 3672 1755 3728 inferiores
1798 3684 1981 3730 autem

402 3758 632 3814 virtutes
671 3772 798 3817 sunt
844 3763 949 3818 illze
991 3779 1113 3829 quae
1142 3764 1429 3819 initiantur
1466 3776 1523 3820 et
1568 3775 1979 3821 consecrantur.

2091 2658 2185 2710 ἐπὶ
2213 2655 2393 2727 πάσης
2426 2655 2713 2727 ίεραρχίας
2756 2654 2789 2724 ἡ
2829 2651 3079 2724 τριαδικὴ
3106 2649 3369 2719 διαίρεσίς
3408 2652 3549 2712 ἐστι,
3579 2668 3681 2703 κα-

2090 2750 2197 2815 λῶς
2226 2750 2319 2805 καὶ
2353 2749 2563 2823 πρώην,
2591 2749 2666 2813 ὡς
2692 2744 2865 2819 οἶμαι,
2910 2742 3373 2816 παρεδηλὼσαμεν
3392 2761 3403 2772 ·
3446 2743 3679 2815 διαιρεῖ-

2089 2859 2179 2898 ται
2227 2844 2336 2915 γὰρ
2397 2845 2545 2896 πᾶσα
2606 2838 2891 2912 ίεραρχικὴ
2952 2836 3301 2908 πραγματεία
3368 2838 3447 2899 εἰς
3508 2836 3681 2900 αύτάς

2089 2934 2153 3004 δὴ
2193 2934 2291 2997 τὰς
2312 2932 2554 2995 τελετὰς,
2584 2933 2665 2995 είς
2689 2929 2814 2992 τοὺς
2843 2927 3071 2999 μύστας,
3101 2926 3195 2978 καὶ
3238 2928 3316 2990 είς
3354 2928 3481 2989 τοὺς
3509 2944 3679 2998 μυου-

2094 3027 2309 3099 μένους.

2161 3212 2187 3284 §
2217 3213 2276 3267 Il.
2305 3211 2513 3264 Οὐκοῦν
2558 3211 2592 3280 ἡ
2644 3210 2741 3280 μὲν
2782 3206 3009 3279 οὐρανία
3037 3204 3288 3277 ἱεραρχία
3312 3203 3536 3275 τελετὴν
3566 3204 3679 3275 ἔχει

2086 3304 2184 3376 τὴν
2208 3304 2315 3355 τῶν
2342 3302 2501 3356 θείων
2544 3302 2840 3369 ἀῦλοτάτην
2858 3300 3061 3370 νόησιν,
3086 3299 3179 3350 καὶ
3198 3298 3317 3367 τὴν,
3340 3294 3413 3359 ὡς
3431 3296 3678 3363 ἐφικτὸν,

2088 3397 2417 3467 θεομίμητον
2453 3392 2598 3459 ἕξιν·
2634 3392 2842 3464 μύστας
2868 3391 2924 3443 δὲ
2965 3393 3063 3453 τάς
3104 3389 3415 3461 πρωτίστας
3451 3388 3675 3452 οὐσίας·

2087 3486 2365 3559 αὗταιγὰρ
2377 3488 2508 3559 πρὸς
2519 3489 2643 3550 τοὺς
2655 3485 2820 3539 ύποεε
2828 3483 3060 3556 δηκότας
3078 3482 3402 3552 ἀγαθοειδῶς
3415 3479 3515 3543 τὰς
3529 3479 3678 3543 θείας

2086 3580 2293 3653 δωρεὰς
2340 3578 2808 3652 μετοχετεύουσιν·
2854 3579 2909 3629 αἱ
2956 3576 3014 3630 δὲ
3073 3574 3361 3646 ὑφειμέναι
3415 3573 3677 3642 δυνάμεις

2090 3673 2393 3747 μυούμεναί
2419 3676 2527 3726 εἰσι
2553 3674 2647 3726 καὶ
2673 3671 3014 3742 τελούμεναι.
3046 3668 3203 3723 Μετά
3228 3667 3357 3737 γοῦν
3380 3667 3482 3737 τὴν
3506 3667 3677 3735 ούρα-

2086 3770 2204 3822 νίαν
2228 3767 2544 3822 καθιστῶσα
2578 3764 2676 3836 τὴν
2712 3764 2833 3817 καθ’
2861 3765 3006 3835 ἡμᾶς
3034 3761 3313 3833 ἱεραρχίαν
3341 3762 3374 3830 ἡ
3400 3758 3678 3831 ἁγαθότης

403 3845 533 3904 Post
582 3851 865 3905 caele-tem
919 3868 1048 3907 vero
1100 3853 1272 3918 illam,
1321 3866 1559 3908 nostram
1601 3856 1740 3909 hanc
1772 3856 1982 3911 hierar-

2092 3860 2179 3914 τοῦ
2204 3859 2361 3924 Θεοῦ,
2386 3861 2475 3913 ὅτε
2506 3859 2603 3929 μὲν
2626 3858 2809 3927 νήπιοι
2838 3851 3001 3926 ἦμεν,
3031 3854 3129 3925 τὴν
3168 3852 3309 3906 κατὰ
3334 3852 3498 3922 νόμον
3540 3851 3676 3911 tim-

404 3942 585 3995 chiam
648 3943 831 3996 divina
881 3945 1095 4000 bonitas
1136 3947 1496 4009 constituens.
1542 3948 1980 4017 quandoquidem

2092 3955 2233 4025 ρεῖτο
2281 3951 2563 4023 ίεραρχίαν
2603 3951 2722 4011 ταῖς
2782 3946 3063 3999 ἀσθενέσιν
3116 3944 3508 4015 ἡμῶν.δψεσιν
3553 3947 3676 3995 ἐπι·

407 4033 641 4089 infantes
667 4051 909 4101 eramus,
943 4038 1171 4109 legalem
1214 4038 1577 4094 hierarcbiam
1608 4042 1850 4107 indulsit,
1879 4043 1981 4096 itu-

402 4127 774 4183 hecillioribus
805 4132 1012 4185 nostris
1038 4131 1210 4186 ocniis
1248 4132 1427 4186 lumen
1466 4133 1574 4187 illis
1605 4134 1985 4203 proportiooa-

405 4229 516 4273 tum
541 4234 639 4289 per
667 4221 927 4275 obscuras
956 4223 1218 4290 quasdam
1247 4225 1509 4293 imagines
1534 4224 1838 4287 aliundens.
1863 4242 1983 4295 qua:

402 4324 510 4365 non
542 4311 613 4364 ita
654 4308 951 4379 dijudicatu
987 4312 1199 4368 facilem
1234 4315 1645 4386 intelligentiam
1685 4320 1980 4375 habebant.

404 4403 671 4469 Quoniam
716 4418 846 4458 vero
889 4404 1047 4471 dixit,
1088 4420 1306 4460 omnem
1366 4410 1729 4464 hierarcbiam
1784 4411 1985 4467 habere

404 4494 795 4565 initiationem,
851 4507 907 4553 et
964 4510 1187 4570 mystas,
1240 4510 1297 4553 et
1342 4500 1605 4569 initiatos,
1638 4505 1705 4557 ad
1755 4504 1982 4573 legalem

403 4587 609 4642 Cttltttttt
640 4591 863 4645 veniens
892 4592 1200 4647 istiusmodi
1232 4594 1458 4647 triadem
1498 4596 1784 4651 ostendere
1810 4598 1981 4666 cupit.

406 4678 651 4735 lnitiatio
685 4682 868 4751 itaque
898 4685 1023 4739 huic
1053 4697 1157 4748 est,
1202 4702 1229 4738 a
1265 4687 1403 4757 typis
1442 4687 1507 4740 ad
1532 4688 1831 4756 spiritalem
1866 4691 1984 4742 enl-

406 4782 519 4825 tttm
557 4775 851 4841 traductio,
894 4779 1348 4845 quctnadmmlnm
1378 4779 1859 4848 etiamTheologus
1894 4782 1986 4836 ille

404 4862 702 4936 Gregorius
737 4881 1016 4922 asseverat
1049 4884 1062 4921 :
1098 4871 1517 4925 manuductorcs
1558 4885 1689 4925 vero
1720 4872 1786 4923 ad
1820 4871 1982 4934 hanc,

403 4957 517 5013 sive
546 4969 736 5030 mysta:
758 4970 909 5024 sunt,
934 4961 1024 5029 qui
1050 4977 1078 5014 a
1109 4960 1309 5032 Moyse,
1338 4962 1515 5029 primo
1540 4963 1764 5018 doctore
1788 4978 1853 5018 ac
1887 4964 1985 5016 dn-

403 5052 921 5118 ctore,edoctisunt
952 5054 1357 5107 tabernaculum
1398 5054 1525 5109 illud
1566 5070 1673 5111 non
1714 5073 1876 5111 manu
1901 5056 1978 5111 fa-

402 5152 576 5209 ctum,
625 5145 924 5198 secundum
974 5147 1116 5213 quod
1162 5145 1306 5199 illam
1346 5145 1576 5216 legalem
1623 5148 1984 5204 hierarcbiam

2084 4044 2374 4115 λάμπουσα
2400 4043 2461 4095 τὸ
2488 4040 2747 4109 ἀνάλογον
2790 4038 2905 4109 φῶς
2944 4038 3033 4092 aia
3055 4055 3216 4090 τινων
3249 4036 3509 4107 ἀμυδρῶν
3534 4035 3679 4088 εἰκό-

2083 4154 2208 4200 νων,
2239 4138 2331 4189 καὶ
2353 4135 2453 4187 οὐκ
2478 4133 2814 4203 εὐδιάκριτον
2835 4129 3069 4202 ἑχόντων
3086 4129 3183 4201 τὴν
3203 4128 3458 4199 θεωρίαν.
3503 4128 3678 4181 Ἐπει-

2081 4228 2259 4301 δήπερ
2284 4224 2457 4289 εἶπεν,
2485 4226 2568 4279 ὅτι
2596 4226 2742 4277 πᾶσα
2771 4221 3020 4294 ίεραρχία
3040 4221 3265 4293 τελετὴν
3291 4221 3425 4291 ἔχει,
3455 4221 3552 4273 καὶ
3576 4218 3677 4291 p.6-

2086 4338 2237 4386 στας,
2262 4320 2354 4374 καὶ
2376 4318 2736 4391 μυουμένους,
2764 4313 2935 4369 ἐλθὼν
2960 4313 3057 4368 ἐπὶ
3082 4313 3180 4384 τὴν
3206 4312 3436 4383 νομικὴν
3461 4314 3677 4385 ἱερουρ-

2082 4411 2229 4479 γίαν,
2278 4408 2524 4480 βούλεται
2561 4406 2731 4474 δεῖξαι
2770 4407 2871 4477 τὴν
2908 4403 3165 4475 τοιαύτην
3208 4404 3422 4476 τριάδα.
3470 4404 3674 4475 Τελετὴ

2087 4503 2185 4573 μὲν
2217 4498 2309 4555 οὖν
2334 4500 2508 4571 ταύτῃ
2533 4500 2684 4552 ἐστὶν
2711 4500 2743 4569 ἡ
2771 4497 2879 4550 ἀπὸ
2903 4495 3016 4550 τῶν
3039 4494 3227 4550 τύπων
3263 4497 3357 4548 ἐπὶ
3379 4495 3481 4567 τὴν
3510 4514 3673 4549 πνευ-

2087 4592 2318 4664 ματικὴν
2368 4590 2622 4661 λατρείαν
2670 4586 2947 4658 ἀναγωγὴ,
2998 4584 3183 4650 καθὼς
3219 4586 3315 4640 καὶ
3358 4589 3386 4640 ὁ
3416 4587 3674 4655 Θεολόγος

2083 4686 2274 4753 ἀνάγει
2300 4685 2340 4738 Γ
2346 4683 2600 4757 ρηγόριος
2620 4699 2632 4710 ·
2665 4680 2995 4754 χειραγωγοὶ
3013 4679 3072 4734 δι
3094 4678 3230 4752 πρὸς
3256 4678 3486 4748 ταύτην,
3509 4680 3673 4749 ᾗγουν

2089 4779 2311 4850 μύσται,
2337 4778 2388 4832 οι
2423 4775 2529 4831 ὑπὸ
2554 4775 2800 4838 Μωσέως
2821 4772 2916 4826 τοῦ
2945 4770 3163 4844 πρέπον
3190 4770 3395 4843 μύστου
3423 4773 3523 4825 καὶ
3548 4774 3674 4843 ἡγε-

2087 4873 2244 4945 μόνος
2287 4869 2586 4944 μυηθέντες
2617 4866 2715 4939 τὴν
2749 4864 3164 4938 ἀχειροποίητον
3191 4862 3407 4932 ἐκείνην
3445 4864 3669 4935 σκηνὴν,

2082 4966 2219 5040 πρὸς
2240 4964 2308 5036 ἢν
2335 4958 2679 5036 ίιρογραφῶν
2705 4958 2804 5030 τὴν
2830 4956 2972 5014 κατά
3003 4955 3171 5027 νόμον
3196 4954 3505 5030 ίεραρχίαν,
3534 4953 3669 5043 εικό-

2082 5074 2151 5112 να
2172 5054 2243 5111 τά
2268 5052 2412 5109 κατά
2446 5050 2610 5125 νόμον
2632 5047 2818 5104 ὲκάλει
2841 5064 2855 5077 ·
2886 5048 3052 5119 ﬁxos:
3088 5045 3217 5119 γάρ·
3252 5043 3463 5099 Πάντα
3505 5041 3668 5109 ποιή-

2082 5165 2217 5218 ach
2250 5147 2401 5203 κατὰ
2442 5145 2551 5200 τὸν
2589 5142 2785 5197 τύπον
2832 5141 2940 5193 τὸν
2976 5137 3293 5208 δειχθέντα
3326 5152 3427 5189 σοι
3481 5135 3557 5188 ἐν
3592 5133 3665 5200 τῷ

401 5234 739 5297 describens,
770 5234 962 5305 legalia
992 5236 1081 5291 illa
1107 5236 1308 5313 ﬁguras
1335 5252 1429 5292 seu
1464 5240 1724 5309 imagines
1745 5240 1983 5311 appella-

2092 5242 2229 5311 ὄρει.
2251 5233 2682 5313 Προτιλούμενοι
2704 5232 2762 5285 δὲ
2787 5226 2896 5284 εἷεν
2924 5230 3009 5295 ἂν,
3037 5231 3085 5283 οἱ
3114 5228 3222 5283 ἀπὺ
3244 5226 3453 5296 ταύτης
3476 5225 3570 5279 ἐπὶ
3593 5239 3662 5276 τε⁶

403 5327 495 5381 bat
532 5341 548 5381 :
577 5328 787 5382 audivit
817 5327 964 5383 enim
993 5343 1008 5380 :
1043 5312 1249 5383 Omnia.
1282 5330 1442 5397 facies
1486 5334 1770 5385 secundum
1796 5348 1980 5387 cunt-

399 5419 521 5487 plar
545 5421 685 5488 quod
709 5419 805 5473 tibi
831 5429 1179 5473 momtratum
1200 5429 1278 5475 est
1310 5422 1362 5475 in
1391 5433 1624 5478 mame'.
1656 5420 1857 5479 lnitiati
1885 5439 1982 5480 ve-

506 5569 529 5598 ⁸
555 5559 724 5615 Exod.
752 5575 878 5628 xxv,
910 5559 1000 5615 40.

2084 5332 2358 5406 λεωτέραν
2380 5326 2707 5400 ἀναγόμενοι
2754 5322 2953 5395 μύησιν
2977 5362 2993 5386 ,
3035 5322 3101 5392 ἢν
3149 5321 3245 5375 καὶ
3276 5318 3663 5406 ἀποπλήρωσιν

2082 5429 2182 5501 τῆς
2209 5404 2432 5499 πρώτης
2456 5421 2553 5479 καὶ
2577 5417 2730 5491 ἱερὰν
2753 5415 2906 5489 λῆξιν
2932 5417 2988 5471 αἱ
3014 5414 3229 5487 Γραφαὶ
3253 5412 3495 5481 λέγουσι,
3537 5404 3665 5465 καθὸ

477 5720 593 5787 (26)
651 5720 782 5773 Vide
821 5715 1039 5774 Scholia
1080 5719 1137 5771 Β.
1196 5714 1412 5771 Maximi
1480 5724 1614 5769 tom.
1665 5712 1730 5778 ll,
1767 5727 1885 5781 cap.
1917 5712 1949 5765 5
2004 5710 2204 5765 Eccles.
2253 5706 2383 5763 liter.
