3874 6228
187 302 286 361 521
801 294 889 350 DE
925 292 1211 349 ECCLES.
1247 288 1653 354 IIIERARCH.,
1689 285 1845 342 CAP.
1883 282 2038 339 V.—
2071 279 2420 337 PARAPHR.
2457 277 2926 334 PACHYMERIE.
3356 277 3457 333 522

189 422 285 475 καὶ
308 414 606 489 πληρωτὴς
630 414 883 486 νόμου,οὑ
910 411 1218 483 καταλυτὴς
1249 412 1280 465 6
1310 408 1516 481 Κύριος
1538 405 1777 475 λέγεται·

1899 417 1947 457 r0
1979 410 2157 467 erant,
2195 400 2287 469 qui
2327 400 2399 456 ab
2426 400 2529 454 hac
2562 398 2642 453 ad
2686 397 3067 469 perfectiorem
3114 394 3460 466 disciplinam

188 512 381 582 ῶσπερ
410 487 513 562 ⁷καὶ
619 508 712 561 ἐπὶ
736 507 1031 579 σκιάσματι
1065 506 1271 568 εἰκόνος
1296 500 1557 563 ἐπιτιθεὶς
1584 496 1781 551 πολλά-

1899 493 2330 559 raducebantur,
2355 506 2519 560 quam
2540 502 2595 544 ct
2613 489 2984 559 impletioncm
3011 487 3197 555 prima:
3219 501 3464 542 sacram-

189 622 277 667 κις
305 579 378 657 τά
405 599 671 673 χρώματα
696 601 959 672 γραφεὺς,
1006 596 1297 669 πληρωτὴς
1319 594 1419 664 τῆς
1446 592 1673 655 εἰκόνος,
1716 588 1775 642 οὑ

1899 599 1989 656 lue
2013 594 2216 639 sortem
2242 581 2537 651 Scriptum
2566 588 2784 643 vocant,
2812 581 3107 635 secundum
3127 581 3268 649 quod
3294 579 3460 635 etiam

190 695 498 765 καταλυτὴς
520 694 717 762 λέγοιτ’
746 693 831 747 ἄν.
862 693 923 746 Εἰ
948 692 1004 745 δὲ
1023 692 1103 745 δεῖ
1123 689 1321 757 Παύλῳ
1339 684 1621 740 πείθεσθαι
1642 680 1780 752 πρὸς

1899 676 2151 741 Dominus
2188 675 2510 742 adimpletor
2542 673 2697 743 legis,
2723 684 2778 728 et
2810 688 2914 728 non
2946 674 3153 729 solulor
3184 673 3387 729 dicitur
3414 674 3459 727 ί.

201 788 490 860 Ἐϐραίους
517 786 805 859 γράφοντι,
836 784 951 838 ἐστι
972 801 1026 836 τι
1056 783 1217 854 μέσον
1240 780 1341 851 τῆς
1361 776 1616 849 οὐρανίας
1639 773 1783 826 ἐκεί-

1899 766 2353 835 Juemadmodum
2383 767 2544 822 etiam
2570 768 2769 836 pictor,
2798 767 2889 835 qui
2918 766 3043 820 dum
3073 766 3278 823 umbrae
3318 766 3459 822 ima—

189 856 411 952 veg-xci
442 881 542 952 τῆς
560 856 711 935 *κατὰ
736 880 897 950 νόμον
919 876 1193 948 λατρείας,
1221 875 1254 945 ἡ
1281 872 1400 927 καθ’
1428 871 1574 942 ἡμᾶς
1597 869 1780 938 ἱεραρ-

1899 860 2026 932 ginis
2071 875 2213 928 saepe
2239 858 2451 915 colores
2491 858 2659 925 addit,
2702 857 2915 912 dicetur
2953 857 3099 912 illam
3142 856 3458 927 adimplere,

192 974 307 1043 χῐα,
333 976 401 1045 τῇ
432 974 531 1045 μὲν
554 973 612 1025 οὑ
623 971 782 1043 ρανίᾳ
801 967 1151 1031 κοινωνοῦσα,
1177 967 1259 1018 ὅτι
1285 963 1380 1016 καὶ
1406 960 1544 1031 αὐτὴ
1563 958 1780 1029 νοηταῖς

191 1066 451 1137 θεωρίαις
475 1066 707 1137 χρῆται·
735 1066 802 1134 τῇ
836 1063 893 1116 δέ
929 1061 1072 1116 κατὰ
1097 1059 1279 1131 νόμον,
1316 1058 1399 1111 ὄτι
1422 1055 1516 1109 καί
1542 1052 1679 1121 αὑτὴ
1705 1049 1780 1113 ὡς

190 1161 377 1231 ἐκείνη
403 1159 680 1230 αἰσθητοῖς
710 1154 996 1229 συμϐόλοις
1019 1152 1373 1208 ποικίλλεται.

1887 960 1943 1006 et
1967 965 2309 1021 nequaquam
2335 949 2567 1006 solvere.
2594 946 2649 1003 Si
2673 962 2803 1003 vero
2831 946 2998 1002 Paulo
3024 948 3353 1003 credendum
3377 952 3461 1009 est

1888 1046 1956 1099 ad
1984 1044 2238 1105 Hebraeos
2274 1043 2556 1106 scribenti,
2593 1042 2829 1097 medium
2858 1043 2986 1110 quid
3014 1043 3154 1097 inter
3183 1045 3461 1098 caelestem

1892 1139 2043 1193 illum
2073 1144 2129 1191 et
2159 1136 2384 1205 legalem
2413 1135 2617 1189 cultum
2648 1144 2831 1189 nostra
2858 1142 2940 1189 est
2969 1134 3312 1201 hieran-hia;
3341 1149 3462 1203 qua:

194 1267 324 1305 cum
353 1224 568 1306 cwlcsti
595 1224 814 1319 quidem
846 1246 1233 1308 communicat,
1276 1243 1418 1314 quod
1455 1235 1792 1313 Spiritalibus
1829 1238 2018 1288 utatur
2044 1227 2633 1298 contemplationibus;
2697 1239 2820 1280 cum
2850 1224 3007 1295 legali
3038 1239 3189 1287 vero.
3230 1226 3373 1294 quod
3405 1233 3465 1281 ut

193 1344 283 1411 illa
326 1355 544 1411 quoque
566 1339 859 1395 sensilibus
890 1337 1060 1410 signis
1092 1339 1423 1404 variegetur.

202 1410 207 1415 δ
264 1429 294 1500 §
319 1430 415 1481 Ill.
450 1410 604 1499 ’Ἔχει
630 1428 687 1481 δὲ
710 1428 804 1481 καὶ
830 1426 968 1499 αὑτὴ
995 1426 1056 1479 τὸ
1075 1424 1296 1498 τρισσὸν
1320 1423 1422 1494 τῆς
1459 1415 1780 1494 ἱεραρχικῆς

190 1522 538 1593 διαιρέσεως,
570 1518 925 1592 διαιρουμένη
968 1517 1049 1583 εἷς
1074 1536 1134 1571 τε
1164 1517 1262 1581 τὰς
1305 1515 1527 1579 τελετάς
1569 1514 1663 1568 καὶ
1701 1513 1781 1576 εἰς

190 1616 321 1677 τοὺς
358 1612 641 1683 ὑπηρέτας
664 1612 774 1665 τῶν
800 1611 980 1674 θείων,
1009 1610 1103 1663 καὶ
1129 1611 1313 1682 ἱερεῖς,
1341 1610 1436 1662 καὶ
1461 1608 1677 1679 τρίτους
1703 1608 1783 1671 είς

190 1707 322 1769 τοὺς
360 1703 805 1777 προσαγομένους
833 1704 923 1757 ὑπ’
961 1702 1140 1757 αὑτῶν
1165 1705 1243 1767 είς
1267 1700 1335 1754 τὰ
1364 1702 1504 1773 ἱερά.
1544 1701 1778 1770 Ἐκάστη

192 1798 249 1852 δὲ
271 1796 479 1850 τούτων
506 1795 738 1867 τριττῶς
764 1794 922 1850 πάλιν
946 1794 1216 1867 διῄρηται.
1248 1793 1367 1846 Τῶν
1391 1792 1523 1861 γοῦν
1548 1792 1781 1846 τελετῶν

194 1890 390 1962 πρώτη
421 1890 453 1960 ἡ
494 1889 760 1961 κάθαρσις
785 1905 797 1919 ·
824 1889 1051 1960 δευτέρα
1075 1888 1182 1941 τῶν
1207 1886 1586 1959 καθαρθέντων
1612 1887 1639 1939 6
1666 1902 1781 1954 φω-

191 1981 389 2052 τισμός
415 1997 429 2011 ’
477 1982 570 2035 καὶ
613 1982 769 2054 τρίτη
807 1983 840 2053 ή
884 1980 1314 2052 συμπληρωτικὴ
1349 1977 1457 2032 τῶν
1502 1978 1782 2050 προτέρων

192 2072 498 2136 τελείωσις.
527 2073 717 2136 Πάλιν,
744 2074 777 2143 ἡ
799 2072 906 2125 τῶν
934 2070 1230 2144 ἱερουργῶν
1253 2070 1610 2141 διακόσμησις
1634 2067 1784 2141 πρώ-

191 2184 303 2231 τως
343 2166 621 2237 καθαίρει,
666 2162 782 2219 εἷτα
820 2165 1062 2235 φωτίζει,
1104 2165 1198 2218 καὶ
1234 2164 1423 2217 ἔπειτα
1462 2163 1675 2217 τελειοί.
1721 2163 1782 2215 Oi

194 2256 439 2311 διάκονοι
480 2256 853 2329 καθαίρουσιν,
883 2258 931 2310 οἱ
962 2256 1323 2329 πρεσϐύτεροι
1351 2255 1662 2325 φωτίζουσι,
1692 2256 1784 2308 καὶ

192 2351 242 2402 οἱ
270 2350 565 2403 ἐπίσκοποι
588 2347 876 2403 τελειοῦσι.
911 2347 1031 2401 Τῶν
1056 2348 1113 2402 δέ
1136 2348 1473 2419 τελουμένων
1498 2348 1545 2401 οἱ
1573 2347 1782 2418 πρῶτοι

196 2440 555 2512 καθαίρονται
595 2439 683 2492 διά
713 2441 1084 2511 κατηχήσεων,
1109 2441 1156 2493 οἱ
1189 2440 1427 2511 δεύτεροι
1464 2440 1785 2509 φωτίζονται

194 2530 284 2584 διὰ
314 2530 414 2583 τοῦ
445 2528 838 2601 βαπτίσματος,
886 2531 981 2583 καὶ
1019 2531 1067 2583 οἱ
1102 2531 1275 2602 τρίτοι
1317 2529 1646 2584 τελειοῦνται
1689 2531 1785 2603 τὴν

195 2623 553 2694 τελειωτικὴν
596 2622 906 2694 ἐπιστήμην
930 2620 1319 2693 λαμϐάνοντες,
1345 2615 1420 2677 ὧν
1462 2623 1519 2675 ἐν
1559 2622 1636 2693 τῷ
1676 2639 1788 2690 φω-

196 2712 381 2785 τισμῷ
433 2713 627 2785 θεωροὶ
670 2713 1034 2781 ἐγεγόνεισαν,
1077 2714 1135 2765 ἐν
1186 2711 1444 2784 μετουσίᾳ
1487 2712 1587 2783 τῆς
1640 2710 1789 2775 θείας

199 2806 573 2878 Εὑχαριστίας
612 2805 903 2876 γινόμενοι.
940 2804 1014 2857 Τὸ
1054 2799 1149 2858 οὖν
1178 2805 1392 2877 τριττὸν
1433 2804 1533 2875 τῆς
1569 2803 1677 2857 τῶν
1701 2820 1792 2858 τε-

198 2895 370 2950 λετῶν
387 2899 697 2970 ἱερουργίας
716 2898 984 2969 ὑμνεῖται·
1004 2896 1065 2950 τὸ
1079 2894 1187 2969 γὰρ
1201 2897 1340 2951 θεῖον
1356 2897 1641 2968 βάπτισμα
1656 2897 1791 2950 ἀπε-

1959 1410 1988 1484 ς
2021 1411 2106 1469 lll.
2134 1410 2308 1468 Habet
2328 1420 2509 1465 autem
2534 1408 2696 1465 etiam
2726 1409 2841 1480 ipsa
2870 1408 3136 1480 triplicem
3170 1408 3313 1465 hanc
3344 1410 3464 1466 hie-

1890 1504 2196 1561 rarchicam
2231 1504 2663 1569 distinctionem,
2699 1504 2872 1559 divisa
2915 1504 2969 1559 in
3008 1505 3290 1575 mysteria,
3317 1512 3372 1559 et
3406 1506 3460 1559 in

1890 1594 2195 1650 divinorum
2226 1595 2614 1667 mysteriorum
2645 1595 3002 1650 administros
3036 1611 3099 1650 ac
3126 1598 3460 1660 sacerdotes,

1885 1694 1940 1738 et
1970 1685 2021 1738 iu
2055 1686 2247 1741 tertios
2279 1686 2398 1740 illos
2425 1686 2518 1755 qui
2547 1686 2616 1740 ab
2645 1685 2729 1739 his
2760 1686 2826 1739 ad
2856 1700 3013 1740 sacra
3047 1696 3458 1755 promoventur.

1883 1776 2152 1845 Quaelibet
2185 1788 2364 1833 autem
2396 1779 2590 1833 borum
2618 1778 2827 1833 functio
2855 1778 3034 1833 denuo
3060 1778 3347 1847 tripliciter
3375 1778 3460 1833 di-

1881 1869 2105 1924 viditur.
2132 1868 2505 1925 lnitiationum
2538 1869 2719 1938 itaque
2758 1870 2935 1938 prima
2965 1879 3051 1925 est
3075 1870 3336 1940 expiatio,
3369 1885 3461 1925 se-

1884 1962 2104 2026 cunda,
2154 1962 2497 2031 expiatorum
2558 1962 2919 2030 illuminatio,
2973 1971 3027 2017 et
3086 1963 3289 2030 tertia,
3342 1979 3464 2033 qua:

1884 2053 2098 2123 priores
2142 2054 2381 2123 complet
2429 2054 2713 2123 perfectio.
2764 2053 2896 2111 Item
2946 2054 3083 2111 ordo
3129 2055 3461 2111 initiantium

1886 2143 2121 2213 primum
2150 2144 2352 2213 expiat,
2374 2143 2573 2199 deinde
2600 2144 2889 2211 illuminat,
2914 2159 2978 2200 ac
3005 2154 3191 2215 postea
3222 2146 3457 2215 perficit;

1885 2235 2099 2289 diaconi
2157 2235 2402 2304 expiant,
2451 2236 2763 2290 sacerdotes
2802 2235 3127 2300 illuminant,
3157 2235 3321 2308 2M
3343 2239 3461 2306 epi-

1885 2326 2035 2395 scopi
2094 2326 2405 2393 perticiunt.
2453 2326 2652 2381 Eorum
2711 2336 2893 2383 autem
2966 2328 3057 2397 qui
3125 2329 3459 2395 initiantur,

1879 2418 2048 2487 .primi
2095 2418 2386 2486 expiantur
2422 2433 2518 2487 per
2555 2418 3131 2481 catechesin,secundi
3156 2418 3466 2473 illuminan-

1903 2512 1992 2556 tur
2018 2517 2115 2574 per
2145 2503 2495 2574 baptismum,
2527 2514 2586 2560 et
2617 2505 2762 2560 tertii
2789 2506 3311 2574 perﬁciuntur,cum
3336 2522 3461 2577 per-

1888 2594 2138 2649 fectivam
2190 2595 2479 2650 scientiam
2535 2596 2810 2664 accipiunt
2852 2612 3041 2652 eorum
3096 2612 3216 2667 qua:
3266 2597 3321 2653 in
3368 2599 3466 2654 ba-

1890 2687 2088 2755 ptismo
2115 2696 2538 2755 conspexerunt,
2576 2688 2773 2744 divinm
2799 2687 3144 2743 euehat-istim
3169 2691 3463 2759 participes
3488 2674 3499 2687 ³

1891 2776 2085 2832 etl‘ecti.
2113 2778 2331 2848 Triplex
2356 2779 2545 2849 itaque
2571 2788 3038 2834 sacramentorum
3067 2794 3225 2833 sacra
3257 2779 3467 2835 functio

1891 2870 2245 2926 celebratur:
2300 2886 2425 2925 nam
2477 2871 2696 2927 divinus
2742 2872 3048 2942 baptismus
3084 2883 3338 2930 ostensus
3382 2885 3468 2930 est

198 2990 389 3061 δείχθη
434 2964 837 3062 καὶ-κάθαρσις
877 2988 971 3041 και
1010 2964 1319 3060 φωτισμόςο
1356 2964 1401 3060 ’ἡ
1439 2989 1496 3042 δὲ
1535 2964 1788 3042 κοινωνία

1899 2977 2015 3018 esse
2047 2964 2291 3032 expiatio
2338 2974 2396 3019 et
2448 2964 2793 3028 illuminatio,
2831 2968 3235 3022 communionis
3284 2978 3465 3023 autem

197 3078 302 3148 τῇς
330 3078 705 3150 μεταλήψεως,
726 3079 821 3131 καὶ
844 3079 878 3149 ἡ
900 3076 992 3132 τοῦ
1019 3078 1189 3149 μύρου
1213 3077 1423 3150 τελετὴ,
1449 3079 1547 3150 τῆς
1566 3077 1789 3131 τελειω-

198 3168 361 3237 τικῆς
391 3166 647 3235 γνώσεως
687 3168 779 3220 καὶ
824 3169 1138 3239 ἐπιστήμης
1181 3164 1291 3223 εἷεν
1327 3169 1701 3241 γνωρίσματα,
1725 3168 1791 3222 δι’

199 3252 267 3330 ἧς
310 3258 477 3329 ἱερώς
506 3260 539 3330 ἡ
565 3260 700 3331 πρὴς
727 3258 818 3312 τὸν
859 3258 989 3313 Θεὸν
1018 3260 1274 3314 κοινωνία
1311 3259 1792 3333 τελεσιουργεῖται.

273 3351 301 3423 §
325 3349 421 3402 IV.
457 3350 571 3403 Νῦν
594 3351 649 3404 δὲ
678 3352 806 3424 περὶ
828 3353 924 3423 τῆς
951 3353 1230 3424 ἱερατικῆς
1252 3352 1472 3406 λεκτέον
1493 3352 1793 3425 διακοσμή-

205 3460 366 3506 σεως,
393 3443 489 3507 καὶ
516 3443 718 3515 ταύτης
742 3445 1122 3516 διαιρουμένης
1142 3444 1363 3517 τριχῶς,
1391 3447 1470 3509 είς
1504 3445 1792 3517 κάθαρσιν,

200 3538 282 3597 εἰς
313 3536 615 3606 φωτισμὸν,
644 3538 723 3600 είς
747 3536 1024 3591 τελείωσιν
1049 3553 1061 3567 ·
1102 3536 1264 3607 νόμος
1303 3538 1448 3590 ἐστὶν
1472 3532 1623 3601 οὗτος
1651 3539 1794 3593 άπά-

204 3642 307 3695 σης
335 3626 635 3696 ἱεραρχίας.
662 3626 938 3698 πανίερος,
982 3625 1043 3679 τὸ
1068 3627 1156 3681 διὰ
1180 3628 1287 3681 τῶν
1326 3625 1555 3699 πρώτων
1580 3627 1648 3681 τὰ
1676 3625 1795 3680 δεύ-

202 3734 342 3787 τερα
384 3717 706 3786 ἀνάγεσθαι.
737 3720 808 3771 Ἦ
848 3719 957 3791 γὰρ
982 3720 1041 3774 οὑ
1080 3720 1237 3773 τοῦτο
1262 3719 1550 3791 βλέπομεν,
1580 3721 1674 3773 καὶ
1704 3720 1795 3772 ἐπὶ

204 3807 275 3858 τὰ
300 3806 539 3877 αἰσθητὰ
560 3806 733 3860 ταῦτα
760 3809 853 3861 καὶ
877 3808 1066 3879 ὁρατά;
1090 3807 1281 3880 (ταῦτα
1307 3808 1415 3880 γὰρ
1441 3809 1677 3878 στοιχεῖα
1703 3822 1796 3858 κα-

202 3892 291 3950 λεῖ
314 3903 352 3969 ·)
378 3898 455 3961 ὡς
480 3900 571 3951 ἐπὶ
594 3898 687 3952 τοῦ
715 3900 867 3953 ὑέλου
894 3899 1038 3953 ἐστιν
1083 3900 1209 3953 ἰδεῖν
1234 3899 1294 3952 τὸ
1320 3899 1435 3968 φῶς
1474 3898 1793 3970 δεχομένου,

203 3990 305 4040 καὶ
344 3988 491 4042 οὕτω
529 3989 885 4057 φωτίζοντος’
930 3991 1021 4042 καὶ
1058 3991 1149 4044 ἐπὶ
1171 3989 1264 4043 τοῦ
1293 3991 1482 4061 πυρὸς,
1521 3991 1659 4058 ὅπερ
1703 3990 1797 4042 καὶ

204 4079 479 4150 πρότερον
502 4080 601 4150 τῆς
630 4081 1076 4152 εὑκαταπρήστου
1106 4082 1239 4153 ὕλης
1262 4082 1663 4154 ἐπιδράττεται,
1701 4083 1797 4135 καὶ

204 4172 299 4224 διὰ
337 4172 543 4243 ταύτης
579 4172 678 4236 τὰς
708 4174 1113 4244 ἀνεπιτηδείους
1139 4175 1275 4245 πρὸς
1320 4175 1604 4245 μετουσίαν
1631 4174 1794 4229 αὑτοῦ

1897 3056 2237 3126 participatio
2261 3066 2317 3111 et
2344 3056 2603 3126 unguenti
2631 3055 3019 3126 mysteriorum
3053 3059 3306 3113 notiones
3338 3071 3463 3114 sunt

1896 3146 2210 3216 perfectivre
2259 3147 2587 3217 cognitionis
2639 3156 2803 3216 atque
2847 3148 3115 3214 scientiae,
3143 3164 3250 3219 qua
3279 3164 3470 3207 sacro-

1895 3250 2084 3296 sancte
2116 3241 2300 3296 diviua
2329 3241 2643 3294 communio
2674 3241 3006 3295 celebratur.

1967 3330 1993 3402 §
2022 3330 2110 3385 IV.
2142 3329 2296 3385 Nunc
2340 3341 2523 3385 autem
2569 3333 2635 3385 de
2661 3331 3039 3386 ecclesiastico
3063 3332 3255 3388 ordine
3282 3333 3470 3388 dicen-

1896 3423 2024 3476 dum
2057 3431 2163 3486 est,
2192 3423 2280 3491 qui
2315 3408 2439 3476 cum
2469 3423 2634 3476 etiam
2671 3422 2963 3489 trifariam,
2992 3422 3047 3477 in
3076 3425 3461 3493 expiationem,

1897 3515 2374 3578 illuminationem,
2426 3513 2817 3583 perfectionem
2867 3515 3139 3569 dividatur
3170 3533 3186 3581 ;
3215 3517 3301 3569 lex
3354 3517 3467 3572 bac

1896 3616 2244 3661 sacrosancta
2290 3614 2374 3659 est
2422 3606 2603 3659 omnis
2651 3606 2994 3673 bierarcbiae,
3033 3614 3093 3661 ut
3142 3621 3239 3675 per
3288 3609 3468 3676 prima

1897 3702 2133 3756 secunda
2173 3700 2531 3757 adducantur.
2574 3700 2791 3755 Annon‘
2824 3700 2990 3756 etiam
3036 3699 3168 3755 illud
3203 3701 3256 3757 in
3305 3702 3469 3757 rebus

1895 3794 2246 3850 Sutisibilibus
2281 3804 2336 3848 et
2384 3794 2804 3864 aspectabilibus
2832 3792 3116 3848 videmus?
3147 3793 3287 3863 (hac
3323 3798 3470 3851 enim

1896 3888 2164 3941 elementa
2195 3888 2371 3955 vocat)
2401 3895 2479 3939 ut.
2504 3887 2557 3938 in
2593 3886 2735 3938 vitro
2784 3885 3095 3956 perspicere
3152 3886 3296 3949 licet,
3327 3888 3471 3957 quod

1897 3979 2063 4034 solem
2113 3979 2326 4047 recipit,
2372 3984 2537 4045 atque
2580 3976 2684 4031 hoc
2733 3976 2899 4031 modo
2955 3976 3263 4048 illuminat;
3313 3990 3370 4037 et
3415 3982 3469 4035 in

1899 4070 2043 4141 igne,
2079 4070 2173 4139 qui
2210 4070 2358 4139 prius
2406 4071 2475 4123 ad
2521 4068 2830 4132 materiam,
2859 4082 2982 4137 qua:
3015 4067 3178 4124 facile
3225 4072 3470 4127 comburi

1898 4171 2097 4235 potest,
2131 4160 2359 4224 accedit,
2391 4168 2450 4214 et
2490 4174 2588 4229 per
2617 4157 2761 4213 hanc
2791 4158 2957 4213 etiam
2997 4160 3178 4216 minus
3211 4171 3365 4229 aptas
3400 4165 3469 4217 ad

208 4263 408 4335 φύσεις
432 4266 680 4336 ἐκπυροῖ.
708 4266 805 4320 Διὰ
832 4267 989 4320 τοῦτο
1011 4268 1104 4320 καὶ
1145 4267 1323 4338 πάσης
1349 4267 1664 4337 εὐκοσμίας,
1694 4265 1791 4319 κᾶν

1899 4272 2023 4310 eum
2074 4253 2443 4322 recipiendum
2496 4260 2716 4306 naturas
2762 4251 2966 4304 exurit.
3000 4249 3210 4305 Idcirco
3253 4268 3473 4321 quoque

205 4358 314 4427 τὴν
338 4358 597 4429 οὐρανίαν
631 4358 811 4430 εἴπῃς,
845 4358 948 4412 κᾶν
982 4358 1081 4429 τὴν
1121 4358 1223 4411 καθ
1242 4360 1254 4378 ⁹
1279 4359 1445 4430 ἡμᾶς,
1474 4360 1509 4429 ὴ
1536 4357 1676 4429 ἀρχὴ
1704 4359 1791 4411 καὶ

1900 4348 2082 4405 omnis
2130 4357 2293 4403 rectae
2336 4345 2724 4410 ordinationis,
2756 4343 2872 4398 sive
2903 4342 3180 4397 caelestem
3231 4345 3346 4399 sive
3374 4362 3475 4399 no-

207 4452 243 4519 ἡ
272 4449 486 4519 ἵδρυσις
508 4451 587 4513 είς
626 4452 753 4514 τοὺς
777 4450 1025 4522 πρώτους
1051 4450 1345 4514 ἐνδίδωσιν,
1370 4450 1507 4504 ὥστε
1538 4451 1674 4504 ἱέναι
1698 4451 1791 4515 τὰς

1900 4451 2072 4497 stram
2105 4440 2331 4508 dixeris,
2366 4436 2693 4507 principium
2722 4450 2788 4490 ac
2832 4437 2991 4490 sedes
3022 4435 3076 4489 in
3134 4438 3339 4504 primos
3381 4453 3474 4491 or-

208 4542 367 4604 οείας
409 4543 669 4606 ἀκτῖνας,
700 4543 792 4595 καὶ
829 4541 917 4598 διὰ
954 4542 1160 4596 τούτων
1199 4543 1293 4596 καὶ
1327 4544 1440 4608 τοῖς
1490 4543 1791 4614 ὑφειμένοις

1899 4539 2056 4592 dines
2098 4536 2312 4591 divinos
2361 4550 2489 4590 suos
2538 4534 2718 4588 radios
2765 4533 2986 4598 emittit,
3030 4542 3198 4603 atque
3230 4547 3333 4602 per
3377 4533 3477 4588 bos

207 4632 587 4701 ἐπιφαίνεται.

268 4725 300 4797 §
322 4723 385 4779 ν.
406 4725 622 4779 Τούτων
638 4726 745 4779 τῶν
764 4727 992 4799 πρώτων
1013 4730 1129 4782 ἐστὶ
1146 4728 1206 4783 τὸ
1224 4734 1336 4793 τοῖς
1348 4730 1619 4800 δευτέροις
1636 4727 1797 4798 ἀφθόι

207 4836 326 4881 νως
353 4819 689 4888 μεταδιδόναι
708 4812 782 4873 ὧν
794 4821 945 4873 αὑτοὶ
969 4822 1245 4893 μετέσχον.
1263 4822 1470 4876 Οὐκοῦν
1492 4825 1525 4893 ἡ
1545 4823 1662 4875 θεία
1696 4822 1804 4875 τῶν

211 4907 493 4980 ίεραρχῶν
507 4908 659 4973 τάξις
677 4910 865 4980 πρώτη
886 4912 1000 4965 ἐστὶ
1016 4913 1109 4965 καὶ
1126 4912 1420 4983 ἀκροτάτη,
1440 4913 1534 4966 καὶ
1549 4914 1749 4983 ἐσχάτη
1772 4914 1804 4982 ἠ

208 5000 355 5069 αὐτή
376 5016 391 5031 ·
413 4999 623 5072 πρώτη,
641 5002 721 5054 ὅτι
738 5001 794 5069 ἐξ
812 5003 1023 5075 ἐκείνης
1038 5007 1149 5067 τοῖς
1165 5004 1341 5067 ἄλλοις
1360 5003 1725 5074 μεταδίδονται
1737 5003 1807 5056 τὰ

206 5096 395 5146 οἰκεῖα
418 5109 432 5122 ο
464 5094 687 5163 ἐσχάτη,
717 5094 796 5147 ὅτι
820 5097 900 5158 είς
928 5096 1096 5165 αὑτὴν
1119 5096 1452 5167 ἀποτελευτᾷ
1477 5096 1625 5149 πᾶσα
1654 5098 1806 5166 ἱερα-

208 5185 347 5255 τικὴ
373 5183 749 5256 διακόσμησις.
779 5187 987 5258 Ὥσπερ
1024 5188 1132 5260 γάρ
1161 5191 1309 5243 πᾶσα
1337 5188 1586 5261 ἱεραρχία
1610 5191 1689 5252 είς
1714 5190 1805 5242 τὸν

209 5276 455 5348 Σωτῆρα
476 5278 635 5348 ἡμῶν
669 5278 1121 5351 Ἰησοῦν-Χριστὸν
1144 5280 1576 5352 άποπληροῦται,
1598 5283 1627 5334 6
1655 5279 1806 5352 πρώ-

210 5384 405 5431 τιστος
450 5370 558 5440 γάρ
599 5371 858 5443 ἱεράρχης
896 5366 1048 5434 οὗτός
1087 5373 1265 5425 ἐστιν·
1293 5371 1435 5425 οὑτω
1459 5372 1554 5423 καὶ
1596 5371 1801 5439 ἑκάστη

215 5462 481 5534 ίεραρχία
508 5466 587 5526 εἰς
611 5464 702 5517 τὸν
726 5468 924 5518 οἰκεῖον
952 5465 1209 5537 ἱεράρχην
1235 5466 1333 5537 τὴν
1358 5464 1641 5537 ἀναφορὰν
1668 5463 1803 5534 ἔχει,

214 5564 297 5627 ῶς
334 5562 499 5617 αὑτοῦ
536 5563 625 5617 διὰ
660 5564 767 5619 τῶν
795 5566 886 5618 ὑπ’
928 5564 1087 5620 αὐτὸν
1121 5566 1414 5637 ταγμάτων
1451 5563 1628 5620 πάντα
1658 5566 1808 5636 ἐνερ-

303 5765 324 5803 ί
355 5763 547 5819 Matth.
575 5778 629 5827 ν,
668 5763 750 5821 l7.

438 5860 711 5947 ιᾎτιιοι..
747 5862 861 5919 Gn.
901 5862 993 5939 lll‘

1898 4644 2114 4699 quoque
2140 4628 2491 4685 inferioribus
2515 4627 2763 4683 collucet.
3519 4690 3525 4697 .

1973 4723 2090 4794 ἑν.
2140 4722 2340 4777 Horum
2395 4724 2692 4792 primorum
2745 4729 2851 4785 est,
2906 4718 3305 4789 posterioribus
3354 4718 3472 4773 sine

1892 4817 2104 4871 invidia
2154 4817 2560 4871 communicare
2602 4814 2691 4868 illa
2727 4828 2957 4881 quorum
3003 4812 3104 4882 ipsi
3146 4819 3274 4866 sunt
3301 4815 3474 4881 parti-

1905 4909 2074 4976 cipes.
2107 4907 2289 4976 Itaque
2329 4907 2545 4961 divinus
2590 4906 2726 4961 ordo
2763 4904 3076 4974 pontiﬁcum
3110 4903 3255 4958 idem
3301 4912 3389 4957 est
3421 4910 3479 4957 et

1907 5002 2117 5072 primus
2141 5009 2198 5055 et
2221 5014 2531 5069 supremus,
2564 5007 2618 5053 et
2656 4998 2879 5052 ultimus
2916 5012 2935 5051 ι
2964 4996 3192 5066 primus,
3219 4996 3476 5063 quoniam

1902 5110 1969 5149 ex
2012 5107 2079 5148 eo
2100 5094 2313 5148 caeteris
2344 5105 2465 5160 quae
2495 5091 2713 5158 propria
2738 5098 2866 5143 sunt
2891 5090 3196 5152 donantur;
3226 5086 3477 5153 ultimus,

1900 5187 2158 5257 quoniam
2190 5187 2243 5239 in
2268 5186 2441 5255 ipsum
2465 5184 2647 5238 omnis
2668 5181 3074 5237 ecclesiasticus
3098 5181 3234 5235 ordo
3255 5176 3451 5232 desinit

1902 5282 2370 5350 Quemadmodum
2399 5280 2543 5334 enim
2570 5279 2880 5333 hierarcbia
2909 5278 3088 5331 omnis
3110 5277 3163 5331 in
3189 5275 3477 5331 Salvatore

1904 5387 2091 5433 nostro
2141 5376 2265 5431 Jesu
2298 5375 2523 5429 Christo
2560 5383 2991 5433 consummatur,
3025 5378 3086 5424 ut
3127 5372 3218 5436 qui
3264 5365 3454 5435 primu

1907 5468 2195 5523 hierarcha
2243 5473 2359 5532 est;
2404 5466 2483 5521 sic
2531 5466 2697 5519 etiam
2751 5462 3009 5532 qumlibct
3066 5455 3387 5513 hierarcliia'
3422 5455 3458 5508 il

1906 5563 2185 5633 proprium
2218 5575 2373 5616 suum
2416 5558 2761 5614 hierarcliam
2796 5555 3049 5617 refertur,
3082 5561 3139 5605 ut
3173 5550 3263 5618 qui
3291 5546 3441 5603 omni

3170 5848 3242 5905 17
