3874 6228
430 276 535 331 5%
1097 208 1107 247 Ι

1587 276 1643 331 S.
1686 273 1978 330 DIONYSII
2016 272 2477 330 ΑΒΕΟΡΑΟΙΤΕ

3561 276 3666 331 εει

429 406 529 460 per
550 388 768 444 ordines
810 389 911 444 sibi
944 389 1189 446 subditos
1226 399 1504 457 operetur,
1532 392 1729 459 quibus
1769 391 1996 459 prarhnit

2109 388 2337 458 γοῦντος,
2356 385 2439 454 οίς
2460 389 2551 443 καὶ
2576 389 2814 461 παρέσχε
2846 391 2945 463 τὴν
2965 390 3193 463 δύναμιν
3214 390 3307 445 τοῦ
3332 390 3505 446 ταῦτα
3530 396 3670 469 ἐνερ-

431 490 753 553 potestatem
786 480 900 535 lucc
930 482 1120 551 agendi
1153 481 1428 551 (ὁλότητας
1457 480 1601 534 enim
1630 490 1786 535 vocat
1814 494 2001 535 omnes

431 573 677 637 ordines,
711 571 788 625 uti
819 572 979 640 paulo
1004 582 1123 641 post
1146 571 1426 641 explicat);
1458 582 1697 626 attamen
1731 572 2001 642 prmcipue

430 664 698 733 pontifici,
730 672 786 717 ut
834 664 1060 731 ipsemet
1112 674 1358 733 peragat,
1389 674 1443 717 et
1499 680 1601 718 non
1633 678 1727 731 pcr
1769 662 1998 716 aliorum

431 756 822 818 ministerium,
852 754 1111 808 attributa
1148 764 1230 808 est
1255 754 1512 823 unguenti
1547 754 1922 819 sanctificatio,
1948 762 2003 809 et

433 848 625 901 altaris
665 847 1026 910 consecratio,
1058 856 1111 901 et
1153 846 1650 902 ecclesiasticarum
1694 848 1994 915 ordinatio,

433 956 554 1011 qua:
598 940 759 993 etiam
794 937 1145 1007 perfectionis
1179 937 1482 993 effectrices
1514 939 1776 1010 imagines
1804 940 2001 993 divina:

432 1031 717 1102 potestatis
748 1030 966 1084 vocavit
1014 1047 1027 1083 :
1060 1030 1140 1083 ha:
1176 1031 1319 1083 enim
1365 1037 1495 1083 sunt
1517 1045 1635 1099 qua
1663 1028 1998 1085 divinissima

431 1135 659 1191 quaeque
683 1118 925 1189 symbola
944 1118 1248 1188 perficiunt.
1268 1118 1375 1172 Nisi
1395 1118 1537 1172 enim
1556 1119 1624 1173 sit
1642 1128 1996 1189 unguentum,

434 1213 536 1266 nisi
584 1212 655 1265 sit
695 1212 886 1274 altare,
938 1210 1042 1264 nisi
1095 1209 1166 1263 sit
1213 1208 1372 1280 255
1422 1224 1671 1264 summus
1720 1212 1997 1275 sacerdos,

433 1305 567 1359 nihil
599 1304 763 1358 etiam
794 1303 938 1371 quod
972 1303 1042 1357 sit
1070 1304 1315 1357 muneris
1345 1301 1701 1357 sacerdotalis
1748 1304 1999 1372 perficie-

433 1408 541 1451 tur.
582 1396 809 1462 Deinde,
854 1410 917 1449 ac
968 1395 1010 1448 si
1046 1394 1169 1462 quis
1208 1393 1490 1461 objiceret,
1536 1394 1810 1463 quomodo
1837 1394 1999 1446 etiam

431 1486 697 1556 baptisma
728 1503 827 1556 per
872 1485 1182 1541 sacerdotes
1211 1485 1446 1539 conferri
1480 1485 1671 1556 possit,
1697 1486 1792 1549 ait,
1826 1499 1999 1553 neque

432 1581 538 1636 hoc
564 1580 730 1634 etiam
762 1578 1001 1649 perfecte
1031 1592 1129 1646 per
1155 1592 1213 1632 se
1239 1578 1573 1631 sacerdotem
1597 1577 1844 1647 operari;
1876 1591 1997 1629 nam

432 1684 489 1728 et
521 1672 763 1727 antistite
789 1686 925 1740 opus
954 1670 1077 1737 erit,
1108 1681 1168 1724 ut
1203 1680 1478 1742 unguento
1504 1671 1732 1741 inungat
1756 1670 2002 1740 baptiza-

434 1775 581 1829 tum,
619 1764 885 1833 siquidem
918 1764 1033 1819 haec
1064 1763 1288 1829 antiqua
1316 1773 1433 1817 erat
1462 1764 1817 1818 consuetudo.
1851 1762 1995 1830 Quo-

433 1856 595 1911 modo
642 1865 823 1909 autem
867 1854 1030 1909 etiam
1060 1855 1238 1909 divina
1269 1855 1578 1909 communio
1607 1856 1699 1908 fiet
1728 1871 1835 1910 non
1858 1856 2001 1909 exsi-

432 1958 611 2003 stente
658 1945 863 2001 altari?
912 1944 1012 2001 Ubi
1066 1946 1171 2000 erit
1224 1948 1516 2011 sacerdos,
1566 1948 1669 2002 nisi
1716 1949 2000 2016 episcopus

432 2040 607 2107 ipsum
644 2035 1023 2094 ordinaverit?
1068 2036 1237 2090 Recte
1268 2036 1449 2105 itaque
1475 2037 1731 2102 diximus,
1765 2038 1863 2091 tria
1891 2039 2004 2093 haec

434 2128 693 2199 mysteria
733 2127 966 2181 virtutes
1012 2140 1134 2180 esse
1167 2125 1519 2195 perfectivas,
1560 2137 1617 2182 et
1661 2126 2003 2198 singulariter

442 2220 701 2289 epis-capo
746 2217 991 2281 attribui,
1028 2218 1078 2271 id
1126 2227 1212 2272 est
1259 2218 1684 2286 particulariter,
1737 2228 1792 2273 et
1838 2218 2005 2273 sernel

435 2312 779 2383 simpliciter,
826 2325 931 2365 non
984 2318 1164 2364 autem
1207 2312 1505 2365 secundum
1535 2312 1664 2381 quid
1692 2326 1755 2367 ac
1802 2313 2005 2381 partia-

434 2406 579 2462 liter.

508 2498 535 2569 §
564 2496 653 2552 Vl.
696 2496 961 2563 Quoniam
991 2494 1177 2550 divisit
1206 2496 1635 2553 ecclesiasticum
1668 2498 1913 2554 ordinem
1944 2499 1998 2555 in

436 2589 833 2661 perficientem,
864 2589 916 2641 in
945 2586 1359 2655 illutninautem,
1392 2587 1444 2641 in
1476 2589 1811 2659 expiantem,
1841 2590 2003 2645 modo

446 2681 617 2736 tradit
639 2680 767 2749 quid
791 2679 994 2749 cuique
1026 2679 1202 2733 ordini
1238 2680 1620 2749 sitproprimn.
1648 2680 1794 2736 Ordo
1824 2683 2004 2753 itaque

442 2771 773 2843 episcopalis
820 2771 1132 2841 perficiendi
1186 2772 1235 2826 vi
1283 2770 1468 2839 pollet,
1514 2781 1568 2827 et
1618 2772 1906 2843 perficiens
1950 2783 2005 2829 et

441 2864 734 2937 perfectus,
772 2878 837 2918 ac
883 2863 1216 2933 disciplinas,
1264 2863 1614 2933 habitusque.
1663 2880 1728 2919 ac
1775 2866 2003 2920 virtutes

440 2971 720 3012 sacrorum
766 2952 1072 3010 conferens.
1108 2953 1253 3009 Ordo
1295 2969 1424 3009 vero
1470 2955 1849 3023 sacerdotum,
1890 2958 2005 3011 sive

438 3046 896 3119 presbyterorum,
939 3046 1277 3101 illuminandi
1322 3062 1518 3100 munus
1549 3047 1777 3111 obtinet,
1808 3048 1874 3102 ad
1917 3063 2003 3103 sa-

2102 485 2216 551 γεῖν
2242 482 2519 553 (ὁλότητας
2545 483 2652 555 γὰρ
2678 484 2853 548 πάσας
2876 484 2973 549 τάς
2994 483 3175 548 τάξεις
3200 486 3381 555 φησὶν,
3408 486 3485 549 ὡς
3512 486 3669 550 εὐθὺς

2104 574 2498 645 ἐπεξηγεῖται)·
2534 576 2670 640 τέως
2712 576 2767 629 δὲ
2795 576 2943 647 ὅμως
2984 575 3277 647 ἐξαιρέτως
3319 576 3395 646 τῷ
3441 578 3669 649 lepdpm

2100 667 2237 738 πρὸς
2264 667 2607 738 αὐτουργίαν,
2648 670 2741 721 καὶ
2784 670 2843 721 ού
2882 667 2967 721 διά
2988 669 3087 737 τῆς
3123 669 3319 739 ἐτέρων
3347 670 3667 739 ὑπουργίας,

2102 756 2547 826 ἀποκεκλήρωται
2576 759 2604 809 ὁ
2636 756 2729 809 τοῦ
2767 757 2937 828 μύρου
2979 758 3263 828 ἁγιασμὸς,
3302 758 3455 829 ήτοῦ
3482 759 3669 812 θυσια-

2104 848 2324 918 στηρίου
2355 848 2699 920 καθιέρωσις,
2729 852 2821 903 καὶ
2843 853 2874 921 ἡ
2898 851 3003 903 τῶν
3034 852 3321 921 ἱερατικῶν
3348 852 3666 923 χειροτονία,

2104 942 2259 995 ἆτινα
2284 942 2375 993 καὶ
2408 942 2824 1013 τελεσιουργοὺς
2849 944 3059 1007 εἰκόνας
3085 945 3183 1015 τῆς
3223 944 3369 1009 θείας
3389 945 3670 1014 δυνάμεως

2104 1035 2443 1090 ἀπεκάλεσεν
2467 1054 2479 1066 ·
2508 1038 2667 1090 αὑταὶ⁵
2689 1037 2795 1107 γάρ
2821 1040 2955 1091 εἰσιν
2980 1041 3033 1091 αί
3060 1038 3466 1092 ἀποτελειοῦσαι
3496 1041 3670 1093 πάντα

2098 1125 2169 1179 τὰ
2194 1127 2439 1181 θειότατα
2469 1128 2725 1199 σύμϐολα.
2752 1131 2814 1184 Ei
2847 1129 2953 1201 γὰρ
2982 1131 3053 1201 μὴ
3083 1132 3269 1202 μύρον,
3296 1134 3343 1184 εί
3369 1133 3443 1203 μὴ
3483 1131 3671 1185 θυσια-

2103 1220 2341 1289 στήριον,
2362 1222 2407 1272 εί
2434 1220 2507 1291 μὴ
2533 1222 2838 1291 ἀρχιερεὺς,
2867 1222 2965 1274 οὐκ
2989 1223 3054 1275 ἄν
3076 1238 3128 1273 τι
3155 1222 3423 1292 ἱερατικὸν
3448 1223 3672 1291 ἐνεργη-

2101 1309 2340 1380 Οὴσεται.
2374 1308 2504 1365 Εἶτα
2542 1312 2728 1384 ῶσπερ
2765 1314 2909 1377 τινὸς
2948 1313 3426 1384 ἀνθυποφέροντος,
3470 1316 3553 1366 (“at
3582 1316 3672 1366 καὶ

2100 1400 2218 1464 πῶς
2258 1400 2537 1474 βάπτισμα
2572 1404 2660 1456 διά
2700 1404 2807 1457 τῶν
2848 1405 3035 1476 ἱερέων
3069 1406 3321 1469 τελεῖται,
3366 1408 3549 1476 φησὶν,
3592 1407 3670 1459 ὃτι

2100 1492 2219 1543 οὐδὲ
2243 1492 2399 1546 τοῦτο
2424 1494 2641 1558 τελείως
2665 1497 2875 1566 ἐνεργεῖ
2896 1498 2922 1549 ὁ
2949 1497 3314 1568 πρεσϐύτερος
3338 1515 3351 1528 ’
3382 1499 3540 1569 χρεία
3566 1500 3672 1568 γάρ

2099 1581 2192 1634 τοῦ
2220 1584 2515 1655 ἀρχιερέως
2540 1584 2709 1647 ἔσται,
2729 1588 2806 1648 εἱς
2828 1585 2888 1637 τὸ
2913 1589 3091 1657 χρῖσαι
3128 1588 3203 1657 τῷ
3246 1588 3398 1659 μύρῳ
3440 1589 3532 1640 τὸν
3581 1589 3674 1657 βα-

2102 1674 2390 1729 πτισθέντα
2412 1693 2425 1705 ·
2456 1676 2590 1747 αὕτη
2618 1677 2725 1748 γὰρ
2765 1674 2830 1749 ἦν
2856 1682 2888 1749 ἡ
2928 1680 3128 1751 ἀρχαία
3170 1681 3437 1750 συνήθεια,
3466 1682 3595 1745 Πῶς
3619 1682 3671 1734 δέ

2027 1769 2070 1823 Β
2099 1768 2191 1819 καὶ
2208 1769 2240 1837 ἡ
2258 1767 2374 1820 θεία
2391 1769 2640 1822 κοινωνία
2655 1772 2959 1841 γενήσεται,
2989 1774 3061 1843 μὴ
3090 1774 3471 1845 θυσιαστηρίου
3496 1775 3670 1837 δντοςς

2103 1857 2211 1911 Ποῦ
2238 1860 2294 1913 δὲ
2335 1860 2483 1915 ἔσται
2508 1862 2537 1913 ὁ
2563 1863 2759 1933 ἱερεὺς,
2784 1866 2831 1917 εί
2875 1864 2948 1936 μὴ
2987 1866 3272 1937 ἀρχιερεὺς
3295 1867 3455 1920 αὐτὸν
3492 1885 3675 1937 χειρο-

2101 1953 2315 2022 τονήσει
2340 1969 2353 2015 ;
2380 1952 2575 2017 Καλῶς
2599 1952 2703 2024 ἄρα
2728 1954 3008 2025 ἐλέγομεν,
3034 1959 3114 2009 ὅτι
3142 1957 3312 2010 ταῦτα
3334 1957 3401 2010 τὰ
3423 1959 3550 2029 τρία
3584 1978 3676 2030 μυ-

2106 2044 2302 2114 στήρια
2326 2044 2756 2116 τελεσιουργικαὶ
2779 2045 3032 2116 δυνάμεις
3056 2048 3180 2110 εἱσὶ,
3207 2049 3299 2100 καὶ
3342 2047 3563 2109 ἐνιαίως

2104 2135 2348 2208 ἀρχιερεῖ
2386 2137 2872 2208 ἀπεκληρώθησαν,
2901 2138 3043 2190 τοῦτ’
3068 2139 3183 2191 ἔστι
3227 2140 3541 2212 μονομερῶς
3584 2142 3675 2194 καὶ

2104 2228 2459 2296 ἁπαξαπλῶς,
2484 2231 2578 2283 καὶ
2601 2231 2660 2284 οὐ
2690 2230 2831 2285 κατά
2851 2248 2904 2285 τι
2928 2233 3021 2285 καὶ
3054 2232 3312 2304 μερικῶς.

2176 2488 2311 2561 §Vl.
2351 2490 2501 2545 Ἐπεὶ
2541 2490 2700 2545 διεῖλε
2739 2490 2837 2561 τὴν
2880 2492 3156 2564 ἱερατικὴν
3196 2493 3560 2564 διακόσμησιν
3599 2498 3678 2561 εἰς

2104 2582 2469 2655 τελειωτικὴν,
2518 2586 2599 2647 είς
2642 2586 2991 2657 φωτιστικὴν,
3041 2589 3121 2649 είς
3171 2587 3525 2659 καθαρτικὴν,
3577 2589 3675 2659 ἥδη

2105 2673 2286 2727 δίδωσι
2309 2672 2372 2725 τὸ
2392 2676 2587 2727 οίκεῖον
2618 2677 2820 2748 ἑκάστῃ
2846 2676 3014 2739 τάξει.
3055 2676 3118 2728 Ἡ
3156 2675 3288 2743 γοῦν
3312 2679 3678 2749 ἀρχιερατικὴ

2104 2765 2201 2837 τὴν
2221 2765 2565 2838 τελειωτικὴν
2594 2767 2703 2838 ἔχει
2738 2768 2981 2839 δύναμιν,
3006 2769 3452 2841 τελεσιουργοῦσα
3475 2771 3544 2823 τὰ
3588 2789 3680 2824 τε·-

2106 2858 2413 2929 λεσιουργὰ,
2441 2860 2533 2911 καὶ
2556 2859 2875 2912 διδάσκουσα
2900 2861 2999 2924 τάς
3022 2861 3331 2932 ἐπιστήμας
3354 2863 3462 2915 τῶν
3490 2862 3677 2932 ἱερῶν,

2106 2950 2330 3013 καὶτὰς
2365 2951 2525 3016 ἔξεις,
2566 2949 2778 3013 καὶτὰς
2818 2950 3103 3021 δυνάμεις·
3143 2954 3177 3023 ἡ
3213 2952 3270 3005 δὲ
3316 2953 3423 3004 τῶν
3463 2954 3680 3021 ἱερέων,

2109 3042 2272 3111 ἤγουν
2307 3041 2415 3095 τῶν
2442 3042 2844 3114 πρεσϐυτέρων,
2870 3041 3020 3107 τάξιν
3042 3041 3140 3113 τὴν
3182 3045 3514 3115 φωτιστικὴν
3543 3045 3680 3114 ἔχει,

438 3153 655 3194 crorum
683 3147 1036 3209 conspectum
1060 3138 1430 3193 manuducens
1454 3152 1547 3192 eos
1574 3139 1665 3209 qui
1696 3139 1999 3205 initiantur,

2109 3109 2519 3203 χειραγωγοῦσα
2570 3135 2650 3196 εἱς
2696 3109 2793 3197 τάς
2838 3134 3064 3203 ἐποψίας
3097 3109 3237 3197 -τούς
3285 3109 3680 3203 τελουμένους,

439 3229 564 3283 dum
613 3228 787 3283 sacris
834 3228 1051 3298 quidem
1084 3229 1198 3297 ipse
1226 3236 1507 3297 Operatur,
1558 3239 1613 3284 et
1668 3244 1765 3298 per
1812 3245 2004 3285 manus

438 3321 785 3375 sacerdotum
812 3320 1029 3390 prepria
1062 3319 1361 3375 divinitatis
1404 3335 1571 3390 Opera
1615 3321 1834 3376 exhibet
1867 3338 1880 3374 :
1907 3336 2003 3376 ve-

440 3428 558 3466 rum
579 3420 673 3466 eos
694 3413 783 3481 qui
803 3411 1110 3467 divinarum
1136 3426 1317 3467 rerum
1343 3412 1629 3467 scientiam
1671 3413 2001 3482 adipiscendi

437 3503 710 3558 desiderio
734 3511 1007 3569 tenentur,
1031 3503 1098 3557 ad
1128 3504 1438 3574 cpiscOpum
1473 3505 1817 3560 transmittit.
1849 3504 2005 3559 Mini-

440 3605 675 3648 strorum
719 3606 866 3655 vero,
908 3593 962 3646 id
994 3601 1076 3647 est
1120 3594 1493 3659 diaconorum,
1522 3596 1654 3648 ordo
1690 3606 1773 3649 est
1818 3594 2005 3662 expia-

441 3686 635 3747 torius,
662 3692 719 3738 et
744 3683 1013 3740 discretor
1038 3685 1300 3739 bonarum
1325 3695 1380 3739 et
1410 3684 1697 3749 malarum,
1725 3686 1838 3739 sive
1882 3700 2005 3754 per-

439 3787 698 3826 sonarum
747 3774 869 3828 sive
919 3787 1130 3840 rerum;
1166 3775 1480 3829 discernunt
1524 3777 1667 3829 enim
1702 3777 1863 3829 etiam
1893 3785 2003 3830 tam

443 3875 709 3929 personas
754 3862 1150 3929 accedentium,
1188 3878 1349 3933 quam
1409 3866 1639 3921 virtutes
1689 3878 1896 3931 rerum,
1949 3875 2007 3921 et

443 3952 620 4021 qualia
642 3951 787 4007 bona
814 3954 925 4009 sint
954 3964 1010 4008 et
1046 3954 1225 4023 qualia
1250 3969 1437 4026 prava.
1474 3955 1628 4012 Unde
1658 3967 1711 4011 et
1747 3958 1844 4026 ipsi
1870 3972 2006 4027 quo-

441 4054 549 4107 que
593 4048 748 4095 vetus
796 4041 1177 4096 vestimentum
1241 4044 1551 4112 deponunt,
1603 4048 1746 4115 quod
1804 4049 2005 4103 veteris

443 4128 661 4185 iiialitia:
700 4131 1005 4201 symbolum
1052 4133 1240 4197 refert,
1296 4133 1631 4204 ahluuntque
1680 4145 1735 4190 et
1782 4136 2005 4201 sistunt,

440 4234 495 4277 et
520 4222 793 4278 adducunt
822 4238 943 4278 eum
977 4224 1071 4293 qui
1107 4227 1173 4278 ad
1208 4226 1534 4295 baptismum
1559 4228 1808 4294 accedit;
1839 4229 2006 4299 siqui-

441 4318 563 4369 dem
601 4315 718 4370 baac
760 4316 945 4371 omnia
980 4317 1197 4372 virtutis
1222 4326 1276 4372 et
1308 4317 1514 4373 ordinis
1545 4329 1674 4373 sunt
1712 4321 2004 4389 expiantis.

445 4408 645 4464 Docent
672 4410 816 4464 enim
853 4410 995 4473 illos,
1029 4420 1088 4463 ut
1116 4409 1277 4465 rebus
1316 4410 1565 4465 obscuris
1612 4414 2005 4479 renuntiantes,
2038 4443 2082 4497 ι)

441 4500 507 4553 ad
548 4515 612 4555 ea
662 4515 784 4569 qua:
811 4502 1120 4556 illuminant
1174 4501 1535 4557 adducantur.
1566 4503 1799 4558 Adducit
1828 4506 2009 4573 itaque

441 4593 714 4660 expiatos,
740 4594 921 4663 expiat
953 4594 1325 4663 imperfectos,
1360 4594 1506 4649 fovet
1549 4594 2006 4660 institutionibus,

442 4684 678 4738 secernit
721 4700 906 4740 sacros
950 4700 981 4739 a
1008 4686 1273 4755 profanis.
1305 4686 1453 4741 fores
1495 4688 1751 4741 custodit.
1787 4686 2009 4742 Diaconi

446 4775 589 4826 enim
632 4783 771 4843 tunc
798 4776 943 4832 fores
988 4778 1282 4843 habebant,
1316 4792 1460 4833 nunc
1505 4792 1636 4832 vero
1684 4793 1777 4833 eas
1830 4785 2012 4833 tenent

443 4866 783 4922 subdiaconi.
809 4867 923 4923 Lex
961 4869 1148 4938 itaque
1190 4871 1559 4926 ecclesiastica
1587 4870 1845 4925 diaconos
1881 4871 2013 4924 fori-

444 4958 549 5014 bus
597 4960 842 5029 praeficit,
881 4961 1161 5016 insinuans
1203 4964 1382 5030 qualis
1412 4972 1466 5016 et
1503 4963 1647 5033 quali
1694 4963 1911 5017 futurus
1939 4965 2010 5017 sit

447 5054 516 5104 ad
539 5066 693 5105 sacra
726 5051 1005 5117 introitus,
1037 5062 1093 5105 et
1124 5053 1416 5109 virtutibus
1446 5056 1564 5109 istis
1597 5054 2007 5122 expiatricibus,

447 5144 601 5212 ipsis,
635 5144 877 5211 inquam,
918 5142 1162 5199 diaconis
1194 5146 1262 5199 ad
1285 5161 1565 5202 sacrorum
1615 5157 1889 5215 aspectum
1924 5148 2008 5200 in-

451 5233 763 5288 treducendi
796 5248 990 5286 munus
1024 5235 1388 5303 committens,
1434 5246 1487 5291 et
1518 5252 1613 5305 per
1645 5238 1861 5291 eosdem
1910 5238 2010 5290 ad-

449 5327 670 5379 mittens
718 5324 837 5379 illos
873 5339 1011 5395 quos
1060 5325 1161 5395 ipsi
1206 5341 1487 5382 sacrorum
1550 5338 1773 5398 aspectu
1818 5329 2010 5397 dignos

445 5416 829 5484 iudicaverint.

522 5593 685 5667 246
713 5594 1039 5651 Summatim
1070 5611 1196 5652 vero
1224 5598 1404 5652 omnia
1441 5601 1729 5668 repetendo
1755 5601 1850 5664 ait,
1881 5616 2013 5670 pon-

456 5687 650 5742 tificem
677 5689 894 5757 quidem
925 5690 1211 5760 perficere,
1236 5692 1567 5748 sacerdotem
1594 5704 1774 5751 autent
1814 5695 2014 5752 illumi-

2104 3224 2285 3295 δρῶσα
2311 3225 2408 3294 μὲν
2435 3226 2526 3278 καὶ
2549 3224 2705 3295 αὐτὴ,
2734 3226 2825 3277 καὶ
2851 3225 2947 3288 τὰς
2990 3224 3273 3297 θεουργίας
3313 3225 3684 3279 ὑποδεικνῦσα

2104 3315 2189 3368 διὰ
2230 3316 2328 3385 τῆς
2370 3316 2503 3379 ίδίας
2541 3316 2647 3368 τῶν
2673 3317 2829 3389 ἱερῶν
2873 3319 3309 3389 μεταχειρίσεως,
3334 3321 3461 3381 τοὺς
3498 3318 3556 3370 δὲ
3583 3319 3684 3388 τῆς

2106 3409 2414 3478 ἐπιστήμης
2450 3406 2558 3461 τῶν
2605 3408 2921 3479 ἱερουργιῶν
2964 3409 3281 3479 ἐφιεμένους
3323 3407 3400 3477 τῷ
3448 3410 3681 3479 ίεράρχῃ

2106 3499 2567 3569 παραπέμπουσα.
2622 3500 2685 3551 Ἠ
2726 3499 2781 3552 δὲ
2822 3500 2927 3553 τῶν
2953 3498 3297 3570 λειτουργῶν,
3326 3499 3525 3571 δηλαδὴ
3573 3502 3683 3553 τῶν

2104 3589 2364 3642 διακόνων
2399 3588 2570 3655 τάξις,
2604 3588 2907 3659 καθαρτική
2956 3587 3071 3640 ἐστι
3108 3590 3199 3641 καὶ
3224 3588 3530 3661 διακριτικὴ
3572 3592 3683 3643 τῶν

2106 3682 2285 3734 καλῶν
2324 3682 2418 3734 καὶ
2458 3681 2564 3733 τῶν
2606 3680 2882 3751 χειρόνων,
2910 3680 3019 3731 εἴτε
3064 3679 3391 3750 προσώπων,
3422 3683 3531 3733 εἴτε
3575 3682 3683 3753 μὴν

2107 3773 2200 3826 καὶ
2232 3772 2565 3843 πραγμάτων
2585 3788 2597 3800 ο
2624 3770 2952 3841 διακρίνουσι
2978 3770 3087 3841 γὰρ
3109 3771 3200 3822 καὶ
3215 3768 3283 3822 τά
3297 3770 3405 3824 τῶν
3430 3774 3685 3842 προσιόν-

2106 3882 2213 3916 των
2264 3863 2548 3933 πρόσωπα,
2595 3863 2689 3914 καὶ
2736 3860 2835 3925 τὰς
2877 3859 2985 3913 τῶν
3011 3862 3350 3931 πραγμάτων
3394 3862 3679 3932 δυνάμεις,

2108 3957 2233 4006 ποῖα
2271 3953 2409 4006 καλὰ
2445 3954 2538 4006 καὶ
2576 3955 2701 4005 ποῖα
2738 3954 2973 4023 χείρονα.
3003 3953 3162 4005 Ὅθεν
3204 3952 3355 4005 αὐτοί
3378 3956 3484 4005 είσι
3510 3956 3608 4007 καὶ
3633 3956 3681 4007 oi

2107 4042 2542 4111 ἀπογυμνοῦντες
2592 4042 2694 4109 τῆς
2743 4041 2977 4104 παλαιάς
3023 4042 3264 4112 ἐσθῆτος,
3310 4042 3412 4112 τῆς
3447 4043 3683 4114 ἐχούσης

2110 4133 2371 4204 σύμϐολον
2394 4134 2491 4204 τῆς
2514 4134 2747 4196 παλαιᾶς
2774 4133 2971 4197 κακίας
2990 4150 3003 4163 ο
3032 4135 3123 4186 καὶ
3147 4136 3192 4186 οἱ
3218 4134 3562 4199 ὑπολύοντες,
3592 4138 3684 4189 καὶ

2108 4227 2382 4290 ἱστῶντος,
2413 4226 2505 4278 καὶ
2531 4227 2855 4296 μετάγοντες
2878 4225 2968 4278 τὸν
2992 4225 3068 4295 τῷ
3093 4224 3422 4296 βαπτίσματι
3448 4244 3685 4297 προσερ-

2109 4316 2567 4388 χόμενον-ταῦτα
2615 4317 2723 4386 γὰρ
2770 4318 2964 4379 πάντα,
3014 4317 3113 4386 τῆς
3158 4317 3495 4387 καθαρτικῆς
3544 4322 3683 4371 εἰσιν

2110 4408 2386 4481 ἐνεργείας
2409 4410 2501 4460 καὶ
2521 4407 2743 4471 τάξεως.
2782 4407 3179 4461 Ἐκδιδάσκουσι
3202 4408 3308 4478 γὰρ
3332 4409 3550 4472 αὐτοὺς,
3574 4411 3681 4473 ἴνα,

2113 4501 2509 4569 ἀποταξάμενοι
2534 4498 2602 4551 τὰ
2624 4498 2870 4569 ἀλαμπῆ,
2898 4499 3242 4569 καταχθῶσιν
3273 4500 3365 4551 ἐπὶ
3400 4498 3471 4552 τὰ
3514 4518 3683 4569 φωτι-

2115 4597 2290 4649 στικά.
2333 4594 2544 4661 ’Δνάγει
2566 4590 2695 4660 γοῦν
2716 4593 2841 4653 τοὺς
2886 4591 3349 4662 κεκαθαρμένους,
3377 4594 3683 4647 ἀποκαθαί-

2115 4704 2197 4757 ρει
2232 4686 2358 4748 τοὺς
2397 4682 2740 4743 ἀτελέστους,
2786 4680 3064 4751 μαιεύεται
3108 4684 3231 4742 ταῖς
3272 4680 3643 4745 διδασκαλίαις
3667 4721 3681 4744 ,

2112 4776 2515 4831 ἀποδιαστέλλει
2550 4774 2657 4827 τῶν
2699 4774 2927 4845 ἀνιέρων
2960 4774 3086 4835 τοὺς
3131 4773 3327 4843 ἱεροὺς,
3368 4772 3470 4835 τὰς
3514 4774 3684 4836 πύλας

2113 4872 2377 4941 ἐπιτηρεῖ.
2412 4870 2476 4921 Οἱ
2516 4867 2747 4921 διάκονοι
2789 4866 2897 4937 γὰρ
2923 4865 3042 4918 τότε
3077 4864 3175 4928 τὰς
3200 4864 3371 4927 πύλας
3396 4860 3568 4934 εἶχον,
3592 4864 3683 4919 νῦν

2111 4964 2168 5017 δὲ
2208 4968 2255 5017 οἱ
2297 4962 2653 5016 ὐποδιάκονοι.
2698 4961 2975 5030 Ἐςρίστησι
3018 4956 3195 5019 τοίνυν
3237 4958 3365 5021 τοὺς
3404 4959 3684 5020 διακόνους

2112 5057 2231 5117 ταῖς
2269 5052 2460 5113 πύλαις
2499 5052 2533 5120 ὴ
2571 5050 2928 5121 ἀρχιερατικὴ
2974 5046 3293 5118 νομοθεσία,
3332 5046 3684 5115 αἱνισσομένη

2113 5147 2273 5199 ὁποία
2308 5147 2401 5197 καὶ
2444 5143 2612 5212 ὁποίῳ
2657 5142 2807 5194 ἔσται
2843 5142 2876 5210 ἡ
2922 5138 3058 5211 πρὸς
3101 5138 3171 5191 τὰ
3200 5137 3320 5208 ἱερὰ
3341 5137 3572 5201 εἴσοδος,
3596 5136 3687 5187 καὶ

2114 5237 2487 5308 ἐγχειρίζουσα
2527 5236 2645 5296 ταῖς
2682 5232 3038 5304 καθαρτικαῖς
3072 5230 3363 5299 δυνάμεσιν
3402 5230 3586 5292 αὐτοῖς
3621 5227 3685 5297 δὴ

2113 5333 2223 5391 τοῖς
2261 5328 2524 5389 διακόνοις
2560 5328 2657 5396 τὴν
2693 5326 2785 5377 ἐπὶ
2809 5323 2905 5386 τὰς
2933 5323 3083 5395 ἱερὰς
3128 5323 3355 5391 ἐποῴίας
3394 5338 3684 5391 προσαγω-

2114 5424 2236 5492 γὴν,
2262 5422 2353 5474 καὶ
2376 5420 2461 5473 διὰ
2484 5418 2685 5471 τούτων
2705 5416 2885 5468 αὐτῶν
2910 5416 3278 5485 εἰσδεχομένη,
3296 5414 3455 5485 εἴπερ
3482 5432 3689 5487 μαρτυ-

2118 5514 2349 5586 ρηθεῖεν,
2380 5513 2505 5583 παρ’
2532 5512 2709 5564 αὐτῶν
2733 5510 2932 5581 δηλαδὴ
2954 5509 3053 5575 τῆς
3076 5507 3304 5576 ἐποῲίας
3348 5508 3508 5572 ἀξιοι.

2203 5602 2639 5672 ’Λνακειςαλαιού
2649 5619 2809 5672 μενος
2833 5600 2889 5652 δέ
2913 5599 2981 5653 τά
3010 5600 3189 5653 πάντα
3214 5599 3400 5668 φησὶν,
3427 5601 3510 5652 ὅτι
3536 5603 3565 5653 ὁ
3589 5599 3687 5669 μὲν

2117 5697 2402 5769 ἀρχιερεὺς
2436 5696 2651 5761 τελειοῖ,
2680 5697 2708 5748 ὁ
2734 5694 2788 5749 δὲ
2830 5693 3007 5764 ἱερεὺς
3036 5691 3282 5762 φωτίζει,
3305 5694 3334 5747 ὁ
3357 5692 3415 5746 δὲ
3443 5691 3687 5754 διάκονος
