3874 6228
161 275 270 328 525

728 274 815 329 DE
853 274 1135 331 ECCLES.
1180 272 1583 339 HIERARCH.,
1614 273 1769 330 CAP.
1807 274 1874 330 V.
1908 303 1976 313 —
2010 272 2359 329 PARAPHR.
2384 271 2857 329 PACHYMERIE.

3323 274 3429 329 520

160 388 421 460 καθαίρει
465 390 560 444 καὶ
602 390 869 462 διακρίνει
908 393 1000 445 τὸν
1028 392 1218 447 πιστὸν
1257 393 1349 446 καὶ
1373 392 1465 444 τὸν
1504 391 1753 455 ἄπιστον,

1878 403 2013 452 tare,
2042 387 2336 441 diaconum
2371 400 2500 442 vero
2523 386 2765 453 expiare,
2794 398 2859 438 ac
2890 397 3181 467 segregare
3214 383 3426 439 ﬁdelem

158 480 250 532 τὸν
276 477 430 545 ἀξιον
458 481 554 533 καὶ
576 481 667 535 τὸν
690 482 928 548 ἀνάξιον,
954 486 1096 555 ὅπερ
1137 483 1282 546 ἰδίως
1307 482 1521 553 ἔχουσιν
1547 482 1595 533 οἱ
1621 481 1756 533 ὑπο-

158 568 425 623 διάκονοι.
456 570 605 634 Τέως
628 571 685 624 δὲ
723 574 750 624 6
778 574 876 641 μὲν
909 572 1225 635 ἐπίσκοπος,
1269 573 1363 625 καὶ
1386 572 1451 624 τὰ
1472 571 1579 623 τῶν
1605 572 1757 640 ὑφει-

163 658 347 727 μένων
376 664 542 725 ποιεῖ,
572 662 631 714 οὐ
659 661 764 732 μὴν
789 663 836 713 οἱ
866 664 1032 732 ἱερεῖς
1059 662 1126 714 τὰ
1148 662 1255 715 τῶν
1281 663 1596 715 ἐπισκόπων
1616 679 1629 691 ·
1663 661 1757 714 καὶ

161 752 225 803 ὲκ
248 754 444 807 τούτου
472 755 824 826 σημειωθείη,
851 754 925 817 ὡς
948 755 1176 808 ἕκαστον
1197 757 1255 808 οὐ
1282 755 1385 827 χρὴ
1413 754 1758 825 κατατολμᾷν

162 845 276 898 τῶν
322 847 605 916 μειζόνων.
635 849 699 900 Ai
724 849 780 901 δὲ
824 848 1091 921 θειότεραι
1117 848 1375 920 δυνάμεις
1412 850 1506 903 καὶ
1543 850 1613 903 τὰ
1652 850 1759 903 τῶν

170 939 410 1008 ῆττόνων
453 940 654 1010 ἔχουσι,
698 942 789 993 καὶ
824 941 1052 1010 ἠδύνατο
1079 942 1254 994 πάντα
1285 945 1457 995 ποιεῖν
1481 944 1508 996 6
1536 942 1759 995 ἐπίσκο-

165 1048 302 1093 1:o;‘
353 1031 471 1084 ἀλλ’
515 1033 706 1104 ἐπειδὴ
748 1033 905 1086 θείων
951 1034 1085 1085 εἰσὶν
1126 1035 1331 1098 εἰκόνες
1371 1035 1660 1105 ἐνεργειῶν
1706 1037 1759 1088 αἱ

168 1126 450 1194 ἱερατικαὶ
473 1126 883 1197 διακοσμήσεις,
913 1128 1216 1180 δεικνύεται
1243 1129 1335 1181 καὶ
1362 1130 1419 1181 ὲν
1453 1128 1677 1193 ταύταις
1700 1129 1760 1182 τὸ

167 1218 443 1288 εὖκοσμεν
480 1220 574 1271 καὶ
600 1219 922 1289 ἀσύγχυτον.
956 1220 1079 1283 Πῶς
1103 1220 1159 1273 δὲ
1183 1220 1322 1273 κατὰ
1355 1222 1453 1293 τὴν
1480 1220 1631 1287 τάξιν
1653 1220 1761 1275 τῶν

166 1308 333 1361 θείων
360 1308 431 1361 τὰ
455 1310 699 1381 ἡμέτερα
730 1312 988 1380 γίνονται,
1018 1312 1185 1382 λέγει.
1224 1314 1309 1376 Ὡς
1333 1313 1519 1383 ἐπειδὴ
1546 1314 1578 1384 ἠ
1604 1313 1763 1385 θεαρ-

166 1403 263 1470 χία
286 1404 419 1465 τοὺς
451 1404 507 1455 ὲν
533 1397 613 1466 οἷς
640 1403 704 1456 ἂν
749 1404 1038 1475 ἐγγένηται
1075 1407 1220 1470 νόας,
1267 1406 1376 1459 εἴτε
1415 1405 1760 1474 ὰγγελικοὺς,

166 1494 281 1546 εἴτε
314 1496 408 1547 καὶ
432 1496 823 1567 ἀνθρωπίνους,
845 1497 1061 1568 πρῶτον
1083 1499 1354 1570 καθαίρει,
1376 1494 1494 1551 εἶτα
1517 1498 1760 1569 φωτίζει,

168 1587 263 1638 καὶ
304 1586 492 1639 ἔκτοτε
534 1586 749 1651 τελειοῖ,
781 1589 874 1640 καὶ
915 1588 1060 1641 ἔστιν
1104 1590 1191 1643 ἀεὶ
1231 1590 1647 1661 ἀπαράλλακτος
1670 1590 1763 1643 καὶ

166 1680 262 1731 ἐπὶ
293 1680 523 1749 πᾶσινή
568 1679 790 1751 τοιαύτη
830 1680 1002 1745 τάξις,
1028 1682 1123 1735 καὶ
1159 1682 1217 1735 οὐ
1267 1684 1592 1753 μεταπίπτει
1631 1683 1761 1736 ποτὲ

169 1770 308 1841 πρὸς
335 1769 557 1823 ἀλλοίαν
599 1771 950 1824 κατάστασιν.
999 1772 1124 1835 Πῶς
1163 1772 1270 1845 γὰρ
1310 1774 1761 1845 φωτισθήσεταιὸ

172 1864 249 1933 μὴ
293 1862 628 1934 καθαρθείς;
668 1864 761 1916 καὶ
799 1863 917 1927 πῶς
958 1864 1374 1935 τελειωθήσεται
1409 1868 1437 1919 6
1477 1864 1550 1936 μὴ
1591 1883 1759 1935 φωτι-

172 1954 321 2017 σθείς
347 1971 361 2019 ;
389 1954 490 2006 Διὰ
530 1954 691 2007 τοῦτο
727 1954 823 2027 τὴν
864 1955 1117 2025 τοιαύτην
1154 1955 1305 2021 τάξιν
1345 1956 1761 2029 ἀπαράλλακτον

172 2045 426 2115 μαθοῦσα
461 2048 493 2117 ἡ
531 2046 654 2099 καθ’
696 2048 842 2117 ἡμᾶς
893 2047 1169 2118 ἰεραρχία,
1209 2047 1406 2120 διαιρεῖ
1447 2049 1643 2122 ἑαυτὴν
1683 2052 1762 2115 εἰς

168 2138 598 2209 διακεκριμένας
622 2138 804 2204 τάξεις
828 2157 887 2193 τε
913 2141 1004 2193 καὶ
1040 2140 1298 2211 δυνάμεις
1318 2158 1330 2171 ·
1358 2143 1450 2195 καὶ
1485 2142 1545 2195 τὸ
1584 2145 1763 2215 κρεῖτ-

168 2247 261 2285 τον
300 2234 443 2305 αὑτὴ
482 2237 616 2307 παρ’
649 2235 813 2306 ἑαυτῇ
857 2236 1377 2306 παρακατασχοῦσα,
1403 2238 1463 2290 τὸ
1488 2238 1770 2311 καθαίρειν

170 2326 268 2377 καὶ
310 2325 373 2378 τὸ
413 2324 674 2396 φωτίζειν
709 2330 820 2391 τοῖς
858 2329 1066 2401 ἑτέροις
1106 2327 1247 2381 κατὰ
1270 2327 1438 2392 τάξιν¹
1465 2329 1765 2383 ἀπέδωκεν.

182 2416 327 2469 Ἀλλ’
368 2418 558 2490 ἐπειδὴ
604 2419 733 2491 περὶ
771 2419 975 2474 τούτων
1022 2421 1221 2486 ἱκανῶς
1245 2422 1467 2495 ἐρρέθη,
1511 2421 1645 2493 φέρε
1668 2420 1768 2485 τὰς

172 2513 481 2586 ίερωτάτας
511 2515 693 2568 αὐτῶν
716 2515 1001 2582 τελεώσεις
1026 2516 1472 2588 ὲποπτεύσωμεν.

1861 482 1928 535 ab
1959 480 2182 544 infideli,
2211 488 2267 533 et
2302 478 2523 548 dignum
2575 477 2642 532 ab
2672 477 2916 548 indigno,
2963 476 3106 545 quod
3150 478 3430 547 proprium

1859 582 1943 627 est
1971 572 2450 626 subdiaconorum.
2484 569 2705 623 Interim
2736 569 3027 638 episcopus
3054 569 3220 621 etiam
3257 576 3432 638 potest

1859 662 2011 717 obire
2062 675 2283 715 munera
2315 660 2655 726 inferiorum,
2686 676 2790 713 non
2840 669 3019 714 tamen
3072 660 3328 715 sacerdos
3368 676 3431 714 ea

1860 769 1981 824 qua:
2027 760 2157 807 sunt
2188 753 2603 821 episcoporum;
2638 764 2707 805 ex
2750 766 2860 821 quo
2902 750 3265 820 significatur,
3293 766 3435 821 quo-

1860 845 2021 900 modo
2049 858 2208 897 nemo
2236 844 2430 897 debeat
2461 842 2665 912 majora
2696 858 2755 897 se
2774 856 3107 911 prtesumcre
3132 856 3226 897 seu
3254 852 3431 897 atten-

1866 946 2001 991 tare.
2041 934 2313 989 Caeterum
2356 940 2587 988 virtutes
2619 932 2835 1003 quidem
2880 934 2984 989 illa:
3030 934 3340 1003 superiores
3368 950 3429 989 ea

1863 1045 1983 1100 qua:
2030 1027 2345 1082 inferiorum
2384 1035 2529 1089 sunt,
2571 1026 2790 1091 habent,
2824 1037 2880 1080 et
2923 1027 3206 1097 cpiscopus
3255 1035 3433 1097 potest

1863 1121 2066 1175 onmia.
2112 1118 2384 1185 Quoniam
2412 1127 2590 1173 tamen
2624 1119 3008 1174 ecclesiasticae
3040 1120 3436 1187 descriptiones

1874 1212 2179 1267 divinarum
2234 1212 2496 1279 imagines
2542 1219 2668 1265 sunt
2716 1213 3021 1277 actionum,
3055 1213 3106 1265 in
3151 1212 3258 1267 illis
3306 1213 3439 1283 ipsis

1863 1319 2080 1375 quoque
2111 1314 2294 1358 rectus
2318 1306 2456 1358 ordo
2483 1302 2869 1373 distinctioque
2898 1304 3231 1359 ostenditur.
3267 1304 3437 1361 Deni-

1864 1431 1969 1487 que
2002 1418 2191 1481 refert,
2218 1419 2491 1485 quomodo
2524 1418 2638 1472 haec
2686 1418 2951 1473 nostratia
2994 1432 3213 1488 quoque
3243 1435 3438 1475 secun-

1864 1510 1990 1563 dum
2018 1510 2267 1563 ordinem
2292 1509 2535 1563 divinum
2564 1509 2716 1565 (iant.
2733 1509 2944 1580 Quippe
2968 1526 3089 1565 cum
3116 1510 3205 1566 illa
3223 1528 3438 1569 summa

1864 1603 2049 1658 Deitas
2093 1608 2302 1656 mentes
2344 1614 2438 1656 eas
2465 1602 2665 1673 quibus
2700 1616 2759 1657 se
2784 1602 3043 1667 insinuat,
3073 1603 3190 1659 sive
3229 1607 3440 1676 angeli-

1867 1708 1959 1747 cas
1994 1692 2109 1747 sive
2152 1692 2440 1757 humanas,
2473 1693 2704 1761 primum
2752 1693 2958 1763 expiet,
2992 1695 3189 1752 deinde
3228 1696 3433 1753 illumi-

1868 1795 1977 1851 net,
2010 1797 2175 1855 atque
2204 1785 2402 1840 exinde
2431 1785 2696 1855 perﬁciat,
2725 1786 2859 1840 ordo
2898 1786 2986 1840 hic
3021 1788 3187 1843 etiam
3220 1803 3439 1860 semper

1868 1886 1950 1933 est
1976 1878 2286 1942 inviolatus,
2317 1884 2373 1930 et
2397 1875 2450 1929 in
2478 1875 2734 1931 omnibus
2760 1887 3035 1942 servatur,
3070 1892 3169 1936 nec
3192 1896 3435 1951 unquam

1867 1964 2155 2019 invertitur
2172 1974 2264 2019 aut
2285 1964 2339 2018 in
2367 1963 2531 2019 alium
2558 1974 2971 2019 transmittatur.
2991 1965 3271 2032 Quomodo
3291 1975 3438 2029 enim

1869 2058 2268 2113 illuminabitur
2296 2058 2343 2111 is
2377 2057 2470 2127 qui
2514 2072 2622 2112 non
2648 2067 2733 2113 est
2767 2062 3059 2130 expiatus?
3090 2072 3145 2118 et
3166 2068 3440 2134 quomode
3494 2066 3503 2077 '

1867 2150 2185 2221 pertirietur
2230 2150 2321 2217 qui
2374 2163 2486 2203 non
2536 2159 2615 2204 est
2663 2150 3270 2211 illuminatus?ldcirco
3315 2173 3441 2215 cum

1869 2240 2179 2295 hierarchia
2222 2247 2408 2293 nostra
2460 2238 2623 2306 sciat,
2670 2239 2976 2297 istiusmodi
3022 2246 3271 2302 ordinem
3318 2264 3442 2306 esse

1872 2330 2222 2396 invariatum,
2262 2331 2610 2400 semetipsam
2656 2331 2940 2403 distinguit
2983 2334 3039 2390 in
3080 2337 3323 2394 diversos
3352 2355 3445 2396 or-

1870 2422 2024 2475 dines
2048 2436 2112 2475 ac
2138 2422 2405 2487 virtutes;
2438 2430 2493 2475 et
2519 2421 2664 2491 quod
2706 2424 3049 2492 potissimum
3083 2438 3190 2493 est,
3222 2445 3319 2498 per
3352 2446 3443 2487 se-

1870 2515 2157 2584 metipsam
2180 2529 2505 2584 exsequens,
2529 2514 2868 2573 illuminandi
2892 2531 2946 2573 et
2967 2521 3221 2591 expiandi
3249 2539 3445 2581 munus

173 2611 394 2665 ueteris
425 2611 723 2665 secundum
756 2612 1020 2682 cujusque
1043 2613 1297 2669 ordinem
1322 2610 1621 2669 commisit.
1651 2608 1763 2668 Sed
1801 2609 2061 2680 quoniam
2087 2608 2155 2664 de
2184 2609 2271 2664 his
2298 2609 2433 2664 satis
2463 2610 2670 2665 dictum
2732 2618 2837 2677 est,
2894 2627 3014 2683 age,
3041 2615 3445 2675 sacratissimas

172 2704 340 2757 etiam
370 2718 567 2759 eorum
590 2707 1034 2761 consecrationes
1060 2707 1493 2763 consideremus.

718 2822 786 2872 II.
822 2818 1192 2889 Μυστήριογ.

259 2930 321 2985 '0
346 2932 447 3002 μὲν
490 2932 771 3005 ίεράρχης,
814 2934 1225 3007 προσαγόμενος
1267 2936 1346 2999 εἰς
1371 2934 1433 2987 τὸ
1458 2951 1767 3008 χειροτονη-

2424 2814 2489 2871 II.
2521 2816 2857 2887 Mysterium.

1939 2938 2235 2995 Hierarcha
2264 2935 2481 3008 quidem
2511 2953 2607 2992 seu
2641 2939 2935 3008 episcopus
2966 2952 3088 2993 cum
3121 2939 3189 2994 ad
3222 2941 3446 2999 ordines

174 3024 359 3095 θῆναι,
384 3024 553 3096 ἄμφω
574 3025 653 3079 τὼ
674 3028 801 3079 πόδε
825 3027 1031 3093 κλίνας,
1055 3030 1146 3082 ἐπὶ
1170 3028 1410 3100 κεφαλῆς
1431 3028 1543 3100 ἔχει
1563 3028 1632 3083 τά
1652 3029 1765 3083 θεῖα

1875 3031 2249 3100 suscipiendos
2304 3030 2611 3096 adducitur,
2665 3038 2959 3100 utrumque
3007 3047 3146 3100 genu
3197 3031 3445 3101 ﬂectens,

176 3118 273 3169 καὶ
324 3117 452 3188 ἱερά
500 3119 847 3186 Εὑαγγέλια,
900 3121 993 3173 καὶ
1040 3122 1139 3192 τὴν
1189 3121 1284 3174 τοῦ
1341 3121 1769 3193 χειροτονοῦντος

175 3212 357 3280 χεῖρα,
398 3211 494 3262 καὶ
516 3209 602 3263 διὰ
626 3210 734 3263 τῶν
770 3212 1197 3281 παναγεστάτων
1224 3213 1400 3285 εὐχῶν
1426 3213 1769 3267 ἀποτελειοῦ-

172 3320 288 3357 ται.
327 3304 385 3356 Ὀ
408 3303 464 3356 δὲ
492 3304 672 3374 ἱερεὺς
700 3304 795 3358 καί⁵
828 3306 987 3370 αὐτὸς
1011 3307 1179 3377 άμφω
1204 3304 1373 3359 κλίνει
1398 3304 1475 3358 τὼ
1503 3306 1648 3371 πόδε,
1674 3304 1769 3359 καὶ

175 3397 276 3468 τὴν
300 3395 397 3449 τοῦ
437 3396 863 3467 χειροτονοῦντος
905 3397 1083 3463 δεξιὰν
1109 3399 1198 3451 ἐπὶ
1238 3399 1475 3471 κεφαλῆς
1517 3398 1647 3469 ἔχει,
1677 3398 1769 3451 καὶ

177 3489 325 3542 οὕτω
350 3490 447 3541 καὶ
472 3490 631 3553 αὐτὸς
666 3493 786 3553 ταῖς
816 3491 1106 3561 ίεροποιοῖς
1145 3492 1331 3563 εὐχαῖς
1360 3490 1663 3560 ἁγιάζεται.
1706 3491 1764 3544 Ὁ

177 3579 233 3632 δὲ
257 3579 511 3642 διάκονος
536 3579 632 3631 ἕνα
658 3581 771 3631 τοῖν
798 3580 978 3633 ποδοῖν
1001 3580 1206 3643 κλίνας,
1249 3581 1342 3633 ἐπὶ
1382 3580 1622 3652 κεφαλῆς
1657 3580 1770 3650 ἕχει

180 3672 275 3723 καὶ
303 3671 471 3734 αὐτὸς
496 3670 594 3742 τὴν
620 3670 715 3725 τοῦ
740 3672 1169 3743 χειροτονοῦντος
1193 3672 1392 3740 δεξιὰν,
1418 3675 1512 3727 καὶ
1534 3671 1771 3726 τελειοῦ-

179 3778 268 3815 ται
308 3765 434 3825 ταῖς
474 3763 582 3815 τῶν
624 3762 951 3835 λειτουργῶν
992 3765 1332 3835 ἐπικλήσεσι,
1373 3765 1613 3836 δηλονότι
1650 3768 1770 3829 ταῖς

188 3854 508 3925 λεγομέναις
526 3857 792 3925 αἰτήσεσι,
813 3872 1035 3908 συννοου
1044 3857 1203 3927 μένου
1222 3855 1417 3922 ἔξωθεν
1433 3857 1525 3909 καὶ
1541 3859 1661 3919 ταῖς
1675 3855 1769 3909 τοῦ

184 3948 442 4018 ίεράρχου
480 3948 685 4019 εὐχαῖς.
731 3949 922 4002 Κοινὸν
967 3949 1022 4000 δὲ
1047 3952 1159 4011 τοῖς
1184 3948 1360 4020 τρισίν
1398 3951 1513 4002 ἐστι
1556 3949 1618 4000 τὸ
1654 3948 1773 4002 ὲπί-

181 4039 423 4110 προσ-θεν
445 4039 540 4091 τοῦ
571 4039 717 4110 ἱεροῦ
744 4040 1131 4111 θυσιαστηρίου
1160 4040 1576 4111 χειροτονεῖσθαι
1620 4040 1713 4092 καὶ
1737 4041 1770 4110 ἠ

183 4130 541 4200 σταυροειδὴς
571 4131 827 4201 σφραγὶς,
856 4131 949 4183 καὶ
976 4133 1009 4202 ἡ
1033 4130 1125 4183 τοῦ
1154 4132 1411 4202 ὀνόματος
1448 4132 1767 4204 ἀνάρῤησις,

183 4223 279 4273 καὶ
305 4222 333 4271 ό
356 4220 700 4285 τελειωτικὸς
724 4223 1033 4293 ἀσπασμός.
1056 4224 1193 4295 Ὅρα
1217 4223 1273 4275 δὲ
1297 4224 1375 4275 ὅτι
1400 4225 1604 4286 πάντας
1625 4224 1771 4292 λέγει

185 4317 311 4380 τοὺς
338 4318 397 4368 ὲν
420 4315 497 4387 τῷ
524 4318 774 4389 ἱερατείῳ
798 4315 889 4369 τὸν
915 4316 1217 4389 χειροτονού
1226 4333 1383 4387 μενον
1410 4316 1769 4380 ἀσπάζεσθαι.

794 4518 884 4570 ΙΙΙ.
930 4519 1168 4586 Θεωρία.

223 4629 287 4701 ’ᾗ
345 4632 387 4683 l.
442 4631 537 4695 Είς
584 4630 818 4703 θεωρίαν
870 4633 1167 4687 εἰσϐάλλων
1223 4634 1332 4687 τῶν
1390 4631 1767 4702 τελουμένων,

180 4725 405 4795 πρῶτον
428 4728 495 4779 τὰ
524 4726 677 4781 κοινά
710 4731 823 4791 τοῖς
858 4730 1004 4799 τρισί
1036 4729 1130 4781 καὶ
1155 4729 1223 4782 τὰ
1248 4728 1355 4782 ἴδια
1381 4728 1596 4797 ἑκάστῳ
1623 4728 1769 4779 ἀπα-

180 4820 485 4890 ριθμεῖται.
514 4821 686 4874 Κοινὰ
707 4822 839 4889 γοῦν
863 4825 895 4893 ἡ
924 4824 1017 4875 ἐπὶ
1043 4823 1137 4875 τοῦ
1177 4821 1563 4893 Θυσιαστηρίου
1590 4837 1770 4891 χειρο-

173 4913 358 4975 τονία,
385 4916 419 4984 ἡ
446 4914 795 4986 σταυροειδὴς
822 4917 1078 4987 σφραγὶς,
1121 4918 1154 4987 ὴ
1194 4914 1288 4967 τοῦ
1314 4914 1577 4985 ὀνόματος
1602 4913 1770 4983 ἀνάρ-

177 5008 247 5075 ῥη
260 5022 367 5069 σις,
400 5007 493 5058 καὶ
518 5009 545 5060 ό
565 5006 912 5071 τελειωτικὸς
938 5007 1226 5077 ἀσπασμός
1242 5024 1253 5036 ·
1288 5006 1430 5069 ἰδίως
1451 5005 1509 5058 δὲ
1534 5007 1645 5067 τοῖς
1674 5004 1772 5076 μὲν

178 5097 471 5169 ίεράρχαις
517 5099 813 5152 ἐπιτίθεται
855 5100 915 5152 τὸ
959 5100 1103 5171 ἱερὸν
1142 5098 1508 5167 Εὑαγγὲλιον’
1558 5098 1669 5159 τοῖς
1714 5094 1771 5147 δὲ

178 5188 395 5258 ἱερεῦσι
430 5189 490 5241 τὸ
516 5189 719 5242 κλίνειν
745 5189 863 5241 ἐστὶ
897 5189 991 5242 καὶ
1029 5188 1372 5259 ἀμφοτέρους
1412 5186 1540 5249 τοὺς
1564 5185 1731 5247 πόδας
1754 5199 1769 5215 ⁶

175 5286 296 5343 τοῖς
322 5281 378 5334 δὲ
408 5281 738 5352 λειτουργοῖς
764 5282 824 5335 τὸ
849 5281 1048 5336 κλίνειν
1082 5280 1174 5333 τὸν
1204 5280 1411 5350 ἕτερον.

256 5375 289 5447 §
332 5376 401 5428 II.
444 5376 691 5446 Λέγομεν
737 5371 828 5429 οὖν
876 5374 1092 5447 πρῶτον
1132 5372 1385 5444 περὶτῆς
1422 5370 1608 5441 κοινῆς
1635 5369 1770 5441 πρὸς

173 5468 238 5520 τὸ
271 5467 431 5533 ἆγιον
454 5466 840 5539 θυσιαστήριον
868 5466 1236 5537 προσαγωγῆς
1271 5481 1331 5516 τε
1376 5464 1470 5516 καὶ
1515 5461 1769 5515 ὑποπτώ-

175 5578 325 5624 eam;
348 5578 361 5589 '
393 5561 698 5614 αἰνίσσεται
721 5562 850 5634 γὰρ,
897 5562 979 5613 ὅτι
1023 5560 1222 5622 πάντες
1248 5552 1391 5611 οὗτοι
1416 5556 1610 5620 ὀλικῶς
1636 5558 1769 5609 ἀνα-

174 5654 397 5705 τιθέασι
424 5653 501 5723 τῷ
530 5654 831 5726 τελετάρχῃ
867 5651 986 5723 Θεῷ
1026 5652 1123 5723 τὴν
1167 5650 1302 5704 ἰδίαν
1330 5648 1473 5718 ζωὴν
1495 5688 1508 5711 ,
1548 5648 1769 5719 ὁμοειδῆ

177 5744 328 5797 κα.τά
353 5745 416 5798 τὸ
439 5746 662 5800 δυνατὸν
704 5745 1023 5817 ὀφείλουσαν
1071 5740 1210 5799 εἶναι
1254 5741 1332 5813 τῷ
1376 5741 1770 5811 παναγεστάτῳ

1874 3139 2037 3193 supra
2083 3131 2245 3192 caput
2292 3122 2459 3177 habet
2500 3122 2682 3176 divina
2736 3136 3001 3192 sacraque
3030 3121 3344 3195 Evangelia,
3395 3134 3449 3181 et

1872 3230 2093 3269 manum
2118 3213 2518 3280 consecrantis,
2551 3228 2615 3267 ac
2644 3214 3007 3270 sanctissimis
3034 3215 3289 3283 precibus
3314 3230 3449 3272 cou-

1872 3316 2146 3362 secralur.
2204 3307 2475 3362 Sacerdos
2525 3315 2708 3361 autem
2770 3318 3060 3378 utrumque
3114 3309 3280 3364 etiam
3332 3310 3449 3381 ipse

1870 3415 2007 3471 genu
2040 3401 2229 3464 ﬂectit,
2266 3409 2321 3455 et
2355 3400 2407 3454 in
2438 3400 2613 3469 capite
2640 3401 2803 3455 habet
2835 3401 3083 3455 dextram
3115 3416 3446 3457 consecran-

1869 3494 1962 3559 tis,
2008 3502 2171 3559 atque
2205 3492 2280 3545 ita
2310 3491 2477 3545 etiam
2521 3491 2636 3561 ipse
2680 3490 3152 3547 sanctiﬁcanlibus
3194 3496 3451 3563 precihul

1871 3584 2264 3638 sanctilicatur.
2313 3584 2587 3637 Diaconus
2632 3598 2761 3637 vero
2801 3600 2965 3637 unum
3001 3599 3142 3653 genu
3195 3583 3448 3653 ﬂectens,

1873 3692 2037 3745 super
2066 3685 2229 3745 caput
2259 3675 2423 3729 habet
2454 3683 2508 3728 et
2540 3676 2655 3744 ipse
2688 3675 2938 3729 dextram
2967 3679 3369 3743 consecrantis,
3396 3688 3451 3734 et

1872 3775 2224 3823 consecratur
2258 3766 2693 3821 iuvocationibus
2722 3767 3119 3833 ministrorum,
3150 3784 3271 3839 quae
3298 3771 3450 3826 vide-

1874 3856 2004 3911 licet
2037 3858 2088 3910 in
2136 3857 2452 3912 eorumdcm
2498 3859 2911 3914 consecratione
2950 3859 3199 3916 adhiberi
3241 3862 3447 3930 solent,

1876 3946 2163 3999 hierarcha
2208 3962 2424 4015 quoque
2473 3949 2726 4017 precibus
2770 3950 3114 4005 extrinsecus
3153 3967 3452 4009 annuente.

1876 4035 1971 4091 llis
2003 4038 2178 4092 tribus
2204 4038 2387 4106 itaque
2414 4053 2703 4094 commune
2729 4049 2834 4106 est,
2862 4051 2989 4096 ante
3012 4042 3253 4097 divinum
3280 4045 3452 4099 altare

1873 4131 2139 4197 ordinari,
2188 4141 2244 4185 et
2284 4130 2457 4185 ferina
2499 4134 2680 4187 crucis
2717 4133 2939 4203 signari,
2973 4143 3033 4189 et
3070 4151 3269 4191 nomen
3308 4139 3451 4193 reci-

1876 4221 2004 4282 tari.
2034 4231 2089 4276 et
2130 4223 2183 4276 in
2228 4222 2335 4276 [inc
2364 4222 2613 4276 salutari.
2646 4222 2890 4277 Observa
2919 4239 3050 4279 vero
3087 4226 3232 4295 quod
3279 4226 3448 4293 dicat,

1874 4314 2036 4386 247
2064 4330 2253 4371 omnes
2282 4317 2373 4384 qui
2399 4315 2453 4369 in
2495 4316 2737 4370 sacrario
2776 4326 2904 4372 sunt
2941 4316 3258 4373 ordinatum
3290 4320 3444 4374 salu-

1802 4442 1848 4498 Ι)
1878 4417 2014 4463 tare.

2401 4521 2486 4576 Ill.
2526 4520 2931 4590 Contemplatio.

1948 4633 1976 4705 ᾗ
2006 4632 2047 4690 l.
2086 4632 2423 4704 Aggrediens
2446 4647 2637 4687 eorum
2665 4632 2757 4701 qui
2788 4645 3179 4690 consecrantur
3204 4645 3451 4692 contem-

1873 4725 2197 4795 plationem,
2235 4725 2472 4793 primum
2504 4738 2566 4778 ea
2599 4738 2718 4791 quae
2760 4724 2934 4779 tribus
2970 4727 3253 4782 ordinibus
3300 4744 3451 4782 com-

1876 4820 2062 4873 munia
2092 4858 2107 4883 ,
2160 4831 2387 4887 quaaque
2436 4814 2663 4871 cuilibet
2713 4815 2931 4883 propria
2981 4826 3131 4883 sunt,
3176 4827 3449 4873 recenset.

1876 4910 2196 4965 Communia
2226 4910 2392 4979 igitur
2416 4916 2563 4973 sunt,
2587 4907 2860 4961 ordinatio
2880 4907 2948 4961 ad
2980 4908 3221 4962 divinum
3252 4910 3447 4977 altare,

1878 5004 2069 5058 formae
2101 5002 2280 5057 crucis
2309 5001 2566 5072 signatio,
2595 5008 2651 5054 et
2675 4999 2910 5054 nominis
2935 4999 3206 5069 recitatio,
3233 5011 3287 5054 et
3318 5002 3454 5055 ﬂua-

1874 5094 1942 5149 lis
1976 5095 2251 5150 salutatio.
2280 5092 2511 5160 Propria
2543 5106 2675 5146 vero
2700 5099 2783 5145 est
2806 5090 3076 5161 episcopis
3100 5092 3239 5146 sacri
3271 5092 3451 5146 Evau,

1875 5188 1999 5260 gelii
2030 5186 2327 5256 impositio,
2358 5185 2731 5240 sacerdotibus
2774 5185 3058 5254 utriusque
3098 5186 3251 5254 pedis
3290 5186 3447 5240 incli-

1876 5279 2047 5342 natio,
2081 5276 2329 5332 diaconis
2354 5275 2672 5330 alterutrius
2698 5274 2933 5329 inﬂexio.

1949 5368 1979 5440 ς
2017 5368 2080 5423 ΙΙ.
2122 5368 2368 5423 Dicimus
2395 5368 2577 5437 itaque
2605 5367 2837 5436 primum
2862 5367 2930 5421 de
2950 5369 3224 5422 communi
3256 5367 3345 5422 illa
3378 5367 3447 5421 ad

1876 5464 2048 5518 altare
2075 5478 2292 5517 sacrum
2324 5462 2650 5516 adductione
2682 5477 2746 5515 ac
2771 5460 3022 5525 ﬂexione,
3058 5460 3323 5514 insinuari
3352 5474 3450 5529 per

1875 5556 1977 5610 hoc
1998 5570 2191 5609 omnes
2213 5554 2333 5608 illos
2358 5553 2790 5609 consecrationis
2826 5554 3033 5607 auctori
3063 5552 3173 5607 Deo
3208 5565 3276 5605 ex
3306 5552 3449 5606 inte-

1874 5661 1971 5717 gro
2001 5646 2168 5700 vitam
2212 5661 2366 5699 suam
2398 5660 2754 5711 consecrare,
2792 5659 3060 5713 eamque,
3104 5644 3280 5711 quoad
3324 5644 3444 5697 fieri

1875 5747 2076 5810 potest,
2123 5737 2460 5794 conformem
2493 5752 2612 5795 esse
2645 5738 2843 5795 debere
2867 5736 3213 5795 sanctissimo
3245 5735 3322 5792 illi
3354 5732 3439 5790 al-
