3874 6228
382 326 387 329 ‘
467 310 567 367 527

1630 302 1687 357 S.
1725 300 2023 358 DIONYSII
2062 299 2523 357 AREOPAGITE

3623 306 3722 361 ΩΒ

468 436 595 501 tari,
629 432 897 490 Sa‘lvatori
921 433 1154 499 scilicet,
1171 430 1390 489 Christo
1422 447 1483 489 ac
1515 432 1764 498 Domino,
1796 432 1888 502 qui
1912 445 2019 487 con-

2144 427 2532 498 θυσιαστηρίῳ,
2577 425 2655 497 τῷ
2698 426 2911 499 Σωτῆρι
2953 427 3173 500 Χριστῷ
3214 430 3307 483 καὶ
3331 431 3623 505 Δεσπότῃ,
3650 433 3723 506 τῷ

466 540 647 586 secrat
677 539 888 584 mentes
914 528 1229 584 deiformes.

538 624 567 697 ς
610 624 695 679 Ill.
740 623 929 679 Manus
961 634 1140 680 autem
1174 623 1450 694 impositio
1480 622 1676 694 partim
1702 622 1919 689 quidem
1956 621 2044 676 de-

466 720 646 790 signat
674 719 910 772 divinam
944 717 1357 787 protectionem,
1389 732 1508 786 qua:
1533 717 1598 770 ad
1633 731 1693 770 se
1721 714 2042 769 accedentes

467 822 723 881 tanquam
764 810 903 864 ﬁlios
939 819 1165 879 paterne
1194 808 1462 878 protegit;
1494 806 1688 875 partim
1723 820 1851 859 vero
1882 804 2041 859 docet

464 905 537 959 ita
591 913 982 965 consecratos,
1036 909 1292 970 tanquam
1336 902 1435 954 sub
1483 899 1592 953 Deo
1637 913 1851 952 sacram
1885 912 2037 951 suam

460 996 789 1052 (um-tionem
817 995 970 1049 obire
998 991 1216 1049 debere.
1244 990 1378 1045 Nam
1405 1005 1596 1045 manus
1624 988 1927 1061 symbolum
1953 997 2039 1043 est

461 1086 815 1159 Operationis.

532 1179 561 1251 ᾗ
602 1177 689 1233 IV.
728 1178 901 1233 Porro
931 1177 1144 1247 signum
1174 1176 1356 1232 crucis
1379 1175 1626 1246 designat
1649 1174 1889 1229 omnium
1915 1188 2037 1229 car-

458 1273 663 1327 nalium
716 1271 1074 1340 cupiditatum
1126 1268 1523 1331 cessationem.
1571 1269 1875 1336 divinmque
1914 1268 2035 1321 vitae

457 1365 813 1419 imitationem
859 1362 972 1430 ejus
1004 1362 1095 1431 qui
1133 1363 1199 1415 ad
1226 1376 1443 1415 crucem
1488 1368 1543 1414 et
1587 1371 1816 1413 mortem
1861 1359 2029 1412 venit.

455 1456 756 1524 Episcopus
785 1465 965 1507 autem
1000 1466 1193 1505 nomen
1222 1450 1368 1505 illius
1398 1450 1485 1518 qui
1517 1449 1802 1504 ordinatur
1826 1448 2034 1519 procla—

455 1558 585 1610 mat,
614 1547 872 1618 quoniam
913 1546 1025 1601 Deo
1053 1546 1255 1598 charus
1282 1543 1534 1598 ordinum
1565 1541 1792 1597 collator
1823 1550 2029 1595 tantum

452 1639 692 1707 exiilicat
729 1638 965 1693 divinam
998 1637 1353 1698 electionem,
1384 1636 1513 1704 quia
1550 1650 1655 1688 non
1700 1632 1909 1697 favore,
1936 1633 2029 1687 sed

451 1748 481 1786 υ
520 1734 627 1787 Deo
656 1740 857 1793 motus,
887 1730 1061 1799 ipsum
1102 1728 1282 1798 elegit.
1313 1726 1440 1782 Haec
1470 1728 1613 1781 enim
1648 1724 2027 1798 promulgatio,

451 1821 822 1879 maniicstatio
852 1831 936 1876 est
960 1820 1155 1875 divina:
1187 1818 1504 1875 voluntatis.

520 2000 550 2073 ᾗ
590 2001 656 2057 γ.
697 1998 813 2054 Hoc
854 1998 1012 2053 modo
1060 1996 1224 2052 etiam
1265 1994 1458 2066 legalis
1497 1994 1747 2050 ordinum
1800 1994 2028 2051 collator

447 2093 661 2165 Moyses
694 2092 919 2145 fratrem
962 2104 1118 2144 suum
1158 2088 1339 2141 Aaron
1367 2125 1382 2151 ,
1418 2087 1665 2155 quamvis
1707 2100 1829 2139 eum
1862 2086 2028 2140 sciret

448 2187 554 2241 isto
586 2197 809 2238 munere
844 2180 1098 2251 dignum,
1133 2192 1478 2248 nequaquam
1518 2176 1702 2246 elegit,
1730 2177 1903 2231 donec
1940 2177 2024 2231 (ii-

446 2280 651 2330 vinitns
677 2275 742 2327 ad
771 2275 873 2329 hoc
904 2280 1238 2326 moveretur.
1273 2268 1380 2324 Sed
1411 2268 1538 2339 quid
1566 2268 1713 2323 illum
1746 2269 2025 2324 memoro?

445 2386 568 2424 cum
604 2369 832 2437 ipsemet
861 2365 1070 2435 primus
1096 2364 1351 2417 ordinum
1378 2362 1606 2416 collator
1631 2376 1695 2416 ac
1724 2361 2025 2415 vivificator

443 2460 603 2517 Jesns
650 2458 715 2512 ad
757 2456 972 2511 Patrem
1019 2454 1219 2509 clamet
1254 2472 1269 2508 :
1304 2451 1492 2520 Pater,
1534 2453 1771 2518 clari/ica
1820 2452 2024 2508 Filium

2146 518 2487 591 καθιεροῦντι
2508 519 2636 583 τοὺς
2660 519 2916 584 θεοειδεῖς
2938 521 3081 585 νόας.

2218 614 2246 685 ς
2288 615 2379 667 ΙΙΙ.
2436 615 2499 667 Ἡ
2522 613 2578 667 δὲ
2606 614 2705 684 τῆς
2732 616 2912 685 χειρὸς
2943 616 3182 680 ἐπίθεσις
3219 618 3354 688 ὁμου
3386 618 3487 689 μὲν
3527 621 3724 689 ἐμ.φαὶ-

2141 721 2220 758 νει
2244 705 2344 775 τὴν
2368 705 2431 757 ὲκ
2457 703 2592 756 Θεοῦ
2620 704 2851 774 σκέπην,
2894 705 2993 775 τήν
3028 704 3397 773 φυλάττουσαν
3440 708 3721 773 πατρικῶς

2139 798 2215 862 ῶς
2241 798 2435 861 παῖδας
2471 798 2598 861 τοὺς
2640 797 2787 868 αὐτῷ
2826 800 3285 870 προσανέχοντας·
3331 802 3449 872 ἅμα
3484 802 3542 855 δὲ
3579 803 3719 858 διδά-

2143 906 2262 944 σκει
2287 890 2379 943 καὶ
2404 890 2465 943 τὸ
2488 889 2906 961 ὲποφειλόμενον
2932 891 3073 962 ἔχειν
3095 895 3220 958 τοὺς
3242 894 3599 959 τελεσθέντας
3625 896 3719 967 τήν

2140 984 2349 1038 ἑαυτῶν
2395 984 2699 1055 ὑπηρεσίαν
2744 982 2919 1037 τελεῖν
2944 985 3018 1048 ὼς
3049 985 3155 1038 ὑπὸ
3193 986 3311 1057 Θεῷ
3342 989 3715 1059 πράττοντας·

2140 1078 2406 1149 σύμϐολον
2431 1077 2538 1149 γὰρ
2564 1080 2596 1148 ή
2624 1078 2741 1149 χεὶρ
2767 1075 3036 1149 πράξεως.

2214 1170 2240 1242 ς
2275 1169 2362 1224 ιν.
2394 1170 2457 1222 Ἤ
2481 1170 2536 1222 δὲ
2561 1186 2691 1222 σταυ
2702 1170 2905 1241 ροειδὴς
2930 1171 3163 1241 σφραγὶς
3186 1172 3286 1245 τὴν
3324 1174 3717 1246 ἀνενεργησίαν

2134 1262 2243 1315 τῶν
2304 1262 2581 1332 σαρκικῶν
2621 1261 2808 1314 παθῶν
2836 1302 2849 1325 ,
2898 1264 2991 1315 καὶ
3045 1264 3144 1335 τὴν
3193 1264 3525 1336 θεομίμητον
3577 1267 3715 1337 ζωήν

2137 1353 2388 1425 ἐμφαίνει
2432 1355 2496 1423 τῇ
2538 1353 2673 1423 πρὸς
2701 1352 2863 1404 αὐτὸν
2909 1354 3173 1423 μιμήσει,
3202 1354 3260 1417 ὃς
3290 1354 3451 1425 μέχρι
3480 1357 3714 1426 σταυροῦ

2135 1449 2230 1501 καὶ
2266 1446 2495 1499 Θανάτου
2534 1445 2811 1516 ἐλήλυθεν.
2858 1446 3083 1516 Ἀναὸοᾷ
3119 1446 3173 1499 δὲ
3199 1446 3259 1499 τὸ
3280 1448 3451 1517 ὄνομα
3476 1449 3573 1501 τοῦ
3612 1467 3717 1519 χει-

2137 1538 2521 1610 ροτονουμένου
2585 1537 2614 1589 6
2676 1537 2966 1608 ίεράρχης,
3013 1537 3093 1589 ὅτι
3138 1538 3167 1589 6
3214 1536 3458 1607 φιλόθεος
3511 1540 3715 1609 ἱεροτε-

2133 1629 2328 1699 λεστὴς
2382 1629 2541 1698 μόνον
2587 1628 2836 1697 ἐκφαίνει
2875 1628 2975 1698 τὴν
3021 1628 3171 1681 Θείαν
3217 1628 3480 1700 ἐκλογὴν,
3526 1631 3613 1684 ὅτι
3655 1632 3713 1684 οὐ

2133 1722 2347 1792 χάριτι,
2380 1721 2495 1775 ἀλλ’
2532 1721 2636 1774 ὑπὸ
2672 1720 2805 1774 Θεοῦ
2846 1719 3159 1791 κινούμενος
3203 1722 3361 1774 αὑτὸν
3395 1722 3709 1789 ὲξελὲξατο’

2130 1816 2286 1869 τοῦτο
2310 1817 2419 1889 γάρ
2444 1818 2590 1870 ἐστιν
2612 1818 2645 1888 ή
2674 1814 2980 1887 ὲκφώνησις
3000 1854 3014 1879 ,
3040 1818 3074 1887 ὴ
3118 1816 3376 1885 ἕκφανσις
3418 1817 3517 1889 τῆς
3564 1818 3713 1883 θείας

2131 1908 2345 1980 βουλῆς.

2203 1999 2230 2072 §
2273 2000 2333 2054 V.
2354 2001 2509 2054 Οὕτω
2538 2011 2631 2054 και
2653 2001 2681 2054 6
2704 2000 2925 2071 νομικὸς
2953 2000 3321 2075 ίεροτελεστὴς
3347 2005 3596 2076 Μωῢσῆς
3623 2004 3712 2057 τὸν

2130 2092 2355 2163 ἀδελφὸν
2390 2094 2555 2147 αὑτοῦ
2607 2093 2838 2166 Ἀαρὼν,
2865 2099 2959 2150 καὶ
2999 2097 3155 2161 εἰδὼς
3178 2098 3325 2164 ἄξιον
3360 2098 3463 2168 τῆς
3504 2100 3711 2171 ὑπουρ-

2126 2187 2251 2255 γίας
2268 2227 2283 2250 ,
2310 2188 2408 2239 οὐκ
2433 2186 2728 2253 ἐξελέξατο,
2757 2190 2859 2254 ἕως
2882 2185 2940 2243 οὗ
2968 2190 3148 2243 θεόθεν
3173 2189 3393 2262 ἐκινήθη
3422 2192 3503 2255 εἰς
3529 2191 3710 2245 τοῦτο.

2128 2276 2236 2329 Καὶ
2278 2277 2330 2329 τί
2377 2277 2518 2347 λέγω
2564 2281 2693 2352 περὶ
2736 2281 2960 2346 τούτους
2990 2284 3151 2346 αὐτὸς
3184 2285 3212 2336 6
3254 2282 3473 2354 πρῶτος
3499 2286 3711 2356 ἱεροτε-

2126 2367 2319 2439 λεστὴς
2356 2373 2383 2423 6
2422 2370 2727 2442 ζωαρχικὸς
2777 2374 2981 2445 Ἰησοῦς
3025 2376 3159 2447 πρὸς
3194 2375 3282 2427 τὸν
3306 2376 3529 2447 Πατέρα
3578 2378 3707 2447 βοᾷ·

2124 2461 2336 2529 Πάτερ,
2384 2463 2651 2527 δόξασόν
2695 2480 2810 2518 σου
2858 2465 2967 2519 τὸν
3026 2468 3197 2519 ridi“
3226 2467 3322 2538 τὴν
3372 2467 3711 2540 ὲπικὺρωσιν

444 2564 591 2607 tuum
615 2556 667 2619 ιι,
716 2548 1184 2605 conﬁrmationem
1237 2547 1642 2617 quodammodo
1700 2546 1823 2602 inde
1876 2547 2019 2602 acci-

2127 2553 2322 2608 ὡσανεὶ
2344 2559 2551 2610 ἐκεῖθεν
2590 2558 2897 2629 δεχόμενος,
2928 2560 3104 2613 καίτοι
3128 2561 3257 2625 Θεὸς
3281 2559 3356 2613 ὢν
3382 2562 3479 2613 καὶ
3504 2561 3711 2614 Δεσπό-

442 2645 630 2713 piens,
662 2641 878 2695 tametsi
924 2640 1067 2695 Deus
1106 2649 1251 2695 esset
1293 2654 1355 2693 ac
1386 2640 1672 2703 Dominus,
1705 2647 1759 2693 et
1792 2639 1848 2693 in
1895 2654 2019 2693 vera

2127 2665 2242 2719 της,
2273 2651 2366 2703 καὶ
2402 2650 2461 2702 ἐν
2509 2651 2682 2720 τελείᾳ
2709 2650 2834 2724 δόξῃ
2863 2652 2978 2723 ἅμα
3012 2653 3088 2723 τῷ
3114 2653 3290 2727 Πατρὶ
3314 2655 3407 2707 καὶ
3446 2654 3524 2724 τῷ
3569 2655 3711 2725 ἁγίῳ

443 2735 613 2804 gloria
650 2731 813 2788 simul
840 2747 961 2786 cum
999 2730 1162 2785 Patre
1191 2742 1246 2784 et
1287 2730 1494 2800 Spiritu
1536 2741 1729 2785 sam-to
1772 2746 1893 2786 esse
1925 2747 2019 2786 no-

2127 2738 2400 2809 Πνεύματι
2449 2740 2865 2810 γνωριζόμενος.
2908 2742 2969 2793 Εἰ
3011 2742 3067 2795 δὲ
3109 2742 3475 2813 πιστεύομεν,
3516 2744 3603 2796 ὅτι
3643 2746 3711 2796 τὰ

441 2836 713 2882 sceretur.
745 2824 802 2878 Si
837 2838 965 2879 vero
988 2824 1262 2879 credimus
1291 2838 1357 2877 ea
1396 2837 1517 2892 qua:
1540 2825 1817 2893 propheta:
1854 2823 2019 2879 locuti

2127 2830 2228 2882 ὑπὸ
2270 2831 2567 2902 προφητῶν
2610 2831 2911 2901 λαλούμενα
2946 2834 3167 2904 ῥήματά
3192 2837 3297 2887 εἰσι
3323 2833 3479 2897 Θεοῦ,
3520 2836 3708 2898 καθὼς

441 2923 590 2978 sunt.
619 2921 785 2971 verba
818 2929 940 2970 esse
970 2914 1089 2979 Dei,
1121 2916 1261 2970 sicut
1286 2929 1417 2969 vere
1444 2925 1594 2981 sunt,
1618 2924 1675 2970 et
1698 2930 1727 2969 a
1763 2916 1870 2970 Deo
1893 2931 2019 2985 pro-

2127 2924 2220 2975 καὶ
2245 2925 2352 2976 εἰσὶ
2374 2964 2389 2987 ,
2416 2925 2510 2978 καὶ
2535 2924 2642 2977 ἀπὸ
2677 2922 2813 2975 Θεοῦ
2850 2924 3129 2993 λέγονται·
3158 2926 3240 2992 τὸ,
3268 2926 3350 2979 Σὺ
3384 2927 3583 2994 ἱερεὺς
3623 2930 3711 2992 εὶς

441 3011 726 3075 feruntur;
778 3009 907 3064 illud
941 3026 955 3063 :
996 3008 1075 3062 Tu
1117 3026 1171 3064 es
1215 3010 1461 3063 sacerdos
1505 3010 1559 3063 in
1599 3020 1851 3063 mternum
1877 3018 1923 3077 ',
1967 3018 2022 3063 et

2123 3018 2229 3070 τὸν
2251 3017 2452 3082 αἰῶνα,
2486 3021 2579 3072 καὶ
2604 3020 2673 3073 τὰ
2699 3022 2824 3091 ἑξῆς
2850 3059 2864 3083 ,
2890 3019 2948 3071 οὐ
2974 3018 3069 3071 τοῦ
3103 3019 3265 3071 Δαυὶδ
3290 3018 3505 3082 πάντως
3528 3022 3709 3091 φήσο-

440 3117 560 3172 qua:
605 3108 930 3172 sequuntur,
975 3114 1317 3170 nequaquam
1360 3099 1584 3154 omnino
1634 3100 1853 3155 Davidis
1895 3116 2017 3156 esse

2127 3126 2219 3178 μεν
2242 3105 2378 3162 εἶναι
2399 3149 2413 3172 ,
2439 3110 2574 3163 ἀλλὰ
2597 3111 2690 3164 τοῦ
2717 3112 2808 3164 ἐπὶ
2837 3111 3052 3164 πάντων
3075 3110 3210 3162 Θεοῦ
3236 3127 3249 3139 ·
3295 3109 3709 3179 ἐπιλαμϐάνεται

438 3194 702 3253 dicimus,
739 3192 834 3246 sed
874 3190 1042 3262 248
1084 3191 1291 3245 dictum
1339 3188 1479 3244 Dei:
1520 3191 1788 3260 accipitur
1834 3201 2015 3246 autem

439 3287 509 3342 de
538 3284 701 3339 Patre
723 3282 863 3338 Filio
896 3298 994 3339 suo
1024 3283 1397 3337 testimonium
1426 3283 1744 3351 perhibente
1771 3286 2017 3339 sacerdo—

443 3380 503 3433 tii
549 3379 691 3432 illius
733 3376 924 3433 aeterni
968 3376 1263 3431 secundum
1298 3377 1541 3431 ordinem
1589 3376 2012 3432 Melchisedech.

437 3472 507 3527 Et
537 3470 854 3542 discipulos,
888 3470 1103 3524 tametsi
1132 3469 1272 3523 Deus
1295 3477 1461 3530 esset.
1507 3484 1610 3524 non
1649 3484 1678 3523 a
1724 3473 2015 3538 semetipso

436 3565 659 3635 proprie
698 3561 990 3627 ordinavit,
1024 3563 1119 3617 sed
1170 3561 1418 3632 promisit
1461 3576 1520 3616 se
1567 3561 1858 3616 missurum
1887 3562 1952 3617 iis
1983 3578 2013 3616 a

435 3655 601 3711 Patre
635 3654 902 3724 Spiritum
927 3667 1196 3711 sanctum.
1235 3654 1372 3720 Quin
1410 3663 1466 3708 et
1500 3655 1727 3722 ipsemet
1766 3654 2014 3723 princeps

438 3748 840 3817 apostolorum,
862 3764 971 3802 una
988 3763 1109 3803 cum
1133 3746 1338 3801 decade
1360 3745 1774 3813 discipulorum,
1798 3747 2013 3814 quando

438 3839 835 3893 duodeuarium
868 3839 1020 3892 illum
1060 3838 1286 3907 implere
1330 3837 1569 3901 volebat,
1602 3852 1947 3906 nequaquam
1980 3851 2011 3890 a

436 3932 735 4001 semetipso
762 3931 1056 3986 ordinabat
1103 3942 1487 4000 quemcunque
1515 3927 1701 3994 vellet,
1733 3930 1828 3983 sed
1865 3928 2012 3983 dice-

436 4026 574 4080 bat:
627 4022 856 4078 Ostende
890 4040 1043 4094 quem
1086 4024 1377 4093 elegerisl;
1413 4030 1468 4076 et
1512 4021 1660 4076 illum
1710 4021 2011 4091 accipiebat

435 4135 597 4189 quem
645 4116 890 4187 Spiritus
931 4128 1153 4172 sanctus
1197 4116 1545 4180 ostenderat,
1604 4114 1884 4170 Matthiam
1930 4116 2013 4169 in-

434 4228 620 4283 quam.
654 4210 729 4265 De
756 4210 935 4266 divina
970 4226 1098 4265 vero
1120 4218 1267 4264 sorte
1297 4208 1349 4263 in
1378 4209 1528 4263 Actis
1552 4209 1640 4263 alii
1662 4209 1879 4278 quidem
1908 4208 2009 4262 alia

433 4304 809 4368 tradiderunt,
842 4302 1059 4357 interim
1109 4309 1426 4356 tamennon
1478 4310 1664 4356 sancte
1711 4300 2009 4355 istiusmodi

435 4409 611 4453 sortes
649 4397 1045 4466 acciperemus,
1080 4394 1267 4465 quales
1295 4410 1438 4463 same
1468 4395 1633 4450 etiam
1675 4396 1880 4450 ethnici
1919 4410 2010 4464 po-

2119 3200 2174 3253 δὲ
2198 3200 2272 3264 ὡς
2299 3201 2405 3254 ἀπὸ
2423 3201 2516 3253 τοῦ
2540 3203 2751 3271 Πατρὸς
2769 3203 2904 3274 πρὸς
2933 3203 3023 3255 τὸν
3053 3202 3172 3255 Υἱὸν
3199 3200 3709 3271 ἐπιμαρτυροῦντος

2115 3290 2288 3359 τούτῳ
2316 3290 2412 3362 τὴν
2452 3293 2532 3355 εἰς
2568 3291 2741 3346 αἰῶνα
2771 3294 3066 3365 ἱερωσύνην
3093 3292 3233 3346 κατὰ
3254 3294 3353 3362 τὴν
3377 3291 3529 3355 τάξιν
3554 3294 3709 3346 Μελ-

2116 3383 2348 3453 χισεδέκ.
2396 3384 2506 3435 Καὶ
2552 3383 2677 3446 τοὺς
2739 3384 3021 3456 μαθητὰς,
3070 3385 3247 3437 καίτοι
3286 3384 3418 3448 Θεὸς
3458 3383 3556 3447 ῶν,
3604 3388 3709 3439 οὐκ

2116 3475 2278 3538 αὐτὸς
2320 3475 2694 3545 ἐχειροτόνησε
2728 3477 2873 3540 ἰδίως
2902 3476 2995 3546 ἀφ’
3030 3474 3244 3538 ἑαυτοῦ,
3282 3474 3397 3529 ἀλλ’
3439 3478 3709 3546 ἐπηγγεί-

2113 3568 2241 3619 λατο
2271 3564 2510 3636 πέμπειν
2536 3567 2687 3638 παρὰ
2708 3568 2801 3621 τοῦ
2834 3568 3047 3640 Πατρὸς
3072 3568 3133 3620 τὸ
3159 3566 3387 3637 Πνεῦμα
3424 3567 3487 3620 τὸ
3517 3568 3703 3636 ἅγιον.

2115 3658 2224 3709 Καὶ
2265 3656 2372 3726 μὴν
2403 3657 2496 3709 καὶ
2523 3658 2685 3721 αὐτὸς
2725 3660 2753 3711 6
2794 3657 2902 3710 τῶν
2939 3657 3196 3728 μαθητῶν
3222 3660 3520 3728 κορυφαῖος
3560 3658 3706 3727 μετὰ

2113 3746 2213 3815 τῆς
2242 3745 2463 3810 δεκάδος
2485 3748 2593 3799 τῶν
2628 3746 2907 3817 μαθητῶν,
2950 3745 3317 3817 ὲπεὶήμελλεν
3344 3745 3704 3817 ἀναπληροῦν

2112 3838 2207 3908 τὴν
2232 3837 2525 3903 δωδεκάδα,
2551 3838 2650 3892 οὐκ
2672 3839 2762 3908 ἀφ’
2791 3838 2983 3891 ἑαυτοῦ
3011 3838 3332 3908 ἐχειροτόνει
3359 3837 3417 3890 ὃν
3447 3837 3514 3891 ἂν
3544 3838 3703 3891 ἐϐού-

2112 3930 2252 3994 λετο,
2292 3930 2405 3985 ἀλλ’
2441 3931 2625 4001 ἔλεγεν
2644 3949 2657 3963 ·
2704 3930 3046 3996 Ἀνάὃειξον
3075 3930 3147 3985 ὃν
3176 3930 3435 3994 ἐξελέξω
3455 3948 3469 3960 ·
3505 3932 3702 3984 κὰκεῖ-

2114 4040 2201 4076 νον
2252 4022 2468 4088 ἐδέξατο
2514 4024 2573 4077 ὃν
2621 4024 2681 4076 τὸ
2729 4025 2953 4094 Πνεῦμα
2997 4023 3058 4075 τὸ
3103 4022 3256 4089 ἅγιον
3304 4022 3541 4088 ἀνέδειξε
3562 4064 3578 4086 ,
3610 4023 3702 4075 τὸν

2113 4114 2361 4168 Ματθίαν
2385 4132 2456 4185 φη
2468 4114 2545 4185 μί.
2583 4114 2720 4186 Περὶ
2739 4114 2794 4167 δὲ
2825 4113 2920 4167 τοῦ
2953 4113 3096 4167 θείου
3125 4111 3324 4184 κλήρου
3351 4112 3443 4165 τοῦ
3490 4114 3547 4165 ὲν
3575 4116 3699 4177 ταῖς

2112 4204 2400 4276 Πράξεσιν,
2436 4207 2615 4277 ἕτεροι
2645 4207 2744 4277 μὲν
2775 4206 2908 4259 ἄλλα
2946 4206 3200 4277 εἰρήκασι
3220 4245 3233 4267 ,
3270 4205 3406 4267 τέως
3432 4205 3534 4257 οὐκ
3566 4206 3698 4258 εὐα-

2112 4298 2224 4367 γῶς
2264 4296 2615 4368 ὲκλαϐὁμενοι
2665 4298 2810 4361 ἴσους
2857 4298 3127 4369 κλήρους,
3162 4296 3254 4360 οὓς
3286 4296 3547 4361 πολλάκις
3589 4298 3698 4349 ἐτί-

2113 4389 2261 4453 θουν,
2292 4391 2387 4443 καὶ
2412 4390 2672 4461 ’Έλληνες
2694 4389 2832 4443 κατὰ
2848 4389 2907 4441 τὸ
2931 4390 3060 4460 παρ’
3101 4390 3323 4458 Ὁμήρῳ
3354 4387 3597 4442 πάλλεν
3629 4388 3698 4441 δὲ

436 4492 671 4555 nebant,
722 4462 866 4545 sicut
933 4462 1424 4559 apud—Homerum
1472 4487 1710 4556 jaciehat
1748 4462 2012 4543 Gereu'ius

2127 4482 2400 4550 Γερήνιος
2419 4484 2639 4535 ἱππότα
2669 4484 2934 4550 Νέστωρ.
2971 4480 3113 4550 Ἐγὼ
3142 4482 3199 4534 δὲ
3226 4481 3388 4549 λέγω,
3424 4480 3695 4551 σύμϐολόν

433 4596 601 4651 eques
632 4582 851 4637 Nestor.
890 4580 1002 4651 Ego
1028 4589 1210 4634 autem
1265 4578 1420 4642 dico,
1466 4588 1667 4631 sortem
1717 4577 1887 4632 fuisse
1937 4578 2011 4632 si-

434 4690 598 4742 gnum
627 4674 842 4743 aliquod
867 4672 1240 4737 revelationis,
1266 4682 1357 4725 aut
1379 4669 1662 4725 aliiationis
1683 4670 2008 4726 sanctissimi

434 4767 694 4835 Spiritus,
723 4768 867 4835 quod
900 4766 1131 4822 cadebat
1171 4781 1335 4835 super
1363 4780 1484 4820 eum
1518 4765 1608 4831 qui
1656 4764 2007 4819 sortiebatur.

435 4858 589 4914 Unde
619 4860 781 4911 etiam
811 4858 877 4913 (Ie
906 4858 1165 4912 lscariota
1215 4858 1486 4911 maximus
1536 4856 1625 4910 ille
1671 4856 1862 4911 Petrus
1890 4857 1961 4910 ait
1990 4873 2004 4910 :

433 4948 506 5002 Et
550 4956 821 5016 acceperat
874 4948 1142 5001 nobiscum
1181 4960 1371 5001 sortem
1418 4946 1701 4999 ministerii
1746 4943 1903 5011 hujus
1937 4952 2003 5007 ῖς

433 5055 748 5108 quanquam
780 5039 977 5091 usitata
1019 5040 1178 5108 vulgo
1231 5054 1352 5092 surs
1402 5052 1505 5092 non
1553 5035 1652 5089 fuit
1684 5034 1927 5089 adhibita
1976 5048 2006 5086 a

435 5132 665 5187 Domino
696 5145 820 5185 cum
850 5130 1123 5198 apostolos
1151 5130 1328 5199 elegit.
1376 5130 1617 5196 Denique
1649 5128 1713 5180 ad
1762 5127 2007 5196 proposi-

435 5232 546 5276 tmn
578 5221 833 5285 dicimus,
867 5220 1182 5288 episcopum
1216 5234 1244 5271 a
1270 5218 1615 5274 sanctissimo
1645 5218 1849 5288 Spiritu
1886 5231 2005 5271 mo-

436 5325 549 5367 tum
576 5312 872 5367 electiones
899 5310 1082 5365 facere
1113 5310 1330 5364 debere.

512 5404 538 5475 §
582 5404 669 5459 Vl.
712 5402 882 5458 Porro
911 5417 1121 5469 omnes,
1156 5404 1315 5457 etiam
1344 5403 1570 5470 ipsemet
1601 5402 1852 5456 ordinum
1891 5400 2007 5455 col-

437 5494 598 5560 lator,
638 5496 952 5551 ordinatum
983 5496 1254 5559 salutant;
1281 5495 1538 5565 quoniam
1564 5511 1684 5549 cum
1714 5496 1814 5548 hoc
1847 5492 2007 5546 modo

437 5601 590 5641 mens
615 5598 834 5657 sancta,
871 5588 1045 5643 divina
1082 5588 1366 5643 vocatione
1409 5597 1465 5641 et
1496 5585 1883 5640 ecclesiasticis
1926 5583 2009 5637 in-

2106 4591 2160 4626 τι
2206 4575 2264 4641 ἐξ
2314 4573 2707 4643 ἀποκαλύψεως
2761 4574 2795 4645 ἢ
2848 4576 3218 4645 ὲνεργήματος
3276 4572 3371 4625 τοῦ
3418 4575 3692 4642 παναγίου

2109 4667 2423 4738 Πνεῦματος
2457 4671 2653 4721 πῖπτον
2675 4667 2767 4718 ἐπὶ
2794 4665 2885 4718 τὸν
2916 4666 3016 4737 κλη
3026 4666 3118 4737 ρού
3128 4683 3286 4737 μενον
3309 4668 3338 4719 6
3373 4665 3580 4737 κλῆρος
3602 4662 3688 4737 ἦν.

2112 4758 2272 4813 Ὅθεν
2319 4760 2413 4813 καὶ
2457 4758 2583 4829 περὶ
2626 4757 2719 4811 τοῦ
2758 4756 3100 4829 Ἰσκαριώτου
3141 4758 3305 4825 φησὶν
3354 4759 3383 4811 6
3436 4758 3691 4827 μέγιστος

2108 4850 2346 4921 Πέτρος,
2392 4851 2473 4903 ὅτι
2526 4850 2747 4903 "Elatia
2796 4849 2920 4902 σὺν
2964 4848 3109 4917 ἡμῖν
3156 4848 3263 4901 τὸν
3306 4847 3546 4915 κλῆρον
3585 4847 3691 4916 τῆς

2104 4942 2408 5007 διακονίας
2436 4943 2655 5009 ταύτης
2672 4959 2685 4972 ·
2712 4940 2887 4993 καίτοι
2916 4940 3151 5012 συνήθης
3176 4942 3289 5003 τοῖς
3316 4940 3535 5004 πολλοῖς
3564 4941 3690 5009 κλῆ-

2106 5052 2200 5105 ρος
2230 5035 2328 5087 οὐκ
2354 5035 2446 5087 ἐπὶ
2476 5034 2584 5086 τῶν
2613 5034 2922 5087 ἀποστόλων
2961 5034 3183 5102 γέγονεν
3219 5032 3324 5085 ὑπὸ
3353 5032 3449 5085 τοῦ
3487 5034 3687 5104 Κυρίου

2104 5125 2197 5177 τοῦ
2229 5125 2616 5197 ὲπιλεξαμένου
2643 5127 2857 5190 αὐτούς.
2881 5126 3026 5197 Πλὴν
3059 5125 3217 5179 πάλιν
3238 5124 3300 5177 τὸ
3327 5126 3687 5197 προκείμενον

2104 5218 2353 5289 λέγομεν,
2384 5220 2463 5271 ὅτι
2500 5219 2603 5291 χρὴ
2636 5219 2727 5272 τὸν
2768 5219 3028 5291 ίεράρχην
3067 5218 3386 5289 κινούμενον
3416 5220 3569 5291 παρὰ
3597 5218 3686 5272 τοῦ

2107 5310 2368 5377 παναγίου
2399 5310 2711 5381 Πνεύματος
2737 5309 2834 5374 τὰς
2862 5310 3091 5378 ἐκλογὰς
3124 5310 3414 5363 ποιεῖσθαι.

2180 5400 2207 5473 §
2247 5401 2334 5455 VI.
2378 5402 2587 5464 Πάντες
2615 5403 2670 5454 δὲ
2699 5400 3055 5466 ἀσπάζονται,
3094 5403 3189 5455 καὶ
3211 5402 3418 5464 αὑτὸςὸ
3448 5417 3686 5471 χειροτο-

2104 5496 2308 5567 νήσας,
2363 5494 2454 5546 τὸν
2496 5494 2852 5548 τελεσθέντα·
2896 5494 3031 5548 διότι
3082 5495 3210 5548 ὅταν
3256 5495 3683 5566 τοιουτοτρόπως

2106 5586 2214 5638 ἀπὸ
2267 5583 2416 5647 θείας
2467 5585 2713 5655 κλήσεως
2744 5588 2839 5640 καὶ
2882 5587 3170 5658 ίερατικῶν
3211 5587 3495 5657 δυνάμεων
3551 5583 3685 5657 πρὸς

506 5774 529 5799 υ
563 5755 718 5813 Joan.
755 5776 890 5821 xvtt.
918 5763 966 5814 l.
1037 5770 1061 5798 τ
1088 5759 1233 5817 Psal.
1275 5774 1386 5827 (ιιι,
1412 5758 1465 5812 4.
1546 5772 1570 5798 ι
1602 5759 1719 5811 Act.
1755 5774 1792 5823 ι,
1825 5757 1918 5811 2-4.
1993 5767 2019 5805 γ

2127 5758 2220 5820 id..
2258 5758 2344 5812 17.
