3874 6228
148 346 253 401 5Ξ9

1189 336 1277 390 DE
1318 332 1600 389 ECCLES.
1643 326 2047 390 HIERARCH.,
2079 324 2230 381 CAP.
2266 324 2355 381 Vl.

3308 305 3411 361 550

148 458 456 530 ἱερωσύνην
483 457 749 525 ἀφίκηται
784 454 910 518 νοῦς
939 453 1082 525 ἱερὸς
1118 452 1248 524 (καὶ
1293 450 1596 523 σημείωσαι
1616 485 1630 512 ,
1654 447 1737 499 ὅτι

1853 452 2046 500 structa
2077 438 2374 495 virtutibus
2397 435 2465 491 ad
2493 430 2854 511 sacerdotium
2878 424 3093 482 accedit
3122 424 3198 493 (et
3222 424 3413 477 obser-

147 554 342 621 ὦσπερ
378 550 596 621 πρῶτος
623 549 652 600 6
692 547 815 611 νοῦς
839 547 1169 617 ὲλλάμπεται
1199 543 1418 597 ἐπὶτῶν
1448 541 1605 595 θείων
1636 540 1740 593 δω-

150 643 317 713 ρεῶν,
344 641 490 694 οὕτω
526 642 620 693 καὶ
650 639 864 710 πρῶτος
894 640 922 691 6
955 637 1079 701 νοῦς
1108 636 1205 707 τὴν
1243 634 1633 706 ίεροτελεστίαν
1657 632 1742 685 δέ·

149 751 327 805 χεται,
354 733 433 797 ὡς
465 732 607 785 θεῖον
631 730 802 802 δῶρον
830 731 924 782 καὶ
950 730 1093 800 ὑπὲρ
1139 725 1480 798 ἄνθρωπον),
1512 723 1740 795 ὲραστός

150 829 269 879 ἐστι
300 828 419 889 τοῖς
450 824 769 896 ὁμοταγέσι,
799 822 893 874 καὶ
933 819 1074 891 ἐρῶν
1116 820 1210 872 καὶ
1250 817 1525 892 ἐρώμενος
1548 833 1562 846 ·
1602 816 1739 868 ὑπο-

148 919 409 991 δηλοῦται
436 918 545 989 γὰρ
577 916 827 970 ἐντεῦθεν
855 913 916 967 τὸ
943 913 1255 967 κοινωνικὸν
1290 912 1383 965 καὶ
1405 914 1439 982 ἡ
1461 911 1547 963 ἐπ’
1576 908 1741 981 ἀλλή-

150 1011 266 1076 λοις
293 1012 370 1075 ὡς
393 1010 694 1081 ὁμοειδέσιν
717 1008 923 1080 ὲραστὴ
949 1005 1253 1077 εὐφροσύνη
1274 1021 1287 1034 ·
1319 1004 1500 1076 χαίρει
1529 1001 1638 1072 γὰρ
1668 1005 1748 1078 τῷ

148 1105 327 1177 ὁμοίῳ
352 1105 416 1157 τὸ
441 1105 645 1175 ὅμοιον.

227 1193 257 1264 §
308 1194 421 1246 VII.
477 1192 782 1245 Ἐπίκειται
828 1191 886 1245 δὲ
922 1190 985 1245 τὸ
1023 1189 1167 1260 ἱερὸν
1205 1186 1533 1256 Εὑαγγέλιον
1558 1184 1637 1256 τῷ
1662 1185 1742 1247 είς

150 1286 423 1357 ἀρχιερέα
460 1286 767 1356 τελουμένῳ
790 1302 804 1316 ο
847 1285 982 1338 διότι
1024 1285 1173 1337 πᾶσα
1220 1281 1448 1351 δύναμις
1493 1280 1585 1333 καὶ
1624 1279 1744 1330 ὲπι-

152 1380 255 1450 στή
264 1396 340 1449 μη
369 1377 568 1430 δίδοται
596 1376 771 1447 τούτῳ
789 1393 802 1407 ⁸
835 1378 929 1429 καὶ
957 1374 1264 1447 περίκειται
1288 1371 1463 1443 τούτῳ
1488 1369 1560 1423 τὰ
1585 1386 1742 1440 περι-

148 1470 353 1524 εκτικὰ
398 1470 599 1534 παντὸς
628 1468 775 1540 ἱεροῦ
820 1470 915 1522 καὶ
956 1468 1115 1537 λόγου
1164 1468 1260 1521 καὶ
1300 1465 1461 1537 ἔργου
1503 1464 1579 1526 ὡς
1622 1462 1743 1515 ὁλο-

151 1563 376 1635 κλήρως
404 1563 585 1634 πάσης
631 1562 909 1633 μεθέξοντι
950 1562 1051 1631 τῆς
1096 1558 1416 1631 ίεραρχικῆς
1440 1557 1742 1626 δυνάμεως,

153 1655 250 1705 καὶ
279 1654 355 1724 μὴ
387 1653 546 1723 μόνον
578 1653 700 1706 καθ’
740 1652 901 1705 αὑτὸν
935 1649 1455 1721 ἐλλαμφθησομένῳ,
1490 1644 1625 1699 ἀλλὰ
1651 1643 1744 1697 καὶ

151 1750 268 1810 τοῖς
292 1745 477 1810 ἄλλοις
509 1746 617 1799 τῶν
641 1746 979 1817 δωρημάτων
1009 1741 1387 1815 μεταδώσοντι.

1842 550 1931 602 va,
1962 533 2103 603 quod
2128 533 2266 587 sicut
2303 528 2536 600 primum
2567 539 2723 580 mens
2750 520 2950 576 divinis
2979 515 3135 573 donis
3165 513 3410 568 illustra~

1844 638 1951 693 tur,
1982 627 2061 681 sic
2090 625 2255 680 etiam
2285 622 2459 693 prima
2503 614 2973 674 consecrationem
3015 605 3263 676 suscipit,
3294 617 3414 659 tan-

1842 733 2004 789 quam
2032 717 2269 772 divinum
2309 711 2579 783 quoddam
2628 721 2845 773 munus,
2893 710 2949 759 et
2993 700 3213 756 homine
3242 697 3414 754 subli-

1842 808 2040 880 mius),
2072 804 2324 861 amabilis
2358 790 2574 859 exsistit
2625 796 2943 868 aequalibus,
2995 792 3121 848 dum
3171 799 3319 845 amat
3359 798 3415 842 et

1843 879 2057 956 amatur
2092 913 2107 951 :
2140 896 2268 952 hinc
2318 894 2465 949 enim
2518 888 2809 959 aequalium
2862 884 2952 939 illa
2992 879 3417 939 communicatio

1844 992 2095 1048 amabilis
2126 998 2423 1058 mutuaque
2454 983 2641 1039 laetitia
2681 980 3010 1035 insinuatur.
3044 971 3235 1029 Simile
3270 970 3415 1026 enim

1843 1083 2004 1138 simili
2038 1081 2254 1151 gaudet.

1920 1174 1949 1247 ἓ
1991 1174 2102 1231 V'll.
2167 1172 2469 1241 lmponitur
2500 1178 2682 1225 autem
2724 1164 3073 1236 Evangelium
3115 1161 3189 1217 illi
3231 1158 3321 1229 qui
3365 1159 3416 1211 iu

1845 1266 2161 1336 episcopum
2200 1272 2585 1325 consecratur;
2634 1258 2760 1327 quia
2808 1257 2986 1311 omnis
3034 1252 3133 1322 ipsi
3177 1259 3419 1320 potestas

1845 1368 1900 1413 et
1928 1357 2158 1412 scientia
2188 1355 2446 1420 traditur,
2480 1353 2709 1423 ipsique,
2743 1357 3000 1417 tanquam
3031 1344 3297 1398 universae
3324 1356 3421 1411 po-

1847 1449 2061 1504 testatis
2109 1446 2468 1502 bierarcbicae
2506 1459 2577 1498 ex
2619 1444 2828 1508 integro
2884 1434 3173 1508 participi,
3230 1433 3417 1486 insunt

1846 1553 2184 1609 quaecunque
2232 1552 2390 1591 sacro
2433 1534 2677 1605 quolibet
2722 1532 2838 1586 sive
2872 1528 3041 1583 verbo
3088 1526 3203 1580 sive
3256 1537 3421 1591 opere

1845 1630 2219 1694 continentur;
2256 1637 2315 1681 ut
2360 1626 2450 1697 qui
2503 1640 2609 1679 non
2662 1623 2714 1677 in
2764 1619 3056 1687 semetipso
3109 1624 3318 1670 tantum
3359 1613 3423 1666 il-

1848 1723 2110 1778 lustratus
2157 1721 2260 1788 sit,
2307 1733 2496 1774 verum
2546 1717 2709 1770 etiam
2756 1712 2880 1767 aliis
2929 1707 3235 1765 istiusmodi
3282 1706 3421 1759 dona

1780 1832 1824 1888 Β
1856 1817 2134 1886 largiatur.

1927 1912 1955 1983 §
1998 1908 2129 1963 Vlll.
2170 1907 2311 1975 Quid
2363 1912 2542 1958 autem
2596 1901 2697 1956 sibi
2747 1898 2895 1964 vult,
2944 1894 3086 1967 quod
3140 1894 3425 1964 episcopus

1852 2013 2143 2071 utrumque
2173 2015 2311 2070 genu
2355 1996 2600 2062 ﬂectens,
2633 1990 2798 2047 simul
2847 1991 2901 2043 in
2948 1988 3128 2059 capite
3182 1986 3423 2039 divinum

1851 2093 2017 2148 habet
2058 2090 2433 2160 Evangelium,
2472 2086 2727 2141 sacerdos
2756 2096 2889 2138 vero
2934 2091 3220 2146 utrumque
3257 2076 3423 2129 etiam

1850 2200 1991 2257 genu
2044 2182 2242 2243 ﬂectit,
2281 2196 2469 2235 verum
2516 2178 2783 2233 diaconus
2837 2173 3068 2228 alterum
3119 2168 3426 2224 duntaxat?

1850 2274 2297 2346 Conipreheusim
2326 2270 2491 2343 249
2518 2269 2663 2335 dico,
2681 2268 2827 2337 quod
2852 2281 2971 2320 cum
2994 2273 3105 2317 tres
3126 2262 3233 2315 sint
3258 2260 3426 2312 virtu-

1853 2380 1934 2423 tes
1951 2366 2267 2437 perfectioni
2288 2367 2607 2427 servientes,
2625 2359 2833 2415 scilicet
2848 2358 3095 2428 expians,
3114 2353 3426 2408 illumiuans

1850 2471 1904 2517 et
1923 2473 2332 2523 consummans,
2361 2465 2417 2511 et
2436 2457 2695 2510 diaconus
2716 2452 2934 2521 quidem
2959 2449 3187 2519 primam
3207 2444 3425 2506 habeat,

1850 2552 2109 2608 sacerdos
2140 2561 2320 2605 autem
2348 2557 2544 2618 praeter
2576 2547 2716 2601 hanc
2743 2585 2759 2612 ,
2790 2544 2956 2599 etiam
3004 2539 3427 2602 illuuiinautem,

1852 2647 2147 2716 cpiscopus
2175 2659 2304 2699 vero
2334 2659 2437 2697 una
2470 2656 2591 2697 cum
2640 2640 2724 2695 his
2768 2638 3014 2694 obtineat
3042 2648 3426 2691 consumman-

1854 2748 1957 2793 tem
1987 2754 2002 2793 :
2033 2738 2237 2792 idcirco
2269 2737 2553 2802 diaconus,
2583 2743 2840 2804 tanquam
2873 2731 2964 2802 qui
2993 2730 3301 2799 expianlexn
3332 2740 3424 2780 so-

1850 2832 1957 2886 la-m
1992 2832 2176 2894 habet,
2206 2828 2437 2883 alterum
2467 2843 2608 2899 genu
2638 2826 2841 2891 ﬂectit;
2877 2822 3137 2879 sacerdos
3175 2833 3335 2884 vero,
3370 2826 3429 2872 ut

1850 2925 1943 2995 qui
1973 2939 2096 2980 cum
2136 2924 2236 2977 hac
2263 2923 2428 2977 etiam
2464 2921 2859 2975 illuminantem
2898 2924 3099 2981 teneat,
3134 2922 3427 2982 utrumque

231 1923 259 1994 §
306 1922 448 1975 VIII.
488 1921 631 1974 Τίδέ
656 1922 822 1985 ἐστιν,
855 1919 936 1972 ὅτι
963 1918 991 1970 6
1018 1918 1115 1989 μὲν
1144 1916 1434 1987 ἀρχιερεὺς
1474 1914 1642 1986 ἄμφω
1668 1912 1747 1967 τὼ

156 2016 287 2070 πόδε
316 2016 520 2068 κλίνων
540 2053 554 2077 ,
587 2014 737 2084 ὅμως
765 2013 875 2084 ἔχει
900 2013 994 2065 ἐπὶ
1025 2010 1265 2080 κεφαλῆς
1294 2007 1460 2061 αὐτοῦ
1506 2007 1567 2060 τὸ
1605 2007 1748 2061 θεῖον

156 2107 491 2177 Εύαγγέλιον
513 2125 527 2138 ’
567 2109 596 2159 6
637 2106 693 2158 δὲ
736 2106 913 2177 ἱερεὺς
940 2102 1111 2157 κλίνει
1152 2103 1245 2155 καὶ
1282 2100 1445 2164 αὐτὸς
1470 2100 1636 2169 ἄμφω
1670 2099 1749 2154 τὼ

156 2202 286 2255 πόδε
316 2202 500 2271 μόνον,
540 2202 569 2252 ὁ
594 2200 651 2253 δὲ
677 2199 921 2262 διάκονος
949 2197 1175 2266 θάτερον
1209 2194 1318 2247 τῶν
1347 2192 1556 2259 ποδῶν;
1586 2194 1749 2246 Συνε-

155 2292 263 2345 λὼν
285 2292 457 2359 λέγω,
488 2291 570 2343 ὅτι
594 2289 781 2360 ἐπειδὴ
802 2292 952 2361 τρεῖς
976 2290 1111 2340 εἰσιν
1137 2288 1193 2339 αἱ
1222 2283 1560 2338 τελειωτικαὶ
1587 2282 1747 2336 δυνά-

159 2402 282 2455 μεις
302 2424 319 2447 ,
360 2382 694 2454 καθαρτικὴ,
727 2381 1049 2451 φωτιστικὴ,
1085 2381 1182 2432 καὶ
1206 2377 1525 2447 τελειωτική
1546 2392 1558 2404 ·
1588 2375 1681 2428 καὶ
1720 2377 1748 2428 6

156 2478 256 2547 μὲν
283 2476 539 2539 διάκονος
566 2474 680 2546 ἔχει
703 2475 800 2544 τὴν
832 2473 980 2544 μίαν,
1008 2475 1036 2527 6
1070 2472 1127 2524 δὲ
1153 2469 1520 2543 πρεσϐύτερος
1544 2467 1747 2536 ταύτην

150 2586 212 2623 τε
238 2571 337 2622 καὶ
358 2570 461 2639 τὴν
487 2568 841 2639 φωτιστικὴν,
871 2566 900 2619 6
924 2566 979 2618 δὲ
1005 2565 1294 2637 ἀρχιερεὺς
1320 2563 1416 2615 σὺν
1441 2561 1630 2623 αὐταῖς
1655 2559 1749 2611 καὶ

151 2656 253 2727 τὴν
278 2655 637 2725 τελειωτικὴν
658 2672 672 2685 ’
710 2653 798 2707 διὰ
826 2654 982 2707 τοῦτο
1010 2654 1037 2706 6
1060 2653 1322 2716 διάκονος,
1357 2652 1432 2715 ὡς
1476 2650 1615 2720 ἔχων
1649 2650 1748 2720 τὴν

153 2748 500 2819 καθαρτικὴν
528 2748 716 2819 μόνην,
758 2746 983 2818 θάτερον
1024 2746 1132 2800 τῶν
1171 2745 1345 2798 ποδῶν
1386 2743 1589 2798 κλίνει’
1629 2743 1657 2795 6
1691 2742 1749 2797 δὲ

155 2841 375 2912 ἱερεὺς,
418 2840 495 2903 ὼς
536 2838 674 2909 ἔχων
718 2841 815 2893 σὺν
852 2839 989 2910 αὐτῇ
1017 2839 1112 2891 καὶ
1146 2838 1244 2909 τὴν
1272 2836 1628 2907 φωτιστικὴν,
1654 2835 1748 2888 καὶ

153 2934 327 3005 ἄμφω
353 2932 435 2986 τὼ
458 2934 585 2987 πόδε
627 2932 829 2994 κλίνει·
871 2933 899 2985 6
940 2932 1120 3004 μέντοι
1173 2948 1237 3000 γε
1275 2931 1535 3003 ίεράρχης
1576 2929 1746 2983 κλίνει

154 3003 249 3079 καὶ
275 3026 443 3089 αὐτὸς
466 3026 633 3096 ἄμφω
654 3023 731 3077 τὼ
757 3023 903 3088 πόδε,
930 3023 1256 3096 καθαρτικὸς
1278 3020 1354 3075 ὢν
1377 3022 1470 3076 καὶ
1496 3037 1745 3090 φωτιστι-

1853 3030 1991 3087 genu
2019 3013 2210 3078 ﬂectit,
2235 3012 2471 3079 denique
2498 3010 2783 3078 episcopus
2809 3006 2977 3060 ﬂectit
2998 3015 3052 3059 et
3081 3003 3195 3074 ipse
3218 3012 3428 3056 utrum-

155 3120 254 3182 κός
274 3136 287 3148 ·
324 3118 543 3181 ἔπειτα,
575 3118 699 3170 ἐπεὶ
738 3118 831 3171 καὶ
855 3116 1197 3179 τελειωτικός
1220 3116 1358 3179 ἐστι,
1387 3115 1482 3168 καὶ
1504 3116 1612 3168 ἀπὸ
1638 3113 1745 3166 τῶν

1853 3122 1958 3177 que
1991 3121 2157 3175 genu,
2182 3105 2351 3174 utqui
2381 3103 2635 3171 expiandi
2665 3109 2720 3155 et
2748 3098 3082 3153 illuminandi
3109 3097 3159 3150 vi
3192 3096 3425 3164 polleat:

154 3206 320 3260 θείων
352 3206 705 3275 Εὐαγγελίων
739 3206 836 3278 τὴν
872 3206 1150 3259 τελείωσιν
1188 3209 1442 3271 ποιεῖται,
1468 3205 1554 3258 διὰ
1590 3204 1745 3258 τοῦτο

1853 3200 1917 3255 ad
1953 3200 2067 3253 hu‘c
2097 3212 2248 3263 vero,
2277 3210 2399 3251 cum
2433 3194 2596 3248 etiam
2629 3190 2942 3263 perﬁciendi
2972 3189 3021 3241 vi
3051 3187 3306 3257 praeditus
3331 3188 3426 3248 sit,

152 3296 462 3351 ἐπιτίθεται
498 3295 673 3366 τούτῳ
713 3275 805 3348 καί
842 3295 903 3348 τὸ
942 3295 1084 3365 ἱερὸν
1114 3294 1462 3362 Εύαγγέλιον.
1508 3292 1655 3354 Τέως
1691 3289 1745 3343 δὲ

1853 3300 1908 3348 et
1928 3305 1957 3343 a
1982 3289 2179 3343 divinis
2197 3284 2506 3356 Evangeliis
2526 3281 2916 3352 perfectionem
2934 3278 3201 3341 conferat,
3226 3275 3428 3329 idcirco

152 3389 502 3454 ἁπαξαπλῶς
546 3391 579 3459 ή
628 3387 735 3440 τῶν
783 3387 958 3441 ποδῶν
1002 3386 1175 3450 κλίσις
1216 3386 1383 3456 δηλοῖ,
1427 3386 1529 3449 ὅτι,
1559 3387 1607 3437 εί
1655 3385 1745 3439 καὶ

1856 3384 1955 3453 ipsi
1989 3395 2209 3451 quoque
2252 3394 2467 3434 sacrum
2498 3374 2852 3445 Evangelium
2902 3371 3219 3439 imponitur.
3255 3368 3429 3423 Cante-

153 3479 533 3551 προσάγοντές
569 3481 727 3543 εἰσιν,
760 3480 788 3531 6
825 3479 922 3549 μὲν
958 3480 1016 3531 ἐν
1055 3477 1134 3548 τῷ
1176 3478 1479 3549 καθαίρειν,
1530 3479 1559 3529 6
1600 3476 1656 3529 δὲ
1692 3477 1745 3527 ὲν

1855 3491 1977 3530 rum
2005 3474 2304 3529 universim
2330 3471 2418 3525 illa
2450 3470 2643 3539 pedum
2674 3466 2958 3522 inclinatio
2985 3463 3249 3527 declarat,
3283 3461 3428 3530 quod

151 3571 231 3640 τῷ
272 3568 564 3640 καθαίρειν
590 3570 707 3639 ἅμα
734 3570 828 3622 καὶ
865 3568 944 3639 τῷ
983 3566 1259 3637 φωτίζειν,
1288 3569 1316 3619 6
1345 3567 1401 3620 δὲ
1438 3569 1497 3621 ἐν
1536 3568 1745 3631 τούτοις

1854 3571 1955 3624 etsi
1989 3570 2241 3623 ductores
2267 3567 2396 3631 sint,
2428 3565 2517 3619 hic
2540 3562 2762 3631 quidem
2809 3561 2878 3614 ad
2920 3557 3308 3627 expiationem,
3337 3554 3427 3608 ille

154 3662 273 3732 ἅμα
314 3663 412 3713 καί¹
447 3659 527 3731 τῷ
562 3659 824 3725 τελειοῦν,
865 3659 979 3712 ἀλλ’
1006 3655 1098 3713 οὖν
1140 3657 1487 3729 ὑποκείμενοί
1531 3659 1637 3711 είσι
1671 3655 1745 3727 τῷ

1853 3676 1985 3719 vero
2020 3660 2088 3713 ad
2117 3657 2483 3728 expiationem
2524 3654 2682 3709 simul
2724 3661 2781 3708 et
2823 3650 3293 3713 illuiniuatiouem,
3335 3648 3428 3700 de-

152 3751 294 3822 Θεῷ,
322 3752 423 3804 καὶ
443 3751 595 3822 αὐτῷ
623 3752 925 3806 ύποτιθεῖσι
958 3752 1051 3805 τὸν
1076 3751 1501 3823 προσαγόμενον.

1855 3755 2019 3822 nique
2045 3751 2182 3804 alius
2210 3760 2470 3819 prazterea
2504 3747 2572 3800 ad
2599 3745 3010 3815 perfectionem,
3030 3748 3272 3795 attamen
3300 3739 3429 3792 sub-

1854 3846 1980 3914 iecti
2014 3845 2127 3899 sint
2160 3844 2268 3898 Deo
2289 3882 2304 3908 ,
2344 3840 2555 3910 ipsique
2589 3837 2884 3905 subjiciunt
2910 3850 3035 3890 cum
3064 3847 3225 3903 quem
3258 3830 3428 3884 addu-

1853 3947 2001 3991 Cttltl.

3127 4102 3401 4122 ——————~

166 4110 3120 4143 ________________._______________._____————

531 4234 1177 4321 ΚΕΦΑΛΑΙΟΝ
1233 4229 1332 4318 εἷ’.

425 4377 470 4430 Ι.
512 4374 651 4445 Περὶ
684 4374 803 4428 τῶν
829 4374 1205 4444 τελουμένων
1230 4373 1475 4438 τάξεων.

2313 4233 2695 4323 CAPUT
2764 4233 2935 4324 Vl.

2185 4372 2227 4428 ι.
2269 4371 2346 4426 De
2378 4370 2654 4425 ordinibus
2680 4369 2771 4441 qui
2797 4368 3095 4423 initiantur.

1474 4525 1810 4583 SYNOPSIS
1861 4526 2156 4583 CAPITIS.

138 4674 325 4727 Prima
345 4680 487 4739 parte
512 4670 685 4744 cupitis
709 4670 845 4741 dicit.
868 4671 909 4744 ξ.
937 4668 1143 4744 Quinam
1164 4665 1660 4744 ordines'eupientur.
1685 4665 1988 4744 libauinam
2011 4664 2361 4744 illuniinentur'.
2384 4665 2471 4744 Ill.
2522 4664 2746 4744 Quinam.
2768 4660 3102 4744 perﬁciuntur,
3140 4661 3265 4744 inter
3304 4675 3425 4727 quos

202 4744 318 4788 sum
342 4725 754 4800 inomchi'primi.
776 4761 838 4770 —
862 4725 1087 4800 Secundo
1109 4737 1248 4800 parte
1274 4729 1423 4799 trudit
1441 4725 1537 4800 quo
1564 4727 1663 4778 ritu
1683 4728 1903 4800 monachi
1922 4736 2274 4800 consecrentur.
2307 4726 2473 4800 Tertio
2497 4725 2913 4800 porteusubjungit
2955 4725 3426 4794 contemplationem;

1310 4789 1355 4861 is
1374 4786 1569 4861 genibus
1595 4789 1726 4861 “sed.
1748 4796 1922 4861 stantes
1944 4799 2293 4861 causarentur.
2340 4793 2401 4839 ll.
2435 4786 2560 4848 Quid
2607 4788 2716 4858 sibi.
2749 4786 2879 4861 ii¢l_i§_
2907 4800 3096 4861 equum.
3117 4786 3422 4838 renuntiatio.

204 4799 259 4849 in
283 4811 384 4856 qua
428 4791 629 4860 exponit
654 4798 690 4846 Ι.
716 4800 820 4861 _Cur
843 4791 1066 4861 monqgﬁi
1096 4791 1189 4861 non
1209 4791 1355 4861 [lexis
1374 4791 1569 4861 genibus
1595 4791 1726 4861 Laed‘
1748 4796 1897 4861 stante

1276 4848 1460 4918 prio'ris
1510 4848 1651 4904 vestis
1693 4850 1946 4917 depositio.
1993 4852 2049 4903 ν.
2097 4852 2224 4912 Quid
2282 4865 2426 4903 sacra
2473 4848 2764 4905 communio.
2818 4854 2899 4904 Vl.
2950 4848 3174 4914 Erpiicut
3214 4862 3424 4908 quanam

203 4853 307 4912 Ill:
335 4861 464 4920 Quid
489 4853 650 4909 crucis
683 4856 909 4921 signatio.
962 4856 1043 4921 IY.
1096 4853 1186 4914 Qui

204 4917 399 4974 ratione
436 4923 647 4973 owlestes
672 4917 870 4972 ordines
890 4917 1163 4985 expientur,

1737 5028 1841 5103 §l.

209 5175 390 5239 Ᾱῦται
432 5180 531 5252 μὲν
556 5181 610 5233 αἱ
647 5181 920 5251 ίερατικαὶ
959 5178 1144 5245 τάξεις
1186 5196 1246 5232 τε
1280 5178 1373 5232 καὶ
1417 5176 1744 5249 ἀποκληρώ-

1922 5176 2098 5245 Atque
2130 5175 2184 5229 hi
2212 5173 2427 5244 quidem
2452 5179 2577 5226 sunt
2605 5168 2742 5225 sacri
2760 5167 2978 5224 ordines
2994 5177 3292 5231 eorumque
3313 5162 3430 5214 dis-

133 5292 277 5338 σεις,
325 5272 585 5344 δυνάμεις
623 5289 682 5324 τε
727 5271 905 5326 αὐτῶν
939 5272 1034 5324 καὶ
1076 5270 1349 5341 ἐνέργειαι
1393 5271 1487 5322 καὶ
1526 5267 1745 5321 τελειώ-

1857 5272 2179 5325 tributioncs
2221 5281 2286 5322 ac
2332 5268 2565 5320 virtutes
2597 5273 2650 5317 et
2675 5259 3017 5331 operatioues
3048 5264 3210 5322 atque
3237 5269 3422 5306 conse-

131 5383 289 5429 σεις’
341 5364 443 5434 τὴν
502 5364 559 5416 δὲ
619 5363 713 5417 ὑπ’
766 5362 936 5426 αὑτὰς
982 5362 1175 5434 τριάδα
1229 5359 1337 5415 τῶν
1394 5359 1727 5430 τελουμένων

1855 5364 2131 5418 crationes
2165 5379 2177 5415 :
2217 5360 2411 5430 triplex
2458 5358 2616 5412 modo
2645 5370 2814 5427 genus
2853 5352 3105 5407 ordinum
3137 5348 3426 5403 initiaudo-

131 5458 349 5524 τάξεων
389 5454 519 5524 ἑξῆς
556 5456 888 5526 άφηγητέον.

1857 5470 1972 5508 rum
2001 5464 2245 5521 superest
2272 5450 2675 5520 exponendum.

205 5556 461 5625 Λέγομεν
486 5554 667 5607 τοίνυν
684 5554 753 5617 ⁸⁵,
781 5555 860 5607 ὅτι
885 5554 1275 5628 καθαιρόμεναι
1302 5551 1398 5624 μέν
1416 5553 1520 5604 είσι
1546 5549 1727 5615 τάξεις

1924 5546 2167 5601 Dicimus
2198 5545 2382 5615 igitur,
2410 5542 2629 5599 ordines
2656 5540 2775 5597 illos
2801 5537 2893 5609 qui
2938 5533 3247 5606 expiantur,
3297 5544 3422 5585 esse

1438 5704 1676 5762 VARME
1713 5701 2121 5760 LECTIONES.

217 5829 270 5864 “
302 5826 556 5901 λέγωμεν
579 5828 779 5894 τοίνυν,
814 5825 881 5882 Μ.
916 5825 974 5880 P.
