  <div class='ocr_page' id='page_1' title='image "/cluster/home/n/w/nwhite01/storage/ocr_20150623/3/nnc1.0046978666/289.png"; bbox 0 0 3874 6228; ppageno 0'>
   <div class='ocr_carea' id='block_1_1' title="bbox 455 294 553 354">
    <p class='ocr_par' dir='ltr' id='par_1_1' title="bbox 455 294 553 354">
     <span class='ocr_line' id='line_1_1' title="bbox 455 294 553 354; baseline -0.031 0"><span class='ocrx_word' id='word_1_1' title='bbox 455 294 553 354; x_wconf 71' lang='lat'><strong>531</strong></span> 
     </span>
    </p>
   </div>
   <div class='ocr_carea' id='block_1_2' title="bbox 1620 305 2510 371">
    <p class='ocr_par' dir='ltr' id='par_1_2' title="bbox 1620 305 2510 371">
     <span class='ocr_line' id='line_1_2' title="bbox 1620 305 2510 371; baseline 0.01 -9"><span class='ocrx_word' id='word_1_2' title='bbox 1620 305 1677 362; x_wconf 87' lang='lat' dir='ltr'><strong>S.</strong></span> <span class='ocrx_word' id='word_1_3' title='bbox 1714 307 2006 366; x_wconf 71' lang='lat' dir='ltr'><strong>DlONYSlI</strong></span> <span class='ocrx_word' id='word_1_4' title='bbox 2047 311 2510 371; x_wconf 60' lang='lat' dir='ltr'><strong>AREOPAGITE</strong></span> 
     </span>
    </p>
   </div>
   <div class='ocr_carea' id='block_1_3' title="bbox 3608 318 3709 375">
    <p class='ocr_par' dir='ltr' id='par_1_3' title="bbox 3608 318 3709 375">
     <span class='ocr_line' id='line_1_3' title="bbox 3608 318 3709 375; baseline -0.05 0"><span class='ocrx_word' id='word_1_5' title='bbox 3608 318 3709 375; x_wconf 52' lang='grc' dir='ltr'><strong>πε</strong></span> 
     </span>
    </p>
   </div>
   <div class='ocr_carea' id='block_1_4' title="bbox 465 412 2032 503">
    <p class='ocr_par' dir='ltr' id='par_1_4' title="bbox 465 412 2019 486">
     <span class='ocr_line' id='line_1_4' title="bbox 465 412 2019 486; baseline 0.005 -17"><span class='ocrx_word' id='word_1_6' title='bbox 465 412 652 469; x_wconf 80' lang='lat' dir='ltr'><strong>turbas</strong></span> <span class='ocrx_word' id='word_1_7' title='bbox 680 412 801 471; x_wconf 86' lang='lat' dir='ltr'><strong>illas</strong></span> <span class='ocrx_word' id='word_1_8' title='bbox 821 429 943 486; x_wconf 66' lang='lat' dir='ltr'><strong>qua</strong></span> <span class='ocrx_word' id='word_1_9' title='bbox 968 429 998 469; x_wconf 88' lang='lat' dir='ltr'><strong>a</strong></span> <span class='ocrx_word' id='word_1_10' title='bbox 1035 417 1206 471; x_wconf 83' lang='lat' dir='ltr'><strong>sacris</strong></span> <span class='ocrx_word' id='word_1_11' title='bbox 1235 415 1599 474; x_wconf 85' lang='lat' dir='ltr'><strong>functionibus</strong></span> <span class='ocrx_word' id='word_1_12' title='bbox 1637 432 1694 476; x_wconf 88' lang='lat' dir='ltr'><strong>et</strong></span> <span class='ocrx_word' id='word_1_13' title='bbox 1731 438 2019 480; x_wconf 40' lang='lat' dir='ltr'><strong>consecro&quot;</strong></span> 
     </span>
    </p>
   </div>
   <div class='ocr_carea' id='block_1_5' title="bbox 2138 412 3711 503">
    <p class='ocr_par' dir='ltr' id='par_1_5' title="bbox 2138 429 3711 503">
     <span class='ocr_line' id='line_1_5' title="bbox 2138 429 3711 503; baseline 0.001 -22"><span class='ocrx_word' id='word_1_14' title='bbox 2138 430 2177 482; x_wconf 88' lang='grc' dir='ltr'><strong>ιί</strong></span> <span class='ocrx_word' id='word_1_15' title='bbox 2228 429 2335 482; x_wconf 90' lang='grc' dir='ltr'><strong>τῶν</strong></span> <span class='ocrx_word' id='word_1_16' title='bbox 2381 430 2702 503; x_wconf 77' lang='grc' dir='ltr'><strong>ἱερουργιῶν</strong></span> <span class='ocrx_word' id='word_1_17' title='bbox 2724 432 2817 484; x_wconf 73' lang='grc' dir='ltr'><strong>καὶ</strong></span> <span class='ocrx_word' id='word_1_18' title='bbox 2860 430 3253 503; x_wconf 85' lang='grc' dir='ltr'>τελετουργιῶν</span> <span class='ocrx_word' id='word_1_19' title='bbox 3274 432 3321 466; x_wconf 74' lang='grc'><strong>⁸³</strong></span> <span class='ocrx_word' id='word_1_20' title='bbox 3349 433 3551 488; x_wconf 84' lang='grc' dir='ltr'>ἀποδια</span> <span class='ocrx_word' id='word_1_21' title='bbox 3568 433 3711 487; x_wconf 79' lang='grc' dir='ltr'>στελ-</span> 
     </span>
    </p>
   </div>
   <div class='ocr_carea' id='block_1_6' title="bbox 460 507 2026 581">
    <p class='ocr_par' dir='ltr' id='par_1_6' title="bbox 460 507 2026 581">
     <span class='ocr_line' id='line_1_6' title="bbox 460 507 2026 581; baseline 0.008 -22"><span class='ocrx_word' id='word_1_22' title='bbox 460 507 699 562; x_wconf 87' lang='lat' dir='ltr'><strong>tionibus</strong></span> <span class='ocrx_word' id='word_1_23' title='bbox 741 517 1120 580; x_wconf 74' lang='lat' dir='ltr'><strong>segregantur,</strong></span> <span class='ocrx_word' id='word_1_24' title='bbox 1153 524 1381 578; x_wconf 85' lang='lat' dir='ltr'><strong>quarum</strong></span> <span class='ocrx_word' id='word_1_25' title='bbox 1413 515 1660 581; x_wconf 81' lang='lat' dir='ltr'><strong>superius</strong></span> <span class='ocrx_word' id='word_1_26' title='bbox 1700 518 2026 572; x_wconf 76' lang='lat' dir='ltr'><strong>mentionem</strong></span> 
     </span>
    </p>
   </div>
   <div class='ocr_carea' id='block_1_7' title="bbox 462 599 2025 674">
    <p class='ocr_par' dir='ltr' id='par_1_7' title="bbox 462 599 2025 674">
     <span class='ocr_line' id='line_1_7' title="bbox 462 599 2025 674; baseline 0.006 -21"><span class='ocrx_word' id='word_1_27' title='bbox 462 599 694 656; x_wconf 78' lang='lat' dir='ltr'><strong>fecimus</strong></span> <span class='ocrx_word' id='word_1_28' title='bbox 728 619 744 656; x_wconf 90' lang='lat'><strong>:</strong></span> <span class='ocrx_word' id='word_1_29' title='bbox 776 618 1005 672; x_wconf 90' lang='lat' dir='ltr'><strong>quorum</strong></span> <span class='ocrx_word' id='word_1_30' title='bbox 1042 601 1179 655; x_wconf 83' lang='lat' dir='ltr'><strong>alius</strong></span> <span class='ocrx_word' id='word_1_31' title='bbox 1220 604 1437 671; x_wconf 87' lang='lat' dir='ltr'><strong>quidem</strong></span> <span class='ocrx_word' id='word_1_32' title='bbox 1485 622 1515 659; x_wconf 92' lang='lat' dir='ltr'><strong>a</strong></span> <span class='ocrx_word' id='word_1_33' title='bbox 1562 608 1735 662; x_wconf 90' lang='lat' dir='ltr'><strong>sacris</strong></span> <span class='ocrx_word' id='word_1_34' title='bbox 1782 621 2025 674; x_wconf 91' lang='lat' dir='ltr'><strong>arcetur,</strong></span> 
     </span>
    </p>
   </div>
   <div class='ocr_carea' id='block_1_8' title="bbox 456 694 2029 775">
    <p class='ocr_par' dir='ltr' id='par_1_8' title="bbox 456 694 2029 775">
     <span class='ocr_line' id='line_1_8' title="bbox 456 694 2029 775; baseline 0.009 -30"><span class='ocrx_word' id='word_1_35' title='bbox 456 694 601 761; x_wconf 89' lang='lat' dir='ltr'><strong>quod</strong></span> <span class='ocrx_word' id='word_1_36' title='bbox 647 694 823 750; x_wconf 90' lang='lat' dir='ltr'><strong>adhuc</strong></span> <span class='ocrx_word' id='word_1_37' title='bbox 865 709 894 747; x_wconf 91' lang='lat' dir='ltr'><strong>a</strong></span> <span class='ocrx_word' id='word_1_38' title='bbox 926 696 1186 750; x_wconf 85' lang='lat' dir='ltr'><strong>ministris</strong></span> <span class='ocrx_word' id='word_1_39' title='bbox 1226 697 1292 750; x_wconf 90' lang='lat' dir='ltr'><strong>ad</strong></span> <span class='ocrx_word' id='word_1_40' title='bbox 1343 698 1561 775; x_wconf 77' lang='lat' dir='ltr'><strong>vitalem</strong></span> <span class='ocrx_word' id='word_1_41' title='bbox 1604 710 1818 768; x_wconf 82' lang='lat' dir='ltr'><strong>pattnm</strong></span> <span class='ocrx_word' id='word_1_42' title='bbox 1850 704 2029 759; x_wconf 78' lang='lat' dir='ltr'><strong>verbis</strong></span> 
     </span>
    </p>
   </div>
   <div class='ocr_carea' id='block_1_9' title="bbox 458 787 2031 860">
    <p class='ocr_par' dir='ltr' id='par_1_9' title="bbox 458 787 2031 860">
     <span class='ocr_line' id='line_1_9' title="bbox 458 787 2031 860; baseline 0.007 -22"><span class='ocrx_word' id='word_1_43' title='bbox 458 787 943 842; x_wconf 86' lang='lat' dir='ltr'><strong>obstetricantibus</strong></span> <span class='ocrx_word' id='word_1_44' title='bbox 987 788 1236 845; x_wconf 82' lang='lat' dir='ltr'><strong>foveatur</strong></span> <span class='ocrx_word' id='word_1_45' title='bbox 1272 800 1434 860; x_wconf 87' lang='lat' dir='ltr'><strong>atque</strong></span> <span class='ocrx_word' id='word_1_46' title='bbox 1484 792 1839 858; x_wconf 75' lang='lat' dir='ltr'><strong>elformetur;</strong></span> <span class='ocrx_word' id='word_1_47' title='bbox 1892 795 2031 849; x_wconf 87' lang='lat' dir='ltr'><strong>alter</strong></span> 
     </span>
    </p>
   </div>
   <div class='ocr_carea' id='block_1_10' title="bbox 458 880 2032 955">
    <p class='ocr_par' dir='ltr' id='par_1_10' title="bbox 458 880 2032 955">
     <span class='ocr_line' id='line_1_10' title="bbox 458 880 2032 955; baseline 0.008 -25"><span class='ocrx_word' id='word_1_48' title='bbox 458 893 611 944; x_wconf 86' lang='lat' dir='ltr'><strong>vero,</strong></span> <span class='ocrx_word' id='word_1_49' title='bbox 646 880 788 949; x_wconf 91' lang='lat' dir='ltr'><strong>quod</strong></span> <span class='ocrx_word' id='word_1_50' title='bbox 826 882 1122 936; x_wconf 90' lang='lat' dir='ltr'><strong>etiamnum</strong></span> <span class='ocrx_word' id='word_1_51' title='bbox 1160 884 1227 937; x_wconf 91' lang='lat' dir='ltr'><strong>ad</strong></span> <span class='ocrx_word' id='word_1_52' title='bbox 1263 898 1406 951; x_wconf 85' lang='lat' dir='ltr'><strong>eam,</strong></span> <span class='ocrx_word' id='word_1_53' title='bbox 1441 900 1471 939; x_wconf 92' lang='lat' dir='ltr'><strong>a</strong></span> <span class='ocrx_word' id='word_1_54' title='bbox 1503 900 1607 955; x_wconf 91' lang='lat' dir='ltr'><strong>qua</strong></span> <span class='ocrx_word' id='word_1_55' title='bbox 1652 886 1869 951; x_wconf 78' lang='lat' dir='ltr'><strong>defecit,</strong></span> <span class='ocrx_word' id='word_1_56' title='bbox 1906 888 2032 942; x_wconf 66' lang='lat' dir='ltr'><strong>vitat</strong></span> 
     </span>
    </p>
   </div>
   <div class='ocr_carea' id='block_1_11' title="bbox 458 977 2032 1037">
    <p class='ocr_par' dir='ltr' id='par_1_11' title="bbox 458 977 2032 1037">
     <span class='ocr_line' id='line_1_11' title="bbox 458 977 2032 1037; baseline 0.004 -8"><span class='ocrx_word' id='word_1_57' title='bbox 458 977 878 1031; x_wconf 79' lang='lat' dir='ltr'><strong>sanctimoniam</strong></span> <span class='ocrx_word' id='word_1_58' title='bbox 908 979 1281 1034; x_wconf 88' lang='lat' dir='ltr'><strong>adhortatoria</strong></span> <span class='ocrx_word' id='word_1_59' title='bbox 1316 994 1628 1034; x_wconf 85' lang='lat' dir='ltr'><strong>sermonum</strong></span> <span class='ocrx_word' id='word_1_60' title='bbox 1658 982 1919 1036; x_wconf 90' lang='lat' dir='ltr'><strong>bonorum</strong></span> <span class='ocrx_word' id='word_1_61' title='bbox 1949 983 2032 1037; x_wconf 88' lang='lat' dir='ltr'><strong>di-</strong></span> 
     </span>
    </p>
   </div>
   <div class='ocr_carea' id='block_1_12' title="bbox 459 1069 2032 1142">
    <p class='ocr_par' dir='ltr' id='par_1_12' title="bbox 459 1069 2032 1142">
     <span class='ocr_line' id='line_1_12' title="bbox 459 1069 2032 1142; baseline 0.003 -18"><span class='ocrx_word' id='word_1_62' title='bbox 459 1069 682 1137; x_wconf 86' lang='lat' dir='ltr'><strong>sciplina</strong></span> <span class='ocrx_word' id='word_1_63' title='bbox 717 1080 1033 1137; x_wconf 86' lang='lat' dir='ltr'><strong>revocetur;</strong></span> <span class='ocrx_word' id='word_1_64' title='bbox 1068 1072 1207 1127; x_wconf 86' lang='lat' dir='ltr'><strong>alius</strong></span> <span class='ocrx_word' id='word_1_65' title='bbox 1259 1080 1474 1137; x_wconf 90' lang='lat' dir='ltr'><strong>autem,</strong></span> <span class='ocrx_word' id='word_1_66' title='bbox 1506 1074 1649 1142; x_wconf 88' lang='lat' dir='ltr'><strong>quod</strong></span> <span class='ocrx_word' id='word_1_67' title='bbox 1692 1076 1869 1129; x_wconf 87' lang='lat' dir='ltr'><strong>adhuc</strong></span> <span class='ocrx_word' id='word_1_68' title='bbox 1900 1091 2032 1129; x_wconf 87' lang='lat' dir='ltr'><strong>con-</strong></span> 
     </span>
    </p>
   </div>
   <div class='ocr_carea' id='block_1_13' title="bbox 459 1159 2031 1233">
    <p class='ocr_par' dir='ltr' id='par_1_13' title="bbox 459 1159 2031 1233">
     <span class='ocr_line' id='line_1_13' title="bbox 459 1159 2031 1233; baseline 0.004 -22"><span class='ocrx_word' id='word_1_69' title='bbox 459 1159 646 1214; x_wconf 87' lang='lat' dir='ltr'><strong>trariis</strong></span> <span class='ocrx_word' id='word_1_70' title='bbox 678 1163 971 1229; x_wconf 86' lang='lat' dir='ltr'><strong>pavoribus</strong></span> <span class='ocrx_word' id='word_1_71' title='bbox 1013 1163 1280 1232; x_wconf 74' lang='lat' dir='ltr'><strong>ignaviter</strong></span> <span class='ocrx_word' id='word_1_72' title='bbox 1318 1173 1613 1224; x_wconf 89' lang='lat' dir='ltr'><strong>terreatnr,</strong></span> <span class='ocrx_word' id='word_1_73' title='bbox 1651 1174 1815 1233; x_wconf 87' lang='lat' dir='ltr'><strong>atque</strong></span> <span class='ocrx_word' id='word_1_74' title='bbox 1838 1174 2031 1233; x_wconf 89' lang='lat' dir='ltr'><strong>poten-</strong></span> 
     </span>
    </p>
   </div>
   <div class='ocr_carea' id='block_1_14' title="bbox 459 1253 2033 1329">
    <p class='ocr_par' dir='ltr' id='par_1_14' title="bbox 459 1253 2033 1329">
     <span class='ocr_line' id='line_1_14' title="bbox 459 1253 2033 1329; baseline 0.004 -23"><span class='ocrx_word' id='word_1_75' title='bbox 459 1253 605 1309; x_wconf 88' lang='lat' dir='ltr'><strong>tibus</strong></span> <span class='ocrx_word' id='word_1_76' title='bbox 629 1253 797 1324; x_wconf 69' lang='lat'><strong>250</strong></span> <span class='ocrx_word' id='word_1_77' title='bbox 822 1255 1051 1325; x_wconf 88' lang='lat' dir='ltr'><strong>eloquiis</strong></span> <span class='ocrx_word' id='word_1_78' title='bbox 1077 1257 1496 1323; x_wconf 87' lang='lat' dir='ltr'><strong>corroboretur;</strong></span> <span class='ocrx_word' id='word_1_79' title='bbox 1530 1260 1669 1314; x_wconf 88' lang='lat' dir='ltr'><strong>alius</strong></span> <span class='ocrx_word' id='word_1_80' title='bbox 1704 1273 1853 1325; x_wconf 82' lang='lat' dir='ltr'><strong>vero,</strong></span> <span class='ocrx_word' id='word_1_81' title='bbox 1890 1261 2033 1329; x_wconf 90' lang='lat' dir='ltr'><strong>quod</strong></span> 
     </span>
    </p>
   </div>
   <div class='ocr_carea' id='block_1_15' title="bbox 457 1343 2032 1416">
    <p class='ocr_par' dir='ltr' id='par_1_15' title="bbox 457 1343 2032 1416">
     <span class='ocr_line' id='line_1_15' title="bbox 457 1343 2032 1416; baseline 0.005 -20"><span class='ocrx_word' id='word_1_82' title='bbox 457 1343 634 1400; x_wconf 87' lang='lat' dir='ltr'><strong>adhuc</strong></span> <span class='ocrx_word' id='word_1_83' title='bbox 663 1349 731 1399; x_wconf 83' lang='lat' dir='ltr'><strong>ab</strong></span> <span class='ocrx_word' id='word_1_84' title='bbox 758 1347 1013 1415; x_wconf 89' lang='lat' dir='ltr'><strong>operibus</strong></span> <span class='ocrx_word' id='word_1_85' title='bbox 1044 1350 1315 1416; x_wconf 78' lang='lat' dir='ltr'><strong>perversis</strong></span> <span class='ocrx_word' id='word_1_86' title='bbox 1340 1351 1408 1404; x_wconf 86' lang='lat' dir='ltr'><strong>ad</strong></span> <span class='ocrx_word' id='word_1_87' title='bbox 1440 1365 1624 1405; x_wconf 87' lang='lat' dir='ltr'><strong>sacras</strong></span> <span class='ocrx_word' id='word_1_88' title='bbox 1649 1352 1891 1406; x_wconf 87' lang='lat' dir='ltr'><strong>actiones</strong></span> <span class='ocrx_word' id='word_1_89' title='bbox 1923 1360 2032 1405; x_wconf 87' lang='lat' dir='ltr'><strong>tra-</strong></span> 
     </span>
    </p>
   </div>
   <div class='ocr_carea' id='block_1_16' title="bbox 457 1436 2033 1513">
    <p class='ocr_par' dir='ltr' id='par_1_16' title="bbox 457 1436 2033 1513">
     <span class='ocr_line' id='line_1_16' title="bbox 457 1436 2033 1513; baseline 0.006 -26"><span class='ocrx_word' id='word_1_90' title='bbox 457 1436 713 1503; x_wconf 88' lang='lat' dir='ltr'><strong>ducatur;</strong></span> <span class='ocrx_word' id='word_1_91' title='bbox 739 1438 903 1507; x_wconf 90' lang='lat' dir='ltr'><strong>alius,</strong></span> <span class='ocrx_word' id='word_1_92' title='bbox 929 1440 1070 1508; x_wconf 83' lang='lat' dir='ltr'><strong>quod</strong></span> <span class='ocrx_word' id='word_1_93' title='bbox 1103 1439 1214 1509; x_wconf 85' lang='lat' dir='ltr'><strong>jam</strong></span> <span class='ocrx_word' id='word_1_94' title='bbox 1247 1442 1534 1497; x_wconf 86' lang='lat' dir='ltr'><strong>traductus</strong></span> <span class='ocrx_word' id='word_1_95' title='bbox 1570 1444 1787 1513; x_wconf 81' lang='lat' dir='ltr'><strong>quidem</strong></span> <span class='ocrx_word' id='word_1_96' title='bbox 1812 1444 1905 1507; x_wconf 84' lang='lat' dir='ltr'><strong>sit,</strong></span> <span class='ocrx_word' id='word_1_97' title='bbox 1939 1443 2033 1498; x_wconf 86' lang='lat' dir='ltr'><strong>sed</strong></span> 
     </span>
    </p>
   </div>
   <div class='ocr_carea' id='block_1_17' title="bbox 458 1531 2036 1604">
    <p class='ocr_par' dir='ltr' id='par_1_17' title="bbox 458 1531 2036 1604">
     <span class='ocr_line' id='line_1_17' title="bbox 458 1531 2036 1604; baseline 0.002 -21"><span class='ocrx_word' id='word_1_98' title='bbox 458 1531 695 1584; x_wconf 89' lang='lat' dir='ltr'><strong>nondum</strong></span> <span class='ocrx_word' id='word_1_99' title='bbox 751 1533 1109 1585; x_wconf 85' lang='lat' dir='ltr'><strong>constantiam</strong></span> <span class='ocrx_word' id='word_1_100' title='bbox 1155 1532 1207 1586; x_wconf 93' lang='lat' dir='ltr'><strong>in</strong></span> <span class='ocrx_word' id='word_1_101' title='bbox 1250 1532 1448 1589; x_wconf 88' lang='lat' dir='ltr'><strong>divinis</strong></span> <span class='ocrx_word' id='word_1_102' title='bbox 1502 1533 2036 1604; x_wconf 82' lang='lat' dir='ltr'><strong>immntabllibusqne</strong></span> 
     </span>
    </p>
   </div>
   <div class='ocr_carea' id='block_1_18' title="bbox 458 1620 2033 1692">
    <p class='ocr_par' dir='ltr' id='par_1_18' title="bbox 458 1620 2033 1692">
     <span class='ocr_line' id='line_1_18' title="bbox 458 1620 2033 1692; baseline 0.001 -19"><span class='ocrx_word' id='word_1_103' title='bbox 458 1620 702 1674; x_wconf 87' lang='lat' dir='ltr'><strong>scientiis</strong></span> <span class='ocrx_word' id='word_1_104' title='bbox 719 1621 789 1675; x_wconf 88' lang='lat' dir='ltr'><strong>sit</strong></span> <span class='ocrx_word' id='word_1_105' title='bbox 806 1630 1153 1675; x_wconf 84' lang='lat' dir='ltr'><strong>consecutus.</strong></span> <span class='ocrx_word' id='word_1_106' title='bbox 1176 1620 1238 1675; x_wconf 81' lang='lat' dir='ltr'><strong>lli</strong></span> <span class='ocrx_word' id='word_1_107' title='bbox 1256 1623 1398 1676; x_wconf 88' lang='lat' dir='ltr'><strong>enim</strong></span> <span class='ocrx_word' id='word_1_108' title='bbox 1417 1631 1545 1677; x_wconf 89' lang='lat' dir='ltr'><strong>sunt</strong></span> <span class='ocrx_word' id='word_1_109' title='bbox 1560 1623 1779 1677; x_wconf 81' lang='lat' dir='ltr'><strong>ordines</strong></span> <span class='ocrx_word' id='word_1_110' title='bbox 1794 1623 1885 1692; x_wconf 90' lang='lat' dir='ltr'><strong>qui</strong></span> <span class='ocrx_word' id='word_1_111' title='bbox 1905 1640 1968 1677; x_wconf 78' lang='lat' dir='ltr'><strong>en</strong></span> <span class='ocrx_word' id='word_1_112' title='bbox 1979 1637 2033 1676; x_wconf 88' lang='lat' dir='ltr'><strong>ra</strong></span> 
     </span>
    </p>
   </div>
   <div class='ocr_carea' id='block_1_19' title="bbox 458 1712 2035 1785">
    <p class='ocr_par' dir='ltr' id='par_1_19' title="bbox 458 1712 2035 1785">
     <span class='ocr_line' id='line_1_19' title="bbox 458 1712 2035 1785; baseline 0.003 -20"><span class='ocrx_word' id='word_1_113' title='bbox 458 1712 830 1767; x_wconf 90' lang='lat' dir='ltr'><strong>ministrorum</strong></span> <span class='ocrx_word' id='word_1_114' title='bbox 861 1722 916 1767; x_wconf 90' lang='lat' dir='ltr'><strong>et</strong></span> <span class='ocrx_word' id='word_1_115' title='bbox 947 1714 1210 1783; x_wconf 77' lang='lat' dir='ltr'><strong>purgandi</strong></span> <span class='ocrx_word' id='word_1_116' title='bbox 1239 1715 1289 1768; x_wconf 92' lang='lat' dir='ltr'><strong>vi</strong></span> <span class='ocrx_word' id='word_1_117' title='bbox 1320 1716 1626 1785; x_wconf 63' lang='lat' dir='ltr'><strong>expiantur,</strong></span> <span class='ocrx_word' id='word_1_118' title='bbox 1669 1730 1806 1785; x_wconf 88' lang='lat' dir='ltr'><strong>quos</strong></span> <span class='ocrx_word' id='word_1_119' title='bbox 1838 1716 1905 1770; x_wconf 88' lang='lat' dir='ltr'><strong>ad</strong></span> <span class='ocrx_word' id='word_1_120' title='bbox 1936 1717 2035 1770; x_wconf 86' lang='lat' dir='ltr'><strong>hoc</strong></span> 
     </span>
    </p>
   </div>
   <div class='ocr_carea' id='block_1_20' title="bbox 2129 516 3711 595">
    <p class='ocr_par' dir='ltr' id='par_1_20' title="bbox 2129 516 3711 595">
     <span class='ocr_line' id='line_1_20' title="bbox 2129 516 3711 595; baseline 0.004 -24"><span class='ocrx_word' id='word_1_121' title='bbox 2129 520 2350 591; x_wconf 83' lang='grc' dir='ltr'>λόμεναι</span> <span class='ocrx_word' id='word_1_122' title='bbox 2377 520 2613 593; x_wconf 84' lang='grc' dir='ltr'>πληθύες</span> <span class='ocrx_word' id='word_1_123' title='bbox 2632 564 2645 585; x_wconf 97' lang='grc'><strong>,</strong></span> <span class='ocrx_word' id='word_1_124' title='bbox 2685 516 2759 575; x_wconf 81' lang='grc' dir='ltr'>ὧν</span> <span class='ocrx_word' id='word_1_125' title='bbox 2787 523 2883 594; x_wconf 76' lang='grc' dir='ltr'>ήδη</span> <span class='ocrx_word' id='word_1_126' title='bbox 2926 525 3145 595; x_wconf 80' lang='grc' dir='ltr'><strong>μνήμην</strong></span> <span class='ocrx_word' id='word_1_127' title='bbox 3170 524 3549 595; x_wconf 79' lang='grc' dir='ltr'><strong>ἐποιησάμεθα</strong></span> <span class='ocrx_word' id='word_1_128' title='bbox 3567 542 3581 554; x_wconf 91' lang='grc'><strong>·</strong></span> <span class='ocrx_word' id='word_1_129' title='bbox 3628 524 3711 593; x_wconf 63' lang='grc' dir='ltr'>τῆς</span> 
     </span>
    </p>
   </div>
   <div class='ocr_carea' id='block_1_21' title="bbox 2135 613 3715 687">
    <p class='ocr_par' dir='ltr' id='par_1_21' title="bbox 2135 613 3715 687">
     <span class='ocr_line' id='line_1_21' title="bbox 2135 613 3715 687; baseline 0.001 -23"><span class='ocrx_word' id='word_1_130' title='bbox 2135 613 2254 682; x_wconf 84' lang='grc' dir='ltr'>μὲν,</span> <span class='ocrx_word' id='word_1_131' title='bbox 2279 613 2354 676; x_wconf 85' lang='grc' dir='ltr'>ὡς</span> <span class='ocrx_word' id='word_1_132' title='bbox 2400 614 2479 668; x_wconf 78' lang='grc' dir='ltr'>ἔτι</span> <span class='ocrx_word' id='word_1_133' title='bbox 2526 615 2660 687; x_wconf 72' lang='grc' dir='ltr'>πρὸς</span> <span class='ocrx_word' id='word_1_134' title='bbox 2703 616 2812 668; x_wconf 87' lang='grc' dir='ltr'><strong>τῶν</strong></span> <span class='ocrx_word' id='word_1_135' title='bbox 2859 615 3185 687; x_wconf 74' lang='grc' dir='ltr'><strong>λειτουργῶν</strong></span> <span class='ocrx_word' id='word_1_136' title='bbox 3221 619 3331 679; x_wconf 86' lang='grc' dir='ltr'>τοῖς</span> <span class='ocrx_word' id='word_1_137' title='bbox 3372 619 3715 687; x_wconf 76' lang='grc' dir='ltr'>μαιευτικοῐς</span> 
     </span>
    </p>
   </div>
   <div class='ocr_carea' id='block_1_22' title="bbox 2132 702 3702 779">
    <p class='ocr_par' dir='ltr' id='par_1_22' title="bbox 2132 702 3702 779">
     <span class='ocr_line' id='line_1_22' title="bbox 2132 702 3702 779; baseline 0.002 -24"><span class='ocrx_word' id='word_1_138' title='bbox 2132 702 2330 772; x_wconf 82' lang='grc' dir='ltr'><strong>λογίοις</strong></span> <span class='ocrx_word' id='word_1_139' title='bbox 2370 706 2508 775; x_wconf 82' lang='grc' dir='ltr'>πρὸς</span> <span class='ocrx_word' id='word_1_140' title='bbox 2542 706 2774 777; x_wconf 76' lang='grc' dir='ltr'><strong>ζωτικὴν</strong></span> <span class='ocrx_word' id='word_1_141' title='bbox 2812 706 3063 771; x_wconf 80' lang='grc' dir='ltr'>ἀπότεξιν</span> <span class='ocrx_word' id='word_1_142' title='bbox 3093 707 3473 779; x_wconf 74' lang='grc' dir='ltr'>μορφουμένης</span> <span class='ocrx_word' id='word_1_143' title='bbox 3512 724 3577 758; x_wconf 85' lang='grc' dir='ltr'><strong>τε</strong></span> <span class='ocrx_word' id='word_1_144' title='bbox 3619 708 3702 759; x_wconf 76' lang='grc' dir='ltr'><strong>καὶ</strong></span> 
     </span>
    </p>
   </div>
   <div class='ocr_carea' id='block_1_23' title="bbox 2130 794 3705 871">
    <p class='ocr_par' dir='ltr' id='par_1_23' title="bbox 2130 794 3705 871">
     <span class='ocr_line' id='line_1_23' title="bbox 2130 794 3705 871; baseline 0.009 -24"><span class='ocrx_word' id='word_1_145' title='bbox 2130 795 2591 869; x_wconf 87' lang='grc' dir='ltr'>διαπλαττομένης</span> <span class='ocrx_word' id='word_1_146' title='bbox 2613 816 2625 829; x_wconf 77' lang='grc' dir='ltr'><strong>ο</strong></span> <span class='ocrx_word' id='word_1_147' title='bbox 2665 800 2763 870; x_wconf 83' lang='grc' dir='ltr'><strong>τῆς</strong></span> <span class='ocrx_word' id='word_1_148' title='bbox 2799 799 2877 861; x_wconf 85' lang='grc' dir='ltr'>δὲ,</span> <span class='ocrx_word' id='word_1_149' title='bbox 2905 799 2979 863; x_wconf 86' lang='grc' dir='ltr'>ὼς</span> <span class='ocrx_word' id='word_1_150' title='bbox 3011 799 3090 852; x_wconf 77' lang='grc' dir='ltr'>ἔτι</span> <span class='ocrx_word' id='word_1_151' title='bbox 3128 800 3263 871; x_wconf 75' lang='grc' dir='ltr'>πρὸς</span> <span class='ocrx_word' id='word_1_152' title='bbox 3298 799 3398 870; x_wconf 75' lang='grc' dir='ltr'><strong>τὴν</strong></span> <span class='ocrx_word' id='word_1_153' title='bbox 3443 799 3618 869; x_wconf 72' lang='grc' dir='ltr'>ἱερὰν,</span> <span class='ocrx_word' id='word_1_154' title='bbox 3644 794 3705 868; x_wconf 72' lang='grc' dir='ltr'><strong>ἧς</strong></span> 
     </span>
    </p>
   </div>
   <div class='ocr_carea' id='block_1_24' title="bbox 2133 886 3707 960">
    <p class='ocr_par' dir='ltr' id='par_1_24' title="bbox 2133 886 3707 960">
     <span class='ocr_line' id='line_1_24' title="bbox 2133 886 3707 960; baseline -0.001 -21"><span class='ocrx_word' id='word_1_155' title='bbox 2133 886 2341 958; x_wconf 89' lang='grc' dir='ltr'>ἀπέστη</span> <span class='ocrx_word' id='word_1_156' title='bbox 2408 886 2553 957; x_wconf 77' lang='grc' dir='ltr'>ζωῆς</span> <span class='ocrx_word' id='word_1_157' title='bbox 2609 888 3152 959; x_wconf 84' lang='grc' dir='ltr'>ἀνακικλησκομένης</span> <span class='ocrx_word' id='word_1_158' title='bbox 3201 892 3266 960; x_wconf 82' lang='grc' dir='ltr'>τῇ</span> <span class='ocrx_word' id='word_1_159' title='bbox 3323 889 3435 941; x_wconf 88' lang='grc' dir='ltr'><strong>τῶν</strong></span> <span class='ocrx_word' id='word_1_160' title='bbox 3489 887 3707 955; x_wconf 81' lang='grc' dir='ltr'>ἀγαθῶν</span> 
     </span>
    </p>
   </div>
   <div class='ocr_carea' id='block_1_25' title="bbox 2133 979 3706 1052">
    <p class='ocr_par' dir='ltr' id='par_1_25' title="bbox 2133 979 3706 1052">
     <span class='ocr_line' id='line_1_25' title="bbox 2133 979 3706 1052; baseline 0 -21"><span class='ocrx_word' id='word_1_161' title='bbox 2133 980 2327 1047; x_wconf 84' lang='grc' dir='ltr'>λογίων</span> <span class='ocrx_word' id='word_1_162' title='bbox 2370 983 2728 1051; x_wconf 77' lang='grc' dir='ltr'>ἐπιτρεπτικῇ</span> <span class='ocrx_word' id='word_1_163' title='bbox 2746 981 2792 1011; x_wconf 76' lang='grc'><strong>⁸⁸</strong></span> <span class='ocrx_word' id='word_1_164' title='bbox 2831 980 3182 1052; x_wconf 79' lang='grc' dir='ltr'>διδασκαλίᾳ·</span> <span class='ocrx_word' id='word_1_165' title='bbox 3233 982 3332 1051; x_wconf 85' lang='grc' dir='ltr'>τῆς</span> <span class='ocrx_word' id='word_1_166' title='bbox 3370 981 3463 1043; x_wconf 84' lang='grc' dir='ltr'><strong>δέ,</strong></span> <span class='ocrx_word' id='word_1_167' title='bbox 3513 980 3593 1043; x_wconf 83' lang='grc' dir='ltr'>ὡς</span> <span class='ocrx_word' id='word_1_168' title='bbox 3633 979 3706 1031; x_wconf 78' lang='grc' dir='ltr'><strong>ἐτι</strong></span> 
     </span>
    </p>
   </div>
   <div class='ocr_carea' id='block_1_26' title="bbox 2135 1070 3706 1145">
    <p class='ocr_par' dir='ltr' id='par_1_26' title="bbox 2135 1070 3706 1145">
     <span class='ocr_line' id='line_1_26' title="bbox 2135 1070 3706 1145; baseline -0.001 -22"><span class='ocrx_word' id='word_1_169' title='bbox 2135 1072 2270 1143; x_wconf 81' lang='grc' dir='ltr'>πρὸς</span> <span class='ocrx_word' id='word_1_170' title='bbox 2294 1070 2403 1124; x_wconf 86' lang='grc' dir='ltr'><strong>τῶν</strong></span> <span class='ocrx_word' id='word_1_171' title='bbox 2430 1072 2683 1125; x_wconf 78' lang='grc' dir='ltr'>ἐναντίων</span> <span class='ocrx_word' id='word_1_172' title='bbox 2731 1072 2931 1125; x_wconf 86' lang='grc' dir='ltr'>πτοιῶν</span> <span class='ocrx_word' id='word_1_173' title='bbox 2970 1073 3243 1145; x_wconf 82' lang='grc' dir='ltr'>ἀνάνδρως</span> <span class='ocrx_word' id='word_1_174' title='bbox 3281 1072 3706 1142; x_wconf 68' lang='grc' dir='ltr'>ἐκδειματοιιμέ-</span> 
     </span>
    </p>
   </div>
   <div class='ocr_carea' id='block_1_27' title="bbox 2133 1160 3709 1233">
    <p class='ocr_par' dir='ltr' id='par_1_27' title="bbox 2133 1160 3709 1233">
     <span class='ocr_line' id='line_1_27' title="bbox 2133 1160 3709 1233; baseline -0.002 -20"><span class='ocrx_word' id='word_1_175' title='bbox 2133 1179 2230 1232; x_wconf 87' lang='grc' dir='ltr'><strong>νης</strong></span> <span class='ocrx_word' id='word_1_176' title='bbox 2254 1201 2266 1223; x_wconf 93' lang='grc'><strong>,</strong></span> <span class='ocrx_word' id='word_1_177' title='bbox 2296 1162 2551 1233; x_wconf 71' lang='grc' dir='ltr'>καὶπρὸς</span> <span class='ocrx_word' id='word_1_178' title='bbox 2585 1160 2692 1214; x_wconf 86' lang='grc' dir='ltr'><strong>τῶν</strong></span> <span class='ocrx_word' id='word_1_179' title='bbox 2731 1162 3103 1231; x_wconf 87' lang='grc' dir='ltr'>δυναμοποιῶν</span> <span class='ocrx_word' id='word_1_180' title='bbox 3141 1161 3333 1230; x_wconf 85' lang='grc' dir='ltr'>λογίων</span> <span class='ocrx_word' id='word_1_181' title='bbox 3372 1163 3709 1233; x_wconf 82' lang='grc' dir='ltr'>ἐπιρῤωννυ-</span> 
     </span>
    </p>
   </div>
   <div class='ocr_carea' id='block_1_28' title="bbox 2140 1253 3709 1325">
    <p class='ocr_par' dir='ltr' id='par_1_28' title="bbox 2140 1253 3709 1325">
     <span class='ocr_line' id='line_1_28' title="bbox 2140 1253 3709 1325; baseline -0.001 -20"><span class='ocrx_word' id='word_1_182' title='bbox 2140 1254 2307 1324; x_wconf 80' lang='grc' dir='ltr'><strong>μένης</strong></span> <span class='ocrx_word' id='word_1_183' title='bbox 2329 1271 2341 1283; x_wconf 71' lang='grc'><strong><em>⁸</em></strong></span> <span class='ocrx_word' id='word_1_184' title='bbox 2374 1255 2473 1324; x_wconf 82' lang='grc' dir='ltr'><strong>τῆς</strong></span> <span class='ocrx_word' id='word_1_185' title='bbox 2504 1254 2581 1317; x_wconf 83' lang='grc' dir='ltr'><strong>δὲ,</strong></span> <span class='ocrx_word' id='word_1_186' title='bbox 2613 1254 2688 1317; x_wconf 85' lang='grc' dir='ltr'>ὡς</span> <span class='ocrx_word' id='word_1_187' title='bbox 2722 1254 2800 1306; x_wconf 79' lang='grc' dir='ltr'>ἔτι</span> <span class='ocrx_word' id='word_1_188' title='bbox 2831 1254 2966 1325; x_wconf 75' lang='grc' dir='ltr'>πρὸς</span> <span class='ocrx_word' id='word_1_189' title='bbox 2988 1255 3087 1317; x_wconf 83' lang='grc' dir='ltr'>τὰς</span> <span class='ocrx_word' id='word_1_190' title='bbox 3129 1253 3280 1325; x_wconf 80' lang='grc' dir='ltr'>ἱερὰς</span> <span class='ocrx_word' id='word_1_191' title='bbox 3317 1254 3605 1324; x_wconf 76' lang='grc' dir='ltr'>ἐνεργείας</span> <span class='ocrx_word' id='word_1_192' title='bbox 3648 1254 3709 1303; x_wconf 81' lang='grc' dir='ltr'><strong>ἐκ</strong></span> 
     </span>
    </p>
   </div>
   <div class='ocr_carea' id='block_1_29' title="bbox 2134 1344 3708 1416">
    <p class='ocr_par' dir='ltr' id='par_1_29' title="bbox 2134 1344 3708 1416">
     <span class='ocr_line' id='line_1_29' title="bbox 2134 1344 3708 1416; baseline -0.003 -19"><span class='ocrx_word' id='word_1_193' title='bbox 2134 1344 2241 1398; x_wconf 89' lang='grc' dir='ltr'><strong>τῶν</strong></span> <span class='ocrx_word' id='word_1_194' title='bbox 2263 1346 2517 1415; x_wconf 88' lang='grc' dir='ltr'>χειρόνων</span> <span class='ocrx_word' id='word_1_195' title='bbox 2543 1345 2913 1416; x_wconf 83' lang='grc' dir='ltr'>μεταγομένης</span> <span class='ocrx_word' id='word_1_196' title='bbox 2937 1362 2950 1374; x_wconf 84' lang='grc'><strong>·</strong></span> <span class='ocrx_word' id='word_1_197' title='bbox 2974 1345 3073 1415; x_wconf 81' lang='grc' dir='ltr'>τῆς</span> <span class='ocrx_word' id='word_1_198' title='bbox 3095 1345 3172 1407; x_wconf 85' lang='grc' dir='ltr'><strong>δὲ,</strong></span> <span class='ocrx_word' id='word_1_199' title='bbox 3190 1347 3265 1408; x_wconf 83' lang='grc' dir='ltr'>ὡς</span> <span class='ocrx_word' id='word_1_200' title='bbox 3289 1344 3708 1415; x_wconf 72' lang='grc' dir='ltr'>μεταχθείσης⁹⁷</span> 
     </span>
    </p>
   </div>
   <div class='ocr_carea' id='block_1_30' title="bbox 2140 1438 3710 1509">
    <p class='ocr_par' dir='ltr' id='par_1_30' title="bbox 2140 1438 3710 1509">
     <span class='ocr_line' id='line_1_30' title="bbox 2140 1438 3710 1509; baseline -0.001 -18"><span class='ocrx_word' id='word_1_201' title='bbox 2140 1439 2258 1509; x_wconf 82' lang='grc' dir='ltr'>μὲν,</span> <span class='ocrx_word' id='word_1_202' title='bbox 2292 1438 2444 1491; x_wconf 80' lang='grc' dir='ltr'>οὔπω</span> <span class='ocrx_word' id='word_1_203' title='bbox 2471 1439 2529 1492; x_wconf 85' lang='grc' dir='ltr'>δὲ</span> <span class='ocrx_word' id='word_1_204' title='bbox 2555 1439 2615 1491; x_wconf 85' lang='grc' dir='ltr'><strong>τὸ</strong></span> <span class='ocrx_word' id='word_1_205' title='bbox 2647 1440 2934 1507; x_wconf 81' lang='grc' dir='ltr'>πανάγνως</span> <span class='ocrx_word' id='word_1_206' title='bbox 2976 1438 3369 1509; x_wconf 62' lang='grc' dir='ltr'>ἀνεπίστροᾳον</span> <span class='ocrx_word' id='word_1_207' title='bbox 3420 1440 3477 1490; x_wconf 87' lang='grc' dir='ltr'><strong>ἐν</strong></span> <span class='ocrx_word' id='word_1_208' title='bbox 3514 1438 3710 1490; x_wconf 86' lang='grc' dir='ltr'>Θειοτέ-</span> 
     </span>
    </p>
   </div>
   <div class='ocr_carea' id='block_1_31' title="bbox 2141 1531 3711 1607">
    <p class='ocr_par' dir='ltr' id='par_1_31' title="bbox 2141 1531 3711 1607">
     <span class='ocr_line' id='line_1_31' title="bbox 2141 1531 3711 1607; baseline 0 -20"><span class='ocrx_word' id='word_1_209' title='bbox 2141 1551 2261 1607; x_wconf 89' lang='grc' dir='ltr'>ραις</span> <span class='ocrx_word' id='word_1_210' title='bbox 2306 1534 2451 1601; x_wconf 73' lang='grc' dir='ltr'>ἕξεσι</span> <span class='ocrx_word' id='word_1_211' title='bbox 2502 1536 2596 1588; x_wconf 79' lang='grc' dir='ltr'><strong>καὶ</strong></span> <span class='ocrx_word' id='word_1_212' title='bbox 2646 1534 2962 1597; x_wconf 82' lang='grc' dir='ltr'>ἀσαλεύτοις</span> <span class='ocrx_word' id='word_1_213' title='bbox 3011 1535 3331 1605; x_wconf 86' lang='grc' dir='ltr'>ἐσχηκυίας.</span> <span class='ocrx_word' id='word_1_214' title='bbox 3388 1531 3566 1589; x_wconf 51' lang='lat' dir='ltr'><strong>Abeat</strong></span> <span class='ocrx_word' id='word_1_215' title='bbox 3607 1535 3711 1605; x_wconf 83' lang='grc' dir='ltr'><strong>γάρ</strong></span> 
     </span>
    </p>
   </div>
   <div class='ocr_carea' id='block_1_32' title="bbox 2138 1628 3711 1700">
    <p class='ocr_par' dir='ltr' id='par_1_32' title="bbox 2138 1628 3711 1700">
     <span class='ocr_line' id='line_1_32' title="bbox 2138 1628 3711 1700; baseline 0.001 -20"><span class='ocrx_word' id='word_1_216' title='bbox 2138 1630 2276 1681; x_wconf 82' lang='grc' dir='ltr'>εἰσιν</span> <span class='ocrx_word' id='word_1_217' title='bbox 2311 1630 2364 1681; x_wconf 90' lang='grc' dir='ltr'><strong>αἱ</strong></span> <span class='ocrx_word' id='word_1_218' title='bbox 2393 1628 2787 1699; x_wconf 89' lang='grc' dir='ltr'>καθαιρόμεναι</span> <span class='ocrx_word' id='word_1_219' title='bbox 2834 1628 3016 1692; x_wconf 79' lang='grc' dir='ltr'>τάξεις</span> <span class='ocrx_word' id='word_1_220' title='bbox 3053 1629 3157 1681; x_wconf 82' lang='grc' dir='ltr'><strong>ὑπὸ</strong></span> <span class='ocrx_word' id='word_1_221' title='bbox 3187 1629 3285 1697; x_wconf 79' lang='grc' dir='ltr'>τῆς</span> <span class='ocrx_word' id='word_1_222' title='bbox 3331 1628 3711 1700; x_wconf 77' lang='grc' dir='ltr'>λειτουργικῆς</span> 
     </span>
    </p>
   </div>
   <div class='ocr_carea' id='block_1_33' title="bbox 2143 1716 3709 1789">
    <p class='ocr_par' dir='ltr' id='par_1_33' title="bbox 2143 1716 3709 1789">
     <span class='ocr_line' id='line_1_33' title="bbox 2143 1716 3709 1789; baseline -0.001 -18"><span class='ocrx_word' id='word_1_223' title='bbox 2143 1716 2445 1789; x_wconf 81' lang='grc' dir='ltr'>μαιεύσεως</span> <span class='ocrx_word' id='word_1_224' title='bbox 2496 1718 2589 1770; x_wconf 79' lang='grc' dir='ltr'>καὶ</span> <span class='ocrx_word' id='word_1_225' title='bbox 2646 1717 2983 1789; x_wconf 67' lang='grc' dir='ltr'>καθαρτικῆς</span> <span class='ocrx_word' id='word_1_226' title='bbox 3033 1718 3344 1787; x_wconf 78' lang='grc' dir='ltr'>δυνάμεως’</span> <span class='ocrx_word' id='word_1_227' title='bbox 3403 1718 3612 1780; x_wconf 81' lang='grc' dir='ltr'>ταύτας</span> <span class='ocrx_word' id='word_1_228' title='bbox 3659 1720 3709 1770; x_wconf 75' lang='grc' dir='ltr'>οἱ</span> 
     </span>
    </p>
   </div>
   <div class='ocr_carea' id='block_1_34' title="bbox 460 1784 2032 1879">
    <p class='ocr_par' dir='ltr' id='par_1_34' title="bbox 460 1784 2032 1877">
     <span class='ocr_line' id='line_1_34' title="bbox 460 1784 2032 1877; baseline 0.004 -22"><span class='ocrx_word' id='word_1_229' title='bbox 460 1802 690 1858; x_wconf 88' lang='lat' dir='ltr'><strong>ministri</strong></span> <span class='ocrx_word' id='word_1_230' title='bbox 718 1805 889 1859; x_wconf 85' lang='lat' dir='ltr'><strong>sacris</strong></span> <span class='ocrx_word' id='word_1_231' title='bbox 918 1806 1029 1860; x_wconf 88' lang='lat' dir='ltr'><strong>suis</strong></span> <span class='ocrx_word' id='word_1_232' title='bbox 1057 1806 1346 1861; x_wconf 90' lang='lat' dir='ltr'><strong>virtutibus</strong></span> <span class='ocrx_word' id='word_1_233' title='bbox 1380 1784 1703 1875; x_wconf 79' lang='lat' dir='ltr'><strong>provehunt,</strong></span> <span class='ocrx_word' id='word_1_234' title='bbox 1724 1818 1781 1861; x_wconf 92' lang='lat' dir='ltr'><strong>ut</strong></span> <span class='ocrx_word' id='word_1_235' title='bbox 1802 1808 2032 1877; x_wconf 86' lang='lat' dir='ltr'><strong>perfecte</strong></span> 
     </span>
    </p>
   </div>
   <div class='ocr_carea' id='block_1_35' title="bbox 2138 1784 3711 1879">
    <p class='ocr_par' dir='ltr' id='par_1_35' title="bbox 2140 1784 3711 1879">
     <span class='ocr_line' id='line_1_35' title="bbox 2140 1784 3711 1879; baseline -0.001 -19"><span class='ocrx_word' id='word_1_236' title='bbox 2140 1784 2440 1879; x_wconf 69' lang='grc' dir='ltr'>λειτουργοὶ</span> <span class='ocrx_word' id='word_1_237' title='bbox 2470 1810 2590 1871; x_wconf 84' lang='grc' dir='ltr'>ταῖς</span> <span class='ocrx_word' id='word_1_238' title='bbox 2639 1784 2811 1878; x_wconf 82' lang='grc' dir='ltr'>ἱεραῖς</span> <span class='ocrx_word' id='word_1_239' title='bbox 2867 1784 3045 1862; x_wconf 79' lang='grc' dir='ltr'>αὐτῶν</span> <span class='ocrx_word' id='word_1_240' title='bbox 3098 1784 3354 1876; x_wconf 80' lang='grc' dir='ltr'>δυνάμεσι</span> <span class='ocrx_word' id='word_1_241' title='bbox 3409 1807 3711 1876; x_wconf 81' lang='grc' dir='ltr'>τελεσιουρ-</span> 
     </span>
    </p>
   </div>
   <div class='ocr_carea' id='block_1_36' title="bbox 461 1897 2032 1965">
    <p class='ocr_par' dir='ltr' id='par_1_36' title="bbox 461 1897 2032 1965">
     <span class='ocr_line' id='line_1_36' title="bbox 461 1897 2032 1965; baseline 0.005 -18"><span class='ocrx_word' id='word_1_242' title='bbox 461 1897 698 1965; x_wconf 75' lang='lat' dir='ltr'><strong>purgati,</strong></span> <span class='ocrx_word' id='word_1_243' title='bbox 737 1897 804 1950; x_wconf 92' lang='lat' dir='ltr'><strong>ad</strong></span> <span class='ocrx_word' id='word_1_244' title='bbox 848 1897 1246 1954; x_wconf 87' lang='lat' dir='ltr'><strong>illuminantem</strong></span> <span class='ocrx_word' id='word_1_245' title='bbox 1288 1900 1781 1955; x_wconf 87' lang='lat' dir='ltr'><strong>illustrissimorum</strong></span> <span class='ocrx_word' id='word_1_246' title='bbox 1817 1902 2032 1955; x_wconf 75' lang='lat' dir='ltr'><strong>sacriﬁ-</strong></span> 
     </span>
    </p>
   </div>
   <div class='ocr_carea' id='block_1_37' title="bbox 461 1988 2031 2059">
    <p class='ocr_par' dir='ltr' id='par_1_37' title="bbox 461 1988 2031 2059">
     <span class='ocr_line' id='line_1_37' title="bbox 461 1988 2031 2059; baseline 0.003 -16"><span class='ocrx_word' id='word_1_247' title='bbox 461 1988 670 2043; x_wconf 91' lang='lat' dir='ltr'><strong>ciorum</strong></span> <span class='ocrx_word' id='word_1_248' title='bbox 706 1990 1221 2059; x_wconf 85' lang='lat' dir='ltr'><strong>contemplationem</strong></span> <span class='ocrx_word' id='word_1_249' title='bbox 1264 2002 1323 2045; x_wconf 90' lang='lat' dir='ltr'><strong>et</strong></span> <span class='ocrx_word' id='word_1_250' title='bbox 1368 1993 1812 2047; x_wconf 89' lang='lat' dir='ltr'><strong>communionem</strong></span> <span class='ocrx_word' id='word_1_251' title='bbox 1847 1993 2031 2047; x_wconf 88' lang='lat' dir='ltr'><strong>tradu-</strong></span> 
     </span>
    </p>
   </div>
   <div class='ocr_carea' id='block_1_38' title="bbox 460 2092 865 2150">
    <p class='ocr_par' dir='ltr' id='par_1_38' title="bbox 460 2092 865 2150">
     <span class='ocr_line' id='line_1_38' title="bbox 460 2092 865 2150; baseline 0.005 -15"><span class='ocrx_word' id='word_1_252' title='bbox 460 2092 674 2135; x_wconf 90' lang='lat' dir='ltr'><strong>cantur.</strong></span> <span class='ocrx_word' id='word_1_253' title='bbox 832 2120 865 2150; x_wconf 73' lang='lat'><strong>,_</strong></span> 
     </span>
    </p>
   </div>
   <div class='ocr_carea' id='block_1_39' title="bbox 2135 1897 3713 1970">
    <p class='ocr_par' dir='ltr' id='par_1_39' title="bbox 2135 1897 3713 1970">
     <span class='ocr_line' id='line_1_39' title="bbox 2135 1897 3713 1970; baseline -0.003 -18"><span class='ocrx_word' id='word_1_254' title='bbox 2135 1900 2290 1967; x_wconf 77' lang='grc' dir='ltr'>γοῦσι</span> <span class='ocrx_word' id='word_1_255' title='bbox 2336 1899 2472 1970; x_wconf 81' lang='grc' dir='ltr'>πρὸς</span> <span class='ocrx_word' id='word_1_256' title='bbox 2518 1899 2578 1951; x_wconf 83' lang='grc' dir='ltr'>τὸ</span> <span class='ocrx_word' id='word_1_257' title='bbox 2624 1899 2821 1961; x_wconf 82' lang='grc' dir='ltr'>τελέως</span> <span class='ocrx_word' id='word_1_258' title='bbox 2855 1899 2901 1929; x_wconf 81' lang='grc'><strong>’⁸⁸</strong></span> <span class='ocrx_word' id='word_1_259' title='bbox 2936 1897 3364 1966; x_wconf 84' lang='grc' dir='ltr'>ἐκκαθαρθείσας</span> <span class='ocrx_word' id='word_1_260' title='bbox 3412 1897 3585 1958; x_wconf 76' lang='grc' dir='ltr'>αὑτάς</span> <span class='ocrx_word' id='word_1_261' title='bbox 3636 1899 3713 1956; x_wconf 85' lang='grc' dir='ltr'>εἰς</span> 
     </span>
    </p>
   </div>
   <div class='ocr_carea' id='block_1_40' title="bbox 2136 1987 3713 2062">
    <p class='ocr_par' dir='ltr' id='par_1_40' title="bbox 2136 1987 3713 2062">
     <span class='ocr_line' id='line_1_40' title="bbox 2136 1987 3713 2062; baseline -0.002 -18"><span class='ocrx_word' id='word_1_262' title='bbox 2136 1991 2233 2062; x_wconf 74' lang='grc' dir='ltr'>τὴν</span> <span class='ocrx_word' id='word_1_263' title='bbox 2267 1989 2595 2061; x_wconf 78' lang='grc' dir='ltr'>φωτιστικὴν</span> <span class='ocrx_word' id='word_1_264' title='bbox 2632 1988 2741 2042; x_wconf 88' lang='grc' dir='ltr'><strong>τῶν</strong></span> <span class='ocrx_word' id='word_1_265' title='bbox 2781 1990 3091 2058; x_wconf 77' lang='grc' dir='ltr'>φανοτάτων</span> <span class='ocrx_word' id='word_1_266' title='bbox 3134 1988 3451 2060; x_wconf 87' lang='grc' dir='ltr'>ἱερουργιῶν</span> <span class='ocrx_word' id='word_1_267' title='bbox 3480 1987 3713 2058; x_wconf 75' lang='grc' dir='ltr'>θεωρίαν</span> 
     </span>
    </p>
   </div>
   <div class='ocr_carea' id='block_1_41' title="bbox 2136 2082 3075 2154">
    <p class='ocr_par' dir='ltr' id='par_1_41' title="bbox 2136 2082 3075 2154">
     <span class='ocr_line' id='line_1_41' title="bbox 2136 2082 3075 2154; baseline -0.001 -19"><span class='ocrx_word' id='word_1_268' title='bbox 2136 2101 2195 2136; x_wconf 84' lang='grc' dir='ltr'><strong>τε</strong></span> <span class='ocrx_word' id='word_1_269' title='bbox 2220 2086 2313 2137; x_wconf 72' lang='grc' dir='ltr'>καὶ</span> <span class='ocrx_word' id='word_1_270' title='bbox 2340 2083 2621 2137; x_wconf 86' lang='grc' dir='ltr'>κοινωνίαν</span> <span class='ocrx_word' id='word_1_271' title='bbox 2654 2082 2989 2154; x_wconf 81' lang='grc' dir='ltr'>μεταχθῆναι</span> <span class='ocrx_word' id='word_1_272' title='bbox 3009 2083 3075 2134; x_wconf 66' lang='grc' dir='ltr'><strong>θ’.</strong></span> 
     </span>
    </p>
   </div>
   <div class='ocr_carea' id='block_1_42' title="bbox 2007 2262 2160 2335">
    <p class='ocr_par' dir='ltr' id='par_1_42' title="bbox 2007 2262 2160 2335">
     <span class='ocr_line' id='line_1_42' title="bbox 2007 2262 2160 2335; baseline 0.007 -15"><span class='ocrx_word' id='word_1_273' title='bbox 2007 2265 2033 2335; x_wconf 78' lang='lat'>§</span> <span class='ocrx_word' id='word_1_274' title='bbox 2082 2262 2160 2321; x_wconf 90' lang='lat' dir='ltr'><strong>II.</strong></span> 
     </span>
    </p>
   </div>
   <div class='ocr_carea' id='block_1_43' title="bbox 531 2465 2035 2536">
    <p class='ocr_par' dir='ltr' id='par_1_43' title="bbox 531 2465 2035 2536">
     <span class='ocr_line' id='line_1_43' title="bbox 531 2465 2035 2536; baseline -0.001 -15"><span class='ocrx_word' id='word_1_275' title='bbox 531 2467 740 2523; x_wconf 86' lang='lat' dir='ltr'><strong>Medius</strong></span> <span class='ocrx_word' id='word_1_276' title='bbox 771 2476 952 2522; x_wconf 89' lang='lat' dir='ltr'><strong>autem</strong></span> <span class='ocrx_word' id='word_1_277' title='bbox 983 2465 1117 2522; x_wconf 91' lang='lat' dir='ltr'><strong>ordo</strong></span> <span class='ocrx_word' id='word_1_278' title='bbox 1147 2476 1231 2522; x_wconf 88' lang='lat' dir='ltr'><strong>est</strong></span> <span class='ocrx_word' id='word_1_279' title='bbox 1260 2466 1308 2521; x_wconf 92' lang='lat' dir='ltr'><strong>is</strong></span> <span class='ocrx_word' id='word_1_280' title='bbox 1333 2466 1422 2536; x_wconf 91' lang='lat' dir='ltr'><strong>qui</strong></span> <span class='ocrx_word' id='word_1_281' title='bbox 1461 2481 1741 2521; x_wconf 88' lang='lat' dir='ltr'><strong>sacrorum</strong></span> <span class='ocrx_word' id='word_1_282' title='bbox 1773 2480 2035 2536; x_wconf 90' lang='lat' dir='ltr'><strong>quorum-</strong></span> 
     </span>
    </p>
   </div>
   <div class='ocr_carea' id='block_1_44' title="bbox 459 2559 2034 2630">
    <p class='ocr_par' dir='ltr' id='par_1_44' title="bbox 459 2559 2034 2630">
     <span class='ocr_line' id='line_1_44' title="bbox 459 2559 2034 2630; baseline -0.002 -15"><span class='ocrx_word' id='word_1_283' title='bbox 459 2561 585 2616; x_wconf 87' lang='lat' dir='ltr'><strong>dam</strong></span> <span class='ocrx_word' id='word_1_284' title='bbox 622 2569 842 2629; x_wconf 85' lang='lat' dir='ltr'><strong>aspectu</strong></span> <span class='ocrx_word' id='word_1_285' title='bbox 876 2559 1109 2630; x_wconf 78' lang='lat' dir='ltr'><strong>gaudet,</strong></span> <span class='ocrx_word' id='word_1_286' title='bbox 1142 2566 1303 2627; x_wconf 90' lang='lat' dir='ltr'><strong>atque</strong></span> <span class='ocrx_word' id='word_1_287' title='bbox 1333 2564 1646 2613; x_wconf 83' lang='lat' dir='ltr'><strong>eornmdem</strong></span> <span class='ocrx_word' id='word_1_288' title='bbox 1686 2574 1785 2629; x_wconf 93' lang='lat' dir='ltr'><strong>pro</strong></span> <span class='ocrx_word' id='word_1_289' title='bbox 1816 2560 2034 2613; x_wconf 86' lang='lat' dir='ltr'><strong>modqu</strong></span> 
     </span>
    </p>
   </div>
   <div class='ocr_carea' id='block_1_45' title="bbox 458 2650 2030 2721">
    <p class='ocr_par' dir='ltr' id='par_1_45' title="bbox 458 2650 2030 2721">
     <span class='ocr_line' id='line_1_45' title="bbox 458 2650 2030 2721; baseline -0.003 -14"><span class='ocrx_word' id='word_1_290' title='bbox 458 2667 557 2707; x_wconf 85' lang='lat' dir='ltr'><strong>suo</strong></span> <span class='ocrx_word' id='word_1_291' title='bbox 592 2653 643 2706; x_wconf 93' lang='lat' dir='ltr'><strong>in</strong></span> <span class='ocrx_word' id='word_1_292' title='bbox 675 2652 823 2705; x_wconf 92' lang='lat' dir='ltr'><strong>omni</strong></span> <span class='ocrx_word' id='word_1_293' title='bbox 846 2650 1079 2721; x_wconf 87' lang='lat' dir='ltr'><strong>puritate</strong></span> <span class='ocrx_word' id='word_1_294' title='bbox 1105 2650 1375 2719; x_wconf 86' lang='lat' dir='ltr'><strong>particeps</strong></span> <span class='ocrx_word' id='word_1_295' title='bbox 1403 2652 1640 2715; x_wconf 78' lang='lat' dir='ltr'><strong>exsistit,</strong></span> <span class='ocrx_word' id='word_1_296' title='bbox 1663 2652 1754 2718; x_wconf 86' lang='lat' dir='ltr'><strong>qui</strong></span> <span class='ocrx_word' id='word_1_297' title='bbox 1785 2651 2030 2714; x_wconf 88' lang='lat' dir='ltr'><strong>luminis,</strong></span> 
     </span>
    </p>
   </div>
   <div class='ocr_carea' id='block_1_46' title="bbox 460 2742 2031 2814">
    <p class='ocr_par' dir='ltr' id='par_1_46' title="bbox 460 2742 2031 2814">
     <span class='ocr_line' id='line_1_46' title="bbox 460 2742 2031 2814; baseline -0.001 -15"><span class='ocrx_word' id='word_1_298' title='bbox 460 2743 761 2814; x_wconf 87' lang='lat' dir='ltr'><strong>accipiendi</strong></span> <span class='ocrx_word' id='word_1_299' title='bbox 793 2742 969 2812; x_wconf 75' lang='lat' dir='ltr'><strong>gratia</strong></span> <span class='ocrx_word' id='word_1_300' title='bbox 1013 2743 1358 2797; x_wconf 88' lang='lat' dir='ltr'><strong>sacerdotum</strong></span> <span class='ocrx_word' id='word_1_301' title='bbox 1394 2757 1540 2797; x_wconf 83' lang='lat' dir='ltr'><strong>curae</strong></span> <span class='ocrx_word' id='word_1_302' title='bbox 1574 2752 1659 2797; x_wconf 91' lang='lat' dir='ltr'><strong>est</strong></span> <span class='ocrx_word' id='word_1_303' title='bbox 1692 2743 2031 2798; x_wconf 88' lang='lat' dir='ltr'><strong>commissus.</strong></span> 
     </span>
    </p>
   </div>
   <div class='ocr_carea' id='block_1_47' title="bbox 460 2835 2033 2906">
    <p class='ocr_par' dir='ltr' id='par_1_47' title="bbox 460 2835 2033 2906">
     <span class='ocr_line' id='line_1_47' title="bbox 460 2835 2033 2906; baseline -0.004 -13"><span class='ocrx_word' id='word_1_304' title='bbox 460 2837 816 2906; x_wconf 85' lang='lat' dir='ltr'><strong>Perspicuum</strong></span> <span class='ocrx_word' id='word_1_305' title='bbox 862 2844 946 2891; x_wconf 89' lang='lat' dir='ltr'><strong>est</strong></span> <span class='ocrx_word' id='word_1_306' title='bbox 992 2836 1137 2889; x_wconf 91' lang='lat' dir='ltr'><strong>enim</strong></span> <span class='ocrx_word' id='word_1_307' title='bbox 1161 2876 1177 2902; x_wconf 91' lang='lat'><strong>,</strong></span> <span class='ocrx_word' id='word_1_308' title='bbox 1216 2844 1275 2888; x_wconf 91' lang='lat' dir='ltr'><strong>ut</strong></span> <span class='ocrx_word' id='word_1_309' title='bbox 1306 2836 1567 2899; x_wconf 85' lang='lat' dir='ltr'><strong>arbitror,</strong></span> <span class='ocrx_word' id='word_1_310' title='bbox 1597 2835 1740 2889; x_wconf 91' lang='lat' dir='ltr'><strong>hunc</strong></span> <span class='ocrx_word' id='word_1_311' title='bbox 1788 2835 1855 2889; x_wconf 90' lang='lat' dir='ltr'><strong>ab</strong></span> <span class='ocrx_word' id='word_1_312' title='bbox 1888 2835 2033 2889; x_wconf 91' lang='lat' dir='ltr'><strong>omni</strong></span> 
     </span>
    </p>
   </div>
   <div class='ocr_carea' id='block_1_48' title="bbox 461 2928 2033 2997">
    <p class='ocr_par' dir='ltr' id='par_1_48' title="bbox 461 2928 2033 2997">
     <span class='ocr_line' id='line_1_48' title="bbox 461 2928 2033 2997; baseline 0 -15"><span class='ocrx_word' id='word_1_313' title='bbox 461 2929 584 2984; x_wconf 88' lang='lat' dir='ltr'><strong>labe</strong></span> <span class='ocrx_word' id='word_1_314' title='bbox 615 2928 823 2984; x_wconf 90' lang='lat' dir='ltr'><strong>nefaria</strong></span> <span class='ocrx_word' id='word_1_315' title='bbox 855 2929 1156 2997; x_wconf 77' lang='lat' dir='ltr'><strong>expiatum,</strong></span> <span class='ocrx_word' id='word_1_316' title='bbox 1187 2938 1242 2983; x_wconf 90' lang='lat' dir='ltr'><strong>et</strong></span> <span class='ocrx_word' id='word_1_317' title='bbox 1265 2938 1472 2982; x_wconf 87' lang='lat' dir='ltr'><strong>castam</strong></span> <span class='ocrx_word' id='word_1_318' title='bbox 1504 2936 1671 2997; x_wconf 88' lang='lat' dir='ltr'><strong>atque</strong></span> <span class='ocrx_word' id='word_1_319' title='bbox 1702 2928 2033 2983; x_wconf 87' lang='lat' dir='ltr'><strong>immobilem</strong></span> 
     </span>
    </p>
   </div>
   <div class='ocr_carea' id='block_1_49' title="bbox 462 3023 2033 3093">
    <p class='ocr_par' dir='ltr' id='par_1_49' title="bbox 462 3023 2033 3093">
     <span class='ocr_line' id='line_1_49' title="bbox 462 3023 2033 3093; baseline -0.002 -13"><span class='ocrx_word' id='word_1_320' title='bbox 462 3026 662 3080; x_wconf 88' lang='lat' dir='ltr'><strong>mentis</strong></span> <span class='ocrx_word' id='word_1_321' title='bbox 698 3040 812 3080; x_wconf 66' lang='lat' dir='ltr'><strong>suae</strong></span> <span class='ocrx_word' id='word_1_322' title='bbox 832 3026 1015 3080; x_wconf 89' lang='lat' dir='ltr'><strong>sedem</strong></span> <span class='ocrx_word' id='word_1_323' title='bbox 1041 3026 1316 3093; x_wconf 88' lang='lat' dir='ltr'><strong>adeptum,</strong></span> <span class='ocrx_word' id='word_1_324' title='bbox 1335 3025 1401 3078; x_wconf 83' lang='lat' dir='ltr'><strong>ad</strong></span> <span class='ocrx_word' id='word_1_325' title='bbox 1425 3024 1828 3093; x_wconf 87' lang='lat' dir='ltr'><strong>contemplandi</strong></span> <span class='ocrx_word' id='word_1_326' title='bbox 1856 3023 2033 3078; x_wconf 85' lang='lat' dir='ltr'><strong>scien-</strong></span> 
     </span>
    </p>
   </div>
   <div class='ocr_carea' id='block_1_50' title="bbox 466 3116 2032 3186">
    <p class='ocr_par' dir='ltr' id='par_1_50' title="bbox 466 3116 2032 3186">
     <span class='ocr_line' id='line_1_50' title="bbox 466 3116 2032 3186; baseline -0.002 -15"><span class='ocrx_word' id='word_1_327' title='bbox 466 3118 596 3172; x_wconf 91' lang='lat' dir='ltr'><strong>tiam</strong></span> <span class='ocrx_word' id='word_1_328' title='bbox 633 3125 799 3186; x_wconf 89' lang='lat' dir='ltr'><strong>alqne</strong></span> <span class='ocrx_word' id='word_1_329' title='bbox 828 3117 1083 3171; x_wconf 87' lang='lat' dir='ltr'><strong>virtutem</strong></span> <span class='ocrx_word' id='word_1_330' title='bbox 1120 3116 1465 3170; x_wconf 88' lang='lat' dir='ltr'><strong>sacerdotum</strong></span> <span class='ocrx_word' id='word_1_331' title='bbox 1502 3130 1666 3185; x_wconf 83' lang='lat' dir='ltr'><strong>Opera</strong></span> <span class='ocrx_word' id='word_1_332' title='bbox 1699 3116 2032 3184; x_wconf 87' lang='lat' dir='ltr'><strong>promoveri,</strong></span> 
     </span>
    </p>
   </div>
   <div class='ocr_carea' id='block_1_51' title="bbox 2205 2468 3718 2542">
    <p class='ocr_par' dir='ltr' id='par_1_51' title="bbox 2205 2468 3718 2542">
     <span class='ocr_line' id='line_1_51' title="bbox 2205 2468 3718 2542; baseline -0.003 -18"><span class='ocrx_word' id='word_1_333' title='bbox 2205 2470 2361 2542; x_wconf 83' lang='grc' dir='ltr'><strong>Μέση</strong></span> <span class='ocrx_word' id='word_1_334' title='bbox 2387 2470 2443 2524; x_wconf 84' lang='grc' dir='ltr'>δὲ</span> <span class='ocrx_word' id='word_1_335' title='bbox 2470 2470 2622 2537; x_wconf 77' lang='grc' dir='ltr'>τάξις</span> <span class='ocrx_word' id='word_1_336' title='bbox 2651 2471 2794 2523; x_wconf 76' lang='grc' dir='ltr'>ἐστὶν</span> <span class='ocrx_word' id='word_1_337' title='bbox 2823 2471 2857 2541; x_wconf 81' lang='grc' dir='ltr'>ὴ</span> <span class='ocrx_word' id='word_1_338' title='bbox 2888 2470 3193 2541; x_wconf 81' lang='grc' dir='ltr'>θεωρητικὴ</span> <span class='ocrx_word' id='word_1_339' title='bbox 3234 2469 3325 2522; x_wconf 89' lang='grc' dir='ltr'><strong>καί</strong></span> <span class='ocrx_word' id='word_1_340' title='bbox 3358 2486 3522 2521; x_wconf 89' lang='grc' dir='ltr'>τινων</span> <span class='ocrx_word' id='word_1_341' title='bbox 3556 2468 3718 2539; x_wconf 76' lang='grc' dir='ltr'>ἱερῶν</span> 
     </span>
    </p>
   </div>
   <div class='ocr_carea' id='block_1_52' title="bbox 2134 2560 3711 2634">
    <p class='ocr_par' dir='ltr' id='par_1_52' title="bbox 2134 2560 3711 2634">
     <span class='ocr_line' id='line_1_52' title="bbox 2134 2560 3711 2634; baseline -0.003 -20"><span class='ocrx_word' id='word_1_342' title='bbox 2134 2561 2413 2631; x_wconf 83' lang='grc' dir='ltr'>ἀναλόγως</span> <span class='ocrx_word' id='word_1_343' title='bbox 2465 2562 2524 2614; x_wconf 88' lang='grc' dir='ltr'><strong>ἐν</strong></span> <span class='ocrx_word' id='word_1_344' title='bbox 2578 2561 2911 2633; x_wconf 82' lang='grc' dir='ltr'>καθαρότητι</span> <span class='ocrx_word' id='word_1_345' title='bbox 2974 2563 3123 2634; x_wconf 84' lang='grc' dir='ltr'>πάσῃ</span> <span class='ocrx_word' id='word_1_346' title='bbox 3172 2560 3459 2623; x_wconf 84' lang='grc' dir='ltr'>κοινωνὸς,</span> <span class='ocrx_word' id='word_1_347' title='bbox 3507 2563 3542 2629; x_wconf 84' lang='grc' dir='ltr'>ὴ</span> <span class='ocrx_word' id='word_1_348' title='bbox 3597 2562 3711 2621; x_wconf 81' lang='grc' dir='ltr'>τοῖς</span> 
     </span>
    </p>
   </div>
   <div class='ocr_carea' id='block_1_53' title="bbox 2135 2650 3719 2724">
    <p class='ocr_par' dir='ltr' id='par_1_53' title="bbox 2135 2650 3719 2724">
     <span class='ocr_line' id='line_1_53' title="bbox 2135 2650 3719 2724; baseline -0.002 -20"><span class='ocrx_word' id='word_1_349' title='bbox 2135 2652 2370 2724; x_wconf 79' lang='grc' dir='ltr'>ἱερεῦσιν</span> <span class='ocrx_word' id='word_1_350' title='bbox 2409 2656 2488 2716; x_wconf 88' lang='grc' dir='ltr'><strong>εἱς</strong></span> <span class='ocrx_word' id='word_1_351' title='bbox 2529 2655 2591 2706; x_wconf 88' lang='grc' dir='ltr'><strong>τὸ</strong></span> <span class='ocrx_word' id='word_1_352' title='bbox 2635 2651 2888 2722; x_wconf 73' lang='grc' dir='ltr'>φωτίζειν</span> <span class='ocrx_word' id='word_1_353' title='bbox 2928 2653 3097 2723; x_wconf 79' lang='grc' dir='ltr'>αὐτὴν</span> <span class='ocrx_word' id='word_1_354' title='bbox 3138 2651 3566 2722; x_wconf 85' lang='grc' dir='ltr'>ἀπονεμηθεῖσα.</span> <span class='ocrx_word' id='word_1_355' title='bbox 3610 2650 3719 2703; x_wconf 71' lang='grc' dir='ltr'>Καὶ</span> 
     </span>
    </p>
   </div>
   <div class='ocr_carea' id='block_1_54' title="bbox 2132 2742 3721 2813">
    <p class='ocr_par' dir='ltr' id='par_1_54' title="bbox 2132 2742 3721 2813">
     <span class='ocr_line' id='line_1_54' title="bbox 2132 2742 3721 2813; baseline -0.001 -17"><span class='ocrx_word' id='word_1_356' title='bbox 2132 2744 2239 2813; x_wconf 91' lang='grc' dir='ltr'><strong>γάρ</strong></span> <span class='ocrx_word' id='word_1_357' title='bbox 2268 2744 2434 2805; x_wconf 88' lang='grc' dir='ltr'>ἐστιν,</span> <span class='ocrx_word' id='word_1_358' title='bbox 2465 2743 2540 2805; x_wconf 83' lang='grc' dir='ltr'>ὡς</span> <span class='ocrx_word' id='word_1_359' title='bbox 2572 2744 2725 2813; x_wconf 84' lang='grc' dir='ltr'>οἶμαι</span> <span class='ocrx_word' id='word_1_360' title='bbox 2745 2782 2759 2805; x_wconf 92' lang='grc'><strong>,</strong></span> <span class='ocrx_word' id='word_1_361' title='bbox 2787 2742 2967 2811; x_wconf 84' lang='grc' dir='ltr'>δῆλον,</span> <span class='ocrx_word' id='word_1_362' title='bbox 2995 2742 3070 2805; x_wconf 85' lang='grc' dir='ltr'>ὡς</span> <span class='ocrx_word' id='word_1_363' title='bbox 3099 2744 3131 2813; x_wconf 79' lang='grc' dir='ltr'><strong>ἡ</strong></span> <span class='ocrx_word' id='word_1_364' title='bbox 3170 2742 3505 2811; x_wconf 87' lang='grc' dir='ltr'>καθαρθείσα</span> <span class='ocrx_word' id='word_1_365' title='bbox 3537 2743 3721 2811; x_wconf 83' lang='grc' dir='ltr'>πάσης</span> 
     </span>
    </p>
   </div>
   <div class='ocr_carea' id='block_1_55' title="bbox 2131 2832 3719 2905">
    <p class='ocr_par' dir='ltr' id='par_1_55' title="bbox 2131 2832 3719 2905">
     <span class='ocr_line' id='line_1_55' title="bbox 2131 2832 3719 2905; baseline -0.001 -16"><span class='ocrx_word' id='word_1_366' title='bbox 2131 2835 2345 2905; x_wconf 84' lang='grc' dir='ltr'>ἀνιέρου</span> <span class='ocrx_word' id='word_1_367' title='bbox 2391 2834 2640 2905; x_wconf 83' lang='grc' dir='ltr'>κηλίδος,</span> <span class='ocrx_word' id='word_1_368' title='bbox 2695 2836 2787 2888; x_wconf 73' lang='grc' dir='ltr'>καὶ</span> <span class='ocrx_word' id='word_1_369' title='bbox 2845 2835 3115 2903; x_wconf 86' lang='grc' dir='ltr'>πάναγνον</span> <span class='ocrx_word' id='word_1_370' title='bbox 3163 2836 3425 2905; x_wconf 78' lang='grc' dir='ltr'><strong>ἐσχηκυῖα</strong></span> <span class='ocrx_word' id='word_1_371' title='bbox 3475 2832 3575 2903; x_wconf 74' lang='grc' dir='ltr'><strong>τὴν</strong></span> <span class='ocrx_word' id='word_1_372' title='bbox 3621 2835 3719 2887; x_wconf 72' lang='grc' dir='ltr'><strong>τοῦ</strong></span> 
     </span>
    </p>
   </div>
   <div class='ocr_carea' id='block_1_56' title="bbox 2131 2919 3720 2993">
    <p class='ocr_par' dir='ltr' id='par_1_56' title="bbox 2131 2919 3720 2993">
     <span class='ocr_line' id='line_1_56' title="bbox 2131 2919 3720 2993; baseline -0.004 -16"><span class='ocrx_word' id='word_1_373' title='bbox 2131 2924 2332 2978; x_wconf 81' lang='grc' dir='ltr'>οἰκείου</span> <span class='ocrx_word' id='word_1_374' title='bbox 2366 2924 2483 2987; x_wconf 79' lang='grc' dir='ltr'>νοὸς</span> <span class='ocrx_word' id='word_1_375' title='bbox 2526 2923 2780 2993; x_wconf 79' lang='grc' dir='ltr'>ἀκίνητον</span> <span class='ocrx_word' id='word_1_376' title='bbox 2816 2922 3044 2992; x_wconf 78' lang='grc' dir='ltr'>ἵδρυσιν,</span> <span class='ocrx_word' id='word_1_377' title='bbox 3085 2922 3179 2974; x_wconf 77' lang='grc' dir='ltr'><strong>ἐπὶ</strong></span> <span class='ocrx_word' id='word_1_378' title='bbox 3227 2922 3325 2991; x_wconf 84' lang='grc' dir='ltr'>τὴν</span> <span class='ocrx_word' id='word_1_379' title='bbox 3372 2919 3720 2990; x_wconf 74' lang='grc' dir='ltr'>θεωρητικὴν</span> 
     </span>
    </p>
   </div>
   <div class='ocr_carea' id='block_1_57' title="bbox 2132 3013 3721 3087">
    <p class='ocr_par' dir='ltr' id='par_1_57' title="bbox 2132 3013 3721 3087">
     <span class='ocr_line' id='line_1_57' title="bbox 2132 3013 3721 3087; baseline -0.004 -16"><span class='ocrx_word' id='word_1_380' title='bbox 2132 3017 2244 3083; x_wconf 74' lang='grc' dir='ltr'>ἕξιν</span> <span class='ocrx_word' id='word_1_381' title='bbox 2276 3019 2369 3070; x_wconf 77' lang='grc' dir='ltr'><strong>καὶ</strong></span> <span class='ocrx_word' id='word_1_382' title='bbox 2406 3016 2635 3087; x_wconf 82' lang='grc' dir='ltr'>δύναμιν</span> <span class='ocrx_word' id='word_1_383' title='bbox 2668 3014 3023 3087; x_wconf 87' lang='grc' dir='ltr'>ἱερουργικῶς</span> <span class='ocrx_word' id='word_1_384' title='bbox 3047 3013 3113 3045; x_wconf 82' lang='grc'><strong>¹⁰⁰</strong></span> <span class='ocrx_word' id='word_1_385' title='bbox 3144 3014 3457 3085; x_wconf 84' lang='grc' dir='ltr'>μετάγεται,</span> <span class='ocrx_word' id='word_1_386' title='bbox 3481 3014 3579 3065; x_wconf 75' lang='grc' dir='ltr'><strong>καὶ</strong></span> <span class='ocrx_word' id='word_1_387' title='bbox 3603 3030 3721 3065; x_wconf 84' lang='grc' dir='ltr'>κοι-</span> 
     </span>
    </p>
   </div>
   <div class='ocr_carea' id='block_1_58' title="bbox 2134 3106 3722 3178">
    <p class='ocr_par' dir='ltr' id='par_1_58' title="bbox 2134 3106 3722 3178">
     <span class='ocr_line' id='line_1_58' title="bbox 2134 3106 3722 3178; baseline -0.004 -15"><span class='ocrx_word' id='word_1_388' title='bbox 2134 3113 2293 3163; x_wconf 87' lang='grc' dir='ltr'>νωνεῖ</span> <span class='ocrx_word' id='word_1_389' title='bbox 2319 3113 2431 3173; x_wconf 88' lang='grc' dir='ltr'>τοῖς</span> <span class='ocrx_word' id='word_1_390' title='bbox 2462 3110 2580 3163; x_wconf 83' lang='grc' dir='ltr'>κατ’</span> <span class='ocrx_word' id='word_1_391' title='bbox 2622 3110 2792 3178; x_wconf 79' lang='grc' dir='ltr'>αὐτὴν</span> <span class='ocrx_word' id='word_1_392' title='bbox 2826 3108 3120 3169; x_wconf 87' lang='grc' dir='ltr'>θειοτάτοις</span> <span class='ocrx_word' id='word_1_393' title='bbox 3160 3106 3479 3176; x_wconf 79' lang='grc' dir='ltr'>συμϐόλοις,</span> <span class='ocrx_word' id='word_1_394' title='bbox 3510 3107 3572 3157; x_wconf 85' lang='grc' dir='ltr'><strong>ἐν</strong></span> <span class='ocrx_word' id='word_1_395' title='bbox 3601 3108 3722 3167; x_wconf 79' lang='grc' dir='ltr'>ταῖς</span> 
     </span>
    </p>
   </div>
   <div class='ocr_carea' id='block_1_59' title="bbox 461 3181 2032 3276">
    <p class='ocr_par' dir='ltr' id='par_1_59' title="bbox 461 3206 2031 3276">
     <span class='ocr_line' id='line_1_59' title="bbox 461 3206 2031 3276; baseline -0.003 -14"><span class='ocrx_word' id='word_1_396' title='bbox 461 3208 963 3276; x_wconf 89' lang='lat' dir='ltr'><strong>divinissimisque,</strong></span> <span class='ocrx_word' id='word_1_397' title='bbox 1018 3208 1215 3275; x_wconf 90' lang='lat' dir='ltr'><strong>quibus</strong></span> <span class='ocrx_word' id='word_1_398' title='bbox 1258 3207 1331 3260; x_wconf 89' lang='lat' dir='ltr'><strong>illi</strong></span> <span class='ocrx_word' id='word_1_399' title='bbox 1368 3206 1448 3261; x_wconf 88' lang='lat' dir='ltr'><strong>fas</strong></span> <span class='ocrx_word' id='word_1_400' title='bbox 1494 3215 1616 3270; x_wconf 91' lang='lat' dir='ltr'><strong>cst,</strong></span> <span class='ocrx_word' id='word_1_401' title='bbox 1669 3206 2031 3260; x_wconf 84' lang='lat' dir='ltr'><strong>sacramentis</strong></span> 
     </span>
    </p>
   </div>
   <div class='ocr_carea' id='block_1_60' title="bbox 2138 3181 3724 3276">
    <p class='ocr_par' dir='ltr' id='par_1_60' title="bbox 2138 3199 3724 3273">
     <span class='ocr_line' id='line_1_60' title="bbox 2138 3199 3724 3273; baseline -0.003 -18"><span class='ocrx_word' id='word_1_402' title='bbox 2138 3202 2389 3273; x_wconf 85' lang='grc' dir='ltr'>θεωρίαις</span> <span class='ocrx_word' id='word_1_403' title='bbox 2424 3201 2605 3255; x_wconf 76' lang='grc' dir='ltr'>αὐτῶν</span> <span class='ocrx_word' id='word_1_404' title='bbox 2654 3202 2746 3255; x_wconf 79' lang='grc' dir='ltr'><strong>καὶ</strong></span> <span class='ocrx_word' id='word_1_405' title='bbox 2782 3200 3109 3262; x_wconf 84' lang='grc' dir='ltr'>κοινωνίαις,</span> <span class='ocrx_word' id='word_1_406' title='bbox 3157 3199 3375 3269; x_wconf 81' lang='grc' dir='ltr'>ἁπάσης</span> <span class='ocrx_word' id='word_1_407' title='bbox 3427 3200 3581 3268; x_wconf 78' lang='grc' dir='ltr'>ἱερᾶς</span> <span class='ocrx_word' id='word_1_408' title='bbox 3632 3200 3724 3250; x_wconf 75' lang='grc' dir='ltr'>εὑ·-</span> 
     </span>
    </p>
   </div>
   <div class='ocr_carea' id='block_1_61' title="bbox 458 3297 2034 3367">
    <p class='ocr_par' dir='ltr' id='par_1_61' title="bbox 458 3297 2034 3367">
     <span class='ocr_line' id='line_1_61' title="bbox 458 3297 2034 3367; baseline -0.003 -13"><span class='ocrx_word' id='word_1_409' title='bbox 458 3299 901 3361; x_wconf 90' lang='lat' dir='ltr'><strong>communicare,</strong></span> <span class='ocrx_word' id='word_1_410' title='bbox 939 3298 991 3351; x_wconf 88' lang='lat' dir='ltr'><strong>in</strong></span> <span class='ocrx_word' id='word_1_411' title='bbox 1022 3312 1253 3367; x_wconf 88' lang='lat' dir='ltr'><strong>quorum</strong></span> <span class='ocrx_word' id='word_1_412' title='bbox 1296 3297 1849 3366; x_wconf 87' lang='lat' dir='ltr'><strong>contemplationibus</strong></span> <span class='ocrx_word' id='word_1_413' title='bbox 1882 3312 2034 3351; x_wconf 89' lang='lat' dir='ltr'><strong>com-</strong></span> 
     </span>
    </p>
   </div>
   <div class='ocr_carea' id='block_1_62' title="bbox 461 3388 2036 3459">
    <p class='ocr_par' dir='ltr' id='par_1_62' title="bbox 461 3388 2036 3459">
     <span class='ocr_line' id='line_1_62' title="bbox 461 3388 2036 3459; baseline -0.002 -14"><span class='ocrx_word' id='word_1_414' title='bbox 461 3390 920 3459; x_wconf 88' lang='lat' dir='ltr'><strong>mnnionibusque</strong></span> <span class='ocrx_word' id='word_1_415' title='bbox 953 3388 1103 3444; x_wconf 86' lang='lat' dir='ltr'><strong>omni</strong></span> <span class='ocrx_word' id='word_1_416' title='bbox 1147 3402 1305 3442; x_wconf 92' lang='lat' dir='ltr'><strong>sacro</strong></span> <span class='ocrx_word' id='word_1_417' title='bbox 1348 3388 1545 3457; x_wconf 77' lang='lat' dir='ltr'><strong>gaudio</strong></span> <span class='ocrx_word' id='word_1_418' title='bbox 1592 3389 1849 3459; x_wconf 89' lang='lat' dir='ltr'><strong>repletur,</strong></span> <span class='ocrx_word' id='word_1_419' title='bbox 1882 3399 1936 3443; x_wconf 89' lang='lat' dir='ltr'><strong>et</strong></span> <span class='ocrx_word' id='word_1_420' title='bbox 1967 3388 2036 3443; x_wconf 91' lang='lat' dir='ltr'><strong>ad</strong></span> 
     </span>
    </p>
   </div>
   <div class='ocr_carea' id='block_1_63' title="bbox 461 3480 2037 3551">
    <p class='ocr_par' dir='ltr' id='par_1_63' title="bbox 461 3480 2037 3551">
     <span class='ocr_line' id='line_1_63' title="bbox 461 3480 2037 3551; baseline -0.001 -16"><span class='ocrx_word' id='word_1_421' title='bbox 461 3481 701 3535; x_wconf 90' lang='lat' dir='ltr'><strong>divinum</strong></span> <span class='ocrx_word' id='word_1_422' title='bbox 731 3482 1044 3536; x_wconf 89' lang='lat' dir='ltr'><strong>eorumdem</strong></span> <span class='ocrx_word' id='word_1_423' title='bbox 1076 3480 1320 3535; x_wconf 72' lang='lat' dir='ltr'><strong>scientia:</strong></span> <span class='ocrx_word' id='word_1_424' title='bbox 1352 3495 1592 3534; x_wconf 89' lang='lat' dir='ltr'><strong>amorem</strong></span> <span class='ocrx_word' id='word_1_425' title='bbox 1627 3494 1725 3550; x_wconf 80' lang='lat' dir='ltr'><strong>per</strong></span> <span class='ocrx_word' id='word_1_426' title='bbox 1770 3482 2037 3551; x_wconf 79' lang='lat' dir='ltr'><strong>anagogi-</strong></span> 
     </span>
    </p>
   </div>
   <div class='ocr_carea' id='block_1_64' title="bbox 460 3574 2038 3645">
    <p class='ocr_par' dir='ltr' id='par_1_64' title="bbox 460 3574 2038 3645">
     <span class='ocr_line' id='line_1_64' title="bbox 460 3574 2038 3645; baseline 0.002 -19"><span class='ocrx_word' id='word_1_427' title='bbox 460 3587 552 3627; x_wconf 82' lang='lat' dir='ltr'><strong>cas</strong></span> <span class='ocrx_word' id='word_1_428' title='bbox 584 3574 815 3627; x_wconf 90' lang='lat' dir='ltr'><strong>virtutes</strong></span> <span class='ocrx_word' id='word_1_429' title='bbox 846 3588 942 3643; x_wconf 90' lang='lat' dir='ltr'><strong>pro</strong></span> <span class='ocrx_word' id='word_1_430' title='bbox 968 3574 1109 3628; x_wconf 89' lang='lat' dir='ltr'><strong>virili</strong></span> <span class='ocrx_word' id='word_1_431' title='bbox 1144 3589 1244 3628; x_wconf 88' lang='lat' dir='ltr'><strong>suo</strong></span> <span class='ocrx_word' id='word_1_432' title='bbox 1274 3575 1545 3629; x_wconf 86' lang='lat' dir='ltr'><strong>subvolat.</strong></span> <span class='ocrx_word' id='word_1_433' title='bbox 1582 3574 1733 3630; x_wconf 88' lang='lat' dir='ltr'><strong>llunc</strong></span> <span class='ocrx_word' id='word_1_434' title='bbox 1762 3591 1891 3645; x_wconf 82' lang='lat' dir='ltr'><strong>ergo</strong></span> <span class='ocrx_word' id='word_1_435' title='bbox 1915 3592 2038 3629; x_wconf 87' lang='lat' dir='ltr'><strong>san-</strong></span> 
     </span>
    </p>
   </div>
   <div class='ocr_carea' id='block_1_65' title="bbox 459 3664 2039 3736">
    <p class='ocr_par' dir='ltr' id='par_1_65' title="bbox 459 3664 2039 3736">
     <span class='ocr_line' id='line_1_65' title="bbox 459 3664 2039 3736; baseline 0 -16"><span class='ocrx_word' id='word_1_436' title='bbox 459 3671 565 3720; x_wconf 63' lang='lat' dir='ltr'><strong>ctae</strong></span> <span class='ocrx_word' id='word_1_437' title='bbox 591 3664 764 3733; x_wconf 90' lang='lat' dir='ltr'><strong>plebis</strong></span> <span class='ocrx_word' id='word_1_438' title='bbox 790 3665 1040 3719; x_wconf 89' lang='lat' dir='ltr'><strong>ordinem</strong></span> <span class='ocrx_word' id='word_1_439' title='bbox 1066 3665 1307 3735; x_wconf 90' lang='lat' dir='ltr'><strong>appello;</strong></span> <span class='ocrx_word' id='word_1_440' title='bbox 1346 3667 1546 3736; x_wconf 90' lang='lat' dir='ltr'><strong>quippe</strong></span> <span class='ocrx_word' id='word_1_441' title='bbox 1578 3667 1669 3736; x_wconf 92' lang='lat' dir='ltr'><strong>qui</strong></span> <span class='ocrx_word' id='word_1_442' title='bbox 1703 3682 1797 3735; x_wconf 90' lang='lat' dir='ltr'><strong>per</strong></span> <span class='ocrx_word' id='word_1_443' title='bbox 1823 3681 2039 3721; x_wconf 89' lang='lat' dir='ltr'><strong>omnem</strong></span> 
     </span>
    </p>
   </div>
   <div class='ocr_carea' id='block_1_66' title="bbox 460 3752 2040 3826">
    <p class='ocr_par' dir='ltr' id='par_1_66' title="bbox 460 3752 2040 3826">
     <span class='ocr_line' id='line_1_66' title="bbox 460 3752 2040 3826; baseline 0.003 -21"><span class='ocrx_word' id='word_1_444' title='bbox 460 3752 831 3819; x_wconf 83' lang='lat' dir='ltr'><strong>expiationem</strong></span> <span class='ocrx_word' id='word_1_445' title='bbox 862 3766 927 3806; x_wconf 88' lang='lat' dir='ltr'><strong>eo</strong></span> <span class='ocrx_word' id='word_1_446' title='bbox 954 3757 1280 3822; x_wconf 90' lang='lat' dir='ltr'><strong>pervenerit,</strong></span> <span class='ocrx_word' id='word_1_447' title='bbox 1312 3765 1370 3808; x_wconf 89' lang='lat' dir='ltr'><strong>ut</strong></span> <span class='ocrx_word' id='word_1_448' title='bbox 1400 3764 1753 3810; x_wconf 90' lang='lat' dir='ltr'><strong>sacrosancto</strong></span> <span class='ocrx_word' id='word_1_449' title='bbox 1783 3769 2040 3826; x_wconf 73' lang='lat' dir='ltr'><strong>prazstan-</strong></span> 
     </span>
    </p>
   </div>
   <div class='ocr_carea' id='block_1_67' title="bbox 464 3842 2036 3914">
    <p class='ocr_par' dir='ltr' id='par_1_67' title="bbox 464 3842 2036 3914">
     <span class='ocr_line' id='line_1_67' title="bbox 464 3842 2036 3914; baseline 0.005 -21"><span class='ocrx_word' id='word_1_450' title='bbox 464 3842 798 3896; x_wconf 84' lang='lat' dir='ltr'><strong>tissimorum</strong></span> <span class='ocrx_word' id='word_1_451' title='bbox 816 3852 1282 3898; x_wconf 83' lang='lat' dir='ltr'><strong>sacramentorum</strong></span> <span class='ocrx_word' id='word_1_452' title='bbox 1312 3842 1528 3914; x_wconf 89' lang='lat' dir='ltr'><strong>aspectu</strong></span> <span class='ocrx_word' id='word_1_453' title='bbox 1555 3854 1609 3901; x_wconf 88' lang='lat' dir='ltr'><strong>et</strong></span> <span class='ocrx_word' id='word_1_454' title='bbox 1631 3848 2036 3913; x_wconf 88' lang='lat' dir='ltr'><strong>communione,</strong></span> 
     </span>
    </p>
   </div>
   <div class='ocr_carea' id='block_1_68' title="bbox 462 3934 1563 4005">
    <p class='ocr_par' dir='ltr' id='par_1_68' title="bbox 462 3934 1563 4005">
     <span class='ocr_line' id='line_1_68' title="bbox 462 3934 1563 4005; baseline 0.003 -18"><span class='ocrx_word' id='word_1_455' title='bbox 462 3942 726 4005; x_wconf 89' lang='lat' dir='ltr'><strong>quantum</strong></span> <span class='ocrx_word' id='word_1_456' title='bbox 762 3934 845 3990; x_wconf 85' lang='lat' dir='ltr'><strong>fas</strong></span> <span class='ocrx_word' id='word_1_457' title='bbox 870 3943 972 4002; x_wconf 90' lang='lat' dir='ltr'><strong>est,</strong></span> <span class='ocrx_word' id='word_1_458' title='bbox 1002 3937 1198 4005; x_wconf 78' lang='lat' dir='ltr'><strong>dignus</strong></span> <span class='ocrx_word' id='word_1_459' title='bbox 1227 3938 1298 3992; x_wconf 89' lang='lat' dir='ltr'><strong>sit</strong></span> <span class='ocrx_word' id='word_1_460' title='bbox 1326 3937 1563 3992; x_wconf 88' lang='lat' dir='ltr'><strong>habitus.</strong></span> 
     </span>
    </p>
   </div>
   <div class='ocr_carea' id='block_1_69' title="bbox 2133 3291 3724 3369">
    <p class='ocr_par' dir='ltr' id='par_1_69' title="bbox 2133 3291 3724 3369">
     <span class='ocr_line' id='line_1_69' title="bbox 2133 3291 3724 3369; baseline -0.004 -20"><span class='ocrx_word' id='word_1_461' title='bbox 2133 3295 2406 3369; x_wconf 77' lang='grc' dir='ltr'>φροσύνης</span> <span class='ocrx_word' id='word_1_462' title='bbox 2440 3295 2900 3367; x_wconf 85' lang='grc' dir='ltr'>ἀποπληρουμένη</span> <span class='ocrx_word' id='word_1_463' title='bbox 2923 3332 2937 3356; x_wconf 92' lang='grc'><strong>,</strong></span> <span class='ocrx_word' id='word_1_464' title='bbox 2985 3295 3079 3346; x_wconf 76' lang='grc' dir='ltr'>καὶ</span> <span class='ocrx_word' id='word_1_465' title='bbox 3125 3293 3261 3365; x_wconf 78' lang='grc' dir='ltr'>πρὸς</span> <span class='ocrx_word' id='word_1_466' title='bbox 3295 3292 3386 3345; x_wconf 82' lang='grc' dir='ltr'><strong>τὸν</strong></span> <span class='ocrx_word' id='word_1_467' title='bbox 3425 3292 3572 3345; x_wconf 82' lang='grc' dir='ltr'>θεῖον</span> <span class='ocrx_word' id='word_1_468' title='bbox 3618 3291 3724 3361; x_wconf 69' lang='grc' dir='ltr'>τῆς</span> 
     </span>
    </p>
   </div>
   <div class='ocr_carea' id='block_1_70' title="bbox 2134 3386 3723 3462">
    <p class='ocr_par' dir='ltr' id='par_1_70' title="bbox 2134 3386 3723 3462">
     <span class='ocr_line' id='line_1_70' title="bbox 2134 3386 3723 3462; baseline -0.003 -20"><span class='ocrx_word' id='word_1_469' title='bbox 2134 3391 2442 3461; x_wconf 76' lang='grc' dir='ltr'>ἐπιστήμης</span> <span class='ocrx_word' id='word_1_470' title='bbox 2489 3388 2667 3442; x_wconf 73' lang='grc' dir='ltr'>αὐτῶν</span> <span class='ocrx_word' id='word_1_471' title='bbox 2714 3390 2893 3462; x_wconf 76' lang='grc' dir='ltr'>ἔρωτα</span> <span class='ocrx_word' id='word_1_472' title='bbox 2947 3393 3068 3453; x_wconf 85' lang='grc' dir='ltr'>ταῖς</span> <span class='ocrx_word' id='word_1_473' title='bbox 3121 3388 3495 3456; x_wconf 85' lang='grc' dir='ltr'>ἀναγωγικαῖς</span> <span class='ocrx_word' id='word_1_474' title='bbox 3537 3386 3723 3438; x_wconf 73' lang='grc' dir='ltr'>αὐτῶν</span> 
     </span>
    </p>
   </div>
   <div class='ocr_carea' id='block_1_71' title="bbox 2132 3480 3723 3555">
    <p class='ocr_par' dir='ltr' id='par_1_71' title="bbox 2132 3480 3723 3555">
     <span class='ocr_line' id='line_1_71' title="bbox 2132 3480 3723 3555; baseline -0.003 -18"><span class='ocrx_word' id='word_1_475' title='bbox 2132 3484 2424 3555; x_wconf 88' lang='grc' dir='ltr'>δυνάμεσιν</span> <span class='ocrx_word' id='word_1_476' title='bbox 2486 3484 2764 3552; x_wconf 86' lang='grc' dir='ltr'>ἀναλόγως</span> <span class='ocrx_word' id='word_1_477' title='bbox 2820 3484 3289 3554; x_wconf 82' lang='grc' dir='ltr'>ἀναπτερουμένη.</span> <span class='ocrx_word' id='word_1_478' title='bbox 3335 3481 3553 3550; x_wconf 72' lang='grc' dir='ltr'>Ταύτην</span> <span class='ocrx_word' id='word_1_479' title='bbox 3609 3480 3723 3548; x_wconf 80' lang='grc' dir='ltr'>ἐγώ</span> 
     </span>
    </p>
   </div>
   <div class='ocr_carea' id='block_1_72' title="bbox 2136 3572 3721 3649">
    <p class='ocr_par' dir='ltr' id='par_1_72' title="bbox 2136 3572 3721 3649">
     <span class='ocr_line' id='line_1_72' title="bbox 2136 3572 3721 3649; baseline -0.003 -20"><span class='ocrx_word' id='word_1_480' title='bbox 2136 3594 2276 3648; x_wconf 77' lang='grc' dir='ltr'>φημι</span> <span class='ocrx_word' id='word_1_481' title='bbox 2309 3577 2407 3649; x_wconf 79' lang='grc' dir='ltr'>τὴν</span> <span class='ocrx_word' id='word_1_482' title='bbox 2433 3578 2527 3631; x_wconf 81' lang='grc' dir='ltr'>τοῦ</span> <span class='ocrx_word' id='word_1_483' title='bbox 2565 3576 2710 3649; x_wconf 81' lang='grc' dir='ltr'>ίεροῦ</span> <span class='ocrx_word' id='word_1_484' title='bbox 2748 3577 2878 3630; x_wconf 77' lang='grc' dir='ltr'>λαοῦ</span> <span class='ocrx_word' id='word_1_485' title='bbox 2920 3577 3094 3642; x_wconf 79' lang='grc' dir='ltr'>τάξιν,</span> <span class='ocrx_word' id='word_1_486' title='bbox 3137 3577 3211 3638; x_wconf 84' lang='grc' dir='ltr'>ὡς</span> <span class='ocrx_word' id='word_1_487' title='bbox 3248 3572 3334 3627; x_wconf 75' lang='grc' dir='ltr'>διὰ</span> <span class='ocrx_word' id='word_1_488' title='bbox 3379 3573 3558 3643; x_wconf 80' lang='grc' dir='ltr'>πάσης</span> <span class='ocrx_word' id='word_1_489' title='bbox 3591 3573 3721 3643; x_wconf 79' lang='grc' dir='ltr'>ἐλη-</span> 
     </span>
    </p>
   </div>
   <div class='ocr_carea' id='block_1_73' title="bbox 2137 3664 3722 3738">
    <p class='ocr_par' dir='ltr' id='par_1_73' title="bbox 2137 3664 3722 3738">
     <span class='ocr_line' id='line_1_73' title="bbox 2137 3664 3722 3738; baseline -0.004 -19"><span class='ocrx_word' id='word_1_490' title='bbox 2137 3666 2362 3720; x_wconf 84' lang='grc' dir='ltr'>λυθυῖαν</span> <span class='ocrx_word' id='word_1_491' title='bbox 2408 3668 2757 3738; x_wconf 85' lang='grc' dir='ltr'>καθάρσεως,</span> <span class='ocrx_word' id='word_1_492' title='bbox 2794 3667 2887 3719; x_wconf 70' lang='grc' dir='ltr'>καὶ</span> <span class='ocrx_word' id='word_1_493' title='bbox 2920 3666 3020 3736; x_wconf 82' lang='grc' dir='ltr'>τῆς</span> <span class='ocrx_word' id='word_1_494' title='bbox 3066 3666 3215 3737; x_wconf 81' lang='grc' dir='ltr'>ἱερᾶς</span> <span class='ocrx_word' id='word_1_495' title='bbox 3248 3666 3356 3716; x_wconf 90' lang='grc' dir='ltr'><strong>τῶν</strong></span> <span class='ocrx_word' id='word_1_496' title='bbox 3404 3664 3722 3732; x_wconf 80' lang='grc' dir='ltr'>φανοτάτων</span> 
     </span>
    </p>
   </div>
   <div class='ocr_carea' id='block_1_74' title="bbox 2136 3752 3716 3830">
    <p class='ocr_par' dir='ltr' id='par_1_74' title="bbox 2136 3752 3716 3830">
     <span class='ocr_line' id='line_1_74' title="bbox 2136 3752 3716 3830; baseline -0.002 -20"><span class='ocrx_word' id='word_1_497' title='bbox 2136 3758 2368 3813; x_wconf 86' lang='grc' dir='ltr'>τελετῶν</span> <span class='ocrx_word' id='word_1_498' title='bbox 2404 3759 2632 3830; x_wconf 58' lang='grc' dir='ltr'>ἐπαῲίας</span> <span class='ocrx_word' id='word_1_499' title='bbox 2665 3760 2758 3813; x_wconf 78' lang='grc' dir='ltr'>καὶ</span> <span class='ocrx_word' id='word_1_500' title='bbox 2806 3758 3111 3823; x_wconf 83' lang='grc' dir='ltr'>κοινωνίας,</span> <span class='ocrx_word' id='word_1_501' title='bbox 3135 3757 3209 3821; x_wconf 85' lang='grc' dir='ltr'>ὡς</span> <span class='ocrx_word' id='word_1_502' title='bbox 3257 3755 3507 3827; x_wconf 84' lang='grc' dir='ltr'>θεμιτὸν,</span> <span class='ocrx_word' id='word_1_503' title='bbox 3549 3752 3716 3823; x_wconf 68' lang='grc' dir='ltr'>ἠξιω-</span> 
     </span>
    </p>
   </div>
   <div class='ocr_carea' id='block_1_75' title="bbox 2140 3852 2323 3923">
    <p class='ocr_par' dir='ltr' id='par_1_75' title="bbox 2140 3852 2323 3923">
     <span class='ocr_line' id='line_1_75' title="bbox 2140 3852 2323 3923; baseline 0 -18"><span class='ocrx_word' id='word_1_504' title='bbox 2140 3852 2323 3923; x_wconf 84' lang='grc' dir='ltr'>μένην.</span> 
     </span>
    </p>
   </div>
   <div class='ocr_carea' id='block_1_76' title="bbox 1993 4102 2174 4177">
    <p class='ocr_par' dir='ltr' id='par_1_76' title="bbox 1993 4102 2174 4177">
     <span class='ocr_line' id='line_1_76' title="bbox 1993 4102 2174 4177; baseline 0 -14"><span class='ocrx_word' id='word_1_505' title='bbox 1993 4105 2020 4177; x_wconf 79' lang='lat'>§</span> <span class='ocrx_word' id='word_1_506' title='bbox 2062 4102 2174 4163; x_wconf 86' lang='grc' dir='ltr'><strong>ΠΙ.</strong></span> 
     </span>
    </p>
   </div>
   <div class='ocr_carea' id='block_1_77' title="bbox 534 4287 2033 4363">
    <p class='ocr_par' dir='ltr' id='par_1_77' title="bbox 534 4287 2033 4363">
     <span class='ocr_line' id='line_1_77' title="bbox 534 4287 2033 4363; baseline 0.002 -20"><span class='ocrx_word' id='word_1_507' title='bbox 534 4287 790 4344; x_wconf 89' lang='lat' dir='ltr'><strong>Summus</strong></span> <span class='ocrx_word' id='word_1_508' title='bbox 810 4302 943 4345; x_wconf 90' lang='lat' dir='ltr'><strong>vero</strong></span> <span class='ocrx_word' id='word_1_509' title='bbox 962 4305 1149 4345; x_wconf 91' lang='lat' dir='ltr'><strong>eorum</strong></span> <span class='ocrx_word' id='word_1_510' title='bbox 1180 4293 1420 4347; x_wconf 88' lang='lat' dir='ltr'><strong>omnium</strong></span> <span class='ocrx_word' id='word_1_511' title='bbox 1449 4292 1540 4362; x_wconf 88' lang='lat' dir='ltr'><strong>qui</strong></span> <span class='ocrx_word' id='word_1_512' title='bbox 1572 4291 1925 4363; x_wconf 83' lang='lat' dir='ltr'><strong>perficiuntur</strong></span> <span class='ocrx_word' id='word_1_513' title='bbox 1948 4300 2033 4346; x_wconf 90' lang='lat' dir='ltr'><strong>est</strong></span> 
     </span>
    </p>
   </div>
   <div class='ocr_carea' id='block_1_78' title="bbox 459 4382 2028 4452">
    <p class='ocr_par' dir='ltr' id='par_1_78' title="bbox 459 4382 2028 4452">
     <span class='ocr_line' id='line_1_78' title="bbox 459 4382 2028 4452; baseline 0 -17"><span class='ocrx_word' id='word_1_514' title='bbox 459 4382 598 4435; x_wconf 91' lang='lat' dir='ltr'><strong>ordo</strong></span> <span class='ocrx_word' id='word_1_515' title='bbox 621 4397 778 4436; x_wconf 86' lang='lat' dir='ltr'><strong>sacer</strong></span> <span class='ocrx_word' id='word_1_516' title='bbox 804 4384 1218 4449; x_wconf 88' lang='lat' dir='ltr'><strong>monachorum,</strong></span> <span class='ocrx_word' id='word_1_517' title='bbox 1252 4400 1372 4438; x_wconf 90' lang='lat' dir='ltr'><strong>cum</strong></span> <span class='ocrx_word' id='word_1_518' title='bbox 1404 4395 1459 4439; x_wconf 90' lang='lat' dir='ltr'><strong>et</strong></span> <span class='ocrx_word' id='word_1_519' title='bbox 1482 4384 1627 4438; x_wconf 89' lang='lat' dir='ltr'><strong>omni</strong></span> <span class='ocrx_word' id='word_1_520' title='bbox 1658 4384 1892 4452; x_wconf 90' lang='lat' dir='ltr'><strong>piaculo,</strong></span> <span class='ocrx_word' id='word_1_521' title='bbox 1921 4394 2028 4437; x_wconf 84' lang='lat' dir='ltr'><strong>tota</strong></span> 
     </span>
    </p>
   </div>
   <div class='ocr_carea' id='block_1_79' title="bbox 462 4477 2033 4546">
    <p class='ocr_par' dir='ltr' id='par_1_79' title="bbox 462 4477 2033 4546">
     <span class='ocr_line' id='line_1_79' title="bbox 462 4477 2033 4546; baseline 0.001 -20"><span class='ocrx_word' id='word_1_522' title='bbox 462 4477 536 4540; x_wconf 90' lang='lat' dir='ltr'><strong>vi,</strong></span> <span class='ocrx_word' id='word_1_523' title='bbox 565 4477 828 4546; x_wconf 90' lang='lat' dir='ltr'><strong>omnique</strong></span> <span class='ocrx_word' id='word_1_524' title='bbox 856 4477 1132 4533; x_wconf 90' lang='lat' dir='ltr'><strong>actionum</strong></span> <span class='ocrx_word' id='word_1_525' title='bbox 1176 4493 1397 4532; x_wconf 90' lang='lat' dir='ltr'><strong>suarum</strong></span> <span class='ocrx_word' id='word_1_526' title='bbox 1442 4477 1797 4531; x_wconf 87' lang='lat' dir='ltr'><strong>sanctimonia</strong></span> <span class='ocrx_word' id='word_1_527' title='bbox 1838 4477 2033 4529; x_wconf 79' lang='lat' dir='ltr'><strong>sitex-</strong></span> 
     </span>
    </p>
   </div>
   <div class='ocr_carea' id='block_1_80' title="bbox 458 4565 2032 4638">
    <p class='ocr_par' dir='ltr' id='par_1_80' title="bbox 458 4565 2032 4638">
     <span class='ocr_line' id='line_1_80' title="bbox 458 4565 2032 4638; baseline 0 -19"><span class='ocrx_word' id='word_1_528' title='bbox 458 4568 663 4637; x_wconf 79' lang='lat' dir='ltr'><strong>piatus,</strong></span> <span class='ocrx_word' id='word_1_529' title='bbox 701 4577 758 4622; x_wconf 92' lang='lat' dir='ltr'><strong>et</strong></span> <span class='ocrx_word' id='word_1_530' title='bbox 789 4568 964 4623; x_wconf 90' lang='lat' dir='ltr'><strong>omnis</strong></span> <span class='ocrx_word' id='word_1_531' title='bbox 1002 4569 1280 4638; x_wconf 87' lang='lat' dir='ltr'><strong>mysterii,</strong></span> <span class='ocrx_word' id='word_1_532' title='bbox 1311 4568 1452 4637; x_wconf 88' lang='lat' dir='ltr'><strong>quod</strong></span> <span class='ocrx_word' id='word_1_533' title='bbox 1485 4568 1705 4636; x_wconf 86' lang='lat' dir='ltr'><strong>quidem</strong></span> <span class='ocrx_word' id='word_1_534' title='bbox 1750 4567 1799 4621; x_wconf 89' lang='lat' dir='ltr'><strong>ei</strong></span> <span class='ocrx_word' id='word_1_535' title='bbox 1848 4565 1928 4620; x_wconf 88' lang='lat' dir='ltr'><strong>fas</strong></span> <span class='ocrx_word' id='word_1_536' title='bbox 1962 4566 2032 4619; x_wconf 91' lang='lat' dir='ltr'><strong>sit</strong></span> 
     </span>
    </p>
   </div>
   <div class='ocr_carea' id='block_1_81' title="bbox 464 4660 2035 4731">
    <p class='ocr_par' dir='ltr' id='par_1_81' title="bbox 464 4660 2035 4731">
     <span class='ocr_line' id='line_1_81' title="bbox 464 4660 2035 4731; baseline 0.001 -20"><span class='ocrx_word' id='word_1_537' title='bbox 464 4660 744 4729; x_wconf 86' lang='lat' dir='ltr'><strong>aspicere,</strong></span> <span class='ocrx_word' id='word_1_538' title='bbox 797 4672 1070 4729; x_wconf 81' lang='lat' dir='ltr'><strong>spectator</strong></span> <span class='ocrx_word' id='word_1_539' title='bbox 1110 4662 1489 4731; x_wconf 87' lang='lat' dir='ltr'><strong>particepsque</strong></span> <span class='ocrx_word' id='word_1_540' title='bbox 1522 4660 1591 4714; x_wconf 88' lang='lat' dir='ltr'><strong>sit</strong></span> <span class='ocrx_word' id='word_1_541' title='bbox 1633 4662 1830 4727; x_wconf 75' lang='lat' dir='ltr'><strong>factus,</strong></span> <span class='ocrx_word' id='word_1_542' title='bbox 1865 4661 2035 4713; x_wconf 79' lang='lat' dir='ltr'><strong>tradi-</strong></span> 
     </span>
    </p>
   </div>
   <div class='ocr_carea' id='block_1_82' title="bbox 462 4739 2034 4823">
    <p class='ocr_par' dir='ltr' id='par_1_82' title="bbox 462 4739 2034 4823">
     <span class='ocr_line' id='line_1_82' title="bbox 462 4739 2034 4823; baseline 0 -19"><span class='ocrx_word' id='word_1_543' title='bbox 462 4761 662 4822; x_wconf 90' lang='lat' dir='ltr'><strong>tusque</strong></span> <span class='ocrx_word' id='word_1_544' title='bbox 706 4755 1009 4823; x_wconf 85' lang='lat' dir='ltr'><strong>perficienti</strong></span> <span class='ocrx_word' id='word_1_545' title='bbox 1060 4756 1377 4823; x_wconf 84' lang='lat' dir='ltr'><strong>pontiﬁcum</strong></span> <span class='ocrx_word' id='word_1_546' title='bbox 1421 4739 1620 4816; x_wconf 87' lang='lat' dir='ltr'><strong>ordini,</strong></span> <span class='ocrx_word' id='word_1_547' title='bbox 1656 4752 1811 4820; x_wconf 88' lang='lat' dir='ltr'><strong>cujus</strong></span> <span class='ocrx_word' id='word_1_548' title='bbox 1838 4752 2034 4806; x_wconf 81' lang='lat' dir='ltr'><strong>divinis</strong></span> 
     </span>
    </p>
   </div>
   <div class='ocr_carea' id='block_1_83' title="bbox 464 4844 2029 4915">
    <p class='ocr_par' dir='ltr' id='par_1_83' title="bbox 464 4844 2029 4915">
     <span class='ocr_line' id='line_1_83' title="bbox 464 4844 2029 4915; baseline -0.003 -16"><span class='ocrx_word' id='word_1_549' title='bbox 464 4844 919 4901; x_wconf 83' lang='lat' dir='ltr'><strong>illustrationilms</strong></span> <span class='ocrx_word' id='word_1_550' title='bbox 946 4848 1350 4915; x_wconf 84' lang='lat' dir='ltr'><strong>pontificiisqne</strong></span> <span class='ocrx_word' id='word_1_551' title='bbox 1375 4846 1635 4901; x_wconf 89' lang='lat' dir='ltr'><strong>institutis</strong></span> <span class='ocrx_word' id='word_1_552' title='bbox 1659 4860 1936 4899; x_wconf 90' lang='lat' dir='ltr'><strong>sacrorum</strong></span> <span class='ocrx_word' id='word_1_553' title='bbox 1964 4844 2029 4897; x_wconf 89' lang='lat' dir='ltr'><strong>ad</strong></span> 
     </span>
    </p>
   </div>
   <div class='ocr_carea' id='block_1_84' title="bbox 466 4936 2032 5008">
    <p class='ocr_par' dir='ltr' id='par_1_84' title="bbox 466 4936 2032 5008">
     <span class='ocr_line' id='line_1_84' title="bbox 466 4936 2032 5008; baseline -0.003 -15"><span class='ocrx_word' id='word_1_554' title='bbox 466 4954 524 4993; x_wconf 90' lang='lat' dir='ltr'><strong>se</strong></span> <span class='ocrx_word' id='word_1_555' title='bbox 558 4938 917 5006; x_wconf 80' lang='lat' dir='ltr'><strong>spectantium</strong></span> <span class='ocrx_word' id='word_1_556' title='bbox 958 4940 1337 5008; x_wconf 70' lang='lat' dir='ltr'><strong>mysteriorum</strong></span> <span class='ocrx_word' id='word_1_557' title='bbox 1369 4938 1812 4992; x_wconf 82' lang='lat' dir='ltr'><strong>consecrationes</strong></span> <span class='ocrx_word' id='word_1_558' title='bbox 1846 4936 2032 4990; x_wconf 90' lang='lat' dir='ltr'><strong>erudi-</strong></span> 
     </span>
    </p>
   </div>
   <div class='ocr_carea' id='block_1_85' title="bbox 463 5027 2037 5097">
    <p class='ocr_par' dir='ltr' id='par_1_85' title="bbox 463 5027 2037 5097">
     <span class='ocr_line' id='line_1_85' title="bbox 463 5027 2037 5097; baseline -0.001 -15"><span class='ocrx_word' id='word_1_559' title='bbox 463 5041 572 5093; x_wconf 92' lang='lat' dir='ltr'><strong>tus,</strong></span> <span class='ocrx_word' id='word_1_560' title='bbox 606 5031 672 5083; x_wconf 89' lang='lat' dir='ltr'><strong>ab</strong></span> <span class='ocrx_word' id='word_1_561' title='bbox 703 5030 1014 5083; x_wconf 87' lang='lat' dir='ltr'><strong>eorumdem</strong></span> <span class='ocrx_word' id='word_1_562' title='bbox 1049 5045 1205 5083; x_wconf 83' lang='lat' dir='ltr'><strong>sacra</strong></span> <span class='ocrx_word' id='word_1_563' title='bbox 1232 5029 1459 5082; x_wconf 89' lang='lat' dir='ltr'><strong>scicntia</strong></span> <span class='ocrx_word' id='word_1_564' title='bbox 1489 5027 1553 5081; x_wconf 90' lang='lat' dir='ltr'><strong>ad</strong></span> <span class='ocrx_word' id='word_1_565' title='bbox 1583 5028 2037 5097; x_wconf 88' lang='lat' dir='ltr'><strong>perfectissimam</strong></span> 
     </span>
    </p>
   </div>
   <div class='ocr_carea' id='block_1_86' title="bbox 463 5116 2030 5191">
    <p class='ocr_par' dir='ltr' id='par_1_86' title="bbox 463 5116 2030 5191">
     <span class='ocr_line' id='line_1_86' title="bbox 463 5116 2030 5191; baseline -0.003 -18"><span class='ocrx_word' id='word_1_566' title='bbox 463 5137 562 5191; x_wconf 88' lang='lat' dir='ltr'><strong>pro</strong></span> <span class='ocrx_word' id='word_1_567' title='bbox 589 5134 689 5175; x_wconf 90' lang='lat' dir='ltr'><strong>suo</strong></span> <span class='ocrx_word' id='word_1_568' title='bbox 717 5120 935 5173; x_wconf 88' lang='lat' dir='ltr'><strong>modulo</strong></span> <span class='ocrx_word' id='word_1_569' title='bbox 965 5119 1352 5188; x_wconf 89' lang='lat' dir='ltr'><strong>perfectionem</strong></span> <span class='ocrx_word' id='word_1_570' title='bbox 1377 5121 1662 5174; x_wconf 85' lang='lat' dir='ltr'><strong>evehatnr.</strong></span> <span class='ocrx_word' id='word_1_571' title='bbox 1696 5118 1829 5172; x_wconf 83' lang='lat' dir='ltr'><strong>Hinc</strong></span> <span class='ocrx_word' id='word_1_572' title='bbox 1856 5116 2030 5173; x_wconf 88' lang='lat' dir='ltr'><strong>sancti</strong></span> 
     </span>
    </p>
   </div>
   <div class='ocr_carea' id='block_1_87' title="bbox 463 5210 2032 5286">
    <p class='ocr_par' dir='ltr' id='par_1_87' title="bbox 463 5210 2032 5286">
     <span class='ocr_line' id='line_1_87' title="bbox 463 5210 2032 5286; baseline -0.004 -17"><span class='ocrx_word' id='word_1_573' title='bbox 463 5225 829 5286; x_wconf 79' lang='lat' dir='ltr'><strong>praeceptores</strong></span> <span class='ocrx_word' id='word_1_574' title='bbox 862 5214 1031 5268; x_wconf 89' lang='lat' dir='ltr'><strong>nostri</strong></span> <span class='ocrx_word' id='word_1_575' title='bbox 1068 5214 1268 5266; x_wconf 83' lang='lat' dir='ltr'><strong>divinis</strong></span> <span class='ocrx_word' id='word_1_576' title='bbox 1303 5229 1396 5267; x_wconf 87' lang='lat' dir='ltr'><strong>eos</strong></span> <span class='ocrx_word' id='word_1_577' title='bbox 1427 5210 1875 5281; x_wconf 82' lang='lat' dir='ltr'><strong>appellationibus</strong></span> <span class='ocrx_word' id='word_1_578' title='bbox 1907 5216 2032 5264; x_wconf 83' lang='lat' dir='ltr'><strong>sunt</strong></span> 
     </span>
    </p>
   </div>
   <div class='ocr_carea' id='block_1_88' title="bbox 463 5301 2024 5378">
    <p class='ocr_par' dir='ltr' id='par_1_88' title="bbox 463 5301 2024 5378">
     <span class='ocr_line' id='line_1_88' title="bbox 463 5301 2024 5378; baseline -0.006 -16"><span class='ocrx_word' id='word_1_579' title='bbox 463 5309 778 5378; x_wconf 86' lang='lat' dir='ltr'><strong>prosecuti;</strong></span> <span class='ocrx_word' id='word_1_580' title='bbox 831 5306 920 5361; x_wconf 88' lang='lat' dir='ltr'><strong>alii</strong></span> <span class='ocrx_word' id='word_1_581' title='bbox 969 5305 1185 5375; x_wconf 89' lang='lat' dir='ltr'><strong>quidem</strong></span> <span class='ocrx_word' id='word_1_582' title='bbox 1236 5307 1606 5375; x_wconf 87' lang='lat' dir='ltr'><strong>therapcutas,</strong></span> <span class='ocrx_word' id='word_1_583' title='bbox 1643 5319 1739 5359; x_wconf 91' lang='lat' dir='ltr'><strong>seu</strong></span> <span class='ocrx_word' id='word_1_584' title='bbox 1774 5301 2024 5365; x_wconf 83' lang='lat' dir='ltr'><strong>cultores,</strong></span> 
     </span>
    </p>
   </div>
   <div class='ocr_carea' id='block_1_89' title="bbox 462 5395 2031 5460">
    <p class='ocr_par' dir='ltr' id='par_1_89' title="bbox 462 5395 2031 5460">
     <span class='ocr_line' id='line_1_89' title="bbox 462 5395 2031 5460; baseline -0.004 -7"><span class='ocrx_word' id='word_1_585' title='bbox 462 5401 552 5455; x_wconf 88' lang='lat' dir='ltr'><strong>alii</strong></span> <span class='ocrx_word' id='word_1_586' title='bbox 582 5415 712 5454; x_wconf 86' lang='lat' dir='ltr'><strong>vero</strong></span> <span class='ocrx_word' id='word_1_587' title='bbox 748 5398 1043 5453; x_wconf 83' lang='lat' dir='ltr'><strong>monachos</strong></span> <span class='ocrx_word' id='word_1_588' title='bbox 1068 5437 1083 5460; x_wconf 91' lang='lat'><strong>,</strong></span> <span class='ocrx_word' id='word_1_589' title='bbox 1118 5413 1241 5452; x_wconf 90' lang='lat' dir='ltr'><strong>cum</strong></span> <span class='ocrx_word' id='word_1_590' title='bbox 1285 5413 1313 5450; x_wconf 94' lang='lat' dir='ltr'><strong>a</strong></span> <span class='ocrx_word' id='word_1_591' title='bbox 1362 5397 1583 5452; x_wconf 86' lang='lat' dir='ltr'><strong>sincero</strong></span> <span class='ocrx_word' id='word_1_592' title='bbox 1632 5397 1723 5450; x_wconf 88' lang='lat' dir='ltr'><strong>Dei</strong></span> <span class='ocrx_word' id='word_1_593' title='bbox 1774 5395 2031 5450; x_wconf 80' lang='lat' dir='ltr'><strong>:emulatu</strong></span> 
     </span>
    </p>
   </div>
   <div class='ocr_carea' id='block_1_90' title="bbox 2221 4288 3719 4361">
    <p class='ocr_par' dir='ltr' id='par_1_90' title="bbox 2221 4288 3719 4361">
     <span class='ocr_line' id='line_1_90' title="bbox 2221 4288 3719 4361; baseline -0.002 -15"><span class='ocrx_word' id='word_1_594' title='bbox 2221 4292 2285 4346; x_wconf 84' lang='grc' dir='ltr'><strong>Ἦ</strong></span> <span class='ocrx_word' id='word_1_595' title='bbox 2327 4292 2381 4345; x_wconf 88' lang='grc' dir='ltr'><strong>δέ</strong></span> <span class='ocrx_word' id='word_1_596' title='bbox 2425 4291 2533 4344; x_wconf 88' lang='grc' dir='ltr'><strong>τῶν</strong></span> <span class='ocrx_word' id='word_1_597' title='bbox 2574 4288 2912 4361; x_wconf 86' lang='grc' dir='ltr'>τελουμένων</span> <span class='ocrx_word' id='word_1_598' title='bbox 2943 4289 3171 4342; x_wconf 88' lang='grc' dir='ltr'>ἀπασῶν</span> <span class='ocrx_word' id='word_1_599' title='bbox 3218 4288 3525 4359; x_wconf 68' lang='grc' dir='ltr'>ὑψηλοτέρα</span> <span class='ocrx_word' id='word_1_600' title='bbox 3567 4290 3719 4354; x_wconf 79' lang='grc' dir='ltr'>τάξις</span> 
     </span>
    </p>
   </div>
   <div class='ocr_carea' id='block_1_91' title="bbox 2139 4380 3719 4454">
    <p class='ocr_par' dir='ltr' id='par_1_91' title="bbox 2139 4380 3719 4454">
     <span class='ocr_line' id='line_1_91' title="bbox 2139 4380 3719 4454; baseline -0.003 -19"><span class='ocrx_word' id='word_1_601' title='bbox 2139 4386 2172 4454; x_wconf 83' lang='grc' dir='ltr'>ἠ</span> <span class='ocrx_word' id='word_1_602' title='bbox 2211 4382 2319 4436; x_wconf 89' lang='grc' dir='ltr'><strong>τῶν</strong></span> <span class='ocrx_word' id='word_1_603' title='bbox 2367 4382 2613 4454; x_wconf 87' lang='grc' dir='ltr'>μοναχῶν</span> <span class='ocrx_word' id='word_1_604' title='bbox 2646 4383 2790 4434; x_wconf 83' lang='grc' dir='ltr'>ἐστιν</span> <span class='ocrx_word' id='word_1_605' title='bbox 2827 4380 2947 4452; x_wconf 82' lang='grc' dir='ltr'>ἱερά</span> <span class='ocrx_word' id='word_1_606' title='bbox 2982 4381 3357 4450; x_wconf 87' lang='grc' dir='ltr'>διακόσμησις,</span> <span class='ocrx_word' id='word_1_607' title='bbox 3400 4383 3583 4433; x_wconf 80' lang='grc' dir='ltr'>πᾶσαν</span> <span class='ocrx_word' id='word_1_608' title='bbox 3622 4383 3719 4451; x_wconf 80' lang='grc' dir='ltr'>μὲν</span> 
     </span>
    </p>
   </div>
   <div class='ocr_carea' id='block_1_92' title="bbox 2140 4470 3719 4543">
    <p class='ocr_par' dir='ltr' id='par_1_92' title="bbox 2140 4470 3719 4543">
     <span class='ocr_line' id='line_1_92' title="bbox 2140 4470 3719 4543; baseline -0.001 -18"><span class='ocrx_word' id='word_1_609' title='bbox 2140 4472 2663 4542; x_wconf 82' lang='grc' dir='ltr'>ἀποκεκαθαρμένην</span> <span class='ocrx_word' id='word_1_610' title='bbox 2700 4472 2988 4543; x_wconf 84' lang='grc' dir='ltr'>κάθαρσιν,</span> <span class='ocrx_word' id='word_1_611' title='bbox 3034 4471 3186 4541; x_wconf 83' lang='grc' dir='ltr'>ὁλικῇ</span> <span class='ocrx_word' id='word_1_612' title='bbox 3208 4470 3437 4540; x_wconf 82' lang='grc' dir='ltr'>δυνάμει</span> <span class='ocrx_word' id='word_1_613' title='bbox 3465 4473 3559 4524; x_wconf 69' lang='grc' dir='ltr'><strong>καὶ</strong></span> <span class='ocrx_word' id='word_1_614' title='bbox 3586 4490 3719 4525; x_wconf 81' lang='grc' dir='ltr'>παν-</span> 
     </span>
    </p>
   </div>
   <div class='ocr_carea' id='block_1_93' title="bbox 2136 4564 3714 4636">
    <p class='ocr_par' dir='ltr' id='par_1_93' title="bbox 2136 4564 3714 4636">
     <span class='ocr_line' id='line_1_93' title="bbox 2136 4564 3714 4636; baseline -0.002 -17"><span class='ocrx_word' id='word_1_615' title='bbox 2136 4566 2279 4620; x_wconf 89' lang='grc' dir='ltr'><strong>τελεῖ</strong></span> <span class='ocrx_word' id='word_1_616' title='bbox 2324 4564 2431 4618; x_wconf 88' lang='grc' dir='ltr'><strong>τῶν</strong></span> <span class='ocrx_word' id='word_1_617' title='bbox 2474 4567 2688 4618; x_wconf 87' lang='grc' dir='ltr'>οίκείων</span> <span class='ocrx_word' id='word_1_618' title='bbox 2735 4564 3022 4636; x_wconf 77' lang='grc' dir='ltr'>ἐνεργειῶν</span> <span class='ocrx_word' id='word_1_619' title='bbox 3065 4564 3352 4633; x_wconf 82' lang='grc' dir='ltr'>ἁγνότητι,</span> <span class='ocrx_word' id='word_1_620' title='bbox 3407 4565 3590 4633; x_wconf 79' lang='grc' dir='ltr'>πάσης</span> <span class='ocrx_word' id='word_1_621' title='bbox 3625 4565 3714 4621; x_wconf 75' lang='grc' dir='ltr'><strong>δὲ,</strong></span> 
     </span>
    </p>
   </div>
   <div class='ocr_carea' id='block_1_94' title="bbox 2136 4654 3718 4730">
    <p class='ocr_par' dir='ltr' id='par_1_94' title="bbox 2136 4654 3718 4730">
     <span class='ocr_line' id='line_1_94' title="bbox 2136 4654 3718 4730; baseline -0.003 -19"><span class='ocrx_word' id='word_1_622' title='bbox 2136 4659 2269 4730; x_wconf 85' lang='grc' dir='ltr'>ὅσης</span> <span class='ocrx_word' id='word_1_623' title='bbox 2308 4657 2527 4728; x_wconf 84' lang='grc' dir='ltr'>θεμιτὸν</span> <span class='ocrx_word' id='word_1_624' title='bbox 2561 4658 2695 4727; x_wconf 79' lang='grc' dir='ltr'>αὐτῇ</span> <span class='ocrx_word' id='word_1_625' title='bbox 2726 4697 2739 4719; x_wconf 94' lang='grc'><strong>,</strong></span> <span class='ocrx_word' id='word_1_626' title='bbox 2786 4656 3011 4727; x_wconf 86' lang='grc' dir='ltr'>θεωρεῖν</span> <span class='ocrx_word' id='word_1_627' title='bbox 3066 4654 3406 4726; x_wconf 86' lang='grc' dir='ltr'>ἱερουργίας,</span> <span class='ocrx_word' id='word_1_628' title='bbox 3463 4656 3520 4705; x_wconf 83' lang='grc' dir='ltr'><strong>ἐν</strong></span> <span class='ocrx_word' id='word_1_629' title='bbox 3558 4657 3718 4725; x_wconf 73' lang='grc' dir='ltr'>νοερᾷ</span> 
     </span>
    </p>
   </div>
   <div class='ocr_carea' id='block_1_95' title="bbox 2135 4746 3715 4820">
    <p class='ocr_par' dir='ltr' id='par_1_95' title="bbox 2135 4746 3715 4820">
     <span class='ocr_line' id='line_1_95' title="bbox 2135 4746 3715 4820; baseline -0.003 -18"><span class='ocrx_word' id='word_1_630' title='bbox 2135 4748 2338 4820; x_wconf 73' lang='grc' dir='ltr'>θεωρίᾳ</span> <span class='ocrx_word' id='word_1_631' title='bbox 2398 4750 2492 4801; x_wconf 77' lang='grc' dir='ltr'><strong>καὶ</strong></span> <span class='ocrx_word' id='word_1_632' title='bbox 2554 4748 2807 4818; x_wconf 77' lang='grc' dir='ltr'>κοινωνίᾳ</span> <span class='ocrx_word' id='word_1_633' title='bbox 2856 4747 3236 4817; x_wconf 88' lang='grc' dir='ltr'>γεγενημένη,</span> <span class='ocrx_word' id='word_1_634' title='bbox 3291 4746 3384 4798; x_wconf 75' lang='grc' dir='ltr'><strong>καὶ</strong></span> <span class='ocrx_word' id='word_1_635' title='bbox 3435 4749 3559 4809; x_wconf 86' lang='grc' dir='ltr'>ταῖς</span> <span class='ocrx_word' id='word_1_636' title='bbox 3612 4747 3715 4798; x_wconf 83' lang='grc' dir='ltr'><strong>τῶν</strong></span> 
     </span>
    </p>
   </div>
   <div class='ocr_carea' id='block_1_96' title="bbox 2134 4839 3711 4914">
    <p class='ocr_par' dir='ltr' id='par_1_96' title="bbox 2134 4839 3711 4914">
     <span class='ocr_line' id='line_1_96' title="bbox 2134 4839 3711 4914; baseline -0.003 -19"><span class='ocrx_word' id='word_1_637' title='bbox 2134 4842 2404 4914; x_wconf 81' lang='grc' dir='ltr'>ίεραρχῶν</span> <span class='ocrx_word' id='word_1_638' title='bbox 2466 4840 2833 4905; x_wconf 85' lang='grc' dir='ltr'>τελειωτικαῖς</span> <span class='ocrx_word' id='word_1_639' title='bbox 2902 4841 3195 4911; x_wconf 89' lang='grc' dir='ltr'>δυνάμεσιν</span> <span class='ocrx_word' id='word_1_640' title='bbox 3256 4839 3711 4911; x_wconf 75' lang='grc' dir='ltr'>ἐγχειριζομένη,</span> 
     </span>
    </p>
   </div>
   <div class='ocr_carea' id='block_1_97' title="bbox 2134 4932 3713 5004">
    <p class='ocr_par' dir='ltr' id='par_1_97' title="bbox 2134 4932 3713 5004">
     <span class='ocr_line' id='line_1_97' title="bbox 2134 4932 3713 5004; baseline -0.002 -17"><span class='ocrx_word' id='word_1_641' title='bbox 2134 4936 2229 4987; x_wconf 74' lang='grc' dir='ltr'><strong>καὶ</strong></span> <span class='ocrx_word' id='word_1_642' title='bbox 2278 4937 2398 4998; x_wconf 86' lang='grc' dir='ltr'>ταῖς</span> <span class='ocrx_word' id='word_1_643' title='bbox 2439 4934 2640 4997; x_wconf 88' lang='grc' dir='ltr'>ἐνθέοις</span> <span class='ocrx_word' id='word_1_644' title='bbox 2682 4933 2859 4986; x_wconf 76' lang='grc' dir='ltr'>αὐτῶν</span> <span class='ocrx_word' id='word_1_645' title='bbox 2901 4932 3198 5003; x_wconf 66' lang='grc' dir='ltr'>ἐλλάμψεσι</span> <span class='ocrx_word' id='word_1_646' title='bbox 3242 4933 3335 4985; x_wconf 73' lang='grc' dir='ltr'><strong>καὶ</strong></span> <span class='ocrx_word' id='word_1_647' title='bbox 3373 4935 3713 5004; x_wconf 79' lang='grc' dir='ltr'>ίεραρχικαῖς</span> 
     </span>
    </p>
   </div>
   <div class='ocr_carea' id='block_1_98' title="bbox 2131 5021 3711 5095">
    <p class='ocr_par' dir='ltr' id='par_1_98' title="bbox 2131 5021 3711 5095">
     <span class='ocr_line' id='line_1_98' title="bbox 2131 5021 3711 5095; baseline -0.003 -19"><span class='ocrx_word' id='word_1_648' title='bbox 2131 5023 2489 5095; x_wconf 83' lang='grc' dir='ltr'>παραδόσεσιν</span> <span class='ocrx_word' id='word_1_649' title='bbox 2529 5022 2953 5093; x_wconf 81' lang='grc' dir='ltr'>ἐκδιδασκομένη</span> <span class='ocrx_word' id='word_1_650' title='bbox 2996 5022 3093 5085; x_wconf 75' lang='grc' dir='ltr'>τὰς</span> <span class='ocrx_word' id='word_1_651' title='bbox 3144 5022 3573 5085; x_wconf 82' lang='grc' dir='ltr'>ἐποπτευθείσας</span> <span class='ocrx_word' id='word_1_652' title='bbox 3606 5021 3711 5073; x_wconf 89' lang='grc' dir='ltr'><strong>τῶν</strong></span> 
     </span>
    </p>
   </div>
   <div class='ocr_carea' id='block_1_99' title="bbox 2132 5113 3711 5186">
    <p class='ocr_par' dir='ltr' id='par_1_99' title="bbox 2132 5113 3711 5186">
     <span class='ocr_line' id='line_1_99' title="bbox 2132 5113 3711 5186; baseline -0.001 -17"><span class='ocrx_word' id='word_1_653' title='bbox 2132 5117 2252 5170; x_wconf 82' lang='grc' dir='ltr'>κατ’</span> <span class='ocrx_word' id='word_1_654' title='bbox 2279 5114 2445 5185; x_wconf 74' lang='grc' dir='ltr'>αὐτὴν</span> <span class='ocrx_word' id='word_1_655' title='bbox 2476 5113 2634 5186; x_wconf 84' lang='grc' dir='ltr'>ἱερῶν</span> <span class='ocrx_word' id='word_1_656' title='bbox 2659 5113 2889 5166; x_wconf 88' lang='grc' dir='ltr'>τελετῶν</span> <span class='ocrx_word' id='word_1_657' title='bbox 2920 5115 3228 5186; x_wconf 83' lang='grc' dir='ltr'>ἱερουργίας</span> <span class='ocrx_word' id='word_1_658' title='bbox 3255 5155 3269 5175; x_wconf 90' lang='grc'><strong>,</strong></span> <span class='ocrx_word' id='word_1_659' title='bbox 3319 5115 3415 5167; x_wconf 71' lang='grc' dir='ltr'>καὶ</span> <span class='ocrx_word' id='word_1_660' title='bbox 3453 5115 3593 5185; x_wconf 77' lang='grc' dir='ltr'>πρὸς</span> <span class='ocrx_word' id='word_1_661' title='bbox 3619 5114 3711 5184; x_wconf 72' lang='grc' dir='ltr'>τῆς</span> 
     </span>
    </p>
   </div>
   <div class='ocr_carea' id='block_1_100' title="bbox 2134 5207 3708 5282">
    <p class='ocr_par' dir='ltr' id='par_1_100' title="bbox 2134 5207 3708 5282">
     <span class='ocr_line' id='line_1_100' title="bbox 2134 5207 3708 5282; baseline -0.003 -19"><span class='ocrx_word' id='word_1_662' title='bbox 2134 5212 2284 5282; x_wconf 80' lang='grc' dir='ltr'>ἱερᾶς</span> <span class='ocrx_word' id='word_1_663' title='bbox 2326 5208 2502 5261; x_wconf 78' lang='grc' dir='ltr'>αὐτῶν</span> <span class='ocrx_word' id='word_1_664' title='bbox 2549 5208 2861 5279; x_wconf 81' lang='grc' dir='ltr'>ἐπιστήμης</span> <span class='ocrx_word' id='word_1_665' title='bbox 2912 5207 3188 5275; x_wconf 87' lang='grc' dir='ltr'>ἀναλόγως</span> <span class='ocrx_word' id='word_1_666' title='bbox 3238 5210 3319 5272; x_wconf 81' lang='grc' dir='ltr'>εἰς</span> <span class='ocrx_word' id='word_1_667' title='bbox 3362 5207 3708 5278; x_wconf 83' lang='grc' dir='ltr'>τελειοτάτην</span> 
     </span>
    </p>
   </div>
   <div class='ocr_carea' id='block_1_101' title="bbox 2132 5296 3710 5370">
    <p class='ocr_par' dir='ltr' id='par_1_101' title="bbox 2132 5296 3710 5370">
     <span class='ocr_line' id='line_1_101' title="bbox 2132 5296 3710 5370; baseline -0.002 -17"><span class='ocrx_word' id='word_1_668' title='bbox 2132 5299 2439 5370; x_wconf 84' lang='grc' dir='ltr'>ἀναγομένη</span> <span class='ocrx_word' id='word_1_669' title='bbox 2477 5296 2775 5350; x_wconf 88' lang='grc' dir='ltr'>τελείωσιν.</span> <span class='ocrx_word' id='word_1_670' title='bbox 2825 5297 3015 5349; x_wconf 89' lang='grc' dir='ltr'>Ἔνθεν</span> <span class='ocrx_word' id='word_1_671' title='bbox 3062 5300 3111 5349; x_wconf 87' lang='grc' dir='ltr'>οἱ</span> <span class='ocrx_word' id='word_1_672' title='bbox 3153 5297 3285 5351; x_wconf 88' lang='grc' dir='ltr'>θεῖοι</span> <span class='ocrx_word' id='word_1_673' title='bbox 3329 5299 3710 5369; x_wconf 84' lang='grc' dir='ltr'>καθηγεμόνες</span> 
     </span>
    </p>
   </div>
   <div class='ocr_carea' id='block_1_102' title="bbox 2131 5388 3715 5463">
    <p class='ocr_par' dir='ltr' id='par_1_102' title="bbox 2131 5388 3715 5463">
     <span class='ocr_line' id='line_1_102' title="bbox 2131 5388 3715 5463; baseline -0.001 -20"><span class='ocrx_word' id='word_1_674' title='bbox 2131 5392 2286 5463; x_wconf 78' lang='grc' dir='ltr'>ἡμῶν</span> <span class='ocrx_word' id='word_1_675' title='bbox 2329 5389 2651 5459; x_wconf 83' lang='grc' dir='ltr'>ἐπωνυμιῶν</span> <span class='ocrx_word' id='word_1_676' title='bbox 2687 5389 2883 5452; x_wconf 77' lang='grc' dir='ltr'>αὐτοὺς</span> <span class='ocrx_word' id='word_1_677' title='bbox 2928 5388 3087 5460; x_wconf 86' lang='grc' dir='ltr'>ἱερῶν</span> <span class='ocrx_word' id='word_1_678' title='bbox 3128 5388 3387 5459; x_wconf 75' lang='grc' dir='ltr'>ἠξίωσαν,</span> <span class='ocrx_word' id='word_1_679' title='bbox 3416 5393 3465 5443; x_wconf 91' lang='grc' dir='ltr'>οἱ</span> <span class='ocrx_word' id='word_1_680' title='bbox 3499 5390 3599 5461; x_wconf 83' lang='grc' dir='ltr'><strong>μὲν</strong></span> <span class='ocrx_word' id='word_1_681' title='bbox 3628 5390 3715 5443; x_wconf 83' lang='grc' dir='ltr'>θε-</span> 
     </span>
    </p>
   </div>
   <div class='ocr_carea' id='block_1_103' title="bbox 1730 5572 2403 5634">
    <p class='ocr_par' dir='ltr' id='par_1_103' title="bbox 1730 5572 2403 5634">
     <span class='ocr_line' id='line_1_103' title="bbox 1730 5572 2403 5634; baseline -0.006 0"><span class='ocrx_word' id='word_1_682' title='bbox 1730 5577 1964 5634; x_wconf 73' lang='lat' dir='ltr'><strong>VARUE</strong></span> <span class='ocrx_word' id='word_1_683' title='bbox 2001 5572 2403 5633; x_wconf 76' lang='lat' dir='ltr'><strong>LECTIONES.</strong></span> 
     </span>
    </p>
   </div>
   <div class='ocr_carea' id='block_1_104' title="bbox 531 5698 1640 5773">
    <p class='ocr_par' dir='ltr' id='par_1_104' title="bbox 531 5698 1640 5773">
     <span class='ocr_line' id='line_1_104' title="bbox 531 5698 1640 5773; baseline 0.032 -22"><span class='ocrx_word' id='word_1_684' title='bbox 531 5705 578 5736; x_wconf 69' lang='grc'><strong>’⁸</strong></span> <span class='ocrx_word' id='word_1_685' title='bbox 626 5703 1006 5773; x_wconf 73' lang='grc' dir='ltr'>ἱερονργικῶν,</span> <span class='ocrx_word' id='word_1_686' title='bbox 1043 5700 1104 5754; x_wconf 80' lang='lat' dir='ltr'><strong>P.</strong></span> <span class='ocrx_word' id='word_1_687' title='bbox 1151 5701 1530 5773; x_wconf 68' lang='grc' dir='ltr'>λειτουΡ“ι’⁵ὦν-’-</span> <span class='ocrx_word' id='word_1_688' title='bbox 1573 5698 1640 5751; x_wconf 75' lang='grc' dir='ltr'><strong>Μ’</strong></span> 
     </span>
    </p>
   </div>
   <div class='ocr_carea' id='block_1_105' title="bbox 490 5770 2037 5843">
    <p class='ocr_par' dir='ltr' id='par_1_105' title="bbox 490 5770 2037 5843">
     <span class='ocr_line' id='line_1_105' title="bbox 490 5770 2037 5843; baseline -0.003 -17"><span class='ocrx_word' id='word_1_689' title='bbox 490 5775 510 5806; x_wconf 85' lang='lat'><strong>’</strong></span> <span class='ocrx_word' id='word_1_690' title='bbox 541 5770 964 5843; x_wconf 69' lang='grc' dir='ltr'>μεταταχῦἦναι,</span> <span class='ocrx_word' id='word_1_691' title='bbox 997 5774 1057 5827; x_wconf 76' lang='lat' dir='ltr'><strong>S.</strong></span> <span class='ocrx_word' id='word_1_692' title='bbox 1093 5774 1151 5827; x_wconf 89' lang='lat' dir='ltr'><strong>D.</strong></span> <span class='ocrx_word' id='word_1_693' title='bbox 1185 5776 1253 5827; x_wconf 85' lang='lat' dir='ltr'><strong>ita</strong></span> <span class='ocrx_word' id='word_1_694' title='bbox 1303 5770 1463 5826; x_wconf 78' lang='lat' dir='ltr'><strong>etiam</strong></span> <span class='ocrx_word' id='word_1_695' title='bbox 1491 5770 1815 5825; x_wconf 68' lang='lat' dir='ltr'><strong>Viennensis</strong></span> <span class='ocrx_word' id='word_1_696' title='bbox 1848 5772 2037 5824; x_wconf 80' lang='lat' dir='ltr'><strong>codex.</strong></span> 
     </span>
    </p>
   </div>
   <div class='ocr_carea' id='block_1_106' title="bbox 1717 5695 2311 5769">
    <p class='ocr_par' dir='ltr' id='par_1_106' title="bbox 1717 5695 2311 5769">
     <span class='ocr_line' id='line_1_106' title="bbox 1717 5695 2311 5769; baseline -0.007 -18"><span class='ocrx_word' id='word_1_697' title='bbox 1717 5700 1761 5730; x_wconf 70' lang='grc'><strong>³⁵</strong></span> <span class='ocrx_word' id='word_1_698' title='bbox 1810 5699 2221 5769; x_wconf 79' lang='grc' dir='ltr'>ἐπιστρεπτικῇ,</span> <span class='ocrx_word' id='word_1_699' title='bbox 2249 5695 2311 5748; x_wconf 83' lang='grc' dir='ltr'><strong>Ρ.</strong></span> 
     </span>
    </p>
   </div>
   <div class='ocr_carea' id='block_1_107' title="bbox 2409 5687 3698 5769">
    <p class='ocr_par' dir='ltr' id='par_1_107' title="bbox 2409 5687 3698 5769">
     <span class='ocr_line' id='line_1_107' title="bbox 2409 5687 3698 5769; baseline 0.012 -41"><span class='ocrx_word' id='word_1_700' title='bbox 2409 5697 2465 5769; x_wconf 58' lang='grc' dir='ltr'>9η</span> <span class='ocrx_word' id='word_1_701' title='bbox 2503 5695 2946 5769; x_wconf 50' lang='grc' dir='ltr'><strong>μετᾳταχοεξσης,</strong></span> <span class='ocrx_word' id='word_1_702' title='bbox 2990 5691 3051 5748; x_wconf 82' lang='grc' dir='ltr'>Ρ,</span> <span class='ocrx_word' id='word_1_703' title='bbox 3145 5693 3187 5727; x_wconf 73' lang='grc'><strong>’⁸</strong></span> <span class='ocrx_word' id='word_1_704' title='bbox 3243 5692 3485 5756; x_wconf 83' lang='grc' dir='ltr'>τελείως,</span> <span class='ocrx_word' id='word_1_705' title='bbox 3534 5689 3593 5745; x_wconf 85' lang='lat' dir='ltr'><strong>S.</strong></span> <span class='ocrx_word' id='word_1_706' title='bbox 3642 5687 3698 5744; x_wconf 82' lang='grc' dir='ltr'><strong>Ρ.</strong></span> 
     </span>
    </p>
   </div>
   <div class='ocr_carea' id='block_1_108' title="bbox 2118 5766 2633 5841">
    <p class='ocr_par' dir='ltr' id='par_1_108' title="bbox 2118 5766 2633 5841">
     <span class='ocr_line' id='line_1_108' title="bbox 2118 5766 2633 5841; baseline 0.004 -22"><span class='ocrx_word' id='word_1_707' title='bbox 2118 5769 2184 5800; x_wconf 81' lang='grc'><strong>¹⁰⁰</strong></span> <span class='ocrx_word' id='word_1_708' title='bbox 2214 5766 2529 5841; x_wconf 79' lang='grc' dir='ltr'>ίερουργῶς,</span> <span class='ocrx_word' id='word_1_709' title='bbox 2566 5767 2633 5821; x_wconf 82' lang='grc' dir='ltr'><strong>Μ.</strong></span> 
     </span>
    </p>
   </div>
  </div>
