3874 6228
182 316 287 369 535

1238 315 1328 372 DE
1361 314 1642 373 ECCLES.
1678 316 2077 386 HIERARCH.,
2110 318 2264 375 CAP.
2306 319 2392 376 Vl.

3338 324 3441 381 554

180 424 511 495 ραπευτάς,
565 427 614 479 si
660 426 717 479 δὲ
764 429 1032 500 μοναχοὺς
1084 428 1442 500 ὀνομάζοντες
1470 431 1511 494 ³,
1558 431 1624 483 ὲκ
1668 430 1771 502 τῆς

1889 443 2037 504 itque
2069 434 2238 500 cultu,
2266 442 2380 489 tum
2406 433 2474 489 ab
2510 434 2785 493 individua
2812 445 2868 494 et
2892 438 3151 510 singulari
3199 438 3307 493 vita
3347 440 3439 494 de-

178 512 275 566 τοῦ
317 517 452 570 Θεοῦ
479 517 727 589 καθαρᾶς
752 519 1055 593 ὑπηρεσίας
1086 523 1179 575 καὶ
1204 521 1520 594 θεραπείας,
1549 523 1643 576 καὶ
1673 524 1773 594 τῆς

179 606 490 680 ἀμερίστου
530 610 625 663 καὶ
656 611 861 675 ἑνιαίας
886 609 1030 684 ζωῆς
1048 653 1063 677 ,
1088 612 1163 678 ὡς
1198 613 1546 685 ἑνοποιούσης
1574 614 1773 678 αὐτοὺς

180 700 239 749 ὲν
272 705 397 765 ταῖς
420 700 528 755 τῶν
547 702 834 774 διαιρετῶν
860 706 1032 776 ἱεραῖς
1056 704 1440 776 ωμπτὺξεσιν,
1464 708 1543 769 είς
1567 705 1773 777 θεοειδῆ

191 795 401 865 μονάδα
440 796 534 848 καὶ
577 795 822 865 φιλόθεον
860 797 1169 851 τελείωσιψ
1213 798 1292 851 διὸ
1328 798 1424 852 καὶ
1459 798 1777 872 τελεστικὴν

188 888 378 951 αὐτοῖς
403 887 714 959 ἐδωρήσατο
739 888 896 961 χάριν
919 890 951 960 ἡ
978 888 1102 961 ἱερὰ
1124 888 1449 961 θεσμοθεσία
1466 930 1481 955 ,
1509 890 1606 944 καί
1630 908 1776 955 τινος

189 980 396 1044 αὐτοὺς
420 980 653 1049 ἠξίωσεν
679 980 1048 1051 ἀφιερωτικῆς
1085 980 1557 1052 ὲπικλήσεως,οὑχ
1596 982 1778 1053 ἱεραρ-

188 1073 354 1144 χικῆς
397 1072 612 1145 (ἐκείνη
649 1073 759 1145 γὰρ
799 1073 892 1126 ἐπὶ
927 1074 1118 1145 μόναις
1158 1075 1404 1144 γίγνεται
1426 1078 1546 1139 ταῖς
1571 1078 1774 1147 ἱερατι-

187 1168 320 1228 καῖς
378 1164 670 1237 τάξεσιν),
715 1165 832 1220 ἀλλ’
882 1167 1229 1238 ἱερουργικῖκ
1288 1168 1393 1221 ὑπὸ
1442 1167 1552 1222 τῶν
1614 1168 1778 1222 ὁσίων

188 1254 389 1326 ἱερέων
426 1258 493 1328 τῇ
538 1257 825 1330 ίεραρχικῇ
870 1257 1219 1329 τελετουργίᾳ
1262 1257 1528 1329 δευτέρως
1564 1259 1777 1331 ίερουρ-

190 1364 291 1417 you
299 1347 491 1418 μένης.

373 1465 441 1517 Π.
490 1463 840 1532 Μυστήριον
861 1463 1200 1535 μοναχικῆς
1217 1466 1598 1533 τελειώσεως.

273 1576 336 1631 '0
366 1578 464 1648 μὲν
508 1579 690 1648 ἱερεὺς
731 1577 966 1650 ἕστηκεν
1001 1577 1335 1650 ἐπίπροσθεν
1373 1577 1467 1632 τοῦ
1510 1577 1656 1632 θείου
1681 1578 1777 1632 θυ-

193 1670 540 1740 σιαστηρίου,
566 1670 667 1739 τὴν
696 1670 992 1741 μοναχικὴν
1020 1671 1306 1743 ἐπίκλησιν
1347 1670 1657 1742 ίερολογῶν.
1722 1671 1779 1723 '0

193 1761 251 1814 δὲ
276 1760 598 1830 τελούμενος
638 1760 813 1813 ὀπίσω
834 1760 928 1813 τοῦ
954 1760 1144 1832 ἱερέως
1187 1762 1419 1833 ἕστηκεν
1437 1802 1451 1826 ,
1477 1762 1577 1814 οὑκ
1613 1762 1780 1833 ἄμφω
1810 1796 1853 1852 Β

191 1850 272 1903 τὼ
300 1850 428 1903 πόδε
452 1850 666 1915 κλίνων,
694 1852 793 1920 οὑχ
817 1851 912 1904 ἕνα
942 1854 1055 1904 τοῖν
1077 1852 1277 1915 ποδοῖν,
1303 1852 1402 1905 οὑκ
1424 1851 1517 1904 ἐπὶ
1539 1850 1781 1920 κεφαλῆς

193 1944 334 2014 ἔχων
356 1944 429 1996 τὰ
448 1944 819 2014 θεοπαράδοτα
843 1944 1020 2013 λόγια,
1051 1945 1212 2013 μόνον
1232 1945 1288 1997 δὲ
1324 1944 1401 2016 τῷ
1438 1948 1573 2017 ἱερεῖ
1611 1962 1783 2016 παρε-

195 2034 337 2098 στὼς
394 2036 758 2107 ἱερολογοῦντι
782 2037 880 2107 τὴν
904 2036 993 2090 ἐπ’
1010 2036 1158 2108 αὑτῷ
1179 2036 1445 2108 μυστικὴν
1469 2037 1779 2108 ἐπίκλησιν.

195 2127 438 2191 Τελέσας
461 2128 518 2181 δὲ
543 2128 713 2200 αὑτὴν
735 2132 763 2183 ὁ
791 2129 991 2201 ἱερεὺς,
1019 2130 1111 2183 ἐπὶ
1132 2129 1225 2182 τὸν
1247 2128 1567 2200 τελούμενον
1590 2127 1780 2193 ἐλθὼν,

195 2219 455 2290 ἐπερωτᾷ
482 2219 697 2290 πρῶτον
720 2220 902 2283 αὐτὸν,
929 2221 977 2272 εί
1020 2220 1223 2283 πάσαις
1249 2219 1615 2274 ἀποτάσσεται
1662 2221 1784 2282 ταῖς

193 2310 497 2381 διαιρεταῖς
519 2312 579 2364 οὐ
609 2312 766 2383 μόνον
794 2312 980 2376 ζωαῖς,
1010 2311 1144 2366 ἀλλὰ
1168 2313 1263 2365 καὶ
1290 2312 1631 2382 φαντασίαις.
1651 2307 1784 2365 Εἶτα

193 2402 297 2473 τὴν
316 2402 662 2475 τελειοτάτην
687 2404 834 2476 αὐτῷ
858 2403 1001 2476 ζωὴν
1022 2405 1314 2475 ὑφηγεῖται
1337 2445 1352 2468 ,
1401 2403 1675 2476 μαρτυρού
1684 2421 1783 2475 με-

194 2509 309 2556 νος,
358 2492 444 2545 ὅτι
488 2493 594 2565 χρὴ
634 2493 737 2564 τῆς
788 2494 961 2566 μέσης
1006 2495 1168 2549 αὐτὸν
1211 2496 1711 2567 ὺπερανεστηκέναι
1739 2498 1782 2551 ².

194 2589 386 2642 Ταῦτα
409 2590 466 2642 δὲ
489 2589 666 2643 πάντα
701 2589 795 2643 τοῦ
830 2590 1154 2662 τελουμένου
1194 2592 1479 2662 προσεχῶς
1514 2589 1783 2661 ὁμολογή-

194 2699 417 2746 σαντος,
445 2681 525 2752 τῷ
553 2682 890 2754 σταυροειδεῖ
909 2682 1065 2752 τύπῳ
1091 2684 1531 2755 σφραγισάμενος
1570 2682 1730 2736 αὐτὸν
1758 2684 1786 2736 ὁ

196 2775 406 2845 ἱερεὺς,
432 2774 735 2845 ἀποκείρει,
763 2776 862 2845 τὴν
883 2774 1112 2846 τρισσὴν
1137 2774 1239 2844 τῆς
1263 2774 1413 2838 θείας
1443 2774 1785 2846 μακαριότη-

194 2882 290 2929 τος
306 2866 503 2937 ὲπιὸοή
512 2884 609 2930 σας
624 2868 941 2932 ὑπόστασιν,
960 2870 1054 2921 καὶ
1072 2867 1171 2939 τὴν
1187 2866 1391 2937 ἐσθῆτα
1409 2867 1586 2919 πᾶσαν
1601 2867 1716 2919 ἀπα
1723 2883 1789 2936 μ-

198 2959 419 3028 ςθιέσας,
462 2959 656 3031 ἑτέραν
684 2961 1028 3031 άμφιέννυσι,
1056 2960 1149 3013 καὶ
1176 2959 1315 3030 μετὰ
1350 2957 1461 3011 τῶν
1496 2957 1669 3011 ἄλλων
1715 2960 1789 3010 ἱε-

202 3050 312 3121 ρῶν
336 3051 357 3081 ³
380 3051 614 3122 άνδρῶν,
638 3052 751 3104 ὅσοι
774 3052 1046 3123 πάρεισιν,
1065 3050 1474 3120 ἀσπασάμενος,
1497 3049 1657 3102 αὑτὸν
1682 3066 1790 3103 κοι-

197 3143 370 3196 νωνὸν
397 3142 649 3197 ἀποτελεῖ
669 3143 779 3199 τῶν
814 3143 1118 3213 θεαρχικῶν
1144 3141 1479 3214 μυστηρίων.

810 3257 902 3311 Ill.
960 3255 1196 3324 Θεωρία.

1818 3136 1866 3199 ο

1875 528 2240 593 nominantes,
2266 527 2467 598 quippe
2503 543 2624 599 quae
2650 531 2856 586 sanctis
2883 546 3066 586 rerum
3099 530 3442 586 dividuarum

1874 618 2344 688 coniunctionibus
2374 622 2523 690 ipsos
2548 623 2616 677 ad
2654 622 2975 679 deiformem
3003 625 3293 694 quamdam
3324 625 3448 678 uni-

1877 721 2042 768 tatem
2074 713 2294 783 Deoque
2333 722 2542 789 gratam
2586 715 2980 786 perfectionem
3032 716 3310 773 adducat:
3341 730 3448 786 qua

1876 805 1944 861 de
1990 820 2155 862 causa
2192 821 2408 877 quoque
2442 806 2529 862 lex
2578 817 2769 863 sancta
2803 808 3177 880 perticientem
3212 810 3292 865 eis
3318 824 3449 880 gra-

1875 898 2007 954 tiam
2039 899 2283 965 indulsit,
2313 900 2502 970 eisque
2521 909 2935 956 consecrantem
2977 903 3268 970 quamdam
3302 901 3450 956 adhi-

1875 990 1970 1047 bet
1997 991 2155 1063 251
2192 994 2612 1061 invocationem,
2636 1009 2740 1050 non
2764 994 2980 1066 quidem
3007 993 3360 1065 pontiﬁciam,
3384 1008 3448 1050 ea

1876 1083 2022 1139 enim
2049 1086 2101 1139 in
2127 1086 2261 1142 solis
2282 1087 2457 1143 sacris
2484 1087 2771 1143 ordinibus
2796 1087 3105 1151 adhibetur,
3133 1088 3229 1142 sed
3255 1101 3449 1142 conse—

1877 1175 2173 1229 cratoriam
2217 1174 2455 1246 aliquam
2477 1217 2493 1243 ,
2518 1192 2640 1247 quae
2678 1192 2709 1232 a
2743 1177 2952 1232 sanctis
2985 1176 3363 1232 sacerdotibus
3395 1175 3450 1230 in

1877 1264 2221 1323 bierarcbica
2256 1269 2561 1326 initiatione
2587 1269 2829 1327 secundo
2854 1268 2976 1326 loco
3002 1268 3312 1325 adhibetur.

2039 1450 2103 1503 Il.
2143 1447 2456 1519 Mysterium
2498 1450 2813 1505 monasticis
2844 1450 3279 1504 consecrationis.

1950 1568 2223 1623 Sacerdos
2250 1566 2467 1637 quidem
2511 1576 2621 1621 stat
2670 1576 2800 1621 ante
2846 1566 3039 1630 altare,
3096 1565 3454 1620 monasticam

1879 1666 2066 1714 sancte
2098 1657 2334 1713 recitans
2366 1656 2804 1723 invocationem;
2833 1655 2882 1710 is
2919 1664 3101 1710 autem
3134 1655 3226 1725 qui
3266 1671 3456 1711 consc-

1881 1758 2067 1803 cratur
2095 1757 2203 1802 stat
2230 1757 2357 1817 post
2390 1746 2751 1813 sacerdotem,
2806 1760 2907 1802 nec
2958 1755 3250 1815 utrumque
3283 1762 3458 1815 neque

1883 1842 2046 1897 etiam
2079 1839 2311 1895 alterum
2339 1853 2482 1909 genu
2508 1838 2705 1904 ﬂectit,
2739 1853 2840 1895 nec
2874 1853 3037 1908 supra
3075 1847 3237 1909 caput
3294 1840 3459 1893 habet

1886 1916 2201 2001 Scripturas
2232 1945 2261 1984 a
2301 1929 2413 1984 Deo
2446 1930 2701 1994 traditas,
2731 1930 2827 1985 sed
2856 1938 3069 1984 tantum
3095 1938 3239 1984 astat
3268 1942 3458 1984 sacer-

1884 2024 1996 2079 doti
2053 2038 2217 2092 supra
2273 2021 2423 2077 illum
2473 2022 2758 2088 mysticam
2821 2021 3224 2077 invocationem
3272 2037 3460 2092 prose-

1883 2116 2094 2185 quenti.
2120 2115 2237 2182 Qua
2262 2114 2435 2181 finita,
2460 2114 2719 2170 sacerdos
2748 2115 2818 2169 ad
2843 2126 2966 2168 eum
2991 2113 3276 2175 accedens,
3305 2122 3460 2183 mgat

1884 2207 2059 2277 ipsum
2088 2208 2347 2277 primum,
2389 2221 2456 2261 an
2486 2206 2741 2262 omnibus
2794 2205 2958 2261 rebus
2986 2205 3219 2260 dividuis
3259 2220 3460 2260 renun-

1887 2300 2003 2362 tiet,
2032 2312 2138 2353 non
2164 2297 2339 2353 solum
2373 2296 2521 2360 vitis,
2543 2310 2734 2351 verum
2759 2296 2928 2350 etiam
2955 2294 3460 2364 imaginationibus.

1890 2392 2095 2447 Deinde
2126 2390 2350 2461 exponit
2382 2388 2458 2443 illi
2510 2389 2678 2443 vitam
2731 2387 3210 2459 perfectissimam,
3267 2396 3459 2442 conte-

1886 2492 2040 2539 stans
2072 2482 2221 2536 illum
2253 2482 2456 2536 debere
2487 2479 2719 2534 mediam
2754 2478 2971 2534 vivendi
2990 2479 3256 2534 rationem
3292 2492 3454 2546 supe-

1886 2588 2031 2629 rare.
2061 2573 2191 2640 Quae
2221 2574 2311 2629 ubi
2356 2572 2542 2626 omnia
2599 2572 2643 2624 is
2686 2570 2777 2639 qui
2826 2570 3076 2625 initiatur
3119 2571 3464 2625 continenter

1886 2667 2164 2739 professus
2190 2675 2297 2732 est,
2321 2666 2577 2721 sacerdos
2598 2679 2722 2718 eum
2757 2664 2920 2733 signo
2953 2663 3134 2719 crucis
3171 2665 3458 2734 consigna-

1891 2771 2001 2817 tum
2032 2760 2241 2826 tondet,
2278 2769 2391 2814 tres
2419 2771 2685 2827 personas
2709 2757 2906 2812 divinae
2932 2756 3286 2812 beatitudinis
3312 2759 3465 2811 invo-

1887 2852 2088 2917 cando,
2125 2852 2386 2920 omnique
2411 2859 2563 2904 veste
2586 2850 2856 2912 detracta,
2882 2864 3006 2904 eum
3040 2849 3145 2902 alia
3180 2849 3376 2915 induit,
3410 2861 3466 2903 ct

1888 2961 2009 3001 cum
2039 2945 2160 2999 aliis
2193 2945 2322 2999 viris
2355 2944 2562 2999 sanctis
2602 2942 2918 2998 astantibus
2965 2944 3139 3013 ipsum
3193 2942 3467 3008 salutans,

1889 3040 2210 3112 participem
2245 3040 2375 3098 facit
2402 3042 2711 3097 divinorum
2747 3041 3157 3113 mysteriorum.

2408 3245 2502 3299 ΙΙΙ.
2543 3242 2955 3314 Contemplatio.

1801 3389 1910 3463 ξι.

273 3559 350 3612 Τὸ
376 3558 579 3630 μηδένα
601 3560 718 3612 τοῖν
744 3560 922 3616 ποδοῖν
958 3560 1158 3616 κλίνειν
1183 3601 1198 3626 ,
1251 3560 1371 3632 μηδ’
1420 3561 1513 3613 ἐπὶ
1556 3560 1785 3632 κεφαλῆς

1970 3555 2125 3624 Quod
2152 3562 2403 3609 neutrum
2426 3565 2565 3621 genu
2590 3547 2851 3613 inﬂectat,
2885 3562 3061 3616 neque
3093 3544 3258 3616 capiti
3292 3544 3471 3613 impo-

200 3650 349 3722 ἔχειν
371 3649 443 3703 τὰ
482 3650 850 3721 Θεοπαράδοτα
874 3650 1048 3719 λόγια,
1074 3652 1408 3722 παρεστάναι
1454 3652 1511 3705 δὲ
1551 3651 1629 3722 τῷ
1671 3654 1781 3723 ἱερε

1898 3650 2030 3705 sitas
2059 3648 2261 3702 habeat
2283 3644 2543 3699 divinitus
2571 3641 2800 3696 traditas
2833 3638 3147 3708 Scripturas
3166 3678 3182 3705 ,
3207 3637 3302 3692 sed
3328 3637 3470 3690 assi-

200 3742 301 3813 τὴν
331 3741 618 3810 ἐπίκλησιν
644 3740 1021 3811 ἱερολογοὺντι,
1038 3740 1187 3811 δηλοῖ
1210 3740 1309 3812 τὴν
1332 3740 1627 3810 μοναχικὴν
1652 3738 1785 3805 τάξω

1898 3748 2006 3795 stat
2028 3736 2297 3793 sacerdoti
2346 3735 2717 3804 precationem
2751 3731 3033 3793 recitanti,
3067 3729 3333 3795 declarat,
3374 3743 3470 3781 or-

201 3834 304 3887 οὑκ
321 3829 463 3886 εἶναι
487 3832 908 3904 προσαγωγικὴν
932 3833 1152 3904 ἑτέρων,
1175 3832 1287 3886 ἀλλ’
1312 3832 1395 3901 ἐφ’
1421 3832 1616 3903 ἑαυτῆς
1632 3830 1802 3883 ἑστῶ-

1901 3829 2044 3884 diuis
2073 3826 2363 3881 monastici
2396 3840 2501 3881 non
2526 3838 2669 3892 esse,
2702 3824 2842 3879 alios
2867 3823 3160 3886 adducere,
3188 3821 3281 3876 sed
3307 3834 3473 3890 penes

203 3942 308 3979 σαν
322 3928 381 3978 ἐν
400 3924 658 3996 μοναδικῇ
686 3925 779 3977 καὶ
798 3926 917 3996 ἱερᾷ
933 3925 1136 3987 στάσει,
1152 3924 1271 3986 ταῖς
1292 3922 1589 3993 ίερατικαῖς
1608 3919 1785 3991 ὲπομέ·

1902 3919 2261 3987 semetipsum
2295 3926 2608 3971 manentem
2639 3916 2694 3970 in
2734 3915 2983 3971 solitario
3025 3929 3297 3982 sacroque
3324 3920 3471 3967 Statu

202 4036 305 4089 νην
326 4018 536 4082 τάξεσι,
561 4018 654 4070 καὶ
678 4016 813 4087 πρὸς
836 4015 1034 4079 αὐτῶν,
1057 4015 1132 4079 ὡς
1159 4014 1378 4076 ὀπαδὸν,
1405 4013 1498 4066 ἐπὶ
1520 4012 1619 4083 τὴν
1645 4012 1796 4066 θείαν

201 4114 315 4165 τῶν
339 4111 461 4164 κατ’
484 4110 653 4181 αὐτὴν
683 4109 845 4182 ἱερῶν
866 4110 1179 4180 ἐπιστήμην
1216 4104 1483 4169 εὐπειθῶς
1525 4104 1796 4175 ἀναγομέ-

204 4219 327 4274 νην.

1893 4008 2260 4068 sacerdotales
2285 4008 2510 4065 ordines
2538 4010 2714 4079 sequi,
2752 4010 2890 4064 etab
2920 4008 3008 4073 iis,
3035 4017 3288 4076 tanquam
3323 4018 3474 4058 asse-

1893 4107 2033 4161 clam
2070 4120 2280 4170 eorum,
2308 4106 2374 4159 ad
2394 4103 2640 4159 divinam
2670 4116 2957 4158 sacrorum
2977 4115 3098 4171 quae
3127 4099 3283 4154 illum
3308 4098 3474 4151 attin-

1894 4205 2027 4268 gunt
2064 4197 2351 4252 scientiam
2381 4195 2540 4251 facile
2570 4194 2807 4252 traduci.

1771 4352 1914 4430 5n.

294 4548 358 4601 Ἦ
382 4547 439 4600 δὲ
464 4547 574 4601 τῶν
600 4545 869 4619 μεριστῶν
892 4546 952 4599 οὐ
977 4544 1133 4617 μόνον
1160 4545 1336 4612 ζωῶν,
1379 4542 1515 4598 ἀλλὰ
1542 4541 1647 4614 μὴν
1697 4543 1785 4595 καὶ

1967 4543 2140 4599 Porro
2171 4544 2470 4599 divisarum
2489 4556 2594 4598 non
2619 4541 2790 4598 solum
2816 4541 3073 4607 vitarum,
3090 4556 3277 4596 verum
3304 4542 3470 4597 etiam

206 4639 525 4713 φαντασιῶν
551 4640 821 4711 άποταγὴ,
844 4639 940 4711 τὴν
978 4638 1323 4710 τελειοτάτην
1348 4637 1368 4669 ⁸
1394 4637 1649 4709 ἐμφαίνει
1684 4635 1794 4688 τῶν

209 4730 465 4805 μοναχῶν
491 4730 829 4800 φιλοσοφίαν,
858 4731 915 4783 ὲν
938 4730 1217 4801 ἐπιστήμῃ
1240 4726 1350 4781 τῶν
1374 4726 1633 4780 ὲνοποιῶν
1648 4727 1794 4778 ἐντο-

206 4824 319 4877 λῶν
346 4823 765 4895 ἐνεργουμένην.
794 4822 952 4874 Ἔστι
979 4822 1108 4895 γὰρ,
1135 4821 1209 4886 ὡς
1235 4820 1394 4892 ἔφην,
1413 4820 1472 4872 οὑ
1490 4818 1590 4889 τῆς
1623 4819 1795 4889 μέσης

204 4917 320 4970 τῶν
343 4914 681 4986 τελουμένων
701 4912 927 4979 τάξεως,
956 4912 1090 4965 ἀλλὰ
1108 4912 1208 4984 τῆς
1224 4910 1412 4965 πασῶν
1437 4909 1793 4981 ὑψηλοτέρας.

205 5009 305 5063 Διὸ
327 5010 424 5061 καὶ
450 5006 622 5061 πολλὰ
641 5006 751 5060 τῶν
776 5006 912 5076 πρὸς
940 5005 1039 5075 τῆς
1066 5006 1238 5077 μέσης
1260 5002 1468 5070 τάξεως
1491 5000 1795 5073 ἀκατακρί-

203 5119 319 5164 τως
336 5100 742 5171 ἐνεργουμένων
758 5098 1047 5170 ἀπείρηται
1065 5097 1252 5169 τρόπῳ
1268 5096 1432 5149 παντὶ
1450 5097 1560 5159 τοῖς
1577 5095 1797 5157 ἐνιαίοις

209 5197 497 5267 μοναχοῖς,
522 5194 597 5258 ὠς
621 5194 755 5262 πρὸς
778 5193 839 5246 τὸ
864 5192 922 5246 ἒν
950 5191 1128 5245 αὐτῶν
1174 5191 1495 5261 ὀφειλόντων
1538 5193 1799 5244 ἑνοποιεῖ-

205 5287 361 5351 σθαι,
387 5288 481 5339 καὶ
501 5287 637 5358 πρὸς
655 5286 806 5359 ἱερὰν
828 5285 1029 5357 μονάδα
1052 5285 1401 5353 συνάγεσθαι,
1424 5284 1675 5355 καὶπρὸς
1698 5284 1796 5354 τὴν

204 5380 523 5453 ῑερατικὴν,
557 5380 633 5444 ὡς
670 5379 910 5450 θεμιτὸν,
950 5376 1399 5449 ἀπομορφοῦσθαι
1434 5376 1597 5447 ζωὴν,
1621 5378 1696 5441 ὼς
1737 5377 1799 5429 τὸ

1896 4635 2287 4704 cogitationum
2320 4635 2676 4702 renuntiatio,
2702 4634 3157 4704 perfectissimam
3183 4634 3326 4688 illam
3358 4650 3476 4687 mo-

1900 4725 2199 4779 nachorum
2230 4726 2631 4795 philosophiam
2665 4726 2949 4790 declarat,
2982 4740 3103 4795 qua:
3137 4741 3203 4780 ex
3244 4726 3474 4780 uniﬂco-

1899 4832 2017 4870 rum
2053 4818 2429 4872 mandatorum
2460 4818 2689 4873 scientia
2718 4818 3011 4873 conﬂatur.
3067 4818 3161 4871 Est
3191 4817 3362 4881 enim,
3416 4826 3475 4868 nt

1901 4910 2034 4972 dixi,
2067 4926 2172 4965 non
2198 4911 2358 4965 medii
2386 4912 2594 4966 ordinis
2619 4926 2808 4965 eorum
2837 4914 2931 4981 qui
2960 4911 3159 4965 initiati
3204 4919 3331 4965 sunt
3374 4910 3474 4963 ba-

1903 4999 2124 5069 piismo,
2187 5000 2281 5053 sed
2322 4999 2568 5055 celsioris
2624 5001 2878 5056 omnibus
2917 5000 3221 5055 ordinibus.
3275 4997 3473 5065 Quam-

1899 5094 2088 5148 obrem
2122 5092 2287 5147 nmlta
2312 5107 2378 5146 ex
2410 5094 2499 5158 iis,
2526 5108 2645 5162 qua:
2666 5110 2695 5146 a
2717 5095 2893 5148 medio
2923 5094 3114 5149 ordine
3131 5094 3248 5147 sine
3284 5108 3472 5161 repre-

1899 5186 2163 5241 hensione
2180 5187 2339 5250 ﬁunt,
2361 5187 2642 5241 monachis
2666 5188 2781 5240 istis
2798 5186 2959 5256 252
2977 5185 3344 5256 singularibus
3360 5200 3447 5235 om
3466 5213 3474 5221 -

1901 5284 2031 5339 nino
2063 5282 2349 5337 interdicta
2377 5290 2523 5344 sunt,
2551 5281 2750 5349 quippe
2784 5282 2877 5348 qui
2928 5297 3048 5334 cum
3079 5294 3185 5333 uno
3222 5277 3472 5345 conjungi

1903 5378 2158 5440 debeant,
2182 5387 2236 5431 et
2264 5389 2389 5429 cum
2419 5388 2573 5430 sacra
2608 5374 2843 5428 monade
2872 5372 3135 5443 copulari,
3162 5380 3241 5431 let
3287 5370 3354 5423 ad
3381 5384 3472 5420 sa-

1515 5560 1742 5616 VARlAﬂ
1776 5560 2183 5620 LECTIONES.

284 5702 303 5731 ¹
332 5701 722 5773 ὀνομάσαντες,
764 5701 826 5757 D.
857 5700 920 5756 P.
996 5704 1017 5733 '
1046 5701 1499 5772 ὑπανεστηκέναι,
1538 5700 1599 5753 D.
1660 5701 1697 5773 7'
1721 5700 1930 5773 ίερέων,
1956 5701 2023 5755 Μ.
2102 5701 2124 5734 ⁵
2144 5700 2502 5771 τελεωτάτην,
2548 5701 2604 5754 S.
2637 5698 2698 5754 Ρ.
2714 5699 2899 5773 Variat
2925 5706 3183 5773 perpetuo
3206 5696 3474 5765 scriptura

208 5772 377 5844 huius
434 5771 618 5839 vocis,
646 5774 761 5829 sive
792 5789 1010 5840 noxtten,
1038 5774 1153 5829 sive
1178 5771 1424 5842 verbum,
1458 5777 1569 5829 sive
1607 5771 1922 5829 adverbium
1952 5775 2042 5831 sit.
2080 5773 2257 5832 Semel
2281 5775 2381 5828 huc
2415 5773 2672 5844 intellige,
2706 5788 2772 5829 ne
2798 5772 3007 5841 longior
3030 5771 3155 5824 sim.
