3876 6226
373 252 479 310 535

1541 249 1597 305 S.
1642 252 1938 309 DIONYSII
1971 252 2439 312 AREOPAGITE

3514 260 3613 316 5‘56

373 365 732 430 cerdotalem,
764 372 1029 434 quantum
1061 360 1146 418 fas
1167 371 1273 427 est,
1302 362 1470 419 vitam
1497 366 1796 428 efformari.
1828 378 1950 423 tan-

2075 372 2316 439 πνγγενὲς
2344 370 2512 441 αὐτῆς
2539 370 2767 440 ἔχουσαν
2790 372 2849 424 ἐν
2870 370 3104 437 πολλοῖς,
3130 374 3223 426 καὶ
3250 372 3452 445 μᾶλλον
3479 376 3613 449 αὐτῇ

373 472 539 529 quam
569 457 660 525 qui
697 470 805 525 pra:
832 456 1044 508 caeteris
1077 455 1331 518 initiatis,
1360 471 1483 511 cum
1506 458 1617 525 hoc
1659 461 1853 515 ordine
1884 464 1939 516 in

378 548 627 619 plurimis
672 546 1025 612 conveniunt,
1085 546 1459 618 majoremque
1488 548 1806 606 afﬁnitatem
1841 552 1941 607 ba—

376 642 523 696 bent.

2049 463 2199 534 παρά
2223 463 2322 527 τὰς
2345 462 2536 520 λοιπὰς
2558 463 2666 515 τῶν
2700 463 3037 534 τελουμένων
3075 464 3257 530 τάξεις
3291 466 3594 538 πλησιάζον

2051 571 2165 607 σαν.

1918 786 1945 857 §
1979 782 2087 843 Ill.

450 927 673 996 Signum
716 940 843 982 vero
867 925 1049 997 ﬁgura:
1085 926 1285 994 crucis,
1326 936 1386 981 ut
1426 928 1628 983 dictum
1659 937 1765 992 est,
1800 929 1946 983 desi-

382 1028 510 1087 gnat
542 1018 784 1081 omnium
815 1019 1113 1074 carnalium
1138 1019 1532 1075 desideriorum
1566 1021 1947 1089 privationem.

382 1108 629 1163 'l'onsura
658 1123 821 1177 porro
869 1108 1215 1179 capillorum,
1276 1110 1438 1163 vitam
1488 1110 1707 1165 omnino
1746 1111 1951 1164 indicat

384 1200 695 1255 nullatenus
719 1200 976 1265 fucatam,
1002 1216 1177 1269 neque
1203 1202 1392 1269 ﬁguris
1408 1200 1550 1256 ﬁctis
1604 1202 1947 1266 ascititiisvc,

383 1291 580 1361 quibus
631 1293 833 1345 mentis
866 1290 1186 1345 deformitas
1218 1301 1452 1360 tegatur,
1489 1292 1947 1356 calamistratam;

382 1382 474 1436 sed
507 1397 603 1450 per
631 1384 863 1452 seipsam
898 1398 1003 1436 non
1034 1384 1283 1436 humanis
1329 1384 1685 1447 ornamentis,
1710 1385 1803 1437 sed
1841 1386 1951 1437 sin-

382 1474 661 1544 gularibus
685 1490 747 1528 ac
783 1475 997 1527 uniﬁeis
1027 1473 1323 1529 virtutibus
1367 1475 1434 1529 ad
1467 1475 1705 1528 divinam
1736 1477 1952 1545 penitus

383 1565 817 1620 conformitatem
848 1576 1115 1619 evectam.

2130 927 2192 980 Ἦ
2214 927 2269 979 δέ
2292 926 2386 979 τοῦ
2415 926 2789 999 σταυροειδοῦς
2811 925 2982 980 τύπου
3007 924 3345 997 σφραγὶς,ι³›ς
3365 924 3465 996 ἤδη
3496 923 3625 995 παρ’

2050 1016 2203 1087 ἡμῶν
2225 1017 2472 1089 εἴρηται,
2498 1018 2647 1089 δηλοί
2666 1017 2762 1088 τὴν
2804 1018 2991 1071 πασῶν
3030 1016 3164 1087 ὁμοῦ
3204 1015 3311 1069 τῶν
3350 1016 3627 1086 σαρκικῶν

2050 1110 2282 1182 ὀρέξεων
2307 1112 2713 1183 ἀνενεργησίαν.
2762 1113 2825 1165 Ἡ
2851 1112 2908 1165 δὲ
2944 1112 3055 1165 τῶν
3088 1112 3293 1185 τριχῶν
3319 1113 3629 1182 ἀπόκαρσις

2051 1201 2303 1271 ἐμφαίνει
2327 1204 2426 1272 τὴν
2477 1202 2723 1274 καθαράν
2772 1204 2863 1256 καὶ
2901 1204 3307 1275 ἀσχημάτιστον
3344 1202 3494 1272 ζωὴν
3531 1206 3631 1257 οὐκ

2052 1292 2402 1356 ἐπιπλάστοις
2430 1296 2670 1365 σχήμασι
2694 1296 2754 1348 τὸ
2780 1295 2920 1348 κατά
2944 1295 3067 1347 νοῦν
3102 1295 3340 1357 δυσειδὲς
3387 1294 3633 1347 ἐπιθετι-

2061 1384 2171 1447 κῶς
2194 1384 2637 1449 καλλωπίζουσαν
2658 1427 2672 1450 ,
2716 1386 2827 1439 ἀλλ’
2871 1387 3040 1455 αὐτὴν
3084 1386 3167 1454 ἐφ’
3193 1385 3393 1454 ἐαυτῆς
3415 1386 3515 1438 οὐκ
3539 1386 3634 1437 ἀν-

2061 1475 2351 1545 Ορωπικοῖς
2377 1476 2644 1539 κάλλεσιν,
2689 1477 2800 1530 ἀλλ’
2827 1477 3046 1540 ἐνιαίοις
3087 1478 3182 1530 καὶ
3223 1479 3472 1547 μοναχοίς
3506 1478 3527 1507 ⁸
3556 1477 3636 1539 εἰς

2059 1566 2119 1619 τὸ
2146 1566 2541 1622 θεοειδέστατον
2568 1569 2929 1640 ἀναγομένην.

1923 1754 1951 1827 5
1983 1750 2083 1813 ιν.

456 1895 664 1951 Prioris
691 1907 872 1950 autem
896 1894 1065 1951 vestis
1088 1894 1374 1957 detractio,
1408 1904 1463 1949 et
1487 1895 1713 1949 alterius
1741 1910 1953 1949 assum-
1984 1900 2025 1957 ιι

386 1989 521 2057 ptio,
558 1986 829 2054 signiﬁcat
860 2001 888 2038 a
918 1986 1093 2040 media
1116 1996 1305 2039 sancta
1328 1987 1435 2038 vita
1459 1985 1525 2038 ad
1568 1986 1952 2053 perfectiorem

389 2079 811 2142 traductionem,
864 2078 1011 2131 sicut
1058 2078 1111 2130 in
1159 2078 1340 2131 divina
1402 2076 1490 2129 illa
1546 2076 1956 2145 regeneratione

388 2169 560 2225 vestis
597 2166 904 2222 immutatio
928 2166 1241 2221 declarabat
1291 2166 1522 2234 expiata:
1558 2167 1683 2221 vita:
1731 2170 1797 2221 ad
1826 2184 1956 2221 con-

390 2260 679 2329 templandi
715 2268 771 2313 et
802 2260 1132 2328 intclligendi
1162 2269 1363 2313 statum
1412 2259 1953 2329 transntlgrationem

387 2359 443 2405 et
468 2350 828 2404 evectionem.
861 2348 1011 2414 Quod
1039 2350 1082 2401 si
1114 2350 1272 2403 modo
1303 2363 1520 2418 quoque
1561 2358 1669 2403 tam
1699 2355 1959 2405 sacerdos

388 2456 552 2511 quam
585 2450 828 2495 astantes
862 2456 1054 2495 omnes
1083 2442 1185 2495 viri
1216 2443 1389 2494 sancti
1435 2441 1711 2496 initiatum
1759 2457 1958 2496 consa—

391 2533 586 2592 Intenl,
620 2546 686 2585 ex
730 2532 833 2586 hoc
883 2541 1131 2585 sanctam
1171 2532 1412 2602 intellige
1466 2533 1707 2587 virorum
1759 2534 1961 2589 deifor-

393 2624 559 2676 mium
587 2624 930 2685 societatem,
957 2624 1131 2678 amice
1165 2624 1267 2679 sibi
1297 2634 1485 2678 mutuo
1504 2625 1689 2679 divina
1719 2638 1842 2681 cum
1869 2625 1961 2680 lae-

392 2717 509 2772 titla
531 2715 1045 2791 congratulantium.

2134 1897 2197 1951 'H
2222 1898 2279 1950 δὲ
2302 1897 2403 1967 τῆς
2432 1897 2703 1969 προτέρας
2728 1895 2953 1965 ἐσθῆτος
2976 1893 3235 1966 ἀποϐολὴ,
3260 1895 3353 1947 καὶ
3388 1895 3488 1965 τῆς
3525 1895 3643 1948 ἑτέ-

2064 2005 2162 2059 ρας
2190 1988 2370 2057 λῆψις,
2397 1989 2495 2059 τὴν
2535 1988 2641 2039 ἀπὸ
2668 1987 2837 2057 μέσης
2867 1989 3016 2058 ίερᾶς
3038 1984 3182 2057 ζωῆς
3206 1988 3296 2040 ἐπὶ
3318 1987 3415 2057 τὴν
3439 1988 3646 2039 τελειο-

2061 2080 2223 2151 τέραν
2251 2080 2541 2152 μετάταξιν
2574 2080 2861 2151 ἐμφαίνει,
2912 2080 3162 2151 καθάπερ
3208 2079 3299 2131 ἐπὶ
3342 2080 3441 2149 τῆς
3489 2081 3646 2149 ἱερὶς

2064 2172 2403 2241 θεογενεσίας
2436 2176 2468 2244 ὴ
2492 2172 2591 2241 τῆς
2607 2172 2829 2243 ἐσθῆτος
2852 2172 3075 2244 ἀμειψις
3098 2171 3282 2243 ἐδήλου
3308 2170 3405 2241 τὴν
3429 2173 3641 2224 ἀποκα-

2065 2263 2395 2335 θαιρομένης
2421 2264 2564 2333 ζωῆς
2588 2265 2667 2327 είς
2693 2264 3033 2335 θεωρητικὴν
3058 2263 3151 2316 καὶ
3175 2263 3506 2332 φωτιστικὴν
3530 2263 3649 2329 ’ἐξω

2063 2357 2351 2427 ἀναγωγήν
2369 2357 2409 2409 ⁸.
2435 2357 2497 2409 Εἰ
2523 2357 2578 2409 δὲ
2604 2357 2698 2409 καὶ
2726 2355 2817 2408 νῦν
2844 2356 2871 2407 ὸ
2894 2355 3070 2427 ἱερεύς
3096 2372 3155 2407 τε
3181 2356 3276 2407 καὶ
3302 2354 3503 2417 πάντες
3531 2357 3648 2408 ὅσοι

2066 2452 2315 2523 πάρεισιν
2338 2453 2491 2523 ἱεροὶ,
2519 2451 2610 2503 τὸν
2633 2450 3016 2521 τετελεσμένον
3044 2448 3398 2512 ἀσπάζονται,
3437 2448 3538 2518 τὴν
3570 2450 3649 2500 ia-

2068 2543 2167 2615 ράν
2188 2542 2297 2595 τῶν
2322 2542 2568 2595 θεοειδῶν
2595 2544 2847 2615 ἐννόησον
2872 2542 3175 2606 κοινωνίαν,
3205 2541 3566 2611 ἀγαπητικώς
3593 2544 3654 2594 ἐν

2064 2633 2373 2706 εὐφροσύνῃ
2396 2633 2516 2705 Θείᾳ
2542 2634 2914 2705 συνηδομένων
2939 2632 3212 2703 ἀλλήλοις.

1973 2882 2110 2956 5V.

466 3027 582 3085 Sub
604 3027 765 3082 ﬁnem
798 3024 1032 3096 denique
1060 3025 1316 3082 sacerdos
1353 3026 1628 3083 initiatum
1676 3028 1869 3085 invitat
1896 3029 1963 3085 ad

396 3121 720 3190 praecipuam
748 3118 890 3171 illam
923 3118 1014 3172 Dei
1040 3119 1498 3186 communionem,
1531 3128 1718 3175 sancte
1743 3135 1840 3190 per
1865 3123 1967 3177 hoc

397 3214 669 3277 indicans,
701 3226 823 3266 eum
858 3211 949 3281 qui
983 3211 1228 3265 initiatus
1253 3220 1359 3275 est,
1402 3212 1447 3266 si
1490 3227 1617 3267 vere
1666 3213 1734 3267 ad
1772 3229 1965 3268 mona-

399 3309 595 3363 sticunl
624 3306 756 3360 illud
788 3303 1060 3374 singulare
1094 3304 1401 3357 institutum
1454 3305 1762 3373 pervenerit
1790 3344 1805 3369 ,
1857 3321 1964 3359 non

399 3401 574 3456 solum
598 3414 784 3453 eorum
809 3412 928 3466 qua:
952 3398 1017 3451 ad
1044 3396 1213 3465 ipsum
1243 3396 1520 3465 pertinent
1543 3412 1821 3451 sacrorum
1845 3414 1967 3467 spc-

398 3503 661 3549 ctatorem
698 3491 837 3553 fore,
870 3505 972 3544 nec
998 3505 1062 3543 ea
1088 3491 1352 3542 duntaxat.
1383 3490 1592 3545 ratione
1615 3504 1719 3557 qua
1754 3490 1966 3545 medius

399 3584 532 3638 ordo
556 3585 623 3636 ad
659 3580 1128 3636 sanctissimorum
1186 3586 1659 3634 sacramentorum
1720 3594 1966 3633 COIIllllu-

404 3679 617 3731 nionem
649 3687 1027 3736 accessurum;
1057 3685 1246 3725 verum
1304 3669 1465 3724 etiam
1519 3671 1703 3724 divina
1753 3670 1966 3724 illorum

403 3784 523 3838 qnze
579 3765 824 3836 percepit
872 3772 1343 3817 sacramentorum
1397 3760 1705 3829 cognitione
1747 3760 1969 3823 fretum,

406 3861 514 3914 alio
537 3857 697 3912 modo
720 3871 881 3925 quam
917 3864 1142 3908 sanctus
1161 3851 1391 3922 populus
1421 3853 1487 3905 ad
1513 3852 1707 3905 divinae
1727 3867 1971 3907 commu-

407 3951 585 4005 nionis
611 3945 1082 4017 participationem
1120 3942 1568 4011 prontovendutn.
1596 3940 1749 3994 Hanc
1785 3942 1971 4010 utique

405 4043 476 4097 ob
509 4053 752 4099 causam,
778 4034 951 4090 sacris
973 4034 1137 4087 etiam
1174 4031 1477 4096 ordinibus,
1534 4032 1634 4086 sub
1666 4033 1825 4086 ﬁnem
1874 4047 1970 4086 eo-

406 4136 649 4190 rumdetn
698 4129 1056 4185 sanctissima:
1116 4126 1563 4189 consecrationis,
1622 4126 1973 4181 divinissimte

407 4225 752 4286 eucharistia:
783 4220 1094 4279 communio
1121 4220 1354 4273 traditur
1382 4235 1410 4272 a
1445 4219 1699 4289 pontifice
1728 4221 1819 4288 qui
1855 4220 1974 4275 illos

407 4320 778 4383 consecravit;
822 4333 927 4371 non
983 4315 1187 4368 idcirco
1233 4314 1428 4377 solum,
1467 4313 1609 4381 quod
1667 4312 1973 4366 divinorum

406 4413 683 4484 perceptio
712 4408 1096 4481 mysteriorum
1134 4406 1205 4458 sit
1237 4418 1447 4457 summa
1481 4404 1724 4471 quaedam
1751 4403 1979 4468 cujusli-

409 4507 503 4561 bet
552 4504 906 4560 hierarchica:
933 4495 1369 4569 participationis
1399 4535 1415 4557 ,
1462 4510 1649 4548 verum
1687 4496 1877 4559 etiam,
1920 4505 1978 4549 ut

409 4613 596 4651 omnes
618 4596 757 4649 sacri
786 4593 1004 4648 ordines
1028 4592 1218 4659 ipsius,
1248 4588 1391 4657 quod
1434 4590 1869 4642 communicatur
1895 4589 1977 4641 di-

2150 3032 2237 3086 Ἐν
2274 3032 2416 3086 τέλει
2455 3031 2513 3085 δὲ
2562 3032 2772 3085 πάντων
2814 3029 2840 3082 ὁ
2867 3027 3045 3100 ἱερεὺς
3084 3026 3177 3079 ἐπὶ
3210 3023 3309 3095 τὴν
3349 3021 3657 3093 θεαρχικὴν

2068 3124 2351 3179 κοινωνίαν
2374 3123 2528 3177 καλεῖ
2561 3124 2653 3176 τὸν
2692 3121 3105 3193 τετελεσμένον,
3144 3116 3419 3189 ἐμφαίνων
3465 3114 3657 3186 ἰερὼς,

2070 3217 2144 3281 ὡς
2168 3219 2195 3269 ὁ
2216 3214 2508 3280 τελεσθεὶς,
2539 3214 2657 3268 εἷπε
2667 3230 2699 3285 ρ
2724 3214 2939 3285 ἀληθῶς
2960 3215 3050 3265 ἐπ)¹
3072 3213 3171 3282 τὴν
3202 3209 3497 3282 μοναχικὴν
3524 3209 3658 3276 ἁιρί-

2069 3325 2215 3362 κοιτο
2244 3307 2336 3359 καὶ
2378 3308 2582 3365 ἑνιαίαν
2629 3306 2917 3377 ἀναγωγὴν
2941 3307 2991 3371 ⁷,
3029 3306 3087 3357 οὐ
3118 3303 3449 3374 θεωρητικὸς
3490 3302 3659 3370 μόνον

2070 3400 2221 3452 ἔσται
2248 3399 2354 3453 τῶν
2380 3399 2499 3451 κατ’
2525 3399 2683 3453 αὑτὸν
2734 3398 2916 3468 ἱερῶν,
2960 3396 3077 3449 οὑδέ
3103 3393 3243 3447 κατά
3286 3393 3458 3463 μέσην
3498 3391 3659 3457 τάξιν

2070 3490 2161 3543 ἐπὶ
2184 3489 2281 3560 τὴν
2307 3491 2588 3543 κοινωνίαν
2604 3489 2723 3559 ⁴ἣξει
2746 3489 2853 3541 τῶν
2871 3491 2915 3540 ἱε
2925 3488 3173 3559 ρωτάτων
3198 3483 3499 3555 συμϐόλων,
3517 3483 3661 3536 ἀλλά

2074 3581 2214 3652 μετά
2239 3582 2388 3644 Θείας
2402 3580 2509 3635 τῶν
2526 3583 2616 3634 ὑπ’
2640 3578 2803 3633 αὑτοῦ
2833 3578 3205 3649 μετεχομένων
3221 3574 3381 3645 ἱερῶν
3396 3571 3661 3643 γνώσεως

2071 3674 2239 3744 ἑτέρῳ
2262 3674 2445 3744 τρόπῳ
2472 3672 2621 3744 παρά
2642 3672 2732 3724 τὸν
2759 3670 2901 3742 ἱερὸν
2927 3669 3052 3721 λαὸν
3088 3669 3179 3721 ἐπὶ
3211 3667 3308 3737 τὴν
3351 3663 3662 3736 μετάληψιν

2071 3765 2189 3835 ἥξει
2216 3766 2317 3835 τῆς
2344 3765 2636 3836 θεαρχικῆς
2659 3764 2961 3826 κοινωνίας.
2981 3762 3070 3815 Διὸ
3091 3760 3185 3813 καὶ
3208 3761 3327 3821 ταῖς
3346 3758 3663 3828 ίερατικαῖς

2070 3858 2308 3924 τάξεσιν,
2327 3859 2384 3910 ἐν
2400 3861 2521 3921 ταῖς
2547 3855 2995 3928 ἱεροτελεστικαῖς
3012 3852 3188 3907 αὐτῶν
3215 3850 3577 3921 ἀγιαστείαις,
3601 3850 3664 3901 ἐν

2070 3951 2213 4004 τέλει
2233 3950 2339 4003 τῶν
2364 3950 2673 4021 ίερωτάτων
2698 3948 2875 4001 αὐτῶν
2900 3946 3277 4019 ἀφιερώσεων,
3303 3946 3337 4014 ἡ
3358 3943 3457 4013 τῆς
3484 3945 3664 4010 ἁγιω-

2072 4045 2238 4114 τάτης
2266 4042 2610 4113 εὐχαριστίας
2653 4040 2905 4093 κοινωνία
2934 4037 3268 4110 μεταδίδοται
3286 4036 3421 4107 πρὸς
3448 4034 3542 4087 τοῦ
3571 4051 3665 4085 τε-

2074 4134 2325 4195 λέσαντος
2348 4131 2513 4194 αὑτὰς
2539 4132 2791 4202 ἱεράρχου
2811 4147 2824 4160 ο
2853 4131 2911 4181 οὐ
2960 4130 3119 4198 μόνον
3155 4127 3236 4179 ὅτι
3288 4124 3395 4177 τῶν
3438 4124 3665 4194 Θεαρχι-

2075 4225 2187 4277 κῶν
2217 4224 2527 4295 μυστηρίων
2556 4225 2587 4293 ὴ
2616 4221 2909 4293 μετάληψις
2932 4221 3168 4290 ἑκάστης
3191 4215 3512 4289 ἱεραρχικῆς
3533 4213 3662 4284 μεθ-

2077 4316 2241 4383 έξεώς
2265 4318 2377 4369 ἐστι
2418 4316 2479 4368 τὸ
2517 4314 2831 4384 κεφάλαιον,
2856 4312 2969 4365 ἀλλ’
2995 4313 3081 4364 ὅτι
3104 4310 3196 4362 καὶ
3231 4306 3403 4376 αὐτῆς
3426 4307 3525 4375 τῆς
3548 4323 3664 4358 κοι-

2076 4411 2309 4481 νωνικῆς
2332 4412 2425 4463 καὶ
2452 4410 2729 4477 θειοτάτης
2746 4409 2767 4439 ⁸
2786 4407 2991 4478 δωρεᾶς
3015 4403 3291 4470 ἀναλόγως
3318 4401 3509 4462 αὑταῖς
3533 4398 3660 4451 καθ’

2079 4504 2313 4572 ἑκάστην
2352 4502 2405 4553 αί
2434 4501 2575 4571 ἱεραὶ
2620 4500 2791 4552 πᾶσαι
2836 4497 3021 4562 τάξεις
3069 4493 3353 4565 μετέχουσι
3380 4488 3515 4559 πρὸς
3559 4488 3663 4558 τὴν

2078 4594 2282 4647 οἰκείαν
2304 4592 2480 4645 αὐτῶν
2503 4594 2599 4662 τῆς
2627 4591 2873 4652 θεώσεως
2897 4590 2917 4621 ⁹
2943 4586 3229 4655 ἀναγωγὴν
3247 4584 3340 4635 καὶ
3358 4580 3661 4633 τελείωσιν.

410 4688 673 4743 vinissimi
707 4687 947 4740 muneris
970 4700 1068 4753 pro
1088 4693 1249 4752 captu
1269 4698 1364 4734 suo
1380 4681 1671 4750 participes
1694 4680 1965 4734 exsistant.

2088 4686 2355 4755 Συνῆκται
2380 4684 2556 4737 τοίνυν
2582 4684 2731 4752 ἡμῖν,
2755 4680 2829 4743 ὼς
2846 4683 2898 4732 αἱ
2928 4680 3025 4751 μὲν
3051 4679 3200 4746 ἅγιαι
3224 4670 3435 4725 τελεταὶ
3462 4667 3664 4738 κάθαρ-

414 4783 480 4836 ad
509 4795 620 4835 suae
649 4778 1010 4832 deiﬁcationis
1066 4778 1465 4845 promotionem
1500 4785 1661 4842 atque
1688 4773 1983 4843 perfectio-

414 4888 561 4928 nem.
591 4868 915 4925 Conclusum
941 4869 1104 4936 igitur
1123 4882 1150 4918 a
1178 4867 1332 4919 nobis
1355 4866 1497 4933 quod
1527 4876 1732 4920 sancta:
1763 4867 1980 4935 quidem

414 4963 755 5018 initiationes
792 4958 902 5012 sint
925 4956 1189 5024 expiatio,
1214 4964 1265 5009 et
1292 4956 1644 5020 illuminatio,
1696 4965 1752 5010 et
1802 4956 1983 5026 perfe-

415 5067 561 5119 ctio;
593 5052 827 5106 ministri
856 5067 983 5105 vero
1008 5050 1117 5102 sint
1145 5049 1355 5103 ordinis
1382 5048 1695 5115 expiatorii,
1726 5049 1983 5102 sacerdo-

417 5160 501 5201 tes
529 5144 688 5215 253
709 5142 1052 5205 illustrantis,
1086 5141 1370 5209 pontifices
1405 5141 1636 5206 denique
1664 5139 1979 5203 deifortnes,

414 5241 860 5298 consummantis.
903 5237 1045 5291 Ordo
1082 5245 1264 5290 autem
1292 5238 1382 5305 qni
1417 5236 1668 5304 expiatur
1695 5250 1977 5291 sacrorum

418 5343 637 5403 aspectu
663 5339 825 5401 atque
850 5331 1231 5385 communione
1258 5327 1555 5381 frustratur
1583 5366 1598 5392 ,
1626 5329 1768 5395 quod
1804 5329 1981 5381 adhuc

2089 4777 2173 4839 σίς
2198 4777 2301 4828 εἰσι
2328 4776 2422 4827 καὶ
2446 4773 2724 4843 φωτισμδς
2750 4774 2843 4824 καὶ
2868 4770 3143 4831 τελείωσις
3163 4785 3174 4795 ·
3204 4767 3250 4818 οἱ
3276 4764 3330 4817 δὲ
3356 4759 3663 4847 λειτουργοὶ

2087 4868 2394 4941 καθαρτικὴ
2414 4868 2585 4933 τάξις,
2611 4868 2657 4918 οἱ
2685 4865 2741 4918 δὲ
2783 4867 2946 4934 ἱερεῖς
2991 4859 3287 4931 φωτιστική
3309 4871 3323 4885 ο
3372 4849 3660 4919 τελεστικὴ

2086 4963 2142 5015 δὲ
2168 4964 2214 5015 οἱ
2241 4961 2489 5024 θεοειδεῖς
2513 4960 2782 5030 ίεράρχαι.
2810 4952 3193 5025 Καθαιρομένη
3219 4949 3274 5001 δὲ
3300 4946 3452 5008 τάξις
3476 4946 3509 5012 ἡ
3559 4942 3661 5010 τῆς

2088 5056 2240 5125 ἱερᾶς
2268 5053 2494 5122 ἐποψίας
2520 5052 2613 5103 καί
2638 5049 2919 5109 κοινωνίας
2946 5045 3229 5116 ἀμέτοχος,
3254 5040 3329 5101 ὡς
3353 5038 3431 5089 ἔτι
3470 5032 3653 5087 καθαι-

2090 5147 2310 5218 ρομένη.
2329 5143 2645 5215 Θεωρητικὴ
2667 5142 2722 5193 δὲ
2737 5139 2887 5204 τάξις
2906 5141 2935 5191 ὁ
2956 5137 3095 5208 ἱερὸς
3114 5133 3258 5195 λαός.
3287 5127 3659 5218 Τετελεσμένη

2087 5212 2321 5302 cerasi;
2346 5238 2377 5306 ἡ
2567 5233 2779 5284 ἐνιαίων
2817 5228 3079 5301 μοναχῶν.
3124 5223 3279 5276 Οὕτω
3316 5219 3425 5289 γὰρ
3536 5212 3659 5306 διαίὲ⁹

2090 5328 2234 5398 ἡμᾶς
2263 5302 2530 5395 ἱεραρχία,
2556 5324 2674 5385 ταῖς
2699 5318 3108 5391 θεοπαραδότοις
3133 5312 3347 5379 τάξεσιν
3375 5304 3538 5376 ἱερῶς
3574 5302 3660 5353 εὑ-

1686 5465 1921 5523 νΑιιιΑῑ
1957 5462 2361 5520 LECTIONES.

491 5627 513 5662 ³
545 5633 873 5701 μοναχνκοῖς,
910 5630 1003 5683 Ch.
1034 5626 1095 5681 P.
1195 5628 1213 5657 “
1242 5625 1333 5679 καὶ
1362 5623 1667 5695 ἀναγωγήν,
1699 5622 1798 5676 (lit.
1878 5620 1896 5647 ⁷
1922 5620 2147 5689 ἁςίκετο
2167 5661 2179 5685 ,
2207 5628 2257 5674 cl
2286 5618 2528 5689 ἀγωγήν,
2560 5616 2617 5670 D.
2652 5612 2708 5670 S.
2733 5622 2787 5669 et
2823 5610 2974 5669 Vien.
3075 5608 3096 5641 ⁸
3119 5601 3422 5667 κοινωνίαςι
3451 5600 3547 5655 (λλ
3582 5596 3651 5651 “-

422 5702 512 5753 καὶ
540 5690 712 5763 Θείαςῖ
738 5704 793 5753 Ι).
834 5690 893 5732 ”⁹
932 5700 1149 5761 θέσεως.
1190 5698 1254 5751 Μ.
1290 5698 1342 5751 5.
