3876 6226
248 273 353 329 537

932 266 1020 320 DE
1062 266 1345 323 ECCLES.
1386 262 1787 327 HIERARCH.,
1823 263 1979 322 CAP.
2017 263 2105 320 Vl.
2142 294 2209 302 —
2248 261 2571 318 CORDERII
2602 257 2833 314 ΝΟΤιΕ.

3408 257 3510 310 558

246 382 570 453 θετουμένη,
597 384 720 445 ταῖς
743 380 1019 453 οὐρανίαις
1057 380 1357 451 ἱεραρχίαις
1393 378 1643 449 ὁμοειδής
1681 380 1798 430 ἐστι

1937 378 2234 447 expiationi
2267 388 2442 433 vacet.
2480 377 2627 431 Ordo
2657 386 2842 429 autem
2898 372 2984 427 cui
3017 386 3304 426 sacrorum
3354 388 3502 439 aspco

242 479 369 541 τοὺς
383 477 753 546 θεομιμήτους
772 474 942 543 αὐτῆς
964 474 1038 537 ὡς
1055 474 1111 527 ὲν
1127 473 1385 544 ἀνδράσιν
1409 470 1769 535 ἀποσώζουσα
1788 472 1829 503 ¹⁶

240 569 339 622 καὶ
364 567 616 630 θεοειδεῖς
641 565 1017 637 χαρακτῆρας.

1938 482 2058 524 ctus
2109 468 2439 537 indulgetur,
2498 471 2617 538 pius
2670 476 2755 521 est
2799 465 3053 536 populus.
3115 463 3265 519 Ordo
3324 471 3507 515 autem

1938 562 2213 629 perfectus
2257 572 2340 615 est
2370 560 2731 631 Singularium
2784 558 3203 612 monachorum.
3235 554 3314 608 lta
3359 557 3507 608 enim

240 659 559 714 hierarchia
617 668 801 712 nostra
827 658 1113 710 ordinibus
1143 672 1171 709 a
1202 656 1313 710 Deo
1345 653 1565 709 traditis
1622 660 1808 707 sancte
1852 652 2086 722 digesta,
2117 650 2415 705 conformis
2459 660 2544 705 est
2598 649 2915 704 caelestibus
2972 645 3329 710 liicrarcbiis,
3383 644 3506 698 dum

239 749 539 805 deiformes
584 757 742 803 notas
768 748 1030 818 signaque
1066 748 1233 801 Deum
1255 742 1621 815 exprimentia
1655 757 1753 811 pro
1791 742 1997 798 viribus
2020 749 2331 796 conservat.

1810 899 1982 975 ενι.

306 1049 448 1101 Ἀλλ’
471 1050 639 1122 ἐρεῖς,
661 1050 744 1104 ὅτι
766 1052 884 1113 ταῖς
905 1048 1181 1123 οὐρανίαις
1199 1048 1502 1121 ἱεραρχίαις
1517 1046 1820 1100 ἐλλείπουσι

233 1143 459 1207 πάντως
486 1146 541 1196 αἱ
568 1143 965 1214 καθαιρόμεναι
984 1143 1165 1209 τάξεις
1192 1143 1272 1215 (οὐ
1297 1142 1406 1212 γὰρ
1439 1141 1678 1211 θεμιτὸν,
1701 1140 1823 1193 οὐδὲ

229 1234 435 1305 ἀληθὲς
460 1236 655 1296 εἰπεῖν,
684 1235 759 1298 ὼς
787 1234 902 1288 ἐστι
935 1253 1019 1298 τις
1043 1236 1270 1306 οὐρανία
1304 1234 1659 1303 διακόσμησις
1698 1235 1823 1284 ἐνα-

229 1325 361 1394 γής)
378 1341 391 1352 ο
416 1324 527 1392 ἐγὼ
547 1325 625 1386 δὲ,
653 1326 733 1378 ὅτι
762 1325 860 1394 μὲν
887 1323 1154 1397 ἀλώδητοι
1184 1323 1461 1387 παντελῶς
1484 1326 1611 1388 εἰσι,
1639 1322 1734 1376 καὶ
1758 1322 1819 1375 τὸ

229 1418 507 1484 πάναγνον
524 1418 626 1469 ὐπε
634 1417 908 1487 ρκοσμίως
924 1415 1155 1486 ἔχουσιν,
1173 1415 1405 1486 ὁμολογή
1414 1431 1567 1485 σαιμι
1580 1413 1815 1475 πάντως,

227 1509 279 1560 εἰ
312 1508 387 1579 μὴ
426 1509 703 1573 παντελῶς
727 1508 1058 1580 ἀποπέσοιμι
1094 1508 1189 1561 τοῦ
1232 1508 1524 1579 ίερωτάτου
1568 1506 1705 1569 νοός.
1751 1506 1815 1558 Et

227 1603 341 1673 γάρ
363 1619 450 1665 τις
476 1603 656 1656 αὐτῶν
682 1603 785 1656 ὑπὸ
807 1602 1004 1665 κακίας
1027 1601 1189 1666 ἑάλω,
1206 1602 1303 1672 τῆς
1330 1601 1427 1671 μὲν
1451 1600 1702 1671 οὐρανίας
1719 1599 1813 1650 καὶ

1997 1043 2105 1098 Sed
2138 1041 2387 1113 objicies,
2418 1042 2471 1096 in
2499 1041 2812 1097 caelestibus
2837 1042 3167 1098 hierarcliiis
3222 1058 3330 1097 non
3384 1052 3507 1097 e536

1926 1136 2146 1191 ordines
2175 1134 2266 1202 qui
2292 1135 2582 1201 expientur
2608 1132 2788 1203 (nefas
2816 1135 2959 1188 enim
2982 1143 3036 1187 et
3075 1133 3271 1187 falsum
3300 1144 3386 1187 est
3422 1135 3506 1187 di-

1926 1242 2073 1289 cere,
2103 1226 2384 1279 caalestem
2415 1226 2727 1292 quampiam
2769 1226 3175 1279 distinctionem
3228 1238 3350 1278 esse
3381 1239 3503 1277 sce-

1926 1317 2024 1371 leri
2049 1316 2405 1382 obnoxiam);
2440 1330 2539 1384 ego
2564 1331 2718 1378 vero,
2754 1316 2857 1369 nisi
2899 1332 2927 1369 a
2955 1316 3306 1369 sanctissima
3342 1331 3490 1384 pror-

1925 1426 2017 1466 sus
2044 1420 2223 1464 mente
2256 1410 2532 1475 aberrem,
2570 1410 2796 1463 omnino
2842 1407 3194 1472 affirmarim,
3248 1409 3502 1463 cmlesles

1924 1505 2194 1560 essentias
2224 1519 2344 1559 esse
2371 1505 2586 1574 penitus
2637 1503 3035 1563 immaculatas,
3097 1512 3260 1571 atque
3306 1518 3502 1571 supra-

1924 1596 2189 1651 mundiali
2221 1598 2382 1651 modo
2413 1610 2631 1650 omnem
2661 1595 2859 1649 habere
2885 1595 3201 1667 puritatem.
3252 1591 3387 1646 Nam
3452 1608 3498 1645 SI

224 1693 466 1762 ἀμιγοῦς
503 1692 894 1746 ἀποπεπτώκει
933 1693 1043 1746 τῶν
1068 1692 1227 1745 θείων
1260 1691 1395 1745 νοῶν
1416 1689 1705 1762 ἁρμονίας,
1739 1690 1812 1751 είς

1921 1705 2042 1759 qua:
2073 1691 2128 1744 in
2156 1690 2348 1743 vitium
2383 1689 2637 1758 prolapsa
2659 1688 2750 1755 sit,
2786 1689 3047 1741 continuo
3084 1687 3251 1740 etiam
3279 1701 3308 1739 a
3331 1684 3498 1739 coele-

222 1787 326 1856 τὴν
370 1785 599 1857 ἀλαμπῆ
638 1785 695 1838 δὲ
718 1784 827 1840 τῶν
872 1784 1255 1839 ἀποστατικῶν
1291 1782 1543 1854 πληθύων
1592 1782 1817 1852 ἐφέρετο

224 1876 459 1930 πτῶσιν.
505 1877 646 1931 Ἀλλ’
667 1878 813 1931 ἐστιν
844 1880 1019 1932 εἰπεῖν
1071 1876 1229 1947 ίερῶς
1282 1877 1375 1929 ἐπὶ
1402 1874 1513 1946 ’τῆς
1557 1874 1817 1946 οὐρανίας

224 1968 535 2040 ίεραρχίας,
573 1970 654 2022 ὅτι
679 1969 944 2042 κάθαρσίς
967 1972 1084 2022 ἐστι
1108 1972 1226 2032 ταῖς
1264 1967 1582 2037 ὑφειμέναις
1608 1965 1815 2027 οὐσίαις

219 2059 253 2127 ἡ
286 2056 446 2127 παρὰ
473 2056 609 2109 Θεοῦ
645 2058 755 2111 τῶν
799 2059 939 2123 τέως
978 2058 1354 2129 ἀγνοουμένων
1391 2056 1683 2127 ἔλλαμψις,
1723 2056 1815 2108 ἐπὶ

217 2148 570 2221 τελειοτέραν
609 2150 775 2214 αὐτὰς
816 2152 1129 2223 ἐπιστήμην
1152 2150 1357 2220 ἄγουσα
1379 2150 1485 2202 τῶν
1510 2147 1814 2220 θεαρχικῶν

215 2240 513 2308 γνώσεων,
557 2244 651 2294 καὶ
685 2243 784 2313 τῆς
823 2244 1045 2311 ἀγνοίας
1086 2239 1161 2298 ὧν
1199 2241 1351 2295 οὔπω
1375 2241 1474 2313 τὴν
1505 2242 1812 2311 ἐπιστήμην

215 2327 367 2401 εἶχον
390 2372 406 2395 ,
456 2328 569 2386 οἷον
612 2336 653 2365 ¹¹
691 2335 1138 2407 ἀποκαθαίρουσα
1174 2335 1263 2387 διὰ
1297 2332 1406 2387 τῶν
1441 2332 1673 2404 πρώτων
1718 2334 1812 2385 καὶ

215 2423 512 2496 θειοτέρων
554 2425 751 2480 οὐσιῶν
777 2427 1133 2497 [ἀναγομένας
1168 2427 1249 2490 εἰς
1288 2424 1388 2489 τὰς
1437 2423 1740 2495 ὑπερτέρας
1770 2424 1810 2454 ¹²

212 2517 326 2570 τῶν
353 2516 626 2571 θεοπτιῶν
656 2519 698 2549 ¹³
722 2519 817 2572 καὶ
862 2519 1165 2590 φανοτέρας
1220 2518 1589 2590 μαρμαρυγὰς
1615 2534 1626 2545 ·
1668 2516 1810 2570 οὕτω

214 2611 312 2663 καὶ
338 2609 707 2680 φωτιζόμεναι
729 2610 914 2676 τάξεις
940 2612 1046 2663 εἰσὶ
1072 2611 1158 2664 καὶ
1197 2608 1537 2679 τελούμεναι,
1581 2606 1674 2659 καὶ
1713 2623 1812 2659 κα-

214 2700 497 2768 θαρτικαὶ,
525 2719 618 2754 και
645 2703 985 2771 φωτιστικαὶ,
1005 2703 1099 2755 καί
1116 2701 1424 2755 τελεστικαὶ
1443 2699 1580 2754 κατὰ
1597 2698 1693 2771 τὴν
1715 2700 1810 2752 οὐ·

217 2793 411 2863 ρανίαν
438 2792 739 2864 ἰεραρχίαν,
758 2793 833 2856 ὼς
846 2794 953 2846 τῶν
969 2795 1070 2847 ὐπε
1080 2794 1287 2865 ρτάτων
1302 2794 1397 2845 καὶ
1422 2790 1707 2862 θειοτέρων
1727 2792 1814 2844 οὐ·

214 2884 370 2943 σιῶν,
389 2882 489 2945 τὰς
510 2883 806 2953 ὐφειμὲνας
833 2882 984 2953 ἱερὰς
1010 2883 1103 2936 καὶ
1133 2882 1390 2953 οὐρανίας
1420 2880 1808 2952 διακοσμήσεις

212 2974 444 3041 ἀγνοίας
482 2972 583 3043 μὲν
606 2972 826 3043 ἀπάσης
852 2971 1343 3045 ἀποκαθαιρουσῶν
1371 2971 1450 3043 (ὲν
1477 2970 1663 3036 τάξεσι
1711 2972 1808 3024 καὶ

1920 1787 1989 1841 sti
2014 1784 2100 1838 illa
2132 1782 2534 1852 purissimaque
2563 1781 2871 1835 divinarum
2901 1780 3164 1835 mentium
3210 1781 3497 1833 harmonia

1920 1878 2141 1944 defecit,
2172 1884 2228 1929 et
2272 1875 2341 1929 ad
2373 1875 2663 1930 obscuram
2694 1873 3005 1944 apostaticae
3065 1874 3235 1927 turbae
3283 1874 3495 1927 ruinam

1918 1969 2174 2039 pertinet.
2208 1968 2408 2023 Sancte
2443 1976 2620 2019 tamen
2645 1966 2809 2018 etiam
2842 1965 3001 2019 fateri
3032 1964 3211 2030 liceat,
3244 1965 3296 2018 in
3326 1966 3499 2019 coale-

1916 2062 1985 2115 sti
2034 2060 2367 2127 hierarchia,
2412 2074 2593 2112 rerum
2643 2073 2782 2125 quas
2828 2057 3098 2111 hactenus
3150 2058 3495 2127 ignorarunt,

1919 2152 2339 2206 illustrationcin
2385 2149 2736 2205 inferioribus
2776 2149 2989 2203 naturis
3031 2162 3151 2203 esse
3200 2150 3495 2217 quamdam

1916 2242 2067 2298 velut
2095 2243 2462 2311 expiationem
2485 2281 2500 2304 ,
2552 2256 2657 2310 qua
2692 2253 2748 2294 et
2788 2240 2857 2293 ad
2896 2237 3278 2308 perfectiorem
3315 2255 3496 2293 rerum

1916 2335 2223 2389 divinarum
2252 2334 2540 2389 scientiam
2571 2334 2939 2395 adducuntur,
2972 2340 3027 2385 et
3050 2346 3081 2385 a
3112 2345 3293 2385 rerum
3320 2370 3337 2397 ,
3368 2347 3498 2400 qna-

1914 2441 2033 2479 rum
2070 2426 2336 2479 hactenus
2377 2424 2611 2480 scientia
2639 2432 2957 2487 caruerunt,
2988 2422 3330 2492 ignoratione
3354 2437 3496 2491 quo-

1914 2518 2203 2574 dammodo
2243 2526 2565 2587 purgantur,
2586 2515 2716 2569 dum
2749 2532 2779 2571 a
2806 2516 3007 2585 primis
3034 2525 3090 2570 et
3127 2517 3496 2572 divinioribus

1913 2609 2170 2666 essentiis
2223 2610 2290 2663 ad
2338 2608 2694 2664 sublimiores
2749 2607 3122 2676 clarioresque
3180 2608 3491 2662 divinarum

1912 2699 2431 2771 contemplationum
2459 2698 2853 2752 illustrationes
2874 2710 3265 2767 promoventur
3288 2715 3302 2751 :
3333 2709 3498 2767 atque

1913 2794 1985 2847 ita
2018 2793 2071 2847 in
2125 2792 2337 2847 caelesti
2388 2791 2707 2847 hierarchia
2745 2791 2911 2846 etiam
2959 2790 3182 2845 ordines
3236 2798 3362 2846 sunt
3400 2793 3493 2859 qni

1912 2885 2261 2939 illustrantur
2291 2894 2348 2940 et
2380 2884 2473 2954 qui
2525 2883 2912 2954 perficiuntur,
2941 2881 3085 2937 sicut
3110 2881 3199 2949 qui
3235 2892 3491 2951 purgant,

1911 2986 1966 3032 et
1996 2976 2091 3046 qui
2123 2976 2425 3043 illustrant,
2450 2986 2506 3033 et
2533 2978 2625 3048 qui
2660 2977 2993 3045 perficiunt;
3029 2978 3109 3030 sic
3168 2988 3227 3029 ut
3259 2987 3493 3036 naturm,

212 3064 535 3131 ἀναλογίαις
567 3066 675 3119 τῶν
701 3066 965 3138 οὐρανίων
992 3063 1329 3137 ἱεραρχιῶν),
1378 3063 1702 3135 πληρουσῶν
1750 3063 1806 3118 δὲ

1919 3082 2032 3137 qua:
2063 3082 2331 3137 suprema:
2387 3084 2451 3123 ac
2495 3069 2712 3123 caateris
2747 3069 3068 3133 diviniores,
3098 3067 3491 3122 subordiuatas

210 3157 386 3221 αὐτὰς
413 3157 523 3211 τῶν
550 3157 837 3211 θειοτάτων
865 3158 1183 3228 ὲλλάμψεων
1207 3197 1223 3221 ,
1276 3157 1367 3209 καὶ
1401 3154 1724 3209 τελειουσῶν
1764 3155 1809 3187 ¹¹⁵

1919 3160 2011 3213 sibi
2043 3174 2228 3214 sacras
2251 3175 2316 3213 ac
2342 3160 2594 3216 caelestes
2640 3161 3034 3215 adornationes
3083 3160 3152 3213 ab
3182 3161 3331 3214 omni
3372 3160 3494 3229 qui-

210 3250 271 3301 ἐν
289 3253 359 3320 τῇ
382 3252 771 3322 παναγεστάτῃ
792 3250 901 3304 τῶν
922 3249 1228 3320 θεαρχικῶν
1244 3251 1483 3320 νοήσεων
1503 3248 1807 3321 ἐπιστήμῃ.

209 3344 321 3395 Καὶ
364 3341 476 3413 γὰρ
501 3342 601 3414 ἤδη
648 3342 785 3415 πρὸς
834 3342 992 3414 ήμῶν
1038 3343 1274 3415 εἴρηται,
1322 3342 1416 3395 καὶ
1460 3342 1572 3405 τοῖς
1610 3339 1810 3408 λογίοις

209 3432 454 3497 θειωδῶς
477 3435 522 3465 ¹⁸
547 3434 917 3505 διηγόρευται,
942 3434 1004 3487 τὸ
1032 3434 1105 3505 μὴ
1129 3433 1331 3497 ταύτάς
1355 3429 1494 3486 εἶναι
1519 3432 1696 3496 πάσας
1710 3431 1809 3495 τὰς

209 3525 477 3596 οὐρανίας
525 3526 935 3598 διακοσμήσεις,
983 3528 1041 3580 ὲν
1069 3526 1271 3588 πάσαις
1318 3528 1439 3588 ταῖς
1485 3527 1657 3596 ίεραῖς
1697 3523 1806 3577 τῶν

210 3610 519 3664 θεοπτικῶν
552 3612 869 3683 ἐλλάμψεων
904 3614 1266 3685 ὲπιστήμαις’
1298 3613 1412 3665 ἀλλ’
1440 3614 1505 3665 ὲκ
1542 3612 1676 3665 Θεοῦ
1707 3613 1805 3683 μὲν

208 3703 437 3772 ἀμέσως
483 3704 583 3767 τὰς
607 3703 851 3776 πρώτας,
878 3689 1201 3759 δι’ἶκείνων
1231 3706 1273 3736 ¹⁶
1308 3704 1365 3757 δὲ
1388 3704 1549 3757 πάλιν
1575 3705 1640 3757 ὲκ
1664 3703 1801 3757 Θεοῦ

206 3794 307 3857 τὰς
334 3796 656 3866 ὐφειμένας,
680 3798 954 3867 ἀναλόγως
974 3799 1166 3861 αὐταῖς
1183 3796 1558 3869 ἐλλάμπεσθαι
1577 3795 1678 3860 τὰς
1700 3814 1803 3866 φα-

208 3887 441 3950 νοτάτας
467 3888 565 3959 τῆς
600 3887 896 3961 θεαρχικῆς
921 3890 1137 3953 ἀκτῖνος
1163 3889 1362 3956 αὐγάς.

1908 3251 2029 3305 dem
2062 3252 2410 3322 ignoratione
2434 3254 2635 3323 (modis
2660 3254 2872 3309 scilicet
2893 3253 3214 3309 caelestibus
3234 3254 3351 3307 istis
3377 3253 3494 3306 bie-

1910 3359 1966 3397 ra
1978 3345 2143 3398 rchiis
2172 3347 2620 3416 accommodatis)
2646 3356 2896 3417 purgent;
2923 3346 3181 3415 impleant
3196 3361 3322 3399 vero
3347 3346 3492 3414 ipsas

1908 3435 2266 3491 divinissimis
2325 3436 2827 3503 illustrationibus,
2887 3436 3287 3507 perliciantque
3327 3435 3489 3503 liqui-

1914 3524 2140 3577 dissima
2175 3525 2484 3578 divinarum
2522 3526 3011 3597 intelligentiarum
3062 3528 3312 3580 scicntia.
3358 3526 3490 3583 Etet-

1911 3617 2021 3669 nim
2046 3618 2157 3687 jam
2191 3635 2220 3670 a
2250 3618 2408 3672 nobis
2430 3618 2633 3674 dictum
2665 3631 2749 3674 est
2770 3659 2785 3684 ,
2809 3630 2864 3674 et
2903 3621 2970 3674 ab
3007 3619 3239 3688 eloquiis
3286 3618 3489 3671 divinis

1910 3711 2346 3775 pronuntiatum,
2407 3727 2515 3766 non
2556 3713 2774 3767 easdem
2821 3729 2944 3768 esse
2990 3727 3181 3767 Omnes
3238 3712 3489 3765 caelestes

1907 3802 2334 3870 descriptiones,
2366 3820 2542 3873 neque
2575 3821 2736 3874 pares
2763 3807 2816 3860 in
2864 3806 3119 3860 omnibus
3160 3806 3281 3858 istis
3313 3803 3489 3857 sacris

1908 3892 2217 3947 divinarum
2244 3896 2671 3951 illustrationqu
2698 3899 2967 3963 scientiis,
2993 3899 3086 3952 sed
3120 3911 3186 3950 ex
3218 3898 3328 3950 Deo
3354 3895 3484 3964 qui-

208 3979 336 4032 dem
365 3979 683 4035 immediate
707 3983 931 4051 primas,
969 3996 1065 4051 per
1120 3982 1242 4036 illas
1271 3991 1451 4035 autem
1481 3997 1697 4036 rursum
1745 3996 1812 4037 ex
1848 3982 1958 4038 Deo
1995 3985 2309 4054 inferiores,
2344 4004 2444 4058 pro
2469 3990 2707 4061 ipsarum
2762 3991 2979 4044 modulo
3025 4000 3079 4045 et
3141 3999 3299 4059 captu
3349 3986 3487 4041 luci-

208 4072 454 4128 dissimis
482 4075 651 4129 divini
683 4075 820 4129 radii
849 4075 1235 4145 splendoribus
1269 4074 1594 4129 illuminari.

1288 4380 1452 4456 254
1498 4380 2030 4439 ADNOTATIONES
2089 4380 2436 4439 CORDERII.

280 4514 450 4569 Parte
488 4514 684 4583 prima,
773 4514 812 4569 l.
839 4515 1079 4594 Dicimus
1109 4515 1274 4586 igitur
1298 4515 1666 4594 ordiites‘t‘llos
1687 4517 1778 4586 qui
1810 4517 2116 4585 expiantur,
2146 4526 2255 4574 etc.
2286 4517 2456 4594 Nota,
2469 4514 2916 4594 catechumenos,
2941 4528 3283 4594 peccatores,
3311 4537 3481 4579 ener-

203 4599 476 4657 gnmenos
517 4589 945 4657 etipuanitentes,
983 4589 1060 4640 uti
1087 4601 1249 4654 supra
1279 4600 1399 4655 cap.
1439 4587 1474 4639 5
1504 4587 1839 4640 declaratum
1864 4596 1969 4652 est,
2008 4603 2038 4641 a
2073 4603 2249 4642 sacris
2277 4590 2480 4655 arceri,
2532 4589 2711 4643 donec
2765 4606 2795 4643 a
2850 4587 3100 4646 diaconis
3133 4587 3483 4650 sufficienter

206 4655 419 4710 fuerint
464 4656 689 4731 egpiati.
722 4655 855 4731 Nam
890 4658 996 4731 (uti
1021 4672 1083 4710 ex
1116 4657 1219 4710 hoc
1244 4657 1365 4731 loco
1390 4658 1627 4731 Dionysii
1655 4659 1808 4711 docet
1837 4657 1893 4711 S.
1916 4658 2190 4731 _'l‘lio_nias,
2227 4667 2381 4727 parte
2420 4675 2476 4731 iu
2504 4699 2518 4721 ,
2546 4659 2847 4729 qumstione
2881 4660 2969 4726 6i,
2998 4672 3105 4715 art.
3149 4664 3200 4725 1,
3242 4666 3309 4717 ad
3342 4665 3392 4731 l,
3427 4677 3482 4720 et

204 4738 410 4795 quaest.
466 4726 556 4791 67,
589 4736 695 4806 art.
728 4727 759 4806 1.
782 4730 821 4806 )_,
852 4726 919 4781 ad
948 4728 1207 4781 diaconos
1232 4728 1537 4806 pertinebat
1576 4726 2083 4806 mun_us__expiandi,
2119 4729 2169 4781 id
2211 4726 2297 4782 est
2320 4768 2349 4806 ,_
2364 4726 2579 4797 ejicere
2620 4732 2951 4795 immundos,
2990 4742 3046 4806 et
3080 4734 3269 4806 fideles
3299 4726 3483 4806 dispo-

218 4812 378 4870 nere
415 4810 515 4870 per
543 4797 1058 4870 admonitiones,ut
1086 4812 1115 4851 a
1148 4798 1524 4870 sacerdotibus
1556 4797 1751 4870 deinde
1776 4798 2170 4870 illuminentur,
2201 4815 2268 4853 ac
2300 4801 2460 4867 digne
2511 4809 2853 4853 sacramenta
2888 4804 3214 4870 suscipiant.

445 4865 655 4947 Medius
702 4878 875 4920 autem
896 4868 1056 4947 ordo,
1088 4878 1200 4921 etc.
1234 4868 1491 4947 Intelligit
1520 4868 1766 4947 ordinem
1794 4868 2082 4947 laicorum,
2110 4870 2201 4937 qui
2225 4864 2515 4947 baptismo
2551 4880 2762 4947 tantum
2798 4872 2997 4926 initiati
3022 4864 3149 4927 sunt
3182 4891 3197 4927 :
3242 4876 3296 4930 hi
3326 4878 3476 4932 enim

204 4938 378 5012 medii
411 4945 540 4989 sunt
586 4938 740 5012 inter
758 4942 1179 5012 catechumenos
1201 4938 1292 5006 qui
1316 4951 1620 5007 purgantur
1645 4939 1712 4989 ad
1745 4940 2105 5012 baptismum,
2140 4950 2195 4994 et
2224 4940 2365 5012 inter
2410 4942 2886 5012 communicantes
2938 4944 3031 5011 qui
3082 4946 3470 5012 perﬁciuntur.

206 5005 372 5078 Hunc
401 5016 582 5060 autem
626 5008 873 5061 ordinem
905 5008 1078 5076 plebis
1106 5005 1307 5061 sanctae
1345 5005 1529 5078 ivo‘cat
1576 5016 1632 5060 et
1678 5005 2152 5077 contemplativa;
2196 5011 2322 5078 quia
2390 5011 2649 5062 nimirum
2705 5013 2771 5063 ad
2822 5005 3127 5068 contuitum
3160 5008 3474 5072 divinorum

203 5076 585 5155 syriiboloruiii
629 5078 957 5143 admittitur,
984 5094 1105 5155 cum
1134 5079 1205 5155 sit
1229 5080 1295 5131 ad
1324 5076 2148 5155 illuminandumsacerdotibus
2178 5076 2527 5155 commissus,
2562 5088 2642 5155 ut_
2674 5082 2768 5134 fiat
2801 5082 3107 5152 aliquarum
3155 5086 3474 5155 intelligen-

204 5148 562 5227 tiarumpro
600 5160 759 5227 captu
790 5163 887 5201 suo
911 5160 965 5202 et
1000 5149 1265 5227 dignitate
1297 5149 1589 5227 particeps,
1623 5150 2095 5227 quodetiamnum
2131 5166 2239 5227 per
2270 5152 2583 5227 sacerdotes
2630 5151 2685 5204 in
2714 5148 3074 5209 concionibus
3097 5167 3153 5210 et
3182 5148 3474 5212 catholicis

205 5218 652 5289 institutionibus
688 5219 775 5289 lit,
800 5235 923 5287 quae
959 5234 1063 5271 non
1094 5222 1290 5289 debent
1313 5220 1476 5273 nimis
1506 5234 1624 5273 esse
1649 5218 1935 5282 sublimes,
1966 5220 2061 5273 sed
2092 5218 2157 5272 ad
2191 5223 2291 5288 piae
2321 5221 2493 5289 plebis
2543 5233 2763 5288 captum
2803 5229 3228 5281 accommodatae
3253 5266 3267 5288 ,
3302 5236 3358 5280 ut
3386 5228 3477 5280 hic

204 5286 769 5366 sanctusljionysius
799 5290 1165 5366 commendat.
1201 5288 1387 5366 Neque
1409 5291 1766 5366 eniuiomuia
1794 5289 1938 5357 plebi
1968 5286 2482 5366 prOpaIaiida—sunt,
2502 5286 2767 5366 _cuin_nec
2785 5293 2996 5366 Moyses
3039 5312 3213 5365 neque
3241 5286 3471 5366 Septua-

206 5357 365 5426 ginta
408 5357 720 5413 illiarcanae
748 5358 882 5429 legis
913 5360 1286 5428 intelligentia:
1310 5360 1498 5428 periti,
1535 5360 1683 5414 illam
1715 5372 1987 5415 secretam
2022 5357 2157 5429 legis
2186 5362 2608 5431 intelligentiam
2644 5363 2701 5416 in
2754 5357 2945 5434 vulgus
2996 5357 3357 5441 profuderint.

1550 5517 1785 5605 VARle
1830 5516 2239 5575 LECTIONES.

279 5680 322 5711 ¹⁶
352 5676 728 5742 ἀ-κασώζουσα,
761 5678 817 5732 S.
886 5678 925 5709 “
957 5672 1066 5732 οἷον
1093 5695 1197 5733 non
1228 5680 1431 5733 habent
1462 5678 1502 5733 ι)
1560 5679 1618 5738 S.
1710 5678 1752 5709 ”
1780 5677 2107 5746 ὑπερτάτας,
2140 5679 2197 5733 D.
2228 5679 2286 5736 P.
2372 5681 2412 5713 ¹³
2441 5678 2740 5734 θεοπτικῶν
2775 5679 2836 5736 Ρ.
2876 5681 2933 5738 S.
3034 5679 3077 5712 “
3112 5682 3205 5735 καὶ
3250 5681 3450 5737 τελειώ-

210 5766 369 5818 σεων,
409 5754 468 5807 ὃ.
549 5751 591 5783 ⁸⁵
628 5751 893 5815 θεοειδῶς,
932 5754 988 5806 l).
1035 5751 1075 5781 “‘
1105 5751 1339 5814 ὲκείνας.
