3876 6226
405 257 508 312 l{59
1567 257 1627 312 S.
1665 254 1862 310 DlON“
1875 254 1934 309 Si

2119 254 2461 313 EOPAGITA'J
3548 252 3650 307 540

476 375 504 446 ς
538 374 621 428 lll.
651 373 896 446 Summus
919 392 1037 429 vero
1061 390 1237 429 eorum
1260 375 1491 428 omnium
1518 373 1986 446 qni‘nerﬁcittnlur
2001 381 2081 446 est
2102 374 2406 446 ordosncer
2429 371 2825 446 monacborum.
2851 369 3007 432 Nota,
3038 377 3285 446 sanctum
3306 366 3652 446 Dionysium.

405 438 528 502 cuin
559 445 689 497 dicit
719 444 966 499 ordinem
993 446 1380 499 monachorum
1404 438 1834 498 esse'celsiorem
1867 444 2120 496 omnibus
2145 444 2452 495 ordinibus.
2478 441 2729 495 eumdem
2788 456 2893 493 non
2925 439 3175 493 conferre
3207 454 3326 491 cum
3380 438 3651 501 diaconis,

405 516 499 583 qui
533 514 690 585 primi
720 524 983 583 purgant;
1011 531 1184 583 neque
1214 531 1335 567 cum
1366 513 1717 583 presbyteris.
1748 513 2089 585 quiserundi
2125 522 2180 564 et
2210 512 2737 585 mediiillmninant,
2782 519 2836 563 et
2871 510 3040 563 multo
3068 523 3247 585 uulnus
3288 521 3410 585 cum
3437 510 3656 585 episco-

407 578 511 654 pis.
533 578 633 654 'qui
667 578 899 637 tei-tii'et
923 578 1117 638 summi
1152 578 1461 651 perliciunt,
1487 578 1580 636 sed
1616 598 1737 636 eum
1767 578 2057 654 ordinibus
2089 596 2279 654 eorum
2306 583 2396 650 qui
2421 582 2611 654 adhuc
2638 588 2962 654 purgantur,
2986 594 3053 633 es
3086 578 3295 654 quibus
3324 578 3488 645 primi
3523 588 3656 632 sunt

406 648 806 717 catechumcni,
837 654 926 720 qui
954 648 1251 721 purgantur
1274 655 1339 706 ad
1364 654 1689 719 baptismum
1729 668 1825 721 per
1864 653 2214 713 eatechesin;
2243 648 2492 715 secundi,
2523 652 2613 717 qui
2640 648 2787 702 sunt
2822 650 2876 702 in
2916 658 3161 721 peccato,
3205 648 3296 716 qui
3344 660 3653 716 purgantur

406 740 505 793 per
527 723 829 778 doctrinam
857 719 1153 790 Scriptura:
1191 732 1415 785 sanctae,
1449 719 1785 793 utrecedant
1813 738 1841 776 a
1870 731 2093 793 peccato
2121 738 2135 785 ;
2177 722 2326 793 tertii
2356 732 2483 775 sunt
2512 722 2891 793 energumeni,
2942 719 3035 787 qui
3087 727 3385 793 purgantur
3436 724 3657 772 exorci-

411 789 569 857 Smis,
606 803 664 845 ut
704 795 963 847 resistant
988 789 1208 847 fortiter
1232 794 1443 845 diabolo
1474 803 1526 845 et
1558 792 1858 845 terroribus
1892 790 2041 859 ejus;
2071 792 2252 860 quarti
2289 802 2416 844 sunt
2461 789 2669 860 publici
2687 789 3033 859 paenitentcs,
3077 792 3171 860 qui
3216 797 3541 860 purgantur,
3597 799 3655 860 ut

410 880 516 917 non
555 872 897 917 revertantur
919 863 984 917 ad
1014 873 1319 931 peccatum.
1353 862 1449 915 His
1466 863 1718 916 omnibus
1748 857 2054 928 ordinibus,
2084 857 2215 927 quin
2247 872 2301 915 et
2328 857 2485 916 laicis
2516 861 2581 915 iis
2612 857 2704 929 qui
2752 860 3094 931 sacerdotum
3142 858 3410 931 doctrinis
3458 857 3655 911 illumi-

410 944 635 995 nantur,
665 946 720 986 et
751 928 1218 1002 sacramentorum
1252 932 1672 1002 participatione
1699 932 2085 999 perﬁciuntur,
2119 932 2414 1000 perfectior
2433 941 2517 985 est
2568 928 2701 984 ordo
2733 928 3124 1002 monachorum
3153 945 3165 989 ς
3211 928 3335 995 quia
3365 936 3433 1002 ut
3460 942 3654 1002 mona-

407 1003 493 1057 clti
537 1010 680 1065 sunt,
709 1001 921 1057 ratione
950 1003 1185 1057 instituti
1216 999 1500 1056 nionastici
1532 1002 1727 1054 mortui
1764 1010 1892 1055 sunt
1939 999 2163 1061 mundo,
2190 1009 2245 1054 et
2267 1017 2477 1054 cantem
2532 1017 2683 1053 suam
2736 1015 2854 1051 cum
2905 999 3043 1051 vitiis
3119 1006 3169 1049 et
3216 999 3655 1065 concupiscentiis

408 1071 780 1139 cruci/iurant
812 1080 869 1125 ις
899 1073 1038 1125 unde
1056 1082 1312 1139 tanquam
1336 1070 1493 1125 laieis
1520 1070 1873 1139 perfectiores
1919 1071 2219 1139 digniorem
2250 1085 2471 1140 quoque
2504 1069 2556 1123 in
2604 1069 2832 1140 ecclesia
2868 1067 3088 1140 glocum
3134 1075 3318 1140 tenent
3339 1076 3377 1140 _,'
3413 1067 3655 1140 _sc_ilicet

407 1136 575 1212 prope
596 1142 792 1212 jannas
822 1142 1032 1210 templi.
1066 1136 1184 1195 loco
1216 1143 1465 1212 proximo
1498 1136 1617 1210 post
1645 1156 1739 1195 eos
1767 1142 1861 1209 qui
1892 1136 2020 1193 sunt
2048 1136 2656 1200 ordinis-ecclesiastici.
2689 1139 2764 1193 uti
2782 1138 2841 1192 S.
2867 1136 3160 1207 Dionysius
3180 1136 3317 1189 intra
3339 1138 3393 1190 in
3410 1136 3655 1205 Episwla

419 1212 487 1263 ad
520 1210 883 1276 Demophilum
920 1210 1235 1265 monac/mni
1272 1211 1484 1265 scribit.

482 1274 699 1335 Ibidem.
728 1279 837 1334 Alii
859 1284 1067 1351 quidem
1092 1282 1429 1351 therapeutns
1447 1296 1535 1332 seu
1560 1279 1816 1351 cultores,
1845 1279 1939 1331 alii
1962 1295 2081 1335 vero
2104 1281 2409 1344 monachos,
2441 1289 2549 1334 etc.
2584 1277 2933 1351 Notandum,
2964 1278 3088 1351 vitae
3141 1274 3461 1351 monasticae
3522 1291 3653 1345 pro-

410 1348 649 1403 fessores
673 1351 789 1403 sive
820 1346 1082 1409 cultores.
1112 1368 1138 1401 ιι
1172 1346 1375 1403 cmi.
1407 1350 1916 1418 Patribusqninque
1941 1352 2284 1417 potissimum
2313 1351 2628 1403 nominibus
2659 1347 2912 1416 appellari
2946 1348 3178 1418 solitos,
3217 1346 3429 1402 scilicet
3484 1364 3625 1418 μιλγα

406 1420 554 1491 χοὺς,
591 1418 948 1490 θεραπευτὰς,
976 1421 1240 1491 ἀσκητὰς,
1267 1418 1467 1491 ἱκέτας,
1494 1417 1844 1489 φιλοσόφους(
1894 1420 1937 1472 id

2122 1421 2419 1491 nouachos,
2456 1420 2703 1491 cultores
2738 1418 2849 1491 Dei
2875 1417 2960 1471 vel
2992 1418 3184 1491 animae
3239 1433 3392 1491 suae;
3440 1417 3653 1486 pugiles

407 1487 501 1543 seu
541 1487 930 1543 exercitatores
957 1494 1084 1559 (qua
1108 1487 1239 1544 voce
1272 1487 1713 1551 Basilius’utitur,
1742 1500 1795 1544 et
1824 1504 2104 1544 sermones
2134 1505 2259 1544 suos
2290 1488 2366 1543 De
2386 1490 2541 1543 rebus
2572 1489 2879 1555 monasticis
2902 1487 3133 1559 appellat
3160 1490 3453 1559 asceticosl
3476 1502 3650 1559 ;_sup-

408 1559 575 1625 plices
604 1560 832 1631 (scilicet
864 1576 892 1612 a
924 1556 1195 1629 przecipno
1227 1574 1449 1613 munere
1472 1574 1683 1622 eorum,
1703 1561 1959 1631 quodest
1988 1558 2156 1613 Deum
2181 1560 2463 1631 exorare);
2495 1559 2844 1627 philosophos
2864 1599 2879 1624 ,
2918 1558 2991 1631 ita
3020 1572 3114 1611 eos
3138 1556 3368 1631 appellat
3400 1557 3457 1611 S.
3486 1557 3656 1625 Chry-

407 1626 681 1751 soséotinus
709 1641 762 1683 et
790 1626 966 1695 Nilus,
1011 1626 1102 1699 qui
1140 1631 1402 1684 rationem
1439 1632 1551 1693 dat,
1577 1643 1641 1682 eo
1672 1626 1814 1697 quod
1841 1630 1961 1683 illos
1990 1634 2183 1683 deceat
2211 1626 2563 1684 contemnere
2593 1644 2679 1682 res
2723 1626 3051 1697 temporales
3077 1667 3093 1695 ,
3115 1640 3169 1683 et
3198 1630 3479 1697 sapientiae
3512 1638 3656 1681 totos

407 1714 465 1751 se
525 1713 568 1751 ei
593 1713 704 1751 ere.

405 1714 465 1753 se
490 1713 704 1752 neuere.

476 1768 715 1839 Isidorus
747 1768 839 1824 lib.
871 1786 946 1824 vn
1031 1769 1259 1839 Etymol.
1287 1783 1409 1839 cap.
1448 1771 1538 1835 l3,
1576 1781 1631 1826 et
1665 1770 1759 1824 lib.
1792 1784 1833 1822 ll
1899 1768 1973 1824 De
1996 1771 2128 1839 oﬁic.
2160 1770 2367 1834 eccles.,
2399 1784 2519 1837 cap.
2559 1768 2630 1822 De
2680 1768 2953 1839 monachis
2983 1808 3000 1835 ,
3072 1768 3179 1822 tria
3225 1782 3411 1823 eorum
3450 1782 3653 1836 genera

405 1838 714 1901 constituit,
738 1836 1812 1908 eremitarum'nempe,anachoretarum
1845 1853 1899 1893 et
1923 1836 2348 1894 cmnobitarum:
2381 1850 2436 1892 at
2461 1836 2628 1901 enim,
2654 1838 2696 1892 si
2713 1836 2893 1891 Graeca
2940 1840 3161 1893 nomina
3214 1839 3655 1897 consideremus,

405 1911 622 1963 eosdem
656 1924 877 1972 prorsus
906 1910 1163 1964 eremitas
1193 1924 1313 1962 esse
1338 1919 1499 1977 atque
1522 1914 1882 1965 anachoretas
1915 1912 2336 1975 comperiemus,
2368 1910 2509 1962 unde
2561 1908 2796 1963 lsidorus
2848 1908 2951 1960 tria
3009 1924 3206 1976 genera
3254 1909 3652 1962 monachorum

407 1978 624 2030 nomine
660 1979 857 2045 potius,
887 1994 1049 2048 quam
1081 1981 1255 2047 reipsa
1285 1991 1341 2032 et
1364 1982 1485 2033 vita:
1530 1982 1801 2044 instituto,
1863 1979 2166 2049 distinguit.
2198 1979 2487 2048 Propterea
2519 1980 2834 2039 Cassianus,
2878 1978 3064 2034 collat.
3112 1981 3203 2043 18,
3240 1993 3409 2049 rcap,
3437 1978 3493 2041 4,
3550 1978 3659 2028 duo

409 2057 619 2101 tantmn
646 2063 845 2117 genera
878 2050 1141 2102 bonorum
1164 2051 1582 2117 monachorum,
1608 2051 1860 2103 videlicet
1882 2048 2280 2104 ctenobitarum
2300 2060 2354 2103 et
2380 2050 2862 2110 anachoretarum,
2923 2050 3209 2103 discernit.
3237 2048 3657 2117 Eremitaenim

405 2116 665 2179 vocatur,
698 2119 790 2185 qui
823 2119 876 2171 in
905 2119 1138 2173 desertis
1172 2130 1227 2170 et
1256 2116 1641 2175 solitudinibus
1674 2120 1923 2174 habitans
1974 2121 2219 2173 solitarie
2252 2120 2416 2182 vivit;
2469 2122 2794 2173 anachoreta
2846 2133 2977 2173 vero
3000 2160 3014 2183 ,
3067 2120 3157 2185 qui
3204 2119 3257 2171 in
3295 2116 3651 2170 solitudinem

406 2187 641 2241 aliumve
670 2188 943 2241 desertum
984 2188 1157 2242 locum
1185 2188 1516 2255 disiunctum
1549 2207 1613 2244 ac
1646 2198 1915 2243 remotum
1949 2191 2016 2242 ab
2058 2190 2363 2243 hominibus
2396 2190 2607 2243 vivendi
2639 2203 2801 2242 causa
2837 2192 3060 2242 secedit.
3092 2187 3271 2255 Quare
3302 2187 3409 2239 duo
3442 2198 3655 2241 tantum

407 2260 795 2310 monachorum
824 2274 1021 2328 genera
1060 2260 1440 2328 constituenda
1467 2273 1610 2322 sunt,
1647 2273 1843 2327 nempe
1877 2258 2251 2320 eremitarum,
2285 2260 2374 2328 qui
2409 2270 2464 2313 et
2495 2260 2654 2312 iidem
2685 2261 3071 2326 propemodum
3105 2268 3229 2311 sunt
3280 2257 3371 2324 qui
3412 2255 3652 2328 anacho-

407 2336 565 2397 retin,
596 2336 649 2379 et
674 2325 1095 2381 camobitarum.
1131 2327 1384 2381 Eremitze
1416 2330 1578 2397 igitur
1607 2337 1753 2392 sunt,
1779 2325 1863 2384 uti
1893 2330 2149 2393 diximus,
2186 2329 2276 2395 qui
2302 2325 2544 2382 solitarie
2586 2325 2848 2380 vivuntin
2880 2330 3157 2382 montibus
3181 2367 3196 2389 ,
3229 2328 3374 2396 agris
3402 2366 3418 2387 ,
3456 2325 3656 2379 aliisve

408 2396 543 2450 locis
572 2398 840 2463 desertis;
872 2397 1158 2451 etenobita:
1180 2413 1332 2463 vero,
1362 2396 1455 2467 qui
1506 2400 1557 2453 in
1593 2414 1756 2453 unum
1798 2399 1976 2453 locum
2001 2413 2097 2451 seu
2145 2411 2471 2453 conventum
2519 2399 2795 2468 aggregati
2828 2408 2885 2451 et
2928 2398 3203 2466 conjuncti
3283 2398 3659 2451 communiter

407 2468 617 2539 vivunt,
649 2482 677 2516 a
703 2470 973 2539 communi
1004 2482 1164 2539 quam
1186 2471 1507 2537 proliteutur
1530 2470 1636 2523 vita
1669 2471 1748 2522 sic
1772 2470 2048 2539 appellati.

477 2535 646 2615 l’orro
682 2538 933 2615 monachi
958 2534 1277 2615 vocabulum
1303 2539 1431 2593 licet
1459 2540 1636 2607 prima
1667 2554 1761 2593 sua
1795 2534 2019 2615 notione
2029 2538 2348 2615 solitarium
2380 2538 2647 2615 designet.
2680 2538 3017 2615 proimleque
3050 2536 3195 2615 idem
3244 2536 3316 2591 sit
3344 2534 3663 2615 monachus

406 2607 501 2674 qui
533 2609 757 2658 eremita
790 2607 875 2661 vel
904 2608 1259 2678 anachoreta,
1292 2624 1395 2662 usu
1426 2619 1606 2664 tamen
1640 2619 1693 2663 et
1722 2607 2114 2664 consuetudine
2140 2610 2302 2663 latius
2339 2607 2582 2676 usurpari
2616 2611 2808 2678 coapit,
2833 2610 2903 2661 ita
2938 2619 2996 2661 ut
3017 2610 3090 2661 sit
3122 2621 3414 2678 commune
3448 2608 3659 2678 eremif

409 2683 583 2747 tarum
610 2687 665 2730 et
688 2678 1106 2732 cmuohitarum.
1135 2676 1343 2733 Nomen
1374 2690 1554 2734 autem
1578 2682 1679 2735 hoc
1704 2681 1914 2733 derivat
1937 2678 2023 2731 hic
2055 2680 2341 2747 Dionysius
2371 2694 2398 2731 a
2442 2681 2551 2733 vita
2600 2676 2914 2732 indivisibili
2960 2687 3016 2732 et
3082 2677 3346 2745 singulari
3379 2716 3396 2739 ,
3446 2690 3555 2744 qua
3586 2677 3660 2728 ad

406 2743 725 2818 deiformem
764 2751 1048 2801 monadem
1103 2749 1467 2814 colliguntur:
1502 2750 1649 2804 unde
1682 2750 1927 2802 monachi
1974 2764 2167 2802 nomen
2192 2743 2414 2818 proprie
2443 2750 2697 2804 convenit
2738 2749 2844 2803 illis
2892 2749 2983 2817 qui
3041 2743 3663 2818 vitae—contemplatin

409 2813 572 2884 255
603 2817 766 2869 dediti
798 2829 943 2872 sunt.
978 2818 1082 2871 Alii
1114 2813 1258 2871 enim
1296 2818 1533 2889 religiosi
1559 2820 1649 2887 qui
1678 2819 1727 2871 in
1758 2820 1953 2889 populo
1991 2813 2783 2889 versant—ur;etrepiscoporum
2826 2813 3218 2887 pastorumque
3284 2816 3661 2889 coepitulato-

410 2902 498 2957 res
523 2896 649 2939 sunt
678 2890 729 2939 in
764 2889 1118 2942 roncionibus
1145 2898 1201 2942 et
1235 2888 1702 2944 sacramentorum
1737 2888 2208 2942 administratione
2235 2926 2251 2948 ,
2278 2888 2468 2956 quales
2516 2899 2645 2943 sunt
2676 2890 2711 2942 'ti
2749 2904 2887 2957 quos
2915 2889 3285 2943 Mendicantes
3331 2888 3574 2942 dicimus
3603 2899 3665 2941 et

405 2954 984 3030 Prgemoustratenses,
1013 2974 1118 3012 non
1153 2961 1424 3030 monachi,
1454 2960 1550 3014 sed
1579 2960 1874 3030 regulares,
1908 2976 1935 3010 a
1970 2969 2116 3030 certa
2143 2954 2361 3030 vivendi
2386 2974 2576 3012 norma
2609 2954 3008 3030 nuncnpantur.

476 3025 636 3079 Parte
662 3034 898 3081 soconda
929 3029 1190 3082 describit
1222 3029 1383 3083 ritum
1430 3025 1742 3085 monasnca:
1774 3028 2205 3084 consecrationis
2234 3045 2249 3083 :
2286 3029 2427 3081 unde
2477 3040 2625 3097 patet
2652 3029 2769 3097 jam
2792 3025 2932 3082 inde
2964 3045 2992 3080 a
3029 3027 3369 3097 temporibus
3428 3037 3665 3094 aposto-

406 3093 608 3167 lorum,
636 3112 867 3165 quorum
895 3099 1193 3166 discipulus
1222 3110 1276 3152 et
1306 3110 1617 3154 coaetaneus
1665 3098 1765 3151 fuit
1808 3100 2120 3167 Dionysius,
2162 3110 2365 3151 statum
2394 3093 2547 3151 illum
2591 3093 2925 3155 iu‘Ecclesia
2972 3093 3247 3167 primiiiva
3285 3093 3656 3152 fuisseceie-

403 3166 643 3245 hratum,
662 3174 716 3219 et
741 3182 842 3218 non
863 3170 1290 3245 quartodemum
1321 3178 1445 3245 post
1467 3170 1744 3222 Christum
1777 3166 1961 3223 natum
1987 3169 2207 3245 satculo,
2235 3169 2379 3236 quod
2404 3171 2645 3245 lueretici
2668 3166 3033 3245 contendunt,
3059 3170 3285 3245 exordia
3311 3170 3657 3245 sumpsisse,

401 3245 459 3308 et
499 3238 692 3304 partim
725 3251 879 3301 casu,
913 3249 971 3291 ut
1016 3241 1188 3301 aiunt,
1218 3242 1419 3305 partim
1451 3255 1641 3294 errore
1681 3248 1736 3292 et
1782 3254 1948 3308 prava
2002 3239 2309 3291 imitatione
2348 3240 2619 3308 cmpisse;
2665 3241 2800 3308 quin
2834 3240 3012 3307 potius
3041 3242 3109 3293 ab
3143 3240 3380 3308 ipsemet
3423 3238 3660 3292 Christo

403 3306 658 3372 Domino,
705 3310 845 3361 inter
889 3310 994 3361 alia
1050 3308 1243 3362 salutis
1290 3310 1517 3373 monita,
1566 3326 1685 3363 eam
1734 3306 1949 3364 vivendi
1995 3307 2284 3362 formulam
2332 3306 2639 3377 suggestam
2682 3306 2841 3375 esse,
2878 3324 2983 3377 qua
3022 3306 3272 3364 homines
3321 3308 3549 3362 facilius
3587 3310 3659 3362 ad

404 3379 571 3429 vitam
601 3388 864 3431 aeternam
896 3380 1239 3433 devenirent.
1287 3378 1423 3431 Nam
1454 3380 1789 3435 adolescenti
1822 3379 2187 3446 interroganti
2222 3378 2350 3445 quid
2396 3381 2647 3434 iaciendo
2682 3380 2849 3432 vitam
2882 3389 3141 3433 a-ternam
3185 3391 3665 3447 consequeretur,

401 3457 693 3571 postquam
744 3461 1141 3519 praeceptorum
1178 3449 1585 3503 obserVantiam
1617 3451 1685 3505 ad
1734 3450 1784 3503 id
1824 3449 2195 3503 necessariam
2234 3448 2485 3511 uixisset,
2536 3461 2592 3504 et
2627 3450 2693 3503 de
2737 3452 3049 3502 earumdem
3082 3452 3329 3504 custodia
3367 3451 3508 3502 alter
3551 3465 3667 3503 non

427 3518 702 3571 aboraret.
736 3529 787 3571 ut
833 3526 921 3571 uui
956 3519 1138 3571 omnia
1170 3535 1199 3571 a
1232 3520 1510 3571 iuventute
1540 3532 1875 3571 servaverat.
1911 3520 2061 3571 addit
2099 3534 2114 3571 :
2149 3517 2209 3571 Si
2246 3520 2321 3570 vis
2363 3520 2624 3571 perfectus
2665 3535 2795 3571 esss.
2846 3522 2994 3571 vade.
3035 3521 3196 3571 vende
3232 3536 3353 3571 aut:
3403 3520 3578 3571 habes
3613 3530 3665 3571 et

427 3518 702 3589 aboraret,
736 3529 787 3571 ut
833 3517 1138 3587 quiomnia
1170 3535 1199 3571 a
1226 3520 1510 3585 juventute
1540 3532 1875 3580 servaverat.
1911 3520 2061 3571 addit
2099 3534 2114 3572 :
2149 3517 2209 3571 Si
2246 3520 2321 3570 vis
2360 3520 2624 3587 perfectus
2665 3535 2795 3583 esss,
2846 3522 2994 3583 vade,
3035 3521 3196 3573 vende
3232 3536 3353 3589 quia
3403 3520 3578 3573 habes
3613 3530 3665 3572 et

401 3588 473 3659 da
496 3590 811 3656 pauperibus
861 3602 910 3652 ι,
957 3600 1065 3644 etc.
1096 3591 1137 3641 Ε
1184 3590 1385 3658 quibus
1418 3594 1620 3657 verbis,
1648 3591 1805 3659 juxta
1838 3589 1897 3641 Β.
1925 3589 2308 3654 Augustinum,
2344 3592 2612 3655 pet-lectio
2644 3590 2973 3643 Christiana:
3001 3588 3288 3659 religionis
3319 3590 3665 3642 addiscitur.

404 3656 545 3709 Hine
582 3668 826 3727 tempore
872 3656 1245 3729 apostolorum
1291 3662 1455 3728 cmpit
1503 3656 1693 3730 religio
1740 3660 2081 3713 multitudine
2128 3662 2467 3730 credentium
2508 3662 2797 3729 propagari
2844 3677 2857 3711 :
2912 3656 3156 3728 ipsorum
3197 3662 3345 3716 enim
3398 3669 3512 3710 erat
3560 3676 3663 3712 cor

403 3741 591 3800 unum,
621 3738 669 3781 et
718 3728 1037 3782 anima’una
1069 3742 1086 3779 :
1124 3746 1214 3781 nec
1254 3732 1535 3799 quisquam
1576 3728 1786 3795 eorum,
1828 3746 1946 3800 qua:
1984 3728 2305 3796 possidebat,
2345 3729 2548 3797 aliquid
2593 3728 2749 3782 suum
2786 3745 2895 3782 esse
2937 3731 3164 3793 dicebat,
3210 3731 3302 3782 sed
3352 3738 3507 3782 erant
3543 3731 3662 3781 illis

401 3798 580 3849 omnia
608 3802 925 3852 communia.
973 3801 1236 3867 Quotquot
1294 3798 1434 3853 enim
1469 3818 1789 3870 possessores
1835 3798 2083 3870 agrorum
2120 3808 2211 3850 aut
2245 3802 2543 3870 domorum
2588 3810 2775 3863 erant,
2809 3800 3089 3853 uendentes
3143 3800 3437 3869 aﬂ'erebaut
3481 3801 3669 3865 pretia

401 3879 583 3946 eorum
620 3884 736 3935 qua:
773 3870 1094 3946 vendebant,
1125 3881 1175 3923 et
1209 3867 1477 3946 ponebant
1498 3884 1618 3925 ante
1647 3873 1801 3941 pedes
1846 3867 2200 3946 apostolorum
2245 3867 2293 3946 lt.
2457 3886 2526 3946 ire
2566 3873 2689 3946 quis
2719 3873 3029 3946 obstrepat,
3062 3867 3266 3946 nullam
3301 3870 3390 3946 hic
3417 3871 3669 3946 promis:

402 3938 614 4007 sionem
645 3948 738 3990 aut
767 3948 953 3991 votum
989 3940 1374 4005 intervenisse,
1412 3938 1752 3995 contrarium
1786 3942 1980 3996 suadet
2007 3938 2316 4007 obiurgatio
2368 3939 2425 3991 ὃ.
2464 3938 2612 3993 Petri
2647 3941 2792 3994 facta
2840 3941 3069 3992 Attauia:
3101 3950 3153 3993 et
3185 3938 3457 4007 Saphiraa,
3505 3940 3665 4007 quod

402 4005 825 4060 detraudassent
869 4009 933 4061 de
964 4010 1140 4078 pretio
1182 4012 1292 4077 agri
1330 4013 1557 4077 venditi,
1597 4014 1811 4065 dicebat
1842 4010 1989 4063 enim
2028 4024 2043 4058 :
2076 4006 2185 4061 Cur
2218 4010 2434 4060 tentavit
2468 4009 2707 4064 Satanas
2737 4025 2828 4061 cor
2861 4022 3031 4073 tuum,
3065 4005 3275 4062 mentiri
3318 4019 3370 4061 te
3414 4005 3663 4073 Spih’tui

402 4088 608 4139 sancto,
636 4091 680 4129 et
714 4079 971 4146 fraudare
994 4080 1057 4131 de
1081 4081 1249 4147 pretio
1274 4082 1436 4147 agri?
1471 4081 1587 4134 Non
1620 4097 1671 4134 es
1704 4090 1952 4133 mentitus
1980 4079 2303 4145 hominibus,
2344 4081 2433 4131 sed
2487 4080 2596 4133 Deo
2632 4090 2680 4133 ε.
2717 4080 3025 4147 Statimque
3072 4081 3140 4133 de
3189 4089 3421 4146 utroque
3461 4082 3667 4133 mortis

401 4146 735 4219 supplicium
764 4157 1040 4215 smnptum
1074 4161 1177 4203 est.
1213 4146 1367 4215 Quatl
1402 4164 1554 4206 certe
1591 4166 1767 4219 neque
1818 4150 2052 4203 dixisset
2083 4148 2300 4211 Petrus,
2348 4164 2525 4217 neque
2568 4158 2678 4203 tam
2732 4146 2983 4204 horribili
3024 4163 3186 4218 pinna
3221 4164 3320 4203 eos
3366 4147 3667 4204 amisisset

401 4216 567 4291 Deus.
604 4218 708 4291 nisi
734 4220 1056 4286 interposita
1090 4220 1284 4273 fuisset
1324 4223 1605 4291 obligatio.
1645 4216 1815 4275 Recte
1869 4220 2038 4289 igitur
2068 4221 2135 4272 de
2171 4221 2264 4271 illo
2295 4216 2495 4273 saeculo
2530 4220 2898 4291 llierouymus
2926 4216 3237 4291 bad—locum
3267 4221 3500 4291 citatum
3530 4222 3615 4274 ait
3647 4237 3662 4273 :

401 4285 548 4341 Talis
578 4290 808 4356 primum
842 4285 1180 4343 credentium
1215 4292 1317 4345 fuit
1348 4285 1617 4356 Ecclesia,
1644 4294 1831 4360 quales
1864 4285 2009 4342 nunc
2042 4296 2335 4360 monachos
2364 4306 2483 4343 esse
2518 4285 2785 4344 videmus.
2821 4290 2967 4343 Satis
3001 4290 3165 4359 igitur
3202 4290 3499 4360 gerisimile
3535 4301 3663 4353 est,

402 4360 741 4427 temporibus
793 4361 1161 4428 apostolorum
1216 4365 1543 4415 tuonasteria
1588 4357 1899 4415 exstitisse:
1951 4375 2071 4411 nam
2119 4359 2345 4428 legimus
2390 4362 2455 4413 de
2494 4363 2551 4414 ὃ.
2603 4359 2879 4421 Mattiaco,
2913 4357 3143 4429 quodin
3192 4357 3475 4427 Ethiopian
3509 4373 3663 4428 regis

404 4430 567 4480 titiam
593 4445 608 4491 ;
644 4432 711 4483 de
742 4431 799 4484 ὃ.
834 4433 1021 4493 Paulo,
1052 4432 1192 4500 quod
1224 4431 1481 4485 Theclam
1517 4434 1571 4485 itt
1597 4432 1846 4493 Graecia;
1882 4432 1947 4483 de
1975 4430 2035 4482 ὃ.
2067 4430 2372 4494 Clemente,
2400 4435 2543 4499 quod
2577 4431 2909 4484 Domitillam
2938 4446 3063 4484 cum
3090 4431 3335 4499 pluribus
3363 4431 3493 4483 aliis
3533 4431 3659 4484 Deo

399 4511 821 4577 consecrarunt.
856 4500 913 4553 ὃ.
947 4500 1215 4577 Mai-ibam
1244 4518 1466 4577 quoque
1492 4506 1698 4558 scimus
1728 4506 1779 4556 in
1808 4501 1982 4577 Galba
2017 4504 2347 4554 monasteria
2376 4507 2649 4577 erexisse;
2678 4502 2736 4555 5.
2762 4500 3003 4577 Marcum
3038 4503 3275 4577 insignia
3303 4502 3664 4577 clericorum

400 4568 627 4643 collegia
654 4571 996 4625 Alexandria:
1031 4568 1339 4626 instituiSse
1364 4568 1387 4637 ;“
1421 4576 1669 4643 aliosque
1702 4572 2071 4643 apOstolorum
2118 4585 2467 4626 successores
2510 4573 2638 4626 alibi
2675 4588 2689 4624 :
2718 4583 2879 4638 prout
2911 4568 3219 4625 luculenter
3264 4571 3409 4643 idem
3443 4575 3663 4625 descri—

402 4634 565 4717 bunt;
602 4654 704 4717 una
750 4655 888 4717 eum
917 4643 1265 4717 eiereiitoniis
1305 4634 1373 4698 ac
1403 4634 1600 4717 ritibus
1640 4634 1996 4717 personarum
2042 4640 2398 4717 locorumque
2446 4634 2857 4717 consecrationi
2904 4644 3157 4717 adhiberi
3199 4642 3660 4717 s_o|itis,__praeter

402 4708 739 4781 pionysinm,
774 4711 928 4781 Philo
949 4711 1189 4775 Judtcus,
1230 4714 1520 4774 Eusebius.
1556 4708 1784 4767 ιιιιίιηηε
1812 4725 1867 4766 et
1895 4713 2013 4776 alii,
2041 4727 2179 4779 quos
2211 4715 2417 4766 Suarez
2447 4716 2500 4767 in
2532 4723 2769 4768 tractatu
2796 4712 2871 4766 De
2896 4716 3174 4781 religione,
3206 4713 3374 4774 Azor,
3405 4711 3660 4775 Mcdina,

398 4776 589 4901 ﬁlatus
615 4780 805 4834 citant.
838 4779 998 4836 Plura
1026 4786 1117 4851 qui
1144 4785 1290 4839 volet.
1322 4788 1389 4839 de
1421 4798 1566 4841 statu
1607 4788 1881 4853 religioso,
1924 4776 2104 4836 Vident
2149 4787 2293 4852 apud
2341 4786 2399 4839 ὃ.
2444 4790 2474 4839 'l
2490 4788 2711 4841 homam
2743 4785 2865 4850 2-2,
2897 4776 3204 4853 quaistioue
3245 4782 3367 4844 186.
3400 4794 3460 4836 et
3507 4799 3661 4852 eius-

440 4864 524 4901 em
558 4862 1041 4901 COItttttentatures.

440 4864 524 4901 em
558 4862 1041 4907 commentatores.

1457 5131 1943 5195 PAIlAI’llRASIS.
2003 5134 2447 5194 PACHYMERJE
2485 5135 2622 5205 (27).

479 5267 507 5339 ς
543 5267 586 5321 1.
618 5268 989 5339 Aggressurus
1041 5274 1359 5342 mysterium
1397 5276 1720 5329 monasticae
1769 5292 1966 5331 conse-
2004 5335 2010 5347 ε

2149 5278 2176 5348 §
2207 5279 2247 5329 Ι.
2271 5276 2493 5330 Μέλλων
2530 5275 2800 5328 εἰσϐαλεῖν
2818 5275 2896 5343 τῷ
2923 5274 3204 5346 μυστηρίῳ
3224 5276 3324 5346 τῆς
3352 5276 3654 5346 μοναχικῆς

399 5365 683 5431 erationis,
711 5380 833 5417 cuin
863 5366 1024 5419 etiam
1053 5368 1299 5421 monachi
1330 5384 1465 5423 unus
1493 5369 1628 5423 ordo
1647 5370 1758 5423 sint
1780 5386 1930 5424 eorut

2122 5370 2427 5434 ελειώσεως,
2455 5371 2575 5423 ἐπεὶ
2600 5370 2692 5422 καὶ
2716 5370 2763 5421 oi
2797 5370 3017 5439 novaxo‘t
3044 5369 3101 5421 ἓν
3128 5369 3311 5440 τάγμα
3336 5368 3446 5422 τῶν
3470 5369 3653 5421 τελου-

512 5525 534 5554 ²
561 5517 740 5572 Calat.
775 5533 831 5584 v,
861 5517 951 5573 25.
1046 5529 1072 5558 αι
1105 5519 1293 5574 Matth.
1333 5535 1425 5572 xix
1451 5560 1465 5584 ,
1494 5521 1585 5574 ‘21.
1679 5520 1708 5559 ι)
1740 5523 1860 5575 Act.
1888 5537 1961 5586 tv,
1987 5521 2079 5576 52.
2158 5534 2181 5561 ε
2213 5524 2332 5580 Act.
2376 5542 2428 5594 v,
2458 5525 2513 5579 3.

474 5672 588 5737 (2η
620 5674 753 5730 Vide
783 5671 995 5733 Scholia
1033 5673 1090 5731 S.
1123 5674 1367 5742 Maximi,
1397 5684 1529 5731 tom.
1569 5673 1635 5743 ll,
1665 5690 1784 5748 cap.
1819 5676 1851 5732 6
1901 5678 2104 5735 Eccles.
2137 5684 2238 5737 hic:
