3876 6226
292 276 391 329 541

865 275 953 329 DE
992 274 1273 330 ECCLES.
1312 271 1718 337 HIERARCH”
1750 271 1907 327 CAP.
1946 271 2037 327 Vl.
2072 301 2141 315 --
2174 267 2521 326 PARAPHR.
2558 265 3020 322 PACHYMERE.

3450 266 3554 321 542

292 393 473 464 μένων
514 392 683 459 ἐστὶν,
711 391 1282 463 ἀνακεφαλαιούμενος
1303 390 1401 456 τὰς
1441 408 1550 444 των
1586 388 1861 443 τελούντωε

1988 387 2080 457 qui
2112 394 2529 446 consecrantur,
2576 391 2691 437 tres
2729 382 2848 436 illos
2882 396 3071 436 sacros
3100 380 3325 436 ordines
3359 396 3552 436 recen-

288 490 441 558 τρεῖς
480 486 684 552 τάξεις,
711 484 819 538 τῶν
858 483 1144 556 ἱεραρχῶν,
1164 483 1293 537 ετῶν
1334 483 1738 555 πρεσϐυτέρων,
1765 481 1874 535 τῶν

287 576 554 629 διακόνων
574 615 590 639 ,
617 570 692 629 ὧν
741 576 943 646 ἑκάστῃ
972 575 1423 647 ἀποκεκλήρωται
1449 577 1482 647 ή
1524 576 1875 646 προσήκουσα

284 666 520 738 δύναμις
546 669 639 720 καὶ
666 668 933 739 ἐνέργεια,
960 670 991 739 ἡ
1020 668 1345 740 καθαρτικὴ,
1374 669 1536 739 φημὶ,
1564 670 1597 739 ή
1624 685 1877 737 φωτιστι-

286 762 381 832 κὴ,
414 764 564 833 καὶὴ
605 762 950 832 τελειωτική·
983 764 1031 814 εἰ
1072 761 1143 832 μὴ
1170 760 1279 833 γὰρ
1318 760 1617 832 δυνηθεῖεν,
1663 762 1764 814 οὐκ
1810 762 1875 815 ἂν

286 854 627 924 ὲνεργήσειε.
657 853 818 922 Λέγει
842 856 937 908 καλ⁹
976 856 1103 924 περὶ
1126 856 1235 907 τῶν
1270 856 1609 926 τελουμένων
1646 854 1873 919 τάξεων,

286 946 492 1010 αἵτινές
514 949 619 1000 είσι
641 946 1052 1019 καθαιρόμεναι,
1076 947 1458 1019 φωτιζόμεναι,
1480 947 1870 1018 τελειούμεναι’

284 1037 583 1109 τοιγαροῦν
624 1041 762 1092 εἰσιν
801 1039 988 1093 αἰτῶν
1032 1040 1453 1110 ,ιιατηχουμένων
1492 1040 1586 1093 καὶ
1612 1039 1719 1091 τῶν
1756 1040 1874 1090 ὲνο-

258 1170 261 1173 .
284 1128 601 1201 χλουμένων
625 1132 718 1184 καὶ
739 1130 819 1184 ἔτι
838 1131 948 1184 τῶν
975 1129 1258 1201 ὲμπαθῶν,
1286 1132 1380 1183 καὶ
1401 1129 1510 1183 τῶν
1535 1130 1595 1182 έν
1620 1127 1876 1199 μετανοίᾳ

285 1221 553 1291 πληθύες,
572 1222 689 1276 ἔστι
716 1223 815 1293 μὲν
836 1226 1010 1276 εἰπεῖν
1034 1224 1126 1276 καὶ
1149 1225 1266 1276 κατ’
1290 1222 1522 1294 ἀριθμὸν
1542 1221 1651 1275 τῶν
1678 1220 1877 1274 άπλου-

286 1310 521 1381 στέρων,
551 1313 742 1385 ἐπειδὴ
770 1315 862 1365 ἐπὶ
890 1312 1050 1366 πλέον
1074 1314 1134 1366 τὸ
1157 1314 1345 1377 κακον,
1372 1315 1459 1366 ἐπ’
1486 1312 1706 1365 ἔλαττον
1734 1312 1791 1365 δὲ
1814 1311 1877 1364 τὸ

282 1400 493 1468 ἀγαθόν
542 1392 683 1455 ἐστιῖ
735 1404 891 1456 Ἐστι
935 1403 992 1455 δὲ
1032 1404 1131 1456 καὶ
1179 1403 1506 1473 κρειττόνως
1551 1404 1747 1465 εἰπεῖν,
1794 1402 1875 1455 ὅτι

283 1488 477 1560 ἐπειδὴ
504 1490 632 1554 τοὺς
659 1490 736 1561 τῷ
775 1491 895 1563 Θεῷ
937 1491 1400 1563 προσεγγίςοντας
1439 1492 1515 1556 ὼς
1554 1491 1876 1563 ένουμένους

280 1576 361 1645 τῷ
388 1578 473 1629 ἑνὶ
495 1578 747 1642 ὲνοειδεῖς
775 1597 957 1650 φησιν,
986 1580 1210 1644 εἰκότως
1233 1583 1281 1633 οἱ
1303 1579 1396 1633 τοῦ
1426 1581 1544 1644 ένὸς
1572 1581 1878 1653 ἀφιστάμε-

279 1686 386 1732 νοι,
414 1670 654 1740 πληθύες
680 1670 891 1741 ῥηθεῖεν
918 1672 984 1726 άν
1007 1690 1020 1703 ·
1051 1673 1145 1725 καὶ
1167 1673 1277 1743 ὅσῳ
1303 1671 1670 1744 πορρώτερον,
1687 1672 1877 1726 τοσοῦ-
1904 1734 1909 1739 ,

1978 487 2081 537 set,
2100 478 2306 533 scilicet
2321 474 3066 545 episcoporum,sacerdotum
3093 482 3148 529 et
3174 474 3551 541 diaconorum,

1976 583 2205 635 quorum
2228 566 2450 621 cuilibet
2474 567 2649 620 virtus
2668 564 2998 619 conveniens
3017 574 3068 618 et
3093 564 3339 634 operatio
3360 573 3447 617 est
3472 573 3553 617 at-

1982 661 2223 725 tributa,
2285 658 2560 728 expiandi,
2614 658 2854 725 inquam,
2907 657 3242 711 illuminandi
3278 666 3335 711 et
3388 658 3549 725 perli-

1976 749 2186 814 cieudi;
2221 748 2323 803 nisi
2350 749 2496 802 enim
2528 749 2728 802 virtute
2758 757 3103 817 prmstarent,
3135 748 3209 801 nil
3242 746 3547 802 edicerent.

1976 840 2102 909 Agit
2133 840 2298 894 etiam
2331 840 2398 894 de
2428 839 2719 894 ordinibus
2750 841 2842 907 qui
2873 849 3292 904 consecrantur,
3338 848 3394 893 ut
3425 848 3551 894 sunt

1977 933 2091 997 isti,
2122 932 2217 1001 qui
2258 932 2574 1000 expiantur,
2609 930 3010 996 illmninantur,
3042 931 3441 1001 perficiuntur;
3471 932 3548 986 si-

1976 1027 2194 1096 quidem
2212 1036 2339 1080 sunt
2354 1025 2521 1079 etiam
2541 1025 3082 1089 catechumeuorum,
3103 1032 3157 1078 et
3176 1026 3547 1087 obsessorum,

1976 1128 2032 1174 et
2062 1118 2441 1187 impotentium
2472 1127 2528 1173 et
2552 1117 2938 1187 paenitentium
2964 1118 3161 1184 turbae,
3185 1119 3266 1172 sic
3289 1118 3432 1173 enim
3458 1133 3551 1174 eas

1980 1209 2143 1264 liceat
2175 1208 2448 1278 appellare
2477 1218 2726 1277 respectu
2763 1208 2974 1263 numeri
3006 1209 3379 1275 innoxiorum,
3411 1226 3548 1279 quos

1978 1304 2122 1357 niam
2148 1303 2347 1356 malum
2383 1311 2467 1356 est
2496 1300 2862 1369 frequentius,
2895 1312 2952 1356 et
2979 1301 3181 1356 bonum
3211 1302 3410 1357 rarius.
3448 1302 3547 1359 Vel

1976 1397 2159 1466 potius
2186 1396 2496 1459 dicendum,
2538 1396 2682 1464 quod
2720 1409 2842 1449 cum
2893 1394 2959 1449 ad
2995 1396 3161 1451 Deum
3198 1400 3547 1463 accedentes,

1977 1500 2236 1559 tanquam
2275 1488 2352 1542 illi
2386 1488 2480 1541 uni
2516 1487 2863 1555 coniunctos,
2899 1487 3067 1541 etiam
3100 1488 3406 1543 uniformes
3453 1505 3550 1543 νος

1977 1591 2086 1646 eet,
2118 1580 2318 1635 merito
2348 1580 2440 1650 qui
2471 1580 2539 1635 ab
2566 1595 2676 1634 uno
2709 1580 2801 1632 illo
2837 1580 3050 1633 distant
3080 1582 3254 1637 turba:
3283 1596 3377 1637 seu
3410 1583 3549 1637 mul-

1980 1673 2236 1728 titudines
2278 1672 2644 1742 appellentur,
2693 1672 2857 1743 256
2886 1681 3199 1742 quantoque
3244 1676 3416 1744 magis
3461 1676 3545 1730 di-

279 1759 461 1827 τόνγε
488 1759 958 1831 πληθυνθήσονται
978 1780 991 1791 ·
1023 1764 1071 1815 εί
1098 1764 1192 1816 καὶ
1220 1764 1294 1833 μὴ
1324 1763 1446 1815 κατ’
1474 1763 1707 1834 ἀριθμόν
1730 1765 1861 1816 εἰσιν

1969 1774 2141 1829 stant,
2181 1774 2331 1819 tanto
2380 1764 2555 1833 magis
2587 1765 3052 1835 multiplicemur;
3086 1766 3219 1822 licet
3242 1768 3545 1822 secundum

278 1853 659 1923 ἐκτεταμένοι,
692 1854 805 1907 ἀλλ’
830 1855 997 1923 ὀλίγοι
1021 1854 1167 1918 τινὲς
1192 1858 1285 1909 καὶ
1311 1856 1687 1927 εὐαρίθμητοι.
1717 1858 1868 1908 Διαι-

278 1944 394 2016 ρῶν
420 1940 515 1997 οὖν
538 1946 637 2011 τάς
662 1946 771 2000 τῶν
796 1948 1208 2021 καθαιρομένων
1239 1948 1442 2015 τάξεις,
1460 1949 1585 2013 τοὺς
1614 1948 1713 2019 μὲν
1737 1965 1869 2001 κατ-

274 2038 617 2108 ηχουμένους
661 2039 808 2108 λέγει
850 2041 1171 2112 μαιεύεσθαι
1216 2041 1368 2113 παρά
1424 2040 1534 2094 τῶν
1585 2041 1864 2103 διακόνων,

275 2130 372 2182 καὶ
410 2130 749 2199 μορφοῦσθαι
789 2134 870 2195 είς
913 2132 1149 2204 ζωτικὴν
1192 2133 1288 2204 τὴν
1327 2132 1414 2185 διά
1448 2133 1550 2203 τῆς
1590 2131 1868 2202 κολυμϐή-

276 2220 415 2290 θρας
450 2221 705 2288 ἀπότεξιν
731 2240 744 2252 ·
786 2224 912 2287 τοὺς
952 2224 1008 2277 δὲ
1047 2224 1317 2295 ἐμπαθεῖς
1354 2222 1742 2277 ἀνακαλεῖσθαι
1781 2222 1868 2274 διά

271 2311 378 2380 τῆς
402 2311 515 2364 τῶν
541 2312 737 2381 λογίων
762 2314 1122 2382 ἀναγνώσεως
1145 2332 1157 2346 ·
1197 2318 1325 2379 τοὺς
1348 2315 1406 2368 δὲ
1452 2314 1866 2385 ἐνοχλουμένους

274 2402 434 2474 παρά
455 2403 566 2456 τῶν
600 2405 855 2458 ἐναντίων
883 2407 1063 2475 φόϐων
1090 2406 1557 2478 ὲπιρῤωννύεσθαι
1580 2423 1593 2439 ο
1632 2407 1761 2469 τοὺς
1807 2407 1867 2458 ὲν

276 2495 543 2566 μετανοίᾳ
568 2497 766 2550 ἐκτῶν
792 2498 1049 2570 χειρόνων
1090 2499 1443 2571 μετάγεσθαι,
1487 2499 1583 2552 καὶ
1621 2499 1749 2562 τοὺς
1790 2496 1864 2569 μὴ

271 2594 562 2657 παντελῶς
585 2595 960 2665 καθαρθέντας
984 2598 1280 2669 λαμϐάνειν
1305 2598 1366 2651 τὸ
1392 2598 1526 2670 πρὸς
1551 2599 1623 2652 τά
1649 2597 1866 2669 χείρονα

270 2682 695 2754 ἀνεπίστροφον.
750 2685 1227 2739 ’Υποδιασταλτέον
1252 2686 1308 2739 δὲ
1346 2688 1426 2751 είς
1450 2686 1530 2750 τὸ,
1572 2686 1741 2739 οὔπω
1772 2682 1863 2748 δέ,

270 2774 369 2825 καὶ
429 2772 627 2838 ἔξωθεν
672 2775 970 2845 ἐκληπτέον
1023 2776 1122 2843 τὸ,
1183 2776 1398 2844 τελέως
1423 2777 1823 2847 καθαρθεισης
1847 2796 1859 2808 ·

268 2862 419 2915 οὕτω
442 2861 554 2931 γὰρ
574 2862 635 2915 τὸ
654 2863 753 2932 τῆς
776 2864 984 2927 ἐννοίας
1010 2863 1335 2935 σωθήσεται.

328 2960 357 3032 §
405 2962 472 3014 II.
512 2963 698 3016 Εἰπὼν
752 2963 811 3015 δὲ
852 2965 981 3035 περὶ
1018 2965 1128 3019 τῶν
1166 2964 1583 3038 καθαιρομένων
1635 2965 1861 3033 τάξεων,

266 3052 335 3117 ἀς
367 3053 526 3125 παρά
549 3055 656 3108 τῶν
679 3056 939 3110 διακόνων
977 3054 1097 3110 εἶπε
1125 3057 1465 3128 μαιεύεσθαι,
1491 3059 1583 3111 καὶ
1610 3060 1690 3122 είς
1731 3059 1864 3112 ὑπο-

265 3148 437 3218 δοχὴν
462 3147 559 3200 τοῦ
587 3149 763 3217 φωτὸς
789 3150 1226 3221 εὐτρεπίζεσθαι,
1254 3152 1354 3223 ἤδη
1382 3150 1739 3221 διαλαμϐάνει
1766 3152 1861 3205 καὶ

264 3242 403 3311 περὶ
445 3240 549 3311 τῆς
594 3241 705 3294 τῶν
748 3242 1130 3316 φωτιζομένων
1174 3243 1402 3310 τάξεως,
1440 3246 1506 3315 ἢν
1550 3244 1645 3297 καὶ
1689 3244 1862 3315 μέσην

266 3333 428 3403 φησι,
453 3332 552 3403 τῆς
578 3350 637 3385 τε
663 3334 864 3406 δηλαδὴ
887 3336 1209 3408 καθάρσεως
1236 3338 1331 3389 καὶ
1364 3336 1464 3405 τῆς
1486 3334 1819 3399 τελειώσεως
1844 3354 1856 3367 ο

265 3425 365 3475 καὶ
392 3424 734 3496 θεωρητικὴν
758 3425 925 3495 λέγει,
953 3427 1029 3491 ὡς
1072 3428 1385 3499 ἠξιωμένην
1413 3427 1513 3497 τῆς
1552 3426 1703 3490 θείας
1728 3426 1861 3479 θεω-

268 3514 395 3584 ρίας
419 3516 515 3567 καὶ
538 3516 767 3585 ὲποψίας
791 3535 803 3547 ·
835 3519 983 3587 λέγει
1007 3519 1064 3571 δὲ
1101 3522 1230 3584 τοὺς
1254 3522 1313 3572 ὲν
1334 3518 1410 3589 τῷ
1436 3518 1566 3590 ἱερῷ
1600 3518 1715 3589 λαῷ
1740 3518 1855 3571 ὁλο-

266 3607 509 3678 κλήρους
552 3610 645 3661 καὶ
684 3610 1137 3682 ἀνεπιτιμήτους·
1183 3608 1328 3666 οὗτοι
1371 3611 1500 3683 γὰρ,
1546 3611 1860 3683 ἀποκαθαρ-

267 3698 481 3764 θέντες,
508 3704 619 3765 τοῖς
645 3701 971 3771 φωτίζουσιν
999 3706 1413 3775 ὲγχειρίξονται.
1442 3706 1552 3758 Καὶ
1590 3706 1698 3776 γάρ
1740 3706 1858 3756 ἐστι

264 3789 454 3858 δῆλον,
476 3791 553 3854 ὡς
577 3794 610 3862 ἡ
639 3792 975 3863 καθαρθεῖσα
996 3793 1147 3858 τάξις
1174 3796 1354 3867 πάσης
1379 3796 1613 3868 κηλῖδος,
1641 3798 1737 3850 καὶ
1758 3797 1857 3868 τὴν

264 3881 363 3933 τοῦ
395 3882 517 3945 νοὸς
543 3885 755 3955 κίνησιν
782 3886 890 3939 ἀπὸ
914 3886 1114 3951 παντὸς
1138 3886 1343 3951 πάθους
1367 3888 1741 3958 διαφυλάξασα
1765 3890 1856 3942 ἐπὶ

265 3973 370 4041 τὴν
423 3971 767 4045 θεωρητικὴν
815 3974 927 4042 ἕξιν
974 3976 1278 4045 ἀνάγεται,
1323 3979 1419 4032 καὶ
1458 3982 1704 4033 κοινωνεῖ
1744 3981 1857 4043 τοῖς

267 4061 563 4130 συμϐόλοις
588 4065 646 4116 έν
672 4064 877 4136 θεωρίᾳ
902 4068 995 4119 καὶ
1025 4071 1225 4139 μετοχῇ
1254 4069 1435 4123 αὐτῶν
1458 4070 1738 4142 γινομένη,
1764 4071 1857 4125 καὶ

266 4152 335 4205 δι’
374 4153 672 4223 ἀναγωγῆς
707 4156 1106 4228 ἀναπεροῦται
1143 4160 1266 4211 καθ’
1305 4161 1427 4214 ὅσον
1464 4160 1542 4214 ένι
1592 4162 1725 4233 πρὸς
1764 4162 1855 4215 τὸν

266 4244 413 4297 θεῖον
436 4244 616 4298 αὐτῶν
654 4246 849 4316 ἔρωτα.
882 4249 1031 4321 Ὄσῳ
1055 4250 1162 4323 γὰρ
1184 4250 1252 4304 τὰ
1290 4252 1532 4323 σύμϐολα
1570 4254 1851 4307 ἀναπτύσ-

267 4353 477 4401 σονται,
508 4340 600 4390 καὶ
625 4338 684 4390 τὸ
707 4339 1023 4410 ἀπόκρυφον
1048 4340 1355 4413 θεωρεῖται,
1384 4342 1621 4412 τοσούτῳ
1645 4344 1803 4396 ποθεῖ
1824 4345 1851 4396 ὁ

1971 1871 2253 1912 numerum
2286 1871 2391 1910 non
2424 1856 2816 1922 extendantur,
2849 1858 2945 1913 sed
2976 1859 3140 1928 pauci
3188 1859 3301 1913 sint
3345 1868 3401 1914 et
3436 1875 3544 1913 nu-

1970 1956 2180 2001 meratu
2210 1946 2419 2001 faciles.
2450 1947 2648 2001 Eorum
2676 1947 2860 2018 itaque
2883 1950 2976 2019 qui
3006 1950 3298 2020 expiantur
3318 1950 3546 2005 ordines

1968 2040 2347 2109 distinguens,
2396 2040 2818 2094 catechumenos
2869 2041 3089 2110 quidem
3142 2041 3223 2095 ait
3281 2040 3455 2095 foveri
3511 2057 3541 2094 a

1974 2132 2244 2198 diaconis,
2273 2143 2327 2186 et
2357 2132 2423 2185 ad
2451 2130 2673 2186 vitalem
2706 2141 2921 2202 partum
2950 2148 3047 2202 per
3078 2133 3354 2187 lavacrum
3377 2133 3541 2188 επον-

1968 2223 2139 2291 mari;
2190 2222 2534 2292 passionibus
2569 2238 2697 2278 vero
2741 2224 3009 2279 obnoxios
3056 2226 3301 2279 revocari
3336 2226 3413 2279 ait
3444 2243 3543 2296 per

1964 2315 2312 2371 oraculorum
2368 2315 2699 2382 lectionem;
2757 2332 2854 2372 eos
2908 2332 3039 2371 vero
3093 2318 3186 2386 qui
3242 2320 3537 2374 contrariis

1968 2405 2259 2474 pavoribus
2284 2415 2572 2470 vexantur,
2600 2405 2922 2460 confirmari
2949 2422 2965 2472 ;
3000 2409 3324 2475 pmnitentes
3353 2423 3384 2460 a
3410 2424 3530 2463 ma-

1969 2494 2032 2550 lis
2058 2497 2268 2561 reduci,
2312 2506 2367 2550 et
2396 2499 2489 2565 qui
2517 2513 2623 2552 non
2653 2499 2881 2553 omnino
2916 2501 3035 2569 puri
3069 2511 3199 2554 sunt
3240 2501 3342 2555 hoc
3388 2503 3536 2556 acci-

1969 2601 2119 2657 pere,
2147 2601 2215 2641 ne
2242 2587 2295 2641 in
2321 2587 2594 2641 deteriora
2621 2588 2957 2642 relabantur.
2975 2589 3537 2659 Subdistinguendum

1964 2694 2097 2735 vero
2133 2679 2263 2733 illud
2308 2680 2476 2734 οὔπω
2503 2680 2591 2745 δέ,
2630 2682 2721 2735 sed
2754 2682 3008 2746 nondum,
3041 2691 3096 2735 et
3124 2683 3535 2752 subintelligeu-

1965 2773 2117 2839 dum,
2150 2772 2376 2843 perfecte
2401 2774 2634 2843 expiari;
2662 2775 2742 2830 sic
2783 2775 2929 2829 enim
2962 2789 3154 2831 sensus
3194 2776 3368 2846 magis
3400 2778 3537 2831 inte-

1964 2879 2060 2935 ger
2081 2868 2209 2921 erit.

2040 2960 2068 3032 §
2112 2960 2176 3015 ll.
2215 2960 2458 3016 Locutus
2494 2974 2627 3015 vero
2669 2960 2737 3015 de
2762 2960 3047 3016 ordinibus
3077 2960 3172 3030 qui
3216 2962 3536 3032 expiantur,

1964 3067 2102 3123 quos
2132 3070 2161 3108 a
2198 3055 2444 3109 diaconis
2477 3051 2647 3107 foveri
2672 3052 2830 3117 dixit,
2863 3062 2917 3106 et
2946 3052 3013 3105 ad
3046 3051 3266 3106 luminis
3340 3069 3531 3111 susce-

1966 3146 2541 3217 ptionemprmparari,
2594 3148 2755 3201 modo
2795 3147 2910 3217 agit
2957 3146 3024 3201 de
3072 3145 3268 3199 ordine
3321 3145 3536 3200 illorum

1962 3240 2056 3308 qui
2089 3238 2481 3301 illuminantur,
2507 3251 2669 3306 quem
2687 3247 2742 3291 et
2768 3239 3005 3292 medium
3035 3238 3294 3308 appellat,
3328 3239 3537 3293 scilicet

1963 3332 2105 3385 inter
2128 3330 2500 3398 expiationem
2536 3337 2591 3382 et
2623 3327 3039 3398 perfectionem,
3063 3339 3119 3383 et
3143 3328 3535 3398 speculativum

1962 3430 2143 3487 vocat,
2186 3430 2444 3489 tanquam
2477 3420 2661 3473 divina
2706 3420 3177 3491 contemplatione
3214 3432 3269 3475 et
3312 3434 3536 3488 aspectu

1961 3512 2186 3580 dignum
2214 3511 2462 3565 habitum
2487 3526 2504 3576 ;
2540 3509 2803 3579 intelligit
2832 3521 3015 3563 autem
3045 3522 3139 3562 eos
3168 3510 3263 3578 qui
3292 3509 3347 3562 in
3378 3524 3536 3563 sacro

1960 3605 2165 3676 populo
2211 3605 2409 3673 integri
2452 3611 2508 3657 et
2555 3602 3070 3672 irreprebensibiles
3110 3604 3426 3656 exsistunt:
3481 3604 3535 3655 lii

1962 3699 2108 3753 enim
2155 3696 2359 3765 expiati
2390 3694 2658 3749 accedunt
2688 3694 2755 3748 ad
2796 3708 2861 3749 ea
2909 3709 3029 3763 quae
3076 3694 3407 3748 illuminant.
3442 3693 3508 3746 Et

1957 3791 2103 3845 enim
2156 3787 2502 3844 manifestum
2548 3796 2669 3853 est,
2723 3787 2972 3842 ordinem
3026 3785 3177 3840 illum
3232 3786 3383 3841 omni
3417 3785 3535 3855 jam

1958 3883 2172 3937 macula
2205 3881 2505 3951 expiatum,
2546 3890 2602 3933 et
2642 3882 2842 3934 mentis
2876 3887 3083 3935 motum
3114 3879 3184 3933 ab
3228 3879 3377 3932 omni
3408 3894 3536 3948 per-

1932 3974 2275 4029 turbatione
2321 3972 2697 4035 cohibentem,
2742 3972 2810 4024 ad
2846 3970 3330 4039 contemplativum
3379 3970 3535 4024 habi-

1959 4077 2072 4121 tum
2105 4066 2325 4133 adduci,
2358 4074 2520 4133 atque
2544 4064 2789 4133 ipsismet
2818 4062 3099 4133 symbolis,
3131 4077 3254 4116 cum
3286 4071 3534 4116 contem-

1956 4160 2153 4231 plando
2180 4168 2292 4212 tum
2320 4156 2702 4227 participando
2733 4157 3159 4222 communicare,
3183 4164 3238 4211 et
3268 4169 3367 4224 per
3391 4170 3529 4208 ana-

1928 4263 2125 4318 gogen
2170 4249 2236 4301 ad
2278 4247 2518 4299 divinum
2564 4244 2881 4300 eorumdem
2938 4259 3179 4298 amorem
3221 4244 3526 4299 subvolare.

1954 4341 2228 4405 Quantum
2258 4339 2405 4392 enim
2436 4336 2680 4407 symbola
2705 4335 3072 4405 explicantur,
3104 4346 3159 4390 et
3190 4341 3331 4405 quod
3364 4353 3527 4391 arca-

268 4431 517 4500 μετέχων
539 4431 680 4484 κατά
700 4449 821 4485 τινα
843 4432 984 4486 θεῖον
1006 4435 1099 4487 καὶ
1122 4435 1431 4507 ἀπόρρητον
1451 4444 1643 4509 ερωτα.
1668 4438 1851 4490 Εἰπὼν

1965 4449 2085 4487 num
2118 4441 2201 4487 est
2236 4431 2498 4494 cernitur,
2534 4431 2869 4483 tantumdem
2898 4429 3215 4483 eorutudem
3245 4431 3521 4499 particeps

262 4524 397 4593 περί
419 4540 480 4574 τε
504 4522 613 4575 τῶν
638 4522 1071 4596 καθαιρομένων,
1098 4527 1224 4596 περί
1249 4544 1308 4579 τε
1333 4527 1441 4579 τῶν
1466 4527 1851 4599 φωτιζομένων

259 4618 495 4683 τάξεων,
514 4617 701 4688 ἐπειδὴ
724 4618 865 4671 κατά
886 4621 1107 4682 τούτους
1130 4620 1163 4690 ὴ
1187 4618 1296 4672 τῶν
1321 4620 1660 4691 τελουμένων
1684 4623 1848 4675 ἐστίν.

260 4710 387 4761 Εἰσὶ
427 4709 486 4761 δὲ
528 4708 668 4779 μετά
711 4710 939 4774 πολλοὺς
991 4712 1226 4784 τρόπους
1274 4714 1324 4764 οἱ
1366 4714 1717 4783 τελούμενον
1758 4714 1855 4767 καὶ

260 4798 373 4871 γάρ
410 4802 507 4853 καὶ
545 4802 593 4852 οἱ
633 4801 710 4870 τῷ
752 4802 1085 4873 βαπτίσματι
1123 4803 1508 4874 τελειούμενοι,
1537 4805 1630 4857 καὶ
1655 4806 1703 4857 οἱ
1742 4803 1852 4857 τῶν

262 4889 425 4943 θείων
452 4892 767 4963 μυστηρίων
796 4894 1133 4963 μετέχοντες,
1159 4896 1250 4947 καὶ
1272 4897 1320 4947 οἱ
1361 4895 1659 4966 ἱερωσύνην
1689 4914 1849 4967 περιρ

258 4982 556 5053 τιθέμενοι,
586 4985 678 5037 καὶ
700 4987 748 5037 οἱ
789 4987 1087 5056 μοναχικῆς
1113 4985 1422 5057 ἀξιούμενοι
1446 4989 1849 5054 καταστάσεως,

260 5076 507 5140 ἅπαντες
538 5076 643 5129 ὑπὸ
663 5076 760 5147 τὴν
782 5076 933 5141 τάξιν
960 5078 1070 5131 τῶν
1095 5078 1434 5149 τελουμένων
1458 5080 1615 5133 είσίν.

335 5274 366 5347 ς
409 5276 502 5328 ΙΙΙ.
531 5276 670 5347 Περὶ
706 5276 815 5329 τῶν
838 5276 1015 5331 ἄλλων
1038 5277 1432 5350 προδιαλαϐὼν,
1460 5279 1555 5333 νῦν
1578 5298 1643 5333 πε
1654 5282 1706 5352 pi.
1746 5280 1848 5351 τῆς

262 5367 570 5436 μοναχικῆς
594 5366 812 5431 διέξεισι
835 5368 1259 5440 τελεσιουργίας,
1288 5370 1354 5440 ἣν
1380 5371 1473 5423 κα)⁸
1510 5371 1846 5443 ὑψηλοτέραν

259 5454 453 5523 φησὶν,
479 5456 539 5507 οὐ
569 5456 707 5527 πρὸς
732 5457 829 5528 τὴν
853 5457 960 5510 τῶν
983 5460 1237 5512 τοιούτων
1264 5461 1495 5513 τελετῶν
1520 5463 1627 5515 τῶν
1669 5463 1845 5532 μόνως

259 5543 653 5615 τελειουμένων
702 5546 1021 5620 σύγκρισιν’
1076 5549 1179 5603 ποῦ
1226 5550 1333 5622 γὰρ
1378 5553 1410 5622 ή
1472 5552 1845 5623 βαπτίσματος

259 5638 522 5707 δύναμιςξ
538 5639 643 5692 ποῦ
669 5640 724 5694 δὲ
750 5644 781 5712 ἡ
810 5642 911 5712 τῆς
936 5644 1233 5715 ἱερωσύνης
1272 5646 1642 5718 ὑπερκειμένη
1672 5650 1841 5702 κατά-

260 5745 472 5798 στασις,
496 5730 635 5787 ὥστε
662 5732 923 5805 κληθῆναι
948 5736 1149 5808 ταύτην
1173 5738 1539 5810 ὑψηλοτέρακ
1566 5741 1638 5794 Οὐ
1664 5741 1838 5797 τοίνυν

1958 4526 2149 4579 divino
2180 4525 2413 4593 quodam
2445 4532 2499 4576 et
2546 4536 2755 4575 arcano
2790 4535 2976 4574 amore
3022 4520 3237 4590 ﬂagrat.
3286 4522 3433 4576 Dixit
3463 4528 3529 4576 dc

1955 4617 2243 4672 ordinibus
2274 4616 2367 4684 qui
2397 4615 2685 4683 expiantur
2714 4624 2767 4668 et
2797 4615 2888 4683 qui
2921 4614 3319 4680 illuminantur,
3348 4629 3526 4684 quan-

1954 4709 2242 4776 doquidem
2268 4719 2388 4777 post
2410 4709 2509 4762 hos
2531 4708 2603 4763 sit
2629 4708 2765 4762 ordo
2788 4722 2978 4762 eorum
3016 4707 3113 4777 qui
3144 4710 3467 4776 perticiuntu
3480 4727 3524 4761 r.

1955 4798 2108 4852 Multi
2135 4809 2318 4853 autem
2362 4801 2507 4853 modi
2540 4811 2670 4853 sunt
2714 4802 2913 4868 quibus
2958 4802 3320 4870 perficiuntur
3353 4818 3367 4855 :
3403 4817 3524 4856 nam

1952 4896 2085 4949 etin
2122 4895 2391 4964 baptismo
2427 4894 2592 4963 aliqui
2626 4896 3004 4963 perficiuntur,
3039 4907 3093 4949 et
3141 4896 3193 4949 in
3235 4911 3522 4953 sacrorum

1955 4991 2345 5058 mysteriorum
2390 4990 2832 5057 participatione,
2873 4998 2926 5042 et
2958 4990 3016 5042 in
3053 5003 3338 5043 sacrorum
3378 4993 3525 5043 ordi-

1953 5100 2078 5138 num
2112 5084 2483 5153 susceptione,
2513 5094 2569 5138 et
2608 5085 2661 5138 in
2693 5087 3001 5141 monastico
3051 5096 3219 5153 statu,
3264 5088 3357 5157 qui
3397 5100 3521 5142 sunt

1951 5190 2141 5229 onmcs
2167 5177 2267 5228 sub
2297 5176 2489 5229 ordine
2512 5176 2729 5229 illorum
2763 5179 2855 5247 qui
2894 5179 3282 5248 perﬁciuntur.

2024 5266 2054 5338 ς
2090 5267 2179 5321 ιιι.
2233 5267 2370 5322 Cum
2416 5277 2599 5321 autem
2648 5268 2717 5323 de
2749 5270 2873 5324 aliis
2912 5282 3073 5325 antea
3118 5272 3313 5340 egerit,
3358 5272 3518 5325 modo

1950 5368 2151 5415 tractat
2177 5359 2246 5414 de
2288 5362 2589 5416 monastica
2635 5364 3080 5424 consecratione,
3119 5377 3280 5430 quam
3326 5372 3382 5417 et
3419 5379 3513 5417 su-

1950 5454 2255 5508 blimiorem
2287 5463 2464 5518 vocat,
2494 5469 2599 5507 non
2624 5455 3032 5523 comparatione
3079 5454 3292 5507 illorum
3327 5467 3514 5507 sacra-

1947 5558 2253 5603 mentormn
2298 5540 2417 5617 quae
2478 5547 2591 5603 sola
2644 5548 3059 5603 consecratione
3111 5546 3510 5615 perficiuntur,

1946 5640 2035 5695 ubi
2067 5640 2211 5694 enim
2251 5648 2398 5693 CaSCl
2442 5640 2615 5693 virtus
2650 5640 3012 5709 baptismatis,
3063 5640 3153 5695 ubi
3218 5639 3511 5694 sacerdotii

1944 5736 2194 5794 eminens
2233 5732 2322 5787 illc
2356 5740 2554 5800 status,
2602 5734 2746 5802 quod
2782 5734 2892 5789 haec
2933 5734 3215 5792 sublimior
3258 5730 3512 5788 dicatur?
