3876 6226
342 240 447 300 548

1521 255 1578 312 S.
1621 251 1917 310 DIONYSII
1954 253 2416 312 AREOPAGITIE

3497 268 3601 322 εει

342 360 465 417 Non
509 358 693 432 itaque
726 366 1137 434 comparatione
1170 368 1390 427 illorum
1434 374 1527 443 qui
1566 372 1683 427 sola
1716 387 1919 428 consc-

2050 372 2166 442 πρὸς
2192 371 2478 445 σύγκρισιν
2517 373 2627 428 τῶν
2656 376 2831 448 μόνως
2864 376 3252 450 τελειουμένων
3296 381 3606 454 ὑψηλοτέρα

347 455 593 513 cratione
638 458 997 525 perﬁciuntur
1033 462 1319 517 sublimior
1363 473 1472 531 est,
1526 465 1624 521 sed
1667 475 1919 533 respectu

347 547 488 600 ritus
513 545 675 619 257
699 550 1030 617 expiationis
1069 560 1125 606 et
1150 564 1401 621 respectu
1428 555 1566 611 ritus
1600 556 1926 611 illustratio-

347 637 464 702 nis,
518 639 764 719 hmcest
805 642 1114 701 sublimior.
1167 645 1447 714 Siquidem
1497 650 1615 705 bzec
1667 658 1922 719 tanquam

347 729 612 797 medium,
645 732 857 787 scilicet
888 748 1077 788 eorum
1107 736 1201 805 qui
1248 736 1645 805 illuminantur,
1675 740 1923 795 ordinem

350 825 781 890 transcenderis,
820 836 934 880 tres
963 828 1129 882 etiam
1164 828 1217 883 in
1250 844 1311 884 se
1354 830 1720 900 proprietates
1750 833 1928 887 couti-

349 922 463 980 net,
499 915 779 985 expiandi,
820 918 1163 973 illuminandi
1199 930 1253 975 et
1285 920 1626 990 perﬁciendi,
1663 924 1806 979 sicut
1843 933 1927 978 est

350 1008 603 1078 superius
628 1009 978 1079 explicatum.
1004 1011 1120 1067 Non
1146 1013 1267 1069 dico
1292 1024 1541 1084 respectu
1570 1030 1926 1084 personarum

350 1109 801 1155 consecratarum
833 1116 847 1155 :
884 1118 1008 1156 nam
1040 1103 1133 1174 qui
1168 1104 1498 1174 baptismate
1531 1106 1730 1160 initiati
1778 1114 1927 1169 sunt,

353 1194 519 1249 medii
567 1204 696 1248 sunt
722 1196 956 1262 ordinis,
991 1207 1048 1253 et
1086 1214 1215 1267 pars
1258 1214 1434 1254 sacra:
1478 1199 1691 1270 plebis;
1733 1200 1931 1269 quibus

351 1286 515 1340 etiam
569 1286 736 1341 multa
788 1290 1218 1358 permittuntur,
1271 1305 1468 1361 nempe
1519 1292 1735 1360 nuptias
1781 1291 1929 1347 cele-

354 1377 539 1441 brare,
591 1379 853 1445 militare,
888 1379 1049 1449 hujus
1089 1382 1217 1437 vita:
1260 1382 1477 1453 negotia
1518 1390 1780 1438 tractare.
1826 1383 1929 1449 Qui

354 1485 490 1526 vero
533 1472 840 1530 sacerdotio
872 1477 1049 1530 ornati
1097 1484 1246 1544 sunt,
1292 1490 1393 1532 nec
1447 1476 1549 1545 ipsi
1600 1491 1820 1546 quoque
1863 1476 1933 1531 ab

356 1566 616 1621 omnibus
641 1567 919 1622 abstinere
948 1582 1013 1623 ac
1045 1582 1264 1624 cessare
1308 1569 1511 1624 debent
1541 1586 1554 1622 :
1588 1584 1715 1623 nam
1744 1584 1932 1624 sacer-

354 1658 515 1713 dotes
560 1657 700 1712 alius
740 1658 1058 1728 perficiunt,
1093 1669 1149 1715 et
1181 1660 1322 1714 hanc
1370 1661 1439 1715 ob
1488 1676 1712 1716 causam
1763 1660 1930 1713 multa

2023 463 2185 536 αῦτη,
2213 465 2349 520 ἀλλὰ
2380 467 2519 539 πρός
2556 484 2616 520 τε
2640 467 2737 540 τὴν
2759 470 2861 540 τῆς
2888 471 3207 544 καθάρσεως
3227 473 3471 546 τελετὴν,
3514 480 3608 531 καὶ

2024 555 2161 627 πρὸς
2200 557 2299 627 τὴν
2339 558 2434 612 τοῦ
2479 560 2761 630 φωτισμοῦ
2805 561 3046 633 τελετὴν,
3093 564 3230 635 αῦτη
3275 565 3607 639 ὑψηλοτέρα.

2023 649 2172 719 Δῦτη
2198 651 2306 720 γὰρ
2335 649 2409 714 ὠς
2434 650 2843 724 ὑπερϐεϐηκυῖα
2866 654 2964 726 τὴν
3008 656 3179 728 μέσην
3204 658 3379 724 τάξιν,
3406 660 3611 730 δηλαδὴ

2023 742 2123 813 τὴν
2145 742 2255 796 τῶν
2285 744 2689 815 φωτιζομένων,
2731 749 2826 799 καὶ
2861 748 2959 812 τὰς
2986 748 3095 801 τῶν
3132 750 3297 821 τριῶν
3336 752 3611 823 ἰδιότητας

2028 834 2183 906 φέρει
2232 836 2289 889 ὲν
2332 837 2521 907 ἑαυτῇ,
2558 837 2657 907 τὴν
2700 839 2988 910 κάθαρσιν,
3029 842 3121 895 τὸν
3167 844 3468 913 φωτισμὸν,
3514 845 3612 915 τὴν

2026 928 2325 991 τελείωσιν,
2354 928 2534 993 καθὼς
2565 930 2861 1003 κατωτέρω
2897 929 3166 997 διέξεισιν.
3207 935 3281 987 Οὐ
3324 935 3490 1003 λέγω,
3534 938 3614 989 ὅτι

2029 1022 2124 1074 καὶ
2148 1021 2283 1092 πρὸς
2306 1022 2407 1091 τὴν
2444 1020 2556 1075 τῶν
2577 1022 2914 1093 τελουμένων
2940 1024 3245 1095 προσώπων
3272 1028 3581 1097 παράθεσιν
3598 1047 3609 1057 ·

2028 1113 2161 1166 οἵτε
2185 1112 2293 1182 γὰρ
2316 1111 2627 1182 τελούμενοι
2664 1112 2741 1183 τῷ
2782 1114 3118 1186 βαπτίσματι
3152 1118 3252 1188 τῆς
3290 1118 3466 1190 μέσης
3510 1120 3618 1172 εἰσὶ

2028 1202 2256 1266 τάξεως,
2296 1202 2391 1255 καὶ
2433 1203 2531 1273 τῆς
2560 1204 2711 1272 ἱερᾶς
2752 1203 2989 1269 λαώδους
3034 1207 3248 1278 μοίρας,
3290 1204 3372 1272 οἷς
3409 1209 3477 1279 δὴ
3525 1211 3618 1262 καὶ

2032 1294 2204 1348 πολλὰ
2224 1296 2458 1363 ἐφεῖται,
2485 1293 2725 1365 δηλονότι
2758 1296 2819 1348 τὸ
2846 1297 3043 1367 γάμοις
3085 1300 3314 1369 ὁμιλεῖν,
3341 1300 3406 1352 τὸ
3450 1319 3619 1373 στρα-

2030 1384 2305 1449 τεύεσθαι,
2331 1384 2393 1437 τὸ
2418 1385 2803 1457 πραγματείας
2842 1386 2936 1439 τοῦ
2964 1387 3075 1457 βίου
3120 1389 3616 1462 μεταχειρίζεσθαι.

2034 1477 2101 1531 Οἵ
2120 1493 2180 1530 τε
2218 1478 2282 1546 τῇ
2322 1475 2591 1547 ἱερωσύνῃ
2629 1477 3016 1548 κοσμούμενοι,
3044 1480 3152 1532 οὐδ’
3194 1483 3345 1534 αὐτοὶ
3385 1484 3621 1552 πάμπαν

2032 1570 2095 1624 τὸ
2117 1572 2209 1624 ἐπὶ
2232 1572 2397 1624 πᾶσιν
2421 1571 2678 1642 ἀκίνητον
2703 1572 3007 1641 ὀφείλουσιν
3041 1573 3186 1643 ἔχειν
3208 1576 3298 1627 καὶ
3322 1575 3621 1646 ἀνενέργη-

2036 1680 2158 1717 τον·
2184 1663 2517 1717 τελειωτικοὶ
2552 1664 2663 1737 γὰρ
2701 1665 2809 1718 τῶν
2836 1666 3039 1738 ἐτέρων
3075 1668 3123 1719 οἱ
3164 1670 3327 1737 ἱερεῖς
3368 1671 3501 1733 εἰσι,
3533 1670 3624 1721 καὶ

358 1759 549 1821 agunt.
588 1750 691 1818 Qui
730 1766 861 1806 vero
892 1756 1257 1807 monasticum
1285 1754 1597 1809 institutum
1630 1763 1932 1819 sectantur,

2050 1756 2128 1811 διὰ
2152 1756 2311 1812 τοῦτο
2338 1758 2509 1812 πολλὰ
2530 1760 2943 1831 ὲνεργήσουσιν.
2972 1762 3033 1813 Oi
3058 1760 3115 1812 δὲ
3151 1760 3291 1813 κατὰ
3320 1762 3420 1832 τὴν
3459 1778 3624 1831 μονα-

358 1843 583 1899 omnino
624 1846 825 1901 mortui
868 1860 992 1900 esse
1038 1846 1257 1909 debent,
1296 1847 1669 1917 crueiﬂgcndo
1705 1862 1934 1902 carnem

361 1950 487 1992 cum
512 1938 863 2007 passionibus
904 1948 959 1993 et
987 1940 1467 2009 concupiscentiis,
1501 1952 1555 1995 et
1582 1941 1818 1996 vivendo
1849 1958 1939 1997 se-

360 2032 472 2087 lum
506 2032 618 2089 Deo
648 2041 705 2088 et
742 2034 847 2087 sibi
881 2033 1014 2102 ipsis
1046 2051 1059 2086 :
1095 2033 1211 2088 haec
1240 2033 1384 2088 enim
1420 2042 1506 2089 est
1537 2034 1725 2090 totalis
1752 2036 1939 2103 expia-

362 2126 441 2179 tio
487 2133 544 2180 et
590 2125 904 2180 omnitnoda
958 2127 1170 2193 puritas
1226 2126 1503 2179 actionum
1568 2128 1935 2197 propriarum.

362 2213 482 2270 Hoc
509 2217 699 2285 utique
732 2230 839 2269 non
885 2214 1011 2269 dico
1036 2254 1053 2281 ,
1086 2215 1245 2283 quasi
1278 2214 1380 2269 viri
1430 2217 1604 2270 sancti
1654 2232 1851 2287 scapus
1876 2233 1941 2274 eo

364 2323 471 2361 non
507 2315 757 2375 spectet;
787 2305 881 2361 sed
916 2320 1041 2360 cum
1079 2307 1227 2362 aliud
1256 2310 1328 2364 sit
1352 2310 1645 2376 τελεῖσθαι.
1688 2327 1786 2367 seu
1837 2314 1940 2367 ini-

365 2396 513 2454 tiari.
545 2404 600 2449 et
627 2394 775 2448 aliud
803 2394 1163 2461 τελειοῦσθαι,
1192 2413 1284 2453 seu
1313 2400 1497 2470 perﬁci
1524 2417 1587 2456 ac
1618 2405 1941 2460 consecrari

365 2486 516 2555 (nam
563 2485 769 2539 initiari
818 2494 903 2541 est
952 2487 1069 2543 sive
1112 2502 1212 2557 per
1256 2490 1628 2558 expiationem
1674 2492 1790 2548 sive
1842 2509 1941 2563 per

367 2577 843 2644 illuminationem,
891 2579 1089 2649 perlici
1126 2596 1255 2636 vero
1281 2591 1366 2637 est
1395 2598 1491 2652 per
1518 2584 1690 2640 solam
1723 2587 1943 2656 proprie

367 2669 569 2723 dictam
610 2670 1053 2742 perfectionem),
1100 2673 1322 2741 praefert
1368 2678 1671 2732 monachos
1699 2678 1808 2733 illis
1851 2679 1943 2747 qui

366 2762 699 2833 simpliciter
736 2764 935 2818 initiati
979 2774 1126 2832 sunt,
1156 2768 1395 2834 expiatis
1420 2769 1631 2824 scilicet
1662 2779 1717 2825 et
1743 2770 1944 2825 illumi-

370 2856 549 2921 nalis;
582 2854 840 2924 quoniam
882 2864 938 2911 et
968 2856 1072 2926 ipsi
1111 2858 1308 2912 initiati
1340 2869 1468 2914 sunt
1494 2863 1941 2930 prtestantiorcs,

369 2962 535 3016 quam
564 2948 953 3003 catechumeni
982 2951 1321 3018 expiatione,
1364 2963 1528 3022 atque
1564 2955 1790 3025 insuper
1822 2956 1947 3009 illu-

371 3037 703 3093 miuatorum
738 3040 990 3094 ordinem
1021 3042 1374 3109 praecedunt,
1423 3058 1591 3113 quem
1620 3054 1676 3101 et
1706 3045 1942 3101 medium

370 3132 626 3202 appellat,
665 3132 918 3188 videlicet
953 3134 1239 3189 laicorum.
1265 3135 1399 3189 Cum
1428 3152 1559 3193 vero
1591 3153 1791 3194 nomen
1836 3137 1943 3193 ini-

374 3226 625 3280 tiationis
661 3225 792 3295 quid
824 3227 1190 3282 universalius
1226 3228 1297 3282 sit
1325 3243 1489 3298 quam
1525 3246 1725 3287 nomen
1756 3232 1948 3302 perfe-

372 3317 589 3385 ctionis,
641 3318 849 3373 idcirco
890 3334 998 3373 non
1040 3320 1117 3374 ita
1163 3330 1316 3376 recte
1368 3337 1667 3392 possumus
1718 3339 1841 3378 cum
1884 3339 1950 3378 eo

373 3410 629 3466 conferre
680 3412 1079 3467 monachorum
1132 3416 1629 3471 consecrationem.
1683 3414 1950 3471 Caeterum

373 3504 633 3573 quoniam
684 3505 1076 3561 monachorum
1107 3508 1265 3575 ordo,
1317 3517 1540 3578 propter
1582 3509 1950 3563 omnimodam

376 3596 762 3661 sanctitatem,
827 3607 885 3653 et
934 3599 1301 3667 expiationem
1361 3610 1417 3655 et
1478 3599 1950 3656 illuminatiouem

376 3690 781 3759 complectitur,
830 3692 1138 3747 ostenditur
1167 3694 1370 3748 habere
1405 3693 1806 3762 expiationem,
1856 3710 1955 3762 per

376 3798 542 3851 quam
581 3783 749 3838 etiam
803 3783 1229 3839 lllumiuatorum
1276 3786 1672 3854 proprietatem
1716 3785 1951 3853 obtinet,

380 3872 492 3929 imo
520 3875 685 3929 etiam
719 3891 911 3931 eorum
955 3877 1047 3947 qui
1080 3878 1131 3931 in
1164 3878 1355 3946 spiritu
1393 3879 1793 3947 perﬁciuntur;
1826 3881 1954 3934 lllu-

378 3967 711 4021 minatorum
727 3969 1255 4041 quidem,quoniam,
1270 3982 1530 4041 quantum
1554 3972 1637 4027 fas
1656 3983 1759 4035 est,
1777 3972 1958 4027 omnis

380 4058 617 4113 actionis
658 4074 830 4114 sacrae
875 4075 972 4129 per
1002 4063 1304 4130 spiritalem
1355 4064 1871 4134 contemplationem
1902 4073 1960 4119 et

379 4151 824 4208 communionem
852 4155 1127 4224 particeps
1157 4156 1409 4222 exsistit;
1436 4155 1806 4226 perfectorutn
1830 4171 1961 4212 vero

379 4245 511 4315 quia
572 4244 807 4301 virtutes
854 4245 1231 4302 hierarchieas
1273 4249 1628 4318 amplectens,
1656 4248 1962 4319 iisdemque

382 4348 676 4404 exornata,
701 4340 768 4394 ad
797 4340 1041 4396 scientia:
1066 4355 1236 4395 sacrae
1261 4340 1650 4411 perfectionem
1678 4356 1775 4410 pro
1804 4351 1961 4409 captu

2042 1850 2199 1922 χικὴν
2243 1851 2645 1922 πολιτευόμενοι
2684 1851 3042 1922 διακόσμησιν
3081 1854 3261 1924 νεκροὶ
3297 1852 3359 1904 τὸ
3403 1852 3628 1906 σύνολον

2039 1942 2343 2011 ὀφείλουσιν
2367 1941 2505 1997 εἶναι
2532 1946 2590 1997 ἐν
2614 1942 2692 2013 τῷ
2722 1943 3034 2015 σταυρῶσαι
3060 1943 3156 2015 τὴν
3185 1945 3362 2015 σάρκα
3390 1946 3490 1998 σὺν
3515 1948 3629 2007 τοῖς

2041 2032 2327 2103 παθήμασι
2355 2034 2448 2087 καὶ
2473 2036 2595 2097 ταῖς
2637 2032 2979 2103 ἐπιθυμίαις,
3011 2036 3105 2087 καὶ
3143 2035 3240 2105 ζῇν
3284 2035 3463 2104 μόνως
3509 2033 3630 2103 Θεῷ

2041 2126 2136 2178 καὶ
2171 2126 2383 2189 ἑαυτοῖς
2407 2142 2420 2155 ⁸
2465 2124 2623 2180 τοῦτο
2656 2128 2766 2198 γάρ
2810 2127 3010 2196 ἐστινὴ
3041 2125 3195 2195 ὁλικὴ
3235 2124 3509 2196 κάθαρσις
3538 2126 3632 2177 καὶ

2042 2218 2076 2287 ἡ
2104 2215 2371 2287 παντελὴς
2392 2214 2502 2270 τῶν
2526 2218 2743 2271 οἰκείων
2781 2216 3071 2288 ἐνεργειῶν
3099 2215 3344 2287 ἁγνότης.
3378 2217 3455 2269 Οὐ
3485 2216 3632 2283 λέγω

2043 2304 2173 2375 γοῦν
2215 2305 2393 2370 τοῦτο,
2438 2306 2520 2358 ὅτι
2559 2306 2668 2358 οὐδ’
2709 2306 2738 2357 ό
2777 2305 2870 2359 τοῦ
2910 2304 3066 2373 ἁγίου
3110 2302 3309 2366 σκοπὸς
3346 2305 3428 2365 είς
3468 2302 3632 2355 τοῦτο

2040 2401 2214 2471 ῥέπει·
2239 2397 2352 2451 ἀλλ’
2374 2396 2559 2469 ἐπειδὴ
2587 2395 2713 2449 ἄλλο
2735 2396 2853 2447 ἐστὶ
2874 2394 2934 2446 τὸ
2953 2391 3273 2452 τελεῖσθαι,
3297 2390 3389 2441 καὶ
3413 2386 3545 2441 ἄλλο
3566 2384 3625 2437 τὸ

2038 2490 2415 2546 τελειοῦσθαι
2461 2488 2749 2558 (τελεῖσθαι
2787 2487 2896 2557 γὰρ
2937 2484 3051 2538 ἔστι
3093 2481 3357 2537 καὶκατὰ
3392 2479 3491 2550 τὴν
3522 2482 3623 2532 κά-

2040 2584 2262 2657 θαρσιν,
2303 2581 2572 2634 τελεῖσθαι
2597 2580 2709 2633 ἔστι
2752 2580 2846 2632 καὶ
2884 2577 3027 2631 κατὰ
3064 2577 3155 2629 τὸν
3200 2574 3502 2645 φωτισμόν
3534 2590 3625 2624 τε-

2038 2673 2313 2730 λειοῦσθαι
2354 2673 2411 2728 δὲ
2472 2674 2613 2726 κατὰ
2666 2670 2834 2741 μόνην
2892 2669 2991 2739 τὴν
3054 2668 3263 2738 κυρίως
3304 2664 3612 2723 τελείωσιν)

2050 2770 2331 2842 προκρίνει
2364 2767 2473 2822 τῶν
2510 2767 2697 2831 ἁπλῶς
2733 2766 3090 2836 τελουμένων,
3131 2764 3240 2816 τῶν
3274 2780 3333 2815 τε
3374 2762 3610 2831 καθαιρο

2054 2866 2228 2939 μένων
2250 2862 2449 2935 δηλαδὴ
2472 2863 2565 2915 καὶ
2588 2860 2696 2914 τῶν
2721 2859 3125 2929 φωτιζομένων,
3162 2857 3289 2920 τοὺς
3319 2856 3596 2927 μοναχούς
3619 2873 3632 2884 ·

2050 2953 2125 3016 ὡς
2152 2952 2553 3022 τελειουμένους
2584 2950 2683 3021 μὲν
2707 2951 2799 3003 καὶ
2822 2949 3039 3013 αὐτοὺς,
3068 2947 3182 3001 ἀλλ’
3209 2947 3349 3019 ὑπὲρ
3389 2946 3491 3016 τὴν
3528 2947 3641 2999 τῶν

2053 3044 2474 3116 κατηχουμένων
2512 3042 2799 3114 κάθαρσιν,
2843 3043 2937 3095 καὶ
2978 3041 3059 3094 ἔτι
3098 3042 3206 3094 τῶν
3248 3039 3641 3110 φωτιζομένων

2050 3134 2222 3201 τάξιν,
2256 3138 2321 3207 ἠν
2362 3136 2456 3189 καὶ⁸
2484 3134 2653 3206 μέσην
2691 3134 2843 3205 φησὶ,
2872 3132 2969 3203 τὴν
3008 3132 3116 3184 τῶν
3162 3131 3367 3185 λαῖκῶν
3409 3130 3637 3201 δηλαδή.

2055 3228 2128 3281 Τὸ
2153 3228 2208 3280 δὲ
2232 3226 2501 3283 τελεῖσθαι
2530 3226 2719 3296 ὄνομα,
2747 3225 2871 3277 ἐπεὶ
2911 3223 3341 3294 καθολικώτερόν
3383 3225 3503 3276 ἐστι
3544 3222 3640 3275 τοῦ

2054 3317 2412 3384 τελειοῦσθαι,
2460 3317 2596 3389 πρὸς
2643 3317 2780 3389 ὅπερ
2818 3316 2918 3369 οὐκ
2956 3315 3151 3386 ἔχομεν
3190 3314 3346 3384 λόγον
3385 3316 3488 3385 τὴν
3534 3314 3644 3366 τῶν

2058 3410 2305 3484 μοναχῶν
2360 3411 2580 3483 τελετὴν
2628 3410 2958 3481 συγκρίνειν.
3028 3406 3166 3460 Ἀλλ’
3210 3405 3398 3476 ἐπειδὴ
3445 3407 3478 3476 ἡ
3532 3405 3644 3457 τῶν

2060 3504 2308 3576 μοναχῶν
2331 3505 2482 3573 τάξις
2508 3504 2872 3579 περιληπτικὴ
2912 3503 3027 3554 ἐστι
3056 3501 3151 3554 καὶ
3188 3499 3286 3569 τῆς
3314 3498 3645 3569 καθάρσεως

2058 3599 2153 3653 καὶ
2184 3597 2277 3653 τοῦ
2306 3597 2609 3671 φωτισμοῦ,
2634 3596 2722 3650 διὰ
2747 3596 2847 3665 τῆς
2877 3592 3175 3656 παντελοῦς
3201 3591 3518 3662 άγνότητος,
3545 3598 3647 3660 τὴν

2060 3689 2326 3762 κάθαρσιν
2352 3689 2494 3761 ἔχειν
2529 3689 2873 3761 ὸμφαίνεται,
2923 3686 3040 3758 μεθ’
3083 3687 3149 3758 ἢν
3176 3685 3271 3738 καὶ
3293 3683 3355 3736 τὸ
3378 3682 3489 3736 τῶν
3532 3699 3650 3750 φω-

2057 3783 2357 3855 τιζομένων
2387 3783 2518 3838 ἴδιον
2542 3782 2923 3853 ὲπικέκτηται,
2950 3780 3029 3833 έτι
3054 3779 3111 3832 δὲ
3137 3779 3233 3832 καὶ
3271 3776 3380 3831 τῶν
3402 3775 3650 3829 τελειου-

2064 3876 2243 3949 μένων
2284 3879 2341 3933 ιν
2378 3877 2668 3948 πνεύματι,
2711 3878 2819 3929 τῶν
2867 3875 2967 3946 μὲν
3009 3872 3415 3944 φωτιζομένων,
3462 3872 3548 3924 ὅτι
3591 3873 3647 3924 ἐι

2061 3973 2223 4043 νοερᾷ
2266 3970 2469 4045 θεωρίᾳ
2513 3971 2607 4025 καὶ
2655 3971 2909 4041 κοινωνίᾳ
2954 3970 3153 4037 πάσης,
3214 3968 3346 4035 ὅσης
3392 3966 3647 4035 θεμιτὸν,

2063 4064 2376 4137 ἱερουργίας
2398 4064 2607 4134 γίνεται
2633 4081 2646 4093 ·
2674 4062 2781 4116 τῶν
2805 4062 2861 4115 δὲ
2894 4058 3304 4130 τελειουμένων,
3333 4059 3438 4119 ὅτι,
3468 4060 3644 4127 ἔγχει·

2068 4158 2323 4231 ριζομένη
2348 4162 2469 4222 ταῖς
2496 4159 2837 4231 ίεραρχικαῖς
2856 4154 3117 4226 δυνάμεσι
3145 4152 3239 4207 καὶ
3265 4150 3417 4223 παρὰ
3441 4150 3653 4202 τούτων

2064 4251 2523 4322 διακοσμουμένη,
2567 4249 2701 4321 πρὸς
2732 4248 2830 4319 τὴν
2874 4247 2977 4317 τῆς
3018 4248 3169 4317 ἱερᾶς
3206 4245 3515 4314 ἐπιστήμης
3558 4260 3651 4295 τε·-

2067 4341 2281 4396 λείωσιν
2307 4340 2582 4409 ἀναλόγως
2609 4340 2889 4406 ἀνάγεται,
2931 4336 3072 4389 ὥστε
3113 4334 3337 4396 εἰκότως
3364 4334 3396 4402 ἡ
3421 4331 3649 4401 τοιαύτη

384 4434 675 4490 adducitur
708 4453 722 4490 :
758 4435 834 4490 ita
881 4444 941 4489 ιιι
985 4435 1112 4504 jure
1152 4436 1351 4489 merito
1397 4436 1706 4489 istiusmodi
1742 4435 1946 4489 vivend1

2067 4434 2310 4489 πολιτεία
2334 4433 2395 4485 τὸ
2439 4430 2641 4503 ὑψηλὸν
2683 4430 2817 4501 ἔχει,
2854 4427 2954 4492 τὰς
2977 4429 3126 4499 τρεῖς
3160 4423 3269 4478 τῶν
3304 4423 3651 4493 τελουμένων

387 4524 693 4580 institutum
741 4526 973 4582 sublime
1021 4527 1154 4598 quid
1195 4527 1420 4594 habeat,
1473 4542 1597 4581 eum
1648 4527 1701 4581 in
1751 4540 1809 4581 se
1852 4536 1964 4581 tres

388 4615 731 4671 initiatorum
760 4620 983 4673 ordines
1004 4619 1426 4688 complectatur.
1460 4619 1601 4674 Hinc
1628 4620 1797 4675 divini
1826 4634 1966 4689 prtu-

388 4718 642 4777 ceptores
674 4711 847 4764 nostri
880 4712 1084 4766 divinis
1122 4712 1439 4767 nominibus
1471 4727 1568 4767 eos
1597 4712 1962 4778 honoraruut,

389 4801 480 4854 alii
506 4802 727 4871 quidem
752 4802 1011 4867 cultores,
1030 4803 1124 4857 alii
1149 4819 1280 4859 vero
1297 4804 1598 4858 monachos
1621 4804 1962 4874 appellando.

386 4894 642 4950 Cultores
695 4897 944 4966 quidem,
998 4906 1058 4952 ut
1107 4898 1198 4968 qui
1247 4898 1487 4952 divinum
1536 4898 1702 4968 258
1755 4897 1963 4952 Numen

387 4987 603 5042 sincere
634 4987 918 5052 colerent;
957 4991 1257 5045 monachos
1288 5005 1421 5045 vero
1453 5000 1510 5043 ut
1541 4993 1632 5058 qui
1672 4991 1737 5043 ad
1768 4989 1966 5043 indivi-

386 5079 553 5135 duam
574 5090 631 5136 et
654 5080 989 5150 singularem
1014 5081 1183 5135 vitam
1213 5083 1541 5152 aspirarent,
1560 5098 1681 5152 quae
1707 5083 1966 5136 nimirum

388 5174 513 5231 illos
558 5175 804 5241 uniiicet,
841 5184 898 5229 et
937 5173 1269 5228 uniformem
1306 5174 1502 5230 afferat
1543 5176 1913 5245 cognitionem
1947 5188 1964 5229 :

390 5270 533 5326 hanc
555 5269 702 5325 enim
725 5268 1012 5324 monadem
1038 5279 1199 5322 vocat
1222 5268 1481 5338 (scientia
1512 5271 1661 5323 enim
1688 5271 1838 5325 unita
1861 5280 1965 5335 est,

391 5366 537 5421 sicut
583 5364 891 5434 ignorantia
923 5374 1009 5418 est
1038 5362 1334 5417 multitudo
1369 5377 1551 5417 rerum
1598 5363 1650 5416 in
1691 5363 1857 5418 multa
1889 5363 1971 5418 di-

392 5470 661 5526 versaque
706 5456 1140 5525 tlistractarum),
1193 5455 1420 5509 uniﬁcat
1471 5466 1651 5509 autem
1702 5457 1967 5525 quodam-

393 5548 580 5611 modo,
618 5550 742 5602 dum
779 5549 992 5604 scilicet
1023 5549 1196 5604 sacris
1233 5563 1415 5603 rerum
1460 5547 1760 5601 divisarum
1799 5547 1968 5603 colle-

394 5639 667 5696 ctionibus
715 5657 777 5697 se
827 5643 1063 5711 perlicit.
1115 5642 1291 5697 Porro
1342 5641 1518 5696 divisa
1569 5640 1658 5696 hic
1713 5639 1973 5695 dicuntur

394 5732 641 5802 sytnhola
670 5733 784 5801 illa,
820 5745 879 5790 ut
899 5744 1049 5803 sunt,
1071 5736 1343 5801 cucullus,
1366 5734 1675 5806 scapulare,
1704 5733 1968 5802 cilicium,

2066 4526 2252 4594 τάξεις
2278 4527 2334 4578 ὲν
2360 4522 2525 4595 ἑαυτῇ
2555 4522 2947 4594 περιφέρουσα.
2967 4519 3159 4573 Ἔνθεν
3182 4518 3229 4570 οἱ
3249 4516 3387 4570 θεῖοι
3410 4516 3653 4587 καθηγε-

2073 4620 2233 4691 μόνες
2272 4616 2448 4689 ἡμῶν,
2492 4614 2651 4669 θείων
2679 4611 3005 4683 ὲπωνυμιῶν
3044 4610 3243 4673 αὐτοὺς
3279 4607 3652 4680 κατηξίωσαν,

2067 4715 2115 4766 οι
2172 4712 2270 4783 μὲν
2325 4708 2690 4781 θεραπευτὰς,
2740 4709 2790 4760 οί
2846 4706 2903 4760 δὲ
2948 4706 3215 4777 μοναχοὺς
3261 4703 3651 4774 ὀνομάσαντες

2072 4802 2415 4876 θεραπευτὰς
2442 4802 2540 4873 μὲν
2564 4802 2639 4865 ὡς
2660 4800 2720 4852 τὸ
2745 4799 2898 4852 Θεῖον
2924 4798 3182 4863 καθαρῶς
3212 4796 3618 4867 θεραπεύοντας
3636 4810 3650 4823 '

2074 4898 2339 4969 μοναχοὺς
2377 4896 2453 4961 δὲ,
2488 4895 2563 4959 ὡς
2605 4894 2739 4965 πρὸς
2773 4891 3069 4963 ἀμέριστον
3119 4890 3214 4943 καὶ
3259 4890 3469 4941 ἑνιαίαν
3510 4889 3651 4957 ζωὴν

2070 4988 2472 5051 καταντῶντας,
2501 4987 2623 5056 ἥτις
2660 4984 2723 5055 δὴ
2760 4983 2937 5037 ένιαία
2963 4982 3075 5053 ζωὴ
3105 4980 3423 5034 ένοποιοῦσα
3459 4982 3650 5043 αὐτοὺς,

2071 5083 2149 5146 είς
2172 5080 2375 5151 ένοειδῆ
2406 5077 2607 5147 γνῶσιν
2631 5093 2644 5107 ο
2669 5075 2872 5146 ταύτην
2899 5073 3009 5145 γὰρ
3033 5074 3181 5141 λέγει
3212 5072 3416 5143 μονάδα
3447 5072 3466 5143 (
3490 5074 3522 5141 ή
3548 5072 3647 5143 γᾶ(

2070 5174 2273 5247 γνῶσις
2298 5173 2495 5237 ὲνιαία,
2525 5171 2599 5234 ὡς
2630 5172 2663 5242 ἡ
2693 5171 2885 5239 ἄγνοια
2910 5167 3113 5237 πλῆθος
3138 5167 3556 5237 ἐσκεδασμένων
3577 5168 3648 5228 εἰς

2071 5266 2246 5322 πολλὰ
2281 5268 2377 5320 καὶ
2401 5262 2694 5334 διάφορα),
2721 5261 3040 5315 ένοποιοῦσα
3063 5261 3120 5314 δέ
3152 5278 3291 5323 πως,
3321 5259 3567 5333 δηλονότι
3597 5260 3640 5309 ὲκ

2069 5361 2193 5424 ταῖς
2226 5361 2398 5431 ἱεραῖς
2430 5358 2540 5411 τῶν
2573 5353 2858 5426 διαιρετῶν
2886 5350 3225 5422 συμπτύξεσι
3256 5348 3469 5403 τελειοῖ.
3511 5352 3635 5400 Διαι-

2076 5451 2209 5525 ρετὰ
2238 5451 2297 5505 δέ
2334 5453 2439 5505 είσι
2482 5449 2552 5503 τὰ
2589 5444 2822 5501 ἐνταῦθα
2866 5443 3131 5515 σύμϐολα,
3162 5442 3225 5495 τὸ
3268 5440 3646 5525 κουκούλιονλ

2074 5522 2363 5609 άνάλαὸος,
2397 5545 2458 5598 τὸ
2487 5544 2749 5616 τρίχινον,
2773 5540 2835 5593 τὸ
2863 5539 3055 5611 μέλαν,
3083 5535 3268 5590 καὶτὰ
3303 5534 3552 5602 τοιαῦτα,
3580 5522 3636 5586 ὧπ

2074 5641 2308 5694 ἕκαστον
2335 5637 2545 5709 ὑψηλὴν
2580 5636 2693 5707 ἔχει
2726 5636 2821 5689 καὶ
2860 5632 3070 5687 ἑνιαίαν
3096 5630 3195 5701 τὴν
3230 5629 3437 5683 ἔννοιαν
3456 5646 3470 5659 ·
3499 5626 3645 5679 τοῦτ(

2076 5732 2184 5804 γάρ
2224 5734 2339 5786 ἐστι
2371 5727 2836 5803 καὶσύμπτυξις.
2854 5724 3039 5779 ’Δλλοι
3064 5724 3121 5778 δὲ
3147 5722 3395 5795 διαιρετὰ
3423 5720 3491 5775 τὰ
3531 5719 3630 5791 βιω
