3876 6226
222 319 335 375 5ἐ5

786 323 875 378 DE
911 322 1195 381 ECCLES.
1233 324 1631 391 [IIERARCIL
1668 326 1823 383 CAP.
1863 328 1951 384 VI.
1989 360 2059 370 —
2098 329 2445 386 PARAPHR.
2487 331 2949 390 PACHYMERKE.

3375 341 3479 397 διδ

217 431 351 484 τικά
398 447 552 500 φασι,
594 433 689 487 καὶ
728 434 1033 506 σύμπτυξιν
1068 439 1167 510 τὴν
1201 439 1310 492 ἀπὸ
1347 439 1551 493 τούτων
1593 442 1776 496 τελεία

1910 452 2024 497 atra
2054 447 2241 510 vestis,
2263 454 2318 499 et
2354 446 2575 511 similia,
2608 463 2839 517 quormn
2871 449 3153 521 quodlibet
3182 453 3477 511 sublimem

213 522 313 573 καὶ
341 520 636 594 ὁλόκληρον
667 526 1034 598 ἀναχώρησιν.
1057 529 1160 581 Διὰ
1183 530 1281 601 τὴν
1308 531 1562 607 τοιαύτην
1586 534 1806 588 τελείω-

217 628 304 665 σιν
341 614 548 685 ἠξιώθη
596 618 880 691 ἡτοιαύτη
922 621 1075 685 τάξις
1108 624 1200 677 καὶ
1240 626 1519 697 ἱερατικῆς
1554 629 1797 700 τελετῆς,

214 705 311 757 καὶ
339 707 441 775 τῆς
478 707 566 762 διὰ
594 709 703 762 τῶν
727 712 901 781 εὐχῶν
930 716 1271 786 ἐπικλήσεως
1291 737 1304 749 ’
1330 718 1470 771 ὥστε
1498 720 1571 790 μὴ
1610 722 1800 791 μόνους

212 796 311 863 ἀφ’
332 797 541 849 ἑαυτῶν
564 800 959 870 άμφιέννυσθαί
980 822 1130 870 τινας
1153 807 1213 860 τὸ
1235 808 1440 879 σχῆμα,
1460 809 1597 863 ἀλλὰ
1614 814 1798 883 χερσὶν

213 888 521 957 ἱερατικαῖς
546 894 640 945 καί
662 893 782 966 θείᾳ
814 895 1098 968 ἐπικλήσει
1131 899 1377 967 γίνεσθαι
1399 904 1499 976 τὴν
1533 906 1613 967 εἱς
1640 904 1797 957 τοῦτο

208 978 493 1034 τελείωσιν
526 1000 540 1012 θ
583 984 721 1055 πλὴν
762 988 949 1059 χερσὶν
997 989 1097 1042 οὐκ
1138 991 1435 1063 ἀρχιερέων
1475 994 1651 1065 (τοῦτο
1687 995 1796 1067 γὰρ

211 1070 308 1123 ἐπὶ
338 1072 517 1141 μόνων
542 1075 650 1128 τῶν
684 1078 973 1147 ἱερατικῶν
1006 1081 1213 1149 γίνεται
1248 1084 1631 1155 χειροτονιῶν),
1660 1086 1797 1140 ἀλλὰ

207 1166 401 1233 χερσὶν
434 1166 643 1237 ἱερέων,
675 1172 766 1223 καὶ
802 1172 1031 1244 δευτέρᾳ
1062 1175 1200 1244 μετὰ
1219 1176 1317 1247 τὴν
1343 1177 1618 1249 ἱερατικὴν
1644 1179 1795 1232 τελε-

204 1255 327 1322 τήν.
399 1256 680 1312 Ἐντεῦθεν
727 1261 785 1313 δὲ
825 1263 1220 1334 σημειούμεθα,
1270 1266 1347 1329 ὡς
1387 1267 1529 1320 κατὰ
1569 1269 1660 1321 τὸν
1698 1269 1793 1322 τοῦ

204 1344 425 1414 Πατρός
443 1346 599 1416 λόγον
620 1350 679 1401 οὐ
705 1351 786 1403 δεῖ
802 1354 988 1424 σχῆμα
1007 1355 1241 1426 μοναχοῦ
1260 1357 1556 1412 ἐπίσκοπον
1572 1358 1791 1425 διδόναι,

203 1434 322 1487 ἀλλ’
359 1436 389 1508 ἦ
430 1440 588 1509 μόνον
620 1443 1006 1513 πρεσϐύτερον.

1907 535 2071 589 habet
2101 546 2155 590 et
2184 538 2514 607 singularem
2550 539 3008 611 intelligentiam;
3045 554 3211 613 atque
3238 548 3343 601 hoc
3370 549 3475 603 sibi

1904 624 2022 678 vult
2069 640 2175 681 vox
2214 627 2300 681 illa
2354 629 2679 698 σύμπτυξις,
2729 648 2823 687 seu
2868 633 3129 692 collectio.
3200 636 3301 690 Alii
3350 653 3479 693 vero

1904 718 2076 774 divisa
2108 731 2306 775 vocant
2334 722 2422 775 illa
2466 738 2588 792 quae
2618 726 2685 777 ad
2737 725 2878 780 hanc
2908 729 3072 782 vitam
3108 740 3379 798 spectant,
3421 741 3479 786 et

1903 811 2307 878 collectionem,
2339 815 2646 883 perfectum
2679 826 2732 872 et
2759 819 3133 874 omnimodum
3173 824 3241 874 ab
3274 824 3359 877 his
3391 837 3480 879 re-

1903 916 2139 956 cessum.
2172 902 2403 973 Propter
2437 906 2743 962 istiusmodi
2776 910 3164 978 perfectionem
3202 914 3339 967 ordo
3373 916 3477 971 istc

1903 996 2279 1051 ecclesiastica
2314 1014 2534 1070 quoque
2566 1005 2986 1057 consecratione
3014 1006 3209 1075 dignus
3254 1018 3339 1061 est
3380 1009 3477 1063 ha-

1902 1088 2070 1153 bitus,
2113 1101 2167 1143 et
2201 1106 2423 1159 precum
2459 1093 2825 1160 invocatione,
2861 1096 2933 1149 ita
2964 1107 3021 1150 ut
3070 1115 3174 1152 non
3217 1100 3316 1167 ipsi
3358 1110 3476 1155 tan-

1898 1187 2011 1232 tum
2046 1196 2104 1235 se
2148 1182 2334 1235 habitu
2371 1184 2477 1238 isto
2510 1185 2762 1251 induant,
2797 1188 2891 1240 sed
2929 1189 3182 1243 manibus
3216 1193 3474 1246 sacerdo-

1900 1280 2011 1324 tum
2061 1282 2114 1324 et
2168 1274 2516 1330 invocatione
2555 1278 2734 1331 divina
2787 1279 3088 1334 istiusmodi
3129 1286 3473 1339 consecratio

1897 1363 2230 1433 celebretur;
2262 1385 2366 1422 non
2408 1378 2584 1425 tamen
2619 1375 2868 1429 manibus
2899 1377 3278 1445 episcoporum
3317 1381 3467 1450 (nam

1900 1454 2004 1508 hoc
2033 1455 2085 1508 in
2120 1457 2250 1511 solis
2281 1461 2455 1514 sacris
2484 1463 2927 1518 ordinationibus
2960 1466 3063 1533 lit),
3089 1468 3182 1520 sed
3221 1471 3470 1525 manibus

204 1534 586 1596 sacerdotum,
616 1544 671 1588 et
699 1538 937 1591 secunda
975 1551 1093 1606 post
1123 1539 1525 1597 ecclesiasticos
1577 1543 1798 1598 ordines
1834 1550 2272 1604 consecratione.
2319 1552 2535 1622 Itaque,
2589 1557 2885 1610 secundum
2940 1558 3098 1628 hujus
3148 1562 3325 1615 sancti
3361 1561 3470 1618 Pa-

206 1621 306 1673 tris
332 1622 520 1688 verba,
558 1639 667 1679 non
694 1627 852 1681 debet
888 1630 1177 1700 episcopus
1203 1634 1334 1687 dare
1380 1635 1629 1690 habitum
1665 1639 2056 1707 monasticum,
2089 1643 2184 1696 sed
2217 1644 2365 1698 solus
2395 1650 2669 1701 sacerdos.

766 1744 832 1796 ΙΙ.
864 1747 1230 1816 Μυστήριον.

277 1848 521 1920 ’Ἐστηκε
556 1851 657 1923 μὲν
684 1855 712 1907 6
752 1855 949 1925 ἱερεὺς,
983 1858 1081 1927 οὺχ
1106 1861 1133 1912 6
1168 1861 1477 1933 ἀρχιερεὺς,
1510 1863 1603 1917 τοῦ
1642 1864 1785 1919 θείου

201 1939 590 2014 θυσιαστηρίου
611 1945 935 2018 ἔμπροσθεν,
958 1948 1245 2020 ἱερολογῶν
1266 1953 1362 2025 τὴν
1385 1954 1569 2025 εὐχήν·
1590 1956 1787 2027 ἕστηκε

197 2031 253 2083 δὲ
291 2035 323 2085 6
366 2033 694 2106 τελούμενος
735 2037 912 2093 ὀπίσω
950 2041 1043 2095 τοῦ
1084 2044 1294 2114 ἱερέως,
1347 2048 1483 2119 μήτε
1525 2050 1669 2103 κατὰ
1694 2053 1786 2106 τὸν

200 2127 353 2197 ἱερέα
392 2127 561 2198 ἄμφω
581 2130 659 2183 τὼ
689 2132 815 2185 πόδε
845 2133 1059 2197 κλίνων,
1090 2140 1224 2209 μήτε
1258 2139 1398 2192 κατὰ
1424 2142 1512 2194 τὸν
1541 2143 1785 2197 διάκονον

200 2218 432 2290 θάτερον
467 2220 579 2274 τῶν
622 2222 819 2288 ποδῶν,
870 2226 1005 2297 μήτε
1051 2227 1156 2299 μὴν
1205 2230 1345 2283 κατὰ
1389 2231 1479 2283 τὸν
1525 2234 1785 2307 ἀρχιερέα

196 2309 291 2363 ἐπὶ
330 2310 581 2381 κεφαλῆς
623 2312 759 2383 ἔχων
802 2314 863 2367 τὸ
913 2315 1055 2369 θεῖον
1100 2319 1190 2371 καὶ
1228 2320 1372 2390 ἱερὸν
1414 2322 1742 2392 Εύαγγέλιον
1768 2342 1781 2355 ο

198 2401 361 2470 μόνον
398 2401 455 2453 δὲ
488 2401 714 2473 πλησίον
748 2405 842 2458 τοῦ
892 2407 1083 2479 ἱερέως
1117 2410 1331 2464 ἵσταται
1381 2414 1784 2486 ἱερολογοῦντος

194 2494 291 2564 τὴν
320 2496 413 2546 ἐπ’
439 2496 587 2567 αύτῷ
626 2498 810 2568 εὐχήν.
852 2500 908 2552 '0
950 2502 1131 2570 μέντοι
1175 2520 1237 2572 γε
1270 2506 1447 2576 ἱερεὺς
1475 2509 1571 2579 τὴν
1619 2510 1783 2581 εὐχὴν

192 2586 447 2650 τελέσας,
478 2589 571 2641 ἐπὶ
601 2588 789 2643 τοῦτον
828 2590 1018 2657 ἐλθὼν,
1064 2594 1279 2664 πρῶτον
1325 2596 1423 2667 μὲν
1453 2600 1706 2671 ἐπερωτᾷ
1736 2604 1784 2654 εἱ

194 2678 575 2733 ἀποτάσσεται
619 2682 821 2745 πάσαις
876 2684 973 2754 μὲν
1020 2684 1315 2758 διαιρεταῖς
1373 2690 1464 2742 καὶ
1511 2691 1783 2756 ποικίλαις

194 2764 386 2831 ζωαῖς,
408 2770 573 2840 ἤγουν
588 2771 896 2843 ἐμπορίαις,
914 2778 1331 2846 πραγματείαις,
1355 2780 1780 2852 συναλλάγμασι,

192 2864 286 2916 καὶ
324 2867 441 2926 τοῖς
470 2864 685 2928 ἄλλοις·
733 2866 935 2930 πάσαις
977 2868 1034 2921 δὲ
1070 2872 1414 2939 φαντασίαις,
1462 2873 1601 2927 ὥστε
1647 2876 1781 2946 μηδὲ

191 2957 564 3025 φαντάζεσθαι
590 2958 783 3023 ταῦτα,
817 2962 933 3015 ἀλλ’
961 2961 1035 3026 ὡς
1067 2963 1257 3034 νεκρὸν
1297 2964 1476 3034 μένειν
1504 2968 1595 3019 καὶ
1623 2968 1780 3020 ἀνεν-

190 3052 427 3123 έργητον
468 3054 560 3106 ἐπὶ
608 3053 818 3118 τούτοις
850 3055 1072 3109 ἅπασιν.
1127 3058 1360 3111 Ἔπειτα
1404 3059 1644 3115 διδάσκει
1681 3062 1779 3134 τὴν

188 3144 289 3213 τῆς
325 3145 630 3215 μοναχικῆς
679 3146 956 3211 πολιτείας
1001 3148 1306 3219 ἀκρίϐειαν,
1346 3153 1773 3224 μαρτυρόμενος,
1806 3151 1850 3211 C

188 3233 268 3285 ὅτι
292 3234 403 3306 χρὴ
424 3234 615 3288 τοῦτον
638 3236 1135 3309 ὑπερανεστηκέναι
1159 3240 1299 3294 κατὰ
1326 3242 1458 3295 πολὺ
1482 3244 1579 3314 τῆς
1604 3246 1776 3318 μέσης

184 3324 297 3378 τῶν
338 3326 547 3379 λαῖκῶν
581 3327 809 3394 τάξεως.
842 3330 1027 3383 Ταῦτα
1055 3331 1110 3384 δὲ
1156 3334 1365 3386 ἐκείνου
1409 3337 1777 3410 ὁμολογήσαν-

186 3434 280 3480 τος
328 3418 641 3489 προσεχῶς,
691 3422 831 3474 κατὰ
858 3424 920 3475 τὸ
961 3424 1522 3499 ἀπολυπραγμὸνητον
1544 3430 1662 3494 ναὶ,
1698 3431 1775 3502 τῷ

187 3508 529 3579 σταυροειδεῖ
568 3510 724 3581 τύπῳ
770 3515 1230 3583 σφραγισάμενος,
1273 3517 1557 3587 ἀποκείρει
1597 3524 1675 3585 εἱς
1714 3521 1775 3574 τὸ

184 3600 361 3671 ὄνομα
393 3599 490 3653 τοῦ
521 3603 734 3675 Πατρὸς
772 3605 866 3657 καὶ
896 3604 990 3658 τοῦ
1022 3606 1151 3660 Υἱοῦ
1178 3610 1272 3661 καὶ
1298 3608 1391 3662 τοῦ
1426 3610 1581 3679 ἁγίου
1606 3613 1775 3667 Πνεύ-

186 3708 360 3761 ματος
384 3710 399 3722 '
442 3695 536 3746 καὶ
580 3696 944 3766 ἀπαμφιάσας
985 3698 1083 3769 τὴν
1115 3699 1318 3769 ἐσθῆτα
1364 3701 1621 3772 μέλαιναν
1662 3706 1771 3777 ἀμ-

184 3784 456 3853 φιέννυσι,
498 3785 589 3836 καὶ
638 3786 776 3854 μετὰ
818 3786 926 3840 τῶν
971 3789 1145 3842 ἄλλων
1198 3790 1359 3862 ἱερῶν
1396 3793 1607 3865 ἀνδρῶν
1657 3796 1771 3849 ὅσοι

181 3877 446 3946 πάρεισιν
486 3877 893 3947 ἀσπασάμενος,
922 3879 1021 3950 τῆς
1063 3878 1214 3945 θείας
1256 3885 1489 3939 ποιεῖται
1519 3886 1772 3941 κοινωνὸν

180 3967 566 4039 μεταλήψεως.

796 4084 884 4141 Ill.
922 4088 1161 4155 Θεωρία.

251 4196 343 4269 ξι.
394 4197 721 4271 Ἐπειδήπερ
754 4202 785 4272 ἡ
820 4201 926 4253 τῶν
972 4201 1149 4255 ποδῶν
1192 4203 1368 4269 κλίσις
1411 4207 1512 4278 τὴν
1552 4209 1772 4263 ὑποκει-

182 4289 356 4359 μένην
385 4288 577 4359 ἐδήλου
605 4292 988 4363 προσαγωγὴν,
1015 4292 1125 4345 εἴτε
1157 4293 1246 4347 διὰ
1280 4297 1407 4366 μιᾶς
1439 4297 1538 4368 τῆς
1566 4299 1770 4371 καθάρ-

180 4398 356 4444 σεως,
398 4384 511 4434 εἴτε
548 4381 636 4434 διὰ
681 4382 823 4435 δυοῖν
856 4384 1026 4454 αὐτῆς
1055 4402 1117 4437 τε
1163 4388 1256 4441 καὶ
1298 4387 1393 4440 τοῦ
1446 4392 1725 4462 φωτισμοῦ
1749 4412 1763 4425 ’

174 4564 239 4635 δὴ
273 4564 353 4634 τῷ
387 4564 686 4638 τελετάρχῃ
713 4564 831 4636 Θεῷ
928 4568 1263 4637 προσάγουσι
1300 4570 1391 4623 τὸν
1420 4572 1758 4644 τελούμενον.

187 4659 492 4723 Ἐνταῦθα,
550 4661 672 4713 ἐπεὶ
725 4660 798 4731 μὴ
845 4661 993 4731 παρά
1028 4679 1175 4724 τινος
1217 4664 1588 4733 προσάγεται,
1630 4668 1765 4723 ἀλλὰ

173 4753 309 4822 παρ’
354 4749 553 4802 ἑαυτοῦ
604 4750 711 4803 ἀπὸ
748 4751 851 4820 τῆς
902 4750 1071 4821 μέσης
1122 4753 1265 4822 ζωῆς
1303 4755 1383 4817 εἱς
1429 4756 1763 4829 ὑψηλοτέραν

172 4843 322 4914 ζωὴν
350 4843 447 4895 καὶ
474 4843 755 4913 κρείττονα
785 4844 877 4899 καὶ
910 4844 1018 4897 ἀπὸ
1043 4846 1192 4914 ἱερᾶς
1221 4847 1299 4907 εἱς
1325 4845 1493 4916 ἱερὰν,
1526 4848 1707 4913 καθὼς
1735 4854 1763 4903 ὁ

172 4935 370 5006 Πατὴρ
398 4934 701 5007 σαφηνίζει,
736 4937 1013 5007 οὐδέτερον
1043 4938 1213 4990 κλίνει
1246 4941 1359 4991 τοῖν
1394 4941 1571 4995 ποδοῖν
1606 4944 1634 4994 6
1671 4960 1761 4996 τε-

170 5026 468 5094 λούμενος,
514 5026 725 5080 ῖσταται
766 5027 875 5099 γὰρ
913 5030 970 5081 ἐν
1007 5030 1127 5100 ἱερᾷ
1163 5031 1254 5082 καὶ
1292 5031 1551 5102 μοναδικῇ
1588 5033 1757 5099 τάξει.

168 5120 283 5173 Καὶ
321 5120 426 5189 ὅρα
468 5118 563 5171 καὶ
593 5118 764 5183 ἄλλως
795 5120 1017 5190 ὁρισμὸν
1061 5121 1355 5192 μοναδικῆς
1387 5124 1629 5190 τάξεως,
1668 5129 1761 5180 καὶ

165 5213 220 5263 τί
246 5214 367 5265 ἐστι
402 5212 465 5265 τὸ
498 5213 786 5281 μοναχικὸν
820 5212 957 5284 πρὸς
981 5214 1040 5266 τὸ
1068 5216 1377 5285 μοναδικόν.
1428 5218 1625 5291 Πρώην
1652 5220 1760 5292 γὰρ

168 5302 458 5371 ἐλέγομεν,
489 5301 590 5363 ὅτι,
619 5303 739 5355 ἐπεὶ
771 5302 877 5355 ἀπὸ
902 5303 1010 5357 τῶν
1035 5304 1338 5376 διαιρετῶν,
1380 5306 1619 5378 δηλονότι
1650 5310 1760 5363 τῶν

170 5394 450 5463 βιωτικῶν
485 5393 772 5463 ἐμπαθῶν,
803 5394 1035 5459 ὲνίζεται
1070 5396 1151 5460 εἱς
1182 5414 1310 5452 τινα
1336 5397 1639 5469 σύμπτυξιν
1664 5402 1760 5454 καὶ

168 5488 380 5557 θεοειδῆ
422 5488 646 5558 μονάδα,
668 5487 753 5541 διὰ
777 5486 936 5541 τοῦτο
962 5489 1058 5560 τὴν
1084 5489 1178 5543 τοῦ
1213 5491 1444 5561 μοναχοῦ
1468 5492 1759 5562 ὀνομασίαν

166 5580 558 5651 ἐκληρώσατο·
591 5579 686 5633 νῦν
727 5580 782 5632 δὲ
831 5583 924 5635 καὶ⁹
968 5581 1142 5645 ἄλλως
1189 5581 1417 5653 λέγομεν
1462 5583 1642 5649 τοῦτο,
1678 5586 1757 5638 ὅτι

166 5672 371 5744 δηλαδὴ
418 5671 581 5741 μόνος
627 5673 719 5724 καὶ
749 5673 846 5742 ἀφ’
899 5674 1094 5727 ἑαυτοῦ
1130 5675 1487 5745 προσάγεται,
1522 5676 1616 5730 καὶ
1660 5678 1754 5745 ἀφ’

167 5764 365 5819 ἑαυτοῦ
431 5764 736 5836 μοναδικῶς
798 5766 1012 5821 ἵσταται
1064 5768 1343 5838 ἑπομένως
1388 5768 1465 5840 τῷ
1504 5772 1637 5841 ἱερεῖ
1679 5770 1754 5833 ὡς

2468 1763 2531 1818 ΙΙ.
2564 1764 2900 1836 Mysterium.

1962 1869 2245 1937 Sacerdos.
2291 1891 2399 1931 non
2436 1878 2743 1949 episcopus,
2792 1892 2903 1937 stat
2930 1892 3057 1938 ante
3095 1886 3338 1942 divinum
3381 1890 3464 1944 al-

1892 1968 2010 2014 tare
2031 1964 2318 2020 celebrans
2342 1969 2682 2037 orationem;
2717 1973 2763 2026 is
2789 1984 2967 2029 autem
2995 1977 3086 2045 qui
3113 1992 3466 2036 consecratur

1888 2063 1997 2105 stat
2041 2066 2162 2122 post
2203 2060 2571 2126 sacerdotem,
2610 2078 2713 2116 nec
2745 2073 3041 2136 utrumque
3082 2079 3139 2123 ut
3181 2074 3465 2137 sacerdos,

1893 2160 2069 2214 neque
2100 2147 2354 2217 alterum,
2397 2162 2453 2205 ut
2480 2153 2751 2210 diaconus
2779 2173 2925 2225 genu
2971 2159 3171 2227 ﬂectit,
3202 2180 3378 2233 neque
3406 2177 3466 2220 ut

1886 2239 2172 2307 episcopus
2210 2242 2449 2298 divinum
2488 2261 2553 2300 ac
2607 2258 2855 2303 sanctum
2900 2255 3247 2323 evangelium
3297 2274 3461 2327 supra

1887 2343 2041 2400 t'apttl
2069 2333 2252 2399 habet,
2274 2336 2369 2390 sed
2395 2347 2606 2392 tantum
2632 2350 2781 2394 astat
2802 2345 3073 2399 sacerdoti
3098 2362 3258 2416 supra
3286 2351 3461 2417 ipsum

1889 2425 2175 2492 mysticam
2231 2427 2632 2485 invocationem
2680 2434 2960 2489 recitanti.
3006 2436 3079 2489 Ea
3118 2453 3251 2494 vero
3287 2442 3461 2508 linita,

1887 2519 2147 2572 sacerdos
2175 2520 2243 2572 ad
2273 2537 2396 2573 cum
2427 2525 2700 2578 accedens
2730 2534 2887 2595 rogat
2914 2528 3089 2596 ipsum
3113 2532 3370 2601 primum,
3393 2550 3462 2589 an

1884 2610 2135 2665 omnibus
2178 2614 2339 2667 rebus
2384 2614 2620 2669 dividuis
2667 2626 2722 2670 ct
2767 2619 2894 2673 vitis
2942 2622 3108 2677 variis
3160 2628 3461 2692 renuntiet,

1884 2704 2097 2757 scilicet
2150 2708 2502 2773 mercaturis,
2561 2710 2817 2779 negotiis,
2851 2717 3247 2783 contractibus,
3297 2731 3353 2774 et
3382 2720 3461 2775 si-

1885 2798 2138 2864 milibus;
2176 2800 2305 2854 item
2344 2804 2598 2857 omnibus
2629 2806 2941 2872 phantasiis
2970 2822 3068 2861 seu
3109 2810 3461 2882 imaginatio-

1884 2890 2044 2946 nibus
2074 2906 2252 2946 rermn
2282 2892 2565 2960 similium,
2595 2906 2652 2949 ut
2681 2912 2747 2950 ne
2771 2901 2837 2952 de
2866 2899 2932 2953 iis
2957 2902 3173 2967 quidem
3194 2907 3459 2975 cogitare,

1884 2984 1976 3037 scd
2003 2995 2257 3053 tauquam
2289 3000 2558 3050 mortuus,
2595 2991 2663 3041 ab
2702 2989 2769 3043 iis
2793 2993 3045 3045 omnibus
3077 2998 3296 3061 penitus
3326 3000 3459 3054 also-

1887 3077 2060 3131 tinere
2111 3079 2263 3132 velit.
2316 3078 2518 3133 Deinde
2581 3081 2740 3135 docet
2774 3088 3062 3140 monastici
3100 3087 3335 3143 instituti
3368 3108 3461 3145 ac-

1883 3171 2247 3234 curatiouem,
2293 3182 2611 3226 contestans
2665 3173 2812 3227 illum
2856 3177 3056 3231 debere
3104 3182 3334 3234 inediam
3378 3185 3460 3235 vi-

1883 3261 2041 3314 vendi
2091 3264 2358 3318 rationem
2406 3279 2687 3331 superare.
2734 3267 2864 3333 Quae
2909 3270 2995 3323 ubi
3038 3274 3219 3325 omnia
3267 3272 3314 3327 is
3364 3275 3455 3343 qui

1882 3353 2129 3407 initiatur
2155 3353 2505 3409 continenter
2545 3359 2823 3426 professus
2854 3372 2966 3423 est,
3003 3363 3263 3423 sacerdos
3304 3379 3452 3429 eum,

1880 3442 2046 3495 veluti
2070 3443 2181 3513 jam
2210 3457 2239 3497 a
2268 3448 2613 3514 negotiorum
2641 3450 2988 3506 multitudine
3014 3452 3267 3518 liberum,
3296 3455 3456 3523 signo

1876 3538 2061 3590 crucis
2088 3539 2421 3609 consignatis
2447 3543 2633 3596 tondet
2659 3544 2711 3597 in
2738 3545 2958 3598 nomine
2996 3544 3195 3612 Patris,
3225 3557 3279 3602 et
3302 3548 3451 3614 Filii,

1877 3629 2042 3699 259
2073 3642 2127 3684 et
2159 3630 2399 3699 Spiritus
2430 3636 2607 3688 sancti
2634 3651 2649 3699 ;
2694 3644 2748 3687 et
2791 3637 3054 3691 detractis
3087 3640 3446 3709 vestimentis,

1875 3721 2031 3787 nigra
2065 3734 2187 3774 eum
2232 3734 2386 3776 veste
2417 3722 2627 3782 induit,
2674 3735 2728 3777 et
2763 3741 2885 3777 cum
2929 3726 3053 3779 aliis
3082 3728 3212 3780 viris
3243 3732 3453 3784 sanctis

1875 3810 2180 3863 astantibus
2212 3812 2389 3879 ipsum
2427 3811 2692 3879 salutans,
2727 3816 3050 3886 participem
3081 3819 3216 3875 facit
3251 3820 3453 3877 divinae

1875 3906 2292 3961 communionis.

2404 4108 2490 4163 Ill.
2524 4110 2923 4180 Contemplatio.

1940 4194 2034 4265 §l.
2072 4196 2524 4266 Quandoquidem
2580 4204 2776 4271 pedum
2839 4205 3120 4261 inclinatio
3169 4209 3445 4267 subditam

1871 4290 2212 4355 signiﬁcabat
2254 4292 2658 4360 adductionem,
2708 4296 2822 4349 sive
2855 4312 2952 4363 per
2985 4301 3198 4353 unicam
3251 4302 3444 4370 expia-

1873 4386 2096 4448 tionem,
2133 4385 2248 4439 sive
2279 4400 2377 4454 per
2408 4386 2561 4451 duas,
2594 4402 2715 4439 eam
2762 4390 2932 4457 ipsam
2981 4402 3035 4445 et
3086 4393 3442 4449 illuminatioc

76 4490 86 4503 ·
176 4472 369 4545 ἐδήλου
401 4473 481 4535 δὲ,
515 4473 595 4525 ὅτι
644 4472 761 4543 Θεῷ
806 4475 1233 4546 ὑποκείμενοιοὶ
1278 4478 1575 4545 τελοῦντες,
1618 4483 1765 4554 αὐτῷ

1884 4492 2021 4539 tetu,
2062 4477 2325 4531 innuebat
2356 4494 2487 4533 vero
2535 4479 2682 4548 quod
2726 4481 2837 4535 Deo
2883 4484 3085 4538 subditi
3139 4486 3439 4555 initiantes,

1870 4568 2091 4635 ipsintet
2120 4569 2445 4624 initiationis
2487 4572 2716 4641 principi
2750 4574 2859 4628 Deo
2908 4574 3234 4630 iniliandum
3268 4579 3442 4634 addu-

1864 4671 2070 4713 cerent.
2116 4660 2215 4716 llic
2246 4672 2449 4729 autem,
2496 4678 2618 4716 cum
2668 4679 2696 4717 a
2738 4666 2954 4720 nemine
2984 4667 3311 4733 adducatur,
3343 4670 3439 4724 sed

1866 4756 1980 4821 ipse
2011 4768 2107 4821 per
2153 4768 2213 4807 se
2251 4768 2281 4806 a
2317 4755 2492 4808 media
2528 4756 2743 4809 vivendi
2782 4758 2993 4812 ratione
3031 4758 3098 4812 ad
3149 4761 3449 4816 sublimio;

1865 4863 1978 4903 rem
2011 4861 2075 4901 ac
2106 4848 2561 4915 praestantiorem,
2603 4858 2657 4903 et
2693 4865 2721 4902 a
2756 4863 2915 4905 sacro
2946 4860 3088 4906 statu
3121 4853 3189 4907 ad
3217 4868 3440 4908 sacrum

1863 4950 2062 4996 statum
2098 4949 2364 5007 transeat,
2397 4952 2457 4994 ut
2493 4942 2581 4995 hic
2616 4941 2777 4997 Pater
2808 4944 3070 5010 declarat,
3117 4946 3162 5000 is
3198 4947 3290 5015 qui
3325 4948 3431 5001 ini-

1864 5034 2030 5086 tiatur
2064 5042 2313 5087 neutrum
2339 5049 2478 5103 genu
2521 5033 2709 5101 ﬂectit,
2736 5037 2990 5103 quoniam
3038 5039 3090 5090 in
3140 5054 3303 5093 sacro
3345 5054 3437 5093 so-

1861 5126 2150 5195 litarioque
2195 5126 2385 5180 ordine
2433 5127 2703 5181 consistit.
2755 5128 2998 5183 Observa
3053 5133 3221 5185 etiam
3273 5130 3437 5185 aliam

1862 5219 2146 5272 monastici
2177 5218 2386 5272 ordinis
2417 5218 2808 5284 deﬁnitionem,
2850 5231 2905 5275 et
2937 5223 3064 5289 quid
3098 5223 3171 5278 sit
3215 5239 3438 5293 μοναχιο

1860 5308 1954 5361 κον
1977 5312 2041 5364 ad
2063 5308 2370 5379 μοναδικόν.
2396 5309 2567 5363 Antea
2588 5310 2733 5364 enim
2767 5312 3104 5380 dicebamus,
3134 5313 3278 5382 quod
3309 5327 3435 5367 cum

1862 5403 1985 5470 quis
2012 5416 2041 5454 a
2083 5402 2337 5465 dividuis,
2369 5401 2578 5457 scilicet
2606 5404 2959 5460 saacularibus
3005 5403 3433 5474 perturbationi-

1862 5493 1983 5553 bus,
2017 5493 2082 5545 ad
2115 5491 2490 5547 collectionem
2525 5492 2813 5558 quamdam
2845 5501 2901 5547 et
2948 5492 3270 5546 deil‘ormem
3306 5492 3433 5546 uni-

1862 5595 2025 5637 tatem
2060 5584 2420 5653 redigeretur,
2453 5598 2552 5651 per
2580 5584 2683 5636 hoc
2735 5598 2929 5637 nomen
2963 5584 3215 5638 monachi
3265 5582 3433 5637 sorti-

1860 5687 2049 5729 retur:
2084 5690 2227 5729 nunc
2259 5684 2440 5728 autem
2473 5673 2632 5727 aliam
2661 5688 2878 5742 quoque
2904 5675 3095 5728 damus
3124 5674 3429 5740 rationem;

1857 5783 1921 5822 ex
1950 5782 2015 5822 co
2040 5767 2183 5838 quod
2215 5767 2360 5823 solus
2393 5780 2489 5836 per
2519 5766 2869 5835 semetipsum
2898 5768 3220 5835 adtinentur,
3249 5776 3298 5821 et
3333 5782 3430 5837 per
