3876 6226
414 314 517 369 547

1571 308 1629 365 8.
1668 311 1972 367 DIONYSII
2010 312 2470 368 AREOPAGITIE

3560 307 3665 362 548

403 448 464 487 se
504 427 806 502 μοναδικῶς
842 441 935 482 seu
972 425 1209 481 solitaria
1266 428 1530 483 consistat
1568 438 1691 497 post
1719 431 1976 482 sacerdo-

2095 430 2276 493 lrta6bq
2301 431 2395 483 ἐπὶ
2419 430 2517 499 τὴν
2548 428 2657 481 τῶν
2692 426 2854 499 ἱερῶν
2886 426 3200 495 ἐπιστήμην
3235 420 3503 485 εὐπειθῶς
3532 423 3633 491 ἀγό

405 536 533 587 tem,
586 532 845 590 tanquam
893 520 1100 574 assecla
1135 519 1224 587 qui
1259 518 1326 572 ad
1369 534 1650 573 sacrorum
1695 520 1981 573 scientiam

404 616 683 672 humiliter
722 614 953 683 aspirat.
989 611 1139 667 Unde
1178 610 1237 663 τὸ
1277 610 1566 680 μοναχικὺν
1612 612 1810 666 dicitur
1855 627 1982 679 pro-

402 708 522 778 prie
554 708 621 761 de
650 706 864 769 ordine,
896 702 1182 774 μοναδικὸν
1211 717 1340 755 vero
1365 702 1435 755 de
1468 708 1636 755 statu.
1664 701 1982 756 lllonadicus

404 796 663 848 nimirum
712 808 807 847 seu
856 792 1139 846 solitarius
1186 800 1362 844 status
1408 791 1627 854 dicitur,
1658 790 1784 859 quia
1832 790 1999 846 solus,

404 886 701 941 secundum
736 884 1024 937 monadem
1058 882 1328 936 consistit.
1360 881 1713 937 Monachicus
1744 898 1836 936 seu
1866 898 1982 937 mo-

405 978 647 1033 nasticus
692 977 827 1030 ordo
877 976 1005 1045 quia
1062 973 1385 1043 simpliciter
1416 984 1472 1029 et
1509 973 1880 1040 uniformiter,
1926 986 1984 1029 et

405 1089 513 1127 non
550 1070 859 1141 dupliciter,
904 1067 989 1121 vel
1024 1066 1336 1135 tripliciter,
1367 1064 1452 1119 vel
1487 1066 1862 1134 multipliciter
1896 1067 1983 1120 in-

404 1163 645 1217 stituitur
678 1175 743 1214 ac
782 1160 1137 1228 gubernatur.
1184 1154 1299 1209 lloc
1344 1155 1509 1208 etiam
1548 1154 1637 1208 illa
1672 1157 1838 1209 vestis
1864 1168 1983 1211 atra

406 1271 525 1324 qua:
581 1252 1017 1320 circumpouitur
1067 1250 1344 1319 signiﬁcat
1388 1271 1398 1303 :
1448 1249 1720 1317 siquidem
1772 1248 1987 1304 colores

2090 537 2269 589 μενος.
2296 520 2457 572 Ὂθεν
2478 521 2541 572 τὸ
2571 518 2862 590 μοναχικὸν
2892 519 2982 569 ἐπὶ
3004 516 3103 585 τῆς
3124 514 3327 579 τάξεως
3357 514 3568 582 λέγοιτο
3606 515 3671 568 ἂν

2085 612 2309 681 κυρίως,
2337 616 2397 667 τὸ
2426 612 2483 664 δὲ
2513 612 2791 681 μοναδικὸν
2822 610 2914 661 ἐπὶ
2950 609 3051 679 τῆς
3098 608 3355 670 στάσεως.
3395 609 3671 677 Μοναδικὴ

2086 702 2297 765 στάσις,
2324 703 2407 755 ὃτι
2459 702 2617 773 μόνος
2661 700 2803 755 κατὰ
2848 700 3051 770 μονάδα
3092 700 3338 752 ἵστα-«ται⁸
3403 698 3672 769 μοναχικὴ

2083 796 2256 860 τάξις,
2284 796 2365 848 ὅτι
2393 796 2636 865 μοναχῶς
2670 795 2762 847 καὶ
2786 792 3049 857 ἐνοειδῶς,
3076 794 3172 844 καὶ
3198 793 3257 844 οὐ
3285 790 3469 861 διχῶς,
3496 791 3528 860 ἦ
3554 809 3675 860 τρι-

2084 887 2277 958 χῶς,ἢ
2318 886 2597 955 πολλαχῶς
2630 883 2988 938 πολιτεύεται.
3036 881 3205 934 Τοῦτο
3240 880 3348 951 γὰρ
3388 880 3539 950 δηλοί
3581 881 3675 932 καὶ

2089 978 2151 1030 τὸ
2186 977 2620 1048 ἀμφιεννύμενον
2657 976 2854 1046 μέλαν·
2883 974 2953 1027 τά
2982 973 3079 1044 μὲν
3104 972 3213 1043 γὰρ
3239 972 3369 1026 ἄλλα
3394 970 3503 1024 τῶν
3532 988 3678 1042 χρω-

2095 1070 2279 1140 μάτων
2310 1072 2389 1133 είς
2433 1069 2595 1139 ἕτερα
2650 1065 3079 1137 μεταπεσοῦνται
3125 1064 3320 1136 ῥᾳδίως
3363 1064 3457 1115 ml.
3501 1064 3681 1116 πάντα

2092 1163 2171 1224 είς
2205 1160 2267 1213 τὸ
2296 1161 2481 1231 μέλαν,
2505 1162 2565 1213 τὸ
2593 1160 2649 1212 δὲ
2685 1159 2850 1229 μέλαν
2882 1159 2981 1211 οὐκ
3006 1156 3121 1209 ἐστι
3162 1154 3567 1227 μεταϐληθῆναι
3598 1153 3677 1215 είς

2091 1251 2277 1323 ἕτερον
2302 1252 2500 1322 χρῶμα
2526 1250 2764 1304 πώποτε.

407 1346 498 1399 alii
528 1345 584 1397 in
626 1344 764 1398 alios
791 1342 1297 1408 l'acile‘mutantur,
1352 1350 1409 1393 et
1439 1355 1631 1394 omnes
1677 1339 1732 1393 in
1785 1340 2041 1409 nigrutn,
2102 1345 2200 1398 sed
2249 1344 2403 1414 niger
2449 1344 2602 1399 color
2658 1345 2710 1397 in
2767 1342 2933 1397 alium
2993 1355 3272 1409 nunquam
3322 1338 3524 1393 mutari
3579 1353 3678 1407 po-

408 1444 533 1491 test.

476 1528 589 1599 §ll.
626 1526 935 1580 Divisarum
994 1535 1176 1579 autem
1229 1540 1294 1580 ac
1349 1523 1693 1578 saecularium
1746 1524 1981 1580 vitarum

404 1631 567 1688 atque
598 1620 818 1687 insuper
850 1618 1299 1685 imaginationnm
1330 1618 1664 1672 renuntiatio
1694 1616 1985 1685 perfectis-

406 1711 598 1763 simam
640 1710 880 1763 declarat
922 1707 1322 1775 philosophiam
1355 1724 1368 1759 :
1397 1708 1655 1774 quoniam
1687 1723 1717 1760 a
1747 1706 1986 1762 dividuis

2158 1522 2186 1595 §
2212 1522 2277 1577 ll.
2304 1523 2366 1577 Ἦ
2391 1524 2448 1578 δέ
2479 1523 2729 1595 άποταγὴ
2756 1523 2865 1577 τῶν
2892 1522 3161 1595 μεριστῶν
3188 1524 3279 1576 καὶ
3306 1521 3447 1574 κατὰ
3470 1522 3679 1593 κόσμον

2090 1612 2262 1678 ζωῶν,
2280 1612 2365 1667 ἐτι
2380 1616 2434 1668 δὲ
2456 1616 2550 1668 καὶ
2574 1615 2903 1684 φαντασιῶν,
2928 1616 3027 1685 τὴν
3050 1615 3388 1684 τελειοτάτην
3414 1615 3678 1683 ἐμφαίνει

2093 1708 2439 1777 φιλοσοφίαν’
2491 1710 2815 1762 ὲνοποιεῖται
2858 1708 2966 1781 γάρ
2998 1710 3118 1771 ταῖς
3156 1707 3380 1770 ἐνιαίαις
3428 1708 3676 1771 ἐντολαῖς

408 1802 685 1866 recedens,
730 1802 907 1855 unicis
944 1802 1049 1856 illis
1079 1800 1284 1855 Christi
1321 1801 1536 1855 Domini
1572 1799 1841 1854 mandatis
1872 1798 1987 1852 uni-

2095 1799 2184 1852 τοῦ
2232 1801 2500 1854 Δεσπότου
2553 1800 2789 1873 Χριστοῦ
2834 1801 2943 1854 τῶν
2986 1800 3255 1871 μεριστῶν
3281 1800 3674 1869 ἀφιστάμενος.

408 1892 611 1947 ticatur.
656 1891 841 1961 Neque
875 1893 1019 1946 enim
1052 1902 1137 1946 est
1175 1892 1340 1947 medii
1375 1892 1586 1947 ordinis
1620 1891 1988 1953 initiatorum,

406 1983 614 2038 scilicet
638 1984 1062 2037 illuminatorum
1092 1993 1146 2038 et
1172 1998 1456 2037 sacrormu
1484 1983 1751 2037 laicorum
1782 1999 1793 2035 :
1825 1981 1992 2035 inulta

407 2076 552 2128 uttittt
582 2075 831 2129 monachi
862 2074 1044 2128 facere
1074 2075 1457 2143 prohibentur,
1485 2089 1719 2144 quorum
1760 2071 1991 2127 facultas

406 2177 461 2220 et
490 2176 733 2234 potestas
770 2165 922 2220 laicis
964 2176 1071 2231 est,
1100 2175 1159 2218 ut
1186 2175 1336 2230 sunt,
1384 2166 1623 2233 nuptias,
1655 2165 1903 2218 militiam
1936 2175 1991 2219 et

406 2260 735 2312 commercia
788 2257 1160 2326 frequentare,
1208 2267 1264 2311 et
1310 2258 1536 2321 similia,
1582 2272 1703 2326 quae
1753 2258 1807 2311 in
1852 2256 1989 2311 laico

408 2366 516 2404 non
558 2349 905 2403 damnantur.
945 2348 1046 2403 Ubi
1090 2358 1216 2401 nota
1265 2349 1469 2403 dictum
1517 2348 1788 2418 quoddam
1826 2349 1989 2419 260

409 2444 540 2497 utile
591 2454 780 2495 contra
846 2441 1267 2510 Lampetianos,
1317 2441 1434 2495 sive
1482 2439 1841 2509 Masalianos,
1894 2450 1989 2495 aut

409 2535 797 2602 Adelphiauos,
847 2533 953 2598 Vel,
997 2534 1141 2602 quod
1176 2534 1318 2588 idem
1362 2532 1528 2596 valet,
1576 2532 1987 2599 Marcianistas,

410 2627 501 2696 qui
534 2626 833 2681 triennium
873 2623 1049 2679 solum
1083 2624 1327 2679 tribuunt
1368 2625 1702 2693 competenti
1735 2624 1986 2680 sanctiﬁ-

409 2716 634 2782 cationi,
666 2730 730 2770 ac
761 2724 952 2784 postea
988 2714 1313 2783 permissam
1347 2715 1667 2769 existimant
1701 2728 1825 2771 esse
1867 2730 1985 2769 om-

410 2821 534 2861 nem
578 2804 873 2869 lasciviam,
916 2818 1039 2858 cum
1087 2816 1250 2858 sensu
1292 2804 1507 2873 spoliati
1559 2804 1867 2860 istiusmodi
1902 2805 1986 2860 la-

412 2896 604 2949 borent
635 2894 909 2963 passione.
940 2891 1140 2947 Verum
1188 2894 1435 2948 monachi
1468 2908 1579 2963 prae
1622 2896 1843 2951 canoris
1888 2897 1983 2952 de-

412 2991 544 3043 bent
575 2990 644 3043 ad
689 2987 1081 3044 sacerdotalem
1121 2987 1338 3043 vivendi
1375 2969 1639 3044 rationem
1682 2987 1979 3052 eﬂ‘ormari,

412 3081 611 3150 quippe
654 3079 746 3148 qui
796 3094 907 3147 pra:
949 3078 1165 3132 caeteris
1213 3078 1447 3133 initiatis
1479 3094 1602 3133 cum
1628 3080 1751 3132 isto
1790 3078 1982 3132 ordine

414 3172 673 3241 majorem
713 3170 949 3223 habeant
992 3168 1347 3233 afﬁnitatem,
1387 3170 1463 3224 uti
1514 3184 1680 3239 supra
1727 3170 1985 3230 diximus.

415 3276 755 3331 nequaquam
819 3260 964 3315 facta
1018 3260 1428 3329 comparatione
1473 3275 1597 3314 cum
1646 3260 1877 3315 initiatis
1924 3260 1990 3315 iis

415 3355 505 3415 ιιιιὶ
538 3367 791 3422 suprema
819 3353 1237 3407 consecratione
1265 3352 1468 3407 initiati
1500 3362 1648 3416 sunt,
1679 3354 1730 3407 id
1754 3362 1838 3408 est
1871 3368 1989 3422 per-

413 3444 572 3500 fectis
614 3445 862 3515 (perfecti
897 3445 1042 3498 enim
1093 3455 1221 3499 sunt
1248 3446 1338 3514 qui
1385 3460 1483 3513 per
1514 3446 1864 3514 baptismum,
1896 3445 1989 3513 qui

414 3552 513 3606 per
553 3538 884 3602 unctionem,
919 3538 1008 3606 qui
1045 3552 1139 3606 per
1165 3538 1621 3602 communionem,
1654 3538 1747 3607 qui
1780 3553 1875 3608 per
1901 3552 1991 3591 or-

414 3628 746 3681 dinationem
778 3638 906 3682 sunt
935 3629 1322 3700 consummati)
1367 3631 1459 3685 sed
1489 3645 1612 3683 cum
1647 3630 1713 3683 iis
1745 3629 1839 3698 qui
1889 3630 1992 3683 ini-

418 3717 641 3781 tiantur,
668 3716 719 3770 id
742 3717 932 3784 estqui
962 3717 1268 3787 expiantur,
1287 3721 1567 3784 docentur,
1596 3719 1987 3773 illuminantur.

416 3810 683 3876 Quoniam
709 3810 885 3863 omnis
908 3810 1129 3878 quidem
1150 3810 1243 3878 qui
1274 3812 1555 3879 perlicitur
1586 3812 1851 3877 initiatur,
1882 3825 1990 3865 non

415 3902 594 3957 omnis
636 3911 817 3954 autem
852 3904 943 3971 qui
969 3902 1221 3955 initiatur
1247 3905 1412 3957 etiam
1442 3904 1738 3973 perﬁcitur.

493 3992 632 4064 §lll.
676 3992 899 4060 Signqu
931 4007 1065 4047 vero
1100 3995 1291 4060 ﬁgure
1344 3995 1527 4050 crucis
1576 3995 1826 4064 designat
1869 4009 1991 4049 ces-

417 4089 683 4145 sationem
715 4089 1019 4143 carnalium
1057 4089 1489 4155 desideriorum;
1538 4080 1781 4155 tonsura,
1824 4089 1989 4143 vitam

418 4197 606 4251 puram
649 4190 705 4235 et
734 4182 956 4235 minime
1004 4178 1243 4234 fucatam
1272 4203 1285 4236 ;
1318 4195 1350 4234 a
1380 4182 1799 4250 supervacaneis
1846 4180 1989 4234 enim

417 4258 688 4343 expiatur,
720 4273 792 4328 ita
822 4283 881 4328 ut
918 4289 1024 4327 non
1056 4273 1219 4327 liceat
1297 4272 1590 4326 ascititium
1627 4287 1796 4326 comae
1826 4286 1991 4325 orna-

417 4378 659 4423 mentum
694 4379 999 4430 assumere,
1030 4366 1123 4420 sed
1156 4374 1496 4420 venustatem
1528 4367 1761 4419 maxime
1789 4363 1991 4418 deifor-

417 4476 582 4525 mem,
617 4459 905 4513 mentalem
933 4457 1148 4513 scilicet
1170 4465 1226 4511 et
1256 4456 1487 4509 unitam.

486 4551 514 4623 ς
544 4549 634 4605 lV.
670 4548 859 4603 Vestes
885 4552 1168 4603 insinuant
1204 4546 1416 4601 vivendi
1444 4546 1686 4602 rationes
1715 4564 1730 4602 :
1759 4547 1849 4603 illa
1872 4551 1993 4617 qui-

418 4642 540 4696 dem
567 4657 688 4711 qua:
716 4642 1035 4710 deponitur,
1062 4628 1297 4708 priorem
1330 4636 1476 4691 illam
1504 4638 1726 4705 laicam,
1752 4640 1838 4694 illa
1867 4655 1992 4695 vero

417 4748 537 4802 qua:
565 4734 885 4798 assumitur,
933 4730 1322 4801 perfectiorem
1374 4731 1517 4785 hanc
1565 4740 1620 4784 et
1670 4732 1988 4787 meliorem:

418 4825 559 4878 sicut
593 4824 757 4878 etiam
791 4823 842 4877 in
873 4824 1140 4890 baptismo
1186 4822 1358 4877 vestis
1401 4822 1495 4875 illa
1538 4824 1864 4891 permutatio
1895 4825 1990 4878 de-

417 4917 665 4987 signabat
689 4916 827 4983 ejus,
852 4917 942 4984 qui
970 4930 1067 4983 per
1095 4915 1491 4969 institutionem
1518 4916 1765 4984 expiatus
1790 4916 1989 4982 fuerat,

419 5011 587 5062 vitam
618 5008 685 5061 ad
717 5007 1117 5076 contemplandi
1152 5016 1208 5061 et
1251 5006 1598 5061 illuminandi
1648 5016 1846 5062 statum
1884 5019 1992 5062 tra-

418 5101 562 5157 duci.
612 5101 921 5158 Omittenda
972 5102 1059 5156 hic
1110 5104 1287 5170 prima
1338 5103 1428 5156 illa
1476 5102 1991 5157 catechumenorum

421 5194 743 5259 denudatio,
792 5194 1059 5263 siquidem
1102 5194 1194 5248 illa
1233 5198 1478 5251 sordium
1541 5204 1892 5250 externorum
1938 5202 1993 5247 et

420 5287 625 5341 erroris
655 5286 1046 5354 depositionem
1083 5287 1329 5349 exhibet,
1375 5285 1634 5355 quocirca
1663 5284 1723 5339 ﬁt
1755 5286 1988 5349 eminus,

419 5390 475 5435 et
506 5391 662 5435 extra
703 5394 914 5433 sacrum
950 5381 1251 5448 'templum.
1303 5378 1573 5434 Caeterum
1622 5392 1858 5445 agnosco
1905 5377 1992 5430 hic

421 5475 735 5529 societatem
766 5473 915 5527 illaut
945 5489 1009 5527 ac
1040 5473 1283 5526 divinam
1330 5469 1572 5525 laetitiam
1610 5483 1708 5539 per
1744 5468 1989 5524 osculum

419 5580 514 5621 seu
548 5566 857 5635 amplexum
890 5565 1251 5633 designatam.

491 5736 521 5805 ἓ
551 5736 612 5791 V.
650 5737 765 5794 Sub
814 5738 972 5793 linem
1006 5738 1239 5810 denique
1268 5736 1637 5793 communicat
1668 5738 1713 5797 is
1758 5738 1850 5807 qui
1900 5753 1985 5793 re-

2095 1894 2231 1947 υὺδὲ
2257 1894 2365 1964 γάρ
2392 1895 2489 1964 τῆς
2536 1894 2707 1965 μέσης
2736 1894 2845 1947 τῶν
2891 1893 3227 1964 τελουμένων
3274 1892 3391 1944 ἐστὶ
3432 1891 3677 1956 τάξεως,

2092 1986 2335 2056 δηλονότι
2365 1986 2473 2039 τῶν
2508 1986 2889 2057 φωτιζομένων
2924 1986 3015 2039 καὶ
3043 1985 3201 2056 ἱερῶν
3232 1984 3434 2037 λαῖκῶν
3453 2002 3467 2013 ·
3506 1984 3681 2039 πολλὰ

2092 2077 2200 2148 γὰρ
2243 2076 2507 2130 κωλύεται
2551 2079 2579 2130 ό
2625 2077 2855 2148 μοναχὸς
2910 2080 3105 2141 ποιεῖν,
3145 2069 3219 2129 ῶν
3271 2076 3317 2127 οί
3350 2075 3530 2127 λαῖκοὶ
3575 2076 3680 2146 τὴν

2091 2167 2389 2238 ἐπιτροπὴν
2432 2167 2526 2219 καὶ
2566 2166 2663 2239 τὴν
2720 2167 2965 2233 ἐξουσίαν
3014 2169 3227 2237 ἔχουσι’
3271 2166 3332 2219 τὸ
3368 2166 3425 2219 δέ
3466 2169 3609 2220 εἰσιν
3649 2169 3681 2221 ό

2089 2258 2285 2327 γάμος,
2324 2259 2417 2311 καὶ
2444 2258 2504 2311 τὸ
2530 2258 2842 2329 στρατείαις
2882 2259 2977 2311 καὶ
3002 2257 3289 2328 ἐμπορίαις
3314 2256 3548 2326 ὁμιλεῖν,
3578 2259 3681 2310 καὶ

2089 2348 2315 2419 ἑτέροις,
2335 2349 2393 2400 ἐν
2418 2342 2499 2412 οἷς
2525 2351 2553 2401 ὁ
2577 2347 2760 2412 λαῖκδς
2784 2349 2845 2401 οὐ
2868 2348 3269 2420 κατακρίνεται.
3295 2348 3401 2400 Καὶ
3429 2348 3681 2417 σημείω-

2090 2459 2180 2494 σαι
2200 2440 2261 2492 τὸ
2295 2439 2481 2511 ῥητὸν,
2506 2441 2587 2493 ὅτι
2626 2442 2896 2511 χρήσιμον
2930 2439 3069 2492 κατὰ
3102 2437 3523 2510 Δαμπετιανῶν,
3553 2439 3679 2508 ἤτοι

2086 2530 2449 2584 Μασαλιανῶν
2487 2530 2522 2601 ἢ
2562 2530 2935 2599 Ἀδελφιανῶν,
2982 2528 3179 2583 ταῦτὶν
3214 2529 3272 2581 δέ
3303 2530 3478 2581 εἰπεῖν
3516 2528 3680 2598 Μαρ-

2086 2624 2397 2690 κιανιστῶν,
2439 2624 2633 2688 οἵτινες
2664 2625 2904 2695 τριετίαν
2965 2624 3129 2695 μόνην
3177 2622 3547 2693 νομοθετοῦσι,
3581 2624 3680 2676 καὶ

2086 2716 2227 2789 ὑπὲρ
2254 2716 2316 2769 τὸ
2346 2716 2622 2787 προσῆκον
2646 2716 2983 2784 ἁγνίζεσθαι,
3027 2716 3119 2769 καὶ
3153 2714 3291 2785 μετὰ
3314 2714 3485 2767 ταῦτα
3522 2715 3682 2784 ἐφει-

2088 2810 2254 2882 μένην
2282 2810 2461 2879 έχουσι
2487 2813 2666 2864 πᾶσαν
2691 2811 2996 2878 ἀσέλγειαν,
3020 2810 3357 2881 ἀναισθήτως
3389 2809 3680 2871 νοσοῦντες

2082 2903 2181 2974 τὴν
2227 2903 2550 2974 ἐμπάθειαν.
2610 2902 2745 2955 Ἀλλ’
2790 2902 2839 2955 οἱ
2882 2903 3103 2973 μοναχοὶ
3151 2902 3287 2972 πρὸς
3333 2904 3447 2964 τοῖς
3494 2899 3682 2964 ἄλλοις

2082 2996 2355 3065 ὀφείλουσι
2399 2996 2535 3067 πρὸς
2572 2994 2668 3066 τὴν
2698 2996 2974 3067 ἱερατικὴν
3013 2994 3467 3067 άπομορφοῦσθαι
3501 2992 3678 3064 ζωὴν,

2085 3090 2159 3154 ὡς
2188 3090 2383 3161 μᾶλλον
2424 3090 2559 3159 αὐτῇ
2601 3088 2987 3160 πλησιάζοντες
3024 3089 3175 3160 παρὰ
3208 3089 3305 3152 τάς
3338 3087 3533 3150 λοιπάς
3567 3087 3682 3141 τῶν

2087 3180 2424 3250 τελουμένων
2455 3178 2668 3244 τάξεις,
2714 3178 2893 3242 καθὼς
2933 3179 3191 3249 ἐλέγομεν
3237 3178 3573 3250 ἔμπροσθεν,
3614 3181 3677 3233 οὐ

2091 3271 2225 3342 πρὸς
2264 3270 2362 3334 τὰς
2405 3271 2625 3335 τελετὰς
2667 3272 2776 3325 τῶν
2804 3272 2988 3343 ἄκρως
3026 3270 3382 3341 τελουμένων,
3426 3270 3679 3341 δηλονότι

2088 3361 2196 3413 τῶν
2226 3360 2430 3413 τελειου
2440 3361 2615 3431 μένων
2639 3361 2735 3431 τῆς
2763 3362 3099 3432 συγκρίσεως
3119 3359 3411 3430 γινομένης
3430 3375 3445 3389 ο
3472 3360 3535 3411 οὐ
3568 3358 3683 3430 γάρ

2091 3448 2212 3503 εἷπε
2257 3450 2365 3503 τῶν
2404 3449 2795 3519 τελειουμένων
2860 3449 3241 3519 (τελειούμενοι
3286 3448 3393 3519 γάρ
3441 3449 3584 3499 εἰσιν
3628 3450 3679 3500 οἱ

2090 3540 2177 3593 διὰ
2203 3539 2296 3593 τοῦ
2339 3540 2732 3611 βαπτίσματος,
2759 3542 2808 3592 οἱ
2839 3539 2926 3592 διὰ
2946 3540 3045 3609 τῆς
3077 3540 3327 3609 χρίσεως,
3367 3542 3414 3592 οἱ
3450 3538 3540 3592 διὰ
3574 3540 3679 3609 τῆς

2095 3631 2464 3701 μεταλήψεως,
2486 3632 2533 3683 οἱ
2559 3631 2647 3684 διά
2674 3631 2773 3701 τῆς
2807 3630 3197 3701 χειροτονίας),
3236 3628 3371 3682 ἀλλὰ
3412 3630 3680 3700 τελουμέ-

2091 3741 2216 3785 νων,
2265 3723 2463 3795 δηλαδὴ
2510 3722 2940 3794 καθαιρομένων,
2978 3721 3398 3790 διδασκομένων,
3437 3724 3678 3789 φωτιζο-

2096 3818 2288 3888 μένων.
2321 3819 2481 3870 Ὥστε
2516 3818 2623 3878 πᾶς
2658 3816 3028 3885 τελειούμενος
3060 3815 3154 3868 καὶ
3176 3814 3431 3882 τελεῖται,
3465 3816 3525 3868 οὺ
3567 3817 3681 3888 μὴν

2090 3908 2148 3961 δὲ
2172 3910 2278 3971 πᾶς
2305 3907 2623 3979 τελούμενος
2645 3906 2961 3959 τελειοῦται.

2162 4000 2298 4071 §lll.
2347 4001 2409 4053 Ἠ
2439 4000 2789 4072 σταυροειδὴς
2820 3999 2877 4051 δὲ
2918 3998 3080 4053 πάλιν
3112 4000 3366 4070 σφραγὶς,
3407 4000 3507 4071 τὴν
3544 4001 3680 4055 ἀνε⁶

2091 4092 2383 4162 νεργησίαν
2404 4091 2551 4161 δηλοῖ
2577 4091 2684 4144 τῶν
2710 4090 2984 4160 σαρκικῶν
3007 4090 3256 4162 ὀρέξεων·
3282 4094 3312 4161 ἡ
3339 4092 3679 4164 άπόκαρσις,

2093 4184 2337 4254 καθαρὰν
2383 4186 2474 4237 καὶ
2521 4184 2926 4255 ἀσχημάτιστον
2967 4184 3143 4253 ζωήν·
3189 4183 3504 4253 καθαίρεται
3564 4185 3683 4252 γάρ

2092 4274 2200 4327 τῶν
2226 4275 2671 4345 περιττωμάτων,
2702 4275 2793 4327 καὶ
2820 4274 2920 4326 οὐκ
2943 4273 3055 4326 ἔστι
3086 4274 3173 4326 διὰ
3206 4273 3304 4342 τῆς
3334 4273 3509 4343 κόμης
3549 4275 3682 4326 ἐπι-

2094 4361 2303 4414 θετικὸν
2328 4361 2518 4423 κάλλος
2544 4361 2859 4431 λαμϐάνειν,
2890 4361 3025 4415 ἀλλὰ
3058 4362 3250 4425 κάλλος
3275 4361 3681 4416 θεοειδέστατον

2015 4464 2060 4519 D
2089 4454 2231 4510 κατὰ
2260 4454 2383 4507 νοῦν
2412 4455 2505 4507 καὶ
2532 4456 2749 4507 ὲνιαῖον.

2166 4558 2192 4631 §
2223 4559 2311 4613 IV.
2346 4560 2412 4612 Al
2440 4558 2666 4629 ἐσθῆτες
2690 4556 2789 4621 τὰς
2820 4556 2964 4621 ζωὰς
3004 4557 3433 4627 ὐπεμφαίνουσιν
3454 4559 3523 4627 ’ἡ
3572 4557 3681 4628 μὲν

2091 4653 2157 4723 ἢν
2188 4651 2569 4714 άποόάλλεται,
2598 4651 2697 4721 τὴν
2731 4650 3003 4721 προτέραν
3042 4651 3136 4702 καὶ
3174 4650 3395 4719 λαῖκήν·
3441 4651 3475 4719 ἡ
3514 4649 3578 4701 δὲ
3609 4651 3683 4719 ἦν

2091 4744 2466 4813 ἀμφιέννυται,
2494 4742 2591 4813 τὴν
2619 4741 2958 4811 τελειοτέραν
2991 4740 3194 4812 ταύτην
3229 4730 3641 4810 καϊῖιρείττονα
3661 4758 3675 4770 ·

2091 4834 2338 4905 καθάπερ
2363 4834 2455 4886 καὶ
2490 4834 2581 4885 ἐπὶ
2615 4832 2707 4884 τοῦ
2752 4831 3121 4901 βαπτίσματος
3145 4831 3245 4897 τὴν
3282 4831 3388 4882 ἀπὸ
3428 4830 3528 4899 τῆς
3571 4848 3649 4882 κα

2092 4925 2417 4997 θαιρομένης
2455 4925 2544 4978 διὰ
2589 4924 2686 4994 τῆς
2725 4923 3068 4985 διδασκαλίας
3116 4922 3263 4995 ζωῆς
3291 4922 3369 4983 είς
3407 4920 3685 4992 θεωρητι-

2092 5018 2194 5089 κὴν
2250 5018 2341 5069 καὶ
2375 5016 2703 5086 φωτιστικὴν
2746 5016 2858 5081 ἕξιν
2901 5012 3250 5083 ἁναγωγὴνὴ
3293 5012 3393 5081 τῆς
3442 5012 3679 5082 ἐσθῆτος

2091 5106 2277 5177 ἐδήλου
2300 5106 2640 5177 ἀντάμειψις.
2677 5107 2892 5159 Ἑατέον
2911 5105 3005 5158 νῦν
3033 5107 3245 5176 ἐκείνην
3271 5104 3368 5175 τὴν
3393 5103 3679 5173 προτέραν

2090 5197 2198 5249 τῶν
2254 5197 2675 5267 κατηχουμένων
2736 5197 3114 5267 ἀπαμφίασιν⁸
3169 5194 3349 5265 ἐκείνη
3411 5192 3521 5263 γὰρ
3568 5194 3679 5263 τὴν

2089 5288 2196 5341 τῶν
2244 5287 2441 5354 ἔξωθεν
2488 5288 2857 5359 ῥυπασμάτων
2901 5288 2993 5339 καὶ
3032 5286 3129 5355 τῆς
3161 5286 3365 5355 πλάνης
3406 5282 3681 5337 ἀπόθεσιν

2092 5380 2353 5450 παριστᾷ,
2387 5378 2480 5431 καὶ
2511 5377 2600 5430 διὰ
2628 5378 2785 5430 τοῦτο
2830 5379 2922 5430 καὶ
2953 5378 3141 5449 πόρρω
3178 5394 3280 5429 που
3310 5377 3403 5427 καὶ
3433 5375 3539 5440 ἔξω
3570 5373 3678 5426 τοῦ

2092 5467 2238 5538 ἱεροῦ
2269 5466 2395 5519 ναοῦ
2431 5467 2657 5534 γίνεται.
2688 5466 2797 5536 Τὴν
2831 5468 3012 5536 μέντοι
3041 5484 3104 5534 γε
3134 5466 3415 5519 κοινωνίαν
3446 5464 3542 5516 καὶ
3565 5464 3679 5532 τὴν

2090 5556 2238 5609 θείαν
2296 5556 2633 5627 εὐφροσύνην
2682 5556 2770 5609 διὰ
2821 5557 2915 5609 τοῦ
2977 5554 3267 5623 ἀσπασμοῦ
3328 5552 3678 5626 δηλουμένην

2092 5647 2347 5720 μάνθανε.

2160 5739 2188 5811 §
2220 5740 2280 5796 V.
2329 5741 2450 5794 Ἐπὶ
2484 5741 2624 5795 τέλει
2662 5742 2716 5795 δέ
2746 5742 2840 5796 καὶ
2870 5743 2976 5796 τῶν
3014 5742 3176 5814 ἱερῶν
3205 5740 3519 5814 μυστηρίων
3549 5753 3676 5790 κοιο
