3876 6226
171 316 277 372 54⁸)

711 310 800 365 DE
834 308 1117 365 ECCLES.
1152 304 1549 371 IIlERARCH.,
1589 303 1742 360 CAP.
1782 302 1872 356 VI.
1905 333 1974 344 ——-
1997 299 2349 356 PABAPIIR.
2389 298 2854 358 PACIIYMERIE.

3320 307 3425 366 550

167 434 330 485 νωνεῖ
359 433 388 484 6
414 428 689 492 τελεσθεὶς
725 429 847 499 ἤδη,
871 428 953 479 ὅτι
977 427 1071 478 καὶ
1104 426 1245 497 ὑπὲρ
1273 425 1372 496 τὴν
1406 425 1575 495 μέσην
1597 422 1748 487 τάξιν

1858 434 1989 472 cens
2016 418 2261 471 initiatus
2286 424 2394 479 est,
2421 416 2677 485 quoniam
2711 416 2948 471 medium
2977 414 3129 472 illum
3157 420 3425 487 ordinem,

169 527 257 596 (ἢν
301 521 666 594 θεωρητικὴν,
704 520 779 583 ὡς
814 520 1037 590 θεωρεῖν
1081 518 1190 571 τῶν
1230 518 1411 579 θείων,
1444 515 1609 585 φησὶ,
1648 516 1746 585 τὴν

165 616 262 669 τοῦ
301 614 449 685 ἱεροῦ
498 612 628 665 λαοῦ
676 611 898 682 δηλαδή)
953 613 982 663 ὁ
1033 608 1274 673 τοιοῦτός
1336 610 1485 661 ἐστι’
1533 607 1746 677 μετέχει

166 708 278 779 γὰρ
315 707 412 759 καὶ
443 704 700 773 γνώσεως
739 704 908 774 ἱερᾶς,
953 703 1047 755 καὶ
1075 701 1195 754 καθ’
1219 702 1342 753 ὅσον
1367 699 1445 752 ἐνι
1486 700 1621 771 πρὸς
1649 700 1747 770 τὴν

168 801 453 873 ἱερατικὴν
480 801 788 869 ἐπιστήμην
825 794 1201 866 ἀφομοιοῦται.
1234 794 1324 846 Διὸ
1368 795 1462 847 καὶ
1508 794 1600 846 ἐπὶ
1640 792 1748 845 τῶν

168 891 474 962 ἱερουργῶν
511 890 658 942 ἔστιν
698 889 844 952 ἰδεῖν,
872 890 953 941 ὅτι
993 886 1109 958 μεθ’
1139 887 1168 939 ὂ
1196 885 1539 956 πληρώσουσι
1568 887 1747 937 πᾶσαν

164 986 265 1054 τὴν
300 981 622 1035 ἀκολουθίαν
652 981 753 1050 τῆς
792 979 1129 1047 ἁγιαστείας,
1154 979 1211 1031 ἐν
1240 977 1382 1030 τέλει
1409 976 1517 1028 τῶν
1549 992 1750 1045 μυστη-

170 1076 299 1146 ρίων
344 1071 661 1126 κοινωνοῦσι
684 1087 695 1097 ·
732 1071 804 1141 μὴ
836 1070 1014 1141 μόνον,
1046 1071 1126 1123 ὅτι
1169 1070 1348 1138 πάσης
1395 1068 1544 1137 ἱερᾶς
1588 1064 1749 1135 μεθέ-

165 1167 304 1232 ξεως
333 1169 367 1237 ἡ
403 1165 511 1217 τῶν
546 1165 704 1217 θείων
738 1163 1050 1235 μυστηρίων
1094 1160 1391 1232 μετάληψίς
1425 1161 1541 1212 ἐστι
1566 1160 1627 1212 τὸ
1660 1176 1751 1211 κε-

166 1259 418 1327 φάλαιον,
465 1256 579 1309 ἀλλ’
626 1257 705 1307 ὅτι
756 1256 849 1307 καὶ
905 1254 1075 1322 αὐτῆς
1126 1253 1226 1321 τῆς
1285 1251 1605 1320 κοινωνικῆς
1656 1251 1750 1303 καὶ

166 1344 454 1414 θειοτάτης
498 1344 708 1415 δωρεᾶς
752 1346 807 1395 αἱ
844 1342 988 1413 ἱεραὶ
1042 1342 1323 1412 μετέχουσι
1363 1340 1565 1405 τάξεις,
1610 1340 1753 1394 κατὰ

162 1438 264 1508 τὴν
295 1436 585 1503 ἀναλογίαν
612 1435 711 1505 τῆς
751 1433 1039 1502 ἀναγωγῆς
1072 1431 1266 1484 αὐτῶν.
1300 1432 1453 1502 Ἔχει
1496 1432 1553 1484 δὲ
1594 1433 1752 1486 τοῦτο

164 1526 431 1598 διαφορὰν
467 1527 603 1597 πρὸς
625 1525 686 1577 τὸ
716 1525 999 1595 πρότερον,
1030 1525 1111 1576 ὅτι
1139 1525 1255 1575 ἐκεῖ
1281 1522 1449 1590 λέγει,
1472 1523 1565 1576 διὰ
1593 1523 1751 1577 τοῦτο

164 1619 274 1672 τῶν
325 1618 642 1688 μυστηρίων
687 1615 1209 1688 μεταλαμϐάνουσιν,
1231 1617 1311 1668 ὅτι
1354 1615 1511 1667 τοῦτό
1545 1618 1660 1668 ἐστι
1689 1616 1751 1669 τὸ

165 1709 466 1778 κεφάλαιον
496 1708 595 1778 τῆς
624 1708 749 1778 ὅλης
787 1706 966 1759 αὐτῶν
999 1706 1149 1777 ἱερᾶς
1176 1708 1444 1778 πράξεως,
1476 1707 1552 1771 ὡς
1582 1709 1749 1779 χωρὶς

303 1776 661 1869 μεταλήψεως
692 1776 872 1868 τυχὸν,
906 1796 979 1868 μὴ
1019 1776 1128 1849 οἷόν
1152 1814 1211 1849 τε
1225 1776 1375 1852 εἶναι
1401 1776 1748 1869 τελειωθῆναι
1783 1776 1823 1833 Β

165 1892 264 1961 τὴν
298 1890 452 1962 ἱερὰν
490 1890 669 1943 αὐτῶν
698 1890 915 1961 πρᾶξιν’
944 1890 1174 1944 ἐνταῦθα
1202 1892 1258 1944 δὲ
1292 1892 1459 1960 λέγει,
1480 1892 1567 1945 διὰ
1593 1892 1749 1945 τοῦτο

164 1982 263 2051 τὴν
300 1981 595 2034 κοινωνίαν
619 1980 884 2048 γίνεσθαι,
908 1980 983 2044 ὼς
1016 1982 1222 2053 δωρεὰν
1246 1982 1443 2053 δηλαδὴ
1467 1980 1561 2033 τοῦ
1603 1980 1747 2053 ίεροῦ

166 2078 345 2129 αὐτῶν
374 2078 545 2129 κόπου
582 2078 676 2130 καὶ
712 2078 810 2148 τῆς
849 2078 998 2141 θείας
1029 2080 1351 2150 ὑπηρεσίας.
1385 2078 1544 2132 Κατὰ
1578 2080 1750 2133 ταῦτα

165 2169 293 2237 γοῦν
334 2171 588 2222 κοινωνεῖ
627 2171 719 2222 καὶ
753 2168 781 2220 6
815 2169 1087 2233 τελεσθεὶς
1132 2171 1363 2241 μοναχὸς
1403 2170 1512 2223 τῶν
1547 2188 1751 2241 μυστη-

168 2256 319 2325 ρίων,
345 2255 381 2325 ἦ
411 2256 881 2325 συγκεφαλαίωσιν
916 2257 1053 2327 ἔχων
1083 2260 1336 2312 ἁπάντων
1362 2258 1472 2311 τῶν
1506 2260 1627 2312 καθ’
1654 2262 1752 2313 αύ-

164 2347 253 2399 τὸν
280 2347 385 2418 τὴν
436 2347 590 2418 ἱεράν
636 2348 955 2420 μετάληψιν,
1000 2350 1033 2421 ἢ
1071 2350 1183 2422 μὴν·
1210 2351 1310 2422 τὴν
1357 2351 1505 2405 θείαν
1542 2353 1749 2425 δωρεὰν

163 2440 477 2510 δεχόμενος,
520 2441 636 2493 ἀνθ’
665 2435 739 2494 ὧν
777 2444 857 2506 εἰς
887 2443 1143 2514 τοιαύτην
1174 2442 1450 2497 πολιτείαν
1490 2446 1745 2517 κατέστη.

164 2531 399 2599 Συνάγει
441 2532 647 2596 τοίνυν,
696 2533 770 2596 ὡς
822 2536 877 2586 αἱ
922 2535 1134 2587 τελεταὶ
1182 2535 1448 2606 κάθαρσίς
1484 2538 1610 2600 είσι,
1654 2538 1749 2590 καὶ

165 2617 473 2687 φωτισμδς,
504 2619 599 2671 καὶ
640 2620 948 2684 τελείωσιςο
989 2624 1082 2675 καὶ
1125 2624 1182 2675 αἱ
1218 2624 1456 2695 τάξειςή
1503 2625 1599 2695 μὲν
1642 2625 1751 2679 τῶν

163 2706 429 2760 διακόνων
453 2710 834 2785 καθαρτικὴ,ἠ
861 2714 918 2766 δὲ
944 2713 1053 2767 τῶν
1079 2716 1269 2787 ἱερέων
1295 2719 1665 2789 (poi-cnstitqu
1692 2719 1749 2771 δὲ

164 2796 272 2849 τῶν
316 2799 621 2870 ἀρχιερέων
655 2801 969 2875 τελεστική⁹
1009 2807 1103 2859 καὶ
1128 2808 1177 2858 οἱ
1217 2807 1544 2878 τελούμενοι,
1573 2810 1619 2861 οἱ
1652 2826 1751 2863 κα·-

167 2886 502 2958 Θαιρόμενοι,
533 2890 613 2944 ἑτι
654 2894 748 2946 καὶ
784 2896 884 2964 τῆς
916 2897 1198 2961 κοινωνίας
1245 2899 1340 2951 καὶ
1377 2899 1478 2971 τῆς
1522 2900 1750 2970 ἑποψίας

164 2978 447 3050 ἁμέτοχοι,
477 2984 525 3034 oi
566 2985 978 3057 κατηχούμενοι,
1006 2989 1054 3039 oi
1086 2988 1428 3060 θεωρητικοὶ,
1453 2994 1481 3045 6
1518 2991 1664 3057 λαὸς,
1698 2994 1748 3045 οἱ

1852 510 1992 563 sacri
2021 509 2230 563 scilicet
2274 510 2456 577 populi
2490 510 2671 577 (quem
2719 509 2919 563 divinis
2960 513 3231 580 mysteriis
3279 514 3427 581 εειιὶ-

1850 600 2059 654 ciendis
2095 610 2442 654 contuentem
2482 615 2576 653 seu
2624 601 3080 669 contemplantem
3116 605 3295 673 vocat)
3327 620 3427 657 es-

1850 693 1995 747 cedit
2025 711 2037 746 :
2073 708 2196 745 nam
2230 700 2286 745 et
2313 706 2484 746 sacrae
2524 692 2855 761 cognitionis
2888 696 3164 763 particeps
3189 697 3427 764 exsistit,

1850 793 1902 838 et
1934 792 2196 851 quantum
2236 781 2317 836 fas
2343 794 2444 842 est.
2483 783 2548 834 ad
2589 785 2981 839 sacerdotalem
3022 786 3309 844 scientiam
3342 805 3431 849 ac-

1851 877 2016 931 cedit.
2063 875 2409 944 Quapropter
2433 874 2680 929 videmus
2710 877 2878 930 etiam
2919 879 2971 931 in
3014 881 3189 935 sacris
3223 881 3432 937 ordini-

1849 970 1980 1030 bus,
2027 970 2129 1023 sub
2161 970 2323 1022 finem
2374 968 2687 1021 eorumdem
2735 969 3098 1025 sanctissimae
3138 987 3432 1027 consecra-

1852 1060 2019 1113 tionis
2050 1058 2488 1112 communionem
2518 1072 2735 1126 quoque
2767 1059 2927 1124 tradi,
2965 1075 3073 1114 non
3107 1062 3315 1117 idcirco
3343 1078 3431 1116 so-

1851 1153 1960 1207 lum
2037 1153 2182 1222 quod
2242 1153 2547 1207 divinorum
2596 1154 2873 1221 perceptio
2923 1157 3308 1225 mysteriorum
3358 1159 3432 1213 sit

1853 1260 2065 1299 summa
2104 1244 2348 1314 quardam
2392 1242 2681 1311 cujuslibet
2728 1245 3085 1301 ltierarcbicaa
3131 1249 3428 1318 participa-

1855 1337 2035 1399 tionis,
2063 1351 2248 1391 verum
2291 1336 2459 1389 etiam
2505 1344 2562 1388 ιιι
2600 1336 2757 1405 261
2806 1336 2947 1390 sacri
2993 1339 3214 1393 ordines
3257 1340 3430 1409 ipsius

1853 1429 1993 1497 quod
2034 1428 2466 1483 communicatur
2506 1426 2835 1482 divinissimi
2874 1431 3117 1484 muneris
3144 1446 3243 1499 pro
3271 1444 3431 1502 captu

1853 1536 1952 1577 suo
1997 1523 2295 1593 participes
2340 1521 2634 1584 exsistant,
2679 1522 2747 1574 ad
2782 1522 2867 1575 sui
2896 1523 2964 1577 ad
3000 1539 3195 1594 supera
3240 1531 3432 1581 tradu-

1852 1615 2110 1668 ctionem.
2158 1613 2213 1667 In
2260 1614 2363 1667 hoc
2394 1621 2576 1667 autem
2623 1611 2808 1666 diﬂ'ert
2845 1629 2872 1667 a
2908 1615 3118 1683 priori,
3151 1618 3296 1687 quod
3346 1618 3432 1672 id-

1853 1708 2000 1761 circo
2044 1707 2189 1759 dicat
2226 1720 2321 1760 eos
2350 1706 2523 1760 sacris
2560 1705 2643 1760 his
2675 1708 2951 1776 mysteriis
2995 1710 3429 1775 communicare,

1852 1818 1916 1855 eo
1952 1802 2093 1869 quod
2138 1802 2251 1855 hanc
2283 1815 2495 1854 summa
2538 1801 2648 1855 sint
2681 1803 2948 1858 universa:
2980 1804 3221 1873 ipsorum
3260 1820 3433 1861 sacrae

1852 1892 2168 1957 fnnctionis,
2199 1892 2272 1944 ita
2304 1900 2365 1944 ut
2394 1891 2512 1946 sine
2540 1906 2695 1945 sacra
2744 1892 2849 1946 ista
2884 1896 3275 1949 communione
3310 1895 3428 1951 illo-

1853 1995 1970 2032 rum
2021 1978 2232 2033 functio
2265 1988 2500 2048 nequeat
2544 1982 2948 2047 consummari;
2985 1983 3077 2038 hic
3107 1993 3288 2039 autem
3329 1989 3429 2053 ait,

1849 2071 2284 2126 communionem
2333 2071 2664 2141 frequentari
2719 2088 2815 2142 per
2866 2077 3084 2130 modum
3148 2081 3430 2143 muneris,

1850 2163 2105 2218 videlicet
2150 2164 2294 2218 sacri
2325 2163 2531 2218 laboris
2577 2179 2769 2221 eorum
2804 2180 2869 2221 ac
2896 2167 3097 2223 divina:
3128 2170 3428 2227 servitutis.

1852 2255 2160 2309 Secundum
2209 2257 2323 2311 hanc
2374 2258 2558 2326 itaque
2603 2260 2906 2314 monachus
2940 2262 3033 2330 qui
3069 2274 3432 2321 consecratus

1849 2357 1953 2412 est,
1991 2349 2190 2403 divinis
2235 2349 2342 2403 illis
2373 2351 2648 2419 mysteriis
2690 2353 3088 2419 communicat,
3116 2355 3200 2410 vel
3247 2366 3308 2410 ut
3343 2372 3433 2412 sa-

1853 2456 2001 2494 cram
2037 2444 2480 2496 communionem
2517 2443 2719 2497 habeat
2749 2459 2848 2513 per
2879 2448 3098 2500 mOdum
3143 2450 3430 2505 summarii

1850 2537 2089 2590 omnium
2122 2538 2189 2592 ad
2235 2553 2294 2593 se
2334 2539 2726 2609 spectantium,
2754 2538 2841 2594 vel
2872 2554 2969 2608 per
3004 2541 3225 2595 modum
3256 2541 3428 2595 divini

1851 2630 1976 2683 doni
2022 2632 2321 2700 percipiat,
2367 2646 2432 2686 eo
2479 2633 2623 2699 quod
2661 2633 2965 2688 istiusmodi
3002 2634 3214 2688 vivendi
3260 2635 3431 2690 ratio-

1851 2739 1977 2777 nem
2007 2725 2078 2778 sit
2121 2724 2427 2793 amplexus.
2476 2725 2771 2780 Concludit
2800 2727 3007 2795 itaque,
3037 2728 3312 2795 quomodo
3342 2742 3434 2781 sa-

1851 2831 1958 2869 crae
2003 2816 2340 2870 caeremoniae
2385 2815 2496 2870 sint
2545 2818 2818 2884 expiatio,
2866 2828 2920 2873 et
2971 2818 3329 2884 illuminatio,
3375 2829 3432 2874 et

1852 2909 2137 2978 perfectio,
2161 2916 2216 2963 et
2244 2910 2506 2974 ordines;
2542 2924 2607 2963 ac
2649 2911 3006 2965 diaconorum
3036 2912 3256 2980 quidem
3296 2914 3432 2967 ordo

1851 3000 1923 3054 sit
1940 3000 2304 3069 expiatorios;
2330 3004 2672 3056 sacerdotum
2693 3018 2822 3057 vero
2845 3003 3285 3070 illuminatorius,
3316 3008 3432 3074 epi-

164 3070 566 3142 τετελεσμένοι,
601 3077 651 3128 οί
689 3079 909 3148 μοναχοί
928 3093 940 3108 ·
972 3079 1113 3132 οὕτω
1147 3080 1309 3153 γὰρὴ
1338 3082 1458 3134 καθ’
1487 3085 1633 3153 ἡμᾶς
1676 3086 1748 3137 ls—

1852 3105 2138 3158 scopurum
2174 3102 2357 3145 autem
2394 3091 2757 3161 pcrfectivus;
2788 3102 2844 3148 et
2870 3094 3183 3165 τελούμενοι
3213 3097 3322 3150 sint
3350 3098 3428 3152 illi

173 3164 377 3233 ραρχία
400 3169 466 3236 τῇ
503 3167 731 3239 οὐρανίᾳ
760 3170 1009 3242 ὁμοειδής
1043 3172 1178 3235 ἐστι,
1206 3173 1347 3226 κατὰ
1374 3174 1472 3238 τὰς
1495 3178 1750 3242 τοιαύτας

168 3256 417 3324 τριάδας,
453 3258 529 3321 ὡς
570 3261 627 3310 ἐν
661 3260 966 3333 ἀνθρώποις
1005 3263 1361 3329 άποσώζουσα
1395 3267 1748 3339 χαρακτῆράς

168 3357 322 3405 τινας
356 3346 457 3416 τῆς
483 3348 661 3401 ἐκεῖσε
698 3350 1003 3416 θεοειδείας.

1855 3182 1946 3250 qui
1977 3183 2265 3250 expiantur
2304 3198 2318 3235 :
2354 3193 2555 3252 praeter
2594 3199 2730 3252 quos
2760 3186 2924 3240 etiam
2957 3188 3125 3242 divini
3177 3202 3430 3257 aSpectns

1854 3282 1910 3327 et
1959 3274 2360 3329 communionis
2404 3286 2650 3331 exsortes
2698 3288 2825 3332 sunt
2866 3281 3282 3348 cateclmmeni;
3336 3283 3426 3351 qui

1852 3379 1983 3418 vero
2006 3379 2285 3420 sacrorum
2319 3378 2538 3435 aspectu
2570 3368 2843 3433 fruuntur,
2870 3383 2997 3425 sunt
3027 3375 3273 3443 portulus,
3308 3392 3429 3444 pcr-

163 3436 292 3489 fecti
342 3446 474 3492 sunt
523 3444 815 3499 monachi:
850 3446 929 3500 sic
972 3447 1116 3501 enim
1166 3448 1478 3506 hierarcltia
1529 3463 1744 3521 nostra,
1797 3457 2100 3510 secundum
2163 3458 2470 3514 istiusmodi
2520 3464 2835 3530 terniones,
2885 3467 3089 3521 co:lesti
3137 3469 3429 3526 conformis

166 3540 273 3592 est,
303 3539 573 3596 quantmn
618 3532 671 3585 in
704 3535 1017 3593 hominibus
1067 3538 1181 3594 fieri
1211 3552 1409 3608 potest,
1457 3545 1747 3600 deiformes
1775 3548 2039 3617 quasdam
2067 3559 2222 3603 notas
2250 3566 2600 3607 conservans.

231 3620 262 3689 ᾗ
292 3621 381 3675 VI.
436 3622 573 3674 Ἀλλ’
606 3624 799 3690 εἴποις,
839 3629 940 3693 ὄτι,
974 3630 1098 3682 ἐπεὶ
1135 3632 1273 3702 πρὸς
1300 3633 1514 3704 ἐκείνην
1543 3635 1642 3707 τὴν
1682 3639 1757 3689 ίε-

166 3713 462 3784 ραρχίανή
507 3717 753 3789 ἡμετέρα
784 3720 1165 3786 άπευθύνεται,
1211 3723 1436 3792 ὤφειλον
1480 3725 1613 3781 εἶναι
1656 3729 1755 3782 κὰ-

163 3808 315 3857 κεῐσε
344 3807 402 3857 αἱ
432 3806 821 3880 καθαιρόμεναι
848 3812 1031 3878 τάξεις
1050 3831 1063 3843 ·
1092 3813 1208 3867 ἀλλ’
1232 3817 1331 3868 οὐκ
1367 3818 1502 3870 είσίν
1521 3834 1534 3847 ο
1557 3820 1618 3870 ού
1642 3819 1751 3892 γάρ

162 3896 388 3967 θεμιτὸν
413 3899 588 3952 εἰπεῖν
610 3900 707 3971 τὴν
731 3903 985 3974 οὐρανίαν
1007 3904 1362 3977 διακόσμησιν
1384 3908 1571 3980 ἐναγῆ.
1610 3910 1750 3978 Ἐγὼ
1769 3975 1773 3979 ,

159 3985 217 4038 δὲ
245 3988 389 4057 πρὸς
414 3989 541 4052 τοὺς
568 3990 839 4056 τοιούτους
859 3994 1048 4063 λόγους
1072 3998 1335 4069 ὁμολογῶ,
1362 4002 1621 4072 πάναγνοι
1640 4003 1748 4075 γάρ

160 4079 269 4131 εἰσι
311 4080 409 4132 καὶ
449 4081 716 4152 ἀλώϐητοι
739 4100 753 4114 °
800 4085 891 4137 καὶ
934 4090 1066 4151 εἴτις
1106 4090 1266 4154 ἑάλω,
1305 4092 1541 4162 δηλονότι
1581 4097 1608 4148 6
1642 4097 1747 4148 Σα-

160 4174 333 4235 τανᾶς
387 4174 482 4226 καὶ
527 4175 576 4226 oi
623 4177 751 4246 περὶ
794 4178 976 4242 αὐτὸν,
1022 4182 1470 4237 ἐκπεπτώκεισαν
1518 4187 1747 4257 καὶτῆς

158 4265 467 4334 ἀηελικῆς
503 4267 663 4330 εὐθὺς
684 4268 908 4335 τάξεως,
938 4274 1030 4325 καὶ
1055 4275 1112 4327 ἐν
1141 4278 1205 4345 τῇ
1240 4275 1484 4345 ἀλαμπεῖ
1512 4281 1747 4350 μεμενή-

1935 3637 2082 3709 §Vl.
2127 3642 2233 3696 Sed
2286 3644 2549 3713 objicics,
2595 3648 2738 3716 quod
2783 3665 2903 3703 cum
2967 3649 3081 3707 lucc
3125 3663 3310 3708 nostra
3359 3657 3426 3709 ad

1851 3732 2219 3787 hicrarchiam
2271 3736 2431 3790 istam
2465 3750 2851 3807 componatur,
2889 3741 3089 3797 debere
3135 3745 3298 3799 etiam
3350 3747 3423 3802 ibi

1847 3839 1969 3879 esse
1994 3825 2215 3881 ordines
2260 3828 2565 3897 expiantes,
2605 3833 2695 3900 qui
2745 3835 2933 3904 utique
2972 3850 3078 3889 non
3114 3847 3281 3891 sunt:
3319 3854 3427 3892 ne-

1851 3932 1958 3986 que
1980 3918 2125 3971 enim
2159 3919 2239 3975 fas
2269 3920 2342 3975 sit
2384 3922 2567 3978 dicere
2593 3925 2869 3981 caelestem
2903 3929 3271 3985 hicrarchiam
3301 3949 3423 3989 esse

1851 4008 2042 4063 sceleri
2082 4010 2392 4067 obnoxiam.
2442 4014 2554 4084 Ego
2601 4017 2817 4086 quidem
2852 4019 3161 4077 istiusmodi
3217 4040 3427 4080 sermo-

1853 4098 2011 4154 nibus
2051 4102 2339 4167 assentior,
2379 4107 2636 4175 quoniam
2670 4111 2893 4166 omnino
2924 4114 3044 4182 puri
3092 4127 3221 4173 sunt
3258 4131 3313 4176 et
3342 4122 3425 4177 in-

1853 4193 2130 4259 temerati;
2165 4204 2219 4249 et
2246 4197 2292 4250 si
2326 4197 2439 4266 qui,
2483 4199 2740 4255 nimirum
2770 4204 3000 4262 Satanas
3030 4217 3085 4263 et
3112 4213 3250 4266 socii
3281 4215 3421 4284 ejus,

1853 4286 2120 4353 pravitate
2161 4289 2308 4358 capti
2342 4299 2489 4354 sunt,
2522 4291 2599 4346 illi
2641 4296 2708 4349 ab
2739 4298 2931 4353 ordine
2978 4304 3225 4371 angelico
3266 4310 3421 4362 exci-

159 4374 355 4409 κεισαν
385 4357 607 4412 πτώσει.
638 4362 852 4433 Ἔτεροι
875 4364 931 4416 δὲ
959 4368 1084 4429 τοὺς
1122 4367 1344 4437 χρόνους
1368 4368 1463 4421 τοῦ
1495 4386 1553 4422 τε
1582 4371 1748 4442 ὑπερ-

1852 4377 2068 4444 derunt,
2095 4388 2148 4433 et
2181 4380 2234 4434 in
2267 4390 2406 4436 tetro
2435 4381 2588 4452 lapsu
2629 4401 3065 4453 permanserunt.
3092 4394 3200 4450 Alii
3238 4407 3419 4454 autem

162 4448 482 4501 συντελικοῦ
512 4450 607 4503 τοῦ
634 4452 982 4519 ἀπεπτώκει,
1009 4458 1101 4525 καὶ
1128 4458 1221 4510 τοῦ
1253 4460 1623 4530 παρατατικοῦ
1648 4461 1743 4515 τοῦ

160 4539 431 4607 ἐφέρετο,
466 4543 886 4611 κυριολεκτικῶς
914 4548 1285 4619 ἐκλαθόμενοι,
1313 4553 1406 4604 καὶ
1429 4552 1489 4604 τὸ
1510 4555 1591 4608 ἄν
1616 4553 1746 4620 ἐξω-

164 4630 251 4684 θεν
271 4632 729 4714 εέοοῦντεςρῦτως
748 4635 1064 4707 ἐξηγοῦνται
1085 4639 1183 4710 τὴν
1203 4641 1295 4693 τοῦ
1322 4643 1483 4714 ῥητοῦ
1504 4645 1743 4713 ἄγνοιαν,

163 4725 255 4775 καὶ
285 4724 431 4794 μετὰ
466 4706 661 4788 τὲἷτα,
691 4706 837 4797 πρὸς
863 4729 1021 4782 τοῦτο
1047 4706 1151 4803 τὴν⁷
1184 4706 1332 4787 ἰδίαν.
1350 4706 1606 4806 ἐξήγησιν
1628 4706 1747 4790 ἐπι-ξ

165 4814 443 4885 φέρουσιν.
472 4817 537 4868 Εἰ
564 4818 673 4886 γάρ
704 4834 807 4883 τις,
843 4823 1025 4891 φησὶν,
1053 4823 1213 4887 ἑάλω,
1258 4825 1647 4880 άποπεπτώκει
1679 4828 1745 4881 ἂν

164 4911 257 4960 καὶ
280 4908 513 4978 ἐφέρετο
550 4910 630 4972 εἰς
666 4910 764 4981 τὴν
807 4912 1030 4985 ἀλαμπῆ
1069 4916 1292 4982 πτῶσιν,
1337 4920 1552 4985 ὡσανεὶ,
1591 4922 1743 4990 φασὶ,

162 4998 339 5067 λέγων
358 5015 374 5029 ο
407 4999 528 5051 Ὀτι
554 4999 711 5064 εἴτις
739 5002 913 5075 ἁλοίη,
948 5006 1007 5057 ού
1049 5007 1313 5079 κάθαρσιν
1341 5010 1567 5077 δέξεται,
1612 5012 1747 5066 ἀλλὰ

161 5093 301 5163 πρὸς
333 5092 438 5161 τὴν
471 5092 676 5147 πτῶσιν
702 5095 1148 5168 άπενεχθήσεται,
1183 5100 1364 5165 καθὼς
1392 5104 1483 5156 καὶ
1518 5105 1609 5157 ἐπὶ
1649 5104 1744 5157 τοῦ

164 5186 346 5237 Σατᾶν
389 5184 630 5252 γέγονεν,
658 5186 734 5249 ὼς
769 5190 1068 5258 πεφυκότος
1096 5192 1255 5260 τυχὸν
1286 5193 1534 5260 γενέσθαι
1575 5194 1748 5247 τοιού-

164 5291 261 5326 του
283 5273 452 5335 τινός.
484 5274 638 5327 Οὕτω
672 5277 768 5347 τὴν
792 5277 999 5332 ἔννοιαν
1027 5281 1396 5352 ἐκλαθόμενοι,
1428 5282 1746 5354 ἐξηγοῦνται

166 5362 422 5430 λέγοντες
442 5380 455 5392 ·
501 5364 514 5383 ’

166 5471 275 5506 νων
318 5453 640 5507 ἀπόπτωσιν
687 5456 828 5511 ἑάλω
875 5460 1037 5512 ποτέ’
1087 5461 1244 5515 τοῦτο
1284 5464 1392 5536 γὰρ
1428 5466 1549 5518 οὐδὲ
1598 5470 1747 5540 παρὰ

167 5546 267 5615 τῆς
306 5545 460 5609 θείας
496 5547 715 5619 Γραφῆς
754 5549 1015 5622 ἔγνωμεν,
1054 5554 1172 5606 οὐδέ
1209 5573 1292 5619 τις
1330 5557 1438 5610 τῶν
1479 5558 1746 5628 θεοσόφων

170 5630 433 5704 Πατέρων
460 5635 699 5707 εἴρηκεν.
733 5638 886 5691 Οὕτω
917 5640 975 5692 δὲ
1002 5644 1030 5693 6
1056 5642 1229 5710 ἅγιος,
1260 5646 1411 5714 φασὶ,
1448 5648 1589 5701 κατὰ
1620 5667 1749 5719 συγ-

562 5363 639 5384 \‘9
684 5366 765 5384 ,75

1847 4474 2089 4535 tempora
2125 4474 2383 4538 praeteriti
2414 4473 2694 4543 plusquam
2729 4480 2955 4546 perfecti
3000 4487 3177 4552 verbi,
3206 4490 3417 4543 excide-

1848 4566 1952 4620 rat,
1972 4566 2026 4611 et
2046 4560 2368 4629 imperfecti,
2390 4566 2676 4634 ferebamr,
2705 4569 2755 4622 in
2781 4574 2995 4641 propria
3020 4577 3422 4646 significatione

1848 4651 2196 4718 accipientes,
2224 4666 2386 4724 atque
2421 4659 2544 4712 illud
2564 4659 2641 4712 ἄν
2666 4662 2862 4725 ἔξωθεν
2885 4672 3253 4737 expendentes
3278 4676 3317 4738 ‘,
3341 4677 3422 4730 sic

1850 4741 2278 4811 interpretantur
2317 4749 2443 4802 dicti
2476 4751 2634 4815 hujus
2665 4753 3050 4825 ignorantiam,
3097 4772 3151 4815 et
3195 4764 3263 4817 ad
3299 4766 3419 4820 lucc

1847 4833 2039 4888 deinde
2089 4839 2360 4905 propriam
2395 4856 2547 4895 suam
2585 4843 2827 4900 inferunt
2872 4851 3322 4918 explicationem.
3356 4858 3414 4912 Si

1846 4925 1969 4992 quis
1998 4928 2163 4992 enim,
2197 4930 2386 4997 inquit,
2418 4935 2683 5002 pravitate
2717 4950 2907 5008 captus
2937 4944 3234 5009 exciderat,
3263 4959 3315 5000 et
3350 4951 3417 5005 ad

1847 5019 2132 5071 obscuram
2160 5022 2369 5075 ruinam
2402 5023 2701 5095 ferebatur;
2738 5045 2802 5083 ac
2830 5034 2896 5096 si,
2928 5034 3199 5102 inquiunt,
3229 5039 3413 5094 dicat:

1850 5105 1909 5159 Si
1940 5110 2061 5177 quis
2090 5111 2225 5165 vitio
2252 5124 2440 5183 captus
2467 5116 2557 5183 sit,
2595 5132 2700 5172 non
2731 5121 2980 5178 admittet
3025 5128 3412 5196 expiationem,

1848 5200 1945 5253 sed
1971 5199 2034 5253 ad
2063 5202 2271 5256 ruinam
2306 5205 2621 5274 adducetur,
2651 5213 2793 5266 sicut
2836 5215 2890 5268 in
2920 5217 3126 5274 Satana
3155 5224 3412 5293 contigit;

1847 5291 2006 5358 quasi
2040 5307 2170 5347 vero
2198 5294 2319 5349 talis
2344 5296 2541 5366 aliquis
2560 5301 2676 5370 jam
2707 5304 2824 5358 dari
2857 5309 3047 5376 possit.
3083 5309 3195 5365 Hoc
3230 5291 3416 5381 itaque

1849 5396 2007 5437 sensu
2053 5385 2103 5439 id
2151 5387 2480 5456 accipientes
2512 5391 2964 5464 interpretantur,
2993 5401 3237 5457 dicentes
3265 5421 3278 5456 :
3310 5404 3415 5459 Ve-

1850 5490 1965 5527 rum
2014 5477 2191 5533 nullus
2232 5494 2416 5533 eorum
2456 5492 2577 5549 post
2620 5485 2924 5543 dzemonum
2970 5492 3133 5563 262
3176 5494 3412 5564 lapsum,

1848 5567 1979 5620 vitio
2009 5579 2197 5635 captus
2226 5580 2309 5625 est
2359 5588 2592 5643 unquam
2626 5595 2640 5631 :
2681 5580 2779 5633 hoc
2824 5583 2966 5636 enim
3002 5600 3178 5650 neque
3216 5601 3282 5641 ex
3330 5587 3414 5640 di-

1850 5653 1975 5706 vina
2015 5656 2293 5725 Scriptura
2319 5662 2689 5735 cognovimus,
2731 5684 2902 5738 neque
2933 5672 3215 5743 quisquam
3250 5690 3281 5731 e
3312 5674 3414 5731 Ρα-

235 5734 251 5750 “
283 5727 508 5783 Vertere
533 5729 746 5786 mallem
773 5740 962 5801 :atque
988 5734 1052 5787 τὸ
1080 5733 1147 5789 ἄν
1168 5738 1230 5791 de
1249 5754 1344 5793 suo
1366 5740 1728 5801 imaqinantes.

1860 5761 1905 5801 T.
1940 5746 2181 5803 ΡΔἹἬΟΙ..
