3876 6226
177 289 287 345 553

1247 284 1334 334 DE
1368 280 1645 334 lubt-MSS.
1678 277 2081 338 ιιιιιιιειιιιὶιιη
2118 275 2270 331 CAP.
2306 275 2417 329 ΥΠ.

3327 268 3431 319 354

174 402 334 474 ἱεράν
377 401 674 473 ἐσχηκότες
717 399 880 471 ζωὴν,
907 401 987 462 είς
1024 398 1120 461 τὰς
1169 395 1386 466 ἀληθεῖς
1434 393 1763 462 ἐπαγγελίας

1880 393 2030 445 vitam
2086 392 2465 455 traduxerunt,
2507 388 2572 441 ad
2607 401 2763 439 veras
2797 386 2890 439 Dei
2928 385 3313 453 promissiones
3346 392 3430 438 tn-

174 496 281 567 τῆς
302 494 567 566 θεαρχίας
588 492 1048 555 ἀποσκοποῦντες,
1073 492 1149 553 ὡς
1173 490 1271 559 τὴν
1298 487 1553 559 ἀλήθειαν
1578 486 1756 540 αὐτῶν

174 584 235 639 ὲν
259 588 329 656 τῇ
356 584 480 638 καθ’
505 584 676 655 αὐτὴν
696 583 989 637 ἀναστάσει
1009 579 1343 651 τεθεαμένοι,
1377 578 1513 649 μετά
1538 576 1758 648 βεϐαίας

176 676 275 729 καὶ
296 674 535 747 ἀληθοῦς
557 675 658 745 τῆς
682 673 892 735 ἐλπίδος
922 673 961 705 ¹⁸
983 672 1041 725 ἐν
1063 669 1371 742 εὐφροσύνῃ
1396 668 1515 740 θείᾳ
1540 668 1672 739 πρὸς
1698 668 1761 721 τὸ

172 768 273 823 τοῦ
321 766 555 822 θανάτου
603 767 777 838 πέρας
826 764 986 828 ἴασιν,
1028 764 1102 827 ῶς
1126 765 1217 816 ἐπὶ
1258 762 1407 826 τέλος
1433 761 1592 832 ίερῶν
1619 760 1762 829 ἀγώ-

175 878 307 923 νων,
335 862 397 913 ὲν
422 859 676 913 παντελεῖ
716 859 809 913 καὶ
850 856 1186 929 ἀτελευτήτῳ
1228 857 1340 927 ζωῇ
1382 856 1473 908 καὶ
1498 855 1759 926 σωτηρίᾳ,

174 952 249 1006 τά
272 953 394 1005 κατ’
433 952 630 1014 αὐτοὺς
674 950 889 1004 ἔσεσθαι
934 949 1149 1012 πάντως
1195 948 1393 1011 εἰδότες
1415 946 1503 999 διὰ
1525 946 1622 1017 τῆς
1647 948 1765 997 ὲσο-

178 1045 356 1115 μένης
402 1043 583 1097 αὐτῶν
623 1042 809 1113 ὁλικῆς
852 1042 1216 1104 ἀναστάσεως.
1243 1042 1306 1092 At
1345 1040 1442 1110 μὲν
1490 1037 1599 1109 γάρ
1623 1038 1763 1109 ἱεραὶ

174 1137 249 1206 tl»
256 1135 355 1207 χαὶ
400 1136 537 1208 πρὸς
560 1135 659 1207 τὴν
684 1136 776 1189 ἐπὶ
798 1134 869 1189 τὰ
891 1133 1059 1205 χείρω
1090 1133 1232 1186 κατά
1252 1133 1342 1185 τὸν
1386 1133 1513 1203 τῇδε
1543 1130 1655 1201 βίον
1678 1131 1767 1184 δυ-

176 1231 415 1299 νάμεναι
460 1230 821 1282 καταπίπτειν
863 1227 1071 1299 τροπὴν
1101 1228 1163 1291 ¹⁹,
1204 1229 1261 1280 ἐν
1286 1228 1352 1297 τῇ
1380 1224 1766 1295 παλιγγενεσία

176 1320 278 1390 τὴν
305 1322 403 1374 ἐπὶ
428 1320 491 1373 τὸ
516 1320 781 1392 ἄτρεπτον
807 1321 989 1386 ἕξουσι
1025 1318 1428 1388 θεοειδεστάτην
1455 1316 1763 1387 μετάταξιν.

176 1413 263 1468 Τὰ
284 1413 345 1466 δὲ
371 1412 588 1484 καθαρά
608 1412 717 1464 τῶν
742 1411 901 1483 ἱερῶν
942 1410 1151 1482 ψυχῶν,
1183 1407 1426 1481 ὁμόζυγα
1452 1410 1543 1461 καὶ
1567 1407 1768 1477 ὁμοπό-

181 1523 353 1578 ρεμτα
402 1504 630 1575 σώματα
696 1503 1181 1576 συναπογραφέντα
1225 1501 1318 1555 καὶ
1368 1499 1769 1570 συναθλήσαντα

180 1595 327 1650 κατά
373 1598 502 1659 τοὺς
551 1595 730 1658 θείους
777 1594 956 1648 αὐτῶν
1000 1594 1251 1666 ἱδρῶτας,
1276 1595 1333 1647 ὲν
1356 1594 1421 1663 τῇ
1448 1591 1555 1644 τῶν
1582 1589 1768 1660 ψυχῶν

179 1685 446 1756 ἀτρέπτῳ
470 1682 611 1737 κατὰ
631 1682 730 1753 τὴν
756 1682 904 1737 θείαν
942 1683 1085 1754 ζωὴν
1126 1681 1350 1754 ἱδρύσει,
1399 1679 1769 1751 συναπολήψε-

1864 496 2098 548 tuentes,
2146 501 2377 555 quarum
2435 483 2719 536 veritatem
2751 480 3146 550 quodammodo
3170 479 3222 533 in
3252 494 3431 533 resur-

1866 579 2111 631 rectione
2138 577 2249 647 jam
2277 582 2695 645 conspexerunt,
2738 588 2860 627 cum
2890 572 3044 625 firma
3083 580 3137 625 et
3162 587 3288 625 vera
3315 586 3432 640 spe,

1863 671 2165 739 gaudiuque
2206 669 2389 722 divino
2410 669 2475 721 ad
2509 667 2700 720 mortis
2738 665 3049 729 terminum,
3084 672 3340 733 tanquam
3369 667 3435 719 ad

1866 760 2026 815 linem
2086 761 2449 815 certaminum
2532 758 3009 826 proficiscuntur;
3065 757 3209 824 quod
3287 763 3436 811 certe

1864 853 2033 907 sciant
2083 868 2174 907 sua
2224 851 2445 915 omnia,
2496 858 2716 919 propter
2772 847 3005 901 futuram
3052 862 3207 899 suam
3256 862 3436 900 resur~

1866 946 2186 1008 rectionem,
2218 944 2270 996 in
2304 951 2419 995 tuto
2460 940 2579 995 fore
2616 943 2669 993 in
2718 941 2805 994 illa
2853 939 3092 1010 perfecta
3128 951 3437 1009 aeternaque

1866 1034 1974 1086 vita
2007 1042 2062 1086 et
2089 1031 2441 1085 beatitudine.
2473 1030 2603 1083 Nam
2626 1040 2828 1083 sancta:
2848 1031 3065 1099 quidem
3096 1030 3293 1083 animae
3314 1045 3435 1083 cum

1868 1125 1922 1179 in
1954 1126 2057 1179 hac
2114 1124 2225 1177 vita
2278 1124 2533 1194 degentes
2580 1122 2775 1177 adhuc’
2814 1122 3047 1192 perverti
3099 1124 3338 1191 possint,
3385 1124 3436 1176 in

1872 1218 2290 1287 regeneratione
2326 1216 2417 1269 illa
2450 1216 2516 1270 ad
2550 1226 2756 1269 statum
2800 1215 3192 1269 immutabilem
3221 1217 3440 1284 Deoque

1868 1309 2104 1363 maxime
2149 1307 2482 1363 conformem
2550 1307 2973 1363 transferentur.
3025 1307 3165 1361 Pura
3194 1322 3323 1361 vero
3350 1309 3440 1361 illa

1869 1412 2121 1468 corpora,
2166 1414 2285 1468 qua}
2330 1400 2538 1452 sanctis
2585 1400 2871 1453 animabus
2926 1398 3173 1467 copulata
3200 1415 3321 1453 eum
3352 1400 3442 1453 iis-

1871 1491 1992 1545 dem
2027 1490 2186 1545 simul
2218 1500 2272 1544 et
2304 1491 2675 1555 ambularunt,
2706 1499 2760 1543 et
2783 1490 3053 1559 descripta
3103 1503 3250 1553 sunt,
3278 1502 3444 1560 atque

1872 1596 1978 1635 una
2001 1591 2301 1648 certarunt,
2331 1597 2428 1651 pro
2472 1581 2671 1635 divinis
2700 1582 3013 1646 sudoribus,
3044 1582 3095 1635 in
3138 1582 3441 1636 animarum

1872 1675 2169 1729 secundum
2223 1674 2457 1727 divinam
2513 1674 2677 1727 vitam
2750 1674 3028 1740 ﬁrmitate,
3079 1675 3181 1729 sibi
3232 1691 3446 1744 quoque

179 1796 269 1832 ται
291 1777 398 1848 τὴν
420 1776 629 1830 οἰκείαν
667 1779 963 1833 ἀνάστασιν
982 1794 994 1806 ·
1024 1776 1292 1831 ἑνωθέντα
1317 1775 1424 1848 γὰρ
1451 1769 1539 1839 αἷς
1566 1775 1773 1845 ἦνωντο

1880 1769 2147 1838 propriam
2192 1768 2649 1822 resurrectionem
2690 1769 2988 1822 sortientur
3018 1790 3029 1823 :
3055 1769 3261 1824 sanctis
3298 1770 3441 1825 enim

180 1870 325 1926 κατά
364 1871 458 1925 τὸν
501 1872 627 1943 τῇδε
676 1872 788 1943 βίον
814 1875 985 1942 ἱεραῖς
1006 1871 1203 1942 ψυχαῖς
1222 1913 1237 1938 ,
1275 1870 1350 1935 ὡς
1380 1868 1512 1941 μέλη
1537 1867 1771 1939 Χριστοῦ

1877 1860 2161 1915 animabus
2223 1860 2498 1927 capulata,
2546 1860 2740 1928 quibus
2776 1860 2827 1913 in
2870 1861 2970 1915 hac
3018 1861 3127 1914 vita
3152 1861 3442 1930 conjuncta

180 1962 473 2031 γεγονότα,
500 1937 597 2034 τήν
625 1937 833 2033 θεοειδῆ
867 1937 961 2015 καὶ
1005 1937 1279 2033 ἀφθαρτον
1304 1937 1567 2014 ἀθάνατόν
1594 1937 1654 2011 τε
1680 1958 1775 2011 καὶ

1880 1953 2117 2019 fuerant,
2154 1961 2213 2005 ut
2260 1966 2379 2021 qua:
2424 1948 2534 2019 jam
2589 1950 2790 2006 Christi
2844 1953 3087 2005 membra
3137 1950 3280 2004 facta
3312 1952 3442 2016 sint,

186 2055 470 2126 μακαρίαν
520 2054 855 2125 ἀπολήψεται
899 2053 1073 2124 λῆξιν.
1114 2055 1199 2107 Ἐν
1239 2052 1447 2115 τούτοις
1498 2051 1595 2121 μὲν
1619 2044 1768 2120 οὖνὴ

182 2147 294 2201 τῶν
323 2146 493 2217 ἱερῶν
518 2147 934 2218 ὲστι-κοίμησις
961 2148 1019 2199 ὲν
1053 2145 1360 2218 εὐφροσύνῃ
1406 2144 1501 2197 καὶ
1544 2141 1773 2195 ἀσαλεύ-

182 2259 297 2306 τοις
326 2241 568 2307 ἐλπίσιν,
612 2242 694 2305 είς
716 2240 779 2295 τὺ
803 2239 911 2293 τῶν
933 2239 1092 2295 θείων
1130 2238 1353 2307 ἀγώνων
1401 2235 1770 2307 ἀφικνουμένη

186 2333 389 2404 πέρας.

1877 2043 2198 2099 deiformem
2226 2050 2281 2097 et
2312 2042 2706 2110 incorruptam,
2738 2040 2900 2113 264
2952 2054 3115 2112 atque
3169 2043 3445 2097 immorta-

1876 2132 1984 2187 lem
2029 2134 2355 2200 beatamque
2384 2133 2621 2200 requiem
2654 2142 3074 2203 consequentur.
3120 2132 3257 2188 Hinc
3287 2134 3346 2188 ﬁt
3391 2143 3449 2188 ut

1876 2232 2191 2278 sanctorum
2262 2222 2590 2277 obdormitio
2650 2224 2722 2276 sit
2786 2224 2837 2276 in
2903 2222 3090 2277 laetitia
3174 2226 3449 2295 certisque

1876 2318 2107 2387 spebus,
2168 2315 2296 2370 dum
2350 2315 2416 2369 ad
2475 2316 2833 2370 certaminum
2908 2316 3216 2373 divinorum
3286 2320 3446 2375 linem

1877 2413 2047 2468 venit.

1763 2590 1900 2668 gn.

260 2772 390 2824 Τῶν
435 2769 494 2823 δὲ
539 2769 769 2841 ἀνιέρων
811 2772 860 2823 ot
908 2770 1008 2841 μὲν
1057 2771 1137 2833 είς
1183 2764 1521 2838 ἀνυπαρξίαν
1571 2762 1779 2831 ἀλόγως

187 2864 399 2919 οἴονται
426 2866 643 2934 χωρεῖν,
670 2867 718 2917 οἱ
742 2863 799 2917 δὲ
819 2864 916 2934 τὴν
943 2862 1260 2934 σωματικὴν
1285 2858 1517 2923 εἰσάπαξ
1544 2858 1783 2929 ἀπορρή-

191 2956 428 3027 γνυσθαι
450 2955 560 3007 τῶν
586 2955 801 3008 οἰκείων
824 2954 1011 3024 ψυχῶν
1037 2952 1317 3022 συζυγίαν,
1341 2952 1416 3014 ὡς
1436 2947 1779 3021 ἀνάρμοστον

1950 2758 2306 2813 Prol’anorum
2363 2765 2543 2810 autem
2582 2756 2672 2809 alii
2720 2755 2938 2825 quidem
2976 2756 3092 2811 sine
3122 2758 3333 2813 ratione
3356 2776 3451 2829 pu-

1881 2858 1997 2903 tant
2032 2848 2260 2917 corpora
2304 2857 2487 2902 nostra
2528 2847 2742 2916 penitus
2775 2845 3014 2911 aboleri;
3041 2846 3135 2901 alii
3169 2863 3296 2903 vero
3318 2865 3451 2904 cen-

1878 2948 2000 2997 sent
2048 2955 2368 3010 corporeum
2407 2940 2512 2994 hoc
2551 2954 2673 2993 cum
2724 2938 2961 3007 propriis
3011 2941 3125 2992 suis
3166 2940 3453 2995 animabus

192 3052 415 3114 αὐταῖς,
466 3050 525 3102 ἐν
571 3047 796 3101 θεοειδεῖ
816 3049 861 3079 ¹⁰
887 3047 999 3119 ζωῇ
1051 3049 1145 3100 καὶ
1191 3045 1488 3118 μακαρίαις
1540 3042 1775 3115 λήξεσιν,

1880 3031 2191 3102 coniugium
2261 3032 2488 3100 repudio
2550 3030 2717 3085 semel
2766 3031 3148 3094 dirimendum,
3196 3041 3449 3103 tanquam

191 3142 294 3196 οὐκ
320 3142 699 3212 ὲννοήσαντες,
741 3140 861 3193 οὐδὲ
888 3138 1086 3202 ἱκανῶς
1109 3140 1168 3190 ὲν
1193 3137 1472 3208 ἐπιστήμῃ
1499 3134 1619 3204 θείᾳ
1647 3152 1779 3204 μυη-

192 3233 407 3298 θέντες,
461 3232 754 3305 ἀρχθεῖσαν
804 3231 903 3303 ήδη
951 3231 1048 3302 τὴν
1093 3230 1215 3283 καθ’
1260 3228 1406 3299 ήμᾶς
1456 3229 1515 3278 έν
1560 3224 1779 3296 Χριστῷ

190 3325 609 3395 θεοειδεστάτην
636 3322 778 3395 ζωήν
794 3323 861 3375 “.
878 3322 1060 3374 Ἀλλοι
1087 3320 1142 3374 δὲ
1168 3320 1433 3393 σωμάτων
1458 3317 1628 3371 ἄλλων
1654 3318 1783 3369 ἀπο-

194 3420 426 3491 νέμουσι
490 3418 609 3480 ταῖς
670 3414 870 3486 ψυχαῖς
942 3413 1219 3482 συζυγίας,
1288 3409 1673 3473 ἀδοκοῦντες²²
1720 3407 1781 3460 τὸ

194 3512 281 3563 ἐπ’
307 3509 520 3571 αὐτοῖς,
546 3507 622 3570 ὡς
650 3501 821 3577 οἶμαι,
871 3504 938 3559 τὰ
985 3507 1403 3576 συμπονήσαντα
1445 3502 1566 3564 ταῖς
1609 3498 1781 3562 θείαις

193 3602 422 3672 ψυχαῖς,
450 3600 544 3652 καὶ
565 3598 672 3651 τῶν
700 3598 860 3670 ἱερῶν
909 3597 1225 3650 ἀντιδόσεων
1264 3595 1363 3647 οὐκ
1407 3592 1617 3661 εὐαγῶς
1645 3592 1780 3643 ἀπο-

198 3691 522 3765 στεροῦντες
542 3690 612 3744 τὰ
636 3691 771 3763 πρὸς
792 3691 853 3744 τὸ
878 3689 1051 3761 πέρας
1098 3687 1317 3742 ὲλθόντα
1363 3686 1470 3739 τῶν
1494 3685 1782 3738 θειοτάτων

194 3788 439 3860 δρόμων.
492 3784 675 3839 Ἄλλοι
715 3783 793 3848 δὲ,
843 3784 939 3837 οὐκ
961 3779 1054 3835 οἶδ’
1090 3782 1237 3845 ὅπως
1261 3781 1351 3833 ἐπὶ
1377 3778 1677 3851 προσύλους
1702 3778 1785 3829 ὲν-

194 3879 349 3943 νοίας
401 3876 808 3940 ἀποκλιθέντες,
858 3876 1140 3948 είρήκασιν
1181 3872 1399 3944 ὁμοειδῆ
1424 3872 1470 3904 ’³
1517 3869 1611 3924 τοῦ
1655 3870 1782 3941 τῇδε

197 3972 317 4043 βίου
338 3971 441 4042 τὴν
466 3973 579 4034 τοῖς
604 3970 770 4034 ὁσίοις
793 3968 1207 4040 ἐπηγγελμένην
1230 3964 1539 4035 ἀγιωτάτην
1564 3964 1656 4017 καὶ
1684 3981 1786 4033 μα-

195 4065 551 4138 καριωτάτην
579 4067 626 4097 ³⁸
652 4063 825 4133 λῆξιν,
873 4062 967 4115 καὶ
1012 4059 1218 4133 τροφάς
1264 4059 1471 4121 οίκείας
1513 4055 1785 4125 ἀλλοιωτῷ

196 4160 304 4231 βίῳ
328 4161 445 4223 τοῖς
477 4157 782 4225 ίσαγγέλοις
827 4154 1098 4224 ἀθεμίτως
1156 4149 1483 4223 ἀπέρριψαν.
1526 4147 1661 4201 Ἀλλ’
1685 4148 1785 4200 οὐκ

195 4250 629 4307 ἀποπεσεῐταί²⁶
654 4250 738 4313 τίς
766 4266 893 4302 ποτε
939 4246 1047 4300 τῶν
1095 4245 1402 4316 ίερωτάτων
1452 4239 1663 4314 ἀνδρῶν
1707 4242 1786 4302 είς

192 4348 301 4412 τὰς
345 4346 559 4399 τοιάσδε
608 4344 936 4415 πλανήσειςο
985 4340 1097 4393 ἀλλ’
1145 4340 1297 4402 ὅλους
1346 4336 1539 4399 αὐτοὺς
1586 4333 1787 4403 ἀπολή-

190 4440 400 4512 ψεσθαι
437 4439 537 4510 τὴν
580 4436 901 4509 Χριστοειδῆ
946 4433 1047 4504 λῆξ

1882 3128 1989 3185 illis
2016 3128 2069 3181 in
2094 3127 2342 3182 deiformi
2366 3128 2493 3187 :vita
2525 3127 2791 3194 beataque
2845 3124 3032 3195 requie
3080 3140 3271 3195 parum
3323 3141 3455 3181 con-

1882 3229 2205 3277 sentaneum
2235 3235 2251 3287 ;
2282 3232 2621 3288 nequaquam
2655 3216 3041 3287 intelligentes,
3072 3229 3246 3284 neque
3273 3217 3455 3270 scien-

1885 3316 1961 3369 tia
1988 3315 2169 3368 divina
2217 3312 2446 3377 eruditi,
2492 3326 2592 3366 nos
2641 3310 2754 3380 jam
2805 3310 3124 3364 deiformem
3154 3311 3208 3365 in
3238 3312 3453 3367 Christo

1885 3406 2049 3459 vitam
2079 3404 2385 3458 inchoasse.
2414 3402 2516 3455 Alii
2543 3412 2723 3455 autem
2762 3401 3049 3456 animabus
3076 3402 3307 3456 aliorum
3333 3419 3456 3457 cor-

1885 3510 2075 3567 porum
2118 3494 2368 3564 coniugia
2416 3492 2747 3553 attribuunt,
2791 3492 2846 3546 in
2897 3508 3025 3561 quo,
3076 3508 3192 3548 mea
3236 3494 3453 3564 quidem

1885 3590 2181 3651 sententia.
2219 3596 2484 3658 quantum
2512 3586 2564 3641 in
2593 3586 2726 3657 ipsis
2767 3599 2871 3647 est,
2926 3585 3179 3654 injuriam
3214 3587 3458 3655 irrogant

1886 3681 2227 3751 corporibus,
2253 3696 2373 3750 qnze
2395 3694 2517 3735 cum
2562 3678 2761 3733 divinis
2813 3679 3098 3732 animabus
3151 3678 3454 3733 collabora-

1886 3783 2031 3835 runt,
2076 3773 2377 3840 eademque
2446 3771 2616 3825 sacris
2662 3770 2775 3824 suis
2822 3770 3061 3840 prmmiis
3107 3768 3452 3829 defraudant,

1886 3880 2011 3919 cum
2059 3865 2297 3918 divinum
2352 3878 2571 3917 cursum
2622 3862 3077 3918 eonsummarint.
3126 3860 3233 3915 Alii
3272 3875 3455 3931 porro.

1889 3955 2071 4010 nescio
2096 3969 2203 4024 quo
2232 3964 2415 4022 pacto,
2443 3954 2509 4007 ad
2539 3963 2787 4009 terrenas
2836 3954 3191 4023 cogitationes
3240 3953 3454 4020 dilapsi,

1888 4046 2169 4109 dixerunt,
2220 4046 2473 4114 praesenti
2520 4045 2644 4099 vita:
2671 4045 2905 4100 similem
2937 4045 3111 4100 beatis
3134 4045 3459 4114 promissam

1890 4151 2009 4191 esse
2050 4136 2453 4191 sanctissimam
2493 4135 2975 4203 beallssimamque
3021 4143 3251 4202 sortem,
3280 4134 3461 4187 cibos-

1889 4243 1994 4296 que
2021 4229 2145 4282 vitte
2197 4226 2443 4281 variabili
2486 4227 2741 4297 proprios
2770 4228 2835 4281 iis
2859 4228 2949 4295 qui
2984 4225 3193 4295 angelis
3222 4225 3458 4294 :rqualcs

1890 4330 2038 4385 sunt,
2088 4318 2294 4373 nefarie
2342 4319 2741 4387 applicuerunt.
2795 4318 2900 4371 Sed
2947 4318 3107 4381 absit,
3136 4326 3189 4369 ut
3220 4332 3458 4384 unquam

1021 4435 1101 4493 Ξιν
1144 4431 1375 4493 εἰδότες,
1422 4428 1550 4481 ὅταν
1589 4427 1681 4479 ἐπὶ
1722 4425 1775 4477 τὶ

1889 4422 2117 4467 sanctus
2142 4413 2223 4465 vir
2246 4411 2513 4481 quispiam
2546 4410 2598 4463 in
2625 4409 2932 4464 istiusmodi
2974 4423 3188 4462 errores
3213 4407 3408 4461 incidat
3442 4407 3457 4459 !

194 4497 381 4603 πέρας
424 4497 756 4582 ἑλθωσιῡτοῦ
800 4497 926 4599 τῇδε
955 4497 1091 4596 βίου,
1117 4524 1216 4595 τὴν
1242 4524 1322 4586 είς
1348 4518 1652 4591 ἀφθαρσίαν
1684 4514 1775 4567 αύ-

1888 4519 2077 4558 verum
2132 4502 2209 4556 illi
2251 4502 2447 4565 sancti,
2480 4501 2570 4569 qui
2600 4515 2658 4557 se
2702 4508 2846 4555 totos
2873 4497 3312 4552 Christiforment
3341 4511 3462 4551 sor—

331 4588 474 4684 eam,
501 4621 576 4685 ὡς
618 4588 917 4691 ἐγγυτέραν
955 4588 1061 4689 ’ἤδη
1113 4588 1508 4684 γεγενημένην,
1549 4606 1775 4679 ἐμφανέ-

1890 4607 1995 4651 tem
2025 4607 2381 4666 percepturos
2424 4601 2820 4664 cognoverunt,
2850 4590 2939 4644 ubi
2969 4589 3035 4644 ad
3065 4588 3223 4657 hujus
3248 4589 3368 4642 vitae
3395 4588 3459 4642 [id

195 4732 395 4785 στερον
421 4711 609 4785 ὁρῶσι,
640 4708 849 4772 καὶτὰς
870 4706 1076 4780 δωρεὰς
1097 4705 1198 4775 τῆς
1233 4702 1491 4775 θεαρχίας
1535 4696 1781 4770 ὑμνοῦσι,

193 4807 296 4862 καὶ
340 4805 492 4868 θείας
541 4803 733 4875 ήδονῆς
777 4798 1236 4871 ἀποπληροῦνται,
1286 4795 1383 4867 τὴν
1408 4794 1501 4846 ἐπὶ
1523 4790 1593 4844 τά
1617 4790 1785 4861 χείρω

190 4898 412 4977 τροπὴν
437 4895 620 4949 οὐκέτι
642 4893 956 4957 δεδοικότες,
984 4891 1095 4945 ἀλλ’
1127 4887 1186 4943 εὖ
1211 4888 1431 4951 εἰδότες,
1457 4886 1539 4938 ὅτι
1565 4882 1632 4936 τὰ
1655 4899 1786 4948 κτη-

193 4975 366 5044 θέντα
413 4987 554 5041 καλά
600 4986 831 5058 βεϐαίως
869 4988 962 5039 καὶ
989 4984 1219 5046 αίωνίως
1259 4980 1490 5047 ἕξουσιν.
1519 4976 1580 5029 Oi
1604 4975 1660 5028 δὲ
1687 4990 1784 5043 μο-

192 5082 427 5156 λυσμῶν
466 5081 725 5136 ἀνάπλεοι
762 5080 856 5133 καὶ
889 5077 1118 5149 ἀνιέρων
1168 5073 1420 5145 κηλίδων,
1450 5068 1606 5138 εἴπερ
1633 5065 1784 5156 ἱερᾶς

190 5194 348 5241 τινος
369 5176 699 5247 τετυχήκασι
746 5174 1019 5245 μυήσεως,
1066 5168 1219 5223 αὐτοὶ
1263 5165 1319 5218 δὲ
1347 5162 1551 5231 ταύτην
1600 5161 1662 5211 ὲκ
1688 5154 1783 5209 τοῦ

1891 4706 2012 4745 nent
2061 4684 2416 4754 aceesSerint,
2462 4688 2605 4741 viam
2653 4697 2807 4741 suam
2852 4683 2919 4738 ad
2971 4682 3458 4751 incorruptionem,

1889 4783 2044 4854 quasi
2069 4779 2643 4851 jampropinquiorem
2672 4777 2893 4841 factam,
2933 4775 3227 4839 intuentes,
3261 4774 3459 4827 summi

1892 4876 1986 4929 Dei
2038 4888 2263 4927 munera
2318 4871 2650 4932 collaudant,
2706 4866 2997 4934 divinaque
3044 4863 3322 4934 voluptate
3368 4865 3464 4915 ad-

1894 4966 2207 5034 implentnr,
2262 4977 2367 5015 non
2406 4961 2517 5029 iam
2570 4957 2802 5025 amplius
2848 4954 3083 5025 perverti
3130 4960 3461 5013 metuentes,

1893 5062 1988 5112 sed
2022 5058 2191 5127 probe
2221 5061 2709 5123 cognoscentes,se
2735 5052 2873 5103 bona
2900 5056 3050 5117 parta
3081 5045 3309 5099 firmiter
3335 5058 3460 5112 per-

1893 5162 2163 5221 petuoque
2204 5159 2570 5218 possessuros.
2603 5144 2799 5196 \‘erum
2842 5139 2930 5209 qui
2960 5136 3340 5206 iniquitatibus
3363 5149 3460 5188 ne-

1479 5308 1714 5365 VARIAZ
1751 5302 2160 5361 LECTIONES.

296 5450 347 5483 "
376 5446 637 5503 articulus
666 5444 765 5516 τῆς
793 5458 897 5516 non
926 5452 1004 5516 est
1037 5441 1087 5516 in
1122 5436 1178 5491 S.
1208 5436 1264 5490 P.
1300 5436 1360 5489 D.

1454 5433 1496 5464 ¹⁹
1526 5426 1952 5498 Sttltjungunt‘P.
1981 5426 2069 5498 DL
2084 5425 2196 5498 Q_lt._
2233 5421 2306 5492 μὴ

2333 5418 2605 5472 ἐλθοῦσαι.
2643 5416 2794 5469 Scot.
2827 5415 3093 5483 sequitur.
3169 5411 3214 5444 '°
3241 5408 3459 5483 antiqua

199 5526 254 5579 in
278 5522 354 5575 31.
376 5478 1521 5580 ii't;}3"t'é'§tt3"3§{,"Evibgl’écEtSyIacgz;
1561 5478 2075 5580 oﬁjoavazﬁvﬁsoemﬁ
2102 5478 2247 5580 ζωὴν
2276 5478 2672 5580 καὶμακαρίαν
2700 5486 2875 5566 λῇξιν,
2908 5478 3459 5580 ἱιιιοὶῃιζξῗιξιιιίιὶ

197 5574 254 5629 ίῘ
284 5574 352 5647 in
385 5588 552 5643 dandi
585 5601 715 5639 casu
747 5574 1045 5651 corrigitur
1075 5574 1154 5633 ‘i'n
1184 5577 1372 5651 codice
1413 5575 1527 5651 hiat.

1701 5562 2083 5636 Osost6scrdts'q
2100 5634 2121 5636 _
2132 5562 2266 5636 ζωῇ.

2345 5553 2536 5629 ’³Ἰεξζθ
2557 5553 2896 5618 ἀδικοῦντες,
2926 5553 3200 5629 codicibus
3230 5564 3464 5629 censen-

1787 5640 1833 5669 ³³
1860 5619 2157 5707 ὁμοιοεὶδῆξ
2188 5619 2245 5686 ιίὶ
2278 5630 2400 5685 Sar.
2463 5619 2511 5661 ἦ
2537 5627 2899 5699 μακαριστήν,
2929 5625 2984 5676 S.
3020 5622 3078 5675 Ι).
3116 5624 3174 5672 Ι).
3250 5619 3297 5650 ’⁵
3330 5619 3463 5670 ἀπο-

200 5733 417 5794 πισειε,
449 5727 511 5783 D.
538 5726 610 5781 Sa
620 5742 663 5779 r.

497 5825 769 5883 Parnm.
803 5819 919 5878 (in.
955 5817 1063 5878 lll-

3116 5785 3187 5841 13
