3876 6226
420 258 524 319 εδδ
554 264 557 267 .

1574 262 1640 319 S.
1660 261 1974 319 .DlONYSII
2014 262 2472 321 AREOPAGITAE

441 380 679 446 artisque
727 372 1027 429 sceleribus
1070 382 1200 428 sunt
1244 372 1511 443 cooperti,
1566 376 1838 443 siquidem
1889 376 1978 429 ali-

2091 375 2291 429 οἰκείου
2340 376 2456 440 νοὸς
2505 376 2760 449 ὀλεθρίως
2787 379 3281 451 ἀπορῤαπίσαντες,
3307 382 3397 438 ἐπὶ
3419 383 3519 449 τὰς
3544 387 3669 455 φθο-

415 488 577 542 quam
627 484 841 528 sacram
897 468 1182 523 hauserint
1238 468 1678 533 instructionem,
1730 484 1902 537 eaque
1924 483 1993 522 ex

416 562 599 616 animo
624 560 928 631 perniciose
954 559 1163 625 abjecta
1196 559 1260 610 ad
1290 559 1663 627 corruptrices
1690 560 1997 629 voluptates

415 662 727 725 spontesua
749 651 988 705 devoluti
1020 651 1240 711 fuerint,
1292 666 1412 705 cum
1434 650 1544 721 jam
1580 652 1646 705 ad
1676 653 1801 705 vitae
1833 653 1993 706 linem

416 742 784 811 pervenerint,
832 740 1071 808 nonjam
1104 742 1186 796 eis
1222 742 1306 794 lex
1351 744 1532 797 divina
1572 746 1995 814 mquedcspica-

416 836 546 891 hilis
575 834 879 904 apparebit,
928 836 1020 888 sed
1048 834 1386 903 perniciosas
1418 835 1731 903 passionum
1769 850 1991 889 suarum

416 925 723 994 voluptates
757 925 877 978 aliis
896 927 1052 992 longe
1076 924 1247 979 oculis
1263 924 1608 992 aspicientes,
1633 936 1992 996 sanctamque

414 1016 602 1079 vitam,
627 1032 789 1085 quam
817 1017 1189 1085 imprudenter
1214 1017 1589 1084 neglexerunt,
1613 1018 1826 1072 beatam
1851 1033 1992 1087 pra:-

415 1111 673 1173 dicantes,
700 1109 879 1163 miseri
904 1119 958 1163 et
989 1110 1142 1163 inviti
1172 1124 1239 1162 ex
1263 1110 1367 1163 hac
1392 1109 1498 1162 vita
1528 1111 1824 1172 decedunt,
1862 1126 1991 1180 pro-

414 1213 535 1271 pter
575 1202 740 1254 vitam
790 1215 945 1255 suam
1010 1201 1300 1270 pessimam
1333 1200 1479 1256 nulla
1508 1212 1693 1256 sancta
1726 1216 1819 1271 spe
1846 1202 1988 1256 fulti.

2096 474 2345 542 ροποιοὺς
2389 475 2763 546 ηὐτομόλησαν
2810 477 3119 549 ἐπιθυμίας,
3160 479 3287 535 ὅταν
3313 482 3406 534 ἐπὶ
3432 484 3493 536 τὸ
3516 486 3668 549 τέλος
3706 518 3721 553 ι

2093 562 2356 633 ἔρχωνται
2410 565 2509 635 τῆς
2556 567 2741 621 ἐνθάδε
2797 569 2961 639 ζωῆς,
2991 571 3091 622 οὐκ
3120 571 3198 623 ἔτι
3239 572 3437 643 ὁμοίως
3480 574 3668 643 aetat;

2091 655 2560 728 εὐκαταφρόνητος
2586 662 2833 727 φανεῖται
2859 662 2904 691 ’⁸
2925 662 3033 714 τῶν
3055 661 3250 730 λογίων
3271 666 3302 735 ἡ
3325 664 3446 720 θεία
3470 667 3673 738 θεσμο-

2091 745 2267 807 θεσία,
2316 746 2414 810 τάς
2469 747 2763 818 ὀλλυμένας
2790 751 2847 804 δὲ
2871 751 2978 805 τῶν
3000 754 3213 807 οἰκείων
3248 754 3436 809 παθῶν
3477 759 3675 828 ἡδονάς
3716 777 3723 815 ῖ

2091 837 2297 909 ἑτέροις
2340 840 2637 912 ὀφθαλμοῖς
2684 844 3173 915 ὲπισκοπήσαντες,
3223 849 3317 903 καὶ
3362 850 3463 919 τὴν
3517 853 3675 924 ἱερὰν

2088 927 2266 998 ζωὴν,
2319 924 2386 1001 ἦς
2434 931 2673 1003 ἀνοήτως
2739 934 3161 999 ὲκπεπτὼκασι,
3229 940 3675 1011 μακαρίσαντες,

2086 1022 2336 1087 ἐλεεινῶς
2365 1025 2459 1077 καὶ
2503 1025 2813 1097 ἀϐουλήτως
2856 1028 3239 1098 ἀποσχίζονται
3262 1033 3355 1086 τοῦ
3376 1036 3505 1107 τῇδε
3532 1038 3671 1107 βίου,

2086 1114 2223 1184 πρὸς
2256 1116 2525 1187 μηδεμίαν
2554 1118 2705 1189 ἱερὰν
2726 1119 2915 1173 ἐλπίδα
2938 1124 3437 1196 χειραγωγούμενοι
3458 1128 3552 1183 διὰ
3574 1131 3676 1185 τὴν

2085 1204 2364 1276 χειρίστην
2400 1202 2566 1278 ζωήν.

1956 1314 2127 1393 §lll.

482 1422 748 1491 Quoniam
805 1433 986 1475 autem
1019 1423 1069 1475 in
1121 1428 1437 1475 sanctorum
1490 1421 1985 1477 obdormitionihus

412 1518 549 1574 nihil
604 1520 795 1573 horum
843 1518 1062 1580 accidit,
1096 1516 1140 1569 is
1170 1516 1259 1584 qui
1293 1528 1551 1584 properat
1581 1517 1645 1568 ad
1676 1516 1835 1569 linem
1864 1529 1986 1569 cer-

415 1610 677 1664 taminum
710 1619 931 1661 suorum
960 1616 1145 1661 sancta
1173 1607 1405 1674 quadam
1439 1606 1619 1659 laetitia
1658 1605 1984 1674 completur,

413 1714 719 1767 magnaque
768 1712 896 1754 cum
948 1697 1288 1766 jucunditate
1336 1712 1506 1752 sacra:
1563 1698 1987 1765 regenerationis

412 1794 517 1847 iter
550 1792 868 1861 ingreditur.
904 1788 1198 1858 Propinqui
1232 1797 1411 1843 autem
1439 1789 1559 1858 ejus
1582 1792 1673 1860 qui
1702 1789 1987 1845 defunc'us

410 1885 572 1957 365
602 1892 705 1948 est,
760 1899 859 1953 pro
900 1883 1023 1953 jure
1075 1882 1271 1935 divinae
1311 1882 1729 1951 propinquitatis
1761 1898 1827 1937 ac
1877 1899 1985 1936 mo-

410 1994 529 2031 rum
562 1976 941 2035 similitudine.
975 1973 1191 2029 beatum
1220 1974 1419 2042 ipsum,
1453 1973 1528 2027 uti
1557 1989 1684 2029 vere
1712 1984 1819 2040 est,
1850 1990 1987 2043 pra:-

408 2070 613 2132 dicant,
649 2069 792 2137 quod
829 2068 897 2120 ad
938 2075 1184 2136 optatum
1238 2065 1482 2120 victoriae
1523 2066 1767 2119 bravium
1798 2081 1985 2136 perve-

407 2162 569 2225 nctil,
612 2160 930 2225 auctoriqne
973 2159 1218 2212 victoria:
1263 2158 1476 2212 cantica
1518 2158 1816 2226 gratiarum
1866 2160 1979 2213 sol-

406 2263 561 2313 vunt,
615 2260 776 2318 atque
808 2248 911 2301 sihi
953 2246 1186 2301 similem
1235 2257 1440 2302 sortem
1487 2258 1714 2317 Optant;
1752 2250 1984 2320 denique

408 2350 751 2398 assumentes
782 2344 957 2409 ipsum
993 2339 1058 2393 ad
1089 2338 1388 2394 antiStitem
1442 2348 1679 2408 portant,
1711 2346 1863 2410 quasi
1891 2359 1983 2395 sa-

408 2438 518 2490 cris
547 2435 769 2489 coronis
799 2432 1191 2486 munerandum
1227 2449 1242 2498 ;
1288 2433 1377 2502 qui
1410 2432 1640 2487 libenter
1661 2447 1783 2488 eum
1813 2435 1984 2489 susci-

406 2528 506 2597 pit,
538 2540 710 2594 caque
730 2526 873 2594 justa
900 2524 1129 2595 peragit,
1176 2540 1296 2593 quae
1320 2526 1504 2579 divino
1553 2526 1801 2581 instituto
1825 2528 1979 2580 exhi-

406 2617 603 2671 bentur
633 2616 697 2671 iis
727 2616 817 2685 qui
849 2625 1035 2671 sancte
1064 2616 1494 2670 obdormiernnt.

440 2732 503 2786 ll.
544 2730 853 2801 Mysterium
894 2746 1051 2798 super
1078 2732 1158 2783 his
1188 2731 1279 2800 qui
1308 2742 1487 2785 sancte
1527 2732 1944 2789 obdormierum.

2165 1416 2380 1471 Τούτων
2403 1416 2460 1471 δὲ
2479 1418 2692 1483 οὐδενὸς
2737 1422 3054 1492 γιγνομένου
3100 1424 3239 1480 κατά
3259 1426 3357 1490 τάς
3384 1431 3678 1500 κοιμήσεις

2087 1510 2195 1564 τῶν
2222 1511 2385 1583 ἱερῶν
2430 1512 2663 1584 ἀνδρῶν,
2689 1515 2855 1579 αὐτὸς
2890 1517 2989 1587 μὲν
3013 1518 3040 1569 6
3072 1518 3207 1588 πρὸς
3229 1520 3291 1572 τὸ
3317 1520 3491 1592 πέρας
3518 1523 3678 1594 ἐρχό-

2092 1620 2252 1673 μενος
2292 1604 2402 1659 τῶν
2438 1606 2654 1658 οἰκείων
2706 1606 2931 1674 ἀγώνων
2973 1609 3308 1683 εὐφροσύνης
3345 1613 3499 1682 ἱερᾶς
3534 1614 3674 1665 ἀπο-

2090 1696 2413 1766 πληροῢται,
2452 1698 2545 1750 καὶ
2574 1698 2670 1751 σὺν
2718 1698 2880 1769 ἡδονῇ
2921 1699 3089 1772 πολλῇ
3119 1702 3254 1773 πρὸς
3280 1703 3379 1774 τὴν
3405 1704 3525 1757 ὁδὸν
3552 1707 3673 1758 ἑπι-

2088 1788 2262 1841 6αίνει
2285 1789 2386 1858 τῆς
2428 1790 2580 1861 ἱερᾶς
2625 1789 3059 1859 παλιγγενεσίας.
3094 1794 3156 1846 Οί
3185 1794 3244 1847 δὲ
3264 1793 3357 1847 τοῦ
3382 1795 3676 1866 κοιμηθέν-

2085 1899 2177 1945 τος
2226 1882 2437 1945 οίκεῖοι,
2492 1880 2635 1934 κατά
2679 1881 2779 1952 τὴν
2824 1882 2976 1936 θείαν
2998 1885 3305 1956 οἰκειότητα
3329 1888 3421 1938 καὶ
3442 1889 3679 1959 ὁμοτρο-

2088 1973 2237 2038 πίαν,
2286 1972 2446 2025 αὐτόν
2493 1989 2573 2034 τε,
2616 1973 2765 2036 ὅστις
2791 1972 2909 2025 ἐστὶ
2939 1974 3005 2038 ’⁷,
3039 1975 3422 2047 μακαρίζουσι,
3455 1979 3595 2049 πρὸς
3614 1978 3677 2031 τὺ

2087 2066 2378 2136 νικηφόρον
2422 2064 2690 2129 εὐκταίως
2729 2065 3056 2137 ἀφικόμενον
3076 2068 3227 2132 τέλος
3252 2069 3319 2133 ⁸⁸,
3356 2072 3449 2123 καὶ
3469 2070 3549 2141 τῷ
3573 2071 3674 2141 τῆς

2086 2157 2242 2229 νίκης
2289 2157 2447 2228 αἰτίῳ
2482 2158 2865 2231 χαριστηρίους
2898 2158 3039 2230 ᾠδὰς
3063 2161 3465 2234 ἀναπέμπουσι.
3491 2180 3671 2236 προσ-

2087 2248 2165 2300 έτι
2191 2248 2284 2300 καὶ
2322 2249 2519 2312 αὐτοὺς
2546 2247 2837 2318 ἀφικέσθαι
2865 2247 3001 2322 πρὸς
3022 2250 3121 2321 τὴν
3156 2252 3352 2323 ὁμοίαν
3383 2252 3674 2324 εὐχόμενοι

2085 2337 2266 2409 λῆξιν·
2296 2339 2550 2405 λαϐόντες
2584 2342 2641 2394 δὲ
2675 2341 2857 2407 αὐτὸν,
2893 2342 2986 2395 ἐπὶ
3016 2342 3108 2395 τὸν
3140 2344 3400 2417 ίεράρχην
3423 2347 3670 2414 ἄγουσιν,

2085 2428 2161 2491 ὡς
2196 2429 2289 2482 ἐπὶ
2339 2430 2617 2499 στεφάνων
2647 2429 2811 2502 ιερῶν
2856 2431 3032 2484 δόσιν
3059 2435 3088 2486 6
3113 2433 3171 2487 δὲ
3198 2435 3452 2505 ἀσμένως
3479 2437 3672 2490 ὐποδέ-

2086 2537 2261 2590 χεται,
2317 2522 2411 2575 καὶ
2461 2522 2608 2576 τελεῖ
2647 2523 2717 2576 τά
2763 2523 2903 2578 κατά
2962 2524 3164 2597 θεσμὸν
3205 2528 3369 2601 ἱερῶν
3421 2531 3518 2583 ἐπὶ
3556 2532 3671 2593 τοῖς

2084 2611 2245 2676 όσίως
2270 2614 2312 2645 ¹⁹
2342 2631 2571 2686 κεκοιμη
2582 2615 2765 2686 μένοις
2788 2614 3110 2687 τελούμενα.

2181 2728 2248 2780 Il.
2289 2728 2638 2797 Μυστήριον
2656 2731 2755 2783 ἐπὶ
2779 2729 2898 2784 τῶν
2913 2731 3084 2800 ἱερῶς
3107 2736 3577 2805 κεκοιμημένων.

474 2823 676 2878 Coacw
706 2831 849 2874 eccm
903 2835 1085 2886 sacro,
1134 2820 1347 2874 divinus
1386 2821 1635 2889 antistes,
1688 2824 1731 2876 si
1764 2825 1978 2891 quidem

2156 2819 2483 2890 Συναγαγὼν
2505 2823 2533 2875 6
2561 2821 2705 2885 θεῖος
2744 2823 3007 2896 ίεράρχης
3045 2823 3138 2877 τὸν
3172 2825 3312 2897 ἱερὸν
3334 2828 3495 2898 χορὸν
3522 2828 3590 2893 ³⁸,
3618 2829 3671 2882 εί

405 2914 460 2968 in
504 2914 676 2968 sacris
725 2910 902 2964 fuerat
929 2911 1019 2979 qui
1066 2909 1419 2976 obdormivit,
1448 2922 1576 2965 ante
1625 2913 1867 2966 divinmn
1895 2914 1979 2968 al-

403 3015 525 3060 tare
572 3004 720 3057 illum
771 3002 1069 3066 inclinans,
1119 3001 1239 3058 init
1287 3002 1588 3056 orationem
1638 3004 1703 3056 ad
1735 3004 1899 3059 Deum
1925 3015 1982 3061 et

404 3098 698 3168 gratiarum
750 3096 1069 3158 actionem;
1100 3095 1182 3148 sin
1230 3104 1406 3148 autem
1454 3096 1660 3150 sanctis
1697 3098 1979 3154 menachis

402 3199 661 3243 sanctove
710 3186 907 3257 populo
955 3195 1347 3240 annumeratus
1394 3184 1595 3251 fuerat,
1621 3188 1688 3240 ad
1715 3201 1980 3243 veneran-

401 3284 527 3335 dum
554 3281 854 3335 sacrarium
879 3288 1006 3334 ante
1036 3278 1381 3333 sacerdotum
1411 3279 1696 3333 introitum
1725 3279 1975 3335 collocat.

400 3371 604 3427 Pratsul
653 3370 850 3426 deinde
896 3370 1106 3440 peragit
1147 3371 1212 3423 ad
1242 3370 1407 3423 Deum
1460 3385 1675 3440 precem
1699 3380 1754 3426 et
1776 3372 1977 3442 gratia-

402 3481 520 3518 rum
569 3464 841 3519 actionem
873 3477 890 3525 ;
917 3463 1175 3531 deinceps
1203 3477 1337 3517 vero
1382 3462 1619 3529 diaconi,
1671 3450 1976 3519 verissimis

400 3556 464 3607 de
510 3554 908 3607 resurrectione
952 3555 1258 3623 promissis.
1286 3569 1406 3623 quae
1430 3556 1630 3611 divinis
1661 3555 1969 3625 Scripturis

399 3646 604 3699 inserta
634 3653 780 3706 sunt,
809 3644 1073 3709 recitatis,
1108 3644 1298 3698 iisdem
1326 3660 1562 3700 consona
1615 3658 1781 3716 atque
1805 3650 1975 3716 tequi-

396 3738 633 3791 Valentia
698 3736 1033 3791 Psalmorum
1094 3737 1313 3791 cantica
1357 3740 1840 3794 concinuntztum
1887 3756 1977 3795 ar-

395 3829 752 3881 chidiaconus
777 3828 1202 3883 catechumenos
1238 3828 1481 3896 dimittit,
1510 3832 1973 3902 sanctosquejam

397 3921 681 3975 defunctos
710 3930 1121 3986 commemorat,
1150 3923 1347 3991 quibus
1372 3938 1563 3978 recens
1586 3924 1693 3978 vita
1728 3924 1972 3980 functum

394 4011 665 4066 consimili
733 4016 1258 4069 commemoratione
1308 4026 1496 4072 censet
1548 4019 1971 4088 aggregandum,

396 4105 755 4173 hortaturque
806 4119 1019 4169 omnes,
1049 4105 1122 4160 illi
1150 4116 1205 4159 ut
1233 4108 1450 4162 beatum
1484 4108 1535 4162 in
1564 4109 1782 4165 Christo
1810 4110 1968 4164 linem

2086 2913 2258 2985 μὴν⁸¹
2295 2914 2573 2984 ἱερατικῆς
2622 2913 2863 2982 ὲγεγόνει
2908 2916 3114 2981 τάξεως
3165 2919 3194 2970 ὁ
3244 2921 3668 2989 κεκοιμημένος,

2082 3000 2410 3072 ἐπίπροσθεν
2436 2999 2529 3053 τοῦ
2556 3000 2699 3053 θείου
2728 3001 3113 3074 θυσιαστηρίου
3130 3003 3462 3068 κατακλίνας
3482 3007 3667 3071 αὐτὸν,

2080 3092 2385 3163 ἀπάρχεται
2416 3092 2517 3161 τῆς
2544 3091 2682 3163 πρὸς
2705 3091 2835 3145 Θεὸν
2882 3094 3047 3164 εὐχῆς
3074 3095 3168 3149 καὶ
3203 3095 3557 3166 εὐχαριστίας
3575 3116 3589 3129 ο
3618 3102 3667 3153 εί

2078 3184 2137 3259 δὲ
2183 3185 2295 3245 τοῖς
2353 3182 2573 3250 εὐαγέσι
2621 3183 2876 3251 μοναχοῖς
2906 3182 2940 3253 ἢ
2969 3181 3047 3253 τῷ
3097 3182 3227 3254 ίερῷ
3279 3184 3393 3255 λαῷ
3445 3187 3669 3239 κατετέ-

2080 3294 2245 3329 τακτο
2271 3274 2497 3345 ³²,παρά
2516 3274 2578 3327 τὸ
2613 3274 2794 3344 τίμιον
2836 3275 3101 3342 ἱερατείον
3142 3274 3304 3328 αὐτὸν
3346 3276 3667 3331 κατακλίνει

2080 3368 2187 3438 πρὸ
2210 3366 2309 3435 τῆς
2334 3364 2615 3436 ἱερατικῆς
2654 3363 3026 3427 είσελεύσεως.
3073 3359 3206 3418 Εἶτα
3222 3365 3373 3439 τελεῖ
3399 3366 3501 3437 τὴν
3530 3367 3670 3439 πρὸς

2079 3434 2209 3513 Θεὸν
2240 3434 2653 3530 εὐχαριστήριον
2682 3456 2846 3527 εὐχὴν
2874 3458 2903 3509 6
2927 3454 3187 3527 ίεράρχης
3205 3434 3371 3527 ³ἲῖξσῆς
3494 3461 3543 3512 οξ
3564 3434 3671 3513 ia.

2078 3551 2295 3619 τουργοὶ
2315 3548 2413 3612 τὰς
2434 3550 2491 3601 ὲν
2515 3549 2629 3611 τοῖς
2674 3546 2839 3610 θείοις
2861 3545 3064 3614 λογίοις
3093 3547 3474 3619 ὲμφερομένας
3491 3549 3664 3620 ἀψευ-

2075 3643 2188 3705 δεῖς
2214 3639 2547 3709 ἐπαγγελίας
2588 3640 2716 3710 περὶ
2763 3638 2865 3708 τῆς
2902 3641 3053 3710 ἱερᾶς
3100 3639 3260 3710 ἡμῶν
3310 3640 3668 3706 ἀναστάσεως

2076 3734 2615 3837 ἀναγνόπεεέὶερῶς
2661 3730 2843 3803 ᾅδουσι
2893 3730 2993 3795 τάς
3020 3729 3315 3837 ὁμολόγους
3344 3730 3442 3784 καὶ
3470 3733 3667 3786 ταύτο-

2074 3827 2343 3898 δυνάμους
2370 3806 2480 3878 ὧν
2505 3822 2792 3895 ψαλμικῶν
2828 3822 3023 3890 λογίων
3063 3806 3247 3903 ᾠδάς]
3269 3817 3387 3875 εἶτα
3406 3822 3519 3874 τῶν
3549 3823 3665 3877 λεια

2074 3916 2319 3990 τουργῶν
2342 3918 2371 3970 ό
2396 3915 2608 3987 πρῶτος
2649 3912 2876 3967 ἀπολύει
2919 3914 3046 3977 τοὺς
3075 3911 3540 3985 κατηχουμένους,
3567 3916 3665 3968 καὶ

2074 4008 2439 4081 ἁνακηρύττει
2457 4008 2585 4071 τοὺς
2618 4008 2720 4079 ῆδη
2746 4005 3179 4078 κεκοιμημένους
3202 4004 3410 4074 ἁγίους,
3440 4007 3561 4077 μεθ’
3583 4000 3668 4061 ὧν

2074 4101 2216 4166 ἀξιοῖ
2249 4099 2340 4153 τὸν
2370 4099 2495 4169 ἀρτι
2522 4096 2878 4150 τελειωθέντα
2921 4095 3023 4166 τῆς
3064 4092 3366 4166 ὁμοταγοῦς
3411 4098 3661 4169 ἀναρρή-

395 4204 626 4262 petant;
663 4203 775 4248 tmn
801 4196 1072 4250 accedens
1116 4196 1332 4251 divinus
1378 4197 1608 4252 antistes
1633 4213 1847 4267 precem
1879 4214 1968 4251 su-

2084 4210 2232 4257 τεως,
2258 4192 2353 4245 καὶ
2386 4189 2753 4262 προτρέπεται
2795 4190 3003 4253 πάντας
3046 4186 3265 4259 αἰτῆσαι
3310 4188 3407 4258 τὴν
3436 4189 3497 4240 ὲν
3524 4189 3666 4258 Χρι-

392 4303 489 4356 per
513 4302 581 4343 eo
624 4289 1059 4343 sacratissimam
1107 4288 1346 4359 peragit,
1394 4305 1498 4359 qua
1534 4291 1709 4354 tinita,
1740 4291 1968 4358 ipsemet

393 4382 620 4435 antistes
673 4379 991 4435 defunctum
1040 4382 1265 4446 salutat,
1310 4390 1364 4435 et
1395 4396 1518 4435 cum
1547 4380 1637 4435 illo
1666 4392 1964 4449 praesentes

390 4486 601 4527 omnes.
632 4472 749 4537 Quo
789 4481 1031 4541 peracto,
1082 4472 1309 4525 antistes
1358 4470 1667 4525 defunctum
1693 4471 1814 4525 oleo
1840 4487 1965 4541 pcr-

388 4560 587 4625 lundit,
614 4570 668 4615 et
691 4576 787 4631 pro
816 4561 1071 4616 omnibus
1101 4576 1262 4630 prece
1310 4559 1477 4626 facta,
1531 4560 1795 4615 honorato
1845 4561 1964 4616 loco

376 4666 588 4721 corpus
611 4653 843 4706 collocat
870 4668 975 4707 una
1008 4668 1129 4708 cum
1160 4652 1465 4723 aequalibus
1503 4652 1626 4707 aliis
1645 4653 1964 4722 corporibus

375 4760 473 4805 san
488 4746 613 4800 etis.

900 5054 985 5111 lll.
1026 5055 1412 5126 Contemplatio

2078 4282 2187 4352 στῷ
2217 4278 2492 4354 μακαρίαν
2513 4279 2793 4333 τελείωσιν
2811 4295 2824 4308 ·
2879 4273 2999 4331 εἶτα
3025 4276 3379 4349 προσελθὼνὸ
3406 4276 3551 4339 θεῖος
3580 4276 3659 4330 ἱε-

2076 4374 2316 4444 ράρχης,
2364 4370 2528 4443 εὐχὴν
2574 4370 2873 4443 ἱερωτάτην
2920 4370 3006 4422 ἐπ’
3053 4366 3203 4438 αὐτῷ
3249 4365 3514 4429 ποιεῖται,
3564 4367 3665 4421 καὶ

2075 4465 2214 4535 μετὰ
2270 4464 2370 4535 τὴν
2425 4462 2593 4533 εὐχὴν
2651 4460 2816 4525 αὐτός
2861 4476 2923 4513 τε
2968 4461 2997 4513 ό
3041 4458 3300 4531 ίεράρχης
3349 4457 3665 4522 ἀσπάζεται

2069 4553 2160 4606 τὸν
2215 4550 2769 4623 κεκοιμημένον,’καὶ
2835 4551 2953 4621 μετ’
3002 4549 3163 4605 αὐτὸν
3208 4549 3257 4601 οἱ
3315 4547 3585 4618 παρόντες
3613 4550 3665 4581 ³⁸

2071 4646 2326 4709 ἅπαντες.
2396 4642 2824 4715 Ἀσπασαμένων
2884 4642 2943 4696 δὲ
2990 4642 3245 4703 πάντων,
3301 4639 3513 4710 ὲπιχέει
3577 4640 3663 4712 τῷ

2069 4736 2454 4808 κεκοιμημένῳ
2501 4735 2563 4789 τὸ
2611 4735 2833 4789 έλαιονό
2865 4733 3150 4805 ίερὰρχης,
3209 4733 3304 4785 καὶ
3356 4732 3459 4802 τὴν
3510 4731 3661 4803 ὑπὲρ

2071 4832 2287 4884 πάντων
2313 4830 2475 4901 εὐχὴν
2506 4828 2657 4901 ἱεράν
2677 4828 3062 4901 ποιησάμενος,
3091 4824 3408 4895 ἀποτίθησιν
3435 4826 3494 4876 ὲν
3517 4824 3658 4893 οἴκει)

2068 4922 2235 4993 τιμίῳ
2259 4921 2320 4976 τὸ
2347 4919 2504 4992 σῶμα
2531 4921 2648 4992 μεθ’
2666 4921 2866 4992 ἐτέρων
2880 4918 3163 4990 ὁμοταγῶν
3181 4916 3342 4990 ἱερῶν
3361 4916 3655 4987 σωμάτων.

2668 5058 2760 5111 Ill.
2805 5056 3044 5123 Θεωρία.

1966 5128 2077 5205 ει.

351 5225 370 5251 ’⁸
456 5234 579 5287 llrcc
622 5231 840 5300 quidem
889 5232 933 5285 si
983 5232 1296 5297 aspexerint
1344 5232 1579 5301 profani,
1622 5233 1764 5287 vela
1800 5233 1957 5289 nobis

382 5328 497 5382 ﬁeri
554 5323 947 5391 inaudiverint,
997 5322 1243 5392 profuse,
1273 5326 1634 5392 utexistimo,
1682 5327 1955 5392 ridebunt,

2139 5230 2326 5285 Ταῦτα
2380 5232 2476 5301 μὲν
2503 5230 2549 5261 ³⁸
2570 5228 2727 5281 εἴπεο
2777 5226 2936 5279 ῐδοιεν
2962 5224 2995 5278 ἢ
3027 5221 3317 5277 ἀκούσαιεν
3360 5223 3409 5274 οἱ
3444 5220 3651 5293 ἀνίεροι

2064 5344 2201 5399 προς
2236 5324 2393 5397 ἡμῶν
2438 5324 2736 5395 τελούμενα
2761 5318 3043 5386 ³⁸,πλατὺσ
3065 5317 3392 5387 γελάσουσιν,
3443 5313 3519 5377 ὡς
3566 5309 3648 5365 οἷ-

1653 5441 1890 5497 νΑΙὶΙᾹΞ
1930 5442 2338 5498 LECTIONES.

450 5546 497 5578 "
521 5545 789 5615 φαίνεται.
820 5542 877 5597 S.
908 5542 1053 5597 Scot.
1085 5540 1233 5615 Sar._
1284 5541 1328 5572 "
1358 5536 1465 5606 οἶός
1490 5544 1633 5615 ἐστι..
1655 5543 1712 5595 Ι).
1790 5541 1835 5573 ’⁸
1853 5539 2199 5615 εὐκειῖκιλΜ.
2230 5538 2420 5615 πέρας,
2449 5538 2508 5592 D.
2550 5537 2633 5615 ﬁ”
2655 5532 2957 5615 όσίοιςριΜ.
2985 5530 3071 5611 ξιξ·
3138 5529 3200 5615 1°
3227 5527 3511 5615 allicl‘l'j'f'
3553 5524 3652 5575 ’δέν

380 5631 487 5668 non
527 5598 728 5669 habent
760 5600 822 5669 S.
855 5613 916 5667 l’.
958 5615 1018 5669 ι).
1098 5613 1137 5644 ³³
1170 5610 1287 5680 μέν.
1367 5613 1409 5646 ³⁸
1436 5598 1821 5673 κατατέτακτο,
1853 5609 1907 5665 l’.
1946 5609 2005 5664 ι).
2048 5598 2061 5604 ’
2085 5608 2129 5643 ³³
2156 5598 2520 5683 παρεστῶτες,
2550 5608 2607 5661 Ρ.
2689 5608 2730 5639 ³³
2761 5604 2894 5661 ἀλλὰ
2916 5601 3107 5669 ταῦτα,
3138 5601 3206 5655 Μ.
3243 5601 3336 5657 Sc.
3408 5598 3453 5629 ³⁸
3483 5600 3669 5671 ὶιρυι.

377 5684 529 5738 τελού
539 5703 692 5743 αενα.
724 5688 781 5738 ί).
