  <div class='ocr_page' id='page_1' title='image "/cluster/home/n/w/nwhite01/storage/ocr_20150623/3/nnc1.0046978666/302.png"; bbox 0 0 3876 6226; ppageno 0'>
   <div class='ocr_carea' id='block_1_1' title="bbox 184 320 287 383">
    <p class='ocr_par' dir='ltr' id='par_1_1' title="bbox 184 320 287 383">
     <span class='ocr_line' id='line_1_1' title="bbox 184 320 287 383; baseline 0 -60"><span class='ocrx_word' id='word_1_1' title='bbox 184 320 287 383; x_wconf 46' lang='grc' dir='ltr'>ω</span> 
     </span>
    </p>
   </div>
   <div class='ocr_carea' id='block_1_2' title="bbox 1242 328 2391 397">
    <p class='ocr_par' dir='ltr' id='par_1_2' title="bbox 1242 328 2391 397">
     <span class='ocr_line' id='line_1_2' title="bbox 1242 328 2391 397; baseline 0 -10"><span class='ocrx_word' id='word_1_2' title='bbox 1242 333 1330 387; x_wconf 85' lang='lat' dir='ltr'><strong>DE</strong></span> <span class='ocrx_word' id='word_1_3' title='bbox 1363 328 1647 388; x_wconf 82' lang='lat' dir='ltr'><strong>ECCLES.</strong></span> <span class='ocrx_word' id='word_1_4' title='bbox 1678 330 2074 397; x_wconf 79' lang='lat' dir='ltr'><strong>HIERARCH.,</strong></span> <span class='ocrx_word' id='word_1_5' title='bbox 2111 333 2262 388; x_wconf 80' lang='lat' dir='ltr'><strong>CAP.</strong></span> <span class='ocrx_word' id='word_1_6' title='bbox 2300 332 2391 390; x_wconf 82' lang='lat' dir='ltr'><strong>Vl]</strong></span> 
     </span>
    </p>
   </div>
   <div class='ocr_carea' id='block_1_3' title="bbox 3338 328 3443 382">
    <p class='ocr_par' dir='ltr' id='par_1_3' title="bbox 3338 328 3443 382">
     <span class='ocr_line' id='line_1_3' title="bbox 3338 328 3443 382; baseline -0.019 0"><span class='ocrx_word' id='word_1_7' title='bbox 3338 328 3443 382; x_wconf 62' lang='lat'><strong>538</strong></span> 
     </span>
    </p>
   </div>
   <div class='ocr_carea' id='block_1_4' title="bbox 184 444 1757 525">
    <p class='ocr_par' dir='ltr' id='par_1_4' title="bbox 184 444 1757 525">
     <span class='ocr_line' id='line_1_4' title="bbox 184 444 1757 525; baseline 0.001 -25"><span class='ocrx_word' id='word_1_8' title='bbox 184 461 306 511; x_wconf 80' lang='grc' dir='ltr'>μαι,</span> <span class='ocrx_word' id='word_1_9' title='bbox 332 446 431 500; x_wconf 73' lang='grc' dir='ltr'><strong>καὶ</strong></span> <span class='ocrx_word' id='word_1_10' title='bbox 457 447 557 520; x_wconf 80' lang='grc' dir='ltr'>τῆς</span> <span class='ocrx_word' id='word_1_11' title='bbox 586 444 901 521; x_wconf 78' lang='grc' dir='ltr'>πλανήσεως</span> <span class='ocrx_word' id='word_1_12' title='bbox 953 452 1102 523; x_wconf 80' lang='grc' dir='ltr'>ἡμᾶς</span> <span class='ocrx_word' id='word_1_13' title='bbox 1148 452 1479 525; x_wconf 82' lang='grc' dir='ltr'>ἐλεήσουσιν.</span> <span class='ocrx_word' id='word_1_14' title='bbox 1506 453 1579 505; x_wconf 85' lang='grc' dir='ltr'>Ού</span> <span class='ocrx_word' id='word_1_15' title='bbox 1602 452 1684 505; x_wconf 86' lang='grc' dir='ltr'><strong>δεῖ</strong></span> <span class='ocrx_word' id='word_1_16' title='bbox 1710 451 1757 504; x_wconf 83' lang='grc' dir='ltr'>δὲ</span> 
     </span>
    </p>
   </div>
   <div class='ocr_carea' id='block_1_5' title="bbox 1862 444 3436 525">
    <p class='ocr_par' dir='ltr' id='par_1_5' title="bbox 1871 444 3436 520">
     <span class='ocr_line' id='line_1_5' title="bbox 1871 444 3436 520; baseline -0.009 -13"><span class='ocrx_word' id='word_1_17' title='bbox 1871 462 1923 507; x_wconf 91' lang='lat' dir='ltr'><strong>et</strong></span> <span class='ocrx_word' id='word_1_18' title='bbox 1945 454 2151 509; x_wconf 85' lang='lat' dir='ltr'><strong>erroris</strong></span> <span class='ocrx_word' id='word_1_19' title='bbox 2192 454 2364 508; x_wconf 78' lang='lat' dir='ltr'><strong>nostri</strong></span> <span class='ocrx_word' id='word_1_20' title='bbox 2412 453 2555 520; x_wconf 89' lang='lat' dir='ltr'><strong>ipsos</strong></span> <span class='ocrx_word' id='word_1_21' title='bbox 2595 444 3170 506; x_wconf 65' lang='lat' dir='ltr'><strong>miserebiturNernm</strong></span> <span class='ocrx_word' id='word_1_22' title='bbox 3204 456 3309 498; x_wconf 86' lang='lat' dir='ltr'><strong>non</strong></span> <span class='ocrx_word' id='word_1_23' title='bbox 3349 448 3436 494; x_wconf 87' lang='lat' dir='ltr'><strong>est</strong></span> 
     </span>
    </p>
   </div>
   <div class='ocr_carea' id='block_1_6' title="bbox 179 537 1769 616">
    <p class='ocr_par' dir='ltr' id='par_1_6' title="bbox 179 537 1769 616">
     <span class='ocr_line' id='line_1_6' title="bbox 179 537 1769 616; baseline 0.002 -25"><span class='ocrx_word' id='word_1_24' title='bbox 179 537 319 608; x_wconf 67' lang='grc' dir='ltr'>πρὸς</span> <span class='ocrx_word' id='word_1_25' title='bbox 345 538 508 593; x_wconf 79' lang='grc' dir='ltr'>τοῦτο</span> <span class='ocrx_word' id='word_1_26' title='bbox 534 540 838 612; x_wconf 77' lang='grc' dir='ltr'><strong>θαυμάζειν</strong></span> <span class='ocrx_word' id='word_1_27' title='bbox 856 561 869 573; x_wconf 87' lang='grc'>·</span> <span class='ocrx_word' id='word_1_28' title='bbox 898 542 995 598; x_wconf 75' lang='grc' dir='ltr'><strong>ἐὰν</strong></span> <span class='ocrx_word' id='word_1_29' title='bbox 1023 544 1132 616; x_wconf 82' lang='grc' dir='ltr'>γὰρ</span> <span class='ocrx_word' id='word_1_30' title='bbox 1160 544 1234 615; x_wconf 84' lang='grc' dir='ltr'><strong>μὴ</strong></span> <span class='ocrx_word' id='word_1_31' title='bbox 1277 543 1661 607; x_wconf 83' lang='grc' dir='ltr'><strong>πιστεύσωσιν,</strong></span> <span class='ocrx_word' id='word_1_32' title='bbox 1694 544 1769 607; x_wconf 82' lang='grc' dir='ltr'>ὡς</span> 
     </span>
    </p>
   </div>
   <div class='ocr_carea' id='block_1_7' title="bbox 176 629 1771 708">
    <p class='ocr_par' dir='ltr' id='par_1_7' title="bbox 176 629 1771 708">
     <span class='ocr_line' id='line_1_7' title="bbox 176 629 1771 708; baseline 0.003 -26"><span class='ocrx_word' id='word_1_33' title='bbox 176 629 248 683; x_wconf 83' lang='grc' dir='ltr'><strong>τά</strong></span> <span class='ocrx_word' id='word_1_34' title='bbox 273 630 475 698; x_wconf 69' lang='grc' dir='ltr'>λόγιά⁶</span> <span class='ocrx_word' id='word_1_35' title='bbox 498 650 683 705; x_wconf 79' lang='grc' dir='ltr'>φησιν,</span> <span class='ocrx_word' id='word_1_36' title='bbox 733 634 853 687; x_wconf 86' lang='grc' dir='ltr'>οὐδὲ</span> <span class='ocrx_word' id='word_1_37' title='bbox 907 634 981 708; x_wconf 80' lang='grc' dir='ltr'><strong>μὴ</strong></span> <span class='ocrx_word' id='word_1_38' title='bbox 1036 638 1353 707; x_wconf 83' lang='grc' dir='ltr'>συνήσουσιν</span> <span class='ocrx_word' id='word_1_39' title='bbox 1382 637 1447 688; x_wconf 78' lang='grc'><strong>³⁵.</strong></span> <span class='ocrx_word' id='word_1_40' title='bbox 1488 636 1677 706; x_wconf 80' lang='grc' dir='ltr'><strong>Ἡμεῖς</strong></span> <span class='ocrx_word' id='word_1_41' title='bbox 1714 635 1771 687; x_wconf 80' lang='grc' dir='ltr'>δὲ</span> 
     </span>
    </p>
   </div>
   <div class='ocr_carea' id='block_1_8' title="bbox 175 720 1767 797">
    <p class='ocr_par' dir='ltr' id='par_1_8' title="bbox 175 720 1767 797">
     <span class='ocr_line' id='line_1_8' title="bbox 175 720 1767 797; baseline 0.003 -22"><span class='ocrx_word' id='word_1_42' title='bbox 175 720 248 775; x_wconf 77' lang='grc' dir='ltr'><strong>τὰ</strong></span> <span class='ocrx_word' id='word_1_43' title='bbox 299 722 476 794; x_wconf 84' lang='grc' dir='ltr'>νοητά</span> <span class='ocrx_word' id='word_1_44' title='bbox 530 724 639 776; x_wconf 82' lang='grc' dir='ltr'><strong>τῶν</strong></span> <span class='ocrx_word' id='word_1_45' title='bbox 693 725 1031 796; x_wconf 79' lang='grc' dir='ltr'><strong>τελουμένων</strong></span> <span class='ocrx_word' id='word_1_46' title='bbox 1082 727 1530 791; x_wconf 79' lang='grc' dir='ltr'><strong>ἐποπτεύσαντες,</strong></span> <span class='ocrx_word' id='word_1_47' title='bbox 1593 726 1767 797; x_wconf 85' lang='grc' dir='ltr'>Ἰησοῦ</span> 
     </span>
    </p>
   </div>
   <div class='ocr_carea' id='block_1_9' title="bbox 176 812 1767 888">
    <p class='ocr_par' dir='ltr' id='par_1_9' title="bbox 176 812 1767 888">
     <span class='ocr_line' id='line_1_9' title="bbox 176 812 1767 888; baseline 0.001 -21"><span class='ocrx_word' id='word_1_48' title='bbox 176 812 670 881; x_wconf 68' lang='grc' dir='ltr'>φωταγωγῶντος,</span> <span class='ocrx_word' id='word_1_49' title='bbox 702 814 947 887; x_wconf 72' lang='grc' dir='ltr'>εἴπωμεν</span> <span class='ocrx_word' id='word_1_50' title='bbox 977 817 1043 880; x_wconf 84' lang='grc'><strong>³⁷,</strong></span> <span class='ocrx_word' id='word_1_51' title='bbox 1071 818 1146 882; x_wconf 82' lang='grc' dir='ltr'><strong>ὡς</strong></span> <span class='ocrx_word' id='word_1_52' title='bbox 1168 819 1268 870; x_wconf 82' lang='grc' dir='ltr'><strong>οὐκ</strong></span> <span class='ocrx_word' id='word_1_53' title='bbox 1289 818 1500 886; x_wconf 79' lang='grc' dir='ltr'>ἀλόγως</span> <span class='ocrx_word' id='word_1_54' title='bbox 1529 820 1558 871; x_wconf 92' lang='grc' dir='ltr'><strong>ὁ</strong></span> <span class='ocrx_word' id='word_1_55' title='bbox 1581 817 1767 888; x_wconf 80' lang='grc' dir='ltr'>ἱεράρ-</span> 
     </span>
    </p>
   </div>
   <div class='ocr_carea' id='block_1_10' title="bbox 175 904 1767 977">
    <p class='ocr_par' dir='ltr' id='par_1_10' title="bbox 175 904 1767 977">
     <span class='ocr_line' id='line_1_10' title="bbox 175 904 1767 977; baseline 0 -19"><span class='ocrx_word' id='word_1_56' title='bbox 175 922 281 975; x_wconf 90' lang='grc' dir='ltr'>χης</span> <span class='ocrx_word' id='word_1_57' title='bbox 333 904 431 957; x_wconf 73' lang='grc' dir='ltr'>ἐπὶ</span> <span class='ocrx_word' id='word_1_58' title='bbox 478 904 571 957; x_wconf 84' lang='grc' dir='ltr'><strong>τὸν</strong></span> <span class='ocrx_word' id='word_1_59' title='bbox 610 905 856 976; x_wconf 86' lang='grc' dir='ltr'>ὁμοταγῆ</span> <span class='ocrx_word' id='word_1_60' title='bbox 911 906 1086 977; x_wconf 87' lang='grc' dir='ltr'>χῶρον</span> <span class='ocrx_word' id='word_1_61' title='bbox 1112 905 1319 974; x_wconf 76' lang='grc' dir='ltr'>εἰσάγει</span> <span class='ocrx_word' id='word_1_62' title='bbox 1358 908 1453 959; x_wconf 78' lang='grc' dir='ltr'><strong>καὶ</strong></span> <span class='ocrx_word' id='word_1_63' title='bbox 1494 906 1767 977; x_wconf 74' lang='grc' dir='ltr'>ἐπιτίθησι</span> 
     </span>
    </p>
   </div>
   <div class='ocr_carea' id='block_1_11' title="bbox 174 994 1763 1070">
    <p class='ocr_par' dir='ltr' id='par_1_11' title="bbox 174 994 1763 1070">
     <span class='ocr_line' id='line_1_11' title="bbox 174 994 1763 1070; baseline 0.002 -22"><span class='ocrx_word' id='word_1_64' title='bbox 174 995 267 1048; x_wconf 79' lang='grc' dir='ltr'><strong>τὸν</strong></span> <span class='ocrx_word' id='word_1_65' title='bbox 289 994 695 1066; x_wconf 80' lang='grc' dir='ltr'>κεκοιμημένον</span> <span class='ocrx_word' id='word_1_66' title='bbox 713 1010 727 1026; x_wconf 70' lang='grc' dir='ltr'>δ</span> <span class='ocrx_word' id='word_1_67' title='bbox 754 997 1009 1066; x_wconf 73' lang='grc' dir='ltr'>ἐμφαίνει</span> <span class='ocrx_word' id='word_1_68' title='bbox 1029 996 1139 1069; x_wconf 83' lang='grc' dir='ltr'>γὰρ</span> <span class='ocrx_word' id='word_1_69' title='bbox 1167 997 1348 1070; x_wconf 80' lang='grc' dir='ltr'>ίερῶς,</span> <span class='ocrx_word' id='word_1_70' title='bbox 1373 997 1449 1061; x_wconf 86' lang='grc' dir='ltr'>ὡς</span> <span class='ocrx_word' id='word_1_71' title='bbox 1472 998 1595 1050; x_wconf 87' lang='grc' dir='ltr'>κατ’</span> <span class='ocrx_word' id='word_1_72' title='bbox 1615 998 1763 1051; x_wconf 86' lang='grc' dir='ltr'>ὲκεί-</span> 
     </span>
    </p>
   </div>
   <div class='ocr_carea' id='block_1_12' title="bbox 174 1084 1766 1161">
    <p class='ocr_par' dir='ltr' id='par_1_12' title="bbox 174 1084 1766 1161">
     <span class='ocr_line' id='line_1_12' title="bbox 174 1084 1766 1161; baseline 0.004 -22"><span class='ocrx_word' id='word_1_73' title='bbox 174 1102 272 1149; x_wconf 86' lang='grc' dir='ltr'><strong>νας</strong></span> <span class='ocrx_word' id='word_1_74' title='bbox 300 1084 519 1139; x_wconf 73' lang='grc' dir='ltr'>ἔσονται</span> <span class='ocrx_word' id='word_1_75' title='bbox 546 1087 747 1149; x_wconf 78' lang='grc' dir='ltr'>πάντες</span> <span class='ocrx_word' id='word_1_76' title='bbox 776 1086 836 1139; x_wconf 79' lang='grc' dir='ltr'>ἐν</span> <span class='ocrx_word' id='word_1_77' title='bbox 863 1088 930 1157; x_wconf 78' lang='grc' dir='ltr'>τῇ</span> <span class='ocrx_word' id='word_1_78' title='bbox 958 1086 1347 1159; x_wconf 68' lang='grc' dir='ltr'>παλιγγενεσία</span> <span class='ocrx_word' id='word_1_79' title='bbox 1377 1087 1476 1152; x_wconf 80' lang='grc' dir='ltr'>τὰς</span> <span class='ocrx_word' id='word_1_80' title='bbox 1526 1088 1766 1161; x_wconf 58' lang='grc' dir='ltr'>ἀποκλη-</span> 
     </span>
    </p>
   </div>
   <div class='ocr_carea' id='block_1_13' title="bbox 178 1178 1766 1252">
    <p class='ocr_par' dir='ltr' id='par_1_13' title="bbox 178 1178 1766 1252">
     <span class='ocr_line' id='line_1_13' title="bbox 178 1178 1766 1252; baseline 0.004 -23"><span class='ocrx_word' id='word_1_81' title='bbox 178 1178 401 1251; x_wconf 85' lang='grc' dir='ltr'>ρώσεις,</span> <span class='ocrx_word' id='word_1_82' title='bbox 428 1178 552 1232; x_wconf 81' lang='grc' dir='ltr'>καθ’</span> <span class='ocrx_word' id='word_1_83' title='bbox 574 1179 641 1243; x_wconf 75' lang='grc' dir='ltr'>ἃς</span> <span class='ocrx_word' id='word_1_84' title='bbox 667 1178 853 1233; x_wconf 79' lang='grc' dir='ltr'>ἐνθάδε</span> <span class='ocrx_word' id='word_1_85' title='bbox 889 1180 987 1251; x_wconf 87' lang='grc' dir='ltr'>τὴν</span> <span class='ocrx_word' id='word_1_86' title='bbox 1029 1179 1236 1234; x_wconf 83' lang='grc' dir='ltr'>οἰκείαν</span> <span class='ocrx_word' id='word_1_87' title='bbox 1262 1179 1407 1252; x_wconf 78' lang='grc' dir='ltr'>ζωὴν</span> <span class='ocrx_word' id='word_1_88' title='bbox 1443 1179 1766 1252; x_wconf 83' lang='grc' dir='ltr'>ἀπεκλήρω-</span> 
     </span>
    </p>
   </div>
   <div class='ocr_carea' id='block_1_14' title="bbox 176 1268 1769 1344">
    <p class='ocr_par' dir='ltr' id='par_1_14' title="bbox 176 1268 1769 1344">
     <span class='ocr_line' id='line_1_14' title="bbox 176 1268 1769 1344; baseline 0.002 -20"><span class='ocrx_word' id='word_1_89' title='bbox 176 1288 298 1325; x_wconf 87' lang='grc' dir='ltr'>σαν.</span> <span class='ocrx_word' id='word_1_90' title='bbox 330 1268 480 1336; x_wconf 75' lang='grc' dir='ltr'>οἷον,</span> <span class='ocrx_word' id='word_1_91' title='bbox 514 1274 561 1325; x_wconf 81' lang='grc' dir='ltr'>εἰ</span> <span class='ocrx_word' id='word_1_92' title='bbox 589 1271 796 1342; x_wconf 88' lang='grc' dir='ltr'>θεοειδῆ</span> <span class='ocrx_word' id='word_1_93' title='bbox 824 1288 909 1336; x_wconf 89' lang='grc' dir='ltr'><strong>τις</strong></span> <span class='ocrx_word' id='word_1_94' title='bbox 933 1272 1091 1343; x_wconf 79' lang='grc' dir='ltr'>ἔσχεν</span> <span class='ocrx_word' id='word_1_95' title='bbox 1111 1272 1297 1326; x_wconf 76' lang='grc' dir='ltr'>ἐνθάδε</span> <span class='ocrx_word' id='word_1_96' title='bbox 1334 1273 1429 1325; x_wconf 76' lang='grc' dir='ltr'><strong>καὶ</strong></span> <span class='ocrx_word' id='word_1_97' title='bbox 1466 1272 1769 1344; x_wconf 81' lang='grc' dir='ltr'>ἱερωτάτην</span> 
     </span>
    </p>
   </div>
   <div class='ocr_carea' id='block_1_15' title="bbox 174 1362 1767 1437">
    <p class='ocr_par' dir='ltr' id='par_1_15' title="bbox 174 1362 1767 1437">
     <span class='ocr_line' id='line_1_15' title="bbox 174 1362 1767 1437; baseline 0.001 -20"><span class='ocrx_word' id='word_1_98' title='bbox 174 1362 347 1435; x_wconf 77' lang='grc' dir='ltr'>ζωὴν,</span> <span class='ocrx_word' id='word_1_99' title='bbox 388 1363 467 1427; x_wconf 83' lang='grc' dir='ltr'>ὡς</span> <span class='ocrx_word' id='word_1_100' title='bbox 510 1364 665 1436; x_wconf 72' lang='grc' dir='ltr'>ἀνδρὶ</span> <span class='ocrx_word' id='word_1_101' title='bbox 708 1363 769 1417; x_wconf 89' lang='grc' dir='ltr'>τὺ</span> <span class='ocrx_word' id='word_1_102' title='bbox 813 1363 1141 1437; x_wconf 86' lang='grc' dir='ltr'>θεομίμητον</span> <span class='ocrx_word' id='word_1_103' title='bbox 1196 1365 1437 1435; x_wconf 77' lang='grc' dir='ltr'>ἐφικτὸν,</span> <span class='ocrx_word' id='word_1_104' title='bbox 1482 1366 1540 1417; x_wconf 81' lang='grc' dir='ltr'>ὲν</span> <span class='ocrx_word' id='word_1_105' title='bbox 1595 1363 1767 1428; x_wconf 84' lang='grc' dir='ltr'>θείαις</span> 
     </span>
    </p>
   </div>
   <div class='ocr_carea' id='block_1_16' title="bbox 172 1455 1766 1529">
    <p class='ocr_par' dir='ltr' id='par_1_16' title="bbox 172 1455 1766 1529">
     <span class='ocr_line' id='line_1_16' title="bbox 172 1455 1766 1529; baseline 0 -20"><span class='ocrx_word' id='word_1_106' title='bbox 172 1456 332 1509; x_wconf 72' lang='grc' dir='ltr'>ἔσται</span> <span class='ocrx_word' id='word_1_107' title='bbox 374 1455 517 1510; x_wconf 85' lang='grc' dir='ltr'>κατὰ</span> <span class='ocrx_word' id='word_1_108' title='bbox 558 1456 650 1509; x_wconf 82' lang='grc' dir='ltr'><strong>τὸν</strong></span> <span class='ocrx_word' id='word_1_109' title='bbox 699 1457 869 1510; x_wconf 89' lang='grc' dir='ltr'>αίῶνα</span> <span class='ocrx_word' id='word_1_110' title='bbox 920 1456 1013 1511; x_wconf 85' lang='grc' dir='ltr'><strong>τὸν</strong></span> <span class='ocrx_word' id='word_1_111' title='bbox 1063 1457 1321 1529; x_wconf 89' lang='grc' dir='ltr'>μέλλοντα</span> <span class='ocrx_word' id='word_1_112' title='bbox 1348 1457 1442 1512; x_wconf 79' lang='grc' dir='ltr'><strong>καὶ</strong></span> <span class='ocrx_word' id='word_1_113' title='bbox 1473 1458 1766 1528; x_wconf 85' lang='grc' dir='ltr'>μακαρίαις</span> 
     </span>
    </p>
   </div>
   <div class='ocr_carea' id='block_1_17' title="bbox 171 1548 1763 1622">
    <p class='ocr_par' dir='ltr' id='par_1_17' title="bbox 171 1548 1763 1622">
     <span class='ocr_line' id='line_1_17' title="bbox 171 1548 1763 1622; baseline 0.001 -21"><span class='ocrx_word' id='word_1_114' title='bbox 171 1548 433 1619; x_wconf 70' lang='grc' dir='ltr'><strong>λήξεσιν⁸</strong></span> <span class='ocrx_word' id='word_1_115' title='bbox 460 1552 509 1604; x_wconf 81' lang='grc' dir='ltr'>εἰ</span> <span class='ocrx_word' id='word_1_116' title='bbox 543 1550 600 1604; x_wconf 80' lang='grc' dir='ltr'><strong>δὲ</strong></span> <span class='ocrx_word' id='word_1_117' title='bbox 621 1550 723 1621; x_wconf 82' lang='grc' dir='ltr'>τῆς</span> <span class='ocrx_word' id='word_1_118' title='bbox 766 1552 887 1604; x_wconf 89' lang='grc' dir='ltr'>κατ’</span> <span class='ocrx_word' id='word_1_119' title='bbox 917 1550 1083 1622; x_wconf 81' lang='grc' dir='ltr'>ἄκρον</span> <span class='ocrx_word' id='word_1_120' title='bbox 1132 1550 1396 1614; x_wconf 87' lang='grc' dir='ltr'>θεοειδοῦς</span> <span class='ocrx_word' id='word_1_121' title='bbox 1449 1550 1763 1622; x_wconf 72' lang='grc' dir='ltr'>ὑφειμένην,</span> 
     </span>
    </p>
   </div>
   <div class='ocr_carea' id='block_1_18' title="bbox 176 1636 1767 1714">
    <p class='ocr_par' dir='ltr' id='par_1_18' title="bbox 176 1636 1767 1714">
     <span class='ocr_line' id='line_1_18' title="bbox 176 1636 1767 1714; baseline -0.001 -20"><span class='ocrx_word' id='word_1_122' title='bbox 176 1640 335 1713; x_wconf 77' lang='grc' dir='ltr'>ἱερὰν</span> <span class='ocrx_word' id='word_1_123' title='bbox 361 1642 420 1695; x_wconf 82' lang='grc' dir='ltr'>δὲ</span> <span class='ocrx_word' id='word_1_124' title='bbox 440 1643 611 1713; x_wconf 83' lang='grc' dir='ltr'>ὅμως,</span> <span class='ocrx_word' id='word_1_125' title='bbox 636 1642 903 1714; x_wconf 84' lang='grc' dir='ltr'>ὁμοειδεῖς</span> <span class='ocrx_word' id='word_1_126' title='bbox 932 1643 1027 1695; x_wconf 75' lang='grc' dir='ltr'><strong>καὶ</strong></span> <span class='ocrx_word' id='word_1_127' title='bbox 1061 1636 1213 1706; x_wconf 74' lang='grc' dir='ltr'>οὗτος</span> <span class='ocrx_word' id='word_1_128' title='bbox 1245 1642 1291 1674; x_wconf 78' lang='grc'><strong>³⁸</strong></span> <span class='ocrx_word' id='word_1_129' title='bbox 1312 1641 1648 1714; x_wconf 74' lang='grc' dir='ltr'>ἀπολήψεται</span> <span class='ocrx_word' id='word_1_130' title='bbox 1666 1639 1767 1705; x_wconf 83' lang='grc' dir='ltr'>τὰς</span> 
     </span>
    </p>
   </div>
   <div class='ocr_carea' id='block_1_19' title="bbox 174 1734 1770 1808">
    <p class='ocr_par' dir='ltr' id='par_1_19' title="bbox 174 1734 1770 1808">
     <span class='ocr_line' id='line_1_19' title="bbox 174 1734 1770 1808; baseline 0.001 -19"><span class='ocrx_word' id='word_1_131' title='bbox 174 1736 334 1807; x_wconf 84' lang='grc' dir='ltr'>ίεράς</span> <span class='ocrx_word' id='word_1_132' title='bbox 364 1735 620 1807; x_wconf 76' lang='grc' dir='ltr'>ἀμοιϐάς.</span> <span class='ocrx_word' id='word_1_133' title='bbox 662 1735 836 1808; x_wconf 84' lang='grc' dir='ltr'>Ὑπερ</span> <span class='ocrx_word' id='word_1_134' title='bbox 870 1736 1074 1807; x_wconf 77' lang='grc' dir='ltr'>ταύτης</span> <span class='ocrx_word' id='word_1_135' title='bbox 1113 1735 1215 1807; x_wconf 86' lang='grc' dir='ltr'>τῆς</span> <span class='ocrx_word' id='word_1_136' title='bbox 1246 1735 1397 1802; x_wconf 84' lang='grc' dir='ltr'>θείας</span> <span class='ocrx_word' id='word_1_137' title='bbox 1426 1734 1770 1807; x_wconf 86' lang='grc' dir='ltr'>δικαιοσύνης</span> 
     </span>
    </p>
   </div>
   <div class='ocr_carea' id='block_1_20' title="bbox 1870 534 3445 613">
    <p class='ocr_par' dir='ltr' id='par_1_20' title="bbox 1870 534 3445 613">
     <span class='ocr_line' id='line_1_20' title="bbox 1870 534 3445 613; baseline -0.005 -16"><span class='ocrx_word' id='word_1_138' title='bbox 1870 546 2011 613; x_wconf 87' lang='lat' dir='ltr'><strong>quod</strong></span> <span class='ocrx_word' id='word_1_139' title='bbox 2045 545 2147 599; x_wconf 91' lang='lat' dir='ltr'><strong>hoc</strong></span> <span class='ocrx_word' id='word_1_140' title='bbox 2190 546 2452 599; x_wconf 87' lang='lat' dir='ltr'><strong>miremur</strong></span> <span class='ocrx_word' id='word_1_141' title='bbox 2478 558 2495 599; x_wconf 89' lang='lat'><strong>:</strong></span> <span class='ocrx_word' id='word_1_142' title='bbox 2524 544 2630 598; x_wconf 90' lang='lat' dir='ltr'><strong>nisi</strong></span> <span class='ocrx_word' id='word_1_143' title='bbox 2673 542 2819 597; x_wconf 91' lang='lat' dir='ltr'><strong>enim</strong></span> <span class='ocrx_word' id='word_1_144' title='bbox 2874 536 3235 597; x_wconf 81' lang='lat' dir='ltr'><strong>crediderint.</strong></span> <span class='ocrx_word' id='word_1_145' title='bbox 3283 534 3445 603; x_wconf 80' lang='lat' dir='ltr'><strong>juxta-</strong></span> 
     </span>
    </p>
   </div>
   <div class='ocr_carea' id='block_1_21' title="bbox 1871 627 3443 707">
    <p class='ocr_par' dir='ltr' id='par_1_21' title="bbox 1871 627 3443 707">
     <span class='ocr_line' id='line_1_21' title="bbox 1871 627 3443 707; baseline -0.008 -16"><span class='ocrx_word' id='word_1_146' title='bbox 1871 636 2233 707; x_wconf 88' lang='lat' dir='ltr'><strong>Scripturam,</strong></span> <span class='ocrx_word' id='word_1_147' title='bbox 2284 651 2392 691; x_wconf 92' lang='lat' dir='ltr'><strong>non</strong></span> <span class='ocrx_word' id='word_1_148' title='bbox 2443 635 2765 704; x_wconf 85' lang='lat' dir='ltr'><strong>intelligent.</strong></span> <span class='ocrx_word' id='word_1_149' title='bbox 2819 631 2929 686; x_wconf 83' lang='lat' dir='ltr'><strong>Nos</strong></span> <span class='ocrx_word' id='word_1_150' title='bbox 2977 630 3215 692; x_wconf 76' lang='lat' dir='ltr'><strong>interim,</strong></span> <span class='ocrx_word' id='word_1_151' title='bbox 3245 627 3443 682; x_wconf 88' lang='lat' dir='ltr'><strong>intelli-</strong></span> 
     </span>
    </p>
   </div>
   <div class='ocr_carea' id='block_1_22' title="bbox 1868 721 3441 799">
    <p class='ocr_par' dir='ltr' id='par_1_22' title="bbox 1868 721 3441 799">
     <span class='ocr_line' id='line_1_22' title="bbox 1868 721 3441 799; baseline -0.004 -16"><span class='ocrx_word' id='word_1_152' title='bbox 1868 729 2066 799; x_wconf 83' lang='lat' dir='ltr'><strong>gentiis</strong></span> <span class='ocrx_word' id='word_1_153' title='bbox 2085 742 2269 783; x_wconf 91' lang='lat' dir='ltr'><strong>eorum</strong></span> <span class='ocrx_word' id='word_1_154' title='bbox 2296 742 2415 798; x_wconf 66' lang='lat' dir='ltr'><strong>qua:</strong></span> <span class='ocrx_word' id='word_1_155' title='bbox 2460 738 2728 795; x_wconf 81' lang='lat' dir='ltr'><strong>geruntur</strong></span> <span class='ocrx_word' id='word_1_156' title='bbox 2747 724 3038 795; x_wconf 83' lang='lat' dir='ltr'><strong>perceptis,</strong></span> <span class='ocrx_word' id='word_1_157' title='bbox 3071 721 3273 792; x_wconf 64' lang='lat' dir='ltr'><strong>praevio</strong></span> <span class='ocrx_word' id='word_1_158' title='bbox 3303 722 3441 776; x_wconf 86' lang='lat' dir='ltr'><strong>duce</strong></span> 
     </span>
    </p>
   </div>
   <div class='ocr_carea' id='block_1_23' title="bbox 1867 810 3443 884">
    <p class='ocr_par' dir='ltr' id='par_1_23' title="bbox 1867 810 3443 884">
     <span class='ocr_line' id='line_1_23' title="bbox 1867 810 3443 884; baseline -0.006 -9"><span class='ocrx_word' id='word_1_159' title='bbox 1867 820 1993 875; x_wconf 84' lang='lat' dir='ltr'><strong>Jesu</strong></span> <span class='ocrx_word' id='word_1_160' title='bbox 2045 820 2313 883; x_wconf 84' lang='lat' dir='ltr'><strong>dicamus,</strong></span> <span class='ocrx_word' id='word_1_161' title='bbox 2360 834 2465 872; x_wconf 91' lang='lat' dir='ltr'><strong>non</strong></span> <span class='ocrx_word' id='word_1_162' title='bbox 2513 817 2608 871; x_wconf 89' lang='lat' dir='ltr'><strong>abs</strong></span> <span class='ocrx_word' id='word_1_163' title='bbox 2636 831 2696 870; x_wconf 90' lang='lat' dir='ltr'><strong>re</strong></span> <span class='ocrx_word' id='word_1_164' title='bbox 2726 814 3034 884; x_wconf 73' lang='lat' dir='ltr'><strong>praesulem,</strong></span> <span class='ocrx_word' id='word_1_165' title='bbox 3070 827 3194 868; x_wconf 91' lang='lat' dir='ltr'><strong>eum</strong></span> <span class='ocrx_word' id='word_1_166' title='bbox 3224 812 3315 880; x_wconf 87' lang='lat' dir='ltr'><strong>qui</strong></span> <span class='ocrx_word' id='word_1_167' title='bbox 3347 810 3443 865; x_wconf 85' lang='lat' dir='ltr'><strong>de-</strong></span> 
     </span>
    </p>
   </div>
   <div class='ocr_carea' id='block_1_24' title="bbox 1870 903 3442 976">
    <p class='ocr_par' dir='ltr' id='par_1_24' title="bbox 1870 903 3442 976">
     <span class='ocr_line' id='line_1_24' title="bbox 1870 903 3442 976; baseline -0.006 -11"><span class='ocrx_word' id='word_1_168' title='bbox 1870 912 2083 967; x_wconf 83' lang='lat' dir='ltr'><strong>functus</strong></span> <span class='ocrx_word' id='word_1_169' title='bbox 2112 921 2195 966; x_wconf 91' lang='lat' dir='ltr'><strong>est</strong></span> <span class='ocrx_word' id='word_1_170' title='bbox 2225 911 2278 965; x_wconf 92' lang='lat' dir='ltr'><strong>in</strong></span> <span class='ocrx_word' id='word_1_171' title='bbox 2303 911 2529 965; x_wconf 90' lang='lat' dir='ltr'><strong>chorum</strong></span> <span class='ocrx_word' id='word_1_172' title='bbox 2560 907 2768 962; x_wconf 88' lang='lat' dir='ltr'><strong>ordinis</strong></span> <span class='ocrx_word' id='word_1_173' title='bbox 2789 906 2868 961; x_wconf 90' lang='lat' dir='ltr'><strong>sui</strong></span> <span class='ocrx_word' id='word_1_174' title='bbox 2898 906 3062 976; x_wconf 74' lang='lat'><strong>266</strong></span> <span class='ocrx_word' id='word_1_175' title='bbox 3092 903 3442 958; x_wconf 77' lang='lat' dir='ltr'><strong>introducere</strong></span> 
     </span>
    </p>
   </div>
   <div class='ocr_carea' id='block_1_25' title="bbox 1870 993 3444 1067">
    <p class='ocr_par' dir='ltr' id='par_1_25' title="bbox 1870 993 3444 1067">
     <span class='ocr_line' id='line_1_25' title="bbox 1870 993 3444 1067; baseline -0.006 -12"><span class='ocrx_word' id='word_1_176' title='bbox 1870 1018 1934 1056; x_wconf 89' lang='lat' dir='ltr'><strong>ac</strong></span> <span class='ocrx_word' id='word_1_177' title='bbox 1962 1002 2301 1067; x_wconf 86' lang='lat' dir='ltr'><strong>recondere;</strong></span> <span class='ocrx_word' id='word_1_178' title='bbox 2342 1015 2464 1053; x_wconf 87' lang='lat' dir='ltr'><strong>nam</strong></span> <span class='ocrx_word' id='word_1_179' title='bbox 2502 1008 2690 1053; x_wconf 84' lang='lat' dir='ltr'><strong>sancte</strong></span> <span class='ocrx_word' id='word_1_180' title='bbox 2740 995 2981 1051; x_wconf 90' lang='lat' dir='ltr'><strong>declarat</strong></span> <span class='ocrx_word' id='word_1_181' title='bbox 3035 1009 3225 1049; x_wconf 81' lang='lat' dir='ltr'><strong>omnes</strong></span> <span class='ocrx_word' id='word_1_182' title='bbox 3256 993 3309 1046; x_wconf 91' lang='lat' dir='ltr'><strong>in</strong></span> <span class='ocrx_word' id='word_1_183' title='bbox 3358 1007 3444 1046; x_wconf 88' lang='lat' dir='ltr'><strong>re-</strong></span> 
     </span>
    </p>
   </div>
   <div class='ocr_carea' id='block_1_26' title="bbox 1866 1084 3443 1165">
    <p class='ocr_par' dir='ltr' id='par_1_26' title="bbox 1866 1084 3443 1165">
     <span class='ocr_line' id='line_1_26' title="bbox 1866 1084 3443 1165; baseline -0.006 -17"><span class='ocrx_word' id='word_1_184' title='bbox 1866 1094 2220 1165; x_wconf 77' lang='lat' dir='ltr'><strong>generatione</strong></span> <span class='ocrx_word' id='word_1_185' title='bbox 2242 1103 2417 1147; x_wconf 82' lang='lat' dir='ltr'><strong>sortes</strong></span> <span class='ocrx_word' id='word_1_186' title='bbox 2442 1095 2573 1145; x_wconf 87' lang='lat' dir='ltr'><strong>istas</strong></span> <span class='ocrx_word' id='word_1_187' title='bbox 2602 1091 2947 1152; x_wconf 85' lang='lat' dir='ltr'><strong>obtentnros,</strong></span> <span class='ocrx_word' id='word_1_188' title='bbox 2976 1086 3043 1141; x_wconf 91' lang='lat' dir='ltr'><strong>ad</strong></span> <span class='ocrx_word' id='word_1_189' title='bbox 3073 1101 3212 1156; x_wconf 89' lang='lat' dir='ltr'><strong>quas</strong></span> <span class='ocrx_word' id='word_1_190' title='bbox 3241 1085 3329 1139; x_wconf 91' lang='lat' dir='ltr'><strong>hic</strong></span> <span class='ocrx_word' id='word_1_191' title='bbox 3359 1084 3443 1138; x_wconf 87' lang='lat' dir='ltr'><strong>vi-</strong></span> 
     </span>
    </p>
   </div>
   <div class='ocr_carea' id='block_1_27' title="bbox 1868 1177 3435 1254">
    <p class='ocr_par' dir='ltr' id='par_1_27' title="bbox 1868 1177 3435 1254">
     <span class='ocr_line' id='line_1_27' title="bbox 1868 1177 3435 1254; baseline -0.006 -14"><span class='ocrx_word' id='word_1_192' title='bbox 1868 1196 1979 1240; x_wconf 87' lang='lat' dir='ltr'><strong>tam</strong></span> <span class='ocrx_word' id='word_1_193' title='bbox 2006 1186 2276 1254; x_wconf 81' lang='lat' dir='ltr'><strong>propriam</strong></span> <span class='ocrx_word' id='word_1_194' title='bbox 2309 1184 2626 1239; x_wconf 82' lang='lat' dir='ltr'><strong>direxerint.</strong></span> <span class='ocrx_word' id='word_1_195' title='bbox 2660 1182 2727 1237; x_wconf 90' lang='lat' dir='ltr'><strong>Ut</strong></span> <span class='ocrx_word' id='word_1_196' title='bbox 2756 1189 2904 1250; x_wconf 89' lang='lat' dir='ltr'><strong>puta,</strong></span> <span class='ocrx_word' id='word_1_197' title='bbox 2935 1179 2979 1234; x_wconf 91' lang='lat' dir='ltr'><strong>si</strong></span> <span class='ocrx_word' id='word_1_198' title='bbox 3011 1178 3134 1248; x_wconf 89' lang='lat' dir='ltr'><strong>quis</strong></span> <span class='ocrx_word' id='word_1_199' title='bbox 3159 1177 3245 1232; x_wconf 85' lang='lat' dir='ltr'><strong>hic</strong></span> <span class='ocrx_word' id='word_1_200' title='bbox 3266 1178 3435 1231; x_wconf 86' lang='lat' dir='ltr'><strong>vitam</strong></span> 
     </span>
    </p>
   </div>
   <div class='ocr_carea' id='block_1_28' title="bbox 1867 1268 3435 1338">
    <p class='ocr_par' dir='ltr' id='par_1_28' title="bbox 1867 1268 3435 1338">
     <span class='ocr_line' id='line_1_28' title="bbox 1867 1268 3435 1338; baseline -0.006 -7"><span class='ocrx_word' id='word_1_201' title='bbox 1867 1276 2096 1331; x_wconf 86' lang='lat' dir='ltr'><strong>sortitus</strong></span> <span class='ocrx_word' id='word_1_202' title='bbox 2128 1275 2201 1330; x_wconf 87' lang='lat' dir='ltr'><strong>sit</strong></span> <span class='ocrx_word' id='word_1_203' title='bbox 2228 1275 2649 1336; x_wconf 87' lang='lat' dir='ltr'><strong>sanctissimam,</strong></span> <span class='ocrx_word' id='word_1_204' title='bbox 2692 1286 2918 1338; x_wconf 88' lang='lat' dir='ltr'><strong>eamque</strong></span> <span class='ocrx_word' id='word_1_205' title='bbox 2971 1271 3187 1323; x_wconf 83' lang='lat' dir='ltr'><strong>duxerit</strong></span> <span class='ocrx_word' id='word_1_206' title='bbox 3235 1268 3435 1322; x_wconf 80' lang='lat' dir='ltr'><strong>deiior-</strong></span> 
     </span>
    </p>
   </div>
   <div class='ocr_carea' id='block_1_29' title="bbox 1866 1360 3438 1434">
    <p class='ocr_par' dir='ltr' id='par_1_29' title="bbox 1866 1360 3438 1434">
     <span class='ocr_line' id='line_1_29' title="bbox 1866 1360 3438 1434; baseline -0.006 -12"><span class='ocrx_word' id='word_1_207' title='bbox 1866 1382 2033 1431; x_wconf 88' lang='lat' dir='ltr'><strong>mem,</strong></span> <span class='ocrx_word' id='word_1_208' title='bbox 2068 1366 2121 1419; x_wconf 91' lang='lat' dir='ltr'><strong>in</strong></span> <span class='ocrx_word' id='word_1_209' title='bbox 2155 1374 2417 1434; x_wconf 90' lang='lat' dir='ltr'><strong>quantum</strong></span> <span class='ocrx_word' id='word_1_210' title='bbox 2469 1378 2663 1432; x_wconf 87' lang='lat' dir='ltr'><strong>nempe</strong></span> <span class='ocrx_word' id='word_1_211' title='bbox 2711 1363 2876 1418; x_wconf 87' lang='lat' dir='ltr'><strong>Deum</strong></span> <span class='ocrx_word' id='word_1_212' title='bbox 2928 1361 3130 1415; x_wconf 87' lang='lat' dir='ltr'><strong>imitari</strong></span> <span class='ocrx_word' id='word_1_213' title='bbox 3185 1360 3307 1428; x_wconf 89' lang='lat' dir='ltr'><strong>quis</strong></span> <span class='ocrx_word' id='word_1_214' title='bbox 3343 1375 3438 1427; x_wconf 84' lang='lat' dir='ltr'><strong>po—</strong></span> 
     </span>
    </p>
   </div>
   <div class='ocr_carea' id='block_1_30' title="bbox 1867 1451 3441 1525">
    <p class='ocr_par' dir='ltr' id='par_1_30' title="bbox 1867 1451 3441 1525">
     <span class='ocr_line' id='line_1_30' title="bbox 1867 1451 3441 1525; baseline -0.005 -11"><span class='ocrx_word' id='word_1_215' title='bbox 1867 1468 2011 1525; x_wconf 88' lang='lat' dir='ltr'><strong>test;</strong></span> <span class='ocrx_word' id='word_1_216' title='bbox 2040 1459 2091 1515; x_wconf 90' lang='lat' dir='ltr'><strong>in</strong></span> <span class='ocrx_word' id='word_1_217' title='bbox 2122 1456 2305 1515; x_wconf 78' lang='lat' dir='ltr'><strong>futuro</strong></span> <span class='ocrx_word' id='word_1_218' title='bbox 2350 1458 2549 1513; x_wconf 72' lang='lat' dir='ltr'><strong>saeculo</strong></span> <span class='ocrx_word' id='word_1_219' title='bbox 2597 1455 2785 1512; x_wconf 86' lang='lat' dir='ltr'><strong>divino</strong></span> <span class='ocrx_word' id='word_1_220' title='bbox 2833 1457 3099 1523; x_wconf 87' lang='lat' dir='ltr'><strong>beatoque</strong></span> <span class='ocrx_word' id='word_1_221' title='bbox 3147 1454 3260 1507; x_wconf 90' lang='lat' dir='ltr'><strong>otio</strong></span> <span class='ocrx_word' id='word_1_222' title='bbox 3289 1451 3441 1506; x_wconf 79' lang='lat' dir='ltr'><strong>frue-</strong></span> 
     </span>
    </p>
   </div>
   <div class='ocr_carea' id='block_1_31' title="bbox 1868 1544 3438 1619">
    <p class='ocr_par' dir='ltr' id='par_1_31' title="bbox 1868 1544 3438 1619">
     <span class='ocr_line' id='line_1_31' title="bbox 1868 1544 3438 1619; baseline -0.007 -12"><span class='ocrx_word' id='word_1_223' title='bbox 1868 1563 1956 1607; x_wconf 89' lang='lat' dir='ltr'><strong>tur</strong></span> <span class='ocrx_word' id='word_1_224' title='bbox 1986 1568 2003 1619; x_wconf 89' lang='lat'><strong>;</strong></span> <span class='ocrx_word' id='word_1_225' title='bbox 2038 1553 2121 1608; x_wconf 90' lang='lat' dir='ltr'><strong>sin</strong></span> <span class='ocrx_word' id='word_1_226' title='bbox 2173 1551 2538 1607; x_wconf 87' lang='lat' dir='ltr'><strong>remissiorem</strong></span> <span class='ocrx_word' id='word_1_227' title='bbox 2570 1549 2787 1619; x_wconf 87' lang='lat' dir='ltr'><strong>quidem</strong></span> <span class='ocrx_word' id='word_1_228' title='bbox 2835 1546 2925 1600; x_wconf 88' lang='lat' dir='ltr'><strong>illa</strong></span> <span class='ocrx_word' id='word_1_229' title='bbox 2974 1544 3249 1608; x_wconf 89' lang='lat' dir='ltr'><strong>deil‘ormi,</strong></span> <span class='ocrx_word' id='word_1_230' title='bbox 3274 1544 3438 1599; x_wconf 80' lang='lat' dir='ltr'><strong>simul</strong></span> 
     </span>
    </p>
   </div>
   <div class='ocr_carea' id='block_1_32' title="bbox 1867 1638 3438 1712">
    <p class='ocr_par' dir='ltr' id='par_1_32' title="bbox 1867 1638 3438 1712">
     <span class='ocr_line' id='line_1_32' title="bbox 1867 1638 3438 1712; baseline -0.007 -12"><span class='ocrx_word' id='word_1_231' title='bbox 1867 1656 2048 1701; x_wconf 87' lang='lat' dir='ltr'><strong>tamen</strong></span> <span class='ocrx_word' id='word_1_232' title='bbox 2080 1655 2321 1700; x_wconf 85' lang='lat' dir='ltr'><strong>sanctam</strong></span> <span class='ocrx_word' id='word_1_233' title='bbox 2354 1643 2518 1697; x_wconf 87' lang='lat' dir='ltr'><strong>vitam</strong></span> <span class='ocrx_word' id='word_1_234' title='bbox 2547 1643 2667 1712; x_wconf 90' lang='lat' dir='ltr'><strong>quis</strong></span> <span class='ocrx_word' id='word_1_235' title='bbox 2695 1639 2889 1711; x_wconf 82' lang='lat' dir='ltr'><strong>egerit,</strong></span> <span class='ocrx_word' id='word_1_236' title='bbox 2927 1638 3077 1709; x_wconf 90' lang='lat' dir='ltr'><strong>paria</strong></span> <span class='ocrx_word' id='word_1_237' title='bbox 3103 1647 3158 1691; x_wconf 90' lang='lat' dir='ltr'><strong>et</strong></span> <span class='ocrx_word' id='word_1_238' title='bbox 3181 1638 3295 1704; x_wconf 89' lang='lat' dir='ltr'><strong>ipse</strong></span> <span class='ocrx_word' id='word_1_239' title='bbox 3321 1650 3438 1689; x_wconf 79' lang='lat' dir='ltr'><strong>tne-</strong></span> 
     </span>
    </p>
   </div>
   <div class='ocr_carea' id='block_1_33' title="bbox 1869 1727 3439 1803">
    <p class='ocr_par' dir='ltr' id='par_1_33' title="bbox 1869 1727 3439 1803">
     <span class='ocr_line' id='line_1_33' title="bbox 1869 1727 3439 1803; baseline -0.007 -12"><span class='ocrx_word' id='word_1_240' title='bbox 1869 1739 1991 1792; x_wconf 87' lang='lat' dir='ltr'><strong>ritis</strong></span> <span class='ocrx_word' id='word_1_241' title='bbox 2041 1737 2154 1791; x_wconf 91' lang='lat' dir='ltr'><strong>suis</strong></span> <span class='ocrx_word' id='word_1_242' title='bbox 2198 1736 2420 1803; x_wconf 64' lang='lat' dir='ltr'><strong>praemia</strong></span> <span class='ocrx_word' id='word_1_243' title='bbox 2473 1733 2696 1788; x_wconf 80' lang='lat' dir='ltr'><strong>referet.</strong></span> <span class='ocrx_word' id='word_1_244' title='bbox 2750 1730 2974 1786; x_wconf 85' lang='lat' dir='ltr'><strong>Divinus</strong></span> <span class='ocrx_word' id='word_1_245' title='bbox 2997 1730 3179 1799; x_wconf 88' lang='lat' dir='ltr'><strong>itaque</strong></span> <span class='ocrx_word' id='word_1_246' title='bbox 3206 1727 3439 1781; x_wconf 82' lang='lat' dir='ltr'><strong>antistes</strong></span> 
     </span>
    </p>
   </div>
   <div class='ocr_carea' id='block_1_34' title="bbox 171 1816 1757 1901">
    <p class='ocr_par' dir='ltr' id='par_1_34' title="bbox 171 1826 1757 1901">
     <span class='ocr_line' id='line_1_34' title="bbox 171 1826 1757 1901; baseline 0.001 -20"><span class='ocrx_word' id='word_1_247' title='bbox 171 1828 201 1881; x_wconf 91' lang='grc' dir='ltr'><strong>ὁ</strong></span> <span class='ocrx_word' id='word_1_248' title='bbox 231 1826 502 1899; x_wconf 84' lang='grc' dir='ltr'>ἱεράρχης</span> <span class='ocrx_word' id='word_1_249' title='bbox 534 1828 958 1900; x_wconf 80' lang='grc' dir='ltr'>εὐχαριστήσας,</span> <span class='ocrx_word' id='word_1_250' title='bbox 1002 1829 1168 1899; x_wconf 82' lang='grc' dir='ltr'>εὐχὴν</span> <span class='ocrx_word' id='word_1_251' title='bbox 1203 1828 1354 1901; x_wconf 82' lang='grc' dir='ltr'>ίεράν</span> <span class='ocrx_word' id='word_1_252' title='bbox 1388 1829 1641 1890; x_wconf 89' lang='grc' dir='ltr'>ποιεῖται,</span> <span class='ocrx_word' id='word_1_253' title='bbox 1674 1826 1757 1882; x_wconf 68' lang='grc' dir='ltr'>καῖ</span> 
     </span>
    </p>
   </div>
   <div class='ocr_carea' id='block_1_35' title="bbox 1862 1816 3433 1901">
    <p class='ocr_par' dir='ltr' id='par_1_35' title="bbox 1866 1819 3433 1896">
     <span class='ocr_line' id='line_1_35' title="bbox 1866 1819 3433 1896; baseline -0.01 -16"><span class='ocrx_word' id='word_1_254' title='bbox 1866 1842 1963 1896; x_wconf 92' lang='lat' dir='ltr'><strong>pro</strong></span> <span class='ocrx_word' id='word_1_255' title='bbox 1994 1825 2175 1880; x_wconf 87' lang='lat' dir='ltr'><strong>divina</strong></span> <span class='ocrx_word' id='word_1_256' title='bbox 2212 1831 2311 1878; x_wconf 87' lang='lat' dir='ltr'><strong>hac</strong></span> <span class='ocrx_word' id='word_1_257' title='bbox 2335 1820 2550 1890; x_wconf 81' lang='lat' dir='ltr'><strong>iustitia</strong></span> <span class='ocrx_word' id='word_1_258' title='bbox 2603 1819 2808 1887; x_wconf 82' lang='lat' dir='ltr'><strong>gratias</strong></span> <span class='ocrx_word' id='word_1_259' title='bbox 2842 1831 3010 1885; x_wconf 80' lang='lat' dir='ltr'><strong>agens</strong></span> <span class='ocrx_word' id='word_1_260' title='bbox 3057 1830 3174 1871; x_wconf 85' lang='lat' dir='ltr'><strong>rem</strong></span> <span class='ocrx_word' id='word_1_261' title='bbox 3217 1827 3433 1869; x_wconf 82' lang='lat' dir='ltr'><strong>sacram</strong></span> 
     </span>
    </p>
   </div>
   <div class='ocr_carea' id='block_1_36' title="bbox 171 1918 1768 1994">
    <p class='ocr_par' dir='ltr' id='par_1_36' title="bbox 171 1918 1768 1994">
     <span class='ocr_line' id='line_1_36' title="bbox 171 1918 1768 1994; baseline 0.001 -22"><span class='ocrx_word' id='word_1_262' title='bbox 171 1918 274 1990; x_wconf 79' lang='grc' dir='ltr'>τὴν</span> <span class='ocrx_word' id='word_1_263' title='bbox 303 1919 611 1991; x_wconf 76' lang='grc' dir='ltr'>σεϐασμίαν</span> <span class='ocrx_word' id='word_1_264' title='bbox 644 1920 805 1993; x_wconf 88' lang='grc' dir='ltr'>ὐμνεῖ</span> <span class='ocrx_word' id='word_1_265' title='bbox 832 1920 1111 1993; x_wconf 87' lang='grc' dir='ltr'>θεαρχίαν,</span> <span class='ocrx_word' id='word_1_266' title='bbox 1141 1918 1218 1984; x_wconf 82' lang='grc' dir='ltr'><strong>ὡς</strong></span> <span class='ocrx_word' id='word_1_267' title='bbox 1249 1921 1636 1994; x_wconf 82' lang='grc' dir='ltr'>καθαιρετικὴν</span> <span class='ocrx_word' id='word_1_268' title='bbox 1667 1922 1768 1993; x_wconf 83' lang='grc' dir='ltr'>μὲν</span> 
     </span>
    </p>
   </div>
   <div class='ocr_carea' id='block_1_37' title="bbox 170 2010 1765 2085">
    <p class='ocr_par' dir='ltr' id='par_1_37' title="bbox 170 2010 1765 2085">
     <span class='ocr_line' id='line_1_37' title="bbox 170 2010 1765 2085; baseline 0.002 -21"><span class='ocrx_word' id='word_1_269' title='bbox 170 2010 268 2064; x_wconf 77' lang='grc' dir='ltr'>τοῦ</span> <span class='ocrx_word' id='word_1_270' title='bbox 329 2013 477 2067; x_wconf 86' lang='grc' dir='ltr'><strong>κατά</strong></span> <span class='ocrx_word' id='word_1_271' title='bbox 523 2012 740 2067; x_wconf 81' lang='grc' dir='ltr'>πάντων</span> <span class='ocrx_word' id='word_1_272' title='bbox 786 2014 944 2085; x_wconf 88' lang='grc' dir='ltr'>ήμῶν</span> <span class='ocrx_word' id='word_1_273' title='bbox 988 2013 1174 2068; x_wconf 86' lang='grc' dir='ltr'>ἀδίκου</span> <span class='ocrx_word' id='word_1_274' title='bbox 1228 2013 1320 2067; x_wconf 77' lang='grc' dir='ltr'>καὶ</span> <span class='ocrx_word' id='word_1_275' title='bbox 1362 2013 1680 2085; x_wconf 84' lang='grc' dir='ltr'>τυραννικοῦ</span> <span class='ocrx_word' id='word_1_276' title='bbox 1720 2014 1765 2046; x_wconf 69' lang='grc'><strong>⁸⁸</strong></span> 
     </span>
    </p>
   </div>
   <div class='ocr_carea' id='block_1_38' title="bbox 173 2104 1766 2177">
    <p class='ocr_par' dir='ltr' id='par_1_38' title="bbox 173 2104 1766 2177">
     <span class='ocr_line' id='line_1_38' title="bbox 173 2104 1766 2177; baseline 0.001 -20"><span class='ocrx_word' id='word_1_277' title='bbox 173 2104 449 2177; x_wconf 82' lang='grc' dir='ltr'>κράτους,</span> <span class='ocrx_word' id='word_1_278' title='bbox 486 2106 800 2176; x_wconf 83' lang='grc' dir='ltr'>μεταγωγὸν</span> <span class='ocrx_word' id='word_1_279' title='bbox 831 2106 889 2159; x_wconf 81' lang='grc' dir='ltr'>δὲ</span> <span class='ocrx_word' id='word_1_280' title='bbox 926 2105 1082 2177; x_wconf 87' lang='grc' dir='ltr'>ήμῶν</span> <span class='ocrx_word' id='word_1_281' title='bbox 1120 2106 1215 2159; x_wconf 73' lang='grc' dir='ltr'>ἐπὶ</span> <span class='ocrx_word' id='word_1_282' title='bbox 1253 2104 1324 2158; x_wconf 84' lang='grc' dir='ltr'>τὰ</span> <span class='ocrx_word' id='word_1_283' title='bbox 1359 2107 1531 2159; x_wconf 81' lang='grc' dir='ltr'>οἰκεῖα</span> <span class='ocrx_word' id='word_1_284' title='bbox 1562 2106 1766 2161; x_wconf 86' lang='grc' dir='ltr'>δικαιό-</span> 
     </span>
    </p>
   </div>
   <div class='ocr_carea' id='block_1_39' title="bbox 171 2196 676 2266">
    <p class='ocr_par' dir='ltr' id='par_1_39' title="bbox 171 2196 676 2266">
     <span class='ocr_line' id='line_1_39' title="bbox 171 2196 676 2266; baseline 0.006 -18"><span class='ocrx_word' id='word_1_285' title='bbox 171 2212 313 2250; x_wconf 88' lang='grc' dir='ltr'>τατα</span> <span class='ocrx_word' id='word_1_286' title='bbox 342 2196 391 2228; x_wconf 72' lang='grc'><strong>³⁸</strong></span> <span class='ocrx_word' id='word_1_287' title='bbox 411 2198 676 2266; x_wconf 84' lang='grc' dir='ltr'>κρίματα.</span> 
     </span>
    </p>
   </div>
   <div class='ocr_carea' id='block_1_40' title="bbox 1866 1905 3435 1987">
    <p class='ocr_par' dir='ltr' id='par_1_40' title="bbox 1866 1905 3435 1987">
     <span class='ocr_line' id='line_1_40' title="bbox 1866 1905 3435 1987; baseline -0.008 -17"><span class='ocrx_word' id='word_1_288' title='bbox 1866 1917 2098 1987; x_wconf 79' lang='lat' dir='ltr'><strong>peragit,</strong></span> <span class='ocrx_word' id='word_1_289' title='bbox 2123 1923 2286 1984; x_wconf 90' lang='lat' dir='ltr'><strong>atque</strong></span> <span class='ocrx_word' id='word_1_290' title='bbox 2308 1912 2674 1967; x_wconf 90' lang='lat' dir='ltr'><strong>venerandum</strong></span> <span class='ocrx_word' id='word_1_291' title='bbox 2699 1909 2889 1962; x_wconf 88' lang='lat' dir='ltr'><strong>laudat</strong></span> <span class='ocrx_word' id='word_1_292' title='bbox 2913 1906 3002 1963; x_wconf 89' lang='lat' dir='ltr'><strong>Dei</strong></span> <span class='ocrx_word' id='word_1_293' title='bbox 3042 1905 3435 1975; x_wconf 71' lang='lat' dir='ltr'><strong>principatum,</strong></span> 
     </span>
    </p>
   </div>
   <div class='ocr_carea' id='block_1_41' title="bbox 1867 1994 3437 2075">
    <p class='ocr_par' dir='ltr' id='par_1_41' title="bbox 1867 1994 3437 2075">
     <span class='ocr_line' id='line_1_41' title="bbox 1867 1994 3437 2075; baseline -0.006 -16"><span class='ocrx_word' id='word_1_294' title='bbox 1867 2003 2009 2075; x_wconf 77' lang='lat' dir='ltr'><strong>quod</strong></span> <span class='ocrx_word' id='word_1_295' title='bbox 2058 2002 2304 2072; x_wconf 89' lang='lat' dir='ltr'><strong>iniquum</strong></span> <span class='ocrx_word' id='word_1_296' title='bbox 2360 1999 2814 2072; x_wconf 83' lang='lat' dir='ltr'><strong>tyrannicumqne</strong></span> <span class='ocrx_word' id='word_1_297' title='bbox 2845 1994 3149 2064; x_wconf 79' lang='lat' dir='ltr'><strong>imperium,</strong></span> <span class='ocrx_word' id='word_1_298' title='bbox 3180 2009 3291 2064; x_wconf 91' lang='lat' dir='ltr'><strong>quo</strong></span> <span class='ocrx_word' id='word_1_299' title='bbox 3313 2010 3437 2049; x_wconf 82' lang='lat' dir='ltr'><strong>om-</strong></span> 
     </span>
    </p>
   </div>
   <div class='ocr_carea' id='block_1_42' title="bbox 1868 2084 3429 2165">
    <p class='ocr_par' dir='ltr' id='par_1_42' title="bbox 1868 2084 3429 2165">
     <span class='ocr_line' id='line_1_42' title="bbox 1868 2084 3429 2165; baseline -0.008 -14"><span class='ocrx_word' id='word_1_300' title='bbox 1868 2109 1964 2151; x_wconf 89' lang='lat' dir='ltr'><strong>nes</strong></span> <span class='ocrx_word' id='word_1_301' title='bbox 1983 2095 2388 2165; x_wconf 85' lang='lat' dir='ltr'><strong>premebamur,</strong></span> <span class='ocrx_word' id='word_1_302' title='bbox 2411 2088 2789 2145; x_wconf 82' lang='lat' dir='ltr'><strong>exterminarit</strong></span> <span class='ocrx_word' id='word_1_303' title='bbox 2806 2129 2821 2153; x_wconf 87' lang='lat'><strong>,</strong></span> <span class='ocrx_word' id='word_1_304' title='bbox 2844 2097 2901 2143; x_wconf 92' lang='lat' dir='ltr'><strong>et</strong></span> <span class='ocrx_word' id='word_1_305' title='bbox 2921 2102 3021 2142; x_wconf 91' lang='lat' dir='ltr'><strong>nos</strong></span> <span class='ocrx_word' id='word_1_306' title='bbox 3047 2084 3429 2155; x_wconf 81' lang='lat' dir='ltr'><strong>adjuStissima</strong></span> 
     </span>
    </p>
   </div>
   <div class='ocr_carea' id='block_1_43' title="bbox 1864 2182 2582 2255">
    <p class='ocr_par' dir='ltr' id='par_1_43' title="bbox 1864 2182 2582 2255">
     <span class='ocr_line' id='line_1_43' title="bbox 1864 2182 2582 2255; baseline -0.006 -14"><span class='ocrx_word' id='word_1_307' title='bbox 1864 2201 1962 2242; x_wconf 87' lang='lat' dir='ltr'><strong>sua</strong></span> <span class='ocrx_word' id='word_1_308' title='bbox 1980 2186 2186 2255; x_wconf 74' lang='lat' dir='ltr'><strong>judicia</strong></span> <span class='ocrx_word' id='word_1_309' title='bbox 2219 2182 2582 2239; x_wconf 84' lang='lat' dir='ltr'><strong>transtulerit.</strong></span> 
     </span>
    </p>
   </div>
   <div class='ocr_carea' id='block_1_44' title="bbox 1722 2344 1861 2419">
    <p class='ocr_par' dir='ltr' id='par_1_44' title="bbox 1722 2344 1861 2419">
     <span class='ocr_line' id='line_1_44' title="bbox 1722 2344 1861 2419; baseline 0 -14"><span class='ocrx_word' id='word_1_310' title='bbox 1722 2344 1861 2419; x_wconf 71' lang='lat' dir='ltr'><strong>sl].</strong></span> 
     </span>
    </p>
   </div>
   <div class='ocr_carea' id='block_1_45' title="bbox 245 2504 1767 2578">
    <p class='ocr_par' dir='ltr' id='par_1_45' title="bbox 245 2504 1767 2578">
     <span class='ocr_line' id='line_1_45' title="bbox 245 2504 1767 2578; baseline 0.001 -19"><span class='ocrx_word' id='word_1_311' title='bbox 245 2509 314 2559; x_wconf 78' lang='lat' dir='ltr'><strong>Ai</strong></span> <span class='ocrx_word' id='word_1_312' title='bbox 342 2506 400 2559; x_wconf 79' lang='grc' dir='ltr'><strong>δὲ</strong></span> <span class='ocrx_word' id='word_1_313' title='bbox 424 2505 532 2559; x_wconf 91' lang='grc' dir='ltr'><strong>τῶν</strong></span> <span class='ocrx_word' id='word_1_314' title='bbox 565 2504 870 2578; x_wconf 88' lang='grc' dir='ltr'>θεαρχικῶν</span> <span class='ocrx_word' id='word_1_315' title='bbox 898 2506 940 2539; x_wconf 72' lang='grc'><strong>⁶¹</strong></span> <span class='ocrx_word' id='word_1_316' title='bbox 968 2505 1311 2575; x_wconf 74' lang='grc' dir='ltr'>ἐπαγγελιῶν</span> <span class='ocrx_word' id='word_1_317' title='bbox 1356 2505 1491 2577; x_wconf 82' lang='grc' dir='ltr'>ᾠδαὶ</span> <span class='ocrx_word' id='word_1_318' title='bbox 1516 2508 1611 2561; x_wconf 80' lang='grc' dir='ltr'><strong>καὶ</strong></span> <span class='ocrx_word' id='word_1_319' title='bbox 1637 2508 1767 2561; x_wconf 86' lang='grc' dir='ltr'>ἀνα-</span> 
     </span>
    </p>
   </div>
   <div class='ocr_carea' id='block_1_46' title="bbox 168 2599 1762 2672">
    <p class='ocr_par' dir='ltr' id='par_1_46' title="bbox 168 2599 1762 2672">
     <span class='ocr_line' id='line_1_46' title="bbox 168 2599 1762 2672; baseline 0 -19"><span class='ocrx_word' id='word_1_320' title='bbox 168 2599 406 2667; x_wconf 77' lang='grc' dir='ltr'>γνώσεις</span> <span class='ocrx_word' id='word_1_321' title='bbox 452 2600 842 2669; x_wconf 69' lang='grc' dir='ltr'>ὲκφαντορικαὶ</span> <span class='ocrx_word' id='word_1_322' title='bbox 870 2599 970 2671; x_wconf 88' lang='grc' dir='ltr'><strong>μέν</strong></span> <span class='ocrx_word' id='word_1_323' title='bbox 1022 2603 1130 2654; x_wconf 79' lang='grc' dir='ltr'>εἰσι</span> <span class='ocrx_word' id='word_1_324' title='bbox 1172 2600 1280 2655; x_wconf 87' lang='grc' dir='ltr'><strong>τῶν</strong></span> <span class='ocrx_word' id='word_1_325' title='bbox 1332 2601 1762 2672; x_wconf 85' lang='grc' dir='ltr'>μακαριωτάτων</span> 
     </span>
    </p>
   </div>
   <div class='ocr_carea' id='block_1_47' title="bbox 168 2691 1762 2764">
    <p class='ocr_par' dir='ltr' id='par_1_47' title="bbox 168 2691 1762 2764">
     <span class='ocr_line' id='line_1_47' title="bbox 168 2691 1762 2764; baseline 0.001 -20"><span class='ocrx_word' id='word_1_326' title='bbox 168 2692 404 2763; x_wconf 80' lang='grc' dir='ltr'>λήξεων,</span> <span class='ocrx_word' id='word_1_327' title='bbox 429 2693 509 2756; x_wconf 80' lang='grc' dir='ltr'><strong>εἰς</strong></span> <span class='ocrx_word' id='word_1_328' title='bbox 530 2691 598 2755; x_wconf 77' lang='grc' dir='ltr'>ἃς</span> <span class='ocrx_word' id='word_1_329' title='bbox 622 2693 672 2745; x_wconf 77' lang='grc' dir='ltr'><strong>οἱ</strong></span> <span class='ocrx_word' id='word_1_330' title='bbox 699 2691 849 2745; x_wconf 86' lang='grc' dir='ltr'>θείαν</span> <span class='ocrx_word' id='word_1_331' title='bbox 895 2692 1189 2764; x_wconf 77' lang='grc' dir='ltr'>ἐσχηκότες</span> <span class='ocrx_word' id='word_1_332' title='bbox 1229 2691 1508 2747; x_wconf 91' lang='grc' dir='ltr'>τελείωσιν</span> <span class='ocrx_word' id='word_1_333' title='bbox 1531 2693 1762 2758; x_wconf 82' lang='grc' dir='ltr'>αἰωνίως</span> 
     </span>
    </p>
   </div>
   <div class='ocr_carea' id='block_1_48' title="bbox 168 2782 1757 2855">
    <p class='ocr_par' dir='ltr' id='par_1_48' title="bbox 168 2782 1757 2855">
     <span class='ocr_line' id='line_1_48' title="bbox 168 2782 1757 2855; baseline -0.001 -16"><span class='ocrx_word' id='word_1_334' title='bbox 168 2784 676 2854; x_wconf 84' lang='grc' dir='ltr'>καταταχθήσονται</span> <span class='ocrx_word' id='word_1_335' title='bbox 704 2784 746 2816; x_wconf 64' lang='grc' dir='ltr'>δ’</span> <span class='ocrx_word' id='word_1_336' title='bbox 767 2801 779 2814; x_wconf 80' lang='grc'><em>’</em></span> <span class='ocrx_word' id='word_1_337' title='bbox 808 2782 901 2839; x_wconf 80' lang='grc' dir='ltr'>τοῦ</span> <span class='ocrx_word' id='word_1_338' title='bbox 926 2784 984 2837; x_wconf 86' lang='grc' dir='ltr'>δὲ</span> <span class='ocrx_word' id='word_1_339' title='bbox 1011 2782 1364 2855; x_wconf 84' lang='grc' dir='ltr'>κοιμηθέντος</span> <span class='ocrx_word' id='word_1_340' title='bbox 1412 2783 1577 2855; x_wconf 77' lang='grc' dir='ltr'>ἱερῶς</span> <span class='ocrx_word' id='word_1_341' title='bbox 1619 2784 1757 2838; x_wconf 82' lang='grc' dir='ltr'>ἀπο-</span> 
     </span>
    </p>
   </div>
   <div class='ocr_carea' id='block_1_49' title="bbox 165 2874 1756 2950">
    <p class='ocr_par' dir='ltr' id='par_1_49' title="bbox 165 2874 1756 2950">
     <span class='ocr_line' id='line_1_49' title="bbox 165 2874 1756 2950; baseline 0.001 -21"><span class='ocrx_word' id='word_1_342' title='bbox 165 2876 438 2939; x_wconf 74' lang='grc' dir='ltr'>δεκτικαὶ,</span> <span class='ocrx_word' id='word_1_343' title='bbox 464 2874 572 2929; x_wconf 85' lang='grc' dir='ltr'><strong>τῶν</strong></span> <span class='ocrx_word' id='word_1_344' title='bbox 594 2877 674 2930; x_wconf 71' lang='grc' dir='ltr'>ἔτι</span> <span class='ocrx_word' id='word_1_345' title='bbox 702 2876 760 2931; x_wconf 83' lang='grc' dir='ltr'>δὲ</span> <span class='ocrx_word' id='word_1_346' title='bbox 791 2875 1005 2940; x_wconf 77' lang='grc' dir='ltr'>ζώντων</span> <span class='ocrx_word' id='word_1_347' title='bbox 1051 2877 1446 2949; x_wconf 73' lang='grc' dir='ltr'>προτρεπτικαὶ</span> <span class='ocrx_word' id='word_1_348' title='bbox 1475 2876 1612 2949; x_wconf 77' lang='grc' dir='ltr'>πρὸς</span> <span class='ocrx_word' id='word_1_349' title='bbox 1653 2876 1756 2950; x_wconf 79' lang='grc' dir='ltr'>τὴν</span> 
     </span>
    </p>
   </div>
   <div class='ocr_carea' id='block_1_50' title="bbox 166 2968 689 3041">
    <p class='ocr_par' dir='ltr' id='par_1_50' title="bbox 166 2968 689 3041">
     <span class='ocr_line' id='line_1_50' title="bbox 166 2968 689 3041; baseline 0.002 -19"><span class='ocrx_word' id='word_1_350' title='bbox 166 2970 367 3041; x_wconf 81' lang='grc' dir='ltr'>ὁμοίαν</span> <span class='ocrx_word' id='word_1_351' title='bbox 390 2968 689 3023; x_wconf 81' lang='grc' dir='ltr'>τελείωσιν.</span> 
     </span>
    </p>
   </div>
   <div class='ocr_carea' id='block_1_51' title="bbox 1937 2500 3437 2574">
    <p class='ocr_par' dir='ltr' id='par_1_51' title="bbox 1937 2500 3437 2574">
     <span class='ocr_line' id='line_1_51' title="bbox 1937 2500 3437 2574; baseline -0.003 -13"><span class='ocrx_word' id='word_1_352' title='bbox 1937 2504 2161 2561; x_wconf 86' lang='lat' dir='ltr'><strong>Cantica</strong></span> <span class='ocrx_word' id='word_1_353' title='bbox 2212 2519 2378 2574; x_wconf 89' lang='lat' dir='ltr'><strong>porro</strong></span> <span class='ocrx_word' id='word_1_354' title='bbox 2430 2503 2741 2558; x_wconf 83' lang='lat' dir='ltr'><strong>divinarum</strong></span> <span class='ocrx_word' id='word_1_355' title='bbox 2806 2502 3233 2572; x_wconf 80' lang='lat' dir='ltr'><strong>promissionum</strong></span> <span class='ocrx_word' id='word_1_356' title='bbox 3267 2518 3330 2557; x_wconf 93' lang='lat' dir='ltr'><strong>ac</strong></span> <span class='ocrx_word' id='word_1_357' title='bbox 3358 2500 3437 2556; x_wconf 81' lang='lat' dir='ltr'><strong>ie-</strong></span> 
     </span>
    </p>
   </div>
   <div class='ocr_carea' id='block_1_52' title="bbox 1866 2591 3434 2666">
    <p class='ocr_par' dir='ltr' id='par_1_52' title="bbox 1866 2591 3434 2666">
     <span class='ocr_line' id='line_1_52' title="bbox 1866 2591 3434 2666; baseline -0.005 -12"><span class='ocrx_word' id='word_1_358' title='bbox 1866 2597 2076 2654; x_wconf 89' lang='lat' dir='ltr'><strong>ctiones</strong></span> <span class='ocrx_word' id='word_1_359' title='bbox 2114 2595 2390 2666; x_wconf 81' lang='lat' dir='ltr'><strong>explicant</strong></span> <span class='ocrx_word' id='word_1_360' title='bbox 2436 2595 2596 2650; x_wconf 90' lang='lat' dir='ltr'><strong>nobis</strong></span> <span class='ocrx_word' id='word_1_361' title='bbox 2620 2595 2781 2648; x_wconf 83' lang='lat' dir='ltr'><strong>sedes</strong></span> <span class='ocrx_word' id='word_1_362' title='bbox 2808 2591 2934 2647; x_wconf 88' lang='lat' dir='ltr'><strong>illas</strong></span> <span class='ocrx_word' id='word_1_363' title='bbox 2961 2592 3334 2657; x_wconf 87' lang='lat' dir='ltr'><strong>beatissimas,</strong></span> <span class='ocrx_word' id='word_1_364' title='bbox 3366 2593 3434 2647; x_wconf 88' lang='lat' dir='ltr'><strong>ad</strong></span> 
     </span>
    </p>
   </div>
   <div class='ocr_carea' id='block_1_53' title="bbox 1864 2684 3436 2760">
    <p class='ocr_par' dir='ltr' id='par_1_53' title="bbox 1864 2684 3436 2760">
     <span class='ocr_line' id='line_1_53' title="bbox 1864 2684 3436 2760; baseline -0.006 -15"><span class='ocrx_word' id='word_1_365' title='bbox 1864 2705 1999 2760; x_wconf 88' lang='lat' dir='ltr'><strong>quas</strong></span> <span class='ocrx_word' id='word_1_366' title='bbox 2027 2688 2087 2753; x_wconf 87' lang='lat' dir='ltr'><strong>ii,</strong></span> <span class='ocrx_word' id='word_1_367' title='bbox 2118 2688 2206 2757; x_wconf 87' lang='lat' dir='ltr'><strong>qui</strong></span> <span class='ocrx_word' id='word_1_368' title='bbox 2244 2687 2426 2743; x_wconf 88' lang='lat' dir='ltr'><strong>divina</strong></span> <span class='ocrx_word' id='word_1_369' title='bbox 2484 2684 2822 2756; x_wconf 80' lang='lat' dir='ltr'><strong>perfectione</strong></span> <span class='ocrx_word' id='word_1_370' title='bbox 2871 2684 3081 2752; x_wconf 68' lang='lat' dir='ltr'><strong>praediti</strong></span> <span class='ocrx_word' id='word_1_371' title='bbox 3111 2694 3242 2739; x_wconf 86' lang='lat' dir='ltr'><strong>sunt</strong></span> <span class='ocrx_word' id='word_1_372' title='bbox 3270 2725 3286 2749; x_wconf 91' lang='lat'><strong>,</strong></span> <span class='ocrx_word' id='word_1_373' title='bbox 3310 2700 3436 2755; x_wconf 54' lang='lat' dir='ltr'><strong>proa</strong></span> 
     </span>
    </p>
   </div>
   <div class='ocr_carea' id='block_1_54' title="bbox 1863 2778 3436 2855">
    <p class='ocr_par' dir='ltr' id='par_1_54' title="bbox 1863 2778 3436 2855">
     <span class='ocr_line' id='line_1_54' title="bbox 1863 2778 3436 2855; baseline -0.003 -17"><span class='ocrx_word' id='word_1_374' title='bbox 1863 2783 2224 2855; x_wconf 82' lang='lat' dir='ltr'><strong>movebuntur</strong></span> <span class='ocrx_word' id='word_1_375' title='bbox 2251 2798 2265 2847; x_wconf 93' lang='lat'>;</span> <span class='ocrx_word' id='word_1_376' title='bbox 2298 2790 2353 2836; x_wconf 91' lang='lat' dir='ltr'><strong>et</strong></span> <span class='ocrx_word' id='word_1_377' title='bbox 2382 2795 2504 2850; x_wconf 70' lang='lat' dir='ltr'><strong>quae</strong></span> <span class='ocrx_word' id='word_1_378' title='bbox 2554 2795 2703 2846; x_wconf 92' lang='lat' dir='ltr'><strong>eum,</strong></span> <span class='ocrx_word' id='word_1_379' title='bbox 2739 2779 2832 2848; x_wconf 90' lang='lat' dir='ltr'><strong>qui</strong></span> <span class='ocrx_word' id='word_1_380' title='bbox 2857 2787 3048 2833; x_wconf 89' lang='lat' dir='ltr'><strong>sancte</strong></span> <span class='ocrx_word' id='word_1_381' title='bbox 3072 2779 3185 2833; x_wconf 83' lang='lat' dir='ltr'><strong>vita</strong></span> <span class='ocrx_word' id='word_1_382' title='bbox 3216 2778 3436 2836; x_wconf 80' lang='lat' dir='ltr'><strong>functus</strong></span> 
     </span>
    </p>
   </div>
   <div class='ocr_carea' id='block_1_55' title="bbox 1859 2869 3432 2945">
    <p class='ocr_par' dir='ltr' id='par_1_55' title="bbox 1859 2869 3432 2945">
     <span class='ocr_line' id='line_1_55' title="bbox 1859 2869 3432 2945; baseline -0.003 -15"><span class='ocrx_word' id='word_1_383' title='bbox 1859 2884 1965 2942; x_wconf 89' lang='lat' dir='ltr'><strong>est,</strong></span> <span class='ocrx_word' id='word_1_384' title='bbox 1998 2874 2298 2945; x_wconf 80' lang='lat' dir='ltr'><strong>excipiunt,</strong></span> <span class='ocrx_word' id='word_1_385' title='bbox 2345 2873 2591 2928; x_wconf 80' lang='lat' dir='ltr'><strong>viventes</strong></span> <span class='ocrx_word' id='word_1_386' title='bbox 2632 2880 2813 2927; x_wconf 88' lang='lat' dir='ltr'><strong>autem</strong></span> <span class='ocrx_word' id='word_1_387' title='bbox 2862 2869 2929 2924; x_wconf 88' lang='lat' dir='ltr'><strong>ad</strong></span> <span class='ocrx_word' id='word_1_388' title='bbox 2957 2869 3191 2926; x_wconf 89' lang='lat' dir='ltr'><strong>similem</strong></span> <span class='ocrx_word' id='word_1_389' title='bbox 3213 2871 3339 2926; x_wconf 69' lang='lat' dir='ltr'><strong>vita:</strong></span> <span class='ocrx_word' id='word_1_390' title='bbox 3369 2872 3432 2925; x_wconf 84' lang='lat' dir='ltr'><strong>ii—</strong></span> 
     </span>
    </p>
   </div>
   <div class='ocr_carea' id='block_1_56' title="bbox 1863 2967 2385 3024">
    <p class='ocr_par' dir='ltr' id='par_1_56' title="bbox 1863 2967 2385 3024">
     <span class='ocr_line' id='line_1_56' title="bbox 1863 2967 2385 3024; baseline -0.004 -3"><span class='ocrx_word' id='word_1_391' title='bbox 1863 2982 1985 3024; x_wconf 87' lang='lat' dir='ltr'><strong>netu</strong></span> <span class='ocrx_word' id='word_1_392' title='bbox 2008 2967 2385 3023; x_wconf 83' lang='lat' dir='ltr'><strong>adhortantur.</strong></span> 
     </span>
    </p>
   </div>
   <div class='ocr_carea' id='block_1_57' title="bbox 1698 3122 1875 3199">
    <p class='ocr_par' dir='ltr' id='par_1_57' title="bbox 1698 3122 1875 3199">
     <span class='ocr_line' id='line_1_57' title="bbox 1698 3122 1875 3199; baseline 0.017 -16"><span class='ocrx_word' id='word_1_393' title='bbox 1698 3126 1727 3199; x_wconf 67' lang='grc' dir='ltr'><strong>ς</strong></span> <span class='ocrx_word' id='word_1_394' title='bbox 1764 3122 1875 3186; x_wconf 79' lang='lat' dir='ltr'><strong>lli.</strong></span> 
     </span>
    </p>
   </div>
   <div class='ocr_carea' id='block_1_58' title="bbox 236 3266 1757 3362">
    <p class='ocr_par' dir='ltr' id='par_1_58' title="bbox 236 3288 1754 3362">
     <span class='ocr_line' id='line_1_58' title="bbox 236 3288 1754 3362; baseline -0.001 -17"><span class='ocrx_word' id='word_1_395' title='bbox 236 3291 445 3345; x_wconf 82' lang='grc' dir='ltr'>Σκόπει</span> <span class='ocrx_word' id='word_1_396' title='bbox 465 3291 543 3355; x_wconf 79' lang='grc' dir='ltr'><strong>δὲ,</strong></span> <span class='ocrx_word' id='word_1_397' title='bbox 566 3290 649 3344; x_wconf 77' lang='grc' dir='ltr'><strong>ὅτι</strong></span> <span class='ocrx_word' id='word_1_398' title='bbox 672 3289 766 3345; x_wconf 82' lang='grc' dir='ltr'>νῦν</span> <span class='ocrx_word' id='word_1_399' title='bbox 786 3291 847 3345; x_wconf 77' lang='grc' dir='ltr'><strong>ού</strong></span> <span class='ocrx_word' id='word_1_400' title='bbox 873 3292 1043 3346; x_wconf 77' lang='grc' dir='ltr'>πᾶσαι</span> <span class='ocrx_word' id='word_1_401' title='bbox 1077 3290 1220 3346; x_wconf 88' lang='grc' dir='ltr'><strong>κατά</strong></span> <span class='ocrx_word' id='word_1_402' title='bbox 1240 3288 1302 3345; x_wconf 78' lang='grc' dir='ltr'>τὸ</span> <span class='ocrx_word' id='word_1_403' title='bbox 1326 3290 1552 3362; x_wconf 86' lang='grc' dir='ltr'>σύνηθες</span> <span class='ocrx_word' id='word_1_404' title='bbox 1572 3290 1628 3345; x_wconf 75' lang='grc' dir='ltr'>αι</span> <span class='ocrx_word' id='word_1_405' title='bbox 1653 3306 1754 3343; x_wconf 77' lang='grc' dir='ltr'>καν-</span> 
     </span>
    </p>
   </div>
   <div class='ocr_carea' id='block_1_59' title="bbox 1862 3266 3431 3362">
    <p class='ocr_par' dir='ltr' id='par_1_59' title="bbox 1925 3284 3431 3354">
     <span class='ocr_line' id='line_1_59' title="bbox 1925 3284 3431 3354; baseline -0.003 -11"><span class='ocrx_word' id='word_1_406' title='bbox 1925 3287 2191 3343; x_wconf 81' lang='lat' dir='ltr'><strong>Caeterum</strong></span> <span class='ocrx_word' id='word_1_407' title='bbox 2239 3286 2488 3350; x_wconf 84' lang='lat' dir='ltr'><strong>observa.</strong></span> <span class='ocrx_word' id='word_1_408' title='bbox 2541 3284 2815 3354; x_wconf 86' lang='lat' dir='ltr'><strong>quomodo</strong></span> <span class='ocrx_word' id='word_1_409' title='bbox 2862 3301 2969 3342; x_wconf 91' lang='lat' dir='ltr'><strong>non</strong></span> <span class='ocrx_word' id='word_1_410' title='bbox 3014 3298 3206 3340; x_wconf 84' lang='lat' dir='ltr'><strong>omnes</strong></span> <span class='ocrx_word' id='word_1_411' title='bbox 3225 3285 3318 3354; x_wconf 90' lang='lat' dir='ltr'><strong>qui</strong></span> <span class='ocrx_word' id='word_1_412' title='bbox 3341 3300 3431 3340; x_wconf 77' lang='lat' dir='ltr'><strong>ex-</strong></span> 
     </span>
    </p>
   </div>
   <div class='ocr_carea' id='block_1_60' title="bbox 167 3380 1758 3458">
    <p class='ocr_par' dir='ltr' id='par_1_60' title="bbox 167 3380 1758 3458">
     <span class='ocr_line' id='line_1_60' title="bbox 167 3380 1758 3458; baseline -0.003 -19"><span class='ocrx_word' id='word_1_413' title='bbox 167 3384 496 3458; x_wconf 83' lang='grc' dir='ltr'>θαιρόμεναι</span> <span class='ocrx_word' id='word_1_414' title='bbox 536 3384 719 3449; x_wconf 80' lang='grc' dir='ltr'>τάξεις</span> <span class='ocrx_word' id='word_1_415' title='bbox 763 3384 1107 3447; x_wconf 80' lang='grc' dir='ltr'>ἀπολύονται,</span> <span class='ocrx_word' id='word_1_416' title='bbox 1155 3384 1306 3454; x_wconf 90' lang='grc' dir='ltr'>μόνοι</span> <span class='ocrx_word' id='word_1_417' title='bbox 1340 3382 1399 3437; x_wconf 78' lang='grc' dir='ltr'>δὲ</span> <span class='ocrx_word' id='word_1_418' title='bbox 1440 3381 1550 3435; x_wconf 90' lang='grc' dir='ltr'><strong>τῶν</strong></span> <span class='ocrx_word' id='word_1_419' title='bbox 1594 3380 1758 3453; x_wconf 80' lang='grc' dir='ltr'>ἱερῶν</span> 
     </span>
    </p>
   </div>
   <div class='ocr_carea' id='block_1_61' title="bbox 166 3472 1757 3549">
    <p class='ocr_par' dir='ltr' id='par_1_61' title="bbox 166 3472 1757 3549">
     <span class='ocr_line' id='line_1_61' title="bbox 166 3472 1757 3549; baseline -0.002 -20"><span class='ocrx_word' id='word_1_420' title='bbox 166 3475 527 3530; x_wconf 67' lang='grc' dir='ltr'>ἐπιϐάλλονται</span> <span class='ocrx_word' id='word_1_421' title='bbox 568 3475 764 3549; x_wconf 86' lang='grc' dir='ltr'>χώρων</span> <span class='ocrx_word' id='word_1_422' title='bbox 784 3477 835 3529; x_wconf 78' lang='lat' dir='ltr'><strong>oi</strong></span> <span class='ocrx_word' id='word_1_423' title='bbox 858 3475 1277 3548; x_wconf 87' lang='grc' dir='ltr'>κατηχούμενοι,</span> <span class='ocrx_word' id='word_1_424' title='bbox 1324 3476 1419 3529; x_wconf 80' lang='grc' dir='ltr'>καὶ</span> <span class='ocrx_word' id='word_1_425' title='bbox 1460 3474 1571 3546; x_wconf 83' lang='grc' dir='ltr'>γὰρ</span> <span class='ocrx_word' id='word_1_426' title='bbox 1615 3472 1757 3542; x_wconf 77' lang='grc' dir='ltr'>αὔτη</span> 
     </span>
    </p>
   </div>
   <div class='ocr_carea' id='block_1_62' title="bbox 168 3561 1752 3638">
    <p class='ocr_par' dir='ltr' id='par_1_62' title="bbox 168 3561 1752 3638">
     <span class='ocr_line' id='line_1_62' title="bbox 168 3561 1752 3638; baseline -0.004 -18"><span class='ocrx_word' id='word_1_427' title='bbox 168 3566 274 3637; x_wconf 66' lang='grc' dir='ltr'>μὲν</span> <span class='ocrx_word' id='word_1_428' title='bbox 318 3563 568 3638; x_wconf 85' lang='grc' dir='ltr'>ἀμύητός</span> <span class='ocrx_word' id='word_1_429' title='bbox 612 3568 729 3619; x_wconf 70' lang='grc' dir='ltr'>ἑστι</span> <span class='ocrx_word' id='word_1_430' title='bbox 786 3564 1016 3619; x_wconf 85' lang='grc' dir='ltr'>καθόλου</span> <span class='ocrx_word' id='word_1_431' title='bbox 1062 3566 1243 3634; x_wconf 84' lang='grc' dir='ltr'>πάσης</span> <span class='ocrx_word' id='word_1_432' title='bbox 1302 3564 1454 3632; x_wconf 85' lang='grc' dir='ltr'>ἱερᾶς</span> <span class='ocrx_word' id='word_1_433' title='bbox 1496 3561 1752 3631; x_wconf 81' lang='grc' dir='ltr'>τελετῆς,</span> 
     </span>
    </p>
   </div>
   <div class='ocr_carea' id='block_1_63' title="bbox 165 3650 1753 3728">
    <p class='ocr_par' dir='ltr' id='par_1_63' title="bbox 165 3650 1753 3728">
     <span class='ocr_line' id='line_1_63' title="bbox 165 3650 1753 3728; baseline -0.005 -16"><span class='ocrx_word' id='word_1_434' title='bbox 165 3659 266 3712; x_wconf 76' lang='grc' dir='ltr'>καὶ</span> <span class='ocrx_word' id='word_1_435' title='bbox 323 3656 464 3727; x_wconf 78' lang='grc' dir='ltr'>πρὸς</span> <span class='ocrx_word' id='word_1_436' title='bbox 526 3657 711 3721; x_wconf 80' lang='grc' dir='ltr'>οὐδὲν,</span> <span class='ocrx_word' id='word_1_437' title='bbox 759 3657 821 3710; x_wconf 87' lang='grc' dir='ltr'><strong>οὐ</strong></span> <span class='ocrx_word' id='word_1_438' title='bbox 890 3656 1117 3728; x_wconf 85' lang='grc' dir='ltr'>μικρὸν,</span> <span class='ocrx_word' id='word_1_439' title='bbox 1170 3656 1231 3708; x_wconf 85' lang='grc' dir='ltr'>οὐ</span> <span class='ocrx_word' id='word_1_440' title='bbox 1302 3653 1445 3725; x_wconf 90' lang='grc' dir='ltr'>μέγα</span> <span class='ocrx_word' id='word_1_441' title='bbox 1507 3650 1617 3706; x_wconf 90' lang='grc' dir='ltr'><strong>τῶν</strong></span> <span class='ocrx_word' id='word_1_442' title='bbox 1676 3653 1753 3705; x_wconf 87' lang='grc' dir='ltr'><strong>ἱε-</strong></span> 
     </span>
    </p>
   </div>
   <div class='ocr_carea' id='block_1_64' title="bbox 168 3742 1755 3821">
    <p class='ocr_par' dir='ltr' id='par_1_64' title="bbox 168 3742 1755 3821">
     <span class='ocr_line' id='line_1_64' title="bbox 168 3742 1755 3821; baseline -0.004 -19"><span class='ocrx_word' id='word_1_443' title='bbox 168 3748 283 3821; x_wconf 88' lang='grc' dir='ltr'><strong>ρῶς</strong></span> <span class='ocrx_word' id='word_1_444' title='bbox 327 3748 668 3819; x_wconf 84' lang='grc' dir='ltr'>τελουμένων</span> <span class='ocrx_word' id='word_1_445' title='bbox 714 3746 1037 3802; x_wconf 72' lang='grc' dir='ltr'>ἐποπτεύειν</span> <span class='ocrx_word' id='word_1_446' title='bbox 1082 3747 1219 3817; x_wconf 75' lang='grc' dir='ltr'>αὐτῇ</span> <span class='ocrx_word' id='word_1_447' title='bbox 1266 3744 1503 3815; x_wconf 81' lang='grc' dir='ltr'>θεμιτὸν,</span> <span class='ocrx_word' id='word_1_448' title='bbox 1531 3743 1606 3807; x_wconf 86' lang='grc' dir='ltr'>ὡς</span> <span class='ocrx_word' id='word_1_449' title='bbox 1633 3742 1755 3796; x_wconf 80' lang='grc' dir='ltr'>οὐδὲ</span> 
     </span>
    </p>
   </div>
   <div class='ocr_carea' id='block_1_65' title="bbox 164 3832 1756 3910">
    <p class='ocr_par' dir='ltr' id='par_1_65' title="bbox 164 3832 1756 3910">
     <span class='ocr_line' id='line_1_65' title="bbox 164 3832 1756 3910; baseline -0.006 -18"><span class='ocrx_word' id='word_1_450' title='bbox 164 3840 268 3910; x_wconf 84' lang='grc' dir='ltr'>τῆς</span> <span class='ocrx_word' id='word_1_451' title='bbox 288 3836 403 3891; x_wconf 86' lang='grc' dir='ltr'><strong>τῶν</strong></span> <span class='ocrx_word' id='word_1_452' title='bbox 427 3837 592 3908; x_wconf 78' lang='grc' dir='ltr'>ἱερῶν</span> <span class='ocrx_word' id='word_1_453' title='bbox 638 3837 867 3908; x_wconf 84' lang='grc' dir='ltr'>ὀπτικῆς</span> <span class='ocrx_word' id='word_1_454' title='bbox 907 3836 1189 3907; x_wconf 84' lang='grc' dir='ltr'>δυνάμεως</span> <span class='ocrx_word' id='word_1_455' title='bbox 1215 3834 1637 3907; x_wconf 69' lang='grc' dir='ltr'>μετασχούσῃδδ,</span> <span class='ocrx_word' id='word_1_456' title='bbox 1666 3832 1756 3888; x_wconf 79' lang='grc' dir='ltr'>διὰ</span> 
     </span>
    </p>
   </div>
   <div class='ocr_carea' id='block_1_66' title="bbox 162 3926 1753 4003">
    <p class='ocr_par' dir='ltr' id='par_1_66' title="bbox 162 3926 1753 4003">
     <span class='ocr_line' id='line_1_66' title="bbox 162 3926 1753 4003; baseline -0.002 -20"><span class='ocrx_word' id='word_1_457' title='bbox 162 3932 268 4003; x_wconf 78' lang='grc' dir='ltr'>τῆς</span> <span class='ocrx_word' id='word_1_458' title='bbox 312 3928 628 4002; x_wconf 81' lang='grc' dir='ltr'>ἀρχιφὼτου</span> <span class='ocrx_word' id='word_1_459' title='bbox 655 3930 751 3983; x_wconf 79' lang='grc' dir='ltr'><strong>καὶ</strong></span> <span class='ocrx_word' id='word_1_460' title='bbox 792 3928 1143 3999; x_wconf 83' lang='grc' dir='ltr'>φωτοδότιδος</span> <span class='ocrx_word' id='word_1_461' title='bbox 1186 3927 1548 3997; x_wconf 87' lang='grc' dir='ltr'>θεογενεσίας.</span> <span class='ocrx_word' id='word_1_462' title='bbox 1593 3928 1659 3980; x_wconf 77' lang='lat' dir='ltr'><strong>Ai</strong></span> <span class='ocrx_word' id='word_1_463' title='bbox 1695 3926 1753 3980; x_wconf 86' lang='grc' dir='ltr'>δὲ</span> 
     </span>
    </p>
   </div>
   <div class='ocr_carea' id='block_1_67' title="bbox 161 4016 1749 4091">
    <p class='ocr_par' dir='ltr' id='par_1_67' title="bbox 161 4016 1749 4091">
     <span class='ocr_line' id='line_1_67' title="bbox 161 4016 1749 4091; baseline -0.003 -16"><span class='ocrx_word' id='word_1_464' title='bbox 161 4021 355 4075; x_wconf 75' lang='grc' dir='ltr'>λοιπαὶ</span> <span class='ocrx_word' id='word_1_465' title='bbox 378 4020 487 4074; x_wconf 87' lang='grc' dir='ltr'><strong>τῶν</strong></span> <span class='ocrx_word' id='word_1_466' title='bbox 510 4018 923 4091; x_wconf 83' lang='grc' dir='ltr'>καθαιρομένων</span> <span class='ocrx_word' id='word_1_467' title='bbox 946 4019 1128 4086; x_wconf 80' lang='grc' dir='ltr'>τάξεις</span> <span class='ocrx_word' id='word_1_468' title='bbox 1150 4020 1207 4072; x_wconf 82' lang='grc' dir='ltr'>ὲν</span> <span class='ocrx_word' id='word_1_469' title='bbox 1233 4020 1428 4091; x_wconf 84' lang='grc' dir='ltr'>μυήσει</span> <span class='ocrx_word' id='word_1_470' title='bbox 1453 4017 1500 4049; x_wconf 67' lang='grc'>⁸⁵</span> <span class='ocrx_word' id='word_1_471' title='bbox 1528 4018 1624 4089; x_wconf 86' lang='grc' dir='ltr'><strong>μὲν</strong></span> <span class='ocrx_word' id='word_1_472' title='bbox 1650 4016 1749 4089; x_wconf 80' lang='grc' dir='ltr'><strong>ήδη</strong></span> 
     </span>
    </p>
   </div>
   <div class='ocr_carea' id='block_1_68' title="bbox 162 4106 1753 4184">
    <p class='ocr_par' dir='ltr' id='par_1_68' title="bbox 162 4106 1753 4184">
     <span class='ocr_line' id='line_1_68' title="bbox 162 4106 1753 4184; baseline -0.003 -18"><span class='ocrx_word' id='word_1_473' title='bbox 162 4113 459 4183; x_wconf 86' lang='grc' dir='ltr'>γεγόνασιν</span> <span class='ocrx_word' id='word_1_474' title='bbox 506 4112 657 4184; x_wconf 78' lang='grc' dir='ltr'>ἱερᾶς</span> <span class='ocrx_word' id='word_1_475' title='bbox 701 4111 1083 4184; x_wconf 87' lang='grc' dir='ltr'>παραδόσεως·</span> <span class='ocrx_word' id='word_1_476' title='bbox 1135 4110 1376 4181; x_wconf 84' lang='grc' dir='ltr'>ἀνοήτως</span> <span class='ocrx_word' id='word_1_477' title='bbox 1399 4107 1456 4162; x_wconf 84' lang='grc' dir='ltr'><strong>δὲ</strong></span> <span class='ocrx_word' id='word_1_478' title='bbox 1502 4109 1636 4181; x_wconf 87' lang='grc' dir='ltr'>πρὸς</span> <span class='ocrx_word' id='word_1_479' title='bbox 1682 4106 1753 4161; x_wconf 84' lang='grc' dir='ltr'>τὰ</span> 
     </span>
    </p>
   </div>
   <div class='ocr_carea' id='block_1_69' title="bbox 160 4200 1750 4276">
    <p class='ocr_par' dir='ltr' id='par_1_69' title="bbox 160 4200 1750 4276">
     <span class='ocr_line' id='line_1_69' title="bbox 160 4200 1750 4276; baseline -0.001 -19"><span class='ocrx_word' id='word_1_480' title='bbox 160 4205 342 4276; x_wconf 84' lang='grc' dir='ltr'>χείρω</span> <span class='ocrx_word' id='word_1_481' title='bbox 386 4202 907 4275; x_wconf 83' lang='grc' dir='ltr'>παλινδρομήσασαι,</span> <span class='ocrx_word' id='word_1_482' title='bbox 953 4203 1071 4256; x_wconf 87' lang='grc' dir='ltr'>δέον</span> <span class='ocrx_word' id='word_1_483' title='bbox 1114 4203 1210 4256; x_wconf 75' lang='grc' dir='ltr'>ἐπὶ</span> <span class='ocrx_word' id='word_1_484' title='bbox 1252 4200 1322 4255; x_wconf 83' lang='grc' dir='ltr'>τὰ</span> <span class='ocrx_word' id='word_1_485' title='bbox 1342 4201 1529 4272; x_wconf 88' lang='grc' dir='ltr'>πρόσω</span> <span class='ocrx_word' id='word_1_486' title='bbox 1552 4201 1649 4272; x_wconf 83' lang='grc' dir='ltr'>τὴν</span> <span class='ocrx_word' id='word_1_487' title='bbox 1672 4204 1750 4256; x_wconf 82' lang='lat' dir='ltr'><strong>oi—</strong></span> 
     </span>
    </p>
   </div>
   <div class='ocr_carea' id='block_1_70' title="bbox 156 4291 1750 4366">
    <p class='ocr_par' dir='ltr' id='par_1_70' title="bbox 156 4291 1750 4366">
     <span class='ocr_line' id='line_1_70' title="bbox 156 4291 1750 4366; baseline -0.004 -15"><span class='ocrx_word' id='word_1_488' title='bbox 156 4297 325 4351; x_wconf 80' lang='grc' dir='ltr'>κείαν</span> <span class='ocrx_word' id='word_1_489' title='bbox 370 4295 660 4366; x_wconf 79' lang='grc' dir='ltr'>ἀναγωγὴν</span> <span class='ocrx_word' id='word_1_490' title='bbox 703 4293 1117 4357; x_wconf 86' lang='grc' dir='ltr'>ἀποτελειῶσαι,</span> <span class='ocrx_word' id='word_1_491' title='bbox 1145 4296 1253 4347; x_wconf 91' lang='grc' dir='ltr'><strong>τῶν</strong></span> <span class='ocrx_word' id='word_1_492' title='bbox 1278 4291 1583 4364; x_wconf 87' lang='grc' dir='ltr'>θεαρχικῶν</span> <span class='ocrx_word' id='word_1_493' title='bbox 1630 4294 1750 4363; x_wconf 82' lang='grc' dir='ltr'>μὲν,</span> 
     </span>
    </p>
   </div>
   <div class='ocr_carea' id='block_1_71' title="bbox 156 4383 1753 4457">
    <p class='ocr_par' dir='ltr' id='par_1_71' title="bbox 156 4383 1753 4457">
     <span class='ocr_line' id='line_1_71' title="bbox 156 4383 1753 4457; baseline -0.004 -15"><span class='ocrx_word' id='word_1_494' title='bbox 156 4388 241 4452; x_wconf 85' lang='grc' dir='ltr'>ὼς</span> <span class='ocrx_word' id='word_1_495' title='bbox 266 4387 325 4441; x_wconf 78' lang='grc' dir='ltr'><strong>έν</strong></span> <span class='ocrx_word' id='word_1_496' title='bbox 351 4386 641 4457; x_wconf 80' lang='grc' dir='ltr'>συμϐόλοις</span> <span class='ocrx_word' id='word_1_497' title='bbox 671 4388 856 4457; x_wconf 82' lang='grc' dir='ltr'>ἱεροῖς,</span> <span class='ocrx_word' id='word_1_498' title='bbox 880 4384 1121 4455; x_wconf 74' lang='grc' dir='ltr'>ἐποψιῶν</span> <span class='ocrx_word' id='word_1_499' title='bbox 1148 4386 1243 4439; x_wconf 73' lang='grc' dir='ltr'><strong>καὶ</strong></span> <span class='ocrx_word' id='word_1_500' title='bbox 1284 4383 1579 4439; x_wconf 85' lang='grc' dir='ltr'>κοινωνιῶν</span> <span class='ocrx_word' id='word_1_501' title='bbox 1602 4384 1753 4437; x_wconf 81' lang='grc' dir='ltr'>εὐλό-</span> 
     </span>
    </p>
   </div>
   <div class='ocr_carea' id='block_1_72' title="bbox 157 4477 1751 4550">
    <p class='ocr_par' dir='ltr' id='par_1_72' title="bbox 157 4477 1751 4550">
     <span class='ocr_line' id='line_1_72' title="bbox 157 4477 1751 4550; baseline -0.001 -17"><span class='ocrx_word' id='word_1_502' title='bbox 157 4497 279 4548; x_wconf 86' lang='grc' dir='ltr'><strong>γως</strong></span> <span class='ocrx_word' id='word_1_503' title='bbox 326 4478 838 4533; x_wconf 85' lang='grc' dir='ltr'>ἀποδιαστέλλονται</span> <span class='ocrx_word' id='word_1_504' title='bbox 875 4496 890 4508; x_wconf 90' lang='grc'><strong>·</strong></span> <span class='ocrx_word' id='word_1_505' title='bbox 943 4477 1299 4550; x_wconf 84' lang='grc' dir='ltr'>βλαϐήσονται</span> <span class='ocrx_word' id='word_1_506' title='bbox 1345 4478 1474 4550; x_wconf 86' lang='grc' dir='ltr'>γὰρ,</span> <span class='ocrx_word' id='word_1_507' title='bbox 1520 4478 1751 4549; x_wconf 87' lang='grc' dir='ltr'>ἀνιέρως</span> 
     </span>
    </p>
   </div>
   <div class='ocr_carea' id='block_1_73' title="bbox 157 4570 1752 4643">
    <p class='ocr_par' dir='ltr' id='par_1_73' title="bbox 157 4570 1752 4643">
     <span class='ocr_line' id='line_1_73' title="bbox 157 4570 1752 4643; baseline -0.003 -16"><span class='ocrx_word' id='word_1_508' title='bbox 157 4573 346 4627; x_wconf 77' lang='grc' dir='ltr'>αὐτῶν</span> <span class='ocrx_word' id='word_1_509' title='bbox 394 4573 738 4643; x_wconf 85' lang='grc' dir='ltr'>μετέχουσαι,</span> <span class='ocrx_word' id='word_1_510' title='bbox 787 4571 883 4625; x_wconf 78' lang='grc' dir='ltr'>καὶ</span> <span class='ocrx_word' id='word_1_511' title='bbox 932 4572 1066 4643; x_wconf 86' lang='grc' dir='ltr'>πρὸς</span> <span class='ocrx_word' id='word_1_512' title='bbox 1104 4571 1321 4625; x_wconf 83' lang='grc' dir='ltr'>πλείονα</span> <span class='ocrx_word' id='word_1_513' title='bbox 1345 4572 1452 4624; x_wconf 89' lang='grc' dir='ltr'><strong>τῶν</strong></span> <span class='ocrx_word' id='word_1_514' title='bbox 1478 4570 1635 4623; x_wconf 87' lang='grc' dir='ltr'>θείων</span> <span class='ocrx_word' id='word_1_515' title='bbox 1660 4571 1752 4623; x_wconf 78' lang='grc' dir='ltr'>καὶ</span> 
     </span>
    </p>
   </div>
   <div class='ocr_carea' id='block_1_74' title="bbox 1856 3377 3431 3451">
    <p class='ocr_par' dir='ltr' id='par_1_74' title="bbox 1856 3377 3431 3451">
     <span class='ocr_line' id='line_1_74' title="bbox 1856 3377 3431 3451; baseline -0.002 -15"><span class='ocrx_word' id='word_1_516' title='bbox 1856 3380 2084 3451; x_wconf 86' lang='lat' dir='ltr'><strong>piationi</strong></span> <span class='ocrx_word' id='word_1_517' title='bbox 2115 3389 2312 3435; x_wconf 85' lang='lat' dir='ltr'><strong>vacant</strong></span> <span class='ocrx_word' id='word_1_518' title='bbox 2358 3378 2579 3434; x_wconf 85' lang='lat' dir='ltr'><strong>ordines</strong></span> <span class='ocrx_word' id='word_1_519' title='bbox 2619 3393 2718 3448; x_wconf 90' lang='lat' dir='ltr'><strong>pro</strong></span> <span class='ocrx_word' id='word_1_520' title='bbox 2748 3393 2899 3433; x_wconf 90' lang='lat' dir='ltr'><strong>more</strong></span> <span class='ocrx_word' id='word_1_521' title='bbox 2922 3377 3034 3446; x_wconf 82' lang='lat' dir='ltr'><strong>jam</strong></span> <span class='ocrx_word' id='word_1_522' title='bbox 3062 3378 3431 3442; x_wconf 87' lang='lat' dir='ltr'><strong>dimittantur,</strong></span> 
     </span>
    </p>
   </div>
   <div class='ocr_carea' id='block_1_75' title="bbox 1856 3471 3432 3534">
    <p class='ocr_par' dir='ltr' id='par_1_75' title="bbox 1856 3471 3432 3534">
     <span class='ocr_line' id='line_1_75' title="bbox 1856 3471 3432 3534; baseline -0.004 -4"><span class='ocrx_word' id='word_1_523' title='bbox 1856 3475 1952 3530; x_wconf 88' lang='lat' dir='ltr'><strong>sed</strong></span> <span class='ocrx_word' id='word_1_524' title='bbox 2001 3474 2101 3529; x_wconf 90' lang='lat' dir='ltr'><strong>soli</strong></span> <span class='ocrx_word' id='word_1_525' title='bbox 2144 3472 2524 3528; x_wconf 83' lang='lat' dir='ltr'><strong>catechumeni</strong></span> <span class='ocrx_word' id='word_1_526' title='bbox 2573 3484 2606 3525; x_wconf 88' lang='lat' dir='ltr'><strong>a</strong></span> <span class='ocrx_word' id='word_1_527' title='bbox 2644 3484 2803 3527; x_wconf 86' lang='lat' dir='ltr'><strong>sacro</strong></span> <span class='ocrx_word' id='word_1_528' title='bbox 2872 3471 3046 3526; x_wconf 85' lang='lat' dir='ltr'><strong>choro</strong></span> <span class='ocrx_word' id='word_1_529' title='bbox 3110 3480 3432 3534; x_wconf 87' lang='lat' dir='ltr'><strong>arceantur,</strong></span> 
     </span>
    </p>
   </div>
   <div class='ocr_carea' id='block_1_76' title="bbox 1859 3562 3435 3635">
    <p class='ocr_par' dir='ltr' id='par_1_76' title="bbox 1859 3562 3435 3635">
     <span class='ocr_line' id='line_1_76' title="bbox 1859 3562 3435 3635; baseline 0 -17"><span class='ocrx_word' id='word_1_530' title='bbox 1859 3565 2005 3635; x_wconf 91' lang='lat' dir='ltr'><strong>quod</strong></span> <span class='ocrx_word' id='word_1_531' title='bbox 2043 3565 2305 3619; x_wconf 89' lang='lat' dir='ltr'><strong>nimirum</strong></span> <span class='ocrx_word' id='word_1_532' title='bbox 2358 3564 2448 3620; x_wconf 89' lang='lat' dir='ltr'><strong>hic</strong></span> <span class='ocrx_word' id='word_1_533' title='bbox 2498 3562 2635 3619; x_wconf 91' lang='lat' dir='ltr'><strong>ordo</strong></span> <span class='ocrx_word' id='word_1_534' title='bbox 2684 3562 2828 3617; x_wconf 85' lang='lat' dir='ltr'><strong>sacri</strong></span> <span class='ocrx_word' id='word_1_535' title='bbox 2859 3562 3037 3616; x_wconf 86' lang='lat' dir='ltr'><strong>omnis</strong></span> <span class='ocrx_word' id='word_1_536' title='bbox 3076 3562 3317 3633; x_wconf 88' lang='lat' dir='ltr'><strong>mysterii</strong></span> <span class='ocrx_word' id='word_1_537' title='bbox 3358 3564 3435 3618; x_wconf 84' lang='lat' dir='ltr'><strong>sit</strong></span> 
     </span>
    </p>
   </div>
   <div class='ocr_carea' id='block_1_77' title="bbox 1854 3652 3430 3725">
    <p class='ocr_par' dir='ltr' id='par_1_77' title="bbox 1854 3652 3430 3725">
     <span class='ocr_line' id='line_1_77' title="bbox 1854 3652 3430 3725; baseline 0 -16"><span class='ocrx_word' id='word_1_538' title='bbox 1854 3669 2071 3724; x_wconf 78' lang='lat' dir='ltr'><strong>expers,</strong></span> <span class='ocrx_word' id='word_1_539' title='bbox 2122 3669 2298 3725; x_wconf 85' lang='lat' dir='ltr'><strong>neque</strong></span> <span class='ocrx_word' id='word_1_540' title='bbox 2337 3653 2424 3711; x_wconf 81' lang='lat' dir='ltr'><strong>fas</strong></span> <span class='ocrx_word' id='word_1_541' title='bbox 2469 3654 2543 3710; x_wconf 86' lang='lat' dir='ltr'><strong>sit</strong></span> <span class='ocrx_word' id='word_1_542' title='bbox 2588 3652 2669 3707; x_wconf 86' lang='lat' dir='ltr'><strong>illi</strong></span> <span class='ocrx_word' id='word_1_543' title='bbox 2695 3652 2993 3722; x_wconf 88' lang='lat' dir='ltr'><strong>quidquam</strong></span> <span class='ocrx_word' id='word_1_544' title='bbox 3025 3652 3144 3710; x_wconf 85' lang='lat' dir='ltr'><strong>sive</strong></span> <span class='ocrx_word' id='word_1_545' title='bbox 3174 3669 3430 3723; x_wconf 82' lang='lat' dir='ltr'><strong>Parvum,</strong></span> 
     </span>
    </p>
   </div>
   <div class='ocr_carea' id='block_1_78' title="bbox 1854 3746 3434 3817">
    <p class='ocr_par' dir='ltr' id='par_1_78' title="bbox 1854 3746 3434 3817">
     <span class='ocr_line' id='line_1_78' title="bbox 1854 3746 3434 3817; baseline -0.001 -16"><span class='ocrx_word' id='word_1_546' title='bbox 1854 3746 1969 3802; x_wconf 89' lang='lat' dir='ltr'><strong>sive</strong></span> <span class='ocrx_word' id='word_1_547' title='bbox 2008 3762 2283 3816; x_wconf 76' lang='lat' dir='ltr'><strong>magnum,</strong></span> <span class='ocrx_word' id='word_1_548' title='bbox 2310 3760 2501 3800; x_wconf 89' lang='lat' dir='ltr'><strong>eorum</strong></span> <span class='ocrx_word' id='word_1_549' title='bbox 2550 3759 2675 3814; x_wconf 70' lang='lat' dir='ltr'><strong>quae</strong></span> <span class='ocrx_word' id='word_1_550' title='bbox 2703 3755 2892 3802; x_wconf 87' lang='lat' dir='ltr'><strong>sancte</strong></span> <span class='ocrx_word' id='word_1_551' title='bbox 2925 3758 3263 3817; x_wconf 76' lang='lat' dir='ltr'><strong>peraguntur</strong></span> <span class='ocrx_word' id='word_1_552' title='bbox 3286 3749 3434 3817; x_wconf 80' lang='lat' dir='ltr'><strong>aspi-</strong></span> 
     </span>
    </p>
   </div>
   <div class='ocr_carea' id='block_1_79' title="bbox 1854 3839 3431 3911">
    <p class='ocr_par' dir='ltr' id='par_1_79' title="bbox 1854 3839 3431 3911">
     <span class='ocr_line' id='line_1_79' title="bbox 1854 3839 3431 3911; baseline 0 -14"><span class='ocrx_word' id='word_1_553' title='bbox 1854 3854 2000 3906; x_wconf 84' lang='lat' dir='ltr'><strong>cere,</strong></span> <span class='ocrx_word' id='word_1_554' title='bbox 2037 3839 2235 3909; x_wconf 87' lang='lat' dir='ltr'><strong>quippe</strong></span> <span class='ocrx_word' id='word_1_555' title='bbox 2292 3839 2383 3908; x_wconf 91' lang='lat' dir='ltr'><strong>qui</strong></span> <span class='ocrx_word' id='word_1_556' title='bbox 2436 3840 2666 3895; x_wconf 89' lang='lat' dir='ltr'><strong>necdum</strong></span> <span class='ocrx_word' id='word_1_557' title='bbox 2722 3840 2841 3911; x_wconf 83' lang='lat' dir='ltr'><strong>ejus</strong></span> <span class='ocrx_word' id='word_1_558' title='bbox 2888 3840 3110 3895; x_wconf 85' lang='lat' dir='ltr'><strong>virtutis</strong></span> <span class='ocrx_word' id='word_1_559' title='bbox 3157 3844 3431 3911; x_wconf 78' lang='lat' dir='ltr'><strong>particeps</strong></span> 
     </span>
    </p>
   </div>
   <div class='ocr_carea' id='block_1_80' title="bbox 1862 3930 3421 4004">
    <p class='ocr_par' dir='ltr' id='par_1_80' title="bbox 1862 3930 3421 4004">
     <span class='ocr_line' id='line_1_80' title="bbox 1862 3930 3421 4004; baseline 0 -18"><span class='ocrx_word' id='word_1_560' title='bbox 1862 3932 2116 3994; x_wconf 78' lang='lat' dir='ltr'><strong>exsistat,</strong></span> <span class='ocrx_word' id='word_1_561' title='bbox 2177 3946 2299 4000; x_wconf 69' lang='lat' dir='ltr'><strong>qua:</strong></span> <span class='ocrx_word' id='word_1_562' title='bbox 2322 3931 2558 3999; x_wconf 76' lang='lat' dir='ltr'><strong>assurgit</strong></span> <span class='ocrx_word' id='word_1_563' title='bbox 2590 3930 2658 3984; x_wconf 91' lang='lat' dir='ltr'><strong>ad</strong></span> <span class='ocrx_word' id='word_1_564' title='bbox 2688 3931 2871 3986; x_wconf 86' lang='lat' dir='ltr'><strong>divina</strong></span> <span class='ocrx_word' id='word_1_565' title='bbox 2902 3934 3228 3995; x_wconf 85' lang='lat' dir='ltr'><strong>contuenda.</strong></span> <span class='ocrx_word' id='word_1_566' title='bbox 3258 3948 3421 4004; x_wconf 90' lang='lat' dir='ltr'><strong>quam</strong></span> 
     </span>
    </p>
   </div>
   <div class='ocr_carea' id='block_1_81' title="bbox 1856 4021 3431 4094">
    <p class='ocr_par' dir='ltr' id='par_1_81' title="bbox 1856 4021 3431 4094">
     <span class='ocr_line' id='line_1_81' title="bbox 1856 4021 3431 4094; baseline 0.001 -16"><span class='ocrx_word' id='word_1_567' title='bbox 1856 4022 2199 4078; x_wconf 85' lang='lat' dir='ltr'><strong>solummodo</strong></span> <span class='ocrx_word' id='word_1_568' title='bbox 2244 4021 2490 4091; x_wconf 80' lang='lat' dir='ltr'><strong>indulget</strong></span> <span class='ocrx_word' id='word_1_569' title='bbox 2535 4036 2689 4077; x_wconf 87' lang='lat' dir='ltr'><strong>sacra</strong></span> <span class='ocrx_word' id='word_1_570' title='bbox 2752 4022 2840 4077; x_wconf 91' lang='lat' dir='ltr'><strong>illa</strong></span> <span class='ocrx_word' id='word_1_571' title='bbox 2891 4026 3259 4094; x_wconf 77' lang='lat' dir='ltr'><strong>regeneratio,</strong></span> <span class='ocrx_word' id='word_1_572' title='bbox 3307 4040 3431 4094; x_wconf 71' lang='lat' dir='ltr'><strong>qum</strong></span> 
     </span>
    </p>
   </div>
   <div class='ocr_carea' id='block_1_82' title="bbox 1853 4112 3429 4186">
    <p class='ocr_par' dir='ltr' id='par_1_82' title="bbox 1853 4112 3429 4186">
     <span class='ocr_line' id='line_1_82' title="bbox 1853 4112 3429 4186; baseline 0.001 -17"><span class='ocrx_word' id='word_1_573' title='bbox 1853 4115 2085 4185; x_wconf 86' lang='lat' dir='ltr'><strong>primam</strong></span> <span class='ocrx_word' id='word_1_574' title='bbox 2132 4114 2304 4169; x_wconf 90' lang='lat' dir='ltr'><strong>lucem</strong></span> <span class='ocrx_word' id='word_1_575' title='bbox 2340 4112 2574 4169; x_wconf 76' lang='lat' dir='ltr'><strong>confert.</strong></span> <span class='ocrx_word' id='word_1_576' title='bbox 2623 4113 2821 4169; x_wconf 68' lang='lat' dir='ltr'><strong>Caneri</strong></span> <span class='ocrx_word' id='word_1_577' title='bbox 2880 4124 3064 4170; x_wconf 87' lang='lat' dir='ltr'><strong>autem</strong></span> <span class='ocrx_word' id='word_1_578' title='bbox 3087 4115 3310 4171; x_wconf 88' lang='lat' dir='ltr'><strong>ordines</strong></span> <span class='ocrx_word' id='word_1_579' title='bbox 3333 4117 3429 4186; x_wconf 83' lang='lat' dir='ltr'><strong>qui</strong></span> 
     </span>
    </p>
   </div>
   <div class='ocr_carea' id='block_1_83' title="bbox 1853 4205 3424 4278">
    <p class='ocr_par' dir='ltr' id='par_1_83' title="bbox 1853 4205 3424 4278">
     <span class='ocr_line' id='line_1_83' title="bbox 1853 4205 3424 4278; baseline -0.001 -16"><span class='ocrx_word' id='word_1_580' title='bbox 1853 4207 2166 4278; x_wconf 80' lang='lat' dir='ltr'><strong>expiantur,</strong></span> <span class='ocrx_word' id='word_1_581' title='bbox 2180 4205 2294 4275; x_wconf 90' lang='lat' dir='ltr'><strong>jam</strong></span> <span class='ocrx_word' id='word_1_582' title='bbox 2326 4206 2533 4276; x_wconf 89' lang='lat' dir='ltr'><strong>pridem</strong></span> <span class='ocrx_word' id='word_1_583' title='bbox 2558 4207 2779 4276; x_wconf 90' lang='lat' dir='ltr'><strong>quidem</strong></span> <span class='ocrx_word' id='word_1_584' title='bbox 2810 4208 2985 4263; x_wconf 83' lang='lat' dir='ltr'><strong>sacris</strong></span> <span class='ocrx_word' id='word_1_585' title='bbox 3010 4217 3139 4262; x_wconf 90' lang='lat' dir='ltr'><strong>sunt</strong></span> <span class='ocrx_word' id='word_1_586' title='bbox 3169 4208 3424 4274; x_wconf 88' lang='lat' dir='ltr'><strong>instituti,</strong></span> 
     </span>
    </p>
   </div>
   <div class='ocr_carea' id='block_1_84' title="bbox 1852 4297 3425 4369">
    <p class='ocr_par' dir='ltr' id='par_1_84' title="bbox 1852 4297 3425 4369">
     <span class='ocr_line' id='line_1_84' title="bbox 1852 4297 3425 4369; baseline -0.001 -14"><span class='ocrx_word' id='word_1_587' title='bbox 1852 4301 1947 4356; x_wconf 88' lang='lat' dir='ltr'><strong>sed</strong></span> <span class='ocrx_word' id='word_1_588' title='bbox 1995 4299 2140 4369; x_wconf 92' lang='lat' dir='ltr'><strong>quod</strong></span> <span class='ocrx_word' id='word_1_589' title='bbox 2197 4297 2363 4354; x_wconf 87' lang='lat' dir='ltr'><strong>stulte</strong></span> <span class='ocrx_word' id='word_1_590' title='bbox 2392 4298 2445 4351; x_wconf 88' lang='lat' dir='ltr'><strong>in</strong></span> <span class='ocrx_word' id='word_1_591' title='bbox 2479 4298 2750 4353; x_wconf 88' lang='lat' dir='ltr'><strong>deteriora</strong></span> <span class='ocrx_word' id='word_1_592' title='bbox 2798 4298 2998 4368; x_wconf 88' lang='lat' dir='ltr'><strong>relapsi</strong></span> <span class='ocrx_word' id='word_1_593' title='bbox 3031 4299 3164 4362; x_wconf 88' lang='lat' dir='ltr'><strong>sint,</strong></span> <span class='ocrx_word' id='word_1_594' title='bbox 3209 4315 3332 4355; x_wconf 91' lang='lat' dir='ltr'><strong>cum</strong></span> <span class='ocrx_word' id='word_1_595' title='bbox 3356 4300 3425 4354; x_wconf 89' lang='lat' dir='ltr'><strong>ad</strong></span> 
     </span>
    </p>
   </div>
   <div class='ocr_carea' id='block_1_85' title="bbox 1854 4371 3423 4457">
    <p class='ocr_par' dir='ltr' id='par_1_85' title="bbox 1854 4371 3423 4457">
     <span class='ocr_line' id='line_1_85' title="bbox 1854 4371 3423 4457; baseline -0.003 -10"><span class='ocrx_word' id='word_1_596' title='bbox 1854 4392 2132 4448; x_wconf 90' lang='lat' dir='ltr'><strong>anteriora</strong></span> <span class='ocrx_word' id='word_1_597' title='bbox 2163 4391 2291 4447; x_wconf 75' lang='lat' dir='ltr'><strong>vitae</strong></span> <span class='ocrx_word' id='word_1_598' title='bbox 2327 4403 2441 4445; x_wconf 74' lang='lat' dir='ltr'><strong>suae</strong></span> <span class='ocrx_word' id='word_1_599' title='bbox 2464 4388 2708 4443; x_wconf 87' lang='lat' dir='ltr'><strong>rationes</strong></span> <span class='ocrx_word' id='word_1_600' title='bbox 2762 4371 3058 4443; x_wconf 82' lang='lat' dir='ltr'><strong>extendere</strong></span> <span class='ocrx_word' id='word_1_601' title='bbox 3084 4390 3423 4457; x_wconf 87' lang='lat' dir='ltr'><strong>debuissent,</strong></span> 
     </span>
    </p>
   </div>
   <div class='ocr_carea' id='block_1_86' title="bbox 1854 4479 3425 4555">
    <p class='ocr_par' dir='ltr' id='par_1_86' title="bbox 1854 4479 3425 4555">
     <span class='ocr_line' id='line_1_86' title="bbox 1854 4479 3425 4555; baseline -0.003 -15"><span class='ocrx_word' id='word_1_602' title='bbox 1854 4484 2143 4555; x_wconf 75' lang='lat' dir='ltr'><strong>praecipuis</strong></span> <span class='ocrx_word' id='word_1_603' title='bbox 2178 4480 2397 4552; x_wconf 90' lang='lat' dir='ltr'><strong>quidem</strong></span> <span class='ocrx_word' id='word_1_604' title='bbox 2439 4480 2613 4537; x_wconf 90' lang='lat' dir='ltr'><strong>sacris</strong></span> <span class='ocrx_word' id='word_1_605' title='bbox 2658 4479 2766 4534; x_wconf 92' lang='lat' dir='ltr'><strong>illis</strong></span> <span class='ocrx_word' id='word_1_606' title='bbox 2814 4480 3035 4547; x_wconf 91' lang='lat' dir='ltr'><strong>divinis,</strong></span> <span class='ocrx_word' id='word_1_607' title='bbox 3070 4497 3191 4551; x_wconf 76' lang='lat' dir='ltr'><strong>qua:</strong></span> <span class='ocrx_word' id='word_1_608' title='bbox 3214 4482 3316 4538; x_wconf 86' lang='lat' dir='ltr'><strong>sub</strong></span> <span class='ocrx_word' id='word_1_609' title='bbox 3337 4499 3425 4539; x_wconf 88' lang='lat' dir='ltr'><strong>sa-</strong></span> 
     </span>
    </p>
   </div>
   <div class='ocr_carea' id='block_1_87' title="bbox 1854 4569 3426 4642">
    <p class='ocr_par' dir='ltr' id='par_1_87' title="bbox 1854 4569 3426 4642">
     <span class='ocr_line' id='line_1_87' title="bbox 1854 4569 3426 4642; baseline -0.001 -13"><span class='ocrx_word' id='word_1_610' title='bbox 1854 4574 2161 4630; x_wconf 84' lang='lat' dir='ltr'><strong>crosanctis</strong></span> <span class='ocrx_word' id='word_1_611' title='bbox 2207 4571 2378 4642; x_wconf 78' lang='lat' dir='ltr'><strong>signis</strong></span> <span class='ocrx_word' id='word_1_612' title='bbox 2406 4570 2639 4634; x_wconf 88' lang='lat' dir='ltr'><strong>latitant,</strong></span> <span class='ocrx_word' id='word_1_613' title='bbox 2688 4569 3112 4638; x_wconf 89' lang='lat' dir='ltr'><strong>interdicuntur,</strong></span> <span class='ocrx_word' id='word_1_614' title='bbox 3145 4582 3201 4628; x_wconf 88' lang='lat' dir='ltr'><strong>et</strong></span> <span class='ocrx_word' id='word_1_615' title='bbox 3230 4575 3300 4629; x_wconf 90' lang='lat' dir='ltr'><strong>ab</strong></span> <span class='ocrx_word' id='word_1_616' title='bbox 3330 4590 3426 4629; x_wconf 86' lang='lat' dir='ltr'><strong>co-</strong></span> 
     </span>
    </p>
   </div>
   <div class='ocr_carea' id='block_1_88' title="bbox 156 4640 1757 4735">
    <p class='ocr_par' dir='ltr' id='par_1_88' title="bbox 156 4640 1748 4735">
     <span class='ocr_line' id='line_1_88' title="bbox 156 4640 1748 4735; baseline -0.003 -16"><span class='ocrx_word' id='word_1_617' title='bbox 156 4665 376 4719; x_wconf 79' lang='grc' dir='ltr'>ἑαυτῶν</span> <span class='ocrx_word' id='word_1_618' title='bbox 398 4640 407 4643; x_wconf 29' lang='grc'>⁷</span> <span class='ocrx_word' id='word_1_619' title='bbox 427 4640 735 4718; x_wconf 72' lang='grc' dir='ltr'>ἐλεύσονται</span> <span class='ocrx_word' id='word_1_620' title='bbox 777 4640 1183 4735; x_wconf 79' lang='grc' dir='ltr'>περιφρόνησιν.</span> <span class='ocrx_word' id='word_1_621' title='bbox 1209 4665 1323 4719; x_wconf 83' lang='grc' dir='ltr'>Οὐκ</span> <span class='ocrx_word' id='word_1_622' title='bbox 1356 4663 1662 4725; x_wconf 81' lang='grc' dir='ltr'>ἀπεικότως</span> <span class='ocrx_word' id='word_1_623' title='bbox 1689 4660 1748 4715; x_wconf 77' lang='grc' dir='ltr'>δὲ</span> 
     </span>
    </p>
   </div>
   <div class='ocr_carea' id='block_1_89' title="bbox 1862 4640 3421 4735">
    <p class='ocr_par' dir='ltr' id='par_1_89' title="bbox 1862 4662 3421 4734">
     <span class='ocr_line' id='line_1_89' title="bbox 1862 4662 3421 4734; baseline -0.001 -14"><span class='ocrx_word' id='word_1_624' title='bbox 1862 4665 2097 4721; x_wconf 88' lang='lat' dir='ltr'><strong>rumdem</strong></span> <span class='ocrx_word' id='word_1_625' title='bbox 2126 4672 2345 4730; x_wconf 89' lang='lat' dir='ltr'><strong>aspectu</strong></span> <span class='ocrx_word' id='word_1_626' title='bbox 2393 4678 2457 4717; x_wconf 90' lang='lat' dir='ltr'><strong>ac</strong></span> <span class='ocrx_word' id='word_1_627' title='bbox 2480 4662 2862 4718; x_wconf 88' lang='lat' dir='ltr'><strong>communione</strong></span> <span class='ocrx_word' id='word_1_628' title='bbox 2896 4665 3375 4720; x_wconf 88' lang='lat' dir='ltr'><strong>meritoarcentur</strong></span> <span class='ocrx_word' id='word_1_629' title='bbox 3402 4683 3421 4734; x_wconf 92' lang='lat'><strong>;</strong></span> 
     </span>
    </p>
   </div>
   <div class='ocr_carea' id='block_1_90' title="bbox 156 4751 1746 4827">
    <p class='ocr_par' dir='ltr' id='par_1_90' title="bbox 156 4751 1746 4827">
     <span class='ocr_line' id='line_1_90' title="bbox 156 4751 1746 4827; baseline -0.004 -17"><span class='ocrx_word' id='word_1_630' title='bbox 156 4757 425 4827; x_wconf 81' lang='grc' dir='ltr'>πάρεισιν</span> <span class='ocrx_word' id='word_1_631' title='bbox 468 4756 560 4809; x_wconf 74' lang='grc' dir='ltr'><strong>ἐπὶ</strong></span> <span class='ocrx_word' id='word_1_632' title='bbox 582 4757 696 4819; x_wconf 89' lang='grc' dir='ltr'>τοῖς</span> <span class='ocrx_word' id='word_1_633' title='bbox 719 4754 814 4809; x_wconf 77' lang='grc' dir='ltr'>νῦν</span> <span class='ocrx_word' id='word_1_634' title='bbox 838 4753 1197 4825; x_wconf 88' lang='grc' dir='ltr'>τελουμένοις,</span> <span class='ocrx_word' id='word_1_635' title='bbox 1247 4751 1493 4825; x_wconf 78' lang='grc' dir='ltr'>ἐναργῶς</span> <span class='ocrx_word' id='word_1_636' title='bbox 1537 4752 1746 4805; x_wconf 79' lang='grc' dir='ltr'>ἐκδιδα-</span> 
     </span>
    </p>
   </div>
   <div class='ocr_carea' id='block_1_91' title="bbox 158 4840 1748 4917">
    <p class='ocr_par' dir='ltr' id='par_1_91' title="bbox 158 4840 1748 4917">
     <span class='ocr_line' id='line_1_91' title="bbox 158 4840 1748 4917; baseline -0.003 -17"><span class='ocrx_word' id='word_1_637' title='bbox 158 4848 434 4917; x_wconf 83' lang='grc' dir='ltr'>σκόμεναι</span> <span class='ocrx_word' id='word_1_638' title='bbox 475 4845 571 4898; x_wconf 77' lang='grc' dir='ltr'><strong>καὶ</strong></span> <span class='ocrx_word' id='word_1_639' title='bbox 610 4842 817 4916; x_wconf 88' lang='grc' dir='ltr'>ὁρῶσαι</span> <span class='ocrx_word' id='word_1_640' title='bbox 839 4845 940 4915; x_wconf 82' lang='grc' dir='ltr'>τὴν</span> <span class='ocrx_word' id='word_1_641' title='bbox 983 4843 1078 4897; x_wconf 79' lang='grc' dir='ltr'>τοῦ</span> <span class='ocrx_word' id='word_1_642' title='bbox 1107 4844 1226 4898; x_wconf 82' lang='grc' dir='ltr'>καθ’</span> <span class='ocrx_word' id='word_1_643' title='bbox 1252 4844 1398 4914; x_wconf 80' lang='grc' dir='ltr'>ἡμᾶς</span> <span class='ocrx_word' id='word_1_644' title='bbox 1437 4840 1672 4896; x_wconf 87' lang='grc' dir='ltr'>ἀδειλίαν</span> <span class='ocrx_word' id='word_1_645' title='bbox 1699 4842 1748 4874; x_wconf 65' lang='grc'><strong>⁸⁸</strong></span> 
     </span>
    </p>
   </div>
   <div class='ocr_carea' id='block_1_92' title="bbox 157 4934 1743 5009">
    <p class='ocr_par' dir='ltr' id='par_1_92' title="bbox 157 4934 1743 5009">
     <span class='ocr_line' id='line_1_92' title="bbox 157 4934 1743 5009; baseline -0.004 -15"><span class='ocrx_word' id='word_1_646' title='bbox 157 4940 419 5001; x_wconf 81' lang='grc' dir='ltr'>θανάτου,</span> <span class='ocrx_word' id='word_1_647' title='bbox 442 4938 537 4990; x_wconf 72' lang='grc' dir='ltr'><strong>καὶ</strong></span> <span class='ocrx_word' id='word_1_648' title='bbox 561 4937 632 4990; x_wconf 78' lang='grc' dir='ltr'>τὰ</span> <span class='ocrx_word' id='word_1_649' title='bbox 654 4936 762 4991; x_wconf 87' lang='grc' dir='ltr'><strong>τῶν</strong></span> <span class='ocrx_word' id='word_1_650' title='bbox 805 4937 976 5005; x_wconf 80' lang='grc' dir='ltr'>ἁγίων</span> <span class='ocrx_word' id='word_1_651' title='bbox 1020 4938 1157 5009; x_wconf 85' lang='grc' dir='ltr'>γέρα</span> <span class='ocrx_word' id='word_1_652' title='bbox 1200 4937 1336 5008; x_wconf 85' lang='grc' dir='ltr'>πρὸς</span> <span class='ocrx_word' id='word_1_653' title='bbox 1380 4936 1490 4988; x_wconf 88' lang='grc' dir='ltr'><strong>τῶν</strong></span> <span class='ocrx_word' id='word_1_654' title='bbox 1529 4934 1743 5007; x_wconf 82' lang='grc' dir='ltr'>ἀληθῶν</span> 
     </span>
    </p>
   </div>
   <div class='ocr_carea' id='block_1_93' title="bbox 155 5027 1742 5102">
    <p class='ocr_par' dir='ltr' id='par_1_93' title="bbox 155 5027 1742 5102">
     <span class='ocr_line' id='line_1_93' title="bbox 155 5027 1742 5102; baseline -0.005 -15"><span class='ocrx_word' id='word_1_655' title='bbox 155 5033 379 5102; x_wconf 77' lang='grc' dir='ltr'>Λογίων</span> <span class='ocrx_word' id='word_1_656' title='bbox 402 5030 737 5101; x_wconf 82' lang='grc' dir='ltr'>ὑμνούμενα,</span> <span class='ocrx_word' id='word_1_657' title='bbox 767 5031 862 5085; x_wconf 73' lang='grc' dir='ltr'><strong>καὶ</strong></span> <span class='ocrx_word' id='word_1_658' title='bbox 882 5028 980 5094; x_wconf 80' lang='grc' dir='ltr'>τὰς</span> <span class='ocrx_word' id='word_1_659' title='bbox 1004 5028 1200 5101; x_wconf 84' lang='grc' dir='ltr'>ήπειλη</span> <span class='ocrx_word' id='word_1_660' title='bbox 1209 5028 1374 5099; x_wconf 87' lang='grc' dir='ltr'>μένας</span> <span class='ocrx_word' id='word_1_661' title='bbox 1397 5027 1609 5081; x_wconf 74' lang='grc' dir='ltr'>ἔσεσθαι</span> <span class='ocrx_word' id='word_1_662' title='bbox 1628 5029 1742 5092; x_wconf 88' lang='grc' dir='ltr'>τοῖς</span> 
     </span>
    </p>
   </div>
   <div class='ocr_carea' id='block_1_94' title="bbox 154 5118 1741 5194">
    <p class='ocr_par' dir='ltr' id='par_1_94' title="bbox 154 5118 1741 5194">
     <span class='ocr_line' id='line_1_94' title="bbox 154 5118 1741 5194; baseline -0.006 -15"><span class='ocrx_word' id='word_1_663' title='bbox 154 5127 281 5179; x_wconf 83' lang='grc' dir='ltr'>κατ’</span> <span class='ocrx_word' id='word_1_664' title='bbox 304 5122 480 5187; x_wconf 73' lang='grc' dir='ltr'>αὐτὰς</span> <span class='ocrx_word' id='word_1_665' title='bbox 524 5122 760 5194; x_wconf 84' lang='grc' dir='ltr'>ἀνιέροις</span> <span class='ocrx_word' id='word_1_666' title='bbox 805 5122 1189 5193; x_wconf 82' lang='grc' dir='ltr'>ἁτελευτήτους</span> <span class='ocrx_word' id='word_1_667' title='bbox 1234 5120 1419 5184; x_wconf 83' lang='grc' dir='ltr'>ἀνίας·</span> <span class='ocrx_word' id='word_1_668' title='bbox 1461 5118 1611 5171; x_wconf 73' lang='grc' dir='ltr'>ἔσται</span> <span class='ocrx_word' id='word_1_669' title='bbox 1632 5118 1741 5188; x_wconf 85' lang='grc' dir='ltr'>γὰρ</span> 
     </span>
    </p>
   </div>
   <div class='ocr_carea' id='block_1_95' title="bbox 152 5210 1739 5285">
    <p class='ocr_par' dir='ltr' id='par_1_95' title="bbox 152 5210 1739 5285">
     <span class='ocr_line' id='line_1_95' title="bbox 152 5210 1739 5285; baseline -0.006 -13"><span class='ocrx_word' id='word_1_670' title='bbox 152 5220 359 5281; x_wconf 70' lang='grc' dir='ltr'>αὑταῖς</span> <span class='ocrx_word' id='word_1_671' title='bbox 405 5216 536 5280; x_wconf 84' lang='grc' dir='ltr'>ῐσως</span> <span class='ocrx_word' id='word_1_672' title='bbox 583 5215 774 5285; x_wconf 75' lang='grc' dir='ltr'>ὄφελος</span> <span class='ocrx_word' id='word_1_673' title='bbox 791 5253 807 5278; x_wconf 89' lang='grc'><strong>,</strong></span> <span class='ocrx_word' id='word_1_674' title='bbox 830 5213 1066 5285; x_wconf 86' lang='grc' dir='ltr'>ὁρώσαις</span> <span class='ocrx_word' id='word_1_675' title='bbox 1086 5213 1177 5266; x_wconf 81' lang='grc' dir='ltr'>τὸν</span> <span class='ocrx_word' id='word_1_676' title='bbox 1206 5212 1367 5283; x_wconf 88' lang='grc' dir='ltr'>ἱερῶς</span> <span class='ocrx_word' id='word_1_677' title='bbox 1390 5210 1739 5282; x_wconf 68' lang='grc' dir='ltr'>τετελειωμέα</span> 
     </span>
    </p>
   </div>
   <div class='ocr_carea' id='block_1_96' title="bbox 151 5300 1745 5377">
    <p class='ocr_par' dir='ltr' id='par_1_96' title="bbox 151 5300 1745 5377">
     <span class='ocr_line' id='line_1_96' title="bbox 151 5300 1745 5377; baseline -0.006 -15"><span class='ocrx_word' id='word_1_678' title='bbox 151 5326 250 5362; x_wconf 82' lang='grc' dir='ltr'><strong>νον</strong></span> <span class='ocrx_word' id='word_1_679' title='bbox 276 5306 388 5360; x_wconf 79' lang='grc' dir='ltr'>ὑπὸ</span> <span class='ocrx_word' id='word_1_680' title='bbox 408 5304 513 5376; x_wconf 83' lang='grc' dir='ltr'>τῆς</span> <span class='ocrx_word' id='word_1_681' title='bbox 540 5304 916 5377; x_wconf 56' lang='grc' dir='ltr'>λειτουργικῖκ</span> <span class='ocrx_word' id='word_1_682' title='bbox 959 5304 1328 5376; x_wconf 79' lang='grc' dir='ltr'>ἀναρρήσεως,</span> <span class='ocrx_word' id='word_1_683' title='bbox 1372 5301 1449 5365; x_wconf 83' lang='grc' dir='ltr'><strong>ὡς</strong></span> <span class='ocrx_word' id='word_1_684' title='bbox 1492 5300 1745 5353; x_wconf 86' lang='grc' dir='ltr'>κοινωνὸν</span> 
     </span>
    </p>
   </div>
   <div class='ocr_carea' id='block_1_97' title="bbox 1849 4751 3498 4824">
    <p class='ocr_par' dir='ltr' id='par_1_97' title="bbox 1849 4751 3498 4824">
     <span class='ocr_line' id='line_1_97' title="bbox 1849 4751 3498 4824; baseline 0.001 -16"><span class='ocrx_word' id='word_1_685' title='bbox 1849 4754 2119 4823; x_wconf 90' lang='lat' dir='ltr'><strong>siquidem</strong></span> <span class='ocrx_word' id='word_1_686' title='bbox 2151 4754 2407 4806; x_wconf 86' lang='lat' dir='ltr'><strong>damnum</strong></span> <span class='ocrx_word' id='word_1_687' title='bbox 2438 4751 2726 4817; x_wconf 72' lang='lat' dir='ltr'><strong>referrent,</strong></span> <span class='ocrx_word' id='word_1_688' title='bbox 2750 4754 2793 4807; x_wconf 91' lang='lat' dir='ltr'><strong>si</strong></span> <span class='ocrx_word' id='word_1_689' title='bbox 2825 4752 3013 4808; x_wconf 89' lang='lat' dir='ltr'><strong>iisdem</strong></span> <span class='ocrx_word' id='word_1_690' title='bbox 3046 4753 3265 4824; x_wconf 77' lang='lat' dir='ltr'><strong>indigne</strong></span> <span class='ocrx_word' id='word_1_691' title='bbox 3282 4771 3424 4810; x_wconf 91' lang='lat' dir='ltr'><strong>com-</strong></span> <span class='ocrx_word' id='word_1_692' title='bbox 3484 4797 3498 4823; x_wconf 74' lang='grc'><strong>,</strong></span> 
     </span>
    </p>
   </div>
   <div class='ocr_carea' id='block_1_98' title="bbox 1851 4840 3424 4910">
    <p class='ocr_par' dir='ltr' id='par_1_98' title="bbox 1851 4840 3424 4910">
     <span class='ocr_line' id='line_1_98' title="bbox 1851 4840 3424 4910; baseline 0.002 -13"><span class='ocrx_word' id='word_1_693' title='bbox 1851 4844 2216 4907; x_wconf 88' lang='lat' dir='ltr'><strong>municarent,</strong></span> <span class='ocrx_word' id='word_1_694' title='bbox 2247 4851 2303 4896; x_wconf 90' lang='lat' dir='ltr'><strong>et</strong></span> <span class='ocrx_word' id='word_1_695' title='bbox 2337 4842 2404 4895; x_wconf 88' lang='lat' dir='ltr'><strong>ad</strong></span> <span class='ocrx_word' id='word_1_696' title='bbox 2452 4840 2710 4910; x_wconf 86' lang='lat' dir='ltr'><strong>majorem</strong></span> <span class='ocrx_word' id='word_1_697' title='bbox 2750 4858 2934 4896; x_wconf 90' lang='lat' dir='ltr'><strong>rerum</strong></span> <span class='ocrx_word' id='word_1_698' title='bbox 2973 4842 3279 4897; x_wconf 88' lang='lat' dir='ltr'><strong>divinarum</strong></span> <span class='ocrx_word' id='word_1_699' title='bbox 3310 4847 3424 4900; x_wconf 92' lang='lat' dir='ltr'><strong>sui-</strong></span> 
     </span>
    </p>
   </div>
   <div class='ocr_carea' id='block_1_99' title="bbox 1849 4930 3461 5005">
    <p class='ocr_par' dir='ltr' id='par_1_99' title="bbox 1849 4930 3461 5005">
     <span class='ocr_line' id='line_1_99' title="bbox 1849 4930 3461 5005; baseline 0.002 -18"><span class='ocrx_word' id='word_1_700' title='bbox 1849 4949 1953 5005; x_wconf 90' lang='lat' dir='ltr'><strong>que</strong></span> <span class='ocrx_word' id='word_1_701' title='bbox 1976 4940 2345 5002; x_wconf 85' lang='lat' dir='ltr'><strong>contemptum</strong></span> <span class='ocrx_word' id='word_1_702' title='bbox 2390 4931 2728 4986; x_wconf 85' lang='lat' dir='ltr'><strong>devenirent.</strong></span> <span class='ocrx_word' id='word_1_703' title='bbox 2762 4930 2877 4987; x_wconf 86' lang='lat' dir='ltr'><strong>Non</strong></span> <span class='ocrx_word' id='word_1_704' title='bbox 2914 4933 3216 5004; x_wconf 81' lang='lat' dir='ltr'><strong>incongrue</strong></span> <span class='ocrx_word' id='word_1_705' title='bbox 3238 4949 3421 4991; x_wconf 89' lang='lat' dir='ltr'><strong>autem</strong></span> <span class='ocrx_word' id='word_1_706' title='bbox 3456 4935 3461 4965; x_wconf 71' lang='grc'><strong>⁷</strong></span> 
     </span>
    </p>
   </div>
   <div class='ocr_carea' id='block_1_100' title="bbox 1848 5024 3426 5098">
    <p class='ocr_par' dir='ltr' id='par_1_100' title="bbox 1848 5024 3426 5098">
     <span class='ocr_line' id='line_1_100' title="bbox 1848 5024 3426 5098; baseline 0.004 -20"><span class='ocrx_word' id='word_1_707' title='bbox 1848 5025 2211 5079; x_wconf 89' lang='lat' dir='ltr'><strong>admittuntur</strong></span> <span class='ocrx_word' id='word_1_708' title='bbox 2235 5024 2301 5077; x_wconf 88' lang='lat' dir='ltr'><strong>ad</strong></span> <span class='ocrx_word' id='word_1_709' title='bbox 2326 5038 2390 5078; x_wconf 88' lang='lat' dir='ltr'><strong>ea</strong></span> <span class='ocrx_word' id='word_1_710' title='bbox 2436 5036 2559 5093; x_wconf 85' lang='lat' dir='ltr'><strong>quae</strong></span> <span class='ocrx_word' id='word_1_711' title='bbox 2580 5025 2669 5079; x_wconf 91' lang='lat' dir='ltr'><strong>hic</strong></span> <span class='ocrx_word' id='word_1_712' title='bbox 2690 5034 2974 5094; x_wconf 72' lang='lat' dir='ltr'><strong>geruntur,</strong></span> <span class='ocrx_word' id='word_1_713' title='bbox 3031 5035 3091 5080; x_wconf 91' lang='lat' dir='ltr'><strong>ut</strong></span> <span class='ocrx_word' id='word_1_714' title='bbox 3137 5030 3426 5098; x_wconf 88' lang='lat' dir='ltr'><strong>perspicue</strong></span> 
     </span>
    </p>
   </div>
   <div class='ocr_carea' id='block_1_101' title="bbox 1848 5114 3424 5175">
    <p class='ocr_par' dir='ltr' id='par_1_101' title="bbox 1848 5114 3424 5175">
     <span class='ocr_line' id='line_1_101' title="bbox 1848 5114 3424 5175; baseline 0.002 -3"><span class='ocrx_word' id='word_1_715' title='bbox 1848 5117 2061 5172; x_wconf 85' lang='lat' dir='ltr'><strong>discant</strong></span> <span class='ocrx_word' id='word_1_716' title='bbox 2086 5122 2140 5170; x_wconf 90' lang='lat' dir='ltr'><strong>et</strong></span> <span class='ocrx_word' id='word_1_717' title='bbox 2167 5114 2456 5169; x_wconf 87' lang='lat' dir='ltr'><strong>advertant</strong></span> <span class='ocrx_word' id='word_1_718' title='bbox 2504 5116 2696 5170; x_wconf 89' lang='lat' dir='ltr'><strong>mortis</strong></span> <span class='ocrx_word' id='word_1_719' title='bbox 2736 5115 3180 5173; x_wconf 89' lang='lat' dir='ltr'><strong>incertitudinem</strong></span> <span class='ocrx_word' id='word_1_720' title='bbox 3211 5129 3267 5174; x_wconf 89' lang='lat' dir='ltr'><strong>et</strong></span> <span class='ocrx_word' id='word_1_721' title='bbox 3294 5136 3424 5175; x_wconf 87' lang='lat' dir='ltr'><strong>san-</strong></span> 
     </span>
    </p>
   </div>
   <div class='ocr_carea' id='block_1_102' title="bbox 1849 5206 3422 5278">
    <p class='ocr_par' dir='ltr' id='par_1_102' title="bbox 1849 5206 3422 5278">
     <span class='ocr_line' id='line_1_102' title="bbox 1849 5206 3422 5278; baseline 0.003 -17"><span class='ocrx_word' id='word_1_722' title='bbox 1849 5218 2063 5262; x_wconf 90' lang='lat' dir='ltr'><strong>ctorum</strong></span> <span class='ocrx_word' id='word_1_723' title='bbox 2116 5206 2337 5277; x_wconf 58' lang='lat' dir='ltr'><strong>praemia</strong></span> <span class='ocrx_word' id='word_1_724' title='bbox 2369 5222 2492 5277; x_wconf 63' lang='lat' dir='ltr'><strong>quae</strong></span> <span class='ocrx_word' id='word_1_725' title='bbox 2520 5207 2572 5261; x_wconf 92' lang='lat' dir='ltr'><strong>in</strong></span> <span class='ocrx_word' id='word_1_726' title='bbox 2610 5206 2910 5278; x_wconf 88' lang='lat' dir='ltr'><strong>Scripturis</strong></span> <span class='ocrx_word' id='word_1_727' title='bbox 2958 5211 3107 5265; x_wconf 89' lang='lat' dir='ltr'><strong>veris</strong></span> <span class='ocrx_word' id='word_1_728' title='bbox 3134 5210 3422 5267; x_wconf 84' lang='lat' dir='ltr'><strong>celebran-</strong></span> 
     </span>
    </p>
   </div>
   <div class='ocr_carea' id='block_1_103' title="bbox 1851 5298 3419 5373">
    <p class='ocr_par' dir='ltr' id='par_1_103' title="bbox 1851 5298 3419 5373">
     <span class='ocr_line' id='line_1_103' title="bbox 1851 5298 3419 5373; baseline 0.003 -19"><span class='ocrx_word' id='word_1_729' title='bbox 1851 5309 1965 5367; x_wconf 90' lang='lat' dir='ltr'><strong>tur,</strong></span> <span class='ocrx_word' id='word_1_730' title='bbox 1994 5314 2223 5370; x_wconf 88' lang='lat' dir='ltr'><strong>quaeque</strong></span> <span class='ocrx_word' id='word_1_731' title='bbox 2262 5298 2373 5355; x_wconf 89' lang='lat' dir='ltr'><strong>illis</strong></span> <span class='ocrx_word' id='word_1_732' title='bbox 2412 5314 2712 5370; x_wconf 90' lang='lat' dir='ltr'><strong>eorumque</strong></span> <span class='ocrx_word' id='word_1_733' title='bbox 2764 5300 3035 5357; x_wconf 89' lang='lat' dir='ltr'><strong>similibus</strong></span> <span class='ocrx_word' id='word_1_734' title='bbox 3062 5302 3287 5373; x_wconf 88' lang='lat' dir='ltr'><strong>impuris</strong></span> <span class='ocrx_word' id='word_1_735' title='bbox 3319 5305 3419 5358; x_wconf 77' lang='lat' dir='ltr'><strong>lio-</strong></span> 
     </span>
    </p>
   </div>
   <div class='ocr_carea' id='block_1_104' title="bbox 1434 5413 2113 5470">
    <p class='ocr_par' dir='ltr' id='par_1_104' title="bbox 1434 5413 2113 5470">
     <span class='ocr_line' id='line_1_104' title="bbox 1434 5413 2113 5470; baseline 0.001 -1"><span class='ocrx_word' id='word_1_736' title='bbox 1434 5415 1669 5469; x_wconf 74' lang='lat' dir='ltr'><strong>VARl/E</strong></span> <span class='ocrx_word' id='word_1_737' title='bbox 1710 5413 2113 5470; x_wconf 80' lang='lat' dir='ltr'><strong>LECTIONES.</strong></span> 
     </span>
    </p>
   </div>
   <div class='ocr_carea' id='block_1_105' title="bbox 230 5527 3415 5615">
    <p class='ocr_par' dir='ltr' id='par_1_105' title="bbox 230 5527 3415 5615">
     <span class='ocr_line' id='line_1_105' title="bbox 230 5527 3415 5615; baseline -0.002 -27"><span class='ocrx_word' id='word_1_738' title='bbox 230 5534 288 5615; x_wconf 50' lang='grc' dir='ltr'><strong>’.ξ</strong></span> <span class='ocrx_word' id='word_1_739' title='bbox 305 5534 584 5615; x_wconf 68' lang='grc' dir='ltr'>συνήσωσι</span> <span class='ocrx_word' id='word_1_740' title='bbox 609 5533 1068 5615; x_wconf 52' lang='lat' dir='ltr'><strong>corrigitur:</strong></span> <span class='ocrx_word' id='word_1_741' title='bbox 1219 5531 1464 5615; x_wconf 61' lang='grc' dir='ltr'>εἴπομεν,</span> <span class='ocrx_word' id='word_1_742' title='bbox 1494 5531 1553 5586; x_wconf 88' lang='lat' dir='ltr'><strong>P.</strong></span> <span class='ocrx_word' id='word_1_743' title='bbox 1706 5530 1828 5615; x_wconf 61' lang='grc' dir='ltr'><strong>ξεν.</strong></span> <span class='ocrx_word' id='word_1_744' title='bbox 1857 5539 1911 5615; x_wconf 69' lang='lat' dir='ltr'><strong>et</strong></span> <span class='ocrx_word' id='word_1_745' title='bbox 1942 5528 2136 5615; x_wconf 50' lang='lat' dir='ltr'><strong>Vien.n</strong></span> <span class='ocrx_word' id='word_1_746' title='bbox 2155 5529 2219 5615; x_wconf 46' lang='grc'><strong>’³⁸</strong></span> <span class='ocrx_word' id='word_1_747' title='bbox 2247 5528 2445 5615; x_wconf 37' lang='grc' dir='ltr'>αὑτός,</span> <span class='ocrx_word' id='word_1_748' title='bbox 2460 5528 2553 5615; x_wconf 59' lang='grc' dir='ltr'><strong>Μἑὶ</strong></span> <span class='ocrx_word' id='word_1_749' title='bbox 2577 5527 2749 5615; x_wconf 57' lang='grc' dir='ltr'>οξτως</span> <span class='ocrx_word' id='word_1_750' title='bbox 2769 5570 2783 5594; x_wconf 91' lang='grc'><strong>,</strong></span> <span class='ocrx_word' id='word_1_751' title='bbox 2956 5531 3000 5562; x_wconf 79' lang='grc'><strong>³⁸</strong></span> <span class='ocrx_word' id='word_1_752' title='bbox 3020 5528 3415 5615; x_wconf 44' lang='grc' dir='ltr'>τυραννώδουις,</span> 
     </span>
    </p>
   </div>
   <div class='ocr_carea' id='block_1_106' title="bbox 156 5604 1237 5745">
    <p class='ocr_par' dir='ltr' id='par_1_106' title="bbox 156 5604 1237 5745">
     <span class='ocr_line' id='line_1_106' title="bbox 156 5604 1237 5674; baseline -0.007 -12"><span class='ocrx_word' id='word_1_753' title='bbox 156 5605 214 5659; x_wconf 81' lang='lat' dir='ltr'><strong>S.</strong></span> <span class='ocrx_word' id='word_1_754' title='bbox 250 5604 311 5659; x_wconf 84' lang='lat' dir='ltr'><strong>P.</strong></span> <span class='ocrx_word' id='word_1_755' title='bbox 416 5604 465 5637; x_wconf 74' lang='grc'><strong>⁸⁸</strong></span> <span class='ocrx_word' id='word_1_756' title='bbox 495 5604 861 5674; x_wconf 83' lang='grc' dir='ltr'>δικαιώματα,</span> <span class='ocrx_word' id='word_1_757' title='bbox 893 5604 961 5657; x_wconf 76' lang='grc' dir='ltr'><strong>Μ.</strong></span> <span class='ocrx_word' id='word_1_758' title='bbox 989 5605 1078 5657; x_wconf 85' lang='lat' dir='ltr'><strong>Sc.</strong></span> <span class='ocrx_word' id='word_1_759' title='bbox 1155 5604 1197 5633; x_wconf 78' lang='lat'>“</span> <span class='ocrx_word' id='word_1_760' title='bbox 1227 5620 1237 5637; x_wconf 68' lang='grc' dir='ltr'><strong>ν</strong></span> 
     </span>
     <span class='ocr_line' id='line_1_107' title="bbox 159 5672 1237 5745; baseline -0.008 -13"><span class='ocrx_word' id='word_1_761' title='bbox 159 5672 539 5745; x_wconf 78' lang='grc' dir='ltr'>μετασχοῦσα,</span> <span class='ocrx_word' id='word_1_762' title='bbox 568 5676 625 5731; x_wconf 88' lang='lat' dir='ltr'><strong>S.</strong></span> <span class='ocrx_word' id='word_1_763' title='bbox 680 5675 726 5706; x_wconf 72' lang='lat'><strong>“</strong></span> <span class='ocrx_word' id='word_1_764' title='bbox 746 5674 823 5738; x_wconf 86' lang='grc' dir='ltr'>ὡς</span> <span class='ocrx_word' id='word_1_765' title='bbox 847 5677 905 5729; x_wconf 83' lang='grc' dir='ltr'>ὲν</span> <span class='ocrx_word' id='word_1_766' title='bbox 937 5677 1133 5745; x_wconf 84' lang='grc' dir='ltr'>μυήσει</span> <span class='ocrx_word' id='word_1_767' title='bbox 1156 5713 1169 5734; x_wconf 86' lang='grc'><strong>,</strong></span> <span class='ocrx_word' id='word_1_768' title='bbox 1198 5673 1237 5727; x_wconf 89' lang='lat' dir='ltr'><strong>S</strong></span> 
     </span>
    </p>
   </div>
   <div class='ocr_carea' id='block_1_107' title="bbox 416 5600 1770 5674">
    <p class='ocr_par' dir='ltr' id='par_1_107' title="bbox 416 5600 1770 5674">
     <span class='ocr_line' id='line_1_108' title="bbox 416 5600 1770 5674; baseline -0.001 -17"><span class='ocrx_word' id='word_1_769' title='bbox 416 5600 465 5674; x_wconf 66' lang='grc' dir='ltr'><strong>ξ’</strong></span> <span class='ocrx_word' id='word_1_770' title='bbox 495 5600 861 5674; x_wconf 67' lang='grc' dir='ltr'>δικαιώματα,</span> <span class='ocrx_word' id='word_1_771' title='bbox 893 5604 961 5657; x_wconf 76' lang='grc' dir='ltr'><strong>Μ.</strong></span> <span class='ocrx_word' id='word_1_772' title='bbox 989 5605 1078 5657; x_wconf 85' lang='lat' dir='ltr'><strong>Sc.</strong></span> <span class='ocrx_word' id='word_1_773' title='bbox 1155 5602 1197 5633; x_wconf 74' lang='lat'>“</span> <span class='ocrx_word' id='word_1_774' title='bbox 1227 5602 1335 5656; x_wconf 83' lang='grc' dir='ltr'><strong>τῶν</strong></span> <span class='ocrx_word' id='word_1_775' title='bbox 1350 5600 1553 5674; x_wconf 78' lang='grc' dir='ltr'>θείων,</span> <span class='ocrx_word' id='word_1_776' title='bbox 1580 5600 1770 5674; x_wconf 78' lang='lat' dir='ltr'><strong>Ch._S.</strong></span> 
     </span>
    </p>
   </div>
   <div class='ocr_carea' id='block_1_108' title="bbox 1862 5598 2863 5670">
    <p class='ocr_par' dir='ltr' id='par_1_108' title="bbox 1862 5598 2863 5670">
     <span class='ocr_line' id='line_1_109' title="bbox 1862 5598 2863 5670; baseline -0.001 -18"><span class='ocrx_word' id='word_1_777' title='bbox 1862 5602 1905 5670; x_wconf 54' lang='grc' dir='ltr'><strong>εξ</strong></span> <span class='ocrx_word' id='word_1_778' title='bbox 1932 5598 2384 5670; x_wconf 68' lang='grc' dir='ltr'>καταχθήσονται,</span> <span class='ocrx_word' id='word_1_779' title='bbox 2413 5598 2470 5653; x_wconf 89' lang='lat' dir='ltr'><strong>S.</strong></span> <span class='ocrx_word' id='word_1_780' title='bbox 2513 5598 2573 5653; x_wconf 88' lang='lat' dir='ltr'><strong>P.</strong></span> <span class='ocrx_word' id='word_1_781' title='bbox 2596 5599 2701 5670; x_wconf 17' lang='lat' dir='ltr'><strong>iSc.</strong></span> <span class='ocrx_word' id='word_1_782' title='bbox 2772 5601 2863 5670; x_wconf 9' lang='lat' dir='ltr'><strong>Vr“</strong></span> 
     </span>
    </p>
   </div>
   <div class='ocr_carea' id='block_1_109' title="bbox 2906 5601 3392 5672">
    <p class='ocr_par' dir='ltr' id='par_1_109' title="bbox 2906 5601 3392 5672">
     <span class='ocr_line' id='line_1_110' title="bbox 2906 5601 3392 5672; baseline 0.004 -21"><span class='ocrx_word' id='word_1_783' title='bbox 2906 5601 3290 5672; x_wconf 64' lang='grc' dir='ltr'>μετασχούσης</span> <span class='ocrx_word' id='word_1_784' title='bbox 3304 5640 3319 5663; x_wconf 92' lang='grc'><strong>,</strong></span> <span class='ocrx_word' id='word_1_785' title='bbox 3352 5601 3392 5653; x_wconf 82' lang='grc' dir='ltr'><strong><em>Ρ</em></strong></span> 
     </span>
    </p>
   </div>
   <div class='ocr_carea' id='block_1_110' title="bbox 1333 5668 3413 5742">
    <p class='ocr_par' dir='ltr' id='par_1_110' title="bbox 1333 5668 3413 5742">
     <span class='ocr_line' id='line_1_111' title="bbox 1333 5668 3413 5742; baseline 0 -18"><span class='ocrx_word' id='word_1_786' title='bbox 1333 5674 1379 5704; x_wconf 66' lang='grc'><strong>⁸⁵</strong></span> <span class='ocrx_word' id='word_1_787' title='bbox 1404 5672 1608 5725; x_wconf 83' lang='grc' dir='ltr'>δειλίαν</span> <span class='ocrx_word' id='word_1_788' title='bbox 1628 5710 1642 5734; x_wconf 90' lang='grc'><strong>,</strong></span> <span class='ocrx_word' id='word_1_789' title='bbox 1687 5672 1756 5725; x_wconf 83' lang='grc' dir='ltr'><strong>Μ.</strong></span> <span class='ocrx_word' id='word_1_790' title='bbox 1788 5681 1844 5725; x_wconf 89' lang='lat' dir='ltr'><strong>et</strong></span> <span class='ocrx_word' id='word_1_791' title='bbox 1873 5669 1963 5725; x_wconf 87' lang='lat' dir='ltr'><strong>Sc.</strong></span> <span class='ocrx_word' id='word_1_792' title='bbox 1991 5668 2233 5742; x_wconf 76' lang='grc' dir='ltr'>ἀδηλίαν,</span> <span class='ocrx_word' id='word_1_793' title='bbox 2267 5668 2324 5723; x_wconf 82' lang='grc' dir='ltr'>ι).</span> <span class='ocrx_word' id='word_1_794' title='bbox 2360 5672 2460 5726; x_wconf 63' lang='grc' dir='ltr'><strong>(ὲιι.</strong></span> <span class='ocrx_word' id='word_1_795' title='bbox 2488 5680 2541 5726; x_wconf 89' lang='lat' dir='ltr'><strong>et</strong></span> <span class='ocrx_word' id='word_1_796' title='bbox 2568 5669 2720 5725; x_wconf 84' lang='lat' dir='ltr'><strong>Vieu.</strong></span> <span class='ocrx_word' id='word_1_797' title='bbox 2748 5669 2842 5726; x_wconf 83' lang='lat' dir='ltr'><strong>Sic</strong></span> <span class='ocrx_word' id='word_1_798' title='bbox 2870 5668 3035 5726; x_wconf 88' lang='lat' dir='ltr'><strong>etiam</strong></span> <span class='ocrx_word' id='word_1_799' title='bbox 3061 5668 3247 5742; x_wconf 58' lang='lat' dir='ltr'><strong>le&#39;gunt&#39;</strong></span> <span class='ocrx_word' id='word_1_800' title='bbox 3269 5669 3413 5725; x_wconf 84' lang='lat' dir='ltr'><strong>Lan-</strong></span> 
     </span>
    </p>
   </div>
   <div class='ocr_carea' id='block_1_111' title="bbox 156 5741 2173 5817">
    <p class='ocr_par' dir='ltr' id='par_1_111' title="bbox 156 5741 2173 5817">
     <span class='ocr_line' id='line_1_112' title="bbox 156 5741 2173 5817; baseline -0.003 -15"><span class='ocrx_word' id='word_1_801' title='bbox 156 5741 376 5817; x_wconf 69' lang='lat' dir='ltr'><strong>sellius,</strong></span> <span class='ocrx_word' id='word_1_802' title='bbox 402 5746 700 5803; x_wconf 83' lang='lat' dir='ltr'><strong>Corderius</strong></span> <span class='ocrx_word' id='word_1_803' title='bbox 727 5746 780 5799; x_wconf 89' lang='lat' dir='ltr'><strong>in</strong></span> <span class='ocrx_word' id='word_1_804' title='bbox 815 5741 1066 5802; x_wconf 81' lang='lat' dir='ltr'><strong>versione</strong></span> <span class='ocrx_word' id='word_1_805' title='bbox 1093 5744 1310 5812; x_wconf 87' lang='lat' dir='ltr'><strong>Latina,</strong></span> <span class='ocrx_word' id='word_1_806' title='bbox 1340 5744 1712 5815; x_wconf 72' lang='lat' dir='ltr'><strong>Pachymeres</strong></span> <span class='ocrx_word' id='word_1_807' title='bbox 1740 5742 1793 5798; x_wconf 92' lang='lat' dir='ltr'><strong>in</strong></span> <span class='ocrx_word' id='word_1_808' title='bbox 1823 5741 2173 5815; x_wconf 77' lang='lat' dir='ltr'><strong>paraphrasi.</strong></span> 
     </span>
    </p>
   </div>
  </div>
