3876 6226
426 279 530 339 ςδΰ

1580 283 1646 339 8.
1666 282 1980 340 ὒίΟΝΪδΙΙ
2020 283 2479 342 AREOPAGITAS

447 400 685 466 ariisque
733 392 1033 450 sceleribus
1076 403 1206 449 sunt
1250 394 1518 463 cooperti,
1572 397 1844 464 siquidem
1895 397 1985 451 ali-

2097 396 2298 450 οίκείου
2346 398 2462 461 νοὸς
2511 398 2766 470 ὀλεθρίως
2793 400 3286 473 ἀπορραπίσαντες,
3311 405 3403 460 ἐπὶ
3424 405 3525 470 τὰς
3552 408 3676 477 φθο-

421 508 583 562 quam
633 504 847 547 sacram
903 489 1188 543 hauserint
1244 490 1683 554 instructionem,
1736 505 1909 559 eaque
1930 504 1999 543 ex

422 583 604 636 animo
630 580 933 651 perniciose
960 580 1169 646 abjecta
1202 581 1266 631 ad
1296 580 1669 648 corruptrices
1696 581 2001 650 voluptates

421 682 620 745 sponte
637 688 733 727 sua
755 672 994 726 devoluti
1025 672 1245 731 fuerint,
1297 687 1417 725 cum
1440 670 1551 741 jam
1586 674 1651 726 ad
1682 674 1806 727 vitze
1839 674 1999 728 linem

421 764 790 832 pervenerint,
837 761 1077 829 nonjam
1110 763 1191 817 eis
1228 764 1312 815 lex
1357 764 1538 817 divina
1577 780 1730 835 mque
1754 767 2001 835 despica-

421 857 552 911 bilis
580 855 884 925 apparebit,
933 856 1025 909 sed
1054 854 1392 924 perniciosas
1424 856 1737 924 passionum
1775 871 1996 911 suarum

422 946 729 1015 voluptates
763 945 883 999 aliis
902 948 1058 1013 longe
1081 945 1253 1001 oculis
1268 946 1614 1013 aspicientes,
1639 958 1998 1018 sanctamque

420 1037 607 1100 vitam,
633 1052 795 1106 quam
822 1038 1195 1106 imprudenter
1219 1038 1595 1105 neglexerunt,
1619 1040 1832 1093 beatam
1857 1054 1998 1108 prm-

420 1131 679 1194 dicantes,
705 1130 885 1183 miseri
909 1139 964 1183 et
995 1130 1147 1184 inviti
1177 1144 1245 1183 ex
1268 1131 1372 1185 hac
1398 1130 1504 1183 vita
1533 1132 1830 1193 decedunt,
1867 1148 1997 1201 pro-

420 1233 540 1292 pter
581 1222 745 1275 vitam
796 1236 950 1275 suam
1015 1222 1306 1291 pessimam
1339 1221 1485 1277 nulla
1513 1233 1698 1277 sancta
1732 1237 1825 1293 spe
1852 1223 1994 1278 (ulti.

2101 494 2350 563 ροποιοὺς
2394 497 2768 568 ηὐτομόλησαν
2816 498 3125 570 ἐπιθυμίας,
3167 501 3292 557 ὁταν
3318 504 3411 556 ἐπὶ
3437 506 3499 558 τὸ
3522 508 3675 570 τέλος
3714 540 3733 575 ης

2098 583 2361 655 ἔρχωνται
2416 587 2516 656 τῆς
2562 589 2747 642 ἐνθάδε
2803 590 2966 661 ζωῆς,
2997 592 3097 644 οὐκ
3127 592 3205 645 ἔτι
3244 594 3443 664 ὁμοίως
3485 596 3675 665 αὑταῖς

2097 676 2566 749 εὐκαταφρόνητος
2592 684 2838 749 φανεῖται
2864 683 2910 713 ’⁸
2931 684 3039 736 τῶν
3062 683 3256 752 λογίων
3276 688 3307 757 ἡ
3331 686 3451 741 θεία.
3475 688 3678 759 θεσμο-

2098 766 2272 829 θεσία,
2322 768 2420 831 τὰς
2475 769 2769 840 ὀλλυμένας
2796 773 2852 825 δὲ
2876 773 2983 826 τῶν
3005 775 3219 828 οἰκείων
3254 776 3441 830 παθῶν
3482 780 3681 850 ἡδονὰς
3722 798 3731 805 ’

2097 859 2302 931 ἑτέροις
2346 861 2642 933 ὀφθαλμοῖς
2691 866 3179 937 ὲπισκοπήσαντες,
3228 870 3323 924 καὶ
3368 872 3468 940 τὴν
3521 874 3680 946 ἱερὰν

2094 948 2272 1020 ζωὴν,
2324 946 2391 1022 ἦς
2440 953 2679 1025 ἀνοήτως
2745 956 3167 1020 ὲκπεπτώκασι,
3235 962 3678 1033 μακαρίσαπες,

2093 1042 2341 1109 ἐλεεινῶς
2371 1047 2464 1099 καὶ
2509 1047 2819 1119 ἀϐουλήτως
2862 1050 3245 1120 ἀποσχίζονται
3268 1055 3360 1109 τοῦ
3382 1058 3507 1128 τῇδε
3533 1060 3674 1129 βίου,

2092 1136 2229 1205 πρὸς
2261 1137 2530 1208 μηδεμίαν
2559 1140 2710 1211 ἱερὰν
2731 1141 2921 1195 ἐλπίδα
2944 1145 3441 1219 χειραγωγούμενοι
3463 1150 3554 1206 διὰ
3576 1154 3677 1207 τὴν

2091 1226 2370 1297 χειρίστην
2405 1224 2572 1299 ζωήν.

1962 1335 2133 1414 §lll.

487 1443 753 1511 Quoniam
810 1454 991 1496 autem
1024 1444 1075 1496 in
1126 1449 1443 1497 sanctorum
1494 1442 1991 1499 obdormitionibus

418 1539 555 1594 nihil
610 1540 800 1593 borum
848 1538 1067 1601 accidit,
1101 1537 1145 1590 is
1175 1537 1264 1605 qtti
1296 1548 1556 1605 properat
1585 1538 1650 1589 ad
1680 1537 1840 1590 linem
1870 1550 1992 1589 cer-

420 1630 682 1684 taminum
715 1640 936 1682 suorum
965 1637 1150 1681 saneta
1178 1627 1409 1695 quadam
1443 1626 1624 1681 lmtitia
1663 1625 1990 1695 completur,

418 1734 725 1788 magnaque
772 1733 901 1775 cum
952 1718 1293 1787 iucunditate
1341 1732 1510 1773 sacra:
1568 1718 1993 1786 regenerationis

418 1815 523 1867 iter
556 1812 872 1882 ingreditur.
909 1810 1203 1878 Propinqui
1237 1818 1416 1864 autem
1444 1810 1564 1879 ejus
1587 1812 1678 1881 qui
1706 1810 1992 1866 defunctus

415 1905 577 1977 265
606 1913 709 1968 est,
765 1919 864 1973 pro
905 1904 1028 1973 jure
1080 1902 1276 1956 divina:
1316 1903 1735 1972 prOpinquitatis
1766 1919 1831 1958 ac
1881 1920 1991 1957 tnu-

415 2015 533 2050 rum
567 1997 945 2055 similitudine.
979 1994 1195 2049 beatum
1225 1995 1424 2063 ipsum,
1458 1994 1534 2048 uti
1562 2010 1689 2049 vere
1717 2005 1824 2061 est,
1854 2010 1991 2065 pra“:-

412 2090 617 2152 dieant,
654 2089 797 2157 quod
833 2088 902 2140 ad
943 2096 1188 2156 optatum
1243 2086 1486 2141 victoriae
1528 2087 1772 2141 braviutn
1804 2103 1990 2157 perve-

412 2182 573 2245 nerit,
616 2179 935 2246 auctorique
976 2179 1223 2233 victorim
1268 2178 1481 2233 cantica
1523 2180 1821 2247 gratiarum
1871 2181 1984 2234 sol-

411 2284 565 2333 vunt.
619 2281 780 2339 atque
813 2268 915 2322 sibi
957 2267 1191 2322 similem
1240 2278 1445 2323 sortem
1492 2279 1719 2338 Optant;
1757 2272 1989 2341 denique

413 2371 755 2418 assumentes
787 2364 961 2430 ipsum
998 2360 1062 2415 ad
1093 2360 1393 2415 antistitem
1446 2370 1683 2429 portant,
1716 2366 1869 2431 quasi
1895 2380 1988 2416 sa-

412 2458 523 2509 cris
551 2455 773 2509 coronis
804 2453 1196 2507 munerandum
1232 2471 1246 2519 ;
1292 2454 1381 2522 qui
1413 2454 1644 2507 libenter
1666 2468 1789 2509 eum
1818 2456 1989 2510 susci-

410 2547 511 2617 pit,
542 2560 714 2615 eaque
734 2546 878 2615 justa
904 2545 1133 2616 peragit,
1180 2560 1301 2613 qua:
1324 2546 1509 2601 divino
1558 2547 1806 2602 instituto
1829 2549 1984 2601 exhi-

411 2638 607 2691 bentur
638 2637 702 2691 iis
732 2636 821 2705 qui
854 2644 1039 2691 sancte
1069 2636 1499 2691 obdormierunt.

445 2752 508 2807 11.
549 2750 857 2821 Mysterium
898 2766 1055 2819 super
1083 2752 1162 2804 his
1193 2753 1282 2820 qui
1312 2762 1491 2806 sancte
1532 2753 1948 2811 obdormierunt.

2171 1436 2386 1491 Τούτων
2408 1438 2466 1492 δὲ
2485 1440 2698 1505 οὐδενὸς
2742 1444 3059 1514 γιγνομένου
3105 1446 3244 1501 κατὰ
3264 1448 3362 1512 τὰς
3388 1453 3677 1521 κοιμήσεις

2093 1531 2201 1584 τῶν
2227 1532 2391 1604 ἱερῶν
2436 1533 2669 1605 ἀνδρῶν,
2695 1536 2860 1601 αὐτὸς
2894 1538 2994 1608 μὲν
3018 1540 3046 1591 ὁ
3077 1540 3213 1610 πρὸς
3234 1541 3296 1593 τὺ
3321 1542 3494 1613 πέρας
3518 1545 3679 1615 ἐρχό-

2097 1642 2257 1694 μενος
2297 1626 2408 1680 τῶν
2443 1627 2659 1680 οἰκείων
2711 1627 2936 1696 ἀγώνων
2978 1630 3313 1703 εὐφροσύνης
3350 1634 3501 1704 ἱερεῖς
3534 1635 3675 1687 ἀπο-

2095 1717 2419 1788 πληροῦται,
2457 1719 2550 1771 καὶ
2579 1719 2675 1771 σὺν
2722 1720 2885 1791 ἡδονῇ
2926 1720 3094 1793 πολλῇ
3124 1723 3259 1795 πρὸς
3285 1725 3384 1795 τὴν
3409 1726 3526 1779 ὁδὸν
3551 1728 3674 1779 ἐπι-

2093 1809 2267 1862 ϐαίνει
2290 1811 2391 1879 τῆς
2433 1812 2585 1882 ἱερᾶς
2630 1810 3064 1880 παλιγγενεσίας.
3099 1815 3161 1867 Ol
3190 1815 3249 1868 δὲ
3269 1815 3363 1869 τοῦ
3387 1817 3679 1888 κοιμηθέν-

2091 1920 2182 1966 τος
2231 1904 2443 1967 οίκεῖοι,
2498 1902 2640 1956 κατὰ
2684 1903 2784 1974 τὴν
2829 1903 2980 1958 Θείαν
3003 1906 3310 1977 οἰκειότητα
3333 1909 3681 1981 καὶὸμοτρο-

2093 1994 2243 2059 πίαν,
2291 1993 2452 2047 αὐτόν
2498 2010 2579 2055 τε,
2621 1994 2769 2058 ὅστις
2795 1994 2913 2047 ἐστὶ
2944 1996 3010 2059 ⁸⁷,
3044 1997 3426 2069 μακαρίζουσι,
3458 2000 3595 2069 πρὸς
3612 1999 3685 2053 τὸ

2092 2087 2384 2158 νικηφόρον
2427 2087 2694 2150 εὐκταίως
2734 2087 3061 2159 ἀφικόμενον
3081 2090 3231 2154 τέλος
3258 2091 3323 2155 ⁸⁸,
3360 2092 3549 2162 καὶτῷ
3572 2092 3678 2164 τῆς

2091 2179 2248 2250 νίκης
2295 2179 2452 2250 αἱτίῳ
2486 2180 2869 2252 χαριστηρίους
2902 2181 3044 2252 ᾠδὰς
3067 2183 3468 2256 ἀναπέμπουσι.
3494 2201 3675 2257 προσ-

2091 2269 2171 2321 έτι
2196 2269 2289 2321 καὶ
2327 2270 2523 2334 αὐτοὺς
2551 2268 2842 2340 ἀφικέσθαι
2869 2269 3006 2343 πρὸς
3027 2271 3126 2343 τὴν
3161 2273 3356 2345 ὁμοίαν
3388 2274 3679 2346 εὐχόμενοι

2090 2359 2240 2431 λῆξιν
2259 2379 2271 2391 ·
2301 2360 2555 2427 λαϐόντες
2590 2364 2646 2417 δὲ
2680 2363 2861 2429 αὐτὸν,
2897 2364 2990 2417 ἐπὶ
3020 2365 3113 2418 τὸν
3144 2366 3405 2439 ἱεράρχην
3427 2368 3676 2435 ἄγουσιν,

2090 2449 2167 2513 ὡς
2201 2451 2295 2504 ἐπὶ
2344 2453 2622 2521 στεφάνων
2652 2451 2815 2524 ἱερῶν
2860 2453 3004 2507 δόσιν
3023 2471 3037 2484 ’
3063 2457 3092 2508 6
3118 2455 3175 2509 δὲ
3203 2456 3455 2527 ἀσμένως
3482 2458 3679 2512 ὑποδέ-

2091 2559 2267 2611 χεται,
2322 2544 2417 2596 καὶ
2466 2543 2612 2598 τελεῖ
2652 2545 2722 2599 τά
2767 2545 2907 2600 κατὰ
2966 2546 3167 2619 θεσμὸν
3209 2550 3373 2623 ἱερῶν
3424 2552 3520 2605 ἐπὶ
3558 2554 3677 2615 “rei;

2089 2633 2250 2697 ὁσίως
2275 2635 2317 2667 ’⁸
2346 2652 2576 2708 κεκοιμη
2586 2636 2769 2707 μένοις
2792 2636 3114 2709 τελούμενα.

2186 2750 2252 2801 11.
2294 2752 2352 2802 Μ
2357 2749 2643 2819 υστήριον
2661 2752 2759 2805 ἐπὶ
2784 2751 2902 2806 τῶν
2917 2753 3088 2822 ἱερῶς
3111 2757 3581 2827 κεκοιμημένων.

479 2843 681 2897 Coacw
710 2852 854 2895 rmtu
907 2855 1089 2906 sacro,
1138 2840 1351 2894 divinus
1391 2842 1639 2910 antistes,
1693 2845 1736 2897 si
1768 2847 1983 2913 quidem

2160 2840 2488 2911 Συναγαγὼν
2510 2844 2538 2896 ὁ
2566 2842 2710 2907 θεῖος
2749 2845 3010 2918 ίεράρχης
3050 2845 3141 2899 τὸν
3175 2847 3316 2918 ἱερὸν
3338 2850 3496 2919 χορὸν
3522 2850 3594 2913 ³⁸,
3624 2851 3678 2904 εί

410 2934 465 2988 in
509 2934 680 2988 sacris
730 2931 907 2985 fuerat
933 2931 1022 2999 qui
1071 2930 1423 2997 obdormivit,
1453 2943 1581 2986 ante
1630 2934 1871 2988 divinum
1900 2936 1985 2989 al-

408 3035 529 3080 tare
577 3024 725 3078 illum
775 3023 1073 3087 inclinans,
1124 3021 1244 3079 init
1291 3023 1592 3077 orationem
1643 3025 1707 3077 ad
1738 3026 1903 3080 Deum
1929 3036 1987 3082 et

408 3118 703 3189 gratiarum
755 3116 1029 3170 actionem
1059 3132 1074 3179 ;
1104 3115 1186 3169 sin
1234 3125 1410 3169 autem
1458 3117 1663 3171 sanctis
1702 3119 1983 3175 menaehis

407 3220 665 3263 sanctove
714 3206 911 3277 populo
959 3215 1352 3260 annumeratus
1398 3205 1599 3273 fuerat,
1625 3208 1693 3262 ad
1719 3222 1984 3265 veneran-

406 3304 531 3355 dum
558 3301 858 3356 sacrariqu
883 3308 1010 3354 ante
1040 3299 1386 3354 sacerdotum
1415 3300 1700 3355 introitum
1728 3301 1979 3357 collocat.

405 3391 609 3447 Przesul
657 3391 854 3446 deinde
900 3391 1110 3461 peragit
1151 3392 1217 3444 ad
1246 3390 1411 3444 Deum
1464 3406 1679 3461 precem
1703 3402 1758 3447 et
1780 3394 1982 3463 gratia-

407 3501 524 3538 rum
574 3484 845 3539 actionem
877 3498 893 3547 ;
921 3484 1179 3552 deinceps
1208 3498 1341 3538 vero
1387 3484 1623 3550 diaconi,
1675 3486 1980 3541 verissimis

404 3577 469 3627 de
514 3574 913 3628 resurrectione
957 3576 1262 3644 promissis.
1290 3590 1410 3645 qua:
1435 3577 1633 3631 divinis
1665 3576 1972 3647 Scripturis

403 3666 608 3720 inserta
639 3674 785 3727 sunt,
813 3665 1077 3730 recitatis,
1112 3666 1302 3719 iisdem
1330 3681 1566 3721 consona
1619 3678 1785 3737 atque
1809 3671 1979 3738 aequi-

400 3758 638 3812 Valentia
702 3756 1038 3812 Psalmorum
1098 3758 1316 3812 cantica
1361 3761 1844 3815 concinunt:tum
1891 3778 1981 3815 ar-

398 3849 756 3902 chidiaconus
781 3849 1206 3903 catechumenos
1242 3850 1485 3917 dimittit,
1514 3862 1844 3921 sanctosque
1862 3853 1977 3923 jam

401 3942 685 3995 defunctos
714 3951 1125 4006 commemorat,
1154 3944 1351 4011 quibus
1376 3958 1566 3998 recens
1590 3944 1697 3998 vita
1732 3944 1977 4001 functum

397 4031 669 4086 consimili
737 4036 1262 4089 commemoratione
1312 4046 1499 4092 censet
1551 4040 1975 4109 aggregandum,

400 4125 758 4193 hortaturque
810 4140 1023 4190 omnes,
1053 4125 1126 4181 illi
1154 4137 1209 4180 ut
1237 4128 1454 4182 beatum
1488 4129 1538 4182 in
1567 4130 1786 4186 Christo
1814 4131 1973 4185 linem

2090 2936 2197 3007 μὴν
2219 2935 2263 2965 ³³
2299 2936 2577 3006 ἱερατικῆς
2626 2935 2867 3004 ἐγεγόνει
2912 2937 3117 3003 τάξεως
3169 2941 3199 2991 6
3247 2943 3675 3011 κεκοιμημένος,

2086 3021 2415 3094 ἐπίπροσθεν
2440 3021 2533 3075 τοῦ
2561 3022 2704 3075 θείου
2732 3022 3118 3096 θυσιαστηρίου
3134 3025 3464 3090 κατακλίνας
3484 3029 3674 3095 αὐτὸν,

2084 3114 2388 3185 ἀπάρχεται
2421 3114 2521 3183 τῆς
2548 3113 2686 3184 πρὸς
2709 3113 2839 3166 Θεὸν
2886 3115 3051 3186 εὐχῆς
3076 3116 3172 3170 καὶ
3207 3115 3559 3188 εὐχαριστίας
3578 3137 3593 3151 ο
3623 3124 3674 3175 εί

2080 3205 2141 3279 ,δὲ
2188 3207 2300 3268 τοῖς
2358 3203 2577 3271 εὐαγέσι
2625 3204 2880 3273 μοναχοῒς
2911 3203 2944 3275 ἢ
2973 3202 3050 3274 τῷ
3100 3203 3232 3275 ἱερῷ
3283 3205 3397 3276 λαῷ
3446 3209 3677 3261 κατετέ-

2084 3315 2249 3351 τακτο
2274 3296 2501 3367 ³¹,παρά
2520 3296 2582 3349 τὸ
2617 3296 2797 3365 τίμιον
2840 3296 3105 3365 ἱερατεῖω
3147 3295 3308 3349 αὑτὸν
3350 3298 3674 3354 κατακλίνει

2084 3389 2191 3460 πρὸ
2214 3388 2313 3457 τῆς
2338 3386 2619 3458 ἱερατικῆς
2658 3385 3030 3448 είσελεύσεως.
3076 3380 3211 3440 Εἶτα
3232 3386 3377 3460 τε.λεῖ
3403 3387 3503 3459 τὴν
3530 3389 3675 3460 πρὸς

2083 3455 2213 3535 Θεὸν
2244 3455 2657 3552 εύχαριστήριον
2686 3478 2850 3549 εὐχὴν
2877 3479 2906 3531 ὁ
2930 3476 3191 3549 ίεράρχης
3210 3455 3376 3549 ἶῙιίξῆς
3404 3455 3470 3533 δὲ.
3495 3483 3543 3533 οἱ
3567 3455 3678 3535 λει.

2083 3573 2298 3641 τουργοὶ
2319 3570 2417 3634 τάς
2438 3572 2495 3622 ὲν
2519 3571 2633 3633 τοῖς
2678 3568 2842 3632 θείοις
2865 3566 3067 3636 λογίοις
3096 3569 3476 3641 ἐμφερομένας
3493 3571 3671 3641 ἀψευ-

2080 3664 2192 3727 δεῖς
2218 3661 2551 3731 ἐπαγγελίας
2592 3662 2719 3732 περὶ
2766 3660 2868 3731 τῆς
2905 3663 3057 3733 ἱερᾶς
3104 3661 3264 3732 ἡμῶν
3314 3662 3675 3728 ἀναστάσεως

2080 3755 2619 3858 ἀναγνόπεςέέὶερῶς
2664 3753 2846 3824 ᾄδουσι
2896 3752 2996 3817 τὰς
3023 3751 3325 3858 ὁμολόγους
3348 3752 3674 3858 xui-taben-

2078 3848 2346 3920 δυνάμους
2374 3828 2484 3899 ὧν
2509 3844 2795 3916 ψαλμικῶν
2832 3844 3026 3912 λογίων
3066 3828 3251 3925 ᾠδάς]
3273 3838 3391 3897 εἶτα
3410 3844 3522 3895 τῶν
3552 3844 3671 3899 λειο

2078 3938 2323 4011 τουργῶν
2346 3940 2374 3992 6
2399 3937 2612 4009 πρῶτος
2652 3934 2879 3989 ἀπολύει
2922 3936 3049 3998 τοὺς
3078 3933 3542 4007 κατηχουμένους,
3571 3937 3673 3990 καὶ

2078 4029 2443 4103 ἀνακηρύττει
2461 4030 2587 4093 τοὺς
2622 4029 2723 4101 ῆδη
2749 4026 3182 4099 κεκοιμημένους
3206 4026 3413 4096 ἁγίους,
3442 4029 3565 4099 μεθ’
3588 4022 3675 4084 ὧν

2077 4122 2221 4187 ἀξιοῖ
2253 4121 2345 4174 τὸν
2374 4121 2499 4191 ἄρτι
2525 4117 2881 4171 τελειωθέντα
2924 4117 3025 4187 τῆς
3067 4114 3368 4188 ὁμοταγοῦς
3414 4119 3670 4191 mappa-

399 4224 629 4282 petant;
667 4224 778 4269 tum
805 4216 1075 4271 accedens
1120 4217 1337 4271 divinus
1382 4217 1611 4272 antistes
1637 4234 1850 4288 precem
1883 4235 1972 4272 suo

2089 4231 2236 4277 πεως,
2262 4214 2357 4267 καὶ
2390 4211 2756 4284 προτρέπεται
2798 4212 3005 4274 πάντας
3049 4209 3268 4281 αἱτῆσαι
3313 4209 3412 4281 τὴν
3437 4211 3500 4262 ὲν
3528 4211 3672 4280 Χρι-

396 4323 493 4377 per
517 4322 585 4364 eo
627 4310 1062 4363 sacratissimam
1111 4309 1350 4379 peragit,
1398 4325 1502 4380 qua
1538 4312 1714 4375 linita,
1744 4312 1972 4379 ipsemet

2089 4303 2191 4374 3τῷ
2221 4300 2497 4375 μακαρίαν
2517 4301 2796 4355 τελείωσιν
2814 4317 2826 4330 ·
2882 4294 3003 4353 εἶτα
3028 4297 3382 4371 προσελθὼνὸ
3410 4298 3555 4362 θεῖος
3585 4299 3666 4353 ἱε-

397 4403 623 4455 antistes
676 4400 995 4456 defunctum
1043 4402 1268 4467 salutat,
1315 4410 1368 4456 et
1398 4417 1522 4456 cum
1551 4402 1641 4456 illo
1670 4413 1967 4471 praesentes

2089 4395 2320 4465 ράρχης,
2368 4392 2531 4464 εὐχὴν
2578 4392 2875 4465 ἱερωτάτην
2922 4391 3008 4444 ἐπ’
3056 4387 3206 4460 αὐτῷ
3252 4388 3517 4452 ποιεῖται,
3566 4390 3671 4444 καὶ

394 4507 605 4546 omnes.
635 4492 753 4557 Quo
792 4502 1034 4561 peracto,
1086 4492 1313 4547 antistes
1362 4492 1671 4546 defunctum
1696 4493 1818 4547 oleo
1843 4508 1968 4562 per~

2089 4486 2218 4554 uerat
2274 4484 2373 4557 τὴν
2429 4484 2597 4555 εὐχὴν
2655 4482 2819 4546 αὐτός
2864 4498 2925 4535 τε
2970 4483 2999 4535 6
3043 4480 3304 4553 ἱεράρχης
3352 4480 3667 4544 ἀσπάζεται

393 4580 591 4644 Ιυιιιιίι,
618 4591 672 4635 et
695 4597 791 4650 pro
819 4582 1074 4636 omnibus
1104 4597 1267 4651 prece
1314 4580 1481 4647 facta,
1535 4582 1798 4636 honorato
1848 4582 1968 4637 loco

2089 4574 2163 4628 τὸν
2219 4572 2773 4644 κεκοιμημένον,’καὶ
2838 4573 2955 4642 μετ’
3004 4570 3165 4626 αὑτὸν
3211 4570 3261 4623 οἱ
3318 4568 3588 4640 παρόντες
3616 4572 3667 4603 ³⁸

380 4684 592 4740 corpus
615 4673 846 4726 collocat
873 4688 979 4727 una
1012 4689 1133 4728 cum
1164 4673 1470 4744 aequalibus
1507 4673 1630 4729 aliis
1648 4674 1967 4743 corporibus

2089 4668 2330 4730 ἱπαντες.
2399 4664 2827 4736 Ἀσπασαμένων
2887 4663 2945 4717 δὲ
2992 4664 3248 4725 πάντων,
3305 4661 3517 4731 ἑπιχέει
3579 4662 3667 4734 τῷ

379 4766 616 4821 sanctis.
2071 4758 2458 4829 κεκοιμημὲνῳ
2504 4756 2565 4810 τὸ
2614 4756 2836 4810 ἐλαιονὸ
2868 4755 3153 4827 ἱεράρχης,
3213 4755 3308 4807 καὶ
3359 4754 3461 4823 τὴν
3514 4753 3665 4825 ὑπὲρ

2074 4853 2290 4906 πάντων
2316 4851 2478 4922 εὐχὴν
2510 4849 2660 4922 ἱεράν
2680 4849 3066 4922 ποιησάμενος,
3094 4846 3412 4916 ἀποτίθησιν
3437 4848 3497 4899 ὲν
3520 4846 3663 4916 οἴκῳ

2071 4944 2237 5014 τιμίῳ
2262 4942 2322 4997 τὸ
2350 4940 2507 5013 σῶμα
2533 4943 2652 5014 μεθ’
2669 4942 2869 5013 ἑτέρων
2883 4940 3165 5012 ὁμοταγῶν
3184 4939 3344 5012 ἱερῶν
3364 4939 3659 5008 σωμάτων.

904 5074 989 5131 111.
1030 5075 1415 5147 Conlemplatto

2670 5079 2762 5132 111.
2809 5076 3047 5144 Θεωρία.

460 5253 583 5307 llrcc
626 5251 844 5321 quidem
892 5252 936 5305 si
986 5251 1299 5318 aspexerint
1346 5253 1582 5321 profani,
1625 5254 1767 5308 vela
1804 5254 1961 5309 nobis

385 5348 500 5403 lieri
558 5344 951 5411 iuaudiverint,
1001 5342 1246 5413 profuse,
1276 5346 1637 5412 utexistimo,
1685 5347 1958 5413 ridebunt,

1658 5462 1893 5518 VARUE
1933 5462 2341 5519 LECTIONES.

452 5568 500 5599 ¹⁴¹
524 5565 792 5635 φαίνεται.
823 5564 881 5617 S.
911 5562 1056 5617 Scol.
1089 5561 1206 5613 Sar.
1287 5562 1330 5593 "
1360 5556 1468 5627 οἶός
1492 5565 1627 5622 ἐστι,
1658 5564 1715 5616 Ι).
1792 5560 2069 5635 ’δεύγζτῶς
2089 5560 2201 5635 1_M.
2232 5559 2423 5635 πέρας,
2451 5559 2511 5613 D.
2552 5558 2635 5635 ﬁ"
2657 5553 2960 5635 6§iot§_,‘M.
2988 5552 3074 5632 ξαρ.
3141 5550 3203 5635 ’ξ’
3230 5549 3514 5635 allicnlgtft
3546 5546 3653 5635 ξιόν

382 5653 490 5689 non
530 5619 731 5689 babent
763 5619 826 5689 S.
858 5633 921 5687 1).
962 5636 1021 5689 1).
1101 5634 1141 5664 ³⁸
1173 5631 1289 5701 μέν.
1370 5634 1411 5667 ³³
1438 5619 1824 5693 κατατέτακτο,
1855 5631 1910 5686 1³.
1949 5628 2007 5686 1).
2051 5619 2065 5624 ⁷
2088 5629 2132 5665 ³³
2159 5619 2523 5705 παρεστῶτες,
2552 5629 2609 5682 Ρ.
2691 5628 2733 5660 ’τι
2762 5624 2897 5681 ἀλλὰ
2918 5622 3109 5689 ταῦτα,
3141 5621 3209 5675 Μ.
3246 5622 3339 5677 Sc.
3412 5619 3457 5651 ³⁸
3486 5621 3645 5677 LW».

379 5706 531 5759 τελού
542 5724 695 5764 αενα.
727 5708 785 5759 1).

356 5243 375 5271 ’⁸
460 5253 583 5307 llrcc
626 5251 844 5321 quidem
892 5252 936 5305 si
986 5251 1299 5318 aspexerint
1346 5253 1582 5321 profani,
1625 5254 1767 5308 vela
1804 5254 1961 5309 nobis
2143 5250 2330 5305 Ταῦτα
2383 5253 2478 5322 μὲν
2505 5251 2551 5283 ³⁸
2572 5249 2729 5303 εἴπεο
2780 5245 2996 5300 ἴδοιενῆ
3030 5243 3321 5298 ἀκούσαιεν
3361 5243 3412 5296 οἱ
3445 5242 3653 5314 ἀνίεροι

2067 5366 2204 5420 προς
2239 5345 2396 5418 ἡμῶν
2441 5345 2739 5416 τελούμενα
2764 5339 3047 5408 ³⁵,πλατὺσ
3068 5338 3394 5409 γελάσουσιν,
3444 5335 3522 5399 ὡς
3568 5331 3651 5388 οἷ-
