  <div class='ocr_page' id='page_1' title='image "/cluster/home/n/w/nwhite01/storage/ocr_20150623/3/nnc1.0046978666/304.png"; bbox 0 0 3876 6226; ppageno 0'>
   <div class='ocr_carea' id='block_1_1' title="bbox 176 312 3435 391">
    <p class='ocr_par' dir='ltr' id='par_1_1' title="bbox 176 312 3435 391">
     <span class='ocr_line' id='line_1_1' title="bbox 176 312 3435 391; baseline -0.003 -5"><span class='ocrx_word' id='word_1_1' title='bbox 176 312 290 377; x_wconf 64' lang='lat'><strong>55‘!</strong></span> <span class='ocrx_word' id='word_1_2' title='bbox 1236 327 1324 382; x_wconf 85' lang='lat' dir='ltr'><strong>DE</strong></span> <span class='ocrx_word' id='word_1_3' title='bbox 1358 322 1641 382; x_wconf 87' lang='lat' dir='ltr'><strong>ECCLES.</strong></span> <span class='ocrx_word' id='word_1_4' title='bbox 1671 324 2069 391; x_wconf 67' lang='lat' dir='ltr'><strong>nmmum,</strong></span> <span class='ocrx_word' id='word_1_5' title='bbox 2105 327 2256 383; x_wconf 79' lang='lat' dir='ltr'><strong>CAP.</strong></span> <span class='ocrx_word' id='word_1_6' title='bbox 2294 326 2386 384; x_wconf 88' lang='lat' dir='ltr'><strong>vn</strong></span> <span class='ocrx_word' id='word_1_7' title='bbox 3333 323 3435 377; x_wconf 62' lang='lat'><strong>533</strong></span> 
     </span>
    </p>
   </div>
   <div class='ocr_carea' id='block_1_2' title="bbox 175 438 1744 519">
    <p class='ocr_par' dir='ltr' id='par_1_2' title="bbox 175 438 1744 519">
     <span class='ocr_line' id='line_1_2' title="bbox 175 438 1744 519; baseline 0.003 -27"><span class='ocrx_word' id='word_1_8' title='bbox 175 455 305 504; x_wconf 80' lang='grc' dir='ltr'>μαι,</span> <span class='ocrx_word' id='word_1_9' title='bbox 331 440 428 493; x_wconf 78' lang='grc' dir='ltr'><strong>καὶ</strong></span> <span class='ocrx_word' id='word_1_10' title='bbox 453 441 552 513; x_wconf 81' lang='grc' dir='ltr'>τῆς</span> <span class='ocrx_word' id='word_1_11' title='bbox 581 438 895 515; x_wconf 79' lang='grc' dir='ltr'>πλανήσεως</span> <span class='ocrx_word' id='word_1_12' title='bbox 948 446 1096 517; x_wconf 77' lang='grc' dir='ltr'>ἡμᾶς</span> <span class='ocrx_word' id='word_1_13' title='bbox 1142 446 1473 519; x_wconf 86' lang='grc' dir='ltr'>ὲλεήσουσιν.</span> <span class='ocrx_word' id='word_1_14' title='bbox 1500 448 1572 500; x_wconf 79' lang='grc' dir='ltr'><strong>Οὐ</strong></span> <span class='ocrx_word' id='word_1_15' title='bbox 1595 446 1677 499; x_wconf 87' lang='grc' dir='ltr'>δεῖ</span> <span class='ocrx_word' id='word_1_16' title='bbox 1703 445 1744 498; x_wconf 71' lang='grc' dir='ltr'>δὲ</span> 
     </span>
    </p>
   </div>
   <div class='ocr_carea' id='block_1_3' title="bbox 1851 438 3431 519">
    <p class='ocr_par' dir='ltr' id='par_1_3' title="bbox 1866 438 3431 514">
     <span class='ocr_line' id='line_1_3' title="bbox 1866 438 3431 514; baseline -0.008 -13"><span class='ocrx_word' id='word_1_17' title='bbox 1866 456 1917 502; x_wconf 91' lang='lat' dir='ltr'><strong>et</strong></span> <span class='ocrx_word' id='word_1_18' title='bbox 1940 449 2144 503; x_wconf 84' lang='lat' dir='ltr'><strong>erroris</strong></span> <span class='ocrx_word' id='word_1_19' title='bbox 2186 448 2358 503; x_wconf 82' lang='lat' dir='ltr'><strong>nostri</strong></span> <span class='ocrx_word' id='word_1_20' title='bbox 2406 447 2549 514; x_wconf 90' lang='lat' dir='ltr'><strong>ipsos</strong></span> <span class='ocrx_word' id='word_1_21' title='bbox 2590 438 3164 501; x_wconf 65' lang='lat' dir='ltr'><strong>miserebiturNerum</strong></span> <span class='ocrx_word' id='word_1_22' title='bbox 3198 451 3304 492; x_wconf 86' lang='lat' dir='ltr'><strong>non</strong></span> <span class='ocrx_word' id='word_1_23' title='bbox 3344 443 3431 489; x_wconf 86' lang='lat' dir='ltr'><strong>est</strong></span> 
     </span>
    </p>
   </div>
   <div class='ocr_carea' id='block_1_4' title="bbox 170 529 1744 610">
    <p class='ocr_par' dir='ltr' id='par_1_4' title="bbox 170 530 1744 610">
     <span class='ocr_line' id='line_1_4' title="bbox 170 530 1744 610; baseline 0.003 -26"><span class='ocrx_word' id='word_1_24' title='bbox 170 530 318 601; x_wconf 67' lang='grc' dir='ltr'>πρὸς</span> <span class='ocrx_word' id='word_1_25' title='bbox 342 531 503 586; x_wconf 80' lang='grc' dir='ltr'>τοῦτο</span> <span class='ocrx_word' id='word_1_26' title='bbox 529 533 832 606; x_wconf 76' lang='grc' dir='ltr'><strong>θαυμάζειν</strong></span> <span class='ocrx_word' id='word_1_27' title='bbox 851 553 863 567; x_wconf 81' lang='grc'><em>’</em></span> <span class='ocrx_word' id='word_1_28' title='bbox 893 536 989 591; x_wconf 81' lang='grc' dir='ltr'>ἐὰν</span> <span class='ocrx_word' id='word_1_29' title='bbox 1017 538 1126 610; x_wconf 89' lang='grc' dir='ltr'><strong>γάρ</strong></span> <span class='ocrx_word' id='word_1_30' title='bbox 1155 538 1228 609; x_wconf 85' lang='grc' dir='ltr'><strong>μὴ</strong></span> <span class='ocrx_word' id='word_1_31' title='bbox 1271 537 1654 602; x_wconf 79' lang='grc' dir='ltr'><strong>πιστεύσωσιν,</strong></span> <span class='ocrx_word' id='word_1_32' title='bbox 1687 538 1744 599; x_wconf 72' lang='grc' dir='ltr'><strong>ὡς</strong></span> 
     </span>
    </p>
   </div>
   <div class='ocr_carea' id='block_1_5' title="bbox 1851 529 3441 610">
    <p class='ocr_par' dir='ltr' id='par_1_5' title="bbox 1864 529 3441 607">
     <span class='ocr_line' id='line_1_5' title="bbox 1864 529 3441 607; baseline -0.006 -15"><span class='ocrx_word' id='word_1_33' title='bbox 1864 540 2004 607; x_wconf 92' lang='lat' dir='ltr'><strong>quod</strong></span> <span class='ocrx_word' id='word_1_34' title='bbox 2038 540 2142 594; x_wconf 92' lang='lat' dir='ltr'><strong>hoc</strong></span> <span class='ocrx_word' id='word_1_35' title='bbox 2184 540 2489 594; x_wconf 87' lang='lat' dir='ltr'><strong>miremur:</strong></span> <span class='ocrx_word' id='word_1_36' title='bbox 2519 537 2625 593; x_wconf 90' lang='lat' dir='ltr'><strong>nisi</strong></span> <span class='ocrx_word' id='word_1_37' title='bbox 2668 536 2813 592; x_wconf 89' lang='lat' dir='ltr'><strong>enim</strong></span> <span class='ocrx_word' id='word_1_38' title='bbox 2868 532 3230 592; x_wconf 88' lang='lat' dir='ltr'><strong>crediderint,</strong></span> <span class='ocrx_word' id='word_1_39' title='bbox 3277 529 3441 598; x_wconf 81' lang='lat' dir='ltr'><strong>juxta</strong></span> 
     </span>
    </p>
   </div>
   <div class='ocr_carea' id='block_1_6' title="bbox 166 622 1744 702">
    <p class='ocr_par' dir='ltr' id='par_1_6' title="bbox 166 622 1744 702">
     <span class='ocr_line' id='line_1_6' title="bbox 166 622 1744 702; baseline 0.004 -26"><span class='ocrx_word' id='word_1_40' title='bbox 166 623 246 677; x_wconf 78' lang='grc' dir='ltr'><strong>τά</strong></span> <span class='ocrx_word' id='word_1_41' title='bbox 273 623 434 692; x_wconf 83' lang='grc' dir='ltr'>λόγιά</span> <span class='ocrx_word' id='word_1_42' title='bbox 456 622 470 639; x_wconf 61' lang='grc'><em>⁸</em></span> <span class='ocrx_word' id='word_1_43' title='bbox 493 643 677 699; x_wconf 81' lang='grc' dir='ltr'>φησιν,</span> <span class='ocrx_word' id='word_1_44' title='bbox 727 628 847 681; x_wconf 81' lang='grc' dir='ltr'>οὐδὲ</span> <span class='ocrx_word' id='word_1_45' title='bbox 901 628 976 702; x_wconf 80' lang='grc' dir='ltr'><strong>μὴ</strong></span> <span class='ocrx_word' id='word_1_46' title='bbox 1030 631 1347 700; x_wconf 83' lang='grc' dir='ltr'>συνήσουσιν</span> <span class='ocrx_word' id='word_1_47' title='bbox 1376 631 1441 682; x_wconf 79' lang='grc'><strong>³⁸.</strong></span> <span class='ocrx_word' id='word_1_48' title='bbox 1481 630 1671 701; x_wconf 79' lang='grc' dir='ltr'>Ἡμεῖς</span> <span class='ocrx_word' id='word_1_49' title='bbox 1708 629 1744 682; x_wconf 68' lang='grc' dir='ltr'><strong>δί</strong></span> 
     </span>
    </p>
   </div>
   <div class='ocr_carea' id='block_1_7' title="bbox 1851 622 3437 702">
    <p class='ocr_par' dir='ltr' id='par_1_7' title="bbox 1865 622 3437 701">
     <span class='ocr_line' id='line_1_7' title="bbox 1865 622 3437 701; baseline -0.006 -16"><span class='ocrx_word' id='word_1_50' title='bbox 1865 630 2226 701; x_wconf 88' lang='lat' dir='ltr'><strong>Scripturam,</strong></span> <span class='ocrx_word' id='word_1_51' title='bbox 2278 645 2386 685; x_wconf 90' lang='lat' dir='ltr'><strong>non</strong></span> <span class='ocrx_word' id='word_1_52' title='bbox 2436 629 2759 699; x_wconf 82' lang='lat' dir='ltr'><strong>intelligent.</strong></span> <span class='ocrx_word' id='word_1_53' title='bbox 2813 625 2922 680; x_wconf 90' lang='lat' dir='ltr'><strong>Nos</strong></span> <span class='ocrx_word' id='word_1_54' title='bbox 2971 625 3209 687; x_wconf 79' lang='lat' dir='ltr'><strong>interim,</strong></span> <span class='ocrx_word' id='word_1_55' title='bbox 3239 622 3437 676; x_wconf 88' lang='lat' dir='ltr'><strong>intelli-</strong></span> 
     </span>
    </p>
   </div>
   <div class='ocr_carea' id='block_1_8' title="bbox 166 713 1744 793">
    <p class='ocr_par' dir='ltr' id='par_1_8' title="bbox 166 713 1744 791">
     <span class='ocr_line' id='line_1_8' title="bbox 166 713 1744 791; baseline 0.003 -23"><span class='ocrx_word' id='word_1_56' title='bbox 166 713 246 769; x_wconf 79' lang='grc' dir='ltr'>τὰ</span> <span class='ocrx_word' id='word_1_57' title='bbox 298 715 471 787; x_wconf 81' lang='grc' dir='ltr'>νοητά</span> <span class='ocrx_word' id='word_1_58' title='bbox 525 717 634 770; x_wconf 89' lang='grc' dir='ltr'><strong>τῶν</strong></span> <span class='ocrx_word' id='word_1_59' title='bbox 687 718 1024 789; x_wconf 81' lang='grc' dir='ltr'><strong>τελουμένων</strong></span> <span class='ocrx_word' id='word_1_60' title='bbox 1076 721 1524 785; x_wconf 77' lang='grc' dir='ltr'>ἐποπτεύσαντες,</span> <span class='ocrx_word' id='word_1_61' title='bbox 1586 720 1744 791; x_wconf 78' lang='grc' dir='ltr'><strong>Ἰησοὶ</strong></span> 
     </span>
    </p>
   </div>
   <div class='ocr_carea' id='block_1_9' title="bbox 1851 713 3436 793">
    <p class='ocr_par' dir='ltr' id='par_1_9' title="bbox 1862 715 3436 793">
     <span class='ocr_line' id='line_1_9' title="bbox 1862 715 3436 793; baseline -0.004 -15"><span class='ocrx_word' id='word_1_62' title='bbox 1862 723 2060 793; x_wconf 81' lang='lat' dir='ltr'><strong>gentiis</strong></span> <span class='ocrx_word' id='word_1_63' title='bbox 2079 737 2263 777; x_wconf 91' lang='lat' dir='ltr'><strong>eorum</strong></span> <span class='ocrx_word' id='word_1_64' title='bbox 2290 737 2409 792; x_wconf 68' lang='lat' dir='ltr'><strong>qua:</strong></span> <span class='ocrx_word' id='word_1_65' title='bbox 2454 731 2722 789; x_wconf 81' lang='lat' dir='ltr'><strong>geruntur</strong></span> <span class='ocrx_word' id='word_1_66' title='bbox 2742 719 3032 789; x_wconf 71' lang='lat' dir='ltr'><strong>perceptis,</strong></span> <span class='ocrx_word' id='word_1_67' title='bbox 3065 715 3267 787; x_wconf 60' lang='lat' dir='ltr'><strong>praevio</strong></span> <span class='ocrx_word' id='word_1_68' title='bbox 3298 717 3436 771; x_wconf 88' lang='lat' dir='ltr'><strong>duce</strong></span> 
     </span>
    </p>
   </div>
   <div class='ocr_carea' id='block_1_10' title="bbox 167 805 1744 882">
    <p class='ocr_par' dir='ltr' id='par_1_10' title="bbox 167 806 1744 882">
     <span class='ocr_line' id='line_1_10' title="bbox 167 806 1744 882; baseline -0.006 -8"><span class='ocrx_word' id='word_1_69' title='bbox 167 806 664 876; x_wconf 75' lang='grc' dir='ltr'>φωταγωγοῢντος,</span> <span class='ocrx_word' id='word_1_70' title='bbox 696 807 940 881; x_wconf 71' lang='grc' dir='ltr'>εἴπωμεν</span> <span class='ocrx_word' id='word_1_71' title='bbox 972 810 1037 873; x_wconf 65' lang='lat' dir='ltr'><strong>ﬂ,</strong></span> <span class='ocrx_word' id='word_1_72' title='bbox 1065 812 1140 876; x_wconf 87' lang='grc' dir='ltr'>ὼς</span> <span class='ocrx_word' id='word_1_73' title='bbox 1161 812 1262 865; x_wconf 82' lang='grc' dir='ltr'><strong>οὐκ</strong></span> <span class='ocrx_word' id='word_1_74' title='bbox 1283 812 1493 881; x_wconf 87' lang='grc' dir='ltr'>ἀλόγως</span> <span class='ocrx_word' id='word_1_75' title='bbox 1523 814 1551 865; x_wconf 94' lang='grc' dir='ltr'><strong>ὁ</strong></span> <span class='ocrx_word' id='word_1_76' title='bbox 1574 812 1744 882; x_wconf 82' lang='grc' dir='ltr'>ίεράρ-</span> 
     </span>
    </p>
   </div>
   <div class='ocr_carea' id='block_1_11' title="bbox 1851 805 3437 882">
    <p class='ocr_par' dir='ltr' id='par_1_11' title="bbox 1860 805 3437 879">
     <span class='ocr_line' id='line_1_11' title="bbox 1860 805 3437 879; baseline -0.007 -9"><span class='ocrx_word' id='word_1_77' title='bbox 1860 815 1987 870; x_wconf 83' lang='lat' dir='ltr'><strong>Jesu</strong></span> <span class='ocrx_word' id='word_1_78' title='bbox 2039 814 2308 878; x_wconf 81' lang='lat' dir='ltr'><strong>dicamus,</strong></span> <span class='ocrx_word' id='word_1_79' title='bbox 2355 828 2459 867; x_wconf 92' lang='lat' dir='ltr'><strong>non</strong></span> <span class='ocrx_word' id='word_1_80' title='bbox 2507 812 2602 866; x_wconf 90' lang='lat' dir='ltr'><strong>abs</strong></span> <span class='ocrx_word' id='word_1_81' title='bbox 2630 826 2690 864; x_wconf 90' lang='lat' dir='ltr'><strong>re</strong></span> <span class='ocrx_word' id='word_1_82' title='bbox 2720 808 3028 879; x_wconf 64' lang='lat' dir='ltr'><strong>prmsulem,</strong></span> <span class='ocrx_word' id='word_1_83' title='bbox 3065 822 3188 863; x_wconf 92' lang='lat' dir='ltr'><strong>eum</strong></span> <span class='ocrx_word' id='word_1_84' title='bbox 3219 807 3309 875; x_wconf 93' lang='lat' dir='ltr'><strong>qni</strong></span> <span class='ocrx_word' id='word_1_85' title='bbox 3341 805 3437 860; x_wconf 90' lang='lat' dir='ltr'><strong>de-</strong></span> 
     </span>
    </p>
   </div>
   <div class='ocr_carea' id='block_1_12' title="bbox 167 897 1744 971">
    <p class='ocr_par' dir='ltr' id='par_1_12' title="bbox 167 897 1741 971">
     <span class='ocr_line' id='line_1_12' title="bbox 167 897 1741 971; baseline 0.003 -22"><span class='ocrx_word' id='word_1_86' title='bbox 167 915 280 969; x_wconf 87' lang='grc' dir='ltr'><strong>χης</strong></span> <span class='ocrx_word' id='word_1_87' title='bbox 332 898 428 950; x_wconf 77' lang='grc' dir='ltr'>ἐπὶ</span> <span class='ocrx_word' id='word_1_88' title='bbox 474 897 567 951; x_wconf 86' lang='grc' dir='ltr'><strong>τὸν</strong></span> <span class='ocrx_word' id='word_1_89' title='bbox 605 899 850 970; x_wconf 83' lang='grc' dir='ltr'>ὁμοταγῆ</span> <span class='ocrx_word' id='word_1_90' title='bbox 905 899 1080 971; x_wconf 88' lang='grc' dir='ltr'>χῶρον</span> <span class='ocrx_word' id='word_1_91' title='bbox 1106 900 1313 969; x_wconf 80' lang='grc' dir='ltr'>εἰσάγει</span> <span class='ocrx_word' id='word_1_92' title='bbox 1353 902 1447 953; x_wconf 66' lang='grc' dir='ltr'><strong>κα)⁸</strong></span> <span class='ocrx_word' id='word_1_93' title='bbox 1488 900 1741 971; x_wconf 78' lang='grc' dir='ltr'>ἐπιτίθησ</span> 
     </span>
    </p>
   </div>
   <div class='ocr_carea' id='block_1_13' title="bbox 1851 897 3436 971">
    <p class='ocr_par' dir='ltr' id='par_1_13' title="bbox 1863 898 3436 971">
     <span class='ocr_line' id='line_1_13' title="bbox 1863 898 3436 971; baseline -0.005 -12"><span class='ocrx_word' id='word_1_94' title='bbox 1863 907 2077 961; x_wconf 79' lang='lat' dir='ltr'><strong>functus</strong></span> <span class='ocrx_word' id='word_1_95' title='bbox 2105 915 2189 961; x_wconf 89' lang='lat' dir='ltr'><strong>est</strong></span> <span class='ocrx_word' id='word_1_96' title='bbox 2219 906 2272 960; x_wconf 89' lang='lat' dir='ltr'><strong>in</strong></span> <span class='ocrx_word' id='word_1_97' title='bbox 2297 905 2523 959; x_wconf 92' lang='lat' dir='ltr'><strong>chorum</strong></span> <span class='ocrx_word' id='word_1_98' title='bbox 2554 902 2762 957; x_wconf 89' lang='lat' dir='ltr'><strong>ordinis</strong></span> <span class='ocrx_word' id='word_1_99' title='bbox 2784 900 2863 955; x_wconf 90' lang='lat' dir='ltr'><strong>sui</strong></span> <span class='ocrx_word' id='word_1_100' title='bbox 2893 901 3056 971; x_wconf 73' lang='lat'><strong>266</strong></span> <span class='ocrx_word' id='word_1_101' title='bbox 3086 898 3436 953; x_wconf 78' lang='lat' dir='ltr'><strong>introducere</strong></span> 
     </span>
    </p>
   </div>
   <div class='ocr_carea' id='block_1_14' title="bbox 166 988 1744 1064">
    <p class='ocr_par' dir='ltr' id='par_1_14' title="bbox 166 988 1744 1064">
     <span class='ocr_line' id='line_1_14' title="bbox 166 988 1744 1064; baseline 0.003 -23"><span class='ocrx_word' id='word_1_102' title='bbox 166 989 267 1041; x_wconf 80' lang='grc' dir='ltr'><strong>τὸν</strong></span> <span class='ocrx_word' id='word_1_103' title='bbox 288 988 689 1060; x_wconf 77' lang='grc' dir='ltr'>κεκοιμημένον</span> <span class='ocrx_word' id='word_1_104' title='bbox 707 1004 721 1019; x_wconf 72' lang='grc'><strong>⁸</strong></span> <span class='ocrx_word' id='word_1_105' title='bbox 748 991 1003 1060; x_wconf 75' lang='grc' dir='ltr'>ἐμφαίνει</span> <span class='ocrx_word' id='word_1_106' title='bbox 1023 990 1133 1063; x_wconf 88' lang='grc' dir='ltr'><strong>γάρ</strong></span> <span class='ocrx_word' id='word_1_107' title='bbox 1161 992 1341 1064; x_wconf 80' lang='grc' dir='ltr'>ίερῶς,</span> <span class='ocrx_word' id='word_1_108' title='bbox 1368 992 1443 1056; x_wconf 86' lang='grc' dir='ltr'>ὡς</span> <span class='ocrx_word' id='word_1_109' title='bbox 1466 992 1588 1045; x_wconf 83' lang='grc' dir='ltr'>κατ’</span> <span class='ocrx_word' id='word_1_110' title='bbox 1608 992 1744 1046; x_wconf 87' lang='grc' dir='ltr'>ἐκεί-</span> 
     </span>
    </p>
   </div>
   <div class='ocr_carea' id='block_1_15' title="bbox 1851 988 3439 1064">
    <p class='ocr_par' dir='ltr' id='par_1_15' title="bbox 1863 988 3439 1061">
     <span class='ocr_line' id='line_1_15' title="bbox 1863 988 3439 1061; baseline -0.007 -11"><span class='ocrx_word' id='word_1_111' title='bbox 1863 1012 1927 1052; x_wconf 93' lang='lat' dir='ltr'><strong>ac</strong></span> <span class='ocrx_word' id='word_1_112' title='bbox 1957 997 2295 1061; x_wconf 82' lang='lat' dir='ltr'><strong>recondere;</strong></span> <span class='ocrx_word' id='word_1_113' title='bbox 2337 1010 2459 1048; x_wconf 91' lang='lat' dir='ltr'><strong>nam</strong></span> <span class='ocrx_word' id='word_1_114' title='bbox 2496 1002 2685 1047; x_wconf 77' lang='lat' dir='ltr'><strong>sancte</strong></span> <span class='ocrx_word' id='word_1_115' title='bbox 2735 990 2975 1045; x_wconf 89' lang='lat' dir='ltr'><strong>declarat</strong></span> <span class='ocrx_word' id='word_1_116' title='bbox 3030 1004 3219 1044; x_wconf 83' lang='lat' dir='ltr'><strong>omnes</strong></span> <span class='ocrx_word' id='word_1_117' title='bbox 3250 988 3303 1041; x_wconf 89' lang='lat' dir='ltr'><strong>in</strong></span> <span class='ocrx_word' id='word_1_118' title='bbox 3353 1002 3439 1040; x_wconf 79' lang='lat' dir='ltr'><strong>re-</strong></span> 
     </span>
    </p>
   </div>
   <div class='ocr_carea' id='block_1_16' title="bbox 167 1078 1744 1160">
    <p class='ocr_par' dir='ltr' id='par_1_16' title="bbox 167 1078 1744 1155">
     <span class='ocr_line' id='line_1_16' title="bbox 167 1078 1744 1155; baseline 0.004 -23"><span class='ocrx_word' id='word_1_119' title='bbox 167 1096 271 1143; x_wconf 85' lang='grc' dir='ltr'><strong>νας</strong></span> <span class='ocrx_word' id='word_1_120' title='bbox 298 1078 514 1132; x_wconf 80' lang='grc' dir='ltr'>ἔσονται</span> <span class='ocrx_word' id='word_1_121' title='bbox 541 1080 741 1143; x_wconf 81' lang='grc' dir='ltr'>πάντες</span> <span class='ocrx_word' id='word_1_122' title='bbox 770 1080 831 1133; x_wconf 86' lang='grc' dir='ltr'><strong>ἐν</strong></span> <span class='ocrx_word' id='word_1_123' title='bbox 857 1083 925 1151; x_wconf 78' lang='grc' dir='ltr'>τῇ</span> <span class='ocrx_word' id='word_1_124' title='bbox 953 1081 1340 1153; x_wconf 71' lang='grc' dir='ltr'>παλιγγενεσία</span> <span class='ocrx_word' id='word_1_125' title='bbox 1370 1081 1469 1147; x_wconf 78' lang='grc' dir='ltr'>τὰς</span> <span class='ocrx_word' id='word_1_126' title='bbox 1520 1082 1744 1155; x_wconf 53' lang='lat' dir='ltr'><strong>direxit]-</strong></span> 
     </span>
    </p>
   </div>
   <div class='ocr_carea' id='block_1_17' title="bbox 1851 1078 3437 1160">
    <p class='ocr_par' dir='ltr' id='par_1_17' title="bbox 1859 1079 3437 1160">
     <span class='ocr_line' id='line_1_17' title="bbox 1859 1079 3437 1160; baseline -0.008 -17"><span class='ocrx_word' id='word_1_127' title='bbox 1859 1089 2214 1160; x_wconf 77' lang='lat' dir='ltr'><strong>generatione</strong></span> <span class='ocrx_word' id='word_1_128' title='bbox 2236 1096 2411 1143; x_wconf 88' lang='lat' dir='ltr'><strong>sortes</strong></span> <span class='ocrx_word' id='word_1_129' title='bbox 2437 1089 2567 1140; x_wconf 90' lang='lat' dir='ltr'><strong>istas</strong></span> <span class='ocrx_word' id='word_1_130' title='bbox 2596 1086 2942 1147; x_wconf 88' lang='lat' dir='ltr'><strong>obtentnros,</strong></span> <span class='ocrx_word' id='word_1_131' title='bbox 2970 1081 3037 1136; x_wconf 89' lang='lat' dir='ltr'><strong>ad</strong></span> <span class='ocrx_word' id='word_1_132' title='bbox 3068 1096 3206 1150; x_wconf 90' lang='lat' dir='ltr'><strong>quas</strong></span> <span class='ocrx_word' id='word_1_133' title='bbox 3236 1080 3324 1134; x_wconf 86' lang='lat' dir='ltr'><strong>hic</strong></span> <span class='ocrx_word' id='word_1_134' title='bbox 3353 1079 3437 1132; x_wconf 82' lang='lat' dir='ltr'><strong>vi-</strong></span> 
     </span>
    </p>
   </div>
   <div class='ocr_carea' id='block_1_18' title="bbox 171 1172 1744 1249">
    <p class='ocr_par' dir='ltr' id='par_1_18' title="bbox 171 1172 1744 1246">
     <span class='ocr_line' id='line_1_18' title="bbox 171 1172 1744 1246; baseline 0.002 -22"><span class='ocrx_word' id='word_1_135' title='bbox 171 1172 397 1245; x_wconf 86' lang='grc' dir='ltr'>ρώσεις,</span> <span class='ocrx_word' id='word_1_136' title='bbox 424 1172 548 1226; x_wconf 72' lang='grc' dir='ltr'>καθ’</span> <span class='ocrx_word' id='word_1_137' title='bbox 569 1172 636 1237; x_wconf 80' lang='grc' dir='ltr'><strong>ἀς</strong></span> <span class='ocrx_word' id='word_1_138' title='bbox 662 1173 848 1227; x_wconf 82' lang='grc' dir='ltr'>ἐνθάδε</span> <span class='ocrx_word' id='word_1_139' title='bbox 884 1175 982 1246; x_wconf 84' lang='grc' dir='ltr'>τὴν</span> <span class='ocrx_word' id='word_1_140' title='bbox 1023 1174 1230 1228; x_wconf 85' lang='grc' dir='ltr'>οἰκείαν</span> <span class='ocrx_word' id='word_1_141' title='bbox 1256 1174 1401 1246; x_wconf 81' lang='grc' dir='ltr'>ζωὴν</span> <span class='ocrx_word' id='word_1_142' title='bbox 1436 1174 1744 1246; x_wconf 82' lang='grc' dir='ltr'>ἀπεκλήρω-</span> 
     </span>
    </p>
   </div>
   <div class='ocr_carea' id='block_1_19' title="bbox 1851 1172 3429 1249">
    <p class='ocr_par' dir='ltr' id='par_1_19' title="bbox 1862 1172 3429 1249">
     <span class='ocr_line' id='line_1_19' title="bbox 1862 1172 3429 1249; baseline -0.006 -14"><span class='ocrx_word' id='word_1_143' title='bbox 1862 1191 1972 1235; x_wconf 88' lang='lat' dir='ltr'><strong>tam</strong></span> <span class='ocrx_word' id='word_1_144' title='bbox 2000 1180 2270 1249; x_wconf 80' lang='lat' dir='ltr'><strong>propriam</strong></span> <span class='ocrx_word' id='word_1_145' title='bbox 2303 1179 2621 1235; x_wconf 80' lang='lat' dir='ltr'><strong>direxerint.</strong></span> <span class='ocrx_word' id='word_1_146' title='bbox 2654 1177 2721 1232; x_wconf 89' lang='lat' dir='ltr'><strong>Ut</strong></span> <span class='ocrx_word' id='word_1_147' title='bbox 2749 1184 2898 1245; x_wconf 89' lang='lat' dir='ltr'><strong>puta,</strong></span> <span class='ocrx_word' id='word_1_148' title='bbox 2929 1174 2974 1229; x_wconf 89' lang='lat' dir='ltr'><strong>si</strong></span> <span class='ocrx_word' id='word_1_149' title='bbox 3006 1172 3128 1243; x_wconf 90' lang='lat' dir='ltr'><strong>quis</strong></span> <span class='ocrx_word' id='word_1_150' title='bbox 3153 1172 3239 1227; x_wconf 84' lang='lat' dir='ltr'><strong>hic</strong></span> <span class='ocrx_word' id='word_1_151' title='bbox 3260 1173 3429 1226; x_wconf 90' lang='lat' dir='ltr'><strong>vitam</strong></span> 
     </span>
    </p>
   </div>
   <div class='ocr_carea' id='block_1_20' title="bbox 169 1261 1744 1338">
    <p class='ocr_par' dir='ltr' id='par_1_20' title="bbox 169 1261 1744 1338">
     <span class='ocr_line' id='line_1_20' title="bbox 169 1261 1744 1338; baseline 0.002 -20"><span class='ocrx_word' id='word_1_152' title='bbox 169 1282 296 1318; x_wconf 87' lang='grc' dir='ltr'>σαν.</span> <span class='ocrx_word' id='word_1_153' title='bbox 327 1261 475 1330; x_wconf 75' lang='grc' dir='ltr'>οἷον,</span> <span class='ocrx_word' id='word_1_154' title='bbox 508 1267 557 1319; x_wconf 91' lang='grc' dir='ltr'><strong>εί</strong></span> <span class='ocrx_word' id='word_1_155' title='bbox 584 1265 791 1336; x_wconf 82' lang='grc' dir='ltr'>θεοειδῆ</span> <span class='ocrx_word' id='word_1_156' title='bbox 818 1283 904 1330; x_wconf 90' lang='grc' dir='ltr'><strong>τις</strong></span> <span class='ocrx_word' id='word_1_157' title='bbox 927 1265 1086 1337; x_wconf 80' lang='grc' dir='ltr'>ἔσχεν</span> <span class='ocrx_word' id='word_1_158' title='bbox 1106 1266 1291 1320; x_wconf 84' lang='grc' dir='ltr'>ἐνθάδε</span> <span class='ocrx_word' id='word_1_159' title='bbox 1327 1267 1423 1320; x_wconf 72' lang='grc' dir='ltr'>καὶ</span> <span class='ocrx_word' id='word_1_160' title='bbox 1460 1267 1744 1338; x_wconf 61' lang='grc' dir='ltr'>ἱερωτάτηπ</span> 
     </span>
    </p>
   </div>
   <div class='ocr_carea' id='block_1_21' title="bbox 1851 1261 3428 1338">
    <p class='ocr_par' dir='ltr' id='par_1_21' title="bbox 1861 1263 3428 1333">
     <span class='ocr_line' id='line_1_21' title="bbox 1861 1263 3428 1333; baseline -0.007 -7"><span class='ocrx_word' id='word_1_161' title='bbox 1861 1271 2089 1326; x_wconf 88' lang='lat' dir='ltr'><strong>sortitus</strong></span> <span class='ocrx_word' id='word_1_162' title='bbox 2122 1270 2194 1325; x_wconf 87' lang='lat' dir='ltr'><strong>sit</strong></span> <span class='ocrx_word' id='word_1_163' title='bbox 2222 1269 2642 1332; x_wconf 89' lang='lat' dir='ltr'><strong>sanctissimam,</strong></span> <span class='ocrx_word' id='word_1_164' title='bbox 2686 1281 2913 1333; x_wconf 86' lang='lat' dir='ltr'><strong>eamque</strong></span> <span class='ocrx_word' id='word_1_165' title='bbox 2965 1266 3181 1318; x_wconf 81' lang='lat' dir='ltr'><strong>duxerit</strong></span> <span class='ocrx_word' id='word_1_166' title='bbox 3230 1263 3428 1317; x_wconf 87' lang='lat' dir='ltr'><strong>deilor-</strong></span> 
     </span>
    </p>
   </div>
   <div class='ocr_carea' id='block_1_22' title="bbox 168 1355 1744 1431">
    <p class='ocr_par' dir='ltr' id='par_1_22' title="bbox 168 1356 1744 1431">
     <span class='ocr_line' id='line_1_22' title="bbox 168 1356 1744 1431; baseline 0 -20"><span class='ocrx_word' id='word_1_167' title='bbox 168 1356 342 1429; x_wconf 75' lang='grc' dir='ltr'>ζωὴν,</span> <span class='ocrx_word' id='word_1_168' title='bbox 385 1357 462 1421; x_wconf 82' lang='grc' dir='ltr'>ὡς</span> <span class='ocrx_word' id='word_1_169' title='bbox 505 1358 660 1430; x_wconf 76' lang='grc' dir='ltr'>ἀνδρὶ</span> <span class='ocrx_word' id='word_1_170' title='bbox 703 1356 764 1411; x_wconf 80' lang='grc' dir='ltr'><strong>τὸ</strong></span> <span class='ocrx_word' id='word_1_171' title='bbox 808 1357 1135 1431; x_wconf 87' lang='grc' dir='ltr'>θεομίμητον</span> <span class='ocrx_word' id='word_1_172' title='bbox 1190 1360 1430 1429; x_wconf 83' lang='grc' dir='ltr'>ἐφικτὸν,</span> <span class='ocrx_word' id='word_1_173' title='bbox 1476 1362 1533 1412; x_wconf 87' lang='grc' dir='ltr'><strong>ἐν</strong></span> <span class='ocrx_word' id='word_1_174' title='bbox 1588 1357 1744 1422; x_wconf 76' lang='grc' dir='ltr'>θείαις</span> 
     </span>
    </p>
   </div>
   <div class='ocr_carea' id='block_1_23' title="bbox 1851 1355 3432 1431">
    <p class='ocr_par' dir='ltr' id='par_1_23' title="bbox 1859 1355 3432 1429">
     <span class='ocr_line' id='line_1_23' title="bbox 1859 1355 3432 1429; baseline -0.006 -12"><span class='ocrx_word' id='word_1_175' title='bbox 1859 1377 2026 1426; x_wconf 89' lang='lat' dir='ltr'><strong>mem,</strong></span> <span class='ocrx_word' id='word_1_176' title='bbox 2062 1362 2114 1415; x_wconf 91' lang='lat' dir='ltr'><strong>in</strong></span> <span class='ocrx_word' id='word_1_177' title='bbox 2149 1370 2411 1429; x_wconf 91' lang='lat' dir='ltr'><strong>quantum</strong></span> <span class='ocrx_word' id='word_1_178' title='bbox 2463 1373 2657 1427; x_wconf 86' lang='lat' dir='ltr'><strong>nempe</strong></span> <span class='ocrx_word' id='word_1_179' title='bbox 2705 1358 2870 1413; x_wconf 83' lang='lat' dir='ltr'><strong>Deum</strong></span> <span class='ocrx_word' id='word_1_180' title='bbox 2922 1356 3124 1411; x_wconf 88' lang='lat' dir='ltr'><strong>imitari</strong></span> <span class='ocrx_word' id='word_1_181' title='bbox 3179 1355 3302 1423; x_wconf 89' lang='lat' dir='ltr'><strong>quis</strong></span> <span class='ocrx_word' id='word_1_182' title='bbox 3338 1370 3432 1422; x_wconf 88' lang='lat' dir='ltr'><strong>po-</strong></span> 
     </span>
    </p>
   </div>
   <div class='ocr_carea' id='block_1_24' title="bbox 167 1445 1744 1523">
    <p class='ocr_par' dir='ltr' id='par_1_24' title="bbox 167 1449 1744 1523">
     <span class='ocr_line' id='line_1_24' title="bbox 167 1449 1744 1523; baseline 0.001 -21"><span class='ocrx_word' id='word_1_183' title='bbox 167 1449 329 1503; x_wconf 77' lang='grc' dir='ltr'>ἐσται</span> <span class='ocrx_word' id='word_1_184' title='bbox 370 1449 513 1503; x_wconf 84' lang='grc' dir='ltr'>κατὰ</span> <span class='ocrx_word' id='word_1_185' title='bbox 553 1451 646 1503; x_wconf 83' lang='grc' dir='ltr'><strong>τὸν</strong></span> <span class='ocrx_word' id='word_1_186' title='bbox 693 1451 864 1504; x_wconf 83' lang='grc' dir='ltr'>αίῶνα</span> <span class='ocrx_word' id='word_1_187' title='bbox 915 1450 1007 1505; x_wconf 88' lang='grc' dir='ltr'><strong>τὸν</strong></span> <span class='ocrx_word' id='word_1_188' title='bbox 1058 1452 1315 1523; x_wconf 83' lang='grc' dir='ltr'>μέλλοντα</span> <span class='ocrx_word' id='word_1_189' title='bbox 1342 1452 1435 1506; x_wconf 78' lang='grc' dir='ltr'><strong>καὶ</strong></span> <span class='ocrx_word' id='word_1_190' title='bbox 1466 1452 1744 1523; x_wconf 78' lang='grc' dir='ltr'>μακαρίαις</span> 
     </span>
    </p>
   </div>
   <div class='ocr_carea' id='block_1_25' title="bbox 1851 1445 3435 1523">
    <p class='ocr_par' dir='ltr' id='par_1_25' title="bbox 1860 1445 3435 1519">
     <span class='ocr_line' id='line_1_25' title="bbox 1860 1445 3435 1519; baseline -0.006 -10"><span class='ocrx_word' id='word_1_191' title='bbox 1860 1462 2004 1519; x_wconf 89' lang='lat' dir='ltr'><strong>test;</strong></span> <span class='ocrx_word' id='word_1_192' title='bbox 2033 1454 2085 1509; x_wconf 90' lang='lat' dir='ltr'><strong>in</strong></span> <span class='ocrx_word' id='word_1_193' title='bbox 2116 1451 2300 1510; x_wconf 79' lang='lat' dir='ltr'><strong>futuro</strong></span> <span class='ocrx_word' id='word_1_194' title='bbox 2344 1453 2543 1509; x_wconf 70' lang='lat' dir='ltr'><strong>saeculo</strong></span> <span class='ocrx_word' id='word_1_195' title='bbox 2590 1450 2778 1507; x_wconf 84' lang='lat' dir='ltr'><strong>divino</strong></span> <span class='ocrx_word' id='word_1_196' title='bbox 2826 1451 3093 1518; x_wconf 84' lang='lat' dir='ltr'><strong>beateque</strong></span> <span class='ocrx_word' id='word_1_197' title='bbox 3141 1449 3254 1502; x_wconf 92' lang='lat' dir='ltr'><strong>otio</strong></span> <span class='ocrx_word' id='word_1_198' title='bbox 3283 1445 3435 1500; x_wconf 83' lang='lat' dir='ltr'><strong>frue-</strong></span> 
     </span>
    </p>
   </div>
   <div class='ocr_carea' id='block_1_26' title="bbox 166 1539 1744 1616">
    <p class='ocr_par' dir='ltr' id='par_1_26' title="bbox 166 1541 1744 1616">
     <span class='ocr_line' id='line_1_26' title="bbox 166 1541 1744 1616; baseline 0.001 -21"><span class='ocrx_word' id='word_1_199' title='bbox 166 1541 429 1613; x_wconf 77' lang='grc' dir='ltr'>λήξεσινο</span> <span class='ocrx_word' id='word_1_200' title='bbox 455 1546 504 1597; x_wconf 85' lang='grc' dir='ltr'><strong>εί</strong></span> <span class='ocrx_word' id='word_1_201' title='bbox 538 1544 595 1598; x_wconf 84' lang='grc' dir='ltr'>δὲ</span> <span class='ocrx_word' id='word_1_202' title='bbox 616 1544 717 1615; x_wconf 84' lang='grc' dir='ltr'>τῆς</span> <span class='ocrx_word' id='word_1_203' title='bbox 761 1546 881 1598; x_wconf 85' lang='grc' dir='ltr'>κατ’</span> <span class='ocrx_word' id='word_1_204' title='bbox 912 1544 1077 1616; x_wconf 80' lang='grc' dir='ltr'>ἄκρον</span> <span class='ocrx_word' id='word_1_205' title='bbox 1126 1544 1390 1609; x_wconf 82' lang='grc' dir='ltr'>θεοειδοῢς</span> <span class='ocrx_word' id='word_1_206' title='bbox 1442 1545 1744 1616; x_wconf 70' lang='grc' dir='ltr'>ὑφειμένην.</span> 
     </span>
    </p>
   </div>
   <div class='ocr_carea' id='block_1_27' title="bbox 1851 1539 3431 1616">
    <p class='ocr_par' dir='ltr' id='par_1_27' title="bbox 1861 1539 3431 1614">
     <span class='ocr_line' id='line_1_27' title="bbox 1861 1539 3431 1614; baseline -0.008 -11"><span class='ocrx_word' id='word_1_207' title='bbox 1861 1558 1949 1603; x_wconf 88' lang='lat' dir='ltr'><strong>tttr</strong></span> <span class='ocrx_word' id='word_1_208' title='bbox 1980 1563 1997 1614; x_wconf 90' lang='lat'><strong>;</strong></span> <span class='ocrx_word' id='word_1_209' title='bbox 2032 1547 2115 1603; x_wconf 90' lang='lat' dir='ltr'><strong>sin</strong></span> <span class='ocrx_word' id='word_1_210' title='bbox 2166 1547 2532 1602; x_wconf 87' lang='lat' dir='ltr'><strong>remissiorem</strong></span> <span class='ocrx_word' id='word_1_211' title='bbox 2564 1544 2781 1613; x_wconf 87' lang='lat' dir='ltr'><strong>quidem</strong></span> <span class='ocrx_word' id='word_1_212' title='bbox 2829 1542 2919 1595; x_wconf 91' lang='lat' dir='ltr'><strong>illa</strong></span> <span class='ocrx_word' id='word_1_213' title='bbox 2967 1539 3243 1603; x_wconf 85' lang='lat' dir='ltr'><strong>deil‘ormi,</strong></span> <span class='ocrx_word' id='word_1_214' title='bbox 3269 1539 3431 1594; x_wconf 88' lang='lat' dir='ltr'><strong>simul</strong></span> 
     </span>
    </p>
   </div>
   <div class='ocr_carea' id='block_1_28' title="bbox 170 1631 1744 1708">
    <p class='ocr_par' dir='ltr' id='par_1_28' title="bbox 170 1631 1744 1708">
     <span class='ocr_line' id='line_1_28' title="bbox 170 1631 1744 1708; baseline 0 -20"><span class='ocrx_word' id='word_1_215' title='bbox 170 1634 332 1707; x_wconf 80' lang='grc' dir='ltr'>ίεράν</span> <span class='ocrx_word' id='word_1_216' title='bbox 357 1636 415 1689; x_wconf 85' lang='grc' dir='ltr'>δὲ</span> <span class='ocrx_word' id='word_1_217' title='bbox 436 1637 606 1707; x_wconf 82' lang='grc' dir='ltr'>ὅμως,</span> <span class='ocrx_word' id='word_1_218' title='bbox 631 1636 897 1708; x_wconf 81' lang='grc' dir='ltr'>ὁμοειδεῖς</span> <span class='ocrx_word' id='word_1_219' title='bbox 926 1637 1022 1689; x_wconf 78' lang='grc' dir='ltr'><strong>καὶ</strong></span> <span class='ocrx_word' id='word_1_220' title='bbox 1055 1631 1207 1700; x_wconf 76' lang='grc' dir='ltr'>οὗτος</span> <span class='ocrx_word' id='word_1_221' title='bbox 1239 1636 1284 1668; x_wconf 80' lang='grc'><strong>³⁸</strong></span> <span class='ocrx_word' id='word_1_222' title='bbox 1306 1635 1641 1707; x_wconf 78' lang='grc' dir='ltr'>ἀπολήψεται</span> <span class='ocrx_word' id='word_1_223' title='bbox 1659 1633 1744 1699; x_wconf 72' lang='grc' dir='ltr'>τὰς</span> 
     </span>
    </p>
   </div>
   <div class='ocr_carea' id='block_1_29' title="bbox 1851 1631 3432 1708">
    <p class='ocr_par' dir='ltr' id='par_1_29' title="bbox 1860 1633 3432 1707">
     <span class='ocr_line' id='line_1_29' title="bbox 1860 1633 3432 1707; baseline -0.006 -13"><span class='ocrx_word' id='word_1_224' title='bbox 1860 1651 2041 1696; x_wconf 92' lang='lat' dir='ltr'><strong>tamen</strong></span> <span class='ocrx_word' id='word_1_225' title='bbox 2073 1649 2315 1695; x_wconf 84' lang='lat' dir='ltr'><strong>sanctam</strong></span> <span class='ocrx_word' id='word_1_226' title='bbox 2348 1638 2512 1693; x_wconf 90' lang='lat' dir='ltr'><strong>vitam</strong></span> <span class='ocrx_word' id='word_1_227' title='bbox 2541 1638 2661 1707; x_wconf 90' lang='lat' dir='ltr'><strong>quis</strong></span> <span class='ocrx_word' id='word_1_228' title='bbox 2688 1634 2883 1706; x_wconf 83' lang='lat' dir='ltr'><strong>egerit,</strong></span> <span class='ocrx_word' id='word_1_229' title='bbox 2921 1633 3071 1704; x_wconf 87' lang='lat' dir='ltr'><strong>paria</strong></span> <span class='ocrx_word' id='word_1_230' title='bbox 3097 1642 3152 1687; x_wconf 90' lang='lat' dir='ltr'><strong>et</strong></span> <span class='ocrx_word' id='word_1_231' title='bbox 3175 1633 3290 1700; x_wconf 90' lang='lat' dir='ltr'><strong>ipse</strong></span> <span class='ocrx_word' id='word_1_232' title='bbox 3316 1646 3432 1684; x_wconf 81' lang='lat' dir='ltr'><strong>tne—</strong></span> 
     </span>
    </p>
   </div>
   <div class='ocr_carea' id='block_1_30' title="bbox 168 1723 1744 1802">
    <p class='ocr_par' dir='ltr' id='par_1_30' title="bbox 168 1728 1744 1802">
     <span class='ocr_line' id='line_1_30' title="bbox 168 1728 1744 1802; baseline 0.002 -19"><span class='ocrx_word' id='word_1_233' title='bbox 168 1730 330 1801; x_wconf 81' lang='grc' dir='ltr'>ῐεράς</span> <span class='ocrx_word' id='word_1_234' title='bbox 359 1729 615 1801; x_wconf 78' lang='grc' dir='ltr'>ἀμοιϐάς.</span> <span class='ocrx_word' id='word_1_235' title='bbox 657 1729 831 1802; x_wconf 86' lang='grc' dir='ltr'>Ὑπερ</span> <span class='ocrx_word' id='word_1_236' title='bbox 864 1731 1068 1801; x_wconf 80' lang='grc' dir='ltr'>ταύτης</span> <span class='ocrx_word' id='word_1_237' title='bbox 1107 1729 1209 1801; x_wconf 85' lang='grc' dir='ltr'>τῆς</span> <span class='ocrx_word' id='word_1_238' title='bbox 1240 1730 1389 1796; x_wconf 80' lang='grc' dir='ltr'>θείας</span> <span class='ocrx_word' id='word_1_239' title='bbox 1420 1728 1744 1801; x_wconf 72' lang='grc' dir='ltr'>δικαιοσύνης</span> 
     </span>
    </p>
   </div>
   <div class='ocr_carea' id='block_1_31' title="bbox 1851 1723 3433 1802">
    <p class='ocr_par' dir='ltr' id='par_1_31' title="bbox 1862 1723 3433 1797">
     <span class='ocr_line' id='line_1_31' title="bbox 1862 1723 3433 1797; baseline -0.007 -11"><span class='ocrx_word' id='word_1_240' title='bbox 1862 1733 1984 1786; x_wconf 88' lang='lat' dir='ltr'><strong>ritis</strong></span> <span class='ocrx_word' id='word_1_241' title='bbox 2034 1732 2147 1786; x_wconf 93' lang='lat' dir='ltr'><strong>suis</strong></span> <span class='ocrx_word' id='word_1_242' title='bbox 2192 1730 2414 1797; x_wconf 64' lang='lat' dir='ltr'><strong>prmmia</strong></span> <span class='ocrx_word' id='word_1_243' title='bbox 2467 1728 2689 1783; x_wconf 84' lang='lat' dir='ltr'><strong>referet.</strong></span> <span class='ocrx_word' id='word_1_244' title='bbox 2744 1726 2968 1781; x_wconf 79' lang='lat' dir='ltr'><strong>Divinas</strong></span> <span class='ocrx_word' id='word_1_245' title='bbox 2991 1725 3173 1795; x_wconf 87' lang='lat' dir='ltr'><strong>itaque</strong></span> <span class='ocrx_word' id='word_1_246' title='bbox 3200 1723 3433 1777; x_wconf 84' lang='lat' dir='ltr'><strong>antistes</strong></span> 
     </span>
    </p>
   </div>
   <div class='ocr_carea' id='block_1_32' title="bbox 166 1810 1744 1894">
    <p class='ocr_par' dir='ltr' id='par_1_32' title="bbox 166 1820 1744 1894">
     <span class='ocr_line' id='line_1_32' title="bbox 166 1820 1744 1894; baseline 0.001 -19"><span class='ocrx_word' id='word_1_247' title='bbox 166 1822 196 1875; x_wconf 90' lang='grc' dir='ltr'><strong>ὁ</strong></span> <span class='ocrx_word' id='word_1_248' title='bbox 228 1820 497 1892; x_wconf 81' lang='grc' dir='ltr'>ἱεράρχης</span> <span class='ocrx_word' id='word_1_249' title='bbox 530 1822 952 1894; x_wconf 83' lang='grc' dir='ltr'>εὐχαριστήσας,</span> <span class='ocrx_word' id='word_1_250' title='bbox 996 1823 1162 1894; x_wconf 81' lang='grc' dir='ltr'>εὐχὴν</span> <span class='ocrx_word' id='word_1_251' title='bbox 1197 1822 1347 1894; x_wconf 75' lang='grc' dir='ltr'>ἱερὰν</span> <span class='ocrx_word' id='word_1_252' title='bbox 1381 1824 1635 1885; x_wconf 88' lang='grc' dir='ltr'>ποιεῖται,</span> <span class='ocrx_word' id='word_1_253' title='bbox 1666 1821 1744 1876; x_wconf 79' lang='grc' dir='ltr'>κα⁴</span> 
     </span>
    </p>
   </div>
   <div class='ocr_carea' id='block_1_33' title="bbox 1851 1810 3427 1894">
    <p class='ocr_par' dir='ltr' id='par_1_33' title="bbox 1859 1814 3427 1891">
     <span class='ocr_line' id='line_1_33' title="bbox 1859 1814 3427 1891; baseline -0.01 -16"><span class='ocrx_word' id='word_1_254' title='bbox 1859 1837 1956 1891; x_wconf 91' lang='lat' dir='ltr'><strong>pro</strong></span> <span class='ocrx_word' id='word_1_255' title='bbox 1987 1819 2169 1875; x_wconf 86' lang='lat' dir='ltr'><strong>divina</strong></span> <span class='ocrx_word' id='word_1_256' title='bbox 2205 1826 2305 1873; x_wconf 88' lang='lat' dir='ltr'><strong>hac</strong></span> <span class='ocrx_word' id='word_1_257' title='bbox 2329 1816 2544 1884; x_wconf 77' lang='lat' dir='ltr'><strong>iustitia</strong></span> <span class='ocrx_word' id='word_1_258' title='bbox 2597 1814 2802 1881; x_wconf 82' lang='lat' dir='ltr'><strong>gratias</strong></span> <span class='ocrx_word' id='word_1_259' title='bbox 2836 1826 3004 1880; x_wconf 77' lang='lat' dir='ltr'><strong>agens</strong></span> <span class='ocrx_word' id='word_1_260' title='bbox 3051 1825 3167 1866; x_wconf 88' lang='lat' dir='ltr'><strong>rem</strong></span> <span class='ocrx_word' id='word_1_261' title='bbox 3211 1822 3427 1864; x_wconf 85' lang='lat' dir='ltr'><strong>sacram</strong></span> 
     </span>
    </p>
   </div>
   <div class='ocr_carea' id='block_1_34' title="bbox 165 1900 1744 1988">
    <p class='ocr_par' dir='ltr' id='par_1_34' title="bbox 165 1912 1744 1988">
     <span class='ocr_line' id='line_1_34' title="bbox 165 1912 1744 1988; baseline 0.002 -23"><span class='ocrx_word' id='word_1_262' title='bbox 165 1912 270 1984; x_wconf 74' lang='grc' dir='ltr'>τὴν</span> <span class='ocrx_word' id='word_1_263' title='bbox 299 1913 606 1986; x_wconf 75' lang='grc' dir='ltr'>σεϐασμίαν</span> <span class='ocrx_word' id='word_1_264' title='bbox 638 1914 799 1987; x_wconf 84' lang='grc' dir='ltr'><strong>ὑμνεῖ</strong></span> <span class='ocrx_word' id='word_1_265' title='bbox 826 1914 1105 1987; x_wconf 89' lang='grc' dir='ltr'>θεαρχίαν,</span> <span class='ocrx_word' id='word_1_266' title='bbox 1135 1912 1212 1978; x_wconf 83' lang='grc' dir='ltr'><strong>ὡς</strong></span> <span class='ocrx_word' id='word_1_267' title='bbox 1242 1915 1629 1988; x_wconf 81' lang='grc' dir='ltr'>καθαιρετικὴν</span> <span class='ocrx_word' id='word_1_268' title='bbox 1660 1916 1744 1987; x_wconf 57' lang='grc' dir='ltr'>μὲι</span> 
     </span>
    </p>
   </div>
   <div class='ocr_carea' id='block_1_35' title="bbox 1851 1900 3426 1988">
    <p class='ocr_par' dir='ltr' id='par_1_35' title="bbox 1859 1900 3426 1982">
     <span class='ocr_line' id='line_1_35' title="bbox 1859 1900 3426 1982; baseline -0.008 -17"><span class='ocrx_word' id='word_1_269' title='bbox 1859 1911 2091 1982; x_wconf 80' lang='lat' dir='ltr'><strong>peragit,</strong></span> <span class='ocrx_word' id='word_1_270' title='bbox 2117 1918 2279 1979; x_wconf 89' lang='lat' dir='ltr'><strong>atque</strong></span> <span class='ocrx_word' id='word_1_271' title='bbox 2301 1907 2668 1962; x_wconf 88' lang='lat' dir='ltr'><strong>venerandum</strong></span> <span class='ocrx_word' id='word_1_272' title='bbox 2692 1904 2882 1957; x_wconf 88' lang='lat' dir='ltr'><strong>laudat</strong></span> <span class='ocrx_word' id='word_1_273' title='bbox 2906 1902 2995 1958; x_wconf 89' lang='lat' dir='ltr'><strong>Dei</strong></span> <span class='ocrx_word' id='word_1_274' title='bbox 3036 1900 3426 1970; x_wconf 71' lang='lat' dir='ltr'><strong>principatum,</strong></span> 
     </span>
    </p>
   </div>
   <div class='ocr_carea' id='block_1_36' title="bbox 165 1989 1744 2080">
    <p class='ocr_par' dir='ltr' id='par_1_36' title="bbox 165 2004 1744 2080">
     <span class='ocr_line' id='line_1_36' title="bbox 165 2004 1744 2080; baseline 0.003 -22"><span class='ocrx_word' id='word_1_275' title='bbox 165 2004 264 2058; x_wconf 75' lang='grc' dir='ltr'><strong>τοῦ</strong></span> <span class='ocrx_word' id='word_1_276' title='bbox 324 2007 471 2061; x_wconf 81' lang='grc' dir='ltr'>κατὰ</span> <span class='ocrx_word' id='word_1_277' title='bbox 518 2006 734 2061; x_wconf 84' lang='grc' dir='ltr'>πάντων</span> <span class='ocrx_word' id='word_1_278' title='bbox 780 2008 938 2080; x_wconf 82' lang='grc' dir='ltr'>ἡμῶν</span> <span class='ocrx_word' id='word_1_279' title='bbox 982 2007 1167 2062; x_wconf 81' lang='grc' dir='ltr'>ἀδίκου</span> <span class='ocrx_word' id='word_1_280' title='bbox 1222 2007 1314 2061; x_wconf 77' lang='grc' dir='ltr'>καὶ</span> <span class='ocrx_word' id='word_1_281' title='bbox 1356 2008 1673 2080; x_wconf 82' lang='grc' dir='ltr'>τυραννικοῦ</span> <span class='ocrx_word' id='word_1_282' title='bbox 1713 2008 1744 2040; x_wconf 85' lang='grc'><strong>³¹</strong></span> 
     </span>
    </p>
   </div>
   <div class='ocr_carea' id='block_1_37' title="bbox 1851 1989 3431 2080">
    <p class='ocr_par' dir='ltr' id='par_1_37' title="bbox 1860 1989 3431 2070">
     <span class='ocr_line' id='line_1_37' title="bbox 1860 1989 3431 2070; baseline -0.007 -17"><span class='ocrx_word' id='word_1_283' title='bbox 1860 1998 2003 2070; x_wconf 81' lang='lat' dir='ltr'><strong>quod</strong></span> <span class='ocrx_word' id='word_1_284' title='bbox 2051 1997 2297 2067; x_wconf 88' lang='lat' dir='ltr'><strong>iniquum</strong></span> <span class='ocrx_word' id='word_1_285' title='bbox 2354 1994 2807 2066; x_wconf 80' lang='lat' dir='ltr'><strong>tyrannicumque</strong></span> <span class='ocrx_word' id='word_1_286' title='bbox 2839 1989 3143 2059; x_wconf 78' lang='lat' dir='ltr'><strong>imperium,</strong></span> <span class='ocrx_word' id='word_1_287' title='bbox 3174 2005 3285 2059; x_wconf 90' lang='lat' dir='ltr'><strong>quo</strong></span> <span class='ocrx_word' id='word_1_288' title='bbox 3307 2005 3431 2043; x_wconf 79' lang='lat' dir='ltr'><strong>om-</strong></span> 
     </span>
    </p>
   </div>
   <div class='ocr_carea' id='block_1_38' title="bbox 167 2098 1759 2171">
    <p class='ocr_par' dir='ltr' id='par_1_38' title="bbox 167 2098 1759 2171">
     <span class='ocr_line' id='line_1_38' title="bbox 167 2098 1759 2171; baseline 0.003 -20"><span class='ocrx_word' id='word_1_289' title='bbox 167 2098 444 2170; x_wconf 82' lang='grc' dir='ltr'>κράτους,</span> <span class='ocrx_word' id='word_1_290' title='bbox 479 2100 794 2170; x_wconf 86' lang='grc' dir='ltr'>μεταγωγὸν</span> <span class='ocrx_word' id='word_1_291' title='bbox 826 2100 883 2154; x_wconf 83' lang='grc' dir='ltr'><strong>δὲ</strong></span> <span class='ocrx_word' id='word_1_292' title='bbox 920 2099 1076 2171; x_wconf 86' lang='grc' dir='ltr'>ήμῶν</span> <span class='ocrx_word' id='word_1_293' title='bbox 1114 2100 1208 2153; x_wconf 73' lang='grc' dir='ltr'>ἐπὶ</span> <span class='ocrx_word' id='word_1_294' title='bbox 1246 2098 1317 2152; x_wconf 86' lang='grc' dir='ltr'><strong>τὰ</strong></span> <span class='ocrx_word' id='word_1_295' title='bbox 1352 2101 1524 2153; x_wconf 74' lang='grc' dir='ltr'>οἰκεῖα</span> <span class='ocrx_word' id='word_1_296' title='bbox 1555 2100 1759 2155; x_wconf 85' lang='grc' dir='ltr'>δικαιό-</span> 
     </span>
    </p>
   </div>
   <div class='ocr_carea' id='block_1_39' title="bbox 165 2190 670 2260">
    <p class='ocr_par' dir='ltr' id='par_1_39' title="bbox 165 2190 670 2260">
     <span class='ocr_line' id='line_1_39' title="bbox 165 2190 670 2260; baseline 0.008 -18"><span class='ocrx_word' id='word_1_297' title='bbox 165 2206 306 2243; x_wconf 83' lang='grc' dir='ltr'>τατα</span> <span class='ocrx_word' id='word_1_298' title='bbox 336 2190 385 2222; x_wconf 65' lang='grc'><strong>⁸⁸</strong></span> <span class='ocrx_word' id='word_1_299' title='bbox 407 2191 670 2260; x_wconf 82' lang='grc' dir='ltr'>κρίματα.</span> 
     </span>
    </p>
   </div>
   <div class='ocr_carea' id='block_1_40' title="bbox 1861 2079 3423 2159">
    <p class='ocr_par' dir='ltr' id='par_1_40' title="bbox 1861 2079 3423 2159">
     <span class='ocr_line' id='line_1_40' title="bbox 1861 2079 3423 2159; baseline -0.008 -13"><span class='ocrx_word' id='word_1_300' title='bbox 1861 2104 1958 2146; x_wconf 86' lang='lat' dir='ltr'><strong>nes</strong></span> <span class='ocrx_word' id='word_1_301' title='bbox 1976 2090 2381 2159; x_wconf 87' lang='lat' dir='ltr'><strong>premebamur,</strong></span> <span class='ocrx_word' id='word_1_302' title='bbox 2404 2083 2782 2139; x_wconf 79' lang='lat' dir='ltr'><strong>exterminarit</strong></span> <span class='ocrx_word' id='word_1_303' title='bbox 2800 2124 2814 2148; x_wconf 95' lang='lat'><strong>,</strong></span> <span class='ocrx_word' id='word_1_304' title='bbox 2839 2092 2895 2138; x_wconf 89' lang='lat' dir='ltr'><strong>et</strong></span> <span class='ocrx_word' id='word_1_305' title='bbox 2914 2097 3014 2137; x_wconf 89' lang='lat' dir='ltr'><strong>nos</strong></span> <span class='ocrx_word' id='word_1_306' title='bbox 3041 2079 3423 2150; x_wconf 80' lang='lat' dir='ltr'><strong>adjustissima</strong></span> 
     </span>
    </p>
   </div>
   <div class='ocr_carea' id='block_1_41' title="bbox 1857 2177 2575 2250">
    <p class='ocr_par' dir='ltr' id='par_1_41' title="bbox 1857 2177 2575 2250">
     <span class='ocr_line' id='line_1_41' title="bbox 1857 2177 2575 2250; baseline -0.007 -13"><span class='ocrx_word' id='word_1_307' title='bbox 1857 2196 1955 2237; x_wconf 85' lang='lat' dir='ltr'><strong>sua</strong></span> <span class='ocrx_word' id='word_1_308' title='bbox 1973 2180 2180 2250; x_wconf 82' lang='lat' dir='ltr'><strong>judicia</strong></span> <span class='ocrx_word' id='word_1_309' title='bbox 2213 2177 2575 2233; x_wconf 85' lang='lat' dir='ltr'><strong>transtulerit.</strong></span> 
     </span>
    </p>
   </div>
   <div class='ocr_carea' id='block_1_42' title="bbox 1715 2339 1854 2414">
    <p class='ocr_par' dir='ltr' id='par_1_42' title="bbox 1715 2339 1854 2414">
     <span class='ocr_line' id='line_1_42' title="bbox 1715 2339 1854 2414; baseline 0.007 -15"><span class='ocrx_word' id='word_1_310' title='bbox 1715 2339 1854 2414; x_wconf 79' lang='lat' dir='ltr'><strong>§ll.</strong></span> 
     </span>
    </p>
   </div>
   <div class='ocr_carea' id='block_1_43' title="bbox 237 2497 1760 2572">
    <p class='ocr_par' dir='ltr' id='par_1_43' title="bbox 237 2497 1760 2572">
     <span class='ocr_line' id='line_1_43' title="bbox 237 2497 1760 2572; baseline 0.001 -19"><span class='ocrx_word' id='word_1_311' title='bbox 237 2502 306 2553; x_wconf 81' lang='grc' dir='ltr'><strong>Αἱ</strong></span> <span class='ocrx_word' id='word_1_312' title='bbox 334 2500 393 2553; x_wconf 85' lang='grc' dir='ltr'><strong>δὲ</strong></span> <span class='ocrx_word' id='word_1_313' title='bbox 417 2499 527 2553; x_wconf 91' lang='grc' dir='ltr'><strong>τῶν</strong></span> <span class='ocrx_word' id='word_1_314' title='bbox 559 2497 864 2572; x_wconf 84' lang='grc' dir='ltr'>θεαρχικῶν</span> <span class='ocrx_word' id='word_1_315' title='bbox 891 2499 933 2532; x_wconf 70' lang='grc'>⁸⁸</span> <span class='ocrx_word' id='word_1_316' title='bbox 962 2499 1304 2569; x_wconf 77' lang='grc' dir='ltr'>ἐπαγγελιῶν</span> <span class='ocrx_word' id='word_1_317' title='bbox 1350 2499 1484 2571; x_wconf 78' lang='grc' dir='ltr'>ᾠδαὶ</span> <span class='ocrx_word' id='word_1_318' title='bbox 1509 2502 1604 2556; x_wconf 82' lang='grc' dir='ltr'><strong>καὶ</strong></span> <span class='ocrx_word' id='word_1_319' title='bbox 1630 2502 1760 2556; x_wconf 89' lang='grc' dir='ltr'>ἀνα-</span> 
     </span>
    </p>
   </div>
   <div class='ocr_carea' id='block_1_44' title="bbox 160 2592 1755 2666">
    <p class='ocr_par' dir='ltr' id='par_1_44' title="bbox 160 2592 1755 2666">
     <span class='ocr_line' id='line_1_44' title="bbox 160 2592 1755 2666; baseline 0.001 -20"><span class='ocrx_word' id='word_1_320' title='bbox 160 2592 399 2661; x_wconf 81' lang='grc' dir='ltr'>γνώσεις</span> <span class='ocrx_word' id='word_1_321' title='bbox 446 2594 835 2663; x_wconf 73' lang='grc' dir='ltr'>ἐκφαντορικαὶ</span> <span class='ocrx_word' id='word_1_322' title='bbox 864 2593 964 2665; x_wconf 87' lang='grc' dir='ltr'><strong>μέν</strong></span> <span class='ocrx_word' id='word_1_323' title='bbox 1016 2597 1124 2647; x_wconf 79' lang='grc' dir='ltr'>εἰσι</span> <span class='ocrx_word' id='word_1_324' title='bbox 1165 2595 1273 2649; x_wconf 90' lang='grc' dir='ltr'><strong>τῶν</strong></span> <span class='ocrx_word' id='word_1_325' title='bbox 1326 2596 1755 2666; x_wconf 83' lang='grc' dir='ltr'>μακαριωτάτων</span> 
     </span>
    </p>
   </div>
   <div class='ocr_carea' id='block_1_45' title="bbox 161 2685 1755 2757">
    <p class='ocr_par' dir='ltr' id='par_1_45' title="bbox 161 2685 1755 2757">
     <span class='ocr_line' id='line_1_45' title="bbox 161 2685 1755 2757; baseline 0.003 -20"><span class='ocrx_word' id='word_1_326' title='bbox 161 2686 397 2757; x_wconf 80' lang='grc' dir='ltr'>λήξεων,</span> <span class='ocrx_word' id='word_1_327' title='bbox 422 2687 503 2749; x_wconf 82' lang='grc' dir='ltr'><strong>εἰς</strong></span> <span class='ocrx_word' id='word_1_328' title='bbox 524 2685 592 2749; x_wconf 81' lang='grc' dir='ltr'>ἃς</span> <span class='ocrx_word' id='word_1_329' title='bbox 616 2687 666 2739; x_wconf 78' lang='grc' dir='ltr'><strong>οἱ</strong></span> <span class='ocrx_word' id='word_1_330' title='bbox 693 2685 843 2738; x_wconf 81' lang='grc' dir='ltr'>θείαν</span> <span class='ocrx_word' id='word_1_331' title='bbox 888 2686 1183 2757; x_wconf 80' lang='grc' dir='ltr'>ἐσχηκότες</span> <span class='ocrx_word' id='word_1_332' title='bbox 1223 2685 1501 2741; x_wconf 81' lang='grc' dir='ltr'>τελείωσιν</span> <span class='ocrx_word' id='word_1_333' title='bbox 1524 2687 1755 2753; x_wconf 87' lang='grc' dir='ltr'>αίωνίως</span> 
     </span>
    </p>
   </div>
   <div class='ocr_carea' id='block_1_46' title="bbox 161 2776 1751 2849">
    <p class='ocr_par' dir='ltr' id='par_1_46' title="bbox 161 2776 1751 2849">
     <span class='ocr_line' id='line_1_46' title="bbox 161 2776 1751 2849; baseline -0.001 -16"><span class='ocrx_word' id='word_1_334' title='bbox 161 2778 670 2848; x_wconf 85' lang='grc' dir='ltr'>καταταχθήσονται</span> <span class='ocrx_word' id='word_1_335' title='bbox 698 2777 740 2810; x_wconf 59' lang='grc' dir='ltr'><strong>δ’</strong></span> <span class='ocrx_word' id='word_1_336' title='bbox 761 2795 772 2807; x_wconf 84' lang='grc'><strong>·</strong></span> <span class='ocrx_word' id='word_1_337' title='bbox 802 2776 896 2832; x_wconf 79' lang='grc' dir='ltr'>τοῦ</span> <span class='ocrx_word' id='word_1_338' title='bbox 919 2777 978 2830; x_wconf 81' lang='grc' dir='ltr'>δὲ</span> <span class='ocrx_word' id='word_1_339' title='bbox 1005 2776 1357 2849; x_wconf 80' lang='grc' dir='ltr'>κοιμηθέντος</span> <span class='ocrx_word' id='word_1_340' title='bbox 1405 2778 1569 2849; x_wconf 82' lang='grc' dir='ltr'>ἰερῶς</span> <span class='ocrx_word' id='word_1_341' title='bbox 1612 2778 1751 2832; x_wconf 85' lang='grc' dir='ltr'>ἀπο-</span> 
     </span>
    </p>
   </div>
   <div class='ocr_carea' id='block_1_47' title="bbox 159 2868 1748 2944">
    <p class='ocr_par' dir='ltr' id='par_1_47' title="bbox 159 2868 1748 2944">
     <span class='ocr_line' id='line_1_47' title="bbox 159 2868 1748 2944; baseline 0.001 -21"><span class='ocrx_word' id='word_1_342' title='bbox 159 2869 431 2933; x_wconf 76' lang='grc' dir='ltr'>δεκτικαὶ,</span> <span class='ocrx_word' id='word_1_343' title='bbox 457 2868 566 2923; x_wconf 87' lang='grc' dir='ltr'><strong>τῶν</strong></span> <span class='ocrx_word' id='word_1_344' title='bbox 588 2870 668 2924; x_wconf 85' lang='grc' dir='ltr'><strong>έτι</strong></span> <span class='ocrx_word' id='word_1_345' title='bbox 696 2870 753 2924; x_wconf 84' lang='grc' dir='ltr'>δὲ</span> <span class='ocrx_word' id='word_1_346' title='bbox 784 2869 999 2933; x_wconf 81' lang='grc' dir='ltr'>ζώντων</span> <span class='ocrx_word' id='word_1_347' title='bbox 1045 2872 1439 2942; x_wconf 72' lang='grc' dir='ltr'>προτρεπτικαὶ</span> <span class='ocrx_word' id='word_1_348' title='bbox 1468 2870 1605 2943; x_wconf 80' lang='grc' dir='ltr'>πρὸς</span> <span class='ocrx_word' id='word_1_349' title='bbox 1646 2871 1748 2944; x_wconf 77' lang='grc' dir='ltr'><strong>τήν</strong></span> 
     </span>
    </p>
   </div>
   <div class='ocr_carea' id='block_1_48' title="bbox 160 2962 682 3035">
    <p class='ocr_par' dir='ltr' id='par_1_48' title="bbox 160 2962 682 3035">
     <span class='ocr_line' id='line_1_48' title="bbox 160 2962 682 3035; baseline 0.002 -19"><span class='ocrx_word' id='word_1_350' title='bbox 160 2964 359 3035; x_wconf 79' lang='grc' dir='ltr'>ὁμοίαν</span> <span class='ocrx_word' id='word_1_351' title='bbox 384 2962 682 3017; x_wconf 78' lang='grc' dir='ltr'>τελείωσιν.</span> 
     </span>
    </p>
   </div>
   <div class='ocr_carea' id='block_1_49' title="bbox 1930 2496 3431 2569">
    <p class='ocr_par' dir='ltr' id='par_1_49' title="bbox 1930 2496 3431 2569">
     <span class='ocr_line' id='line_1_49' title="bbox 1930 2496 3431 2569; baseline -0.003 -13"><span class='ocrx_word' id='word_1_352' title='bbox 1930 2499 2154 2556; x_wconf 86' lang='lat' dir='ltr'><strong>Cantica</strong></span> <span class='ocrx_word' id='word_1_353' title='bbox 2206 2514 2372 2569; x_wconf 88' lang='lat' dir='ltr'><strong>porro</strong></span> <span class='ocrx_word' id='word_1_354' title='bbox 2424 2498 2734 2553; x_wconf 82' lang='lat' dir='ltr'><strong>divinarum</strong></span> <span class='ocrx_word' id='word_1_355' title='bbox 2799 2497 3226 2567; x_wconf 83' lang='lat' dir='ltr'><strong>promissionum</strong></span> <span class='ocrx_word' id='word_1_356' title='bbox 3261 2512 3323 2551; x_wconf 91' lang='lat' dir='ltr'><strong>ac</strong></span> <span class='ocrx_word' id='word_1_357' title='bbox 3352 2496 3431 2551; x_wconf 69' lang='lat' dir='ltr'><strong>leo</strong></span> 
     </span>
    </p>
   </div>
   <div class='ocr_carea' id='block_1_50' title="bbox 1859 2586 3427 2661">
    <p class='ocr_par' dir='ltr' id='par_1_50' title="bbox 1859 2586 3427 2661">
     <span class='ocr_line' id='line_1_50' title="bbox 1859 2586 3427 2661; baseline -0.004 -13"><span class='ocrx_word' id='word_1_358' title='bbox 1859 2592 2069 2648; x_wconf 91' lang='lat' dir='ltr'><strong>ctiones</strong></span> <span class='ocrx_word' id='word_1_359' title='bbox 2107 2590 2384 2661; x_wconf 82' lang='lat' dir='ltr'><strong>explicant</strong></span> <span class='ocrx_word' id='word_1_360' title='bbox 2431 2589 2589 2645; x_wconf 89' lang='lat' dir='ltr'><strong>nobis</strong></span> <span class='ocrx_word' id='word_1_361' title='bbox 2614 2589 2774 2643; x_wconf 82' lang='lat' dir='ltr'><strong>sedes</strong></span> <span class='ocrx_word' id='word_1_362' title='bbox 2801 2586 2927 2642; x_wconf 86' lang='lat' dir='ltr'><strong>illas</strong></span> <span class='ocrx_word' id='word_1_363' title='bbox 2954 2587 3328 2652; x_wconf 86' lang='lat' dir='ltr'><strong>beatissimas,</strong></span> <span class='ocrx_word' id='word_1_364' title='bbox 3359 2588 3427 2642; x_wconf 86' lang='lat' dir='ltr'><strong>atl</strong></span> 
     </span>
    </p>
   </div>
   <div class='ocr_carea' id='block_1_51' title="bbox 1857 2678 3429 2754">
    <p class='ocr_par' dir='ltr' id='par_1_51' title="bbox 1857 2678 3429 2754">
     <span class='ocr_line' id='line_1_51' title="bbox 1857 2678 3429 2754; baseline -0.005 -15"><span class='ocrx_word' id='word_1_365' title='bbox 1857 2700 1992 2754; x_wconf 89' lang='lat' dir='ltr'><strong>quas</strong></span> <span class='ocrx_word' id='word_1_366' title='bbox 2020 2684 2080 2748; x_wconf 89' lang='lat' dir='ltr'><strong>ii,</strong></span> <span class='ocrx_word' id='word_1_367' title='bbox 2111 2683 2199 2751; x_wconf 85' lang='lat' dir='ltr'><strong>qui</strong></span> <span class='ocrx_word' id='word_1_368' title='bbox 2237 2682 2419 2737; x_wconf 90' lang='lat' dir='ltr'><strong>divina</strong></span> <span class='ocrx_word' id='word_1_369' title='bbox 2478 2678 2815 2749; x_wconf 83' lang='lat' dir='ltr'><strong>perfectione</strong></span> <span class='ocrx_word' id='word_1_370' title='bbox 2864 2679 3074 2747; x_wconf 71' lang='lat' dir='ltr'><strong>praediti</strong></span> <span class='ocrx_word' id='word_1_371' title='bbox 3104 2689 3279 2745; x_wconf 85' lang='lat' dir='ltr'><strong>sunt,</strong></span> <span class='ocrx_word' id='word_1_372' title='bbox 3303 2695 3429 2749; x_wconf 73' lang='lat' dir='ltr'><strong>pro-</strong></span> 
     </span>
    </p>
   </div>
   <div class='ocr_carea' id='block_1_52' title="bbox 1857 2773 3428 2849">
    <p class='ocr_par' dir='ltr' id='par_1_52' title="bbox 1857 2773 3428 2849">
     <span class='ocr_line' id='line_1_52' title="bbox 1857 2773 3428 2849; baseline -0.003 -16"><span class='ocrx_word' id='word_1_373' title='bbox 1857 2778 2217 2849; x_wconf 86' lang='lat' dir='ltr'><strong>movebuntur</strong></span> <span class='ocrx_word' id='word_1_374' title='bbox 2244 2792 2259 2842; x_wconf 89' lang='lat'><strong>;</strong></span> <span class='ocrx_word' id='word_1_375' title='bbox 2291 2785 2346 2832; x_wconf 89' lang='lat' dir='ltr'><strong>et</strong></span> <span class='ocrx_word' id='word_1_376' title='bbox 2376 2790 2498 2845; x_wconf 79' lang='lat' dir='ltr'><strong>quae</strong></span> <span class='ocrx_word' id='word_1_377' title='bbox 2548 2790 2697 2841; x_wconf 89' lang='lat' dir='ltr'><strong>eum,</strong></span> <span class='ocrx_word' id='word_1_378' title='bbox 2733 2774 2826 2843; x_wconf 92' lang='lat' dir='ltr'><strong>qni</strong></span> <span class='ocrx_word' id='word_1_379' title='bbox 2851 2782 3042 2828; x_wconf 86' lang='lat' dir='ltr'><strong>sancte</strong></span> <span class='ocrx_word' id='word_1_380' title='bbox 3066 2774 3178 2828; x_wconf 89' lang='lat' dir='ltr'><strong>vita</strong></span> <span class='ocrx_word' id='word_1_381' title='bbox 3209 2773 3428 2831; x_wconf 82' lang='lat' dir='ltr'><strong>functus</strong></span> 
     </span>
    </p>
   </div>
   <div class='ocr_carea' id='block_1_53' title="bbox 1853 2864 3425 2939">
    <p class='ocr_par' dir='ltr' id='par_1_53' title="bbox 1853 2864 3425 2939">
     <span class='ocr_line' id='line_1_53' title="bbox 1853 2864 3425 2939; baseline -0.003 -14"><span class='ocrx_word' id='word_1_382' title='bbox 1853 2879 1958 2937; x_wconf 90' lang='lat' dir='ltr'><strong>est,</strong></span> <span class='ocrx_word' id='word_1_383' title='bbox 1990 2868 2291 2939; x_wconf 84' lang='lat' dir='ltr'><strong>excipiunt,</strong></span> <span class='ocrx_word' id='word_1_384' title='bbox 2338 2868 2585 2923; x_wconf 77' lang='lat' dir='ltr'><strong>viventes</strong></span> <span class='ocrx_word' id='word_1_385' title='bbox 2625 2876 2807 2922; x_wconf 87' lang='lat' dir='ltr'><strong>autem</strong></span> <span class='ocrx_word' id='word_1_386' title='bbox 2855 2865 2923 2919; x_wconf 88' lang='lat' dir='ltr'><strong>ad</strong></span> <span class='ocrx_word' id='word_1_387' title='bbox 2951 2864 3184 2921; x_wconf 88' lang='lat' dir='ltr'><strong>similem</strong></span> <span class='ocrx_word' id='word_1_388' title='bbox 3207 2867 3333 2921; x_wconf 72' lang='lat' dir='ltr'><strong>vita:</strong></span> <span class='ocrx_word' id='word_1_389' title='bbox 3362 2867 3425 2920; x_wconf 86' lang='lat' dir='ltr'><strong>ll—</strong></span> 
     </span>
    </p>
   </div>
   <div class='ocr_carea' id='block_1_54' title="bbox 1855 2962 2379 3018">
    <p class='ocr_par' dir='ltr' id='par_1_54' title="bbox 1855 2962 2379 3018">
     <span class='ocr_line' id='line_1_54' title="bbox 1855 2962 2379 3018; baseline -0.004 -2"><span class='ocrx_word' id='word_1_390' title='bbox 1855 2976 1979 3018; x_wconf 85' lang='lat' dir='ltr'><strong>nem</strong></span> <span class='ocrx_word' id='word_1_391' title='bbox 2001 2962 2379 3017; x_wconf 84' lang='lat' dir='ltr'><strong>adhortantur.</strong></span> 
     </span>
    </p>
   </div>
   <div class='ocr_carea' id='block_1_55' title="bbox 1690 3116 1869 3193">
    <p class='ocr_par' dir='ltr' id='par_1_55' title="bbox 1690 3116 1869 3193">
     <span class='ocr_line' id='line_1_55' title="bbox 1690 3116 1869 3193; baseline 0.017 -16"><span class='ocrx_word' id='word_1_392' title='bbox 1690 3120 1720 3193; x_wconf 63' lang='grc' dir='ltr'><strong>ς</strong></span> <span class='ocrx_word' id='word_1_393' title='bbox 1756 3116 1869 3180; x_wconf 85' lang='lat' dir='ltr'><strong>Ill.</strong></span> 
     </span>
    </p>
   </div>
   <div class='ocr_carea' id='block_1_56' title="bbox 230 3260 1744 3356">
    <p class='ocr_par' dir='ltr' id='par_1_56' title="bbox 230 3282 1744 3356">
     <span class='ocr_line' id='line_1_56' title="bbox 230 3282 1744 3356; baseline -0.001 -17"><span class='ocrx_word' id='word_1_394' title='bbox 230 3285 438 3339; x_wconf 81' lang='grc' dir='ltr'>Σκόπει</span> <span class='ocrx_word' id='word_1_395' title='bbox 458 3284 537 3349; x_wconf 76' lang='grc' dir='ltr'><strong>δὲ,</strong></span> <span class='ocrx_word' id='word_1_396' title='bbox 560 3284 642 3338; x_wconf 80' lang='grc' dir='ltr'><strong>ὅτι</strong></span> <span class='ocrx_word' id='word_1_397' title='bbox 665 3283 759 3339; x_wconf 81' lang='grc' dir='ltr'>νῦν</span> <span class='ocrx_word' id='word_1_398' title='bbox 779 3285 839 3338; x_wconf 75' lang='grc' dir='ltr'><strong>οὔ</strong></span> <span class='ocrx_word' id='word_1_399' title='bbox 866 3286 1037 3340; x_wconf 77' lang='grc' dir='ltr'>πᾶσαι</span> <span class='ocrx_word' id='word_1_400' title='bbox 1071 3284 1213 3340; x_wconf 83' lang='grc' dir='ltr'><strong>κατά</strong></span> <span class='ocrx_word' id='word_1_401' title='bbox 1233 3282 1294 3339; x_wconf 76' lang='grc' dir='ltr'>τὸ</span> <span class='ocrx_word' id='word_1_402' title='bbox 1318 3283 1545 3356; x_wconf 88' lang='grc' dir='ltr'>σύνηθες</span> <span class='ocrx_word' id='word_1_403' title='bbox 1564 3284 1621 3339; x_wconf 80' lang='grc' dir='ltr'>αι</span> <span class='ocrx_word' id='word_1_404' title='bbox 1646 3300 1744 3338; x_wconf 68' lang='grc' dir='ltr'>καρ-</span> 
     </span>
    </p>
   </div>
   <div class='ocr_carea' id='block_1_57' title="bbox 1851 3260 3425 3356">
    <p class='ocr_par' dir='ltr' id='par_1_57' title="bbox 1918 3279 3425 3349">
     <span class='ocr_line' id='line_1_57' title="bbox 1918 3279 3425 3349; baseline -0.002 -12"><span class='ocrx_word' id='word_1_405' title='bbox 1918 3281 2184 3338; x_wconf 75' lang='lat' dir='ltr'><strong>Cteterum</strong></span> <span class='ocrx_word' id='word_1_406' title='bbox 2233 3280 2481 3344; x_wconf 85' lang='lat' dir='ltr'><strong>observa,</strong></span> <span class='ocrx_word' id='word_1_407' title='bbox 2533 3279 2808 3349; x_wconf 87' lang='lat' dir='ltr'><strong>quomodo</strong></span> <span class='ocrx_word' id='word_1_408' title='bbox 2855 3296 2963 3337; x_wconf 89' lang='lat' dir='ltr'><strong>non</strong></span> <span class='ocrx_word' id='word_1_409' title='bbox 3006 3294 3199 3335; x_wconf 87' lang='lat' dir='ltr'><strong>omnes</strong></span> <span class='ocrx_word' id='word_1_410' title='bbox 3218 3280 3311 3349; x_wconf 87' lang='lat' dir='ltr'><strong>qui</strong></span> <span class='ocrx_word' id='word_1_411' title='bbox 3334 3296 3425 3335; x_wconf 80' lang='lat' dir='ltr'><strong>cx-</strong></span> 
     </span>
    </p>
   </div>
   <div class='ocr_carea' id='block_1_58' title="bbox 164 3374 1751 3452">
    <p class='ocr_par' dir='ltr' id='par_1_58' title="bbox 164 3374 1751 3452">
     <span class='ocr_line' id='line_1_58' title="bbox 164 3374 1751 3452; baseline -0.003 -20"><span class='ocrx_word' id='word_1_412' title='bbox 164 3378 488 3452; x_wconf 80' lang='grc' dir='ltr'>θαιρόμεναι</span> <span class='ocrx_word' id='word_1_413' title='bbox 529 3377 711 3442; x_wconf 82' lang='grc' dir='ltr'>τάξεις</span> <span class='ocrx_word' id='word_1_414' title='bbox 756 3377 1099 3442; x_wconf 80' lang='grc' dir='ltr'>ἀπολύονται,</span> <span class='ocrx_word' id='word_1_415' title='bbox 1148 3378 1299 3449; x_wconf 88' lang='grc' dir='ltr'>μόνοι</span> <span class='ocrx_word' id='word_1_416' title='bbox 1333 3376 1392 3430; x_wconf 79' lang='grc' dir='ltr'>δὲ</span> <span class='ocrx_word' id='word_1_417' title='bbox 1433 3375 1543 3429; x_wconf 88' lang='grc' dir='ltr'><strong>τῶν</strong></span> <span class='ocrx_word' id='word_1_418' title='bbox 1587 3374 1751 3447; x_wconf 77' lang='grc' dir='ltr'>ιερῶν</span> 
     </span>
    </p>
   </div>
   <div class='ocr_carea' id='block_1_59' title="bbox 163 3465 1750 3543">
    <p class='ocr_par' dir='ltr' id='par_1_59' title="bbox 163 3465 1750 3543">
     <span class='ocr_line' id='line_1_59' title="bbox 163 3465 1750 3543; baseline -0.003 -19"><span class='ocrx_word' id='word_1_419' title='bbox 163 3469 519 3524; x_wconf 77' lang='grc' dir='ltr'>ἐκὸἀλλονται</span> <span class='ocrx_word' id='word_1_420' title='bbox 561 3468 757 3542; x_wconf 86' lang='grc' dir='ltr'>χώρων</span> <span class='ocrx_word' id='word_1_421' title='bbox 776 3471 827 3523; x_wconf 73' lang='grc' dir='ltr'><strong>οἱ</strong></span> <span class='ocrx_word' id='word_1_422' title='bbox 850 3469 1270 3543; x_wconf 85' lang='grc' dir='ltr'>κατηχούμενοι,</span> <span class='ocrx_word' id='word_1_423' title='bbox 1316 3470 1412 3523; x_wconf 73' lang='grc' dir='ltr'>καὶ</span> <span class='ocrx_word' id='word_1_424' title='bbox 1453 3468 1563 3540; x_wconf 83' lang='grc' dir='ltr'>γὰρ</span> <span class='ocrx_word' id='word_1_425' title='bbox 1608 3465 1750 3536; x_wconf 77' lang='grc' dir='ltr'>αὕτη</span> 
     </span>
    </p>
   </div>
   <div class='ocr_carea' id='block_1_60' title="bbox 166 3555 1744 3632">
    <p class='ocr_par' dir='ltr' id='par_1_60' title="bbox 166 3555 1744 3632">
     <span class='ocr_line' id='line_1_60' title="bbox 166 3555 1744 3632; baseline -0.004 -19"><span class='ocrx_word' id='word_1_426' title='bbox 166 3560 267 3631; x_wconf 77' lang='grc' dir='ltr'>μὶν</span> <span class='ocrx_word' id='word_1_427' title='bbox 311 3557 562 3632; x_wconf 84' lang='grc' dir='ltr'>ἀμύητός</span> <span class='ocrx_word' id='word_1_428' title='bbox 606 3561 722 3612; x_wconf 76' lang='grc' dir='ltr'>ἐστι</span> <span class='ocrx_word' id='word_1_429' title='bbox 778 3558 1009 3613; x_wconf 85' lang='grc' dir='ltr'>καθόλου</span> <span class='ocrx_word' id='word_1_430' title='bbox 1054 3559 1236 3628; x_wconf 84' lang='grc' dir='ltr'>πάσης</span> <span class='ocrx_word' id='word_1_431' title='bbox 1294 3557 1446 3625; x_wconf 87' lang='grc' dir='ltr'>ἱερᾶς</span> <span class='ocrx_word' id='word_1_432' title='bbox 1489 3555 1744 3625; x_wconf 82' lang='grc' dir='ltr'>τελετῆς,</span> 
     </span>
    </p>
   </div>
   <div class='ocr_carea' id='block_1_61' title="bbox 162 3644 1746 3722">
    <p class='ocr_par' dir='ltr' id='par_1_61' title="bbox 162 3644 1746 3722">
     <span class='ocr_line' id='line_1_61' title="bbox 162 3644 1746 3722; baseline -0.005 -16"><span class='ocrx_word' id='word_1_433' title='bbox 162 3653 259 3706; x_wconf 74' lang='grc' dir='ltr'>καὶ</span> <span class='ocrx_word' id='word_1_434' title='bbox 316 3650 457 3721; x_wconf 80' lang='grc' dir='ltr'>πρὸς</span> <span class='ocrx_word' id='word_1_435' title='bbox 519 3651 704 3715; x_wconf 79' lang='grc' dir='ltr'>οὐδὲν,</span> <span class='ocrx_word' id='word_1_436' title='bbox 752 3651 813 3704; x_wconf 85' lang='grc' dir='ltr'><strong>οὐ</strong></span> <span class='ocrx_word' id='word_1_437' title='bbox 883 3650 1109 3722; x_wconf 84' lang='grc' dir='ltr'>μικρὸν,</span> <span class='ocrx_word' id='word_1_438' title='bbox 1163 3650 1223 3701; x_wconf 86' lang='grc' dir='ltr'>οὐ</span> <span class='ocrx_word' id='word_1_439' title='bbox 1294 3647 1438 3719; x_wconf 83' lang='grc' dir='ltr'>μέγα</span> <span class='ocrx_word' id='word_1_440' title='bbox 1500 3644 1610 3700; x_wconf 87' lang='grc' dir='ltr'><strong>τῶν</strong></span> <span class='ocrx_word' id='word_1_441' title='bbox 1668 3647 1746 3698; x_wconf 85' lang='grc' dir='ltr'><strong>ἱε-</strong></span> 
     </span>
    </p>
   </div>
   <div class='ocr_carea' id='block_1_62' title="bbox 166 3736 1747 3815">
    <p class='ocr_par' dir='ltr' id='par_1_62' title="bbox 166 3736 1747 3815">
     <span class='ocr_line' id='line_1_62' title="bbox 166 3736 1747 3815; baseline -0.004 -19"><span class='ocrx_word' id='word_1_442' title='bbox 166 3743 277 3815; x_wconf 84' lang='grc' dir='ltr'><strong>ρῶς</strong></span> <span class='ocrx_word' id='word_1_443' title='bbox 320 3742 661 3814; x_wconf 81' lang='grc' dir='ltr'>τελουμένων</span> <span class='ocrx_word' id='word_1_444' title='bbox 706 3740 1030 3796; x_wconf 86' lang='grc' dir='ltr'>ἐποπτεύειν</span> <span class='ocrx_word' id='word_1_445' title='bbox 1074 3741 1211 3811; x_wconf 76' lang='grc' dir='ltr'>αὐτῇ</span> <span class='ocrx_word' id='word_1_446' title='bbox 1259 3738 1495 3810; x_wconf 79' lang='grc' dir='ltr'>θεμιτὸν,</span> <span class='ocrx_word' id='word_1_447' title='bbox 1524 3736 1598 3800; x_wconf 83' lang='grc' dir='ltr'>ὡς</span> <span class='ocrx_word' id='word_1_448' title='bbox 1626 3736 1747 3790; x_wconf 84' lang='grc' dir='ltr'>οὐδὲ</span> 
     </span>
    </p>
   </div>
   <div class='ocr_carea' id='block_1_63' title="bbox 161 3827 1749 3905">
    <p class='ocr_par' dir='ltr' id='par_1_63' title="bbox 161 3827 1749 3905">
     <span class='ocr_line' id='line_1_63' title="bbox 161 3827 1749 3905; baseline -0.001 -20"><span class='ocrx_word' id='word_1_449' title='bbox 161 3834 261 3905; x_wconf 81' lang='grc' dir='ltr'>τῆς</span> <span class='ocrx_word' id='word_1_450' title='bbox 282 3831 396 3885; x_wconf 86' lang='grc' dir='ltr'><strong>τῶν</strong></span> <span class='ocrx_word' id='word_1_451' title='bbox 420 3831 585 3902; x_wconf 85' lang='grc' dir='ltr'>ἱερῶν</span> <span class='ocrx_word' id='word_1_452' title='bbox 630 3831 859 3903; x_wconf 81' lang='grc' dir='ltr'>ὀπτικῆς</span> <span class='ocrx_word' id='word_1_453' title='bbox 900 3830 1181 3902; x_wconf 85' lang='grc' dir='ltr'>δυνάμεως</span> <span class='ocrx_word' id='word_1_454' title='bbox 1208 3828 1630 3902; x_wconf 69' lang='grc' dir='ltr'>μετασχούσῃ⁸³,</span> <span class='ocrx_word' id='word_1_455' title='bbox 1659 3827 1749 3883; x_wconf 81' lang='grc' dir='ltr'>διὰ</span> 
     </span>
    </p>
   </div>
   <div class='ocr_carea' id='block_1_64' title="bbox 160 3920 1745 3997">
    <p class='ocr_par' dir='ltr' id='par_1_64' title="bbox 160 3920 1745 3997">
     <span class='ocr_line' id='line_1_64' title="bbox 160 3920 1745 3997; baseline -0.003 -18"><span class='ocrx_word' id='word_1_456' title='bbox 160 3926 262 3997; x_wconf 81' lang='grc' dir='ltr'>τῆς</span> <span class='ocrx_word' id='word_1_457' title='bbox 306 3922 621 3997; x_wconf 72' lang='grc' dir='ltr'>ἀρχιφάπου</span> <span class='ocrx_word' id='word_1_458' title='bbox 648 3920 743 3978; x_wconf 67' lang='grc' dir='ltr'>καὶ</span> <span class='ocrx_word' id='word_1_459' title='bbox 784 3922 1135 3993; x_wconf 82' lang='grc' dir='ltr'>φωτοδότιδος</span> <span class='ocrx_word' id='word_1_460' title='bbox 1178 3921 1541 3992; x_wconf 86' lang='grc' dir='ltr'>θεογενεσίας.</span> <span class='ocrx_word' id='word_1_461' title='bbox 1586 3922 1652 3974; x_wconf 83' lang='grc' dir='ltr'>Δί</span> <span class='ocrx_word' id='word_1_462' title='bbox 1688 3920 1745 3974; x_wconf 82' lang='grc' dir='ltr'>δὲ</span> 
     </span>
    </p>
   </div>
   <div class='ocr_carea' id='block_1_65' title="bbox 158 4011 1742 4086">
    <p class='ocr_par' dir='ltr' id='par_1_65' title="bbox 158 4011 1742 4086">
     <span class='ocr_line' id='line_1_65' title="bbox 158 4011 1742 4086; baseline -0.003 -17"><span class='ocrx_word' id='word_1_463' title='bbox 158 4016 347 4070; x_wconf 73' lang='grc' dir='ltr'>λοιπαὶ</span> <span class='ocrx_word' id='word_1_464' title='bbox 369 4015 480 4069; x_wconf 89' lang='grc' dir='ltr'><strong>τῶν</strong></span> <span class='ocrx_word' id='word_1_465' title='bbox 502 4014 916 4086; x_wconf 83' lang='grc' dir='ltr'>καθαιρομένων</span> <span class='ocrx_word' id='word_1_466' title='bbox 938 4013 1120 4080; x_wconf 82' lang='grc' dir='ltr'>τάξεις</span> <span class='ocrx_word' id='word_1_467' title='bbox 1143 4014 1199 4066; x_wconf 86' lang='grc' dir='ltr'><strong>ἐν</strong></span> <span class='ocrx_word' id='word_1_468' title='bbox 1225 4014 1421 4086; x_wconf 87' lang='grc' dir='ltr'>μυήσει</span> <span class='ocrx_word' id='word_1_469' title='bbox 1446 4011 1493 4044; x_wconf 66' lang='grc'><strong>⁸⁵</strong></span> <span class='ocrx_word' id='word_1_470' title='bbox 1521 4013 1617 4083; x_wconf 85' lang='grc' dir='ltr'>μὲν</span> <span class='ocrx_word' id='word_1_471' title='bbox 1643 4011 1742 4083; x_wconf 75' lang='grc' dir='ltr'><strong>ήδη</strong></span> 
     </span>
    </p>
   </div>
   <div class='ocr_carea' id='block_1_66' title="bbox 160 4101 1745 4178">
    <p class='ocr_par' dir='ltr' id='par_1_66' title="bbox 160 4101 1745 4178">
     <span class='ocr_line' id='line_1_66' title="bbox 160 4101 1745 4178; baseline -0.004 -16"><span class='ocrx_word' id='word_1_472' title='bbox 160 4108 452 4177; x_wconf 85' lang='grc' dir='ltr'>γεγόνασιν</span> <span class='ocrx_word' id='word_1_473' title='bbox 498 4106 649 4177; x_wconf 80' lang='grc' dir='ltr'>ίερᾶς</span> <span class='ocrx_word' id='word_1_474' title='bbox 693 4105 1075 4178; x_wconf 75' lang='grc' dir='ltr'>παραδόσεωςο</span> <span class='ocrx_word' id='word_1_475' title='bbox 1128 4104 1369 4176; x_wconf 80' lang='grc' dir='ltr'>ἀνοήτως</span> <span class='ocrx_word' id='word_1_476' title='bbox 1391 4101 1449 4156; x_wconf 80' lang='grc' dir='ltr'><strong>δὲ</strong></span> <span class='ocrx_word' id='word_1_477' title='bbox 1494 4103 1629 4175; x_wconf 84' lang='grc' dir='ltr'>πρὸς</span> <span class='ocrx_word' id='word_1_478' title='bbox 1675 4101 1745 4156; x_wconf 82' lang='grc' dir='ltr'>τὰ</span> 
     </span>
    </p>
   </div>
   <div class='ocr_carea' id='block_1_67' title="bbox 158 4195 1743 4271">
    <p class='ocr_par' dir='ltr' id='par_1_67' title="bbox 158 4195 1743 4271">
     <span class='ocr_line' id='line_1_67' title="bbox 158 4195 1743 4271; baseline -0.001 -19"><span class='ocrx_word' id='word_1_479' title='bbox 158 4200 333 4271; x_wconf 84' lang='grc' dir='ltr'>χείρω</span> <span class='ocrx_word' id='word_1_480' title='bbox 377 4196 900 4269; x_wconf 86' lang='grc' dir='ltr'>παλινδρομήσασαι,</span> <span class='ocrx_word' id='word_1_481' title='bbox 944 4197 1063 4250; x_wconf 87' lang='grc' dir='ltr'>δέον</span> <span class='ocrx_word' id='word_1_482' title='bbox 1106 4197 1201 4251; x_wconf 77' lang='grc' dir='ltr'><strong>ἐπὶ</strong></span> <span class='ocrx_word' id='word_1_483' title='bbox 1244 4195 1314 4249; x_wconf 88' lang='grc' dir='ltr'>τὰ</span> <span class='ocrx_word' id='word_1_484' title='bbox 1335 4195 1522 4268; x_wconf 89' lang='grc' dir='ltr'>πρόσω</span> <span class='ocrx_word' id='word_1_485' title='bbox 1545 4195 1640 4266; x_wconf 83' lang='grc' dir='ltr'><strong>τὴν</strong></span> <span class='ocrx_word' id='word_1_486' title='bbox 1665 4198 1743 4250; x_wconf 78' lang='lat' dir='ltr'><strong>oi-</strong></span> 
     </span>
    </p>
   </div>
   <div class='ocr_carea' id='block_1_68' title="bbox 154 4286 1742 4360">
    <p class='ocr_par' dir='ltr' id='par_1_68' title="bbox 154 4286 1742 4360">
     <span class='ocr_line' id='line_1_68' title="bbox 154 4286 1742 4360; baseline -0.003 -16"><span class='ocrx_word' id='word_1_487' title='bbox 154 4291 316 4344; x_wconf 85' lang='grc' dir='ltr'>κείαν</span> <span class='ocrx_word' id='word_1_488' title='bbox 362 4288 653 4360; x_wconf 85' lang='grc' dir='ltr'>ἀναγωγὴν</span> <span class='ocrx_word' id='word_1_489' title='bbox 694 4287 1109 4351; x_wconf 70' lang='grc' dir='ltr'>ἀππελειῶσαι,</span> <span class='ocrx_word' id='word_1_490' title='bbox 1137 4290 1245 4341; x_wconf 91' lang='grc' dir='ltr'><strong>τῶν</strong></span> <span class='ocrx_word' id='word_1_491' title='bbox 1270 4286 1576 4359; x_wconf 86' lang='grc' dir='ltr'>θεαρχικῶν</span> <span class='ocrx_word' id='word_1_492' title='bbox 1622 4288 1742 4357; x_wconf 80' lang='grc' dir='ltr'>μὲν,</span> 
     </span>
    </p>
   </div>
   <div class='ocr_carea' id='block_1_69' title="bbox 154 4378 1745 4451">
    <p class='ocr_par' dir='ltr' id='par_1_69' title="bbox 154 4378 1745 4451">
     <span class='ocr_line' id='line_1_69' title="bbox 154 4378 1745 4451; baseline -0.003 -16"><span class='ocrx_word' id='word_1_493' title='bbox 154 4382 232 4446; x_wconf 82' lang='grc' dir='ltr'><strong>ὡς</strong></span> <span class='ocrx_word' id='word_1_494' title='bbox 254 4382 315 4435; x_wconf 87' lang='grc' dir='ltr'><strong>ἐν</strong></span> <span class='ocrx_word' id='word_1_495' title='bbox 341 4380 633 4451; x_wconf 82' lang='grc' dir='ltr'>συμϐόλοις</span> <span class='ocrx_word' id='word_1_496' title='bbox 664 4382 849 4451; x_wconf 78' lang='grc' dir='ltr'>ἱεροῖς,</span> <span class='ocrx_word' id='word_1_497' title='bbox 872 4379 1113 4449; x_wconf 73' lang='grc' dir='ltr'>ἐποψιῶν</span> <span class='ocrx_word' id='word_1_498' title='bbox 1141 4380 1235 4433; x_wconf 79' lang='grc' dir='ltr'><strong>καὶ</strong></span> <span class='ocrx_word' id='word_1_499' title='bbox 1277 4378 1571 4432; x_wconf 82' lang='grc' dir='ltr'>κοινωνιῶν</span> <span class='ocrx_word' id='word_1_500' title='bbox 1594 4378 1745 4432; x_wconf 85' lang='grc' dir='ltr'>εὐλό-</span> 
     </span>
    </p>
   </div>
   <div class='ocr_carea' id='block_1_70' title="bbox 156 4470 1743 4545">
    <p class='ocr_par' dir='ltr' id='par_1_70' title="bbox 156 4470 1743 4545">
     <span class='ocr_line' id='line_1_70' title="bbox 156 4470 1743 4545; baseline -0.001 -19"><span class='ocrx_word' id='word_1_501' title='bbox 156 4491 269 4542; x_wconf 86' lang='grc' dir='ltr'><strong>γως</strong></span> <span class='ocrx_word' id='word_1_502' title='bbox 316 4471 831 4526; x_wconf 87' lang='grc' dir='ltr'>ἀποδιαστέλλονται</span> <span class='ocrx_word' id='word_1_503' title='bbox 868 4490 883 4503; x_wconf 74' lang='grc' dir='ltr'><strong>ο</strong></span> <span class='ocrx_word' id='word_1_504' title='bbox 935 4470 1292 4545; x_wconf 80' lang='grc' dir='ltr'>βλαϐήσονται</span> <span class='ocrx_word' id='word_1_505' title='bbox 1337 4472 1466 4544; x_wconf 87' lang='grc' dir='ltr'><strong>γάρ,</strong></span> <span class='ocrx_word' id='word_1_506' title='bbox 1512 4471 1743 4543; x_wconf 88' lang='grc' dir='ltr'>ἀνιέρως</span> 
     </span>
    </p>
   </div>
   <div class='ocr_carea' id='block_1_71' title="bbox 154 4564 1745 4637">
    <p class='ocr_par' dir='ltr' id='par_1_71' title="bbox 154 4564 1745 4637">
     <span class='ocr_line' id='line_1_71' title="bbox 154 4564 1745 4637; baseline -0.003 -17"><span class='ocrx_word' id='word_1_507' title='bbox 154 4568 336 4620; x_wconf 74' lang='grc' dir='ltr'>αὐτῶν</span> <span class='ocrx_word' id='word_1_508' title='bbox 384 4566 731 4637; x_wconf 79' lang='grc' dir='ltr'>μετέχουσαι,</span> <span class='ocrx_word' id='word_1_509' title='bbox 780 4565 875 4619; x_wconf 81' lang='grc' dir='ltr'>καὶ</span> <span class='ocrx_word' id='word_1_510' title='bbox 924 4565 1058 4637; x_wconf 87' lang='grc' dir='ltr'>πρὸς</span> <span class='ocrx_word' id='word_1_511' title='bbox 1096 4564 1314 4619; x_wconf 84' lang='grc' dir='ltr'>πλείονα</span> <span class='ocrx_word' id='word_1_512' title='bbox 1337 4565 1445 4618; x_wconf 88' lang='grc' dir='ltr'><strong>τῶν</strong></span> <span class='ocrx_word' id='word_1_513' title='bbox 1471 4564 1628 4617; x_wconf 86' lang='grc' dir='ltr'>θείων</span> <span class='ocrx_word' id='word_1_514' title='bbox 1651 4564 1745 4617; x_wconf 76' lang='grc' dir='ltr'>καὶ</span> 
     </span>
    </p>
   </div>
   <div class='ocr_carea' id='block_1_72' title="bbox 1849 3372 3425 3445">
    <p class='ocr_par' dir='ltr' id='par_1_72' title="bbox 1849 3372 3425 3445">
     <span class='ocr_line' id='line_1_72' title="bbox 1849 3372 3425 3445; baseline -0.001 -15"><span class='ocrx_word' id='word_1_515' title='bbox 1849 3374 2076 3445; x_wconf 87' lang='lat' dir='ltr'><strong>piationi</strong></span> <span class='ocrx_word' id='word_1_516' title='bbox 2108 3383 2305 3429; x_wconf 85' lang='lat' dir='ltr'><strong>vacant</strong></span> <span class='ocrx_word' id='word_1_517' title='bbox 2351 3372 2572 3429; x_wconf 86' lang='lat' dir='ltr'><strong>ordines</strong></span> <span class='ocrx_word' id='word_1_518' title='bbox 2612 3387 2712 3443; x_wconf 87' lang='lat' dir='ltr'><strong>pro</strong></span> <span class='ocrx_word' id='word_1_519' title='bbox 2741 3388 2892 3429; x_wconf 91' lang='lat' dir='ltr'><strong>more</strong></span> <span class='ocrx_word' id='word_1_520' title='bbox 2915 3372 3027 3441; x_wconf 81' lang='lat' dir='ltr'><strong>jam</strong></span> <span class='ocrx_word' id='word_1_521' title='bbox 3055 3373 3425 3437; x_wconf 87' lang='lat' dir='ltr'><strong>dimittantur,</strong></span> 
     </span>
    </p>
   </div>
   <div class='ocr_carea' id='block_1_73' title="bbox 1849 3466 3425 3529">
    <p class='ocr_par' dir='ltr' id='par_1_73' title="bbox 1849 3466 3425 3529">
     <span class='ocr_line' id='line_1_73' title="bbox 1849 3466 3425 3529; baseline -0.003 -5"><span class='ocrx_word' id='word_1_522' title='bbox 1849 3469 1945 3525; x_wconf 89' lang='lat' dir='ltr'><strong>sed</strong></span> <span class='ocrx_word' id='word_1_523' title='bbox 1994 3469 2095 3523; x_wconf 89' lang='lat' dir='ltr'><strong>soli</strong></span> <span class='ocrx_word' id='word_1_524' title='bbox 2136 3466 2518 3523; x_wconf 87' lang='lat' dir='ltr'><strong>catechumeni</strong></span> <span class='ocrx_word' id='word_1_525' title='bbox 2566 3479 2599 3520; x_wconf 89' lang='lat' dir='ltr'><strong>a</strong></span> <span class='ocrx_word' id='word_1_526' title='bbox 2637 3479 2797 3522; x_wconf 86' lang='lat' dir='ltr'><strong>sacro</strong></span> <span class='ocrx_word' id='word_1_527' title='bbox 2866 3466 3039 3521; x_wconf 82' lang='lat' dir='ltr'><strong>choro</strong></span> <span class='ocrx_word' id='word_1_528' title='bbox 3104 3477 3425 3529; x_wconf 85' lang='lat' dir='ltr'><strong>arceantur,</strong></span> 
     </span>
    </p>
   </div>
   <div class='ocr_carea' id='block_1_74' title="bbox 1852 3557 3428 3629">
    <p class='ocr_par' dir='ltr' id='par_1_74' title="bbox 1852 3557 3428 3629">
     <span class='ocr_line' id='line_1_74' title="bbox 1852 3557 3428 3629; baseline 0 -16"><span class='ocrx_word' id='word_1_529' title='bbox 1852 3560 1997 3629; x_wconf 89' lang='lat' dir='ltr'><strong>quod</strong></span> <span class='ocrx_word' id='word_1_530' title='bbox 2036 3559 2299 3615; x_wconf 85' lang='lat' dir='ltr'><strong>nimirum</strong></span> <span class='ocrx_word' id='word_1_531' title='bbox 2351 3558 2441 3615; x_wconf 88' lang='lat' dir='ltr'><strong>hic</strong></span> <span class='ocrx_word' id='word_1_532' title='bbox 2492 3557 2629 3614; x_wconf 88' lang='lat' dir='ltr'><strong>ordo</strong></span> <span class='ocrx_word' id='word_1_533' title='bbox 2677 3557 2821 3612; x_wconf 88' lang='lat' dir='ltr'><strong>sacri</strong></span> <span class='ocrx_word' id='word_1_534' title='bbox 2852 3557 3029 3612; x_wconf 90' lang='lat' dir='ltr'><strong>omnis</strong></span> <span class='ocrx_word' id='word_1_535' title='bbox 3069 3558 3311 3628; x_wconf 87' lang='lat' dir='ltr'><strong>mysterii</strong></span> <span class='ocrx_word' id='word_1_536' title='bbox 3352 3559 3428 3614; x_wconf 90' lang='lat' dir='ltr'><strong>sit</strong></span> 
     </span>
    </p>
   </div>
   <div class='ocr_carea' id='block_1_75' title="bbox 1847 3647 3423 3719">
    <p class='ocr_par' dir='ltr' id='par_1_75' title="bbox 1847 3647 3423 3719">
     <span class='ocr_line' id='line_1_75' title="bbox 1847 3647 3423 3719; baseline 0.001 -16"><span class='ocrx_word' id='word_1_537' title='bbox 1847 3663 2065 3718; x_wconf 77' lang='lat' dir='ltr'><strong>expers,</strong></span> <span class='ocrx_word' id='word_1_538' title='bbox 2115 3663 2291 3719; x_wconf 88' lang='lat' dir='ltr'><strong>neque</strong></span> <span class='ocrx_word' id='word_1_539' title='bbox 2330 3647 2417 3705; x_wconf 89' lang='lat' dir='ltr'><strong>l‘as</strong></span> <span class='ocrx_word' id='word_1_540' title='bbox 2461 3648 2536 3704; x_wconf 90' lang='lat' dir='ltr'><strong>sit</strong></span> <span class='ocrx_word' id='word_1_541' title='bbox 2582 3647 2662 3702; x_wconf 93' lang='lat' dir='ltr'><strong>illi</strong></span> <span class='ocrx_word' id='word_1_542' title='bbox 2688 3647 2986 3717; x_wconf 87' lang='lat' dir='ltr'><strong>quidquam</strong></span> <span class='ocrx_word' id='word_1_543' title='bbox 3018 3647 3137 3705; x_wconf 84' lang='lat' dir='ltr'><strong>sive</strong></span> <span class='ocrx_word' id='word_1_544' title='bbox 3166 3664 3423 3718; x_wconf 84' lang='lat' dir='ltr'><strong>Parvum,</strong></span> 
     </span>
    </p>
   </div>
   <div class='ocr_carea' id='block_1_76' title="bbox 1848 3740 3427 3812">
    <p class='ocr_par' dir='ltr' id='par_1_76' title="bbox 1848 3740 3427 3812">
     <span class='ocr_line' id='line_1_76' title="bbox 1848 3740 3427 3812; baseline 0.001 -17"><span class='ocrx_word' id='word_1_545' title='bbox 1848 3740 1961 3797; x_wconf 86' lang='lat' dir='ltr'><strong>sive</strong></span> <span class='ocrx_word' id='word_1_546' title='bbox 2001 3756 2276 3810; x_wconf 81' lang='lat' dir='ltr'><strong>magnum,</strong></span> <span class='ocrx_word' id='word_1_547' title='bbox 2303 3755 2494 3794; x_wconf 89' lang='lat' dir='ltr'><strong>eorum</strong></span> <span class='ocrx_word' id='word_1_548' title='bbox 2544 3754 2668 3809; x_wconf 64' lang='lat' dir='ltr'><strong>qua:</strong></span> <span class='ocrx_word' id='word_1_549' title='bbox 2696 3750 2886 3797; x_wconf 84' lang='lat' dir='ltr'><strong>sancte</strong></span> <span class='ocrx_word' id='word_1_550' title='bbox 2918 3753 3256 3812; x_wconf 78' lang='lat' dir='ltr'><strong>peraguntur</strong></span> <span class='ocrx_word' id='word_1_551' title='bbox 3278 3744 3427 3811; x_wconf 85' lang='lat' dir='ltr'><strong>aspi-</strong></span> 
     </span>
    </p>
   </div>
   <div class='ocr_carea' id='block_1_77' title="bbox 1846 3833 3423 3906">
    <p class='ocr_par' dir='ltr' id='par_1_77' title="bbox 1846 3833 3423 3906">
     <span class='ocr_line' id='line_1_77' title="bbox 1846 3833 3423 3906; baseline 0 -15"><span class='ocrx_word' id='word_1_552' title='bbox 1846 3848 1993 3900; x_wconf 84' lang='lat' dir='ltr'><strong>cere,</strong></span> <span class='ocrx_word' id='word_1_553' title='bbox 2030 3835 2228 3903; x_wconf 89' lang='lat' dir='ltr'><strong>quippe</strong></span> <span class='ocrx_word' id='word_1_554' title='bbox 2285 3833 2377 3903; x_wconf 92' lang='lat' dir='ltr'><strong>qui</strong></span> <span class='ocrx_word' id='word_1_555' title='bbox 2430 3834 2659 3889; x_wconf 90' lang='lat' dir='ltr'><strong>necdum</strong></span> <span class='ocrx_word' id='word_1_556' title='bbox 2715 3835 2834 3905; x_wconf 84' lang='lat' dir='ltr'><strong>ejus</strong></span> <span class='ocrx_word' id='word_1_557' title='bbox 2881 3835 3102 3890; x_wconf 84' lang='lat' dir='ltr'><strong>virtutis</strong></span> <span class='ocrx_word' id='word_1_558' title='bbox 3149 3838 3423 3906; x_wconf 82' lang='lat' dir='ltr'><strong>particeps</strong></span> 
     </span>
    </p>
   </div>
   <div class='ocr_carea' id='block_1_78' title="bbox 1855 3925 3414 3999">
    <p class='ocr_par' dir='ltr' id='par_1_78' title="bbox 1855 3925 3414 3999">
     <span class='ocr_line' id='line_1_78' title="bbox 1855 3925 3414 3999; baseline 0 -18"><span class='ocrx_word' id='word_1_559' title='bbox 1855 3926 2110 3989; x_wconf 80' lang='lat' dir='ltr'><strong>exsistat,</strong></span> <span class='ocrx_word' id='word_1_560' title='bbox 2171 3941 2292 3995; x_wconf 67' lang='lat' dir='ltr'><strong>qua:</strong></span> <span class='ocrx_word' id='word_1_561' title='bbox 2316 3926 2552 3994; x_wconf 78' lang='lat' dir='ltr'><strong>assurgit</strong></span> <span class='ocrx_word' id='word_1_562' title='bbox 2584 3925 2651 3978; x_wconf 91' lang='lat' dir='ltr'><strong>ad</strong></span> <span class='ocrx_word' id='word_1_563' title='bbox 2681 3925 2864 3981; x_wconf 85' lang='lat' dir='ltr'><strong>divina</strong></span> <span class='ocrx_word' id='word_1_564' title='bbox 2895 3929 3219 3989; x_wconf 89' lang='lat' dir='ltr'><strong>contuenda,</strong></span> <span class='ocrx_word' id='word_1_565' title='bbox 3250 3944 3414 3999; x_wconf 90' lang='lat' dir='ltr'><strong>quam</strong></span> 
     </span>
    </p>
   </div>
   <div class='ocr_carea' id='block_1_79' title="bbox 1849 4016 3423 4089">
    <p class='ocr_par' dir='ltr' id='par_1_79' title="bbox 1849 4016 3423 4089">
     <span class='ocr_line' id='line_1_79' title="bbox 1849 4016 3423 4089; baseline 0.001 -17"><span class='ocrx_word' id='word_1_566' title='bbox 1849 4017 2193 4073; x_wconf 87' lang='lat' dir='ltr'><strong>solummodo</strong></span> <span class='ocrx_word' id='word_1_567' title='bbox 2237 4016 2483 4086; x_wconf 80' lang='lat' dir='ltr'><strong>indulget</strong></span> <span class='ocrx_word' id='word_1_568' title='bbox 2528 4030 2682 4072; x_wconf 87' lang='lat' dir='ltr'><strong>sacra</strong></span> <span class='ocrx_word' id='word_1_569' title='bbox 2746 4016 2833 4071; x_wconf 91' lang='lat' dir='ltr'><strong>illa</strong></span> <span class='ocrx_word' id='word_1_570' title='bbox 2884 4020 3251 4089; x_wconf 77' lang='lat' dir='ltr'><strong>regeneratio,</strong></span> <span class='ocrx_word' id='word_1_571' title='bbox 3299 4035 3423 4089; x_wconf 68' lang='lat' dir='ltr'><strong>qua:</strong></span> 
     </span>
    </p>
   </div>
   <div class='ocr_carea' id='block_1_80' title="bbox 1846 4108 3421 4180">
    <p class='ocr_par' dir='ltr' id='par_1_80' title="bbox 1846 4108 3421 4180">
     <span class='ocr_line' id='line_1_80' title="bbox 1846 4108 3421 4180; baseline 0.001 -16"><span class='ocrx_word' id='word_1_572' title='bbox 1846 4109 2079 4179; x_wconf 84' lang='lat' dir='ltr'><strong>primam</strong></span> <span class='ocrx_word' id='word_1_573' title='bbox 2125 4108 2297 4164; x_wconf 91' lang='lat' dir='ltr'><strong>lucem</strong></span> <span class='ocrx_word' id='word_1_574' title='bbox 2333 4108 2568 4163; x_wconf 80' lang='lat' dir='ltr'><strong>confert.</strong></span> <span class='ocrx_word' id='word_1_575' title='bbox 2616 4108 2814 4163; x_wconf 71' lang='lat' dir='ltr'><strong>Caneri</strong></span> <span class='ocrx_word' id='word_1_576' title='bbox 2873 4119 3056 4164; x_wconf 88' lang='lat' dir='ltr'><strong>autem</strong></span> <span class='ocrx_word' id='word_1_577' title='bbox 3080 4110 3303 4165; x_wconf 89' lang='lat' dir='ltr'><strong>ordines</strong></span> <span class='ocrx_word' id='word_1_578' title='bbox 3325 4112 3421 4180; x_wconf 78' lang='lat' dir='ltr'><strong>qui</strong></span> 
     </span>
    </p>
   </div>
   <div class='ocr_carea' id='block_1_81' title="bbox 1846 4200 3416 4273">
    <p class='ocr_par' dir='ltr' id='par_1_81' title="bbox 1846 4200 3416 4273">
     <span class='ocr_line' id='line_1_81' title="bbox 1846 4200 3416 4273; baseline -0.002 -15"><span class='ocrx_word' id='word_1_579' title='bbox 1846 4203 2159 4273; x_wconf 82' lang='lat' dir='ltr'><strong>expiantur,</strong></span> <span class='ocrx_word' id='word_1_580' title='bbox 2173 4201 2289 4270; x_wconf 88' lang='lat' dir='ltr'><strong>jam</strong></span> <span class='ocrx_word' id='word_1_581' title='bbox 2319 4200 2526 4270; x_wconf 91' lang='lat' dir='ltr'><strong>pridem</strong></span> <span class='ocrx_word' id='word_1_582' title='bbox 2551 4201 2772 4271; x_wconf 82' lang='lat' dir='ltr'><strong>quidem</strong></span> <span class='ocrx_word' id='word_1_583' title='bbox 2803 4203 2978 4257; x_wconf 84' lang='lat' dir='ltr'><strong>sacris</strong></span> <span class='ocrx_word' id='word_1_584' title='bbox 3002 4211 3131 4257; x_wconf 92' lang='lat' dir='ltr'><strong>sunt</strong></span> <span class='ocrx_word' id='word_1_585' title='bbox 3162 4203 3416 4268; x_wconf 87' lang='lat' dir='ltr'><strong>instituti,</strong></span> 
     </span>
    </p>
   </div>
   <div class='ocr_carea' id='block_1_82' title="bbox 1845 4292 3417 4364">
    <p class='ocr_par' dir='ltr' id='par_1_82' title="bbox 1845 4292 3417 4364">
     <span class='ocr_line' id='line_1_82' title="bbox 1845 4292 3417 4364; baseline -0.001 -14"><span class='ocrx_word' id='word_1_586' title='bbox 1845 4295 1940 4351; x_wconf 90' lang='lat' dir='ltr'><strong>sed</strong></span> <span class='ocrx_word' id='word_1_587' title='bbox 1988 4294 2133 4364; x_wconf 89' lang='lat' dir='ltr'><strong>quod</strong></span> <span class='ocrx_word' id='word_1_588' title='bbox 2190 4292 2357 4349; x_wconf 90' lang='lat' dir='ltr'><strong>stulte</strong></span> <span class='ocrx_word' id='word_1_589' title='bbox 2385 4293 2439 4347; x_wconf 88' lang='lat' dir='ltr'><strong>in</strong></span> <span class='ocrx_word' id='word_1_590' title='bbox 2472 4293 2744 4348; x_wconf 87' lang='lat' dir='ltr'><strong>deteriora</strong></span> <span class='ocrx_word' id='word_1_591' title='bbox 2791 4292 2991 4363; x_wconf 89' lang='lat' dir='ltr'><strong>relapsi</strong></span> <span class='ocrx_word' id='word_1_592' title='bbox 3023 4294 3156 4357; x_wconf 90' lang='lat' dir='ltr'><strong>sint,</strong></span> <span class='ocrx_word' id='word_1_593' title='bbox 3202 4309 3324 4349; x_wconf 91' lang='lat' dir='ltr'><strong>cum</strong></span> <span class='ocrx_word' id='word_1_594' title='bbox 3349 4294 3417 4349; x_wconf 89' lang='lat' dir='ltr'><strong>ad</strong></span> 
     </span>
    </p>
   </div>
   <div class='ocr_carea' id='block_1_83' title="bbox 1847 4365 3416 4451">
    <p class='ocr_par' dir='ltr' id='par_1_83' title="bbox 1847 4365 3416 4451">
     <span class='ocr_line' id='line_1_83' title="bbox 1847 4365 3416 4451; baseline -0.003 -9"><span class='ocrx_word' id='word_1_595' title='bbox 1847 4387 2124 4443; x_wconf 89' lang='lat' dir='ltr'><strong>anteriora</strong></span> <span class='ocrx_word' id='word_1_596' title='bbox 2156 4386 2283 4440; x_wconf 68' lang='lat' dir='ltr'><strong>vitae</strong></span> <span class='ocrx_word' id='word_1_597' title='bbox 2320 4398 2435 4439; x_wconf 68' lang='lat' dir='ltr'><strong>sua:</strong></span> <span class='ocrx_word' id='word_1_598' title='bbox 2458 4383 2701 4438; x_wconf 90' lang='lat' dir='ltr'><strong>rationes</strong></span> <span class='ocrx_word' id='word_1_599' title='bbox 2755 4365 3051 4437; x_wconf 76' lang='lat' dir='ltr'><strong>extendere</strong></span> <span class='ocrx_word' id='word_1_600' title='bbox 3076 4384 3416 4451; x_wconf 84' lang='lat' dir='ltr'><strong>debuissent,</strong></span> 
     </span>
    </p>
   </div>
   <div class='ocr_carea' id='block_1_84' title="bbox 1847 4474 3417 4550">
    <p class='ocr_par' dir='ltr' id='par_1_84' title="bbox 1847 4474 3417 4550">
     <span class='ocr_line' id='line_1_84' title="bbox 1847 4474 3417 4550; baseline -0.002 -15"><span class='ocrx_word' id='word_1_601' title='bbox 1847 4479 2136 4550; x_wconf 79' lang='lat' dir='ltr'><strong>praecipuis</strong></span> <span class='ocrx_word' id='word_1_602' title='bbox 2171 4475 2390 4546; x_wconf 90' lang='lat' dir='ltr'><strong>quidem</strong></span> <span class='ocrx_word' id='word_1_603' title='bbox 2432 4474 2606 4532; x_wconf 90' lang='lat' dir='ltr'><strong>sacris</strong></span> <span class='ocrx_word' id='word_1_604' title='bbox 2650 4474 2759 4529; x_wconf 92' lang='lat' dir='ltr'><strong>illis</strong></span> <span class='ocrx_word' id='word_1_605' title='bbox 2807 4475 3027 4541; x_wconf 88' lang='lat' dir='ltr'><strong>divinis,</strong></span> <span class='ocrx_word' id='word_1_606' title='bbox 3063 4492 3183 4547; x_wconf 73' lang='lat' dir='ltr'><strong>qua:</strong></span> <span class='ocrx_word' id='word_1_607' title='bbox 3207 4477 3309 4532; x_wconf 87' lang='lat' dir='ltr'><strong>sub</strong></span> <span class='ocrx_word' id='word_1_608' title='bbox 3329 4494 3417 4533; x_wconf 89' lang='lat' dir='ltr'><strong>sa-</strong></span> 
     </span>
    </p>
   </div>
   <div class='ocr_carea' id='block_1_85' title="bbox 1846 4564 3419 4636">
    <p class='ocr_par' dir='ltr' id='par_1_85' title="bbox 1846 4564 3419 4636">
     <span class='ocr_line' id='line_1_85' title="bbox 1846 4564 3419 4636; baseline -0.001 -12"><span class='ocrx_word' id='word_1_609' title='bbox 1846 4568 2154 4624; x_wconf 87' lang='lat' dir='ltr'><strong>crosanctis</strong></span> <span class='ocrx_word' id='word_1_610' title='bbox 2200 4566 2370 4636; x_wconf 79' lang='lat' dir='ltr'><strong>signis</strong></span> <span class='ocrx_word' id='word_1_611' title='bbox 2398 4565 2633 4629; x_wconf 88' lang='lat' dir='ltr'><strong>latitant,</strong></span> <span class='ocrx_word' id='word_1_612' title='bbox 2681 4564 3105 4633; x_wconf 87' lang='lat' dir='ltr'><strong>interdicuntur,</strong></span> <span class='ocrx_word' id='word_1_613' title='bbox 3138 4577 3194 4622; x_wconf 89' lang='lat' dir='ltr'><strong>et</strong></span> <span class='ocrx_word' id='word_1_614' title='bbox 3223 4569 3293 4624; x_wconf 88' lang='lat' dir='ltr'><strong>ab</strong></span> <span class='ocrx_word' id='word_1_615' title='bbox 3322 4584 3419 4623; x_wconf 91' lang='lat' dir='ltr'><strong>co-</strong></span> 
     </span>
    </p>
   </div>
   <div class='ocr_carea' id='block_1_86' title="bbox 156 4634 1744 4729">
    <p class='ocr_par' dir='ltr' id='par_1_86' title="bbox 156 4634 1740 4729">
     <span class='ocr_line' id='line_1_86' title="bbox 156 4634 1740 4729; baseline -0.003 -16"><span class='ocrx_word' id='word_1_616' title='bbox 156 4660 367 4713; x_wconf 79' lang='grc' dir='ltr'>ἐαυτῶν</span> <span class='ocrx_word' id='word_1_617' title='bbox 387 4634 398 4637; x_wconf 20' lang='lat' dir='ltr'>ﬁ</span> <span class='ocrx_word' id='word_1_618' title='bbox 418 4634 728 4711; x_wconf 83' lang='grc' dir='ltr'>ἐλεύσονται</span> <span class='ocrx_word' id='word_1_619' title='bbox 768 4634 1176 4729; x_wconf 79' lang='grc' dir='ltr'>περιφρόνησιν.</span> <span class='ocrx_word' id='word_1_620' title='bbox 1201 4658 1316 4712; x_wconf 77' lang='grc' dir='ltr'>Οὐκ</span> <span class='ocrx_word' id='word_1_621' title='bbox 1350 4656 1654 4720; x_wconf 85' lang='grc' dir='ltr'>ἀπεικότως</span> <span class='ocrx_word' id='word_1_622' title='bbox 1681 4654 1740 4709; x_wconf 76' lang='grc' dir='ltr'>δὲ</span> 
     </span>
    </p>
   </div>
   <div class='ocr_carea' id='block_1_87' title="bbox 1851 4634 3414 4729">
    <p class='ocr_par' dir='ltr' id='par_1_87' title="bbox 1851 4657 3414 4728">
     <span class='ocr_line' id='line_1_87' title="bbox 1851 4657 3414 4728; baseline -0.001 -13"><span class='ocrx_word' id='word_1_623' title='bbox 1851 4659 2089 4716; x_wconf 85' lang='lat' dir='ltr'><strong>rumdem</strong></span> <span class='ocrx_word' id='word_1_624' title='bbox 2119 4666 2338 4724; x_wconf 89' lang='lat' dir='ltr'><strong>aspectu</strong></span> <span class='ocrx_word' id='word_1_625' title='bbox 2386 4672 2450 4712; x_wconf 91' lang='lat' dir='ltr'><strong>ac</strong></span> <span class='ocrx_word' id='word_1_626' title='bbox 2474 4657 2855 4713; x_wconf 91' lang='lat' dir='ltr'><strong>communione</strong></span> <span class='ocrx_word' id='word_1_627' title='bbox 2889 4659 3368 4715; x_wconf 84' lang='lat' dir='ltr'><strong>meritoarcentur</strong></span> <span class='ocrx_word' id='word_1_628' title='bbox 3395 4678 3414 4728; x_wconf 92' lang='lat'><strong>;</strong></span> 
     </span>
    </p>
   </div>
   <div class='ocr_carea' id='block_1_88' title="bbox 154 4746 1738 4823">
    <p class='ocr_par' dir='ltr' id='par_1_88' title="bbox 154 4746 1738 4823">
     <span class='ocr_line' id='line_1_88' title="bbox 154 4746 1738 4823; baseline -0.004 -18"><span class='ocrx_word' id='word_1_629' title='bbox 154 4751 415 4823; x_wconf 82' lang='grc' dir='ltr'>πάρεισιν</span> <span class='ocrx_word' id='word_1_630' title='bbox 460 4749 553 4802; x_wconf 78' lang='grc' dir='ltr'><strong>ἐπὶ</strong></span> <span class='ocrx_word' id='word_1_631' title='bbox 575 4750 687 4813; x_wconf 86' lang='grc' dir='ltr'>τοῖς</span> <span class='ocrx_word' id='word_1_632' title='bbox 712 4748 806 4803; x_wconf 80' lang='grc' dir='ltr'>νῦν</span> <span class='ocrx_word' id='word_1_633' title='bbox 830 4747 1190 4819; x_wconf 81' lang='grc' dir='ltr'>τελουμένοις,</span> <span class='ocrx_word' id='word_1_634' title='bbox 1240 4746 1485 4819; x_wconf 87' lang='grc' dir='ltr'>ἐναργῶς</span> <span class='ocrx_word' id='word_1_635' title='bbox 1529 4746 1738 4799; x_wconf 86' lang='grc' dir='ltr'>ἐκδιδα-</span> 
     </span>
    </p>
   </div>
   <div class='ocr_carea' id='block_1_89' title="bbox 157 4834 1740 4912">
    <p class='ocr_par' dir='ltr' id='par_1_89' title="bbox 157 4834 1740 4912">
     <span class='ocr_line' id='line_1_89' title="bbox 157 4834 1740 4912; baseline -0.003 -17"><span class='ocrx_word' id='word_1_636' title='bbox 157 4842 425 4912; x_wconf 83' lang='grc' dir='ltr'>σκόμεναι</span> <span class='ocrx_word' id='word_1_637' title='bbox 467 4838 564 4891; x_wconf 67' lang='grc' dir='ltr'>καὶ</span> <span class='ocrx_word' id='word_1_638' title='bbox 603 4836 809 4910; x_wconf 86' lang='grc' dir='ltr'>ὁρῶσαι</span> <span class='ocrx_word' id='word_1_639' title='bbox 832 4838 932 4909; x_wconf 78' lang='grc' dir='ltr'>τὴν</span> <span class='ocrx_word' id='word_1_640' title='bbox 976 4837 1070 4891; x_wconf 81' lang='grc' dir='ltr'><strong>τοῦ</strong></span> <span class='ocrx_word' id='word_1_641' title='bbox 1100 4837 1219 4891; x_wconf 85' lang='grc' dir='ltr'>καθ’</span> <span class='ocrx_word' id='word_1_642' title='bbox 1245 4838 1391 4907; x_wconf 80' lang='grc' dir='ltr'>ἡμᾶς</span> <span class='ocrx_word' id='word_1_643' title='bbox 1430 4834 1664 4890; x_wconf 86' lang='grc' dir='ltr'>ἀδειλίαν</span> <span class='ocrx_word' id='word_1_644' title='bbox 1691 4836 1740 4868; x_wconf 66' lang='grc'><strong>⁸⁸</strong></span> 
     </span>
    </p>
   </div>
   <div class='ocr_carea' id='block_1_90' title="bbox 156 4928 1736 5003">
    <p class='ocr_par' dir='ltr' id='par_1_90' title="bbox 156 4928 1736 5003">
     <span class='ocr_line' id='line_1_90' title="bbox 156 4928 1736 5003; baseline -0.004 -16"><span class='ocrx_word' id='word_1_645' title='bbox 156 4934 410 4995; x_wconf 85' lang='grc' dir='ltr'>θανάτου,</span> <span class='ocrx_word' id='word_1_646' title='bbox 434 4932 529 4984; x_wconf 75' lang='grc' dir='ltr'><strong>καὶ</strong></span> <span class='ocrx_word' id='word_1_647' title='bbox 553 4930 625 4983; x_wconf 77' lang='grc' dir='ltr'>τὰ</span> <span class='ocrx_word' id='word_1_648' title='bbox 647 4929 755 4985; x_wconf 88' lang='grc' dir='ltr'><strong>τῶν</strong></span> <span class='ocrx_word' id='word_1_649' title='bbox 797 4931 968 4999; x_wconf 83' lang='grc' dir='ltr'>ἁγίων</span> <span class='ocrx_word' id='word_1_650' title='bbox 1012 4932 1149 5003; x_wconf 88' lang='grc' dir='ltr'>γέρα</span> <span class='ocrx_word' id='word_1_651' title='bbox 1192 4930 1328 5002; x_wconf 83' lang='grc' dir='ltr'>πρὸς</span> <span class='ocrx_word' id='word_1_652' title='bbox 1373 4930 1482 4982; x_wconf 88' lang='grc' dir='ltr'><strong>τῶν</strong></span> <span class='ocrx_word' id='word_1_653' title='bbox 1521 4928 1736 5001; x_wconf 80' lang='grc' dir='ltr'>ἀληθῶν</span> 
     </span>
    </p>
   </div>
   <div class='ocr_carea' id='block_1_91' title="bbox 153 5021 1734 5096">
    <p class='ocr_par' dir='ltr' id='par_1_91' title="bbox 153 5021 1734 5096">
     <span class='ocr_line' id='line_1_91' title="bbox 153 5021 1734 5096; baseline -0.005 -15"><span class='ocrx_word' id='word_1_654' title='bbox 153 5028 369 5096; x_wconf 85' lang='grc' dir='ltr'>Δογίων</span> <span class='ocrx_word' id='word_1_655' title='bbox 394 5023 729 5095; x_wconf 86' lang='grc' dir='ltr'>ὑμνούμενα,</span> <span class='ocrx_word' id='word_1_656' title='bbox 759 5024 855 5078; x_wconf 69' lang='grc' dir='ltr'><strong>καὶ</strong></span> <span class='ocrx_word' id='word_1_657' title='bbox 874 5022 972 5088; x_wconf 82' lang='grc' dir='ltr'>τὰς</span> <span class='ocrx_word' id='word_1_658' title='bbox 996 5022 1192 5094; x_wconf 79' lang='grc' dir='ltr'>ήπειλη</span> <span class='ocrx_word' id='word_1_659' title='bbox 1202 5022 1367 5093; x_wconf 86' lang='grc' dir='ltr'>μένας</span> <span class='ocrx_word' id='word_1_660' title='bbox 1390 5021 1601 5075; x_wconf 79' lang='grc' dir='ltr'>ἔσεσθαι</span> <span class='ocrx_word' id='word_1_661' title='bbox 1621 5023 1734 5086; x_wconf 82' lang='grc' dir='ltr'>τοῖς</span> 
     </span>
    </p>
   </div>
   <div class='ocr_carea' id='block_1_92' title="bbox 154 5112 1733 5187">
    <p class='ocr_par' dir='ltr' id='par_1_92' title="bbox 154 5112 1733 5187">
     <span class='ocr_line' id='line_1_92' title="bbox 154 5112 1733 5187; baseline -0.006 -13"><span class='ocrx_word' id='word_1_662' title='bbox 154 5122 270 5173; x_wconf 81' lang='grc' dir='ltr'>κατ’</span> <span class='ocrx_word' id='word_1_663' title='bbox 294 5116 472 5181; x_wconf 69' lang='grc' dir='ltr'>αὑτὰς</span> <span class='ocrx_word' id='word_1_664' title='bbox 517 5116 752 5187; x_wconf 82' lang='grc' dir='ltr'>ἀνιέροις</span> <span class='ocrx_word' id='word_1_665' title='bbox 798 5116 1182 5187; x_wconf 87' lang='grc' dir='ltr'>ἀτελευτήτους</span> <span class='ocrx_word' id='word_1_666' title='bbox 1226 5113 1412 5177; x_wconf 82' lang='grc' dir='ltr'>ἀνίας’</span> <span class='ocrx_word' id='word_1_667' title='bbox 1454 5112 1603 5165; x_wconf 76' lang='grc' dir='ltr'>ἔσται</span> <span class='ocrx_word' id='word_1_668' title='bbox 1625 5112 1733 5181; x_wconf 85' lang='grc' dir='ltr'>γὰρ</span> 
     </span>
    </p>
   </div>
   <div class='ocr_carea' id='block_1_93' title="bbox 151 5204 1731 5278">
    <p class='ocr_par' dir='ltr' id='par_1_93' title="bbox 151 5204 1731 5278">
     <span class='ocr_line' id='line_1_93' title="bbox 151 5204 1731 5278; baseline -0.007 -11"><span class='ocrx_word' id='word_1_669' title='bbox 151 5215 349 5274; x_wconf 75' lang='grc' dir='ltr'>αὐταῖς</span> <span class='ocrx_word' id='word_1_670' title='bbox 395 5210 528 5274; x_wconf 83' lang='grc' dir='ltr'>ῐσως</span> <span class='ocrx_word' id='word_1_671' title='bbox 576 5209 766 5278; x_wconf 77' lang='grc' dir='ltr'>ὄφελος</span> <span class='ocrx_word' id='word_1_672' title='bbox 783 5247 799 5272; x_wconf 92' lang='grc'><strong>,</strong></span> <span class='ocrx_word' id='word_1_673' title='bbox 821 5206 1057 5278; x_wconf 84' lang='grc' dir='ltr'>ὁρώσαις</span> <span class='ocrx_word' id='word_1_674' title='bbox 1078 5207 1169 5260; x_wconf 78' lang='grc' dir='ltr'><strong>τὸν</strong></span> <span class='ocrx_word' id='word_1_675' title='bbox 1198 5206 1359 5277; x_wconf 88' lang='grc' dir='ltr'>ἱερῶς</span> <span class='ocrx_word' id='word_1_676' title='bbox 1383 5204 1731 5275; x_wconf 65' lang='grc' dir='ltr'>τετελειωμέι</span> 
     </span>
    </p>
   </div>
   <div class='ocr_carea' id='block_1_94' title="bbox 149 5292 1737 5371">
    <p class='ocr_par' dir='ltr' id='par_1_94' title="bbox 149 5292 1737 5371">
     <span class='ocr_line' id='line_1_94' title="bbox 149 5292 1737 5371; baseline -0.006 -15"><span class='ocrx_word' id='word_1_677' title='bbox 149 5321 240 5357; x_wconf 86' lang='grc' dir='ltr'><strong>νον</strong></span> <span class='ocrx_word' id='word_1_678' title='bbox 266 5300 378 5355; x_wconf 81' lang='grc' dir='ltr'>ὑπὸ</span> <span class='ocrx_word' id='word_1_679' title='bbox 398 5298 505 5370; x_wconf 80' lang='grc' dir='ltr'>τῆς</span> <span class='ocrx_word' id='word_1_680' title='bbox 533 5298 908 5371; x_wconf 84' lang='grc' dir='ltr'>λειτουργικῆς</span> <span class='ocrx_word' id='word_1_681' title='bbox 951 5297 1320 5369; x_wconf 80' lang='grc' dir='ltr'>ἀναρρήσεως,</span> <span class='ocrx_word' id='word_1_682' title='bbox 1365 5295 1441 5359; x_wconf 84' lang='grc' dir='ltr'>ὡς</span> <span class='ocrx_word' id='word_1_683' title='bbox 1484 5292 1737 5347; x_wconf 84' lang='grc' dir='ltr'>κοινωνὸν</span> 
     </span>
    </p>
   </div>
   <div class='ocr_carea' id='block_1_95' title="bbox 1842 4746 3491 4818">
    <p class='ocr_par' dir='ltr' id='par_1_95' title="bbox 1842 4746 3491 4818">
     <span class='ocr_line' id='line_1_95' title="bbox 1842 4746 3491 4818; baseline 0.001 -15"><span class='ocrx_word' id='word_1_684' title='bbox 1842 4748 2112 4817; x_wconf 87' lang='lat' dir='ltr'><strong>siquidem</strong></span> <span class='ocrx_word' id='word_1_685' title='bbox 2142 4748 2400 4801; x_wconf 89' lang='lat' dir='ltr'><strong>damnum</strong></span> <span class='ocrx_word' id='word_1_686' title='bbox 2432 4746 2719 4812; x_wconf 70' lang='lat' dir='ltr'><strong>referrent,</strong></span> <span class='ocrx_word' id='word_1_687' title='bbox 2742 4748 2786 4802; x_wconf 92' lang='lat' dir='ltr'><strong>si</strong></span> <span class='ocrx_word' id='word_1_688' title='bbox 2818 4747 3006 4802; x_wconf 86' lang='lat' dir='ltr'><strong>iisdem</strong></span> <span class='ocrx_word' id='word_1_689' title='bbox 3039 4747 3259 4818; x_wconf 82' lang='lat' dir='ltr'><strong>indigne</strong></span> <span class='ocrx_word' id='word_1_690' title='bbox 3275 4765 3418 4804; x_wconf 89' lang='lat' dir='ltr'><strong>com-</strong></span> <span class='ocrx_word' id='word_1_691' title='bbox 3477 4792 3491 4817; x_wconf 73' lang='lat'><strong>,</strong></span> 
     </span>
    </p>
   </div>
   <div class='ocr_carea' id='block_1_96' title="bbox 1844 4835 3418 4905">
    <p class='ocr_par' dir='ltr' id='par_1_96' title="bbox 1844 4835 3418 4905">
     <span class='ocr_line' id='line_1_96' title="bbox 1844 4835 3418 4905; baseline 0.003 -14"><span class='ocrx_word' id='word_1_692' title='bbox 1844 4839 2209 4903; x_wconf 88' lang='lat' dir='ltr'><strong>municarent,</strong></span> <span class='ocrx_word' id='word_1_693' title='bbox 2240 4846 2297 4891; x_wconf 91' lang='lat' dir='ltr'><strong>et</strong></span> <span class='ocrx_word' id='word_1_694' title='bbox 2331 4836 2398 4890; x_wconf 87' lang='lat' dir='ltr'><strong>ad</strong></span> <span class='ocrx_word' id='word_1_695' title='bbox 2446 4835 2703 4905; x_wconf 83' lang='lat' dir='ltr'><strong>majorem</strong></span> <span class='ocrx_word' id='word_1_696' title='bbox 2742 4852 2926 4891; x_wconf 88' lang='lat' dir='ltr'><strong>rerum</strong></span> <span class='ocrx_word' id='word_1_697' title='bbox 2966 4837 3272 4891; x_wconf 87' lang='lat' dir='ltr'><strong>divinarum</strong></span> <span class='ocrx_word' id='word_1_698' title='bbox 3302 4842 3418 4895; x_wconf 90' lang='lat' dir='ltr'><strong>sui-</strong></span> 
     </span>
    </p>
   </div>
   <div class='ocr_carea' id='block_1_97' title="bbox 1841 4924 3453 4999">
    <p class='ocr_par' dir='ltr' id='par_1_97' title="bbox 1841 4924 3453 4999">
     <span class='ocr_line' id='line_1_97' title="bbox 1841 4924 3453 4999; baseline 0.003 -18"><span class='ocrx_word' id='word_1_699' title='bbox 1841 4944 1946 4998; x_wconf 92' lang='lat' dir='ltr'><strong>que</strong></span> <span class='ocrx_word' id='word_1_700' title='bbox 1968 4935 2339 4998; x_wconf 90' lang='lat' dir='ltr'><strong>contemptum</strong></span> <span class='ocrx_word' id='word_1_701' title='bbox 2384 4926 2720 4981; x_wconf 87' lang='lat' dir='ltr'><strong>devenirent.</strong></span> <span class='ocrx_word' id='word_1_702' title='bbox 2756 4924 2870 4981; x_wconf 88' lang='lat' dir='ltr'><strong>Non</strong></span> <span class='ocrx_word' id='word_1_703' title='bbox 2906 4927 3209 4999; x_wconf 83' lang='lat' dir='ltr'><strong>incongrue</strong></span> <span class='ocrx_word' id='word_1_704' title='bbox 3230 4944 3415 4986; x_wconf 92' lang='lat' dir='ltr'><strong>autem</strong></span> <span class='ocrx_word' id='word_1_705' title='bbox 3450 4930 3453 4936; x_wconf 89' lang='grc'><em>’</em></span> 
     </span>
    </p>
   </div>
   <div class='ocr_carea' id='block_1_98' title="bbox 1840 5019 3419 5092">
    <p class='ocr_par' dir='ltr' id='par_1_98' title="bbox 1840 5019 3419 5092">
     <span class='ocr_line' id='line_1_98' title="bbox 1840 5019 3419 5092; baseline 0.004 -20"><span class='ocrx_word' id='word_1_706' title='bbox 1840 5020 2204 5073; x_wconf 87' lang='lat' dir='ltr'><strong>admittuntur</strong></span> <span class='ocrx_word' id='word_1_707' title='bbox 2228 5019 2294 5072; x_wconf 90' lang='lat' dir='ltr'><strong>ad</strong></span> <span class='ocrx_word' id='word_1_708' title='bbox 2319 5032 2383 5072; x_wconf 89' lang='lat' dir='ltr'><strong>ea</strong></span> <span class='ocrx_word' id='word_1_709' title='bbox 2429 5032 2551 5087; x_wconf 84' lang='lat' dir='ltr'><strong>quae</strong></span> <span class='ocrx_word' id='word_1_710' title='bbox 2573 5020 2662 5073; x_wconf 91' lang='lat' dir='ltr'><strong>hic</strong></span> <span class='ocrx_word' id='word_1_711' title='bbox 2683 5029 2967 5087; x_wconf 75' lang='lat' dir='ltr'><strong>geruntur,</strong></span> <span class='ocrx_word' id='word_1_712' title='bbox 3023 5029 3085 5074; x_wconf 93' lang='lat' dir='ltr'><strong>ut</strong></span> <span class='ocrx_word' id='word_1_713' title='bbox 3130 5024 3419 5092; x_wconf 89' lang='lat' dir='ltr'><strong>perspicue</strong></span> 
     </span>
    </p>
   </div>
   <div class='ocr_carea' id='block_1_99' title="bbox 1840 5108 3417 5169">
    <p class='ocr_par' dir='ltr' id='par_1_99' title="bbox 1840 5108 3417 5169">
     <span class='ocr_line' id='line_1_99' title="bbox 1840 5108 3417 5169; baseline 0.002 -3"><span class='ocrx_word' id='word_1_714' title='bbox 1840 5110 2054 5166; x_wconf 87' lang='lat' dir='ltr'><strong>discant</strong></span> <span class='ocrx_word' id='word_1_715' title='bbox 2079 5117 2132 5164; x_wconf 90' lang='lat' dir='ltr'><strong>et</strong></span> <span class='ocrx_word' id='word_1_716' title='bbox 2160 5108 2449 5163; x_wconf 86' lang='lat' dir='ltr'><strong>advertant</strong></span> <span class='ocrx_word' id='word_1_717' title='bbox 2497 5110 2689 5165; x_wconf 92' lang='lat' dir='ltr'><strong>mortis</strong></span> <span class='ocrx_word' id='word_1_718' title='bbox 2729 5110 3173 5167; x_wconf 88' lang='lat' dir='ltr'><strong>iucertitudinem</strong></span> <span class='ocrx_word' id='word_1_719' title='bbox 3203 5124 3259 5167; x_wconf 90' lang='lat' dir='ltr'><strong>et</strong></span> <span class='ocrx_word' id='word_1_720' title='bbox 3287 5130 3417 5169; x_wconf 86' lang='lat' dir='ltr'><strong>san-</strong></span> 
     </span>
    </p>
   </div>
   <div class='ocr_carea' id='block_1_100' title="bbox 1841 5200 3415 5272">
    <p class='ocr_par' dir='ltr' id='par_1_100' title="bbox 1841 5200 3415 5272">
     <span class='ocr_line' id='line_1_100' title="bbox 1841 5200 3415 5272; baseline 0.003 -16"><span class='ocrx_word' id='word_1_721' title='bbox 1841 5211 2055 5256; x_wconf 92' lang='lat' dir='ltr'><strong>ctorum</strong></span> <span class='ocrx_word' id='word_1_722' title='bbox 2108 5200 2329 5271; x_wconf 67' lang='lat' dir='ltr'><strong>praamia</strong></span> <span class='ocrx_word' id='word_1_723' title='bbox 2362 5216 2485 5270; x_wconf 65' lang='lat' dir='ltr'><strong>qua:</strong></span> <span class='ocrx_word' id='word_1_724' title='bbox 2513 5202 2565 5255; x_wconf 90' lang='lat' dir='ltr'><strong>in</strong></span> <span class='ocrx_word' id='word_1_725' title='bbox 2602 5201 2903 5272; x_wconf 89' lang='lat' dir='ltr'><strong>Scripturis</strong></span> <span class='ocrx_word' id='word_1_726' title='bbox 2951 5205 3100 5260; x_wconf 90' lang='lat' dir='ltr'><strong>veris</strong></span> <span class='ocrx_word' id='word_1_727' title='bbox 3126 5204 3415 5261; x_wconf 85' lang='lat' dir='ltr'><strong>celebran-</strong></span> 
     </span>
    </p>
   </div>
   <div class='ocr_carea' id='block_1_101' title="bbox 1843 5292 3412 5367">
    <p class='ocr_par' dir='ltr' id='par_1_101' title="bbox 1843 5292 3412 5367">
     <span class='ocr_line' id='line_1_101' title="bbox 1843 5292 3412 5367; baseline 0.001 -19"><span class='ocrx_word' id='word_1_728' title='bbox 1843 5302 1957 5361; x_wconf 88' lang='lat' dir='ltr'><strong>tur,</strong></span> <span class='ocrx_word' id='word_1_729' title='bbox 1986 5308 2215 5364; x_wconf 72' lang='lat' dir='ltr'><strong>quteque</strong></span> <span class='ocrx_word' id='word_1_730' title='bbox 2255 5292 2366 5348; x_wconf 88' lang='lat' dir='ltr'><strong>illis</strong></span> <span class='ocrx_word' id='word_1_731' title='bbox 2405 5308 2705 5364; x_wconf 91' lang='lat' dir='ltr'><strong>eorumque</strong></span> <span class='ocrx_word' id='word_1_732' title='bbox 2756 5294 3028 5351; x_wconf 89' lang='lat' dir='ltr'><strong>similibus</strong></span> <span class='ocrx_word' id='word_1_733' title='bbox 3054 5296 3280 5367; x_wconf 89' lang='lat' dir='ltr'><strong>impuris</strong></span> <span class='ocrx_word' id='word_1_734' title='bbox 3312 5299 3412 5352; x_wconf 84' lang='lat' dir='ltr'><strong>lto-</strong></span> 
     </span>
    </p>
   </div>
   <div class='ocr_carea' id='block_1_102' title="bbox 1427 5407 2105 5463">
    <p class='ocr_par' dir='ltr' id='par_1_102' title="bbox 1427 5407 2105 5463">
     <span class='ocr_line' id='line_1_102' title="bbox 1427 5407 2105 5463; baseline 0.001 -1"><span class='ocrx_word' id='word_1_735' title='bbox 1427 5408 1661 5463; x_wconf 79' lang='lat' dir='ltr'><strong>VARl/E</strong></span> <span class='ocrx_word' id='word_1_736' title='bbox 1701 5407 2105 5463; x_wconf 83' lang='lat' dir='ltr'><strong>LECTIONES.</strong></span> 
     </span>
    </p>
   </div>
   <div class='ocr_carea' id='block_1_103' title="bbox 224 5520 3407 5599">
    <p class='ocr_par' dir='ltr' id='par_1_103' title="bbox 224 5520 3407 5599">
     <span class='ocr_line' id='line_1_103' title="bbox 224 5520 3407 5599; baseline -0.002 -17"><span class='ocrx_word' id='word_1_737' title='bbox 224 5528 273 5561; x_wconf 85' lang='grc'><strong>³⁸</strong></span> <span class='ocrx_word' id='word_1_738' title='bbox 296 5528 576 5599; x_wconf 76' lang='grc' dir='ltr'>συνήσωσι</span> <span class='ocrx_word' id='word_1_739' title='bbox 601 5528 897 5599; x_wconf 77' lang='lat' dir='ltr'><strong>corrigitur</strong></span> <span class='ocrx_word' id='word_1_740' title='bbox 916 5527 971 5599; x_wconf 83' lang='lat' dir='ltr'><strong>in</strong></span> <span class='ocrx_word' id='word_1_741' title='bbox 1001 5526 1061 5583; x_wconf 90' lang='lat' dir='ltr'><strong>S.</strong></span> <span class='ocrx_word' id='word_1_742' title='bbox 1140 5523 1185 5599; x_wconf 53' lang='grc' dir='ltr'><strong>ξ’(</strong></span> <span class='ocrx_word' id='word_1_743' title='bbox 1212 5524 1456 5599; x_wconf 71' lang='grc' dir='ltr'>εἴπομεν,</span> <span class='ocrx_word' id='word_1_744' title='bbox 1486 5524 1545 5580; x_wconf 88' lang='grc' dir='ltr'><strong>Ρ.</strong></span> <span class='ocrx_word' id='word_1_745' title='bbox 1577 5523 1666 5599; x_wconf 74' lang='lat' dir='ltr'><strong>Sc.</strong></span> <span class='ocrx_word' id='word_1_746' title='bbox 1698 5523 1821 5599; x_wconf 67' lang='grc' dir='ltr'>ξεν.</span> <span class='ocrx_word' id='word_1_747' title='bbox 1849 5532 1904 5599; x_wconf 75' lang='lat' dir='ltr'><strong>et</strong></span> <span class='ocrx_word' id='word_1_748' title='bbox 1934 5522 2087 5575; x_wconf 83' lang='lat' dir='ltr'><strong>Vien.</strong></span> <span class='ocrx_word' id='word_1_749' title='bbox 2106 5592 2124 5599; x_wconf 35' lang='grc' dir='ltr'><strong>Α</strong></span> <span class='ocrx_word' id='word_1_750' title='bbox 2149 5522 2211 5599; x_wconf 33' lang='grc'><strong>,³³</strong></span> <span class='ocrx_word' id='word_1_751' title='bbox 2240 5521 2437 5599; x_wconf 50' lang='grc' dir='ltr'>αὑτός,</span> <span class='ocrx_word' id='word_1_752' title='bbox 2452 5521 2539 5599; x_wconf 79' lang='lat' dir='ltr'><strong>M._</strong></span> <span class='ocrx_word' id='word_1_753' title='bbox 2569 5521 2741 5599; x_wconf 59' lang='grc' dir='ltr'>ούτως</span> <span class='ocrx_word' id='word_1_754' title='bbox 2761 5564 2776 5588; x_wconf 89' lang='grc'><strong>,</strong></span> <span class='ocrx_word' id='word_1_755' title='bbox 2947 5524 2993 5555; x_wconf 77' lang='grc'>³³</span> <span class='ocrx_word' id='word_1_756' title='bbox 3012 5520 3407 5599; x_wconf 46' lang='grc' dir='ltr'>τυραννὼδου-ς,</span> 
     </span>
    </p>
   </div>
   <div class='ocr_carea' id='block_1_104' title="bbox 152 5599 303 5655">
    <p class='ocr_par' dir='ltr' id='par_1_104' title="bbox 152 5599 303 5655">
     <span class='ocr_line' id='line_1_104' title="bbox 152 5599 303 5655; baseline -0.013 0"><span class='ocrx_word' id='word_1_757' title='bbox 152 5600 209 5655; x_wconf 82' lang='grc'><strong>8.</strong></span> <span class='ocrx_word' id='word_1_758' title='bbox 244 5599 303 5653; x_wconf 85' lang='grc' dir='ltr'><strong>Ρ.</strong></span> 
     </span>
    </p>
   </div>
   <div class='ocr_carea' id='block_1_105' title="bbox 406 5594 1762 5668">
    <p class='ocr_par' dir='ltr' id='par_1_105' title="bbox 406 5594 1762 5668">
     <span class='ocr_line' id='line_1_105' title="bbox 406 5594 1762 5668; baseline -0.004 -15"><span class='ocrx_word' id='word_1_759' title='bbox 487 5594 853 5668; x_wconf 64' lang='grc' dir='ltr'>δικαιώματα,</span> <span class='ocrx_word' id='word_1_760' title='bbox 884 5597 953 5651; x_wconf 78' lang='grc' dir='ltr'><strong>Μ.</strong></span> <span class='ocrx_word' id='word_1_761' title='bbox 980 5599 1071 5651; x_wconf 85' lang='lat' dir='ltr'><strong>Sc.</strong></span> <span class='ocrx_word' id='word_1_762' title='bbox 1147 5594 1545 5668; x_wconf 21' lang='grc' dir='ltr'>δίγτῶνθείων,</span> <span class='ocrx_word' id='word_1_763' title='bbox 1572 5594 1762 5668; x_wconf 78' lang='lat' dir='ltr'><strong>Cli._S.</strong></span> 
     </span>
    </p>
   </div>
   <div class='ocr_carea' id='block_1_106' title="bbox 1854 5592 3384 5665">
    <p class='ocr_par' dir='ltr' id='par_1_106' title="bbox 1854 5592 3384 5665">
     <span class='ocr_line' id='line_1_106' title="bbox 1854 5592 3384 5665; baseline 0.001 -20"><span class='ocrx_word' id='word_1_764' title='bbox 1854 5592 2376 5665; x_wconf 46' lang='grc' dir='ltr'><strong>1ᾖκατιπιχθήειιονίιξαι,</strong></span> <span class='ocrx_word' id='word_1_765' title='bbox 2405 5592 2463 5647; x_wconf 92' lang='lat' dir='ltr'><strong>S.</strong></span> <span class='ocrx_word' id='word_1_766' title='bbox 2506 5592 2692 5665; x_wconf 79' lang='lat' dir='ltr'><strong>P.__Sc.</strong></span> <span class='ocrx_word' id='word_1_767' title='bbox 2758 5594 2856 5665; x_wconf 29' lang='lat' dir='ltr'><strong>ﬂ”</strong></span> <span class='ocrx_word' id='word_1_768' title='bbox 2898 5592 3312 5665; x_wconf 53' lang='grc' dir='ltr'>μετασχούσης,</span> <span class='ocrx_word' id='word_1_769' title='bbox 3345 5595 3384 5646; x_wconf 81' lang='grc' dir='ltr'><strong><em>Ρ</em></strong></span> 
     </span>
    </p>
   </div>
   <div class='ocr_carea' id='block_1_107' title="bbox 154 5661 3405 5741">
    <p class='ocr_par' dir='ltr' id='par_1_107' title="bbox 154 5661 3405 5741">
     <span class='ocr_line' id='line_1_107' title="bbox 154 5661 3405 5741; baseline -0.001 -19"><span class='ocrx_word' id='word_1_770' title='bbox 154 5666 531 5741; x_wconf 77' lang='grc' dir='ltr'>μετασχοῦσα,</span> <span class='ocrx_word' id='word_1_771' title='bbox 560 5669 617 5741; x_wconf 76' lang='lat' dir='ltr'><strong>S.</strong></span> <span class='ocrx_word' id='word_1_772' title='bbox 671 5661 815 5741; x_wconf 67' lang='lat' dir='ltr'><strong>“di;</strong></span> <span class='ocrx_word' id='word_1_773' title='bbox 839 5670 897 5722; x_wconf 86' lang='grc' dir='ltr'><strong>ἐν</strong></span> <span class='ocrx_word' id='word_1_774' title='bbox 928 5671 1124 5741; x_wconf 72' lang='grc' dir='ltr'>μυήσει</span> <span class='ocrx_word' id='word_1_775' title='bbox 1148 5707 1161 5727; x_wconf 89' lang='grc'><strong>,</strong></span> <span class='ocrx_word' id='word_1_776' title='bbox 1396 5665 1600 5741; x_wconf 80' lang='grc' dir='ltr'>δειλίαν</span> <span class='ocrx_word' id='word_1_777' title='bbox 1619 5704 1635 5728; x_wconf 94' lang='grc'><strong>,</strong></span> <span class='ocrx_word' id='word_1_778' title='bbox 1678 5665 1748 5741; x_wconf 66' lang='grc' dir='ltr'><strong>ΜῘ</strong></span> <span class='ocrx_word' id='word_1_779' title='bbox 1779 5674 1835 5718; x_wconf 89' lang='lat' dir='ltr'><strong>et</strong></span> <span class='ocrx_word' id='word_1_780' title='bbox 1865 5662 1955 5718; x_wconf 89' lang='lat' dir='ltr'><strong>Sc.</strong></span> <span class='ocrx_word' id='word_1_781' title='bbox 1983 5661 2225 5741; x_wconf 75' lang='grc' dir='ltr'>ἀδήλίαν,</span> <span class='ocrx_word' id='word_1_782' title='bbox 2258 5661 2317 5717; x_wconf 91' lang='lat' dir='ltr'><strong>D.</strong></span> <span class='ocrx_word' id='word_1_783' title='bbox 2352 5664 2452 5719; x_wconf 65' lang='grc' dir='ltr'><strong>ω..</strong></span> <span class='ocrx_word' id='word_1_784' title='bbox 2479 5672 2533 5719; x_wconf 87' lang='lat' dir='ltr'><strong>et</strong></span> <span class='ocrx_word' id='word_1_785' title='bbox 2560 5663 2713 5718; x_wconf 82' lang='lat' dir='ltr'><strong>Vieu.</strong></span> <span class='ocrx_word' id='word_1_786' title='bbox 2740 5663 2834 5719; x_wconf 83' lang='lat' dir='ltr'><strong>Sic</strong></span> <span class='ocrx_word' id='word_1_787' title='bbox 2862 5661 3027 5720; x_wconf 83' lang='lat' dir='ltr'><strong>etiam</strong></span> <span class='ocrx_word' id='word_1_788' title='bbox 3052 5661 3239 5734; x_wconf 72' lang='lat' dir='ltr'><strong>legunt</strong></span> <span class='ocrx_word' id='word_1_789' title='bbox 3261 5661 3405 5718; x_wconf 82' lang='lat' dir='ltr'><strong>Lan-</strong></span> 
     </span>
    </p>
   </div>
   <div class='ocr_carea' id='block_1_108' title="bbox 151 5734 2164 5810">
    <p class='ocr_par' dir='ltr' id='par_1_108' title="bbox 151 5734 2164 5810">
     <span class='ocr_line' id='line_1_108' title="bbox 151 5734 2164 5810; baseline -0.004 -14"><span class='ocrx_word' id='word_1_790' title='bbox 151 5734 368 5810; x_wconf 65' lang='lat' dir='ltr'><strong>sellius;</strong></span> <span class='ocrx_word' id='word_1_791' title='bbox 393 5740 691 5796; x_wconf 80' lang='lat' dir='ltr'><strong>Corderius</strong></span> <span class='ocrx_word' id='word_1_792' title='bbox 718 5740 771 5793; x_wconf 92' lang='lat' dir='ltr'><strong>in</strong></span> <span class='ocrx_word' id='word_1_793' title='bbox 807 5734 1058 5796; x_wconf 81' lang='lat' dir='ltr'><strong>versione</strong></span> <span class='ocrx_word' id='word_1_794' title='bbox 1085 5737 1302 5806; x_wconf 85' lang='lat' dir='ltr'><strong>Latina,</strong></span> <span class='ocrx_word' id='word_1_795' title='bbox 1332 5737 1704 5808; x_wconf 76' lang='lat' dir='ltr'><strong>l’acltymeres</strong></span> <span class='ocrx_word' id='word_1_796' title='bbox 1732 5735 1785 5791; x_wconf 90' lang='lat' dir='ltr'><strong>in</strong></span> <span class='ocrx_word' id='word_1_797' title='bbox 1815 5734 2164 5808; x_wconf 79' lang='lat' dir='ltr'><strong>paraphrasi.</strong></span> 
     </span>
    </p>
   </div>
  </div>
