3876 6226
455 318 560 380 859
1630 326 1685 378 S.
1729 325 2030 379 DlUNlSll
2067 325 2531 381 ARbUPAGl'lAL
3604 329 3708 383 ιω

460 438 701 493 minibus
748 436 1012 507 supplicia
1072 436 1282 491 inﬁnita
1339 436 1715 492 intentantur:
1777 439 1991 507 equibt

2177 455 2303 502 mo;
2326 438 2453 490 ὄντα
2475 438 2580 491 τῶν
2606 437 2699 489 ἀπ’
2723 434 2915 499 αἰῶνος
2962 437 3150 504 ἁγίων,
3204 436 3362 507 ἱερῶς
3409 439 3708 511 ἀνακηρυτ-

456 529 647 598 utique
677 529 1005 598 spectaculis
1051 528 1193 583 forte
1231 528 1464 582 fructum
1497 529 1733 598 capient,
1767 529 1892 583 dum
1919 545 1980 585 ce

2177 533 2359 602 ipevov
2382 533 2427 563 ⁸⁸
2446 548 2457 560 ι
2489 532 2581 584 καὶ
2607 530 2746 599 τάχα
2774 531 2865 583 καὶ
2913 526 3069 584 αὗται
3097 531 3232 602 πρὸς
3254 531 3351 603 τὴν
3374 534 3563 602 ὁμοίαν
3587 534 3708 603 ξιξε-

455 632 608 684 nent,
640 636 763 677 eum
794 622 882 689 qui
926 631 1120 675 sancte
1176 621 1313 674 obiit
1370 620 1739 674 ministrormn
1773 621 1986 691 prtedic:

2181 643 2220 678 ιν
2245 626 2287 656 ’⁵⁷
2315 624 2523 695 ἥξουσι,
2550 624 2646 678 καὶ
2689 624 2825 694 πρὸς
2860 623 2959 693 τῆς
2986 623 3358 693 λειτουργικῆς
3403 627 3712 697 ἐπιστήμης

458 712 609 766 tione
637 712 931 777 celebrari,
957 722 1014 766 ut
1041 726 1168 766 vere
1192 723 1504 766 consortem
1530 712 1691 782 267
1725 723 1989 767 sanctoru:

2177 720 2627 791 ιδιδαχθήσονται,
2677 718 2948 790 μακαρίαν
2990 717 3205 789 ἀληθῶς
3229 714 3366 771 εἶναι
3387 719 3485 791 τὴν
3508 720 3567 773 ἐν
3586 722 3708 793 Χριο

459 803 552 871 qui
581 817 609 855 a
636 803 836 857 saeculo
866 812 1013 867 sunt,
1059 803 1269 870 ipsique
1303 802 1550 857 fortassis
1579 803 1851 857 consimili
1885 804 1990 857 desi

1059 803 1269 870 ipsique
1303 802 1550 857 fortassis
1579 803 1851 857 consimili
1885 804 2030 857 desi-
2140 811 2249 881 στῷ
2271 810 2568 864 τελείωσιν.

458 894 615 948 derio
636 893 962 964 ﬂagrabunt,
987 905 1041 948 et
1067 895 1437 949 ministrorum
1461 895 1742 963 disciplina
1774 895 2039 950 docebun-

458 996 566 1053 tur,
601 1000 764 1056 quam
808 1001 933 1041 vere
963 988 1117 1042 beata
1142 988 1211 1042 sit
1254 988 1305 1041 in
1333 987 1554 1041 Christo
1593 990 2023 1043 consummatio.

1918 1254 1921 1257 γ
2012 1164 2178 1240 51V.

534 1324 738 1381 Deinde
769 1330 1036 1383 accedens
1081 1330 1312 1385 antistes
1357 1345 1569 1400 precem
1620 1347 1827 1385 sacram
1870 1345 2032 1401 super

2210 1323 2343 1380 Εἶτα
2375 1324 2691 1397 προσελθὼν
2719 1327 2747 1378 ὁ
2777 1324 2916 1387 θεῖος
2940 1325 3221 1395 ίεράρχης,
3249 1322 3411 1395 εὐχὴν
3438 1322 3598 1396 ἱερὰν
3625 1324 3718 1380 ἐπὶ

457 1418 713 1474 defuncto
741 1425 947 1491 peragit
981 1438 995 1474 :
1031 1438 1135 1491 qua
1164 1423 1341 1487 ﬁnita,
1381 1425 1609 1491 ipsemet
1639 1426 1869 1477 antistes
1904 1439 1988 1476 em

2180 1418 2212 1489 ς)
2244 1437 2472 1489 κεκοιμη
2482 1420 2625 1488 μένῳ
2649 1417 3011 1471 ποιεῖταιοκαὶ
3042 1414 3182 1486 μετά
3206 1415 3301 1485 τὴν
3328 1415 3517 1485 εὐχὴν,
3554 1415 3711 1478 αὐτός

454 1511 679 1577 salutat,
706 1514 1007 1582 ordineque
1036 1515 1294 1583 deinceps
1337 1532 1440 1569 suo
1468 1531 1656 1570 omnes
1686 1517 1774 1585 qui
1812 1516 1981 1570 adsun

2180 1529 2193 1564 ε
2222 1513 2249 1564 ὁ
2275 1512 2534 1582 ἱεράρχης
2561 1510 2721 1562 αὐτὸν
2753 1507 3075 1570 ἀσπάζεται,
3105 1506 3199 1558 καὶ
3228 1505 3351 1575 ἑξῆς
3372 1507 3420 1557 οἱ
3446 1506 3711 1577 παρόντες

455 1600 630 1670 Rogat
658 1605 840 1672 itaque
874 1607 1190 1673 precatione
1225 1607 1309 1660 illa
1343 1609 1583 1662 divinam
1621 1608 1941 1671 bonitatem,
1971 1625 1983 1659 ι

2180 1620 2394 1666 παντες.
2440 1604 2501 1654 Ἡ
2530 1602 2626 1671 μὲν
2650 1597 2742 1654 οὖν
2775 1600 2908 1670 εὐχὴ
2930 1599 3030 1668 τῆς
3060 1596 3355 1669 θεαρχικῆς
3376 1596 3711 1667 ἀγαθότητος

452 1694 710 1750 defuncto
763 1705 982 1764 peccata
1034 1699 1213 1751 omnia
1251 1700 1510 1762 dimittat,
1543 1715 1663 1768 qua:
1696 1715 1792 1769 per
1820 1699 1983 1757 .huma

2173 1699 2323 1759 εἷται,
2356 1696 2530 1748 πάντα
2563 1696 2659 1765 μὲν
2684 1696 2898 1763 ἀφεῖναι
2916 1692 2959 1724 ⁸⁸
2993 1692 3061 1745 τὰ
3088 1690 3156 1744 δι’
3182 1691 3527 1763 ἀνθρωπίνην
3556 1691 3704 1745 ἀσθέ-

454 1802 580 1840 nam
608 1787 978 1841 inﬁrmitatem
1015 1799 1293 1843 contracta
1322 1801 1467 1854 Sunt,
1502 1806 1735 1859 eumque
1769 1790 1819 1844 iu
1852 1789 1985 1842 lucet

2180 1808 2281 1843 ειαν
2299 1791 2659 1861 ἡμαρτημένα
2688 1790 2763 1861 τῷ
2792 1789 3194 1859 κεκοιμημένῳ,
3220 1787 3517 1853 κατατάξαι
3544 1789 3603 1841 δὲ
3622 1791 3711 1841 αὖ·

453 1889 699 1934 sanctam
732 1895 795 1933 ac
828 1883 1075 1933 vivorum
1108 1882 1378 1950 regionem
1416 1881 1727 1947 transferat,
1755 1892 1808 1936 et
1855 1882 1984 1935 collr

2176 1892 2221 1935 ιν
2252 1884 2308 1935 ὲν
2332 1883 2471 1951 φωτὶ
2494 1884 2587 1935 καὶ
2611 1882 2761 1954 χώρᾳ
2786 1882 3020 1946 ζώντων,
3052 1884 3130 1945 εἰς
3167 1882 3397 1943 κόλπους
3438 1883 3707 1952 Ἀϐραὰμ,

453 1985 541 2029 cet
570 1976 622 2029 in
657 1976 779 2029 sinu
811 1973 1042 2027 Abrahae
1066 2014 1079 2035 ,
1112 1972 1260 2028 Isaac
1285 1984 1338 2026 et
1366 1972 1536 2027 Jacob
1561 2018 1572 2037 ,
1611 1976 1662 2028 in
1702 1974 1819 2030 loco
1852 1990 1880 2027 a
1912 1991 1981 2045 qu

2178 1976 2219 2027 ιὶ
2260 1975 2460 2038 Ἰσαὰκ,
2480 1974 2574 2027 καὶ
2613 1974 2826 2039 Ἰακὼϐ,
2850 1977 2907 2030 ὲν
2934 1978 3084 2050 τόπῳ
3108 1972 3168 2032 οὗ
3188 1978 3399 2048 ἀπέδρα
3427 1975 3597 2045 ὀδύνη
3618 1976 3709 2028 καὶ

452 2069 610 2125 dolor
640 2080 695 2124 et
726 2068 948 2122 tristitia
988 2067 1331 2138 gemitusque
1363 2065 1677 2136 aufugiunt.

1213 2081 1331 2135 .que
1363 2065 1677 2136 aufugiunt.
2134 2067 2276 2140 λύπη
2308 2068 2401 2122 καὶ
2427 2069 2744 2140 στεναγμός.

2012 2227 2149 2301 δν.

523 2369 647 2423 llaec
692 2368 879 2436 utique
929 2368 1255 2437 perspicua,
1296 2376 1356 2422 ut
1399 2370 1663 2435 arbitror,
1706 2370 2015 2425 beatissima

2199 2370 2384 2425 Ταῦτα
2416 2371 2513 2441 μὲν
2542 2367 2654 2435 οὖν,
2688 2373 2764 2436 ὡς
2786 2368 2960 2443 οἶμαι,
2986 2370 3122 2441 δῆλα
3156 2370 3225 2424 τά
3260 2370 3370 2424 τῶν
3395 2370 3575 2439 ἁγίων
3606 2388 3710 2441 μα-

449 2472 767 2516 sanctorum
794 2460 1009 2528 praemia
1035 2469 1186 2513 sunt.
1221 2460 1423 2529 Ecquid
1466 2463 1609 2514 enim
1645 2462 1895 2531 perfecta:
1920 2464 1980 2517 im

2177 2462 2440 2534 ιριώτατα
2461 2463 2504 2496 ⁸³
2536 2465 2760 2535 γέρατα.
2803 2464 2867 2517 Τί
2892 2463 3000 2535 γὰρ
3040 2463 3104 2517 ἂν
3140 2463 3347 2531 γένοιτο
3373 2464 3476 2533 τῆς
3514 2481 3708 2515 παντε-

450 2550 768 2606 mortalitati
796 2549 942 2602 omni
972 2550 1190 2603 tristitia
1222 2552 1428 2604 carenti
1459 2592 1473 2615 ,
1509 2552 1737 2621 luceqne
1778 2554 1975 2622 pleniss

2177 2556 2235 2621 ὗς
2252 2560 2296 2589 ⁸ο
2323 2557 2530 2611 ἀλύπου
2567 2559 2662 2611 καὶ
2693 2560 3023 2628 φωτιστικῆς
3056 2557 3354 2621 ἀθανασίας
3384 2559 3708 2629 ίσόρῤοπον;

449 2658 551 2698 ma:
572 2641 812 2697 conferri
846 2642 1052 2695 valeat?
1082 2651 1441 2713 prmterquam
1473 2647 1613 2712 quod
1642 2646 1980 2713 promissione

2177 2694 2178 2697 η
2201 2652 2295 2704 καὶ
2323 2650 2391 2703 τὰ
2424 2650 2655 2721 μάλιστα
2682 2654 2803 2715 ταῖς
2832 2652 2986 2722 ἡμῶν
3012 2653 3293 2720 ἀναλόγοις
3324 2653 3627 2722 σημασίαις
3654 2654 3708 2704 αἱ

448 2734 567 2787 ista:
601 2742 781 2786 mente
803 2732 1040 2801 qualibet
1072 2733 1437 2795 sublimiores.
1470 2735 1551 2789 vel
1582 2737 1814 2789 maxime
1838 2736 1902 2789 ad
1933 2752 1979 2789 c:

2178 2743 2335 2807 αντὸς
2377 2743 2703 2815 ὑψηλότεραι
2748 2744 2866 2807 νοὸς
2912 2743 3231 2813 ἐπαγγελίαι
3276 2745 3708 2814 σημαινόμεναι,

447 2834 599 2893 ptum
651 2833 893 2879 nostrmn
929 2827 1353 2880 accommodatis
1392 2827 1695 2882 rationibus
1741 2844 1978 2897 express;

2180 2837 2228 2906 ἧς
2252 2836 2642 2907 πραγματικῆς
2671 2835 2849 2890 αὐτῶν
2872 2835 3130 2907 ἀληθείας
3154 2836 3492 2901 ἀποδεούσας
3524 2837 3711 2907 ἔχουσι

445 2917 756 2974 earumdem
777 2925 953 2971 tamen
999 2918 1388 2987 appellationes
1415 2934 1443 2971 a
1477 2921 1605 2973 reali
1646 2920 1884 2987 ipsarum
1928 2936 1976 2974 vi

2175 2930 2229 2993 in;
2258 2929 2568 3001 ὀνομασίας.
2622 2930 2839 3002 Ἀληθὲς
2872 2930 2979 3002 γὰρ
3014 2929 3235 2983 εἶναιτὸ
3260 2932 3437 2999 λόγιον
3473 2931 3706 3001 οἰητέον·

447 3010 613 3066 ritate
640 3010 934 3080 plurimum
964 3011 1242 3065 deliciant.
1277 3011 1559 3080 Siquidem
1596 3013 1874 3080 Scriptura
1907 3013 1978 3067 lia

2175 3022 2251 3073 )tt
2267 3020 2573 3089 ὀφθαλμὸς
2592 3022 2703 3074 οὐκ
2722 3020 2903 3085 εἶδεν,
2928 3022 3025 3074 καὶ
3044 3021 3153 3086 οὓς
3166 3021 3277 3074 οὐκ
3300 3020 3595 3088 ἤκουσεν,
3610 3020 3706 3072 καὶ

446 3102 671 3155 omnino
707 3115 829 3153 vera
878 3110 1003 3155 est:
1044 3100 1305 3165 Quoniam
1350 3104 1530 3157 oculus
1578 3120 1681 3157 non
1721 3105 1881 3171 vidit,
1929 3120 1977 3158 ιιι

2179 3111 2225 3163 τὶ
2257 3111 2507 3178 καρδίαν
2537 3112 2848 3181 ἀνθρώπου
2878 3114 2988 3165 οὐκ
3017 3112 3198 3177 ἀνέϐη
3239 3111 3277 3163 ἆ
3308 3112 3643 3180 ἡτοίμασεν
3676 3114 3710 3164 ὁ

444 3193 591 3246 auris
625 3194 848 3259 audiuit,
888 3210 979 3247 nec
1011 3194 1067 3247 in
1105 3211 1195 3247 cor
1219 3196 1440 3249 hominis
1466 3197 1718 3263 ascendit,
1745 3214 1863 3267 quw
1889 3214 1975 3264 pro

2178 3202 2278 3267 εὸς
2293 3201 2415 3267 τοῖς
2439 3201 2751 3271 ἀγαπῶσιν
2778 3204 2980 3256 αὐτόν.
3010 3202 3214 3254 Κόλποι
3254 3202 3310 3254 δὲ
3333 3204 3494 3267 εἰσιν,
3538 3203 3616 3265 ὡς
3640 3199 3709 3254 οἷ-

440 3289 823 3354 paravitﬁeus
852 3292 1187 3361 diligentibus
1223 3310 1278 3347 se
1311 3293 1338 3333 ἀ
1369 3333 1382 3346 .
1431 3294 1595 3349 Sinus
1637 3305 1849 3359 autem,
1903 3312 1971 3349 nn

2181 3311 2251 3357 αι,
2279 3294 2386 3348 τῶν
2406 3294 2689 3365 μακαρίων
2707 3293 3056 3366 πατριαρχῶν
3079 3295 3172 3347 καὶ
3186 3295 3291 3346 τῶν
3307 3293 3513 3347 λοιπῶν
3536 3294 3712 3361 ἁγίων

444 3382 663 3454 quidem
690 3386 981 3449 sententia,
1005 3394 1131 3439 sunt
1155 3386 1432 3440 beatorum
1457 3388 1889 3455 patriarcharum
1913 3402 1975 3441 ca

2177 3386 2381 3440 πάντων
2404 3388 2444 3418 ⁸¹
2479 3388 2534 3440 αἰ
2578 3386 2850 3439 θειόταται
2887 3387 2979 3440 καὶ
3018 3388 3350 3457 μακάρια-ται
3392 3385 3603 3457 λήξεις,
3650 3388 3708 3439 a1

452 3480 802 3543 terorumque
849 3487 1163 3529 sanctorum
1198 3476 1549 3531 divinissima:
1580 3476 1981 3546 beatissimzequ

2178 3482 2247 3543 ιὺς
2276 3479 2527 3544 θεοειδεῖς
2557 3478 2949 3548 ὑποδεχόμεναι
2973 3477 3178 3541 πάντας
3194 3479 3275 3541 εἰς
3296 3477 3395 3547 τὴν
3418 3478 3481 3531 ὲν
3510 3478 3709 3541 αὑταῖς

446 3565 647 3632 quietis
675 3566 851 3630 sedes,
882 3581 1005 3633 quae
1031 3568 1175 3622 viros
1206 3582 1393 3622 omnes
1417 3568 1712 3623 deil'ormes
1741 3568 1975 3636 excipim

1701 3585 1712 3621 ι
1741 3568 2020 3636 excipiunt
2124 3572 2315 3642 ἀγήρω
2347 3573 2439 3625 και¹
2476 3573 2903 3644 μακαριωτάτην
2939 3570 3232 3626 τελείωσιν.

449 3654 502 3707 in
561 3669 659 3709 sua
731 3654 1101 3711 insenescibili
1170 3658 1600 3728 beatissimaque
1674 3672 2021 3713 consumma-

448 3747 617 3801 tione.

2060 3884 2167 3947 Vl.

452 4036 455 4039 I
518 4052 788 4109 Fortassis
814 4062 994 4105 autem
1030 4052 1103 4105 ita
1131 4052 1349 4122 quidem
1386 4051 1596 4119 inquies
1626 4060 1773 4105 recte
1804 4066 1832 4104 a
1862 4049 1983 4103 nobi

2192 4046 2359 4118 Φαίης
2383 4045 2427 4099 δ’
2464 4045 2530 4099 ἂν
2561 4043 2711 4107 ἴσως,
2754 4042 2925 4098 ταῦτα
2955 4041 3055 4113 μὲν
3079 4039 3253 4113 ὀρθῶς
3280 4038 3534 4112 εἰρῆσθαι
3568 4041 3705 4110 παρ’

444 4145 574 4210 dici,
617 4144 864 4198 dubitare
908 4153 1085 4196 tamen
1133 4152 1203 4203 te.
1252 4141 1406 4209 cujus
1443 4143 1518 4195 rei
1568 4143 1741 4211 gratia
1779 4142 1975 4195 divinat

2172 4139 2298 4211 μῶν,
2332 4139 2557 4209 ἀπορεῖν
2584 4137 2673 4201 δὲ,
2706 4136 2827 4190 ὅτου
2874 4134 3035 4188 ἕνεκα
3079 4134 3179 4203 τῆς
3219 4132 3516 4202 θεαρχικῆς
3560 4132 3703 4201 ἀγα-

442 4236 788 4293 clemcntiam
839 4235 1067 4289 antistes
1100 4235 1418 4303 deprecetur
1440 4274 1454 4297 ,
1507 4247 1734 4302 poscens
1767 4233 1973 4287 derum-1

2173 4232 2343 4303 ίτητος
2366 4232 2394 4281 ὁ
2420 4230 2676 4301 ἱεράρχης
2694 4228 2882 4292 δεῖται,
2904 4226 3012 4279 τῶν
3028 4224 3427 4298 ἡμαρτημένων
3453 4223 3637 4276 αὐτῶν
3655 4226 3704 4257 ³⁸

442 4329 561 4384 dari
611 4326 825 4381 veniam
858 4336 1207 4396 peccatorum
1234 4366 1248 4390 ,
1281 4337 1335 4378 et
1371 4325 1631 4395 aequalem
1665 4325 1973 4378 deifurmibt

2173 4325 2199 4396 ξ)
2226 4341 2456 4394 κεκοιμη
2466 4323 2611 4393 μένῳ
2636 4322 2734 4393 τὴν
2761 4321 2972 4389 ἄφεσιν,
3014 4320 3109 4371 καὶ
3134 4318 3231 4390 τὴν
3267 4319 3378 4380 τοῖς
3400 4315 3704 4370 θεοειδέσιν

440 4423 573 4476 viris
599 4420 990 4476 lucidissimam
1018 4428 1240 4474 sortem.
1272 4417 1407 4471 Nam
1426 4419 1467 4472 si
1497 4418 1748 4487 qttwlibet
1776 4431 1805 4471 a
1834 4417 1971 4470 divin

2175 4414 2362 4485 ιοταγῆ
2407 4414 2500 4467 καὶ
2530 4413 2834 4482 φανοτάτην
2860 4408 3260 4479 ἀποκλήρωσιν.
3300 4407 3364 4460 Ei
3401 4405 3514 4475 γὰρ
3540 4408 3706 4477 ἀμοι-

437 4502 651 4583 Ῑιιειὶῑὶο
698 4514 929 4584 recipiat
965 4512 1383 4566 retributionem
1417 4526 1607 4564 eorum
1654 4524 1772 4579 qute
1817 4510 1871 4563 in
1907 4511 1968 4562 vil

2169 4511 2215 4571 Ιις
2260 4506 2598 4578 ἀπολήψεται
2645 4506 2751 4566 πᾶς
2767 4504 2812 4535 ⁵³
2841 4500 2947 4554 ὑπὸ
2981 4500 3080 4570 τῆς
3118 4499 3263 4560 θείας
3305 4496 3700 4566 δικαιοσύνης,

440 4608 693 4677 praesenti
721 4607 837 4661 sive
863 4606 999 4660 bene
1031 4606 1145 4659 sive
1179 4604 1317 4658 male
1359 4606 1530 4675 gessit
1556 4647 1568 4667 ,
1596 4602 1884 4657 defunctus
1919 4616 1971 4657 at

2171 4620 2188 4651 ν
2219 4602 2276 4651 ὲν
2306 4601 2372 4668 τῇ
2398 4595 2646 4667 παρούσῃ
2670 4592 2780 4663 ζωῇ
2809 4588 3060 4662 χρηστῶν
3082 4589 3114 4658 ἢ
3145 4588 3342 4657 ἐτέρων
3364 4586 3593 4656 ἔδρασεν
3610 4587 3661 4618 ⁵⁸
3684 4626 3702 4648 ,

442 4705 550 4749 tem
596 4698 649 4749 in
698 4698 803 4752 hac
831 4697 943 4750 vita
992 4713 1116 4751 suas
1145 4696 1425 4765 COtIIplcril
1470 4696 1730 4757 actiones,
1764 4709 1973 4765 quaenai

2170 4692 2331 4744 τέλεσε
2357 4690 2413 4743 δὲ
2448 4687 2547 4751 τὰς
2588 4686 2729 4738 κατὰ
2766 4685 2857 4737 τὸν
2883 4684 3007 4754 τῇδε
3039 4682 3148 4751 βίον
3178 4680 3383 4742 οἰκείας
3413 4680 3701 4748 ἐνεργείας

441 4787 704 4840 antistitis
722 4787 1030 4854 deprecatio
1066 4787 1241 4855 ipsum
1276 4786 1341 4839 ad
1376 4786 1571 4841 aliam.
1601 4802 1761 4843 quam
1811 4787 1862 4839 in
1915 4786 1972 4837 Ita

2193 4777 2624 4848 κεκοιμημένος,
2670 4774 2803 4845 πρὸς
2848 4774 2991 4835 τίνος
3033 4769 3347 4841 ἱεραρχικῆς
3381 4769 3568 4837 εὐχῆς,
3612 4768 3699 4836 ἐᾷ

440 4877 553 4930 vita
602 4878 825 4931 meritus
856 4886 961 4940 est,
1010 4879 1210 4946 quietis
1252 4879 1663 4933 retributionem
1714 4877 1971 4930 transfert

2172 4872 2308 4941 ’ἐραν
2338 4868 2487 4939 λῆξιν
2521 4866 3063 4937 μεταταχθήσεταιδδ,
3092 4862 3241 4932 παρά
3280 4863 3378 4932 τὴν
3409 4860 3567 4925 ἀξίαν
3602 4861 3703 4912 αὺ-

438 4969 646 5038 possit?
681 4968 939 5036 Equidem
968 4969 1134 5035 probe
1156 4970 1289 5033 scio,
1321 4969 1620 5039 Scripturis
1644 4968 1969 5022 consentiens

2168 4960 2232 5021 ιῦ,
2262 4959 2477 5027 καὶτῆς
2506 4958 2691 5013 ἐνθάδε
2722 4956 2867 5026 ζωῆς
2902 4956 3284 5025 ἀμοιϐαίαν⁶⁶;
3322 4953 3461 5021 Ἐγὼ
3500 4954 3581 5015 δὲ,
3614 4953 3699 5005 ὅτι

440 5055 665 5110 cuilibet
691 5072 788 5125 pro
832 5058 1047 5112 meritis
1076 5067 1282 5113 sortem
1317 5059 1649 5113 reddendam
1681 5073 1822 5113 esse.
1869 5059 1971 5111 Con

2164 5056 2220 5108 ὲν
2238 5052 2526 5123 ἀμοιϐαίαν
2542 5050 2654 5114 ἕξει
2672 5050 2768 5120 τὴν
2786 5048 3167 5118 ἀποκλήρωσιν
3193 5047 3439 5109 ἕκαστος,
3466 5041 3526 5099 εὖ
3553 5043 3695 5106 οἶδα,

437 5140 602 5202 elusa
630 5148 774 5201 enim
801 5191 816 5215 ,
860 5150 1067 5218 inquit,
1101 5149 1361 5205 Dominus
1392 5152 1531 5222 apud
1586 5167 1643 5206 se
1675 5192 1688 5215 ,
1727 5158 1780 5204 et
1824 5150 1968 5218 refer.

2169 5150 2225 5211 »ῖς
2252 5147 2453 5213 λογίοις
2477 5142 2801 5196 ἀκολουθῶν⁸
2834 5140 3123 5196 ἀπέκλεισε
3145 5139 3273 5210 γὰρ,
3305 5152 3484 5209 φησιν,
3522 5141 3551 5192 ὁ
3580 5139 3700 5192 K2}-

438 5241 794 5312 unusquisque
854 5245 1068 5312 propria
1125 5246 1389 5314 corporis,
1448 5255 1604 5313 prout
1654 5244 1850 5314 gessit,
1901 5242 1969 5295 sit

2165 5258 2230 5302 ,ος
2252 5240 2371 5292 κατ’
2395 5236 2581 5300 αὑτοῦ,
2617 5236 2709 5288 καὶ
2733 5237 3040 5303 κομίσεται
3068 5233 3323 5298 ἕκαστος
3344 5231 3415 5285 τὰ
3441 5229 3541 5283 διὰ
3580 5230 3696 5286 τοῦ

616 5424 643 5464 «ι
676 5424 693 5477 l
720 5424 845 5479 Cor.
877 5440 937 5491 ιι,
969 5426 1023 5480 9.

1708 5527 1940 5582 VARUE
1977 5524 2380 5581 LECTIONES.

512 5630 557 5663 “
613 5625 694 5680 sic
727 5624 785 5683 P.
811 5624 871 5680 D.
900 5624 1019 5681 επ.
1040 5635 1090 5679 et
1113 5624 1264 5680 Vicn.
1294 5620 1718 5690 pronumuévov.
1823 5622 1866 5653 ν’
1895 5621 2106 5689 ἄφεσιν,
2139 5622 2206 5673 Μ.
2239 5620 2331 5674 Sc.
2425 5621 2470 5653 ⁸⁸
2494 5622 2748 5691 ἀφιέναι,
2778 5622 2845 5676 Μ.
2931 5624 2986 5678 S.
3039 5623 3098 5677 Ρ.
3174 5621 3219 5653 ⁸⁸
3245 5618 3692 5691 μακαριοτάτων,

440 5699 509 5754 Μ.
543 5701 633 5753 Sc.
674 5699 719 5730 ⁶⁰
744 5697 1059 5760 παντελοῦς,
1087 5697 1155 5748 ill.
1184 5696 1241 5749 S.
1286 5694 1343 5747 Ρ.
1380 5696 1471 5747 Sc.
1506 5688 1576 5763 7“
1608 5694 1840 5753 πάντων,
1871 5688 2087 5763 Datne;
2117 5693 2233 5760 lege
2263 5688 2612 5762 μακαρισταί.
2691 5694 2737 5727 ⁶²
2763 5694 2927 5747 αἰτῶν
2952 5697 3086 5763 lege,
3112 5702 3168 5745 ut
3196 5688 3283 5763 est
3310 5691 3360 5743 in
3384 5688 3453 5763 Β.
3482 5688 3549 5763 [⁵4ζ

442 5772 545 5811 Ru-
592 5780 639 5813 μι
702 5771 853 5820 V-uii.
931 5770 975 5799 "
996 5756 1115 5825 vis.
1145 5766 1200 5819 S.
1279 5766 1325 5794 ⁵⁵
1352 5762 1616 5826 ἔπραξεν,
1649 5764 1689 5813 Ι)
1784 5764 1827 5793 ⁸⁵
1854 5762 1968 5823 πῶς
2011 5762 2098 5815 διά
2124 5756 2286 5826 τινος,
2307 5773 2361 5816 et
2389 5756 2782 5827 μεταχθήσεται
2805 5804 2819 5827 ,
2853 5766 2919 5817 Μ.
2964 5756 3051 5819 δῖ).
3132 5766 3178 5795 ⁵⁸
3203 5762 3434 5830 ἀμοιϐήν
3457 5799 3473 5822 ,
3516 5756 3583 5810 S.
3625 5759 3689 5813 Ρ.
