3876 6226
183 331 283 389 5ῧί

1229 334 1314 389 DE
1349 332 1635 390 ECCLES.
1677 332 2078 402 HIERARCH.,
2113 331 2267 388 CAP.
2307 331 2416 388 VII.

3342 321 3450 380 562

181 449 462 521 σώματος
483 449 633 520 πρὸς
653 451 690 507 ἆ
717 449 994 520 ἔπραξεν,
1029 449 1147 504 εἴτε
1174 449 1398 520 ἀγαθόν
1417 450 1537 505 εἴτε
1559 449 1762 504 κακόν.

1877 451 2096 516 bonum,
2145 449 2252 503 sive
2305 446 2504 500 malum
2551 457 2575 486 ο
2610 483 2627 500 .
2681 444 2960 500 Juslorum
3027 449 3205 497 autem
3257 453 3449 510 preces

179 547 311 596 Ὀτι
339 543 399 596 δέ
425 544 520 597 καὶ
545 543 653 596 τῶν
675 543 900 596 δικαίων
933 543 989 595 αἱ
1020 542 1322 614 προσευχαὶ
1367 541 1513 595 κατά
1538 541 1630 595 τὸν
1657 543 1784 613 τῇδε

183 634 300 704 βίον
317 635 388 698 ³⁷,
429 633 646 707 μήτιξγε
678 633 817 705 μετά
856 633 1104 697 θάνατον,
1139 635 1218 697 εἰς
1249 635 1378 697 τοὺς
1409 634 1594 701 ἀξίους
1622 633 1785 705 ἱερῶν

177 723 366 796 εὐχῶν
404 725 689 796 ἐνεργοῦσι
724 725 902 796 μόνον,
946 728 1001 778 αἰ
1032 725 1141 778 τῶν
1163 725 1358 794 λογίων
1393 727 1544 796 ἡμᾶς
1572 725 1784 779 ἐκδιδά-

177 832 315 869 σκου
325 832 408 867 σιν
423 815 642 886 ἀληθεῖς
668 815 1014 888 παραδόσεις.
1038 818 1108 870 Ἢ
1130 815 1182 869 τί
1203 817 1340 888 πρὸς
1355 815 1449 869 τοῦ
1479 817 1729 889 Σαμουὴλ
1755 820 1783 871 ὁ

171 905 360 960 Σαοὺλ
376 905 650 971 ἀπώνατο;
668 906 722 958 τί
740 906 796 959 δὲ
822 907 914 959 τὸν
936 906 1044 960 τῶν
1081 907 1347 980 Ἐϐραίων
1365 909 1410 940 ⁸⁸
1429 908 1557 964 λαὸν
1575 907 1782 981 ῶνησεν

170 999 204 1064 ἡ
237 995 557 1068 προφητικὴ
586 999 862 1069 προσευχή
881 999 949 1064 ⁸⁹;
970 1000 1080 1052 Καὶ
1105 999 1212 1072 γὰρ
1237 999 1312 1063 ὡς
1330 999 1501 1066 είτις,
1533 1000 1685 1072 ἡλίου
1703 1002 1774 1054 τὰ

170 1087 361 1139 οἰκεῖα
405 1086 748 1158 δωρουμένου
781 1088 936 1157 φῶτα
975 1091 1089 1152 τοῖς
1128 1089 1420 1144 ἀΰλαϐέσιν
1461 1090 1777 1161 ὀφθαλμοῖς,

171 1179 238 1230 ἐν
281 1179 550 1251 μετουσίᾳ
594 1179 689 1234 τοῦ
728 1179 956 1252 ἡλιακοῦ
1000 1181 1178 1250 φωτὸς
1208 1184 1349 1235 αἰτεῖ
1378 1183 1651 1252 γενέσθαι,
1681 1183 1781 1248 τὰς

169 1269 390 1334 οἰκείας
414 1270 566 1341 ὄψεις
593 1270 952 1342 ἐξαφανίζωνο
980 1271 1123 1327 οὕτω
1146 1273 1281 1345 πρὸς
1300 1273 1591 1338 ἀδυνάτους
1611 1275 1780 1345 ἦρτη-

168 1379 268 1416 ται
302 1365 400 1417 καὶ
429 1365 692 1437 περιττάς
718 1365 958 1429 ἐλπίδας,
985 1367 1014 1422 ὁ
1056 1365 1157 1431 τάς
1199 1365 1307 1420 τῶν
1346 1368 1516 1436 ἁγίων
1553 1366 1779 1431 ἐξαιτῶν

174 1455 518 1539 προσευχὰς,
543 1459 638 1512 καί
656 1457 755 1522 τάς
775 1458 916 1512 κατά
936 1457 1095 1529 φύσιν
1123 1460 1302 1514 αὐτῶν
1329 1460 1479 1534 ἱερὰς
1499 1462 1778 1534 ἐνεργείας

173 1545 446 1611 ἐλαύνων,
478 1547 779 1620 ἀπροσεξίᾳ
795 1547 906 1602 τῶν
937 1548 1096 1603 θείων
1123 1549 1332 1621 δώρων,
1365 1553 1458 1605 καί
1478 1551 1588 1604 τῶν
1610 1570 1777 1622 φανο-

175 1639 365 1692 τάτων
399 1639 498 1692 καὶ
527 1638 918 1708 ἀγαθοδοτίδων
949 1641 1180 1694 ἐντολῶν
1226 1643 1606 1714 ἀποφοιτήσει.
1631 1644 1777 1716 Φημὶ

175 1730 257 1794 δὲ,
289 1733 410 1794 τοῖς
434 1730 634 1799 λογίοις
663 1732 948 1803 ἑπόμενος,
977 1732 1053 1797 ὡς
1081 1732 1350 1805 ὠφέλιμοι
1373 1735 1604 1806 πάμπαν
1637 1735 1774 1788 εἰσὶν

1887 543 2051 596 etiam
2099 542 2151 594 in
2189 542 2290 595 ltac
2320 542 2452 602 vita,
2493 539 2691 594 nedum
2737 545 2862 606 post
2911 543 3163 598 mortem,
3207 531 3277 587 iis
3316 529 3451 584 solis

1884 635 2141 704 prodesse
2198 632 2289 702 qui
2338 632 2542 686 sanctis
2589 629 2848 699 precibus
2895 625 3044 696 digni
3101 633 3264 688 sunt,
3305 634 3452 676 verat

1885 741 1982 778 nos
2017 724 2352 794 eloquiorutn
2386 722 2552 793 268
2592 720 2912 775 traditiones
2940 719 3158 772 docent.
3193 711 3451 782 Nunquid

1883 817 2014 872 Saul
2047 832 2076 870 a
2112 816 2364 873 Samuele
2409 816 2631 883 adjutus
2667 811 2812 867 fuit?
2841 819 2935 863 aut
2978 810 3326 863 llebrteorum
3357 819 3452 872 po-

1882 908 2009 979 pulo
2059 907 2380 976 pmphetica
2434 906 2680 974 precatio
2726 903 3019 972 quidquam
3071 896 3306 969 proluit?
3357 895 3454 950 Et.

1883 1001 2028 1057 enim
2061 1015 2124 1057 ac
2149 1000 2194 1054 si
2233 1000 2377 1069 quis,
2409 998 2525 1052 sole
2567 997 2718 1053 sanis
2748 995 2919 1050 oculis
2953 993 3124 1048 lucem
3155 1006 3308 1047 suam
3341 989 3451 1042 lar-

1881 1093 2085 1165 giente,
2108 1091 2302 1146 solaris
2327 1091 2465 1146 lucis
2497 1093 2772 1162 particeps
2802 1092 2919 1147 fieri
2949 1097 3116 1159 petat,
3151 1085 3323 1140 erutis
3344 1081 3448 1136 sibi

1879 1185 2083 1242 oculis:
2119 1185 2198 1241 sic
2229 1200 2292 1238 ex
2328 1184 2648 1254 impossibili
2673 1196 2727 1239 et
2755 1184 2903 1239 inani
2927 1197 3021 1251 spe
3051 1180 3264 1252 pendet,
3295 1175 3452 1244 (μηδ’

1879 1281 1999 1350 quis
2026 1290 2334 1335 sanctorum
2371 1293 2561 1349 preces
2590 1276 2820 1348 ﬂagitat,
2860 1277 2986 1331 dum
3027 1273 3158 1342 ipsis
3181 1277 3449 1326 conualu-

1880 1373 2022 1429 rales
2040 1375 2372 1430 exterminat
2398 1374 2667 1440 actiones,
2687 1373 2865 1428 divina
2895 1384 3122 1425 munera
3145 1367 3448 1437 negligens,

1876 1473 1932 1519 et
1958 1481 1986 1519 a
2015 1465 2334 1522 clarissimis
2361 1465 2728 1535 beneficiaque
2752 1463 2845 1518 Dei
2877 1461 3144 1516 mandatis
3167 1459 3448 1514 recedens.

1876 1555 1992 1612 Hoc
2039 1539 2217 1612 autem
2273 1555 2571 1626 Scripturis
2617 1569 2856 1610 consone
2908 1552 3154 1619 allirmo,
3189 1550 3449 1620 perutiles

1876 1668 1997 1707 esse
2024 1654 2076 1706 in
2123 1653 2224 1706 hac
2258 1651 2370 1705 vita
2407 1662 2719 1707 sanctorum
2746 1664 2938 1720 preces
2961 1690 2978 1715 ,
3013 1647 3172 1702 modo
3210 1646 3332 1717 quis
3362 1659 3451 1700 sa-

1877 1758 2096 1798 crorum
2123 1758 2408 1797 munerum
2444 1742 2710 1797 desiderio
2739 1740 3013 1804 incensus,
3051 1746 3106 1792 et
3132 1735 3197 1788 ad
3229 1751 3292 1789 ea
3323 1749 3446 1789 sus-

172 1823 235 1874 ἐν
255 1821 398 1892 τῷδε
426 1822 506 1893 τῷ
532 1823 631 1894 βίῳ
657 1824 763 1878 τῶν
793 1825 963 1892 ἁγίων
995 1825 1052 1877 αἰ
1089 1827 1410 1897 προσευχαὶ,
1453 1825 1595 1880 κατά
1624 1825 1774 1880 τόνδε

1879 1837 2123 1905 cipieuda
2143 1836 2227 1905 pie
2248 1834 2494 1900 aﬂ'ectus,
2529 1834 2807 1890 tenuitatis
2840 1847 2950 1888 suae
2971 1830 3244 1892 conscius,
3272 1827 3448 1882 virum

175 1912 269 1965 τὸν
289 1913 518 1981 τρόπον,
543 1913 720 1979 εἴτις,
749 1915 909 1987 ίερῶν
934 1917 1220 1987 ἐφιέμενος
1255 1915 1464 1988 δώρων,
1500 1919 1595 1972 καὶ
1641 1918 1776 1988 πρὸς

176 2005 422 2076 μετοχὴν
454 2005 634 2059 αὐτῶν
661 2005 772 2071 ἕξιν
797 2008 948 2080 ἱερὰν
975 2007 1136 2080 ἔχων,
1178 2008 1253 2072 ὡς
1291 2009 1390 2080 τῆς
1425 2009 1632 2074 οἰκείας
1659 2011 1779 2064 ἐπι-

174 2093 421 2164 γνώμων
463 2093 822 2168 βραχύτητος,
865 2097 1034 2152 ἐλθὼν
1071 2098 1163 2153 ἐπί
1195 2116 1316 2152 τινα
1355 2097 1464 2153 τῶν
1489 2099 1651 2153 ὁσίων
1679 2101 1775 2154 ἀν-

173 2183 322 2254 δρῶν
355 2184 640 2250 ἀξιώσειεν
675 2187 835 2242 αὑτὸν
874 2189 941 2254 θ’,
965 2190 1074 2242 oi“
1124 2189 1374 2259 γενέσθαι
1397 2189 1772 2264 συλλήπτορα,

175 2277 275 2329 καὶ
329 2277 643 2349 συνικέτην,
673 2279 1085 2352 ὠφεληθήσεται
1124 2281 1344 2346 πάντως
1369 2283 1434 2336 ἐκ
1456 2281 1645 2337 τούτου
1672 2283 1774 2356 τὴν

176 2367 367 2438 πάσης
383 2366 427 2398 ⁸³
453 2366 860 2441 ὑπερκειμένην
882 2369 1170 2440 ὠφέλειαν·
1195 2372 1536 2440 ἐπιτεύξεται
1565 2373 1674 2446 γὰρ
1699 2367 1775 2430 ὧν

172 2458 330 2509 αἰτεῖ⁵
343 2455 637 2510 θειοτάτων
657 2457 866 2531 δώρων,
891 2461 1298 2535 ἀποδεχομένης
1320 2463 1484 2517 αὐτὸν
1500 2463 1597 2535 τῆς
1617 2463 1776 2538 θεαρ-

174 2549 344 2619 χικῆς
362 2548 716 2622 ἁγαθότητος,
743 2551 844 2624 τῆς
869 2569 930 2606 τε
953 2554 1160 2620 οἰκείας
1186 2554 1445 2619 εὑλαὸοῢς
1465 2555 1772 2626 ἐπιγνώμο-

175 2640 372 2710 σύνης,
402 2641 498 2694 καί⁹
516 2642 619 2712 τῆς
656 2644 750 2697 ἐπὶ
775 2648 885 2710 τοῖς
908 2647 1075 2712 ὁσίοις
1096 2649 1140 2681 ⁸³
1164 2647 1350 2713 αἰδοῦς
1369 2691 1382 2716 ,
1413 2649 1507 2703 καὶ
1539 2650 1638 2723 τῆς
1666 2649 1774 2705 τῶν

173 2732 512 2804 αἰτηθεισῶν
555 2734 718 2809 ἰερῶν
740 2739 1008 2810 αἰτήσεων
1045 2741 1338 2812 ἐπαινετῆς
1377 2742 1633 2812 ἐφέσεως,
1678 2743 1773 2798 καὶ

175 2826 523 2898 καταλλήλω
549 2832 643 2883 καὶ
669 2831 938 2897 θεοειδοῦς
955 2832 1141 2900 ἕξεως.
1176 2836 1334 2889 Ἔστι
1363 2835 1472 2908 γὰρ
1498 2837 1590 2889 καὶ
1615 2835 1772 2889 τοῦτο

175 2921 295 2980 τοῖς
325 2918 640 2991 θεαρχικοῖς
669 2925 901 2996 κρίμασι
939 2927 1450 3000 νενομοθετημένον,
1473 2929 1534 2982 τὸ
1558 2929 1626 2983 τὰ
1652 2929 1770 2983 θεῖα

174 3007 333 3079 δῶρα
357 3014 473 3074 τοῖς
497 3012 670 3079 ἀξίοις
695 3016 789 3070 τοῦ
817 3023 1106 3091 μετασχεῖν
1130 3021 1186 3072 ἐν
1209 3020 1360 3086 τάξει
1377 3021 1773 3092 θεοπρεπεστά-

1878 1927 2109 1997 aliquem
2142 1935 2392 1983 sanctum
2439 1928 2617 1991 adeat,
2652 1941 2715 1980 ac
2749 1935 2895 1995 petat
2928 1933 2988 1978 ut
3029 1939 3088 1978 se
3119 1923 3359 1993 adjuvet,
3387 1931 3451 1975 ac

1879 2017 2043 2072 Deum
2071 2032 2170 2086 pro
2203 2033 2262 2072 se
2289 2027 2463 2087 roget,
2495 2032 2598 2088 qua
2646 2018 2854 2071 ratione
2881 2031 3012 2072 sane
3057 2015 3351 2068 maximum
3382 2027 3452 2067 ex

1875 2122 1940 2162 eo
1965 2107 2129 2163 refert
2157 2108 2577 2162 emolumentum
2602 2125 2617 2174 ;
2643 2107 2888 2176 potietur
2915 2107 3059 2160 enim
3085 2103 3270 2175 petitis
3293 2103 3450 2158 donis

1875 2199 2228 2255 divinissimis
2252 2241 2268 2267 ,
2301 2200 2555 2270 religiosa
2596 2215 2694 2255 sua
2728 2199 3089 2264 conscientia,
3135 2208 3448 2251 sanctorum

1875 2292 2180 2346 reverentia
2206 2302 2261 2346 et
2292 2290 2548 2345 laudabili
2594 2305 2784 2345 eorum
2808 2305 2929 2360 qua:
2962 2291 3093 2359 petit
3141 2289 3440 2351 desiderio,

1873 2391 1924 2439 et
1949 2391 2316 2438 consentanea
2341 2396 2404 2434 ac
2433 2380 2685 2437 deiformi
2713 2379 2998 2436 atiectione
3018 2380 3116 2449 ipsi
3149 2379 3452 2449 sullragan-

1874 2475 2038 2533 tibus.
2067 2474 2278 2528 Etenim
2316 2474 2514 2528 divinis
2563 2473 2614 2526 id
2660 2474 2896 2528 decretis
2931 2471 3230 2527 stabilitum
3257 2480 3363 2536 est,
3393 2477 3453 2524 ut

1872 2566 2051 2621 divina
2078 2578 2296 2619 munera
2330 2565 2427 2629 iis,
2461 2566 2551 2634 qui
2582 2566 2894 2620 eorumdem
2927 2564 3342 2634 participatione
3366 2563 3452 2616 di-

1873 2659 1964 2730 gni
1996 2667 2142 2722 sunt,
2176 2672 2242 2713 eo
2279 2672 2388 2726 quo
2422 2658 2587 2712 Deum
2635 2657 2793 2712 decet
2825 2657 3017 2711 ordine
3056 2656 3453 2710 distribuantur

1875 2752 1943 2805 ab
1971 2751 2080 2805 illis
2109 2751 2199 2820 qui
2223 2749 2414 2804 iisdem
2435 2749 2829 2804 distribuendis
2852 2757 2977 2803 sunt
3007 2746 3264 2817 praefecti.
3297 2745 3452 2801 Hunc

1872 2840 2056 2908 itaque
2086 2855 2307 2896 sacrum
2333 2841 2580 2895 ordinem
2614 2839 2658 2895 si
2689 2841 2814 2909 quis
2839 2839 3144 2908 violaverit,
3164 2849 3219 2893 et
3247 2838 3448 2893 infelici

1871 2935 2108 2990 elatione
2135 2937 2426 3002 seductus,
2471 2935 2694 3006 dignum
2725 2949 2783 2989 se
2825 2935 3106 3002 putaverit
3141 2934 3325 2988 divina
3374 2935 3454 2988 fa-

1871 3027 2185 3083 miliaritate
2209 3068 2224 3090 ,
2253 3037 2580 3098 sanctosque
2619 3029 2940 3098 despexerit,
2986 3028 3031 3082 is
3069 3036 3240 3092 certe,
3269 3029 3445 3098 siqui—

172 3116 248 3174 τῃ
270 3102 565 3172 δωρεῖσθαι
587 3106 674 3161 διὰ
693 3109 802 3162 τῶν
825 3110 989 3177 ἀξίων
1010 3111 1104 3166 τοῦ
1129 3111 1447 3182 μεταδοῦναι
1464 3113 1527 3168 ⁸⁸⁵,
1553 3113 1767 3186 Ταύτην

1878 3121 2000 3175 dem
2027 3121 2274 3192 indignas
2308 3120 2414 3174 Deo
2441 3135 2504 3175 ac
2555 3120 2813 3191 profanas
2844 3135 2929 3174 res
2961 3119 3337 3190 postulaverit,
3371 3119 3454 3172 in-

175 3189 274 3246 οὗν
300 3194 461 3259 εἴτις
482 3197 768 3270 ἀτιμάσειε
809 3205 910 3275 τὴν
950 3203 1102 3275 ἱερὰν
1140 3206 1461 3278 εὐκοσμίαν,
1497 3207 1592 3260 καί.
1638 3207 1773 3279 πρὸς

1883 3221 2142 3282 tentoque
2171 3213 2413 3267 caruerit
2442 3227 2624 3267 rerum
2675 3212 2980 3267 divinarum
3033 3210 3308 3266 desiderio
3348 3208 3452 3278 ipsi

174 3285 378 3340 ἀθλίαν
392 3288 571 3359 οἴησιν
590 3291 884 3364 ἐληλυθὼς,
900 3297 1081 3352 ἰκανὸν
1100 3298 1290 3352 ἐαυτὸν
1304 3298 1511 3372 οἰηθείη
1530 3300 1664 3371 πρὸς
1679 3299 1776 3373 τὴν

1884 3315 2250 3360 consentaneo
2287 3314 2509 3375 propter
2540 3305 2846 3371 imperitam
2894 3317 3045 3356 suam
3092 3301 3451 3371 petitionem,

179 3376 485 3452 θεαρχικὴν
510 3382 746 3453 ὁμιλίαν,
779 3388 875 3440 καὶ
907 3389 1016 3443 τῶν
1041 3391 1203 3446 ὁσίων
1230 3392 1653 3465 ὑπερφρονήσον
1684 3393 1776 3448 καὶ

1883 3411 1980 3467 per
2005 3409 2065 3451 se
2107 3395 2244 3450 nihil
2280 3411 2468 3450 eorum
2509 3411 2631 3465 qua:
2667 3397 2801 3464 petit
2839 3394 3168 3463 impetrabit.
3208 3393 3278 3447 De
3308 3388 3453 3446 dicta

182 3467 316 3538 μὴν,
348 3473 396 3524 εἰ
419 3471 520 3537 τὰς
545 3477 791 3547 αἰτήσεις
811 3480 1036 3547 ἀναξίας
1055 3501 1114 3537 τε
1130 3483 1286 3549 Θεοῦ,
1309 3485 1402 3538 καὶ
1428 3485 1501 3556 μὴ
1525 3485 1674 3558 ἰεράς
1691 3486 1776 3540 αἰ-

1877 3503 2050 3560 ιροτιυ
2081 3489 2416 3558 precatione,
2450 3503 2613 3556 quam
2637 3489 2868 3542 antistes
2905 3501 3067 3554 super
3090 3484 3344 3538 defuncto
3366 3481 3455 3536 fa-

176 3562 247 3631 τή
257 3578 363 3624 σοι,
380 3565 476 3617 καὶ
495 3565 592 3638 τὴν
607 3567 792 3638 ἔφεσιν
809 3571 915 3626 τῶν
933 3574 1092 3630 θείων
1117 3579 1167 3630 εἰ
1187 3576 1260 3648 μὴ
1285 3577 1531 3630 σύντονον
1556 3577 1667 3650 ἔχοι
1688 3578 1776 3633 καὶ

1885 3582 1980 3647 cit,
2012 3580 2315 3634 divinorum
2362 3590 2673 3633 nostrorum
2721 3585 3111 3646 praceptorum
3147 3575 3448 3629 traductam

179 3653 368 3724 ἑαυτῷ
389 3657 746 3732 κατάλληλον,
777 3664 1133 3734 ἀποτεύξεται
1159 3668 1227 3723 δι’
1253 3669 1445 3723 ἐαυτὸν
1469 3670 1569 3741 τῆς
1595 3673 1776 3725 ἀνεπι-

1887 3672 1954 3726 ad
1985 3687 2080 3726 nos
2115 3671 2461 3725 traditionem
2495 3683 2769 3739 exponere
2799 3684 3025 3724 necesse
3055 3676 3160 3722 est.

181 3749 457 3842 ἲτῧθέονος
493 3757 783 3827 αίτήσεως·
816 3762 954 3834 Περὶ
983 3763 1040 3817 δὲ
1069 3764 1168 3836 τῆς
1189 3764 1488 3838 εἰρημένης
1511 3767 1694 3839 εὐχῆς,
1725 3768 1792 3840 ἣν
1820 3771 1848 3842 .6
1874 3770 2132 3840 ιεράρχης
2158 3767 2448 3838 ἐπεύχεται
2473 3764 2551 3836 τῷ
2601 3761 3006 3834 κεκοιμημένῳο
3054 3759 3154 3831 τὴν
3200 3759 3280 3821 εις
3307 3757 3454 3832 ἡμᾶς
3536 3802 3538 3805 -

179 3839 449 3896 ἐλθοῦσαν
494 3846 562 3899 ἐκ
605 3848 717 3904 τῶν
757 3852 958 3908 ἐνθέων
985 3855 1140 3926 ἡμῶν
1174 3856 1562 3929 καθηγεμόνων
1594 3839 1891 3931 παράδοσιν
1918 3839 2092 3914 εἰπεῖν
2123 3860 2444 3927 ἀναγκαῖον.
3433 3843 3438 3856 Ι

1709 4042 1736 4115 5
1770 4040 1906 4100 vn.

274 4192 339 4246 Ὁ
361 4193 503 4258 θεῖος
526 4194 788 4270 ἰεράρχης
812 4198 1202 4274 ἐκφαντορικός
1223 4197 1393 4270 ἐστιν,
1426 4206 1504 4270 ὡς
1528 4205 1595 4259 τά
1617 4207 1774 4275 λόγιά

1951 4207 2178 4263 Divinus
2201 4208 2384 4277 itaque
2419 4205 2676 4272 antistes,
2715 4215 2772 4260 ut
2799 4204 3014 4274 eloquia
3042 4211 3328 4266 testantur,
3360 4201 3450 4254 iu-

179 4300 348 4356 φησι,
373 4285 480 4338 τῶν
501 4287 807 4360 θεαρχικῶν
831 4290 1235 4364 δικαιωμάτων*
1275 4297 1502 4366 ἄγγελος
1526 4296 1633 4369 γὰρ
1655 4299 1770 4350 Κυ-

1881 4308 2089 4368 terpres
2142 4308 2226 4354 est
2263 4300 2568 4351 divinorum
2617 4295 2980 4364 iudiciorum;
3034 4293 3255 4364 angelus
3300 4291 3446 4344 enim

131 4411 145 4425 .
185 4376 312 4448 ρίου
355 4380 795 4452 παντοκράτορος
824 4382 959 4437 Θεοῦ
977 4386 1022 4418 ⁸⁸
1061 4387 1196 4440 ἐστι·
1243 4388 1560 4460 μεμάθηκεν
1581 4383 1673 4442 οὖν
1709 4389 1775 4441 ἐκ

1880 4387 2092 4442 Domini
2121 4385 2508 4454 omnipotentis
2535 4395 2620 4439 est
2649 4384 2742 4438 Dei
2782 4399 2796 4436 :
2831 4392 3164 4454 quapropter
3191 4397 3260 4434 ex
3293 4379 3444 4434 Scridb

179 4468 298 4524 τῶν
321 4468 732 4543 θεοπαραδότων
770 4473 988 4544 λογίων,
1029 4478 1112 4532 ὅτι
1139 4481 1252 4542 τοῖς
1275 4479 1437 4542 ὁσίως
1463 4477 1718 4549 βιώσασιν
1740 4480 1773 4550 ἠ

1881 4475 2054 4550 pturis
2082 4479 2340 4535 divinitus
2372 4475 2581 4532 traditis
2625 4475 2838 4545 accepit.
2866 4513 2881 4538 ,
2910 4472 3181 4542 quomodo
3213 4473 3277 4526 iis
3301 4511 3318 4537 ,
3345 4472 3441 4542 qui

179 4566 473 4637 φανοτάτη
509 4565 605 4618 καὶ
631 4565 751 4620 θεία
772 4565 885 4640 ζωὴ
913 4571 1033 4622 κατ’
1058 4569 1214 4634 ἀξίαν
1241 4571 1344 4624 ὑπὸ
1365 4571 1473 4633 τῶν
1507 4570 1776 4624 δικαιοτά-

1883 4580 2075 4627 sancte
2103 4571 2313 4632 vivunt,
2347 4583 2448 4636 pro
2477 4569 2746 4637 cujusque
2773 4565 2980 4620 meritis
3003 4565 3180 4618 divina
3204 4565 3447 4620 clarissi-

177 4673 298 4710 των
346 4654 528 4725 ζυγῶν
572 4657 923 4726 ἀντιδίδοται,
976 4662 1303 4734 παρορώσης
1347 4663 1640 4734 ἀγαθότητι
1675 4665 1774 4734 τῆς

1884 4673 2082 4728 maque
2109 4659 2217 4711 vita
2251 4657 2318 4711 ab
2361 4656 2688 4726 aequissimis
2734 4655 2852 4711 istis
2893 4654 3138 4708 lancibus
3182 4655 3451 4708 retribua~

181 4745 490 4818 θεαρχικῆς
513 4748 917 4821 φιλανθρωπίας
938 4755 1037 4817 τὰς
1059 4754 1420 4825 ἐγγενομὲνας
1437 4754 1481 4785 ⁸⁸
1509 4754 1692 4817 αὐτοῖς
1715 4755 1773 4820 ἐξ

1885 4759 1991 4810 tur,
2040 4750 2220 4805 divina
2260 4749 2512 4804 nimirum
2559 4749 2882 4810 clementia,
2915 4761 3010 4815 pro
3043 4745 3282 4800 bonitate
3325 4761 3445 4809 sua,

181 4843 542 4916 ἀνθρωπίνης
566 4843 847 4911 ἀσθενείας
874 4846 1115 4917 κηλῖδας·
1136 4847 1366 4920 ἐπείπερ
1387 4847 1578 4911 οὐδεὶς,
1606 4848 1681 4912 ὼς
1703 4848 1774 4902 τά

1883 4842 2125 4896 maculas
2155 4859 2220 4896 ex
2256 4843 2487 4896 humana
2524 4839 2817 4910 fragilitate
2847 4849 3159 4893 contractas
3188 4839 3444 4892 dissimu-

179 4934 350 5004 λόγιά
376 4951 530 5005 φησι,
556 4935 794 5010 καθαρὸς
817 4938 925 4991 ἀπὸ
949 4937 1142 5008 ῥύπου.
1172 4937 1358 4993 Ταῦτα
1399 4939 1499 5010 μὲν
1532 4937 1624 4994 οὖν
1645 4944 1673 4995 ὁ
1697 4943 1775 4994 ἰε-

1881 4933 2048 5006 laute,
2077 4936 2220 5002 quod
2248 4949 2424 4997 nemo,
2458 4942 2515 4986 ut
2539 4933 2752 5002 eloquia
2786 4932 3024 4995 tradunt,
3058 4931 3291 4984 mundus
3312 4930 3383 4984 sit
3413 4944 3444 4984 a

185 5029 407 5100 ράρχης
424 5023 562 5080 οἶδεν
577 5029 962 5100 ἐπηγγελμένα
982 5031 1118 5103 πρὸς
1131 5031 1240 5084 τῶν
1262 5032 1476 5102 ἀληθῶν
1494 5033 1536 5063 ⁶⁷
1560 5031 1772 5101 λογίων*

1885 5027 2067 5080 sorde.
2094 5023 2217 5078 "EBG
2247 5025 2429 5093 itaque
2453 5025 2721 5094 promissa
2748 5023 2899 5078 novit
2924 5022 3155 5077 antistes
3176 5035 3241 5074 ex
3274 5019 3446 5074 veris-

180 5120 334 5172 αἱτεί
372 5117 430 5170 δὲ
468 5116 671 5170 αὐτὰ⁸³
692 5119 963 5186 γενέσθαι,
992 5122 1084 5174 καὶ
1125 5122 1432 5194 δωρηθῆναι
1467 5125 1577 5186 τοῖς
1612 5123 1773 5189 ὁσίως

1880 5122 2031 5175 simis
2059 5121 2384 5188 Scripturis;
2410 5135 2577 5187 quare
2607 5121 2739 5188 petit
2775 5119 2862 5174 illa
2895 5116 3173 5186 compleri,
3202 5114 3444 5184 indulge—

186 5208 427 5280 βιώσασι
448 5207 548 5273 τὰς
575 5209 723 5280 ἱεράς
748 5210 1064 5277 ἀντιδόσεις,
1104 5213 1218 5283 ἅμα
1245 5215 1340 5284 μὲν
1369 5215 1461 5266 ἐπὶ
1493 5214 1554 5267 τὸ
1590 5212 1774 5284 θεομί-

1883 5218 2036 5284 rique
2076 5213 2239 5286 269
2270 5214 2335 5268 iis
2363 5213 2453 5282 qui
2498 5213 2582 5283 pie
2627 5213 2862 5265 vixerint
2903 5226 3059 5267 sacra
3093 5211 3333 5279 praemia,
3368 5210 3442 5263 si—

349 5360 420 5414 °ll
450 5359 576 5416 Cor.
611 5379 664 5426 v,
703 5363 792 5418 10.

1472 5478 1703 5534 νΑιιιιΕ
1739 5479 2144 5537 LECTIONES.

223 5653 273 5686 ⁸⁷
293 5652 413 5730 τὸνΔ
439 5651 552 5730 βίον
572 5692 587 5717 ,
626 5653 706 5730 Μἒ
766 5627 930 5730 ξδ’-τὸν
971 5656 1236 5730 Ἐὅραῖον.
1291 5661 1359 5704 .⁵⁹
1387 5662 1516 5730 εὐχή
1539 5700 1553 5718 ,
1608 5659 1673 5712 Μ.
1756 5662 1799 5693 ⁸ο
1827 5662 1972 5728 ἴσως
2000 5661 2113 5714 τοῦ.
2192 5663 2232 5692 ⁶¹
2262 5664 2308 5714 οἱ
2336 5678 2438 5716 nou
2474 5673 2554 5713 est
2587 5662 2637 5712 iu
2667 5661 2726 5713 D.
2760 5660 2816 5712 P.
2880 5660 2924 5692 "
2953 5658 3148 5721 πάσας,

187 5723 284 5847 ἓο.
330 5721 604 5847 ῃῖἒξίῖὲξ
626 5724 730 5849 ,ἓ.
894 5727 937 5759 ⁸⁸
965 5721 1300 5797 μεταδιδόναι
1328 5771 1340 5793 ,
1371 5731 1426 5784 1⁵.
1453 5721 1483 5730 ”
1506 5721 1548 5762 ⁵⁵⁸
1578 5731 1711 5784 Θεοῦ
1745 5750 1846 5787 non
1873 5721 1964 5788 est
1989 5735 2042 5785 iu
2077 5731 2142 5784 Μ.
2185 5743 2238 5788 et
2271 5734 2359 5787 Sc.
2441 5733 2484 5761 “
2514 5730 2886 5800 ἐγγινομένας.
2936 5738 3033 5793 (Ili.
3075 5729 3114 5759 ⁸⁷
3143 5729 3431 5801 ἀληθινῶν.
