3876 6226
453 298 558 359 559

1628 306 1683 358 ὃ.
1726 306 2027 359 υῐυκιδιι
2064 305 2529 361 ARLUPAGI'IA'.

3603 311 3703 365 ιω

458 417 699 471 minibus
746 415 1011 487 supplicia
1070 415 1281 471 inﬁnita
1336 416 1712 472 intentantur:
1775 435 1803 468 o
1833 419 2017 488 quibus

2134 418 2301 483 ὅντως
2323 419 2450 471 ὄντα
2472 419 2577 471 τῶν
2603 418 2695 471 ἀπ’
2721 416 2912 481 αἰῶνος
2960 418 3148 487 ἁγίων,
3200 418 3360 489 ἱερῶς
3406 420 3704 493 ἀνακηρυτ-

454 508 645 577 utique
675 509 1003 577 spectaculis
1050 508 1190 563 forte
1229 508 1461 562 fructum
1495 510 1730 578 capient,
1764 509 1889 563 dum
1916 526 2034 567 cer-

453 612 606 663 nent,
637 616 761 656 eum
792 602 881 669 qui
924 610 1118 655 sancte
1174 600 1310 654 obiit
1367 600 1737 654 ministrorum
1770 601 2034 670 prmdica-

456 691 606 746 tione
634 692 929 757 celebrari,
955 702 1011 746 ut
1038 706 1166 746 vere
1190 702 1501 746 consortem
1527 692 1688 762 267
1722 703 2034 747 sanctorum

456 782 549 850 qui
578 797 606 835 a
634 783 833 837 saecqu
863 792 1010 847 sunt,
1056 783 1265 851 ipsique
1300 782 1547 837 fortassis
1577 783 1848 837 consimili
1882 784 2027 837 desi-

456 874 613 928 derio
633 873 959 944 ﬂagrabunt,
984 885 1038 928 et
1064 876 1435 929 ministrorum
1458 876 1740 944 disciplina
1772 876 2037 931 docebun-

455 976 563 1033 tur,
598 980 761 1036 quam
805 981 929 1021 vere
960 968 1115 1022 beata
1139 968 1208 1022 sit
1251 968 1302 1021 in
1330 966 1551 1022 Christo
1591 970 2021 1023 consummatio.

2132 513 2356 582 τόμενον
2380 513 2423 544 ⁸⁸
2443 530 2455 541 ”
2486 513 2579 565 καὶ
2604 512 2743 581 τάχα
2771 513 2863 564 καὶ
2910 508 3067 565 αὗται
3094 513 3229 583 πρὸς
3250 513 3348 585 τὴν
3371 515 3561 584 ὁμοίαν
3586 516 3703 585 ke-

2134 623 2218 659 σιν
2242 607 2284 638 ⁴⁵⁷
2313 606 2520 677 ἥξουσι,
2548 606 2643 660 καλ⁵
2686 606 2822 675 πρὸς
2857 604 2956 675 τῆς
2982 604 3355 674 λειτουργικῆς
3399 609 3709 679 ἐπιστήμης

2132 701 2623 772 ὲκδιδαχθήσονται,
2674 699 2945 771 μακαρίαν
2987 698 3202 770 ἀληθῶς
3226 696 3363 753 εἶναι
3383 701 3483 773 τὴν
3505 702 3565 755 ἑν
3585 704 3705 774 Χρι-

2137 791 2247 861 στῷ
2268 791 2387 845 τελε
2398 793 2566 845 ίωσιν.

1914 1235 1918 1239 η
2009 1146 2176 1221 51v.

530 1304 735 1361 Deinde
766 1310 1033 1363 accedens
1078 1311 1309 1365 antistes
1354 1326 1566 1380 precem
1617 1328 1824 1366 sacram
1867 1326 2029 1381 super

454 1398 710 1454 defuncto
738 1405 945 1471 peragit
978 1418 991 1455 :
1029 1418 1132 1471 qua
1161 1404 1338 1468 ﬁnita,
1377 1406 1607 1472 ipsemet
1636 1406 1866 1458 antistes
1901 1420 2024 1459 eum

450 1491 675 1556 salutat,
703 1494 1004 1563 ordinequo
1034 1496 1291 1563 deinceps
1334 1512 1437 1550 suo
1465 1512 1652 1550 omnes
1682 1498 1771 1565 qui
1809 1497 2025 1551 adsunt.

452 1579 626 1650 Rogat
655 1584 836 1652 itaque
872 1587 1187 1654 precatione
1221 1588 1307 1641 illa
1340 1590 1580 1643 divinam
1617 1589 1938 1652 bonitatem,
1968 1598 2026 1642 ιιι

449 1674 707 1729 defuncto
760 1684 979 1744 peccata
1032 1679 1210 1731 omnia
1248 1680 1507 1742 dimittat,
1540 1696 1659 1749 qua;
1692 1696 1788 1749 per
1814 1680 2021 1747 ,huma-

450 1781 576 1819 nam
604 1766 975 1821 inﬁrmitatem
1012 1779 1289 1822 contracta
1319 1781 1464 1833 sunt,
1499 1786 1731 1839 eumque
1765 1771 1816 1824 in
1849 1770 2019 1823 lucent

2207 1304 2340 1361 Εἶτα
2372 1306 2688 1379 προσελθὼν
2716 1309 2744 1360 δ
2773 1306 2913 1369 θεῖος
2937 1306 3217 1377 ίεράρχης,
3246 1304 3408 1376 εὐχήν
3436 1304 3597 1378 ἱερὰν
3625 1306 3715 1362 ἐπὶ

2130 1399 2208 1471 τῷ
2240 1418 2468 1471 κεκοιμη
2478 1401 2623 1470 μένῳ
2646 1399 3009 1452 ποιεῖταιοκαὶ
3039 1397 3178 1468 μετά
3202 1396 3298 1467 τὴν
3325 1397 3516 1467 εὐχὴν,
3554 1397 3710 1460 αὑτός

2130 1510 2189 1545 τε
2219 1495 2246 1545 δ
2272 1494 2531 1563 ἱερὰρχης
2559 1491 2718 1543 αὐτὸν
2750 1489 3073 1552 ἀσπάζεται,
3103 1488 3195 1541 καὶ
3224 1487 3348 1556 ἑξῆς
3369 1489 3418 1539 οἱ
3443 1488 3710 1559 παρόντες

2134 1584 2390 1647 ἅπαντες.
2436 1585 2497 1635 Ἢ
2527 1583 2623 1653 μὲν
2647 1578 2739 1635 οὖν
2772 1582 2904 1651 εὐχὴ
2927 1581 3027 1650 τῆς
3057 1579 3351 1650 θεαρχικῆς
3373 1578 3710 1648 ἀγαθότητος

2131 1676 2319 1737 δεῖται,
2352 1676 2527 1729 πάντα
2560 1677 2656 1746 μὲν
2680 1674 2956 1744 ἀφεῖναι⁸⁸
2990 1674 3058 1726 τά
3085 1672 3152 1726 δι’
3178 1672 3526 1744 ἀνθρωπίνην
3555 1673 3704 1728 ἀσθέ-

2130 1788 2277 1825 νειαν
2296 1772 2655 1842 ἡμαρτημένα
2684 1771 2760 1841 τῷ
2790 1771 3190 1841 κεκοιμημὲνῳ,
3217 1768 3516 1835 κατατάξαι
3543 1771 3603 1823 δὲ
3621 1772 3710 1823 αὗ-

449 1868 695 1913 sanctam
728 1875 791 1913 ac
825 1862 1072 1913 vivorum
1106 1861 1375 1929 regionem
1412 1862 1724 1927 transferat,
1752 1872 1805 1917 et
1850 1862 2017 1916 collo-

2128 1864 2217 1916 τὸν
2248 1865 2304 1916 ὲν
2328 1863 2467 1932 φωτὶ
2490 1865 2583 1916 καὶ
2608 1863 2757 1935 χώρᾳ
2782 1862 3017 1927 ζώντων,
3049 1865 3127 1926 είς
3164 1864 3394 1925 κόλπους
3436 1865 3705 1934 Ἀϐραὰμ,

449 1964 538 2009 eet
567 1955 619 2009 in
653 1956 775 2009 sinu
808 1954 1038 2007 Abrahae
1062 1994 1076 2015 ,
1109 1952 1257 2008 Isaae
1282 1964 1335 2007 et
1362 1952 1533 2008 Jacob
1557 1998 1569 2018 ,
1607 1955 1658 2008 itt
1698 1954 1816 2010 loco
1849 1970 1876 2008 a
1908 1971 2015 2026 quo

448 2048 606 2104 dolor
636 2059 692 2104 et
723 2048 944 2103 tristitia
985 2047 1328 2118 gemitusque
1360 2046 1673 2117 aufugiunt.

2122 1957 2215 2008 καὶ
2256 1956 2457 2019 Ίσαάκ,
2477 1955 2570 2007 καὶ
2610 1955 2822 2019 Ἰακὼϐ,
2846 1958 2903 2011 ὲν
2930 1959 3081 2032 τόπῳ
3105 1953 3164 2013 οὗ
3185 1959 3396 2029 ἀπέδρα
3424 1957 3598 2027 ὀδύνη
3618 1958 3708 2009 καὶ

2130 2048 2272 2121 λύπη
2304 2050 2397 2102 καὶ
2424 2050 2742 2120 στεναγμός.

2008 2208 2037 2282 ς
2068 2207 2145 2269 ν.

519 2348 643 2403 llaec
688 2348 876 2416 utique
925 2349 1251 2417 perspicua,
1293 2357 1353 2403 ut
1395 2350 1659 2415 arbitror,
1702 2350 2011 2405 beatissima

444 2452 762 2496 sanctorum
789 2440 1005 2507 praemia
1031 2449 1182 2493 sunt.
1218 2440 1420 2509 Ecquid
1462 2442 1605 2494 enim
1641 2443 1891 2512 perfecta:
1916 2444 2019 2497 im-

447 2529 764 2585 mortalitati
792 2529 939 2582 omni
968 2530 1186 2583 tristitia
1218 2532 1424 2584 carenti
1455 2572 1469 2595 ,
1505 2532 1733 2601 luceque
1774 2534 2020 2603 plenissi-

445 2638 547 2677 ma:
568 2620 808 2677 conferri
842 2622 1049 2675 valeat?
1079 2632 1437 2693 prteterquam
1469 2627 1609 2692 quod
1638 2628 2017 2693 promissiones

444 2714 563 2767 ista:
597 2722 776 2765 mente
800 2712 1036 2781 qualibet
1068 2714 1432 2775 sublitniores.
1466 2715 1547 2769 vel
1577 2718 1810 2770 maxime
1835 2717 1898 2769 ad
1930 2732 2021 2770 ca-

443 2813 594 2872 ptum
646 2813 889 2858 nostrum
926 2808 1349 2860 accommodatis
1388 2808 1691 2862 rationibus
1736 2825 2016 2877 expressa:

441 2897 752 2953 earumdem
772 2905 950 2951 tamen
995 2898 1384 2967 appellationes
1411 2914 1439 2952 a
1473 2901 1601 2953 reali
1642 2900 1880 2967 ipsarum
1924 2916 2019 2955 ve-

442 2989 608 3046 ritate
636 2990 930 3059 plurimum
960 2990 1238 3045 deﬁciant.
1272 2991 1555 3060 Siquidem
1592 2994 1871 3060 Scriptura
1902 2993 2017 3049 hcce

442 3081 666 3135 omnino
702 3095 824 3133 vera
874 3091 999 3135 est:
1040 3080 1301 3145 Quoniam
1347 3084 1526 3137 oculus
1574 3100 1677 3137 non
1717 3085 1877 3151 vidit,
1925 3100 2017 3139 nec

440 3173 586 3226 auris
621 3174 844 3240 audivit,
883 3190 974 3227 nec
1007 3174 1063 3227 in
1101 3191 1191 3227 cur
1214 3177 1437 3229 hominis
1462 3178 1714 3243 ascendit,
1741 3194 1858 3247 qua:
1885 3194 2023 3244 prat-

436 3269 818 3333 paravitﬂeus
848 3272 1181 3341 diligentibus
1218 3290 1273 3328 se
1306 3274 1333 3313 ἀ
1365 3313 1378 3327 .
1427 3274 1591 3330 Sinus
1632 3285 1845 3339 autem,
1899 3291 2018 3331 mea

2195 2350 2380 2405 Ταῦτα
2411 2352 2509 2423 μὲν
2538 2348 2651 2417 οὖν,
2685 2354 2761 2417 ὡς
2782 2350 2957 2424 οἶμαι,
2983 2351 3118 2423 δῆλα
3152 2352 3221 2405 τά
3257 2351 3366 2405 τῶν
3391 2351 3575 2420 ἁγίων
3605 2369 3710 2423 μα-

2123 2444 2436 2515 καριώτατα
2457 2445 2500 2477 “
2532 2446 2756 2517 γέρατα.
2799 2446 2863 2497 Τί
2888 2444 2996 2516 γὰρ
3036 2444 3101 2498 ἂν
3136 2444 3343 2512 γένοιτο
3369 2444 3471 2513 τῆς
3510 2462 3707 2496 παντε-

2124 2537 2231 2601 λῶς
2248 2540 2292 2569 ⁵ο
2319 2538 2525 2592 ἀλύπου
2562 2540 2657 2592 καὶ
2688 2540 3019 2609 φωτιστικῆς
3052 2538 3349 2602 ἀθανασίας
3381 2540 3708 2611 ἰσόρῤοπον;

2126 2634 2174 2684 εἰ
2197 2632 2291 2685 καὶ
2318 2632 2387 2684 τά
2420 2631 2651 2702 μάλιστα
2678 2636 2799 2696 ταῖς
2828 2633 2982 2704 ἡμῶν
3008 2634 3288 2701 ἀναλόγοις
3320 2634 3627 2704 σημασίαις
3653 2636 3707 2686 αἱ

2129 2724 2331 2788 παντὸς
2373 2724 2699 2796 ὑψηλότεραι
2744 2725 2861 2787 νοὸς
2908 2724 3226 2794 ἐπαγγελίαι
3272 2726 3707 2796 σημαινόμεναι,

2125 2816 2224 2887 τῆς
2248 2816 2637 2888 πραγματικῆς
2667 2816 2845 2871 αὐτῶν
2867 2816 3126 2888 ἀληθείας
3150 2817 3488 2882 ἀποδεούσας
3519 2818 3709 2889 ἔχουσι

2124 2910 2225 2974 τὰς
2254 2909 2564 2981 ὀνομασίας.
2617 2912 2835 2983 Ἀληθὲς
2868 2911 2975 2983 γὰρ
3009 2909 3148 2964 εἶναι
3172 2912 3231 2964 τὸ
3255 2913 3433 2980 λόγιον
3469 2914 3705 2982 οἰητέον·

2128 3002 2247 3054 Ὅτι
2263 3001 2568 3070 ὀφθαλμὸς
2588 3003 2698 3055 οὐκ
2717 3001 2899 3067 εἶδεν,
2923 3002 3020 3055 καὶ
3039 3002 3148 3067 οὓς
3162 3002 3273 3055 οὐκ
3295 3002 3593 3069 ἤκουσεν,
3608 3003 3705 3054 καὶ

2124 3092 2221 3145 ἐπὶ
2252 3091 2503 3158 καρδίαν
2532 3092 2844 3162 ἀνθρώπου
2873 3094 2983 3146 οὐκ
3013 3092 3194 3159 ἀνέϐη
3235 3092 3272 3144 ἂ
3303 3093 3641 3161 ἡτοίμασεν
3675 3096 3708 3146 ὁ

2129 3182 2273 3248 Θεὸς
2288 3182 2411 3248 τοῖς
2434 3182 2746 3253 ἀγαπῶσιν
2773 3184 2975 3237 αὐτόν.
3006 3184 3210 3236 Κόλποι
3250 3183 3306 3235 δέ
3328 3185 3489 3249 εἰσιν,
3534 3184 3615 3247 ὡς
3639 3180 3707 3236 οἷ-

2129 3292 2246 3345 μαι,
2274 3274 2381 3328 τῶν
2401 3276 2684 3347 μακαρίων
2702 3274 3051 3347 πατριαρχῶν
3074 3277 3169 3329 καὶ
3182 3276 3287 3328 τῶν
3302 3274 3509 3329 λοιπῶν
3531 3276 3711 3343 ἁγίων

439 3362 659 3433 quieem
685 3366 977 3430 sententia,
1001 3374 1126 3419 sunt
1151 3366 1427 3420 beatorum
1451 3368 1885 3435 patriarcharum
1909 3383 2015 3422 ca:-

2128 3368 2376 3421 ἀπάντων
2399 3369 2439 3399 ⁵¹
2474 3369 2529 3421 αἱ
2573 3368 2845 3421 θειόταται
2882 3368 2973 3421 καὶ
3014 3369 3346 3439 μακάρισται
3387 3366 3601 3438 λήξεις,
3648 3370 3707 3421 αι

447 3461 798 3522 terorutnque
844 3467 1159 3509 sanctorum
1193 3456 1545 3511 divinissimm
1575 3457 2015 3527 beatissimaeque

2128 3462 2242 3523 τοὺς
2271 3460 2522 3524 θεοειδεῖς
2553 3459 2944 3529 ὑποδεχόμεναι
2968 3458 3173 3523 πάντας
3189 3460 3270 3522 εἰς
3291 3458 3390 3528 τὴν
3413 3459 3476 3513 ὲν
3505 3460 3709 3523 αὑταῖς

441 3544 642 3611 quietis
671 3546 846 3611 sedes,
878 3561 1000 3614 quae
1027 3549 1170 3603 viros
1200 3562 1388 3602 onmes
1412 3548 1708 3603 deilormes
1736 3548 2015 3617 excipiunt

444 3633 497 3687 in
556 3648 654 3688 sua
726 3634 1096 3691 insenescibili
1166 3638 1595 3708 beatissitnaque
1670 3653 2016 3694 consumma-

443 3727 612 3781 tione.

446 4014 449 4019 ,
513 4031 783 4088 Fortassis
809 4041 989 4085 autem
1025 4032 1098 4084 ita
1126 4032 1344 4101 quidem
1381 4032 1591 4100 inquies
1622 4040 1769 4085 recte
1799 4047 1827 4084 a
1858 4029 2015 4084 nobis

438 4125 569 4190 dici,
612 4123 859 4178 dubitare
902 4132 1080 4175 tamen
1128 4132 1199 4183 te,
1247 4121 1401 4189 cujus
1438 4123 1512 4175 rei
1563 4123 1736 4191 gratia
1774 4122 2012 4175 divinam

437 4216 783 4273 clementiam
835 4214 1063 4269 antistes
1096 4215 1413 4283 deprecetur
1435 4254 1449 4276 ,
1502 4228 1729 4282 poscens
1762 4213 2015 4267 defuncto

437 4309 556 4363 dari
607 4307 820 4362 veniam
852 4316 1201 4376 peccatorum
1229 4346 1243 4371 ,
1276 4315 1330 4358 et
1366 4305 1625 4375 aequalem
1660 4305 2013 4360 deiformibus

435 4402 569 4455 viris
594 4401 985 4456 lucidissimam
1013 4409 1234 4454 sortem.
1267 4397 1401 4452 Nam
1421 4400 1461 4452 si
1492 4397 1742 4467 quaelibet
1772 4411 1799 4451 a
1829 4397 2011 4450 divina

432 4481 646 4563 iustitia
693 4494 924 4563 recipiat
960 4492 1377 4546 retributionem
1411 4506 1601 4545 eorum
1649 4504 1767 4559 qute
1812 4490 1865 4544 in
1902 4491 2010 4544 vita

435 4588 688 4655 praesenti
716 4587 832 4641 sive
860 4585 994 4639 bene
1026 4586 1140 4639 sive
1173 4584 1311 4639 male
1354 4586 1563 4655 gessit,
1591 4582 1878 4638 defunctus
1914 4596 2011 4637 au-

2119 3552 2310 3623 ἀγήρω
2341 3554 2434 3605 καὶ
2471 3554 2899 3625 μακαριωτάτην
2934 3552 3227 3607 τελείωσιν.

2054 3864 2162 3928 Vl.

2186 4027 2353 4099 Φαίης
2378 4026 2422 4079 δ’
2458 4026 2525 4080 ἂν
2556 4024 2705 4088 ἴσως,
2748 4023 2919 4078 ταῦτα
2950 4022 3049 4094 μὲν
3074 4020 3248 4093 ὀρθῶς
3275 4020 3529 4093 εἰρῆσθαι
3564 4023 3704 4092 παρ’

2118 4120 2292 4192 ἡμῶν,
2327 4120 2552 4189 ἀπορεῖν
2579 4118 2668 4181 δὲ,
2700 4117 2821 4170 ὅτου
2868 4115 3030 4170 ἕνεκα
3074 4115 3174 4184 τῆς
3214 4114 3510 4184 θεαρχικῆς
3554 4113 3701 4182 ἀγα-

2118 4213 2338 4284 θότητος
2360 4212 2388 4262 ὁ
2414 4211 2671 4281 ἰεράρχης
2688 4208 2875 4273 δεῖται,
2898 4207 3007 4261 τῶν
3022 4205 3421 4279 ἡμαρτημένων
3448 4205 3635 4257 αὐτῶν
3651 4208 3703 4238 ⁸⁸

2116 4306 2193 4376 τῷ
2221 4321 2450 4375 κεκοιμη
2461 4303 2605 4374 μένῳ
2630 4302 2729 4372 τὴν
2755 4302 2967 4370 ἄφεσιν,
3009 4301 3104 4352 καὶ
3128 4299 3226 4371 τὴν
3262 4300 3373 4361 τοῖς
3396 4296 3702 4351 θεοειδέσιν

2114 4395 2357 4466 ὁμοταγῆ
2402 4395 2495 4447 καὶ
2524 4394 2828 4462 φανοτάτην
2854 4388 3254 4460 ἀποκλήρωσιν.
3295 4388 3359 4440 Et
3396 4386 3507 4456 γὰρ
3535 4389 3704 4459 ἀμοι-

2109 4488 2210 4551 ϐὰς
2255 4487 2592 4558 ἀπολήψεται
2639 4486 2745 4547 πᾶς
2761 4484 2806 4514 ⁸³
2835 4481 2941 4535 ὑπὸ
2976 4482 3074 4551 τῆς
3112 4480 3259 4541 θείας
3299 4477 3657 4548 δικαιοσύνης
3681 4516 3697 4542 ,

2109 4572 2183 4632 ὧν
2213 4583 2270 4632 ὲν
2301 4581 2366 4648 τῇ
2392 4575 2640 4647 παρούσῃ
2665 4572 2774 4643 ζωῇ
2805 4569 3054 4643 χρηστῶν
3077 4570 3109 4639 ἢ
3139 4568 3336 4638 ἑτέρων
3358 4567 3588 4637 ἔδρασεν
3607 4568 3656 4600 ⁸⁸
3680 4608 3698 4632 ,

438 4683 545 4727 tem
591 4676 644 4728 in
694 4677 798 4731 ltae
826 4676 939 4729 vita
987 4664 1111 4731 suas
1140 4676 1419 4746 complerit
1464 4677 1724 4737 actiones,
1759 4690 2007 4745 quaenam

2128 4673 2325 4725 ετέλεσε
2351 4670 2407 4723 δὲ
2443 4668 2542 4731 τὰς
2582 4665 2724 4719 κατά
2760 4666 2852 4718 τὸν
2878 4664 3001 4735 τῇδε
3034 4663 3142 4733 βίον
3173 4661 3376 4723 οἰκείας
3407 4662 3700 4729 ἐνεργείας

437 4766 698 4819 antistitis
717 4766 1025 4834 deprecatio
1062 4767 1235 4835 ipsum
1270 4766 1335 4819 ad
1370 4766 1565 4821 aliam.
1595 4782 1755 4823 ouant
1805 4766 1857 4819 in
1909 4766 2007 4818 hac

434 4855 549 4909 vita
598 4852 820 4911 meritus
850 4866 956 4920 est,
1006 4859 1204 4926 quietis
1246 4860 1657 4913 retributionem
1708 4857 2008 4911 transferre

434 4947 640 5017 possit?
676 4947 934 5015 Equidem
963 4949 1128 5015 probe
1150 4950 1283 5014 scio,
1315 4949 1614 5019 Seripturis
1638 4948 2005 5010 consentiens,

434 5034 659 5090 cuilibet
686 5052 782 5105 pro
828 5038 1041 5091 meritis
1070 5047 1277 5093 sortem
1310 5040 1643 5094 reddendam
1675 5053 1816 5093 esse.
1863 5039 2005 5092 Con-

431 5126 597 5182 clusnt
624 5128 769 5181 enim
795 5171 811 5195 ,
856 5129 1061 5198 inqttit,
1094 5129 1355 5185 Dominus
1385 5133 1526 5202 apud
1581 5147 1637 5186 se
1669 5172 1683 5195 ,
1721 5140 1774 5184 et
1818 5131 2005 5199 referet

432 5222 788 5292 unusquisque
849 5224 1062 5292 propria
1119 5226 1384 5292 corporis,
1441 5235 1598 5293 prout
1649 5224 1843 5294 gessit,
1895 5224 2003 5275 sive

610 5404 639 5445 ἀ
670 5404 687 5457 I
714 5404 839 5459 Cor.
871 5419 931 5471 tt,
963 5405 1017 5459 9.

2114 4763 2143 4813 ὁ
2187 4758 2618 4829 κεκοιμημένος,
2664 4754 2798 4825 πρὸς
2842 4754 2986 4815 τίνος
3028 4750 3341 4822 ἱεραρχικῆς
3374 4749 3563 4818 εὐχῆς.
3607 4750 3697 4817 ἐφ’

2113 4852 2302 4922 ἑτέραν
2332 4850 2481 4920 λῆξιν
2515 4846 3057 4918 μεταταχθήσεται⁵⁵,
3086 4843 3234 4913 παρά
3274 4843 3371 4913 τὴν
3402 4841 3562 4906 ἀξίαν
3598 4843 3700 4894 αὑ-

2111 4941 2226 5002 τοῦ,
2256 4940 2471 5008 καὶτῆς
2500 4939 2684 4993 ὲνθάδε
2717 4937 2861 5006 ζωῆς
2896 4937 3278 5007 ἀμοιϐαίαν⁸⁶;
3315 4934 3456 5002 Ἐγὼ
3495 4935 3575 4997 δὲ,
3608 4935 3697 4987 ὅτι

2115 5036 2215 5106 μὲν
2233 5032 2520 5103 ἀμοιϐαίαν
2536 5030 2648 5095 ἕξει
2666 5031 2763 5101 τὴν
2781 5029 3161 5099 ὰποκλήρωσιν
3186 5029 3433 5091 ἕκαστος,
3462 5023 3519 5080 εὖ
3546 5023 3691 5088 οἶδα,

2108 5130 2220 5191 τοῖς
2247 5128 2447 5193 λογίοις
2471 5122 2795 5177 ἀκολουθῶνο
2828 5120 3116 5176 ἀπέκλεισε
3138 5120 3267 5191 γὰρ,
3299 5133 3480 5189 φησιν,
3515 5122 3546 5173 ὁ
3574 5120 3696 5172 Κύ-

2115 5238 2225 5292 ριος
2246 5221 2365 5273 κατ’
2389 5217 2574 5281 αὐτοῦ,
2609 5217 2703 5269 καὶ
2727 5217 3035 5284 κομίσεται
3062 5213 3316 5279 ἕκαστος
3338 5212 3408 5266 τὰ
3435 5210 3534 5265 διὰ
3575 5212 3693 5267 τοῦ

1703 5508 1934 5563 VARIAi
1972 5505 2374 5562 LECTIONES.

506 5611 551 5643 “
606 5604 688 5660 sic
721 5605 779 5665 ι),
805 5605 865 5660 D.
894 5604 1013 5660 Sar.
1033 5614 1085 5659 ct
1107 5604 1259 5659 Vicn.
1289 5600 1713 5670 ῃνο...τομὲνον.

1818 5603 1861 5634 ⁸³⁷
1889 5601 2099 5669 ἄφεσιν,
2133 5602 2200 5654 Μ.
2233 5600 2325 5654 Se.

434 5679 501 5735 Μ.
536 5682 627 5734 Sc.
668 5680 713 5711 ⁵ο
737 5678 1052 5740 παντελοῦς,
1081 5678 1149 5729 M,
1178 5676 1235 5729 S.
1280 5673 1336 5727 Ρ.
1376 5674 1465 5726 Sc.
1529 5675 1571 5705 δι
1602 5673 1835 5733 πάντων,
1866 5673 1922 5724 D.
1963 5689 2081 5724 mox
2111 5673 2227 5741 lege
2257 5675 2606 5742 μακαρισταὶ.

435 5752 538 5792 Ru-
585 5762 633 5794 ul
696 5752 846 5801 VIen.
924 5751 969 5780 ⁸³
990 5748 1108 5805 τὰς.
1139 5747 1195 5799 S.
1274 5745 1319 5775 ⁸³
1347 5742 1610 5806 ἔπραξεν,
1643 5745 1683 5793 Ι)
1778 5745 1821 5774 ⁵⁵
1848 5742 1963 5804 πῶς
2005 5742 2092 5796 διά
2118 5759 2279 5807 τινος,
2300 5754 2355 5797 et
2382 5744 2775 5807 μεταχθήσεται
2798 5785 2812 5809 ,
2847 5747 2913 5799 Μ.
2958 5742 3045 5800 Sé.

2418 5602 2463 5633 ⁸⁸
2487 5602 2741 5681 ἀφιέναι)
2771 5603 2879 5681 lit._
2925 5605 2980 5681 δ.
3033 5604 3092 5658 P.
3169 5603 3213 5635 "
3239 5599 3688 5681 μακαριοεάτερν,

2684 5674 2729 5707 ⁵³
2756 5675 2921 5728 αἰτῶν
2946 5678 3080 5744 lege,
3107 5683 3161 5727 ut
3190 5668 3277 5726 est
3304 5672 3355 5724 in
3390 5668 3447 5724 S.
3476 5669 3532 5721 i’.
3581 5668 3687 5724 Sc.

2688 5761 2812 5809 ται,
2847 5747 2913 5799 M.
2958 5746 3045 5800 Sc.
3126 5747 3172 5777 ⁵⁵
3197 5744 3468 5813 ἁιιοιόήν,
3511 5738 3574 5792 S.
3616 5740 3685 5796 Ρ.
