3876 6226
177 332 285 389 561
1230 334 1316 389 DE
1351 332 1636 390 ECCLES.
1678 332 2079 402 HIERARCH.,
2114 331 2268 388 CAP.
2308 331 2418 387 VII.
3344 320 3451 379 56$

175 449 464 521 σώματος
486 449 635 521 πρὸς
655 451 693 508 ἆ
719 449 996 522 ἔπραξεν,
1030 449 1149 504 εἴτε
1176 449 1400 521 ἀγαθὸν
1419 450 1538 504 εἶτε
1560 450 1764 504 κακόν.

1882 450 2097 515 bonum,
2147 449 2253 503 sive
2307 446 2505 500 malum
2553 457 2577 485 ο
2612 482 2629 500 .
2682 443 2962 500 Justorum
3029 448 3207 496 autem
3260 453 3451 510 preces

172 548 312 596 Ὀτι
341 543 402 596 δέ
428 545 522 596 καὶ
547 543 656 596 τῶν
678 543 902 596 δικαίων
935 543 991 596 αἰ
1021 543 1323 614 προσευχαὶ
1368 541 1514 595 κατά
1539 541 1632 595 τὸν
1659 542 1776 613 τῇδε

1888 543 2053 596 etiam
2100 541 2152 594 in
2191 541 2292 594 ltac
2323 541 2454 602 vita,
2494 538 2692 593 nedum
2739 545 2864 605 post
2913 543 3164 598 mortem,
3209 531 3279 586 iis
3318 529 3453 584 solis

177 634 301 704 βίον
318 635 391 697 ⁵⁷,
433 633 649 707 μητιξγε
681 633 819 706 μετά
858 634 1106 698 θάνατον,
1140 636 1220 697 εἰς
1251 635 1379 697 τοὺς
1411 633 1596 701 ἀξίους
1624 633 1776 705 ἰερῶι

1885 634 2143 703 prodesse
2200 632 2290 701 qui
2340 631 2544 685 sanctis
2591 629 2849 698 precibus
2897 625 3046 696 digni
3103 631 3266 688 sunt,
3307 634 3454 676 vero

171 725 367 796 εὐχῶν
407 725 692 796 ἐνεργοῦσι
726 725 904 797 μόνον,
948 728 1002 779 αἱ
1033 725 1144 779 τῶν
1164 725 1360 794 λογίων
1395 727 1546 797 ἡμᾶς
1574 726 1776 779 ἐκδιδά-

1887 740 1984 778 nos
2018 724 2354 793 eloquiorum
2388 722 2554 793 268
2594 719 2914 775 traditiones
2942 719 3160 772 docent.
3195 711 3454 782 Nunquid

171 832 411 870 σκουσιν
425 815 645 887 ἀληθεῖς
671 815 1016 888 παραδόσεις.
1040 818 1110 870 Ἦ
1131 816 1184 869 τί
1205 817 1341 888 πρὸς
1356 816 1450 869 τοῦ
1481 817 1731 890 Σαμουὴλ
1756 820 1785 871 ὁ

165 905 362 958 Σαοὺλ
379 904 652 972 ἀπώνατο;
670 906 725 959 τί
743 907 798 960 δὲ
824 907 916 959 τὸν
937 907 1045 960 τῶν
1082 907 1349 981 Ἐϐραίων
1366 909 1412 940 ⁸⁸
1430 908 1559 964 λαὸν
1576 907 1783 981 ὤνησεν

165 999 202 1065 ἡ
237 996 560 1069 προφητικὴ
589 999 864 1069 προσευχὴ
884 999 951 1064 ⁸⁹;
971 1000 1082 1052 Καὶ
1107 999 1214 1072 γὰρ
1239 999 1314 1063 ὡς
1331 1000 1502 1066 είτις,
1535 1000 1687 1072 ἡλίου
1705 1001 1775 1054 τὰ

165 1087 363 1139 οἰκεῖα
408 1087 751 1159 δωρουμένου
784 1088 938 1158 φῶτα
977 1091 1090 1153 τοῖς
1130 1089 1421 1144 ἀδλαὸέσιν
1463 1090 1778 1162 ὀφθαλμοῖς,

167 1180 238 1230 ἐν
281 1179 553 1251 μετουσίᾳ
597 1179 692 1234 τοῦ
731 1180 958 1254 ἡλιακοῦ
1002 1182 1179 1250 φωτὸς
1210 1185 1351 1236 αἰτεῖ
1379 1183 1653 1252 γενέσθαι,
1682 1183 1782 1248 τάς

165 1270 393 1335 οἰκείας
418 1270 570 1342 ὄψεις
596 1271 954 1342 ἐξαφανίζωνο
982 1272 1125 1327 οὕτω
1148 1273 1284 1344 πρὸς
1302 1273 1592 1338 ἀδυνάτους
1613 1275 1781 1346 ἤρτη-

164 1380 269 1416 ται
303 1365 403 1418 καὶ
431 1365 694 1438 περιττάς
721 1365 960 1430 ἐλπίδας,
987 1368 1016 1422 ὁ
1058 1366 1159 1431 τὰς
1201 1366 1308 1421 τῶν
1347 1367 1518 1436 ἁγίων
1555 1366 1780 1431 ἐξαιτῶν

171 1456 522 1541 προσευχὰς,
545 1459 640 1512 καί
659 1458 758 1523 τὰς
777 1459 919 1512 κατὰ
938 1458 1098 1529 φύσιν
1125 1460 1304 1514 αὐτῶν
1330 1461 1481 1534 ίεράς
1501 1463 1780 1535 ἐνεργείας

169 1546 448 1612 ἐλαύνων,
481 1548 780 1620 ἀπροσεξίᾳ
797 1548 909 1602 τῶν
939 1548 1099 1604 θείων
1125 1550 1333 1622 δώρων,
1366 1552 1590 1606 καὶτῶν
1612 1571 1778 1622 φανο-

173 1639 367 1692 τὰτων
401 1640 500 1692 καὶ
530 1639 921 1708 ἀγαθοδοτίδων
951 1641 1182 1694 ἐντολῶν
1228 1643 1608 1714 ἀποφοιτήσει.
1633 1644 1778 1716 Φημὶ

172 1731 258 1794 δὲ,
289 1734 411 1794 τοῖς
436 1730 637 1799 λογίοις
666 1733 950 1803 ἑπόμενος,
980 1732 1056 1797 ώς
1083 1732 1352 1806 ὠφέλιμοι
1375 1735 1606 1806 πάμπαν
1639 1735 1776 1789 εἰσὶν

1886 816 2017 872 Saul
2049 831 2078 870 a
2113 816 2366 873 Samuele
2411 815 2633 882 adjutus
2669 810 2814 866 fuit?
2843 819 2937 862 aut
2981 809 3327 863 Hebraeorum
3359 819 3454 872 po-

1884 909 2010 978 pqu
2061 907 2381 976 prophetica
2436 906 2682 974 precatio
2729 903 3021 972 quidquam
3073 896 3308 968 proluit?
3359 895 3457 950 Et.

1884 1001 2030 1056 enim
2063 1015 2126 1057 ac
2151 999 2196 1054 si
2235 1000 2380 1068 quis,
2411 998 2527 1052 sole
2569 997 2720 1052 sanis
2750 994 2921 1049 oculis
2955 993 3126 1047 lucem
3156 1007 3310 1047 suam
3343 989 3453 1043 lar.

1883 1093 2086 1164 giente,
2110 1091 2304 1146 solaris
2329 1091 2467 1146 lucis
2499 1093 2774 1162 particeps
2805 1091 2921 1147 liet'i
2951 1097 3118 1159 petat,
3153 1085 3325 1141 erutis
3346 1081 3450 1136 sibi

1881 1185 2084 1242 oculis:
2120 1185 2200 1242 sic
2231 1200 2294 1239 ex
2330 1184 2650 1254 impossibili
2675 1196 2729 1239 et
2758 1183 2905 1238 inani
2930 1197 3023 1251 spe
3053 1180 3266 1251 pendet,
3297 1175 3454 1244 quis-

1880 1281 2001 1350 quis
2028 1290 2336 1335 sanctorum
2373 1293 2563 1350 preces
2592 1276 2822 1348 ﬂagitat,
2862 1277 2988 1331 (lum
3029 1274 3160 1342 ipsis
3184 1277 3451 1326 conualu-

1882 1373 2024 1429 rales
2042 1375 2374 1429 exterminat
2401 1373 2669 1440 actiones,
2689 1373 2867 1428 divina
2897 1384 3124 1425 munera
3147 1367 3450 1436 negligens,

1878 1473 1934 1519 et
1960 1481 1988 1520 a
2017 1465 2336 1522 clarissimis
2363 1464 2730 1535 beneticisque
2755 1463 2847 1517 Dei
2880 1460 3146 1516 mandatis
3169 1458 3450 1513 recedens.

1878 1555 1994 1612 Hoc
2041 1568 2219 1612 autem
2276 1555 2574 1627 Scripturis
2619 1568 2858 1610 consone
2911 1552 3157 1619 allirmo,
3190 1550 3451 1620 perutiles

1878 1667 1998 1707 esse
2026 1653 2078 1706 in
2125 1653 2227 1706 bac
2261 1652 2372 1705 vita
2409 1662 2721 1707 sanctorum
2748 1664 2941 1720 preces
2964 1690 2980 1714 ,
3015 1647 3174 1702 modo
3212 1645 3334 1716 quis
3365 1654 3453 1700 sa-

1879 1758 2098 1799 crorum
2125 1758 2411 1796 munerum
2447 1741 2713 1797 desiderio
2742 1739 3015 1804 incensus,
3053 1746 3108 1792 et
3134 1735 3199 1788 ad
3231 1751 3294 1789 ea
3324 1748 3448 1788 sns-

171 1823 235 1875 ἐν
256 1822 399 1894 τῷδε
428 1822 509 1893 τῷ
535 1823 633 1894 βίῳ
659 1824 764 1878 τῶν
795 1825 966 1892 ἁγίων
997 1825 1054 1877 αἰ
1090 1827 1412 1897 προσευχαὶ,
1456 1825 1597 1880 κατά
1626 1825 1776 1880 τόνδε

1882 1837 2125 1906 cipienda
2145 1836 2229 1905 pie
2251 1834 2497 1900 affectus,
2531 1833 2809 1889 tenuitatis
2842 1847 2952 1887 suze
2974 1829 3245 1891 conscius.
3274 1827 3451 1881 virum

173 1912 269 1966 τὸν
291 1914 520 1982 τρόπον,
545 1914 600 1967 εἶ
619 1932 722 1980 τις,
751 1916 912 1988 ἰερῶν
936 1916 1223 1988 ἐφιέμενος
1257 1916 1466 1988 δώρων,
1502 1919 1597 1972 καὶ
1643 1918 1778 1988 πρὸς

174 2006 424 2076 μετοχὴν
455 2006 637 2060 αὐτῶν
665 2005 773 2071 ἕξιν
799 2008 950 2080 ίεράν
977 2009 1139 2080 ἔχων,
1180 2008 1255 2073 ὡς
1293 2009 1392 2082 τῆς
1427 2010 1634 2074 οἰκείας
1661 2012 1781 2064 ἐπι-

173 2093 423 2165 γνώμων
465 2094 824 2169 βραχύτητος,
867 2098 1037 2153 ὲλθὼν
1073 2098 1165 2153 ἐπί
1197 2116 1318 2152 τινα
1357 2098 1466 2154 τῶν
1491 2099 1653 2154 ὁσίων
1681 2101 1777 2154 ἀν-

171 2183 323 2255 δρῶν
356 2185 642 2250 ἀξιώσειεν
677 2187 838 2242 αὐτὸν
877 2189 944 2254 θ’,
967 2190 1077 2242 oi“
1126 2189 1377 2260 γενέσθαι
1399 2189 1774 2264 συλλήπτορα,

174 2277 277 2329 καὶ
329 2279 644 2349 συνικέτην,
675 2279 1088 2352 ὠφεληθήσεται
1127 2281 1346 2346 πάντως
1372 2284 1436 2337 ἐκ
1458 2281 1648 2338 τούτου
1673 2284 1776 2356 τὴν

175 2367 369 2438 ard-31;;
386 2367 430 2398 ⁸³
455 2367 862 2441 ὑπερκειμένην
885 2370 1172 2441 ὠφέλειαν·
1197 2372 1538 2440 ἐπιτεύξεται
1566 2373 1676 2446 γὰρ
1701 2367 1777 2429 ὧν

173 2459 332 2509 αἰτεῖν
345 2456 639 2523 θειοτάτων
659 2458 868 2530 δώρων,
893 2461 1300 2535 ἀποδεχομένης
1323 2463 1486 2517 αὑτὸν
1502 2463 1600 2536 τῆς
1619 2463 1779 2538 θεαρ-

173 2549 345 2620 χικῆς
364 2548 718 2622 ἀγαθότητος,
746 2551 846 2624 τῆς
872 2569 932 2606 τε
955 2554 1162 2620 οἰκείας
1189 2555 1447 2619 εὐλαϐοῦς
1467 2556 1774 2627 ἐπιγνώμο-

175 2640 376 2710 σύνης,
405 2643 622 2713 καὶτῆς
659 2645 752 2697 ἐπὶ¹
777 2649 888 2710 τοῖς
910 2647 1078 2713 ὁσίοις
1099 2649 1142 2681 ⁸³
1166 2647 1352 2713 αἰδοῦς
1371 2691 1385 2716 ,
1415 2649 1509 2703 καὶ
1541 2650 1640 2722 τῆς
1668 2649 1776 2704 τῶν

173 2733 516 2805 αἰτηθεισῶν
558 2735 721 2810 ἱερῶν
743 2740 1010 2810 αἰτήσεων
1048 2741 1340 2812 ἐπαινετῆς
1379 2742 1636 2812 ἐφέσεως,
1681 2745 1776 2798 καὶ

177 2827 525 2898 καταλλήλου
552 2832 646 2884 καὶ
672 2831 940 2898 θεοειδοῦς
958 2833 1143 2900 ἕξεως.
1179 2837 1336 2890 Ἔστι
1365 2835 1474 2908 γὰρ
1500 2837 1592 2889 καὶ
1617 2835 1775 2889 τοῦτο

175 2922 296 2981 τοῖς
327 2919 642 2991 θεαρχικοῖς
672 2925 904 2997 κρίμασι
943 2927 1452 3000 νενομοθετημένον,
1475 2929 1536 2982 τὺ
1560 2929 1628 2983 τά
1654 2930 1772 2983 θεῖα

174 3008 333 3080 δῶρα
359 3014 477 3075 τοῖς
500 3013 672 3080 ἀξίοις
697 3016 791 3070 τοῦ
819 3023 1108 3091 μετασχεῖν
1132 3022 1189 3073 ἐν
1211 3020 1363 3086 τάξει
1379 3021 1775 3092 θεοπρεπεστά-

1880 1927 2112 1998 aliquem
2145 1935 2395 1983 sanctum
2441 1928 2620 1991 adeat,
2655 1941 2718 1980 ac
2750 1934 2898 1995 petat
2930 1933 2990 1978 ut
3031 1939 3090 1978 se
3121 1922 3362 1992 adjuvet,
3389 1930 3453 1974 ac

1882 2017 2045 2072 Deum
2073 2033 2172 2086 pro
2205 2033 2264 2072 se
2291 2027 2465 2087 roget,
2498 2032 2600 2088 qua
2649 2017 2856 2071 ratione
2883 2030 3014 2072 sane
3060 2014 3354 2067 maximum
3385 2025 3454 2066 ex

1877 2122 1943 2162 eo
1966 2107 2132 2163 refert
2159 2108 2580 2162 emolumentum
2605 2125 2618 2174 ;
2645 2107 2890 2176 potietur
2917 2106 3061 2160 enim
3087 2105 3272 2174 petitis
3296 2103 3453 2157 donis

1877 2201 2231 2256 divinissimis
2254 2241 2270 2266 ,
2303 2200 2557 2270 religiosa
2598 2215 2696 2255 sua
2731 2199 3091 2263 conscientia,
3137 2208 3450 2251 sanctorum

1877 2292 2182 2346 reverentia
2209 2302 2263 2346 ct
2294 2290 2550 2345 laudabili
2597 2305 2786 2344 eorum
2810 2305 2930 2360 quae
2964 2290 3096 2358 petit
3143 2287 3442 2350 desiderio,

1875 2392 1926 2440 et
1951 2390 2318 2438 consentanea
2343 2396 2406 2434 ac
2435 2379 2688 2436 deiformi
2715 2379 3000 2437 aﬂ’ectione
3020 2379 3119 2449 ipsi
3150 2378 3454 2448 suﬂragan-

1876 2475 2041 2534 tibus.
2069 2474 2280 2528 Etenim
2319 2473 2517 2528 divinis
2565 2473 2616 2526 id
2663 2473 2898 2527 decretis
2934 2471 3233 2526 stabilitum
3259 2479 3366 2535 est,
3395 2477 3455 2524 ut

1875 2566 2054 2621 divina
2081 2578 2299 2620 munera
2332 2565 2430 2628 iis,
2464 2566 2553 2634 qui
2585 2565 2896 2620 eorumdem
2929 2564 3345 2633 participatione
3368 2563 3455 2616 di-

1875 2659 1966 2730 gni
1998 2667 2145 2722 sunt,
2179 2673 2245 2713 eo
2282 2672 2390 2726 quo
2424 2658 2590 2712 Deum
2638 2657 2796 2711 decet
2827 2657 3019 2710 ordine
3059 2656 3456 2710 distribuantur

1877 2753 1945 2805 ab
1974 2751 2082 2805 illis
2111 2750 2202 2820 qui
2225 2749 2416 2804 iisdem
2438 2747 2832 2804 distribuendis
2855 2757 2980 2803 sunt
3010 2746 3266 2817 prml‘ecti.
3299 2745 3455 2801 Hunc

1875 2840 2059 2909 itaque
2088 2855 2310 2896 sacrum
2335 2841 2582 2895 ordinem
2617 2840 2660 2894 si
2691 2841 2817 2909 quis
2842 2838 3146 2906 violaverit,
3167 2849 3222 2893 et
3249 2838 3450 2892 infelici

1874 2935 2110 2990 elatione
2137 2937 2428 3002 seducws,
2474 2935 2696 3006 dignum
2728 2949 2786 2990 se
2829 2935 3108 3002 putaverit
3143 2934 3328 2988 divina
3376 2934 3456 2987 fa-

1874 3027 2187 3083 miliaritate
2212 3068 2226 3090 .
2256 3037 2582 3098 sanctosque
2621 3028 2944 3098 despexerit,
2989 3028 3034 3081 is
3072 3036 3242 3091 certe,
3272 3029 3448 3098 siqui—

172 3117 249 3174 τῃ
272 3103 568 3173 δωρεῖσθαι
591 3106 678 3161 διὰ
696 3109 804 3163 τῶν
828 3111 992 3178 ἀξίων
1013 3111 1106 3166 τοῦ
1131 3113 1449 3183 μεταδοῦναι
1467 3113 1529 3168 ⁸⁸.
1555 3114 1770 3186 Ταύτην

1882 3121 2002 3175 dem
2029 3121 2277 3191 indignas
2310 3121 2417 3174 Deo
2444 3135 2508 3175 ac
2557 3119 2816 3191 profanas
2847 3135 2932 3173 res
2963 3119 3339 3189 postulaverit,
3375 3119 3457 3172 in-

176 3173 276 3247 οῦν
301 3195 464 3260 εἴτις
485 3199 771 3271 ἀτιμάσειε
953 3204 1105 3276 ἱερὰν
1131 3173 1463 3278 εὐκοσμίαν,
1499 3207 1594 3260 καὶ
1640 3173 1776 3279 πρὸς

1885 3222 2144 3282 tentoque
2173 3213 2416 3266 caruerit
2444 3227 2626 3266 rerum
2677 3211 2983 3267 divinarum
3035 3209 3310 3265 desiderio
3351 3207 3456 3278 ipsi

176 3286 380 3341 ἀθλίαν
395 3289 574 3360 οἴησιν
592 3291 886 3365 ἐληλυθὼς,
903 3298 1084 3352 ἱκανὸν
1102 3298 1293 3352 ἐαυτὸν
1307 3298 1514 3372 οἰηθείη
1533 3301 1666 3372 πρὸς
1681 3299 1776 3373 τὴν

1887 3315 2253 3360 consentaneo
2289 3315 2512 3375 propter
2543 3305 2849 3371 imperitam
2897 3317 3048 3357 suam
3095 3301 3453 3370 petitionem,

181 3377 488 3452 θεαρχικὴν
513 3382 749 3453 ὁμιλίαν,
783 3389 878 3440 καὶ
910 3389 1019 3444 τῶν
1045 3391 1206 3446 ὁσίων
1233 3392 1656 3465 ὑπερφρονήσοι”
1686 3393 1776 3448 καί

1885 3411 1983 3467 per
2007 3411 2068 3452 se
2110 3395 2246 3451 nihil
2282 3411 2471 3450 eorum
2512 3410 2634 3465 quae
2670 3396 2804 3463 petit
2843 3394 3170 3463 impetrabit.
3211 3393 3281 3446 De
3311 3388 3456 3445 dicta

183 3468 317 3539 μὴν,
350 3473 399 3524 εἰ
423 3472 523 3537 τάς
548 3477 794 3547 αἰτήσεις
814 3480 1039 3547 ἀναξίας
1058 3501 1117 3537 τε
1133 3483 1289 3550 Θεοῦ,
1311 3486 1404 3539 καὶ
1430 3485 1504 3557 μὴ
1527 3485 1677 3558 ἱερὰς
1693 3486 1776 3540 αί-

1882 3504 2053 3559 κινοῖτο
2083 3489 2418 3558 precatione,
2452 3503 2616 3557 quam
2639 3488 2871 3541 antistes
2908 3501 3070 3554 super
3093 3483 3346 3538 defuncto
3369 3481 3458 3535 fa—

178 3563 365 3632 τήσοι,
384 3565 480 3618 καὶ
497 3565 595 3638 τὴν
610 3567 796 3638 ἔφεσιν
811 3572 919 3627 τῶν
936 3574 1096 3630 θείων
1119 3579 1170 3630 εί
1189 3575 1262 3649 μὴ
1287 3577 1534 3631 σύντονον
1558 3578 1670 3650 έχοι
1691 3578 1776 3633 καὶ

1888 3582 1982 3646 cit,
2015 3581 2318 3634 divinormn
2364 3590 2676 3633 nostrorum
2723 3585 3114 3646 praceptorum
3150 3575 3451 3628 traductam

181 3654 370 3724 ἐαυτῷ
393 3657 749 3731 κατάλληλον,
779 3665 1136 3734 ἀποτεύξεται
1161 3669 1230 3723 δι’
1256 3669 1448 3723 ἐαυτὸν
1472 3670 1572 3742 τῆς
1597 3673 1776 3726 ἀνεπι-

1891 3673 1957 3726 ad
1987 3687 2083 3726 nos
2118 3671 2464 3724 traditionem
2497 3683 2772 3738 exponere
2802 3683 3028 3724 necesse
3058 3675 3163 3721 est.

183 3751 459 3842 ἰδέτήμονος
497 3757 786 3828 αἰτήσεως.
819 3763 958 3834 Περὶ
987 3763 1042 3818 δὲ
1072 3764 1171 3836 τῆς
1191 3765 1491 3838 εἰρημένης
1514 3767 1697 3839 εὐχῆς,
1727 3768 1795 3840 ἢν
1823 3771 1851 3842 ό
1877 3770 2136 3840 ἰεράρχης
2161 3766 2451 3838 ἐπεύχεται
2475 3764 2554 3835 τῷ
2603 3761 3008 3834 κεκοιμημένῳ.
3057 3758 3158 3830 τὴν
3203 3758 3282 3820 εἰς
3309 3757 3456 3831 ἡμᾶς
3539 3802 3541 3805 τ

181 3841 452 3897 ἐλθοῦσαν
497 3847 565 3900 ἐκ
609 3848 720 3906 τῶν
760 3853 960 3909 ἐνθέων
988 3855 1143 3927 ἡμῶν
1177 3857 1565 3929 καθηγεμόνων
1597 3848 1894 3932 παράδοσιν
1921 3861 2096 3914 εἰπεῖν
2125 3859 2447 3928 ἀναγκαῖον.
3436 3843 3442 3858 ι

1712 4042 1738 4115 5
1773 4040 1909 4100 νη.

274 4193 340 4247 Ὀ
363 4193 506 4259 θεῖος
529 4194 790 4270 ἰεράρχης
816 4199 1205 4274 ἐκφαντορικός
1228 4207 1396 4270 ἐστιν,
1429 4206 1507 4270 ὡς
1531 4205 1598 4258 τὰ
1621 4207 1777 4275 λόγιά

181 4302 349 4358 φησι,
374 4286 484 4340 τῶν
505 4287 810 4360 θεαρχικῶν
833 4291 1238 4365 δικαιωμάτων·
1277 4297 1504 4366 ἄγγελος
1529 4297 1636 4370 γὰρ
1658 4299 1774 4350 Κυ-

135 4411 148 4426 .
188 4378 312 4448 ρίου
357 4380 798 4452 παντοκράτορος
827 4383 963 4438 Θεοῦ
981 4386 1025 4418 ⁸⁸
1065 4387 1198 4440 ἐστι·
1246 4387 1562 4460 μεμάθηκεν
1585 4385 1676 4442 οὖν
1713 4390 1778 4441 ἐκ

182 4469 298 4525 τῶν
321 4469 736 4543 θεοπαραδότων
773 4474 991 4543 λογίων,
1033 4478 1115 4532 ὅτι
1143 4480 1256 4542 τοῖς
1279 4480 1440 4542 ὁσίως
1467 4477 1776 4550 βιώσασινή

182 4567 478 4638 φανοτάτη
514 4565 609 4620 καὶ
634 4565 754 4621 θεία
775 4566 889 4640 ζωὴ
916 4570 1036 4622 κατ’
1061 4569 1217 4635 ἀξίαν
1244 4571 1348 4624 ὑπὸ
1369 4571 1476 4634 τῶν
1510 4571 1781 4624 δικαιοτά-

181 4674 298 4711 των
347 4655 532 4725 ζυγῶν
575 4657 927 4726 ἀντιδίδοται,
979 4661 1307 4734 παρορὼσης
1350 4663 1642 4734 ἀγαθότητι
1679 4664 1778 4735 τῆς

185 4747 494 4819 θεαρχικῆς
517 4749 920 4822 φιλανθρωπίας
942 4755 1041 4817 τάς
1062 4754 1423 4825 ἐγγενομένας
1440 4755 1484 4786 ³⁸
1512 4755 1695 4817 αὐτοῖς
1718 4754 1776 4820 ἐξ

186 4843 546 4915 ἀνθρωπίνης
569 4843 851 4911 ἀσθενείας
878 4847 1119 4917 κηλῖδαςο
1139 4848 1369 4920 ἐπείπερ
1390 4847 1582 4911 οὐδεὶς,
1609 4849 1684 4912 ὡς
1707 4848 1778 4902 τὰ

183 4935 350 5004 λόγιά
377 4951 533 5006 φησι,
560 4935 798 5009 καθαρὸς
821 4937 929 4990 ἀπὸ
952 4937 1146 5008 ῥύπου.
1176 4937 1362 4992 Ταῦτα
1403 4939 1502 5010 μὲν
1535 4936 1627 4994 οὖν
1648 4944 1676 4995 ὁ
1701 4943 1778 4995 ἰε-

189 5029 409 5100 ράρχης
427 5023 566 5080 οἶδεν
581 5028 966 5100 ἐπηγγελμένα
985 5031 1122 5103 πρὸς
1135 5031 1243 5084 τῶν
1265 5032 1480 5102 ἀληθῶν
1497 5033 1539 5063 ⁸⁷
1563 5031 1776 5100 λογίωψ

185 5121 335 5172 αἰτεῖ
373 5117 433 5170 δὲ
472 5115 610 5170 αὐτὰ
630 5118 675 5148 ⁸⁸
696 5119 966 5187 γενέσθαι,
995 5122 1088 5174 καὶ
1129 5122 1436 5194 δωρηθῆναι
1470 5125 1580 5186 τοῖς
1615 5123 1776 5188 ὁσίως

190 5208 429 5281 βιώσασι
451 5207 551 5272 τὰς
579 5209 727 5281 ίεράς
752 5210 1068 5276 ἀντιδόσεις,
1108 5214 1221 5283 ἅμα
1248 5215 1344 5284 μέν
1373 5214 1464 5266 ἐπὶ
1497 5214 1558 5267 τὸ
1594 5213 1777 5285 θεομί-

349 5361 422 5415 ell
454 5359 580 5417 Cor.
615 5379 668 5426 v,
707 5363 796 5418 l0.

1955 4207 2388 4277 Divinusitaque
2423 4205 2678 4271 antistes,
2717 4215 2775 4259 ut
2802 4203 3017 4274 eloquia
3045 4211 3331 4265 testantur,
3363 4200 3453 4253 in-

1884 4309 2092 4368 terpres
2145 4308 2230 4354 est
2266 4299 2572 4352 divinorum
2621 4295 2983 4364 judiciorum;
3037 4292 3258 4364 angelus
3303 4291 3449 4344 enim

1883 4388 2095 4442 Domini
2125 4385 2512 4454 onmipotentis
2539 4394 2623 4438 est
2653 4383 2746 4437 Dei
2785 4399 2799 4435 :
2834 4392 3167 4453 quapropter
3195 4396 3263 4434 ex
3297 4379 3448 4433 Scrid

1884 4473 2058 4551 pluris
2085 4479 2342 4534 divinitus
2375 4475 2584 4532 traditis
2629 4474 2841 4544 accepit
2869 4512 2884 4538 ,
2913 4471 3184 4542 quomodo
3215 4473 3280 4526 iis
3305 4510 3321 4536 ,
3348 4471 3444 4541 qui

1886 4581 2078 4626 sancte
2107 4571 2317 4632 vivunt,
2351 4583 2450 4636 pro
2480 4568 2750 4636 cujusque
2776 4564 2983 4619 meritis
3005 4564 3184 4618 divina
3207 4564 3450 4619 clarissi-

1887 4673 2084 4728 maque
2111 4659 2220 4711 vita
2254 4656 2321 4710 ab
2364 4656 2692 4725 :equissitnis
2738 4654 2855 4710 istis
2896 4653 3142 4708 lancibus
3186 4654 3455 4707 retribua-

1888 4759 1995 4810 tur.
2043 4749 2223 4804 divina
2263 4749 2516 4802 nimirum
2562 4748 2885 4809 clementia,
2918 4760 3013 4814 pro
3046 4743 3284 4800 bonitate
3329 4760 3449 4808 sua,

1887 4842 2128 4896 maculas
2159 4858 2223 4895 ex
2260 4843 2491 4895 humana
2528 4839 2820 4908 fragilitate
2851 4848 3163 4892 contractas
3191 4837 3448 4891 dissimu—

1885 4933 2052 4998 lante,
2081 4936 2224 5002 quod
2252 4948 2427 4996 nemo,
2462 4942 2519 4986 ut
2543 4933 2755 5001 eloquia
2789 4932 3028 4994 tradunt,
3061 4930 3294 4983 mundus
3316 4929 3386 4983 sit
3417 4943 3448 4983 a

1889 5026 2071 5081 sorde.
2098 5023 2221 5078 Haec
2251 5025 2433 5093 itaque
2457 5025 2725 5094 promissa
2752 5022 2902 5076 novit
2928 5021 3158 5076 antistes
3179 5035 3245 5074 ex
3277 5019 3450 5072 veris-

1883 5122 2035 5176 simis
2063 5121 2388 5188 Scripturis;
2414 5135 2581 5188 quare
2611 5119 2743 5188 petit
2779 5117 2867 5172 illa
2899 5116 3178 5186 compleri,
3206 5113 3448 5182 indulge-

1887 5219 2040 5285 rique
2080 5213 2243 5286 269
2274 5214 2339 5268 iis
2367 5213 2456 5282 qui
2502 5213 2586 5282 pie
2631 5212 2866 5264 vixerint
2907 5225 3063 5266 sacra
3098 5210 3337 5278 prmtuia,
3372 5209 3447 5261 si-

1475 5478 1707 5534 VARUE
1743 5479 2040 5534 LECTION
2044 5480 2148 5536 ES.

226 5654 274 5687 ⁸⁷
294 5621 415 5732 tbi
442 5651 556 5732 βίον
577 5692 591 5716 ,
630 5653 711 5732 ML
770 5628 934 5732 faba
975 5656 1240 5732 Ἑϐραῖον.
1294 5661 1519 5732 “eam
1543 5700 1556 5718 ,
1612 5659 1702 5732 Ma
1759 5662 1803 5693 ⁸ο
1831 5617 1976 5728 ἴσως
2003 5661 2121 5732 τοῦ,
2195 5662 2236 5691 ⁶¹
2266 5663 2312 5714 οἱ
2340 5677 2442 5716 non
2478 5672 2558 5712 est
2592 5661 2641 5711 in
2672 5660 2730 5712 ῐ).
2759 5660 2820 5732 ΑΡ.
2884 5660 2928 5690 ⁶¹
2957 5655 3444 5732 πάσαςηᾷἰηυκδε

192 5724 285 5798 _Sc.
334 5722 416 5798 __“
443 5723 608 5798 θείοις
630 5763 647 5788 ,
898 5727 942 5758 ⁸⁸
968 5722 1303 5798 μεταδιδόναι
1331 5770 1344 5794 ,
1375 5730 1430 5784 l‘.

194 5795 257 5848 υ.
330 5792 378 5824 ⁸⁸
405 5793 627 5858 αὐτίκα,
660 5796 726 5849 Μ.
763 5796 851 5851 Sc.

1509 5733 1551 5762 ⁸⁵
1582 5731 1714 5784 Θεοῦ
1748 5749 1850 5786 non
1877 5744 1961 5787 cst
1993 5734 2046 5786 in
2081 5731 2145 5784 Μ.
2189 5743 2241 5787 ει
2274 5733 2362 5786 Sc.

2445 5733 2488 5760 ⁶⁶
2517 5729 2890 5799 ἐγγινομένας.
2940 5737 3036 5792 (lit.
3079 5729 3118 5759 ³⁷
3148 5728 3436 5800 ἀληθινῶν,
