3876 6226
446 301 551 357 563

1629 298 1685 355 S.
1725 296 2024 354 DIONYSII
2057 296 2146 351 AR
2156 294 2524 352 EOPAGI'LE

3602 284 3712 342 564

448 418 678 485 nmlque
701 415 989 485 scmetipse
1019 416 1250 487 benigne
1290 417 1636 472 conformans
1668 416 1731 468 ad
1767 416 2019 469 imitatio-

2132 427 2299 481 μητον
2339 404 2670 479 ἀγαθοειδῶς
2696 406 3119 477 ἐκτυπούμενος,
3143 402 3238 457 καὶ
3259 398 3356 465 τάς
3378 397 3584 471 ἐτέρων
3608 398 3717 450 δω-

449 526 574 565 nem
613 509 731 576 Dei,
772 525 879 563 non
912 525 1070 565 secus
1120 509 1243 563 aliis
1276 525 1437 579 quam
1482 508 1583 562 sibi
1621 506 1719 577 ipsi
1750 506 1888 560 dona
1924 521 2021 574 po-

446 617 607 657 scens
643 618 708 658 ac
731 604 965 672 gratias;
996 604 1173 659 sciens
1203 604 1328 657 item
1366 602 1755 673 promissiones
1783 600 1876 655 Dei
1904 613 2023 654 esse

448 693 788 761 infallibiles,
829 694 1183 765 praesentibus
1212 694 1375 749 etiam
1422 700 1607 762 aperte
1637 692 1896 755 declarat,
1932 688 2021 743 illa

447 801 567 853 quae
602 786 670 841 ab
693 801 757 841 eo
785 786 910 855 jure
936 803 1095 843 sacro
1118 788 1481 857 postulantur,
1509 800 1728 854 prorsus
1757 793 2020 840 eventura

450 879 578 945 illis,
615 880 708 949 qui
740 880 1035 934 secundum
1064 878 1231 933 Deum
1257 880 1422 931 vitam
1456 876 1900 931 consummarint.
1931 874 2024 929 Et-

451 974 596 1025 enim
640 972 911 1036 antistes,
941 987 1063 1026 cum
1108 971 1181 1025 sit
1223 970 1528 1039 praecipuus
1559 968 1753 1023 divinae
1798 965 2021 1035 iustitiae

450 1077 653 1131 praeco,
685 1077 961 1132 nunquam
987 1061 1292 1132 postularet
1318 1076 1380 1115 ea
1408 1076 1528 1129 quae
1555 1074 1661 1114 non
1692 1068 1871 1113 essent
1911 1057 2021 1112 Deo

452 1162 613 1214 quam
640 1148 973 1217 gratissima,
1006 1159 1061 1204 et
1082 1150 1234 1217 juxta
1262 1148 1649 1218 promissioncs
1674 1146 1790 1215 ejus
1822 1147 2022 1201 deifor-

451 1237 617 1290 miter
656 1240 1027 1294 concedenda.
1072 1240 1436 1308 Quamobrem
1464 1240 1734 1295 defunctis
1766 1239 2023 1308 improbis

452 1339 796 1397 nequaquam
846 1329 1149 1385 istiusmodi
1189 1342 1484 1398 precatur,
1521 1348 1627 1386 non
1674 1331 1846 1385 solum
1877 1331 2021 1399 quod

452 1418 765 1487 interpretis
787 1419 1020 1477 cilicium
1058 1424 1111 1478 in
1142 1424 1244 1478 ltoc
1268 1424 1534 1490 violaret,
1562 1435 1727 1493 atque
1758 1439 2023 1494 praesum-

451 1520 646 1581 ptuose
662 1512 763 1566 sibi
784 1513 1076 1586 quidquam
1095 1531 1375 1570 munerum
1394 1516 1782 1585 pontificalium
1800 1530 2021 1586 arroga-

453 1613 561 1669 ret,
597 1605 665 1659 ab
688 1615 912 1661 auctore
947 1608 1329 1678 mysteriorum
1360 1609 1581 1663 minime
1599 1618 2017 1673 motus;verum

451 1697 617 1751 etiam
646 1700 788 1767 quod
828 1699 990 1769 impia
1025 1686 1287 1770 petitione
1314 1699 1697 1765 frustraretur,
1739 1710 1794 1756 et
1821 1702 2020 1769 ajusto

452 1804 681 1857 prorsus
714 1790 927 1859 eloquio
958 1792 1120 1846 etiam
1156 1794 1270 1861 ipse
1311 1792 1509 1845 merito
1530 1789 2021 1858 audiens:Petitis,

450 1888 499 1933 et
527 1895 630 1934 non
663 1881 925 1951 accipitis,
968 1884 1091 1951 quia
1122 1889 1259 1937 male
1300 1884 1469 1952 petitis
1497 1883 1541 1937 τ.
1576 1883 1815 1938 Postulat
1841 1884 2023 1955 itaque

450 1978 673 2025 sanctus
710 1971 939 2027 antistes
965 1987 1027 2026 ea
1058 1987 1178 2042 qua:
1202 1982 1329 2027 sunt
1356 1974 1618 2029 divinitus
1644 1976 1931 2044 promissa,
1966 1984 2023 2029 et

451 2072 672 2130 accepta
702 2072 832 2117 sunt
853 2062 984 2130 Deo,
1010 2065 1338 2132 omninoque
1365 2065 1678 2134 largienda;
1701 2078 1751 2120 et
1769 2066 2020 2124 aﬂ‘ectum

455 2153 814 2221 benignitatis
836 2169 949 2208 sua:
978 2154 1406 2210 clementissimo
1438 2155 1545 2210 Deo
1573 2172 1636 2211 ac
1658 2159 2020 2225 praesentibus

450 2245 706 2300 omnibus
751 2255 938 2315 aperte
984 2247 1312 2313 declarans,
1357 2263 1603 2314 quamam
1654 2250 1792 2304 bona
1843 2254 2019 2306 sancti

450 2338 700 2405 adepturi
729 2339 840 2393 sint
866 2339 1129 2397 insinuat.
1173 2339 1376 2394 Eodem
1423 2342 1584 2396 modo
1616 2344 1886 2397 antistites
1925 2347 2022 2398 Ita-

456 2435 585 2484 bent
630 2439 957 2499 potestatem
997 2433 1356 2502 segregandi,
1396 2441 1654 2504 tanquam
1697 2435 2020 2504 interpretes

453 2522 756 2578 divinarum
782 2522 1236 2591 justificationum
1264 2543 1280 2593 ;
1311 2542 1417 2582 non
1444 2528 1589 2597 quod
1611 2528 2021 2584 irrationalibus

451 2616 692 2672 motibus
716 2617 1117 2686 sapientissima
1143 2620 1400 2675 divinitas
1422 2621 1696 2677 serviliter
1733 2622 1818 2692 (ut
1849 2623 2020 2677 hone-

450 2718 538 2764 ste
562 2710 820 2781 dixerim)
848 2711 1205 2783 obsequatur,
1238 2715 1333 2770 sed
1374 2716 1518 2785 quod
1560 2715 1778 2785 ipsimet
1825 2717 2019 2785 spiritu

455 2804 843 2874 mysteriorum
883 2806 1197 2879 principali,
1236 2822 1266 2862 a
1294 2824 1404 2877 quo
1435 2811 1504 2863 ad
1548 2809 2018 2878 interpretandum

452 2902 740 2949 moventur
774 2911 805 2948 a
852 2894 982 2963 Deo,
1025 2913 1123 2967 pro
1154 2899 1364 2953 meritis
1404 2900 1680 2970 judicatos
1706 2910 2014 2955 secernant.

450 2985 681 3054 Accipite
709 2987 878 3055 enim,
918 2990 1112 3057 inquit,
1143 2989 1405 3058 Spiritum
1433 3003 1674 3045 sanctum
1723 3006 1743 3044 :
1796 3008 2017 3061 quorum

454 3075 759 3130 remiseritt‘s
819 3090 1073 3146 peccata,
1132 3083 1470 3134 remittuntur
1534 3083 1647 3147 eis;
1701 3094 1750 3136 et
1796 3100 2089 3170 quorumc

460 3163 806 3231 retinuerilis,
872 3176 1073 3221 retenta
1110 3180 1228 3223 sunt
1259 3172 1303 3223 8.
1337 3172 1473 3237 Quin
1504 3182 1559 3226 et
1586 3173 1657 3239 ei,
1696 3176 1786 3243 qui
1812 3175 2022 3229 divinas

457 3256 819 3312 revelationes
836 3273 866 3320 a
888 3272 1144 3327 supremo
1161 3258 1325 3315 Patre
1349 3263 1632 3331 didicerat,
1651 3279 1701 3317 tn
1724 3264 2023 3331 Scriptnris

451 3350 700 3403 dicitur:
755 3350 1113 3424 Quodcunque
1158 3351 1401 3421 ligaveris
1453 3371 1608 3423 super
1657 3365 1871 3420 terram,
1926 3358 2023 3410 erit

448 3441 670 3510 ligatum
720 3453 767 3496 et
818 3446 874 3498 in
934 3445 1122 3511 ctelis;
1168 3455 1217 3499 et
1265 3450 1607 3517 quodcunque
1658 3450 1872 3504 solveris
1928 3468 2022 3505 su-

448 3550 543 3605 per
601 3542 836 3600 terram,
891 3539 988 3590 erit
1030 3536 1260 3597 solutum
1317 3551 1364 3594 et
1409 3541 1463 3594 in
1519 3542 1660 3595 ctelis
1715 3543 1778 3607 ιι,
1824 3544 1898 3596 ita
1964 3555 2024 3598 ut

449 3623 577 3690 ille,
619 3627 907 3696 omnisque
948 3629 1189 3697 pontifex
1227 3630 1303 3684 illi
1340 3631 1567 3698 similis,
1618 3633 1770 3703 juxta
1814 3636 2024 3690 revela-

454 3717 628 3772 tiones
672 3729 1028 3787 paternarum
1073 3722 1525 3793 jnstiticationum
1579 3728 1682 3783 sibi
1741 3728 2019 3793 indultas,

451 3811 608 3878 quasi
645 3800 915 3880 interpres
938 3829 1001 3869 ac
1027 3817 1260 3883 portitor
1287 3817 1398 3871 Deo
1433 3821 1631 3879 charos
1665 3821 1938 3879 admittat.
1966 3834 2022 3881 et

452 3900 648 3969 impios
678 3903 952 3961 excludat.
980 3905 1165 3976 Neque
1182 3910 1329 3964 enim
1354 3921 1597 3966 sanctam
1617 3912 1761 3968 illam
1788 3915 1881 3971 Dei
1897 3932 2022 3987 pro-

456 3993 774 4062 fessionem,
808 4009 866 4050 ut
890 3996 1103 4068 eloquia
1132 4011 1423 4071 testantur,
1452 4013 1601 4058 motu
1628 4006 1870 4075 proprio,
1895 3990 2022 4063 car.

452 4101 588 4139 neve
615 4097 709 4141 aut
730 4089 991 4158 sanguine
1025 4094 1412 4161 revelantiltus,
1444 4097 1536 4152 sed
1568 4113 1596 4151 a
1622 4100 1732 4155 Deo
1757 4102 2020 4170 spiritali-

453 4188 528 4234 tct
570 4179 717 4240 illum
750 4181 1026 4241 imbuente
1055 4186 1347 4253 perdoctus
1370 4228 1384 4251 ,
1418 4191 1805 4257 pronuntiavit.
1838 4193 2021 4260 Quare

449 4273 659 4327 sanctis
697 4274 1034 4331 antistitibus
1072 4288 1179 4331 tam
1214 4280 1535 4348 segregandi
1567 4297 1732 4352 quam
1772 4284 1897 4341 aliis
1930 4302 2021 4340 sa-

449 4366 558 4419 cris
600 4364 951 4422 facultatibus
981 4369 1282 4435 utendum,
1327 4380 1489 4439 prout
1534 4373 1665 4441 ipsis
1709 4374 2016 4431 divinorum

448 4469 639 4513 auctor
662 4462 1045 4530 mysteriorum
1072 4463 1328 4517 divinitus
1349 4465 1517 4534 270
1543 4465 1846 4535 inspirarit.
1877 4470 1991 4525 Pon

448 4550 625 4606 titices
654 4563 835 4609 autem
869 4555 940 4608 ita
971 4557 1181 4609 caneris
1206 4566 1331 4611 sunt
1355 4561 1680 4617 observandi
1720 4564 1771 4618 in
1798 4566 1866 4618 iis
1900 4580 2019 4633 qua:

450 4655 511 4698 nt
538 4647 825 4714 pontiﬁces
861 4660 1076 4719 gerunt,
1116 4661 1370 4721 tanquam
1418 4654 1521 4724 ipsi
1550 4671 1579 4708 a
1610 4656 1723 4711 Deo
1758 4674 2013 4714 movean-

450 4746 558 4792 tur.
588 4738 693 4803 Qui
719 4743 888 4807 enim,
916 4743 1113 4811 inquit,
1138 4762 1224 4799 vos
1249 4749 1467 4815 spernit,
1513 4765 1592 4802 me
1616 4754 1871 4820 sperniti.

2128 502 2257 573 ρεάς
2281 501 2355 564 ὡς
2378 500 2583 564 οἰκείας
2602 496 2828 565 ἐξαιτῶν
2844 498 3093 570 χάριτας·
3120 496 3235 565 ἅμα
3249 493 3304 545 δὲ
3326 488 3535 553 καὶτὰς
3553 487 3718 558 ἀψευ-

2126 593 2234 657 δεῖς
2256 591 2583 661 ἐπαγγελίας
2600 589 2753 653 εἰδὼς
2776 589 3059 661 ἐσομένας,
3085 586 3309 647 καὶτοῖς
3329 580 3597 653 παροῦσιν
3618 581 3713 631 ἐκο

2127 680 2466 751 φαντορικῶς
2502 679 2782 750 ἐμφαίνων
2804 678 2869 743 σθ,
2898 677 2977 729 ὅτι
3003 675 3071 728 τά
3094 674 3221 747 παρ’
3248 670 3412 724 αὑτοῦ
3441 668 3586 722 κατά
3623 666 3713 720 θε-

2128 772 2262 845 σμὸν
2289 773 2431 844 ἱερὸν
2458 770 2833 841 ἐξαιτούμενα,
2865 768 3079 830 πάντως
3096 766 3248 819 ἐσται
3262 767 3372 827 τοῖς
3394 761 3540 815 κατά
3566 760 3716 813 θείαν

2126 860 2271 934 ζωὴν
2312 860 2773 931 τετελειωμένοις.
2807 857 2879 912 Οὐ
2911 856 3020 929 γάρ
3058 855 3124 909 ἂν
3156 857 3184 907 6
3211 854 3492 925 ἱεράρχης,
3539 851 3571 901 6
3617 849 3716 919 τῆς

2126 952 2423 1024 θεαρχικῆς
2460 949 2797 1013 δικαιώσεως
2828 949 3134 1019 ὑποφήτης,
3176 944 3419 1016 ἐζήτει⁷⁰
3467 942 3603 995 ποτὲ
3648 940 3715 993 τά

2124 1043 2302 1117 μὴτῷ
2342 1043 2459 1115 Θεῷ
2486 1040 2943 1113 προσφιλέστατα,
2977 1040 3071 1092 καὶ
3112 1036 3249 1108 πρὸς
3286 1032 3452 1087 αὐτοῦ
3489 1033 3691 1103 δοθήσε

2126 1135 2248 1189 σθαι
2274 1133 2508 1197 θειωδῶς
2523 1131 2926 1206 ἐπηγγελμένα.
2952 1130 3045 1182 Διὸ
3063 1130 3173 1191 τοῖς
3189 1127 3421 1196 ἀνιέροις
3440 1125 3545 1177 οὐκ
3561 1121 3719 1175 ἐπεύ-

2123 1248 2278 1304 χεται
2299 1231 2470 1285 ταῦτα
2514 1231 2957 1303 κεκοιμημένοις,
2991 1231 3051 1283 οὐ
3081 1228 3239 1301 μόνον
3261 1230 3341 1281 ὅτι
3366 1226 3469 1296 τῆς
3498 1223 3717 1293 ὑποφη-

2123 1323 2282 1393 τικῆς
2303 1323 2345 1353 τί
2374 1323 2432 1374 ἐν
2457 1321 2631 1393 τούτῳ
2656 1321 3147 1393 παρατραπήσεται
3169 1317 3393 1383 τάξεως,
3418 1313 3515 1366 καί
3535 1312 3716 1366 τιτῶν

2125 1414 2456 1487 ἱεραρχικῶν
2482 1414 2729 1478 αὐθαδῶς
2754 1413 3045 1484 τολμήσει,
3077 1410 3151 1483 μὴ
3175 1409 3308 1478 πρὸς
3333 1406 3428 1463 τοῦ
3454 1404 3719 1475 1:819:69-

2123 1522 2217 1576 χου
2248 1504 2625 1575 κεκινημένος,
2654 1502 2768 1556 ἀλλ’
2793 1504 2876 1556 ὅτι
2903 1503 2996 1557 καὶ⁵
3017 1502 3114 1577 τῆς
3138 1501 3360 1572 ἐναγοῦς
3378 1499 3549 1569 εὐχῆς
3578 1498 3715 1549 ἀπο.

2122 1597 2391 1663 τεύξεται,
2418 1595 2552 1666 πρὸς
2568 1593 2661 1647 τοῦ
2686 1593 2894 1650 δικαίου
2920 1593 3103 1665 λογίου
3130 1595 3223 1647 καὶ
3240 1591 3398 1654 αὐτὸς
3429 1590 3534 1642 οὐκ
3558 1587 3717 1640 ἀπει-

2123 1686 2295 1749 κότως
2317 1686 2547 1738 ἀκούων·
2578 1683 2821 1750 Αἰτεῖτε,
2839 1685 2937 1739 καὶ
2966 1688 3037 1740 οὐ
3054 1682 3404 1753 λαμϐάνετε,
3436 1678 3591 1730 διότι
3614 1694 3717 1729 κα-

2054 1766 2096 1823 Β
2127 1777 2244 1845 κῶς
2275 1777 2509 1833 αἰτεῖτε.
2542 1778 2752 1833 Οὐκοῦν
2794 1781 2823 1833 6
2864 1778 3004 1842 θεῖος
3047 1778 3304 1848 ίεράρχης
3334 1772 3542 1836 ἐξαιτεῖ
3556 1771 3603 1800 ⁷⁸
3647 1766 3715 1820 τά

2128 1870 2364 1938 θειωδῶς
2398 1872 2779 1944 ἐπηγγελμένα
2796 1872 2891 1925 καὶ
2916 1870 3045 1940 φίλα
3070 1868 3207 1939 Θεῷ,
3237 1867 3331 1920 καὶ
3358 1866 3579 1926 πάντως
3610 1861 3713 1914 δω-

2128 1963 2495 2035 ρηθησόμενα·
2534 1964 2631 2017 καὶ
2669 1964 2731 2018 τὸ
2768 1963 2868 2034 τῆς
2904 1960 3111 2024 οἰκείας
3147 1955 3493 2028 ἀγαθοειδοῦς
3540 1952 3709 2017 ἕξεως

2125 2053 2430 2118 ἐπιδεικνὺς
2458 2052 2535 2124 τῷ
2562 2052 2845 2123 φιλαγάθῳ
2873 2050 2991 2121 Θεῷ
3008 2092 3024 2117 ,
3052 2050 3147 2103 καὶ⁵
3173 2052 3284 2112 τοῖς
3319 2044 3595 2116 παροῦσιν
3622 2045 3715 2096 ἐκ·

2125 2142 2465 2215 φαντορικῶς
2488 2143 2765 2216 ἐμφαίνων
2794 2141 2865 2195 τά
2892 2144 3005 2205 τοῖς
3032 2139 3197 2203 ὁσίοις
3213 2139 3257 2170 ⁷³
3277 2138 3514 2207 ἐσόμενα
3538 2134 3708 2202 δῶρα.

2124 2230 2279 2284 Οὕτω
2306 2231 2401 2284 καὶ
2426 2230 2524 2294 τὰς
2553 2228 2913 2303 ἀφοριπικάς
2939 2228 3154 2298 ἔχουσιν
3186 2227 3235 2279 oi
3264 2226 3518 2295 ἰεράρχαι
3547 2221 3711 2274 δυνά-

2126 2340 2267 2395 μεις,
2293 2323 2370 2386 ὡς
2410 2323 2795 2394 ἐκφαντορικοὶ
2827 2320 2937 2374 τῶν
2967 2320 3127 2373 θείων
3165 2316 3574 2387 δικαιωμάτων,
3614 2314 3714 2383 οὐχ

2121 2415 2197 2478 ὼς
2226 2418 2345 2478 ταῖς
2366 2414 2547 2467 αὐτῶν
2568 2414 2785 2483 ἀλόγοις
2806 2413 3004 2485 ὁρμαῖς
3018 2412 3119 2483 τῆς
3146 2410 3419 2479 πανσόφου
3448 2406 3711 2478 θεαρχίας

2121 2503 2407 2575 (εὐφήμως
2435 2502 2632 2576 είπεῖν)
2662 2502 3010 2576 ὑπηρετικῶς
3036 2502 3329 2572 ἑπομένης,
3352 2498 3469 2552 ἀλλ’
3500 2498 3583 2559 ὡς
3614 2495 3712 2549 αὗ·-

2118 2595 2227 2649 τῶν
2245 2595 2596 2667 ὑποφητικῶς
2613 2593 2961 2650 ὑποκινοῦντι
2984 2593 3063 2665 τῷ
3076 2589 3448 2665 τελεταρχικῷ
3468 2589 3517 2621 ⁷⁸
3544 2586 3710 2641 πνεύ-

2124 2705 2252 2759 ματι
2278 2690 2403 2751 τοὺς
2428 2687 2788 2761 κεκριμένους
2817 2687 2936 2759 Θεῷ
2972 2686 3093 2741 κατ’
3118 2685 3274 2751 ἀξίαν
3313 2682 3708 2755 ἀφοριζόντων.

2120 2782 2340 2836 Λάϐετε
2368 2782 2498 2853 γάρ,
2523 2782 2688 2853 φησὶ,
2707 2782 2771 2834 τὸ
2795 2780 3043 2849 Πνεῦμα
3062 2779 3127 2833 τὸ
3162 2778 3351 2847 ἅγιον
3368 2776 3449 2829 ἄν
3464 2791 3651 2829 τινων
3662 2773 3710 2805 ⁷⁸

2118 2873 2312 2942 ἀφῆτε
2340 2874 2447 2939 τὰς
2477 2874 2787 2943 ἁμαρτίας.
2809 2873 3103 2942 ἀφίενται·
3129 2869 3207 2924 ἄν
3229 2885 3408 2922 τινων
3424 2867 3709 2937 κρατῆτε,

2120 2966 2643 3034 κεκράτηνται.Καὶ
2662 2963 2739 3035 τῷ
2750 2964 2847 3028 τὰς
2864 2963 3011 3029 Θείας
3034 2959 3404 3028 ἀποκαλύψεις
3416 2957 3513 3013 τοῦ
3536 2972 3715 3011 πανα-

2121 3057 2383 3127 γεστάτου
2425 3056 2636 3129 Πατρδς
2669 3055 3065 3128 ἐλλαμπομένῳ
3106 3052 3177 3107 τὰ
3222 3051 3377 3121 λόγιὰ
3419 3068 3608 3121 φησιν’
3647 3048 3712 3105 Ὃ

2121 3150 2229 3203 ἐὰν
2256 3148 2451 3217 δήσῃς
2478 3148 2575 3202 ἐπὶ
2610 3147 2721 3217 τῆς
2761 3149 2894 3219 γῆς,
2929 3147 3102 3202 ἔσται
3123 3144 3444 3215 δεδεμένον
3481 3143 3555 3197 ἐν
3588 3142 3715 3209 τοῖς

2121 3243 2479 3313 οὑρανοῒςτθο
2525 3242 2624 3295 καὶ
2663 3241 2696 3295 6
2725 3241 2835 3295 ἐὰν
2865 3242 3066 3308 λύσῃς
3086 3239 3183 3292 ἐπὶ
3222 3238 3334 3307 τῆς
3376 3236 3515 3307 τῆς,
3540 3236 3712 3290 ἔσται

2119 3334 2539 3406 λελυμένον-ἐν
2559 3332 2683 3399 τοῖς
2706 3330 3000 3400 οὐρανοῖςο
3034 3331 3110 3395 ὼς
3138 3329 3348 3382 ἐκείνου
3370 3329 3415 3358 ⁷⁷
3446 3328 3545 3379 καὶ
3575 3342 3715 3379 παν-

2119 3427 2212 3490 τὸς
2241 3426 2335 3479 τοῦ
2362 3427 2483 3479 κατ’
2530 3425 2693 3478 αὑτὸν
2725 3423 3001 3494 ἱεράρχου,
3040 3421 3181 3475 κατά
3218 3419 3318 3484 τάς
3347 3420 3406 3473 ἐν
3438 3417 3593 3487 αὐτῷ
3613 3433 3711 3484 γε-

2121 3519 2349 3590 νομένας
2370 3519 2414 3550 ⁷⁸
2451 3517 2561 3572 τῶν
2590 3515 2874 3587 πατρικῶν
2903 3514 3286 3583 δικαιωμάτων
3311 3508 3709 3577 ἀποκαλύψεις,

2120 3608 2527 3681 ἐκφαντορικῶς
2558 3608 2653 3661 καὶ
2678 3602 3184 3676 διαπορθμευτικῶς
3202 3601 3329 3665 τούς
3353 3618 3413 3653 τε
3437 3600 3711 3670 Θεοφιλεῖς

2121 3700 2506 3775 προσιεμένου,
2554 3698 2653 3752 καὶ
2684 3699 2811 3760 τοὺς
2849 3695 3041 3759 ἀθέους
3083 3690 3552 3763 ἀποκληροῦντος.
3595 3692 3710 3743 Καὶ

2070 3830 2073 3835 ς
2118 3794 2218 3865 τὴν
2242 3790 2391 3862 ἱερὰν
2416 3790 2523 3861 γὰρ
2560 3789 2776 3859 ἐκείνην
2803 3787 3098 3855 θεολογίαν,
3129 3783 3204 3848 ὡς
3236 3784 3307 3836 τά
3324 3782 3487 3851 λόγιά
3519 3798 3707 3853 φησιν,

2119 3885 2219 3937 οὐκ
2254 3883 2636 3953 αὑτοκινήτως,
2661 3879 2782 3932 οὐδέ
2814 3878 3015 3951 σαρκὸς
3052 3878 3145 3932 καὶ⁵
3174 3876 3402 3945 αἵματος
3434 3874 3711 3927 ἀποκαλυ-

2119 3976 2356 4046 ψάντων,
2386 3972 2499 4027 ἀλλ’
2528 3973 2634 4026 ὑπὸ
2661 3970 2795 4026 Θεοῦ
2822 3970 3027 4043 νοητῶς
3049 3970 3209 4024 αὐτὸν
3227 3967 3295 4021 τὰ
3312 3967 3430 4020 θεῖα
3463 3968 3709 4036 μυήσαν-

2119 4084 2209 4131 τος
2258 4064 2656 4134 ἀπεφθέγξατο.
2703 4064 2841 4127 Τοὺς
2884 4064 2983 4135 μὲν
3028 4058 3121 4115 οῦν
3157 4060 3374 4123 ἐνθέους
3420 4057 3705 4129 ἱεράρχας,

2119 4159 2262 4214 οὕτω
2285 4159 2515 4221 καὶτοῖς
2539 4159 2884 4228 ἀφορισμοῖς,
2928 4157 3025 4209 καὶ
3060 4156 3262 4218 πάσαις
3298 4155 3419 4215 ταῖς
3464 4152 3709 4222 ίεραρχι-

2120 4254 2241 4315 καῖς
2264 4250 2522 4321 δυνάμεσι
2548 4248 2832 4321 χρηστέον,
2858 4248 3005 4310 ὅπως
3027 4246 3093 4301 ἂν
3108 4249 3141 4317 ἠ
3166 4245 3482 4315 τελετὰρχις
3504 4243 3707 4305 αὐτοὺς

2121 4341 2345 4414 θεαρχία
2366 4342 2595 4412 κινήσοι·
2633 4340 2757 4402 τοὺς
2783 4338 2839 4391 δέ
2865 4337 3058 4401 ἀλλους
3082 4336 3226 4390 οὕτω
3248 4338 3361 4398 τοῖς
3394 4335 3703 4405 ίεράρχαις,
3736 4400 3749 4417 .

1995 4422 2096 4511 :D
2121 4434 2181 4485 ἐν
2220 4426 2301 4495 οἷς
2341 4430 2406 4483 ἂν
2440 4429 2639 4500 δρῶσιν
2683 4427 3038 4503 ἱεραρχικῶς,
3084 4425 3433 4499 προσεκτέον,
3476 4424 3557 4487 ὡς
3602 4422 3706 4475 ὑτὼ

2121 4519 2255 4573 Θεοῦ
2295 4520 2764 4591 κεκινημένουςτθ·
2811 4519 2864 4571 Ὁ
2892 4516 3126 4590 ,ἀθετῶν
3159 4514 3266 4587 γὰρ
3301 4511 3481 4583 ὑμᾶς,
3511 4512 3702 4583 φησὶν,

2118 4610 2221 4682 ἐμὲ
2250 4612 2462 4667 ἀθετεῖ.

1941 4897 1974 4969 ᾗ,
2000 4895 2169 4963 VIII.

456 5040 463 5045 ’
522 5024 626 5077 Sed
654 5026 765 5095 jam
813 5026 880 5085 ad
909 5041 993 5095 ea,
1035 5044 1153 5097 qua:
1185 5032 1382 5087 dictam
1416 5036 1791 5104 precationem
1821 5041 2012 5094 subse-

448 5128 717 5185 quuntur,
746 5119 1046 5174 veniamus.
1077 5119 1175 5176 Ubi
1210 5124 1451 5192 pontifex
1481 5143 1604 5183 eam
1632 5131 1828 5196 linivit,
1866 5132 2014 5199 ipse-

531 5279 551 5317 ¹
584 5278 699 5335 Jac.
734 5297 807 5347 tv,
847 5280 899 5337 '5.

978 5282 1185 5339 ‘Joan.
1219 5303 1310 5354 xx,
1336 5286 1431 5343 Ἠ.
1525 5289 1551 5327 h
1584 5287 1780 5344 Matth.
1816 5308 1922 5356 xw,
1956 5294 2043 5349 l9.

2203 5043 2346 5097 Ἀλλ’
2385 5043 2768 5115 ἐπανέλθωμεν
2810 5045 2891 5107 εἰς
2923 5042 3022 5106 τὰς
3059 5043 3159 5111 τῆς
3202 5043 3501 5115 εἰρημένης
3531 5042 3699 5112 εὐχῆς

2118 5133 2384 5187 ἀκόλουθα
2399 5136 2466 5187 ⁸ο.
2491 5134 2727 5198 Τελέσας
2748 5133 2856 5206 γὰρ
2877 5135 3048 5208 αὐτὴν
3080 5136 3109 5189 6
3135 5134 3395 5206 ίεράρχης
3411 5174 3428 5198 ,
3453 5133 3617 5197 αὑτός
3636 5150 3696 5187 τε

2149 5299 2163 5335 i
2201 5296 2332 5353 Luc.
2366 5313 2423 5362 κ,
2453 5296 2536 5351 l6.

1714 5448 1948 5505 VARI/E1
1986 5450 2400 5514 LECTIONES.

524 5605 891 5682 ⁶⁹ᾳέκιραίνων1
914 5606 953 5660 Ρ
1097 5679 1108 5682 _
1139 5571 1403 5682 _"°~ééﬁ15t.
1431 5677 1459 5682 _
1482 5610 1533 5682 "_
1554 5610 1674 5682 erret
1697 5611 1756 5662 οὐ
1785 5612 1945 5682 ,μόνον
1969 5613 2066 5680 τῆς
2093 5614 2283 5682 ὑποφ.,
2314 5613 2381 5669 Μ.
2415 5614 2565 5668 Sent.
2640 5616 2683 5645 "’
2708 5612 3018 5681 ἐξαιτεῖται,
3049 5612 3110 5666 ῐ).
3188 5610 3234 5642 ⁷³
3258 5610 3370 5682 τοῖς
3397 5605 3685 5682 ἀτίμα-Ρ.

518 5674 835 5747 τελετάρχῃ,
866 5678 929 5731 D.

449 5743 495 5807 '1'"
520 5743 826 5815 γινομένας,
859 5748 916 5801 S.
945 5749 1005 5804 Ρ.
1025 5749 1079 5801 D.
1187 5750 1231 5782 79
1259 5750 1658 5820 κεκαινημένοις,
1684 5749 1740 5804 S.
1763 5743 1817 5803 li.
1846 5752 1905 5804 υ.

1021 5679 1066 5755 ’ίδ
1094 5679 1188 5737 ὲάν
1213 5695 1396 5755 ξτινων,
1427 5677 1482 5732 3-
1658 5681 1817 5755 7:15?)
1848 5677 2081 5755 οὐρανῷ,
2134 5677 2311 5738 Μίδα.
2403 5687 2445 5716 ⁷⁷
2470 5686 2544 5749 ὡς
2583 5677 3164 5753 ἁγίουέὑαγγελιστοῦ
3204 5680 3410 5735 ἐκείνου
3432 5719 3448 5745 ,
3492 5679 3555 5732 ιι.
3595 5679 3683 5736 Sc.

2007 5756 2051 5785 ⁸ο
2085 5758 2141 5808 ἐν
2169 5758 2235 5826 τῇ
2260 5755 2547 5827 ἀκολουθίᾳ
2572 5795 2584 5818 ,
2618 5755 2686 5807 Μ.
