3876 6226
189 357 295 417 565

1221 355 1310 411 DE
1340 354 1622 414 ECCLES;
1660 342 2060 418 HIERARCH..
2092 357 2246 414 CAP.
2282 357 2395 415 vn.

3338 354 3442 411 566

188 468 490 532 ἀσπάζεται
517 463 609 520 τδν
651 480 1073 537 κεκοιμημενον,
1112 468 1206 523 καὶ
1246 468 1372 540 ἑξῆς
1410 472 1459 523 οἱ
1500 470 1764 542 παρόντες

1888 477 1979 521 net
2003 469 2314 524 defunctum
2342 468 2563 535 salutat,
2592 483 2656 524 ac
2684 468 2879 525 deinde
2899 482 3088 524 onmes
3107 468 3198 537 qui
3223 469 3448 542 adsum;

188 561 445 623 ἅπαντες·
474 557 604 630 ἡδὺς
631 558 741 630 γάρ
772 558 889 610 ἐστι
922 558 1017 612 καὶ
1039 559 1219 630 τίμιος
1254 560 1426 615 ἆπασι
1457 564 1564 626 τοῖς
1606 562 1772 617 θεοει-

184 651 334 707 δέσιν
352 654 381 704 ὁ
406 650 549 707 κατά
569 649 722 705 θείαν
740 650 783 682 ⁸⁸
810 650 954 723 ζωὴν
974 653 1413 725 τετελειωμένος.
1435 655 1592 709 Μετὰ
1610 656 1666 710 δὲ
1680 658 1771 712 τὸν

187 742 478 815 ἀσπασμὸν
503 742 712 815 ἐπιχέει
736 741 816 814 τῷ
843 761 1076 817 κεκοιμη
1085 744 1230 817 μένῳ
1252 746 1313 800 τὸ
1332 745 1511 801 ἔλαιον
1531 750 1560 802 ὁ
1592 749 1774 823 ίεράρ-

186 852 310 909 χης.
346 833 611 905 Μέμνησο
631 832 709 898 δὲ,
736 834 817 887 ὅτι
846 834 988 888 κατα
1006 835 1105 907 τὴν
1132 836 1285 907 ἱερὰν
1308 837 1648 906 θεογενεσίαν
1667 840 1775 910 πρὸ

186 930 268 985 ςοῦ
326 927 602 985 θειοτάτου
627 928 673 960 ⁸¹
722 928 1099 999 βαπτίσματος
1133 927 1324 1002 πρώτη
1364 929 1581 1001 μέθεξις
1627 932 1774 1004 ἱεροῦ

185 1018 459 1093 συμϐόλου
496 1018 752 1092 δωρεῖται
785 1017 863 1089 τῷ
902 1018 1209 1090 τελουμένῳ
1227 1058 1241 1083 ,
1276 1019 1414 1090 μετὰ
1450 1021 1550 1093 τὴν
1586 1021 1773 1092 ὀλικὴν

183 1113 275 1183 ιῆς
311 1108 583 1183 προτέρας
616 1109 841 1182 ἐσθῆτος
868 1109 1211 1181 ἀπαμφίασιν
1229 1110 1275 1143 ⁸³
1296 1151 1314 1178 ,
1334 1111 1397 1165 τὸ
1419 1111 1521 1183 τῆς
1545 1112 1776 1185 κρίσεως

184 1205 272 1257 ἔλα
283 1219 385 1256 ιον·
416 1203 474 1256 ἐν
496 1201 639 1256 τέλει
662 1200 721 1254 δέ
743 1199 839 1256 νῦν
862 1201 1117 1256 ἁπάντων
1153 1203 1249 1256 ἐπὶ
1274 1200 1353 1273 τῷ
1386 1219 1619 1273 κεκοιμη
1629 1202 1776 1275 μένῳ

182 1295 223 1350 ὓ
266 1292 451 1347 ἔλαιον
477 1291 755 1363 ἐπιχέεται
774 1292 843 1345 ⁸⁸.
868 1292 980 1346 Καὶ
1002 1291 1124 1346 τότε
1157 1293 1257 1363 μὲν
1281 1294 1314 1365 ὴ
1334 1292 1428 1347 τοῦ
1448 1292 1630 1347 ἐλαίου
1656 1294 1777 1365 χρί-

178 1401 241 1452 ις·
308 1385 405 1438 ἐπὶ
428 1385 557 1449 τοὺς
592 1383 772 1455 ἱεροὺς
814 1383 1032 1453 ἀγῶνας
1067 1383 1254 1438 ἐκάλει
1292 1384 1387 1438 τὸν
1429 1384 1773 1456 τελούμενονε

178 1476 281 1531 νῦν
303 1477 363 1530 δὲ
397 1477 459 1530 τὸ
492 1476 842 1548 ἐπιχεόμενον
880 1475 1058 1530 ἐλαιον
1079 1476 1336 1547 ἐμφαίνει
1361 1476 1505 1531 κατὰ
1530 1478 1657 1540 τοὺς
1682 1476 1779 1530 αὑ-

184 1572 313 1635 τοὺς
343 1570 523 1642 ἱεροὺς
564 1569 782 1640 ἀγῶνας
820 1568 1132 1642 ἀθλήσαντα
1159 1570 1256 1625 καὶ
1293 1568 1648 1624 τελειωθέντα
1684 1566 1779 1622 τὸν

181 1660 606 1733 κεκοιμημένον.
708 1724 711 1725 ν

747 1724 759 1733 ι
771 1721 890 1733 ηελμτκε

1867 562 2119 615 omnibus
2151 562 2295 616 enim
2346 560 2480 615 viris
2510 559 2867 617 deiformibus
2917 560 3211 615 admodum
3259 570 3448 632 gratus

1870 637 1980 716 est:
1995 662 2049 707 et
2069 655 2275 709 honore
2306 655 2521 723 dignus,
2554 653 3053 723 quisquisdivinam
3083 654 3251 708 vitam
3271 662 3451 710 trans-

1869 747 2001 811 egit.
2032 745 2157 801 Post
2179 747 2560 802 salutationem
2580 762 2710 802 vero
2728 744 2967 817 pontifex
2993 745 3251 803 defuncto
3269 746 3447 803 oleum

1872 836 2123 892 aﬂ'undit.
2156 837 2471 893 Memineris
2502 838 2608 901 hic,
2643 846 2701 890 ut
2732 837 2787 891 in
2820 838 2995 906 prima
3033 837 3122 891 illa
3158 853 3448 907 regenera-

1875 929 2023 984 tione
2044 944 2202 984 sacra
2228 939 2355 984 ante
2380 939 2635 983 sanctum
2663 928 3019 997 baptismum,
3051 936 3173 998 post
3202 928 3452 996 antiqua-

1872 1035 1993 1075 rum
2019 1022 2251 1077 vestium
2280 1021 2702 1091 depositionem,
2726 1020 2817 1074 ille
2846 1020 2937 1088 qui
2970 1020 3237 1081 initiatur,
3271 1020 3321 1072 in
3340 1019 3454 1087 pri-

1872 1129 1958 1168 ma
1986 1112 2160 1170 sancti
2193 1112 2423 1181 symboli
2469 1111 2911 1181 participatione,
2956 1110 3100 1165 sacri
3135 1110 3453 1164 chrismatis

1871 1205 1993 1261 oleo
2023 1206 2354 1276 inungatur;
2388 1213 2444 1258 et
2480 1205 2569 1259 hic
2602 1204 2816 1259 demum
2852 1206 2905 1257 in
2937 1202 3045 1257 ﬁne
3086 1203 3327 1257 omnium
3362 1203 3457 1256 de-

1873 1294 2062 1364 functo
2109 1295 2295 1348 itidem
2344 1294 2525 1349 oleum
2575 1290 2894 1347 aﬂ'unditur.
2946 1291 3015 1346 Et
3066 1300 3197 1345 tunc
3230 1290 3453 1359 quidem

1873 1388 1978 1443 olei
2019 1388 2261 1443 inunctio
2287 1386 2677 1457 baptizandum
2707 1386 2772 1440 ad
2806 1400 2963 1440 sacra
2998 1383 3302 1440 certamina
3326 1397 3457 1437 evo-

1873 1480 2071 1545 cabat;
2104 1494 2251 1534 nunc
2283 1489 2462 1533 autem
2497 1479 2726 1533 aﬂ‘usum
2760 1478 2943 1533 oleum
2994 1477 3237 1533 declarat
3262 1516 3278 1543 ,
3326 1491 3450 1530 eum

1874 1570 1966 1638 qui
1997 1570 2284 1626 defunctus
2314 1578 2401 1626 est
2444 1571 2636 1627 iisdem
2683 1570 2858 1629 sacris
2888 1568 3281 1629 certaminibus
3323 1582 3455 1623 exa-

1768 1700 1773 1703 ι
1865 1662 1979 1735 _ctis
2007 1660 2250 1718 functum
2282 1677 2426 1719 esse.

1735 1822 1765 1894 ἐ
1798 1818 1910 1885 IX.

252 1983 446 2037 Ταῦτα
467 1982 691 2048 τελέσας
715 1986 744 2038 ὁ
781 1984 1060 2058 ίεράρχης,
1087 1985 1411 2059 ἀποτίθησιν
1446 1986 1507 2041 ἐν
1540 1984 1675 2058 οῐκῳ
1696 2003 1776 2039 τι-

1949 1984 2045 2045 His
2083 1987 2356 2057 peractis,
2408 1986 2654 2057 pontifex
2695 1986 2934 2042 defuncti
2981 2001 3184 2055 corpus
3227 1986 3462 2042 honesto

185 2074 295 2147 μξῳ
319 2076 383 2127 τὸ
402 2074 563 2145 σῶμα
599 2076 717 2147 μεθ’
750 2076 953 2148 ἐτέρων
975 2077 1268 2151 ὁμοταγῶν
1296 2077 1465 2151 ἱερῶν
1487 2080 1781 2150 σωμάτων.

185 2168 246 2219 Ei
275 2166 390 2239 γὰρ
426 2168 483 2219 ἐν
510 2167 655 2239 ψυχῇ
686 2167 781 2221 καὶ
811 2166 1023 2240 σώματι
1050 2168 1150 2241 τὴν
1190 2169 1410 2241 θεοφιλῆ
1443 2168 1586 2242 ζωὴν
1623 2172 1652 2223 ὀ
1686 2187 1779 2223 κε-

182 2258 524 2329 κοιμημένος
548 2259 701 2322 ἐϐίω,
722 2258 904 2329 τίμιον
937 2259 1092 2318 ἔσται
1122 2260 1261 2331 μετὰ
1284 2262 1384 2332 τῆς
1420 2261 1574 2325 ὁσίας
1602 2261 1781 2333 ψυχῆς

185 2352 283 2404 καὶ
311 2351 377 2404 τὸ
401 2350 739 2422 συναθλῆσαν
758 2352 896 2423 αὐτῇ
924 2351 1081 2423 σῶμα
1107 2352 1249 2406 κατὰ
1274 2354 1401 2418 τοὺς
1421 2354 1597 2425 ἱεροὺς
1622 2353 1781 2425 ἱδρῶ-

182 2459 307 2507 τας.
341 2442 534 2496 Ἔνθεν
552 2445 586 2515 ή
610 2441 728 2495 θεία
749 2442 1062 2514 δικαιοσύνη
1092 2442 1232 2514 μετά
1253 2443 1348 2497 τοῦ
1376 2444 1639 2516 σφετέρου
1677 2443 1780 2497 σώ-

185 2548 364 2600 ματος
402 2532 538 2602 αὐτῇ
565 2531 820 2603 δωρεῖται
855 2529 953 2595 τὰς
982 2533 1274 2604 ἀμοιϐαίας
1302 2533 1504 2611 λήξεις,
1534 2536 1609 2599 ὡς
1646 2537 1779 2607 ὁμο·-

185 2621 447 2693 πορεύτῳ
469 2624 567 2677 καὶ
596 2623 924 2697 συμμετόχῳ
952 2623 1053 2694 τῆς
1074 2626 1228 2689 ὁσίας
1254 2626 1287 2698 ἢ
1323 2628 1422 2698 τῆς
1457 2627 1708 2691 ἐναντίας
1732 2628 1779 2661 ⁸⁸

184 2712 360 2793 ζωῆς.
388 2713 480 2767 Διὸ
507 2714 601 2768 καὶ
622 2713 730 2768 τῶν
750 2712 914 2785 ίερῶν
941 2716 975 2786 ή
1004 2714 1124 2768 θεία
1151 2715 1477 2787 θεσμοθεσία
1493 2716 1593 2781 τὰς
1621 2718 1783 2791 θεαρ-

186 2796 357 2876 χικὰς
395 2806 679 2871 κοινωνίας
726 2807 930 2878 ἀμφοῖν
970 2807 1243 2879 δωρεῖται·
1279 2810 1347 2880 τῇ
1389 2808 1532 2883 ψυχῇ
1582 2810 1682 2881 μὲν
1722 2813 1781 2864 ἐν

186 2897 415 2969 καθαρᾷ
437 2898 642 2972 θεωρίᾳ
678 2902 772 2954 καὶ
810 2904 868 2955 ἐν
885 2902 933 2934 ⁸⁸
958 2902 1237 2972 ἐπιστήμῃ
1266 2902 1374 2957 τῶν
1414 2902 1775 2973 τελουμένων⁸

184 2990 268 3060 τῷ
293 2989 507 3061 σώματι
538 2991 595 3044 δὲ
628 2992 772 3046 κατὰ
792 2993 856 3046 τδ
880 2992 1154 3047 θειότατον
1182 2993 1258 3057 ὡς
1291 2994 1348 3046 ἐν
1384 2994 1553 3052 εἰκόνι
1586 2995 1784 3068 μύρον,

188 3084 287 3136 καὶ
324 3083 397 3136 τὰ
427 3083 528 3155 τῆς
560 3083 857 3161 θεαρχικῆς
880 3084 1163 3153 κοινωνίας
1202 3084 1469 3157 ἱερώτατα
1513 3087 1776 3158 σύμϐολα,

187 3177 284 3229 τὸν
315 3176 437 3229 ὅλον
461 3177 745 3249 ἄνθρωπον
766 3177 1090 3248 ἀγιάζουσα,
1127 3180 1222 3232 καὶ¹
1244 3179 1342 3251 τὴν
1383 3180 1571 3252 ὁλικὴν
1608 3182 1777 3237 αὑτοῦ

188 3268 473 3339 σωτηρίαν
522 3269 879 3340 ίερουργοῦσα
899 3311 913 3335 ,
962 3272 1057 3324 καὶ
1095 3271 1436 3342 τελειοτάτην
1476 3272 1641 3327 αὐτοῦ
1680 3275 1779 3345 τὴν

1882 2078 2002 2134 loco
2026 2079 2273 2134 recondit
2298 2093 2404 2133 una
2436 2094 2559 2133 cum
2587 2078 2807 2134 caeteris
2834 2077 3073 2149 ejusdem
3100 2078 3315 2133 ordinis
3333 2093 3460 2133 cor-

1883 2169 2112 2239 poribus
2133 2171 2327 2226 sacris.
2359 2168 2416 2224 Si
2450 2171 2594 2225 enim
2618 2171 2666 2225 is
2694 2169 2788 2239 qui
2825 2169 3118 2224 defunctus
3158 2170 3341 2224 anima
3378 2169 3459 2223 si-

1882 2261 1997 2318 mul
2026 2271 2082 2317 et
2126 2276 2359 2332 corpore
2392 2270 2640 2317 sanctam
2688 2262 2857 2315 vitam
2895 2261 3027 2331 egit,
3062 2275 3264 2330 corpus
3293 2262 3460 2315 etiam

1884 2369 1993 2409 una
2023 2369 2147 2410 cum
2174 2354 2357 2409 anima
2382 2364 2573 2410 sancta
2605 2353 2769 2410 simul
2800 2354 2855 2408 in
2885 2354 3093 2408 honore
3114 2354 3215 2408 erit
3245 2367 3313 2408 ac
3337 2368 3464 2421 pre-

1886 2450 1984 2515 tio,
2013 2448 2159 2518 quod
2183 2449 2363 2503 sacris
2390 2447 2682 2503 sudoribus
2721 2461 2829 2500 una
2857 2445 3281 2501 concertaverit.
3311 2444 3466 2499 Divi-

1883 2557 1953 2595 na
1978 2542 2160 2611 itaque
2174 2539 2388 2609 justitia
2410 2540 2604 2597 anima:
2629 2548 2686 2594 et
2703 2540 2917 2609 corpori
2946 2539 3214 2608 condigna
3239 2538 3465 2607 praemia

1883 2632 2150 2703 largitur,
2182 2642 2437 2702 tanquam
2480 2630 2668 2687 comiti
2706 2639 2759 2685 et
2791 2630 3033 2684 consorti
3067 2630 3184 2683 sive
3229 2627 3462 2691 divinae,

1882 2725 1997 2780 sive
2031 2724 2322 2781 contraria:
2348 2723 2492 2779 vitae.
2525 2721 2733 2777 Idcirco
2758 2722 2922 2776 etiam
2957 2728 3272 2775 sanctorum
3302 2734 3464 2775 sacra

1883 2820 2092 2875 functio
2134 2819 2348 2875 divinas
2388 2818 2608 2887 utrique
2661 2815 3113 2886 participationes
3165 2813 3465 2884 elargitur;

1882 2912 2081 2967 anima:
2111 2911 2354 2979 quidem,
2380 2910 2435 2963 in
2473 2908 2765 2978 purissima
2793 2904 3255 2975 contemplatione
3295 2915 3353 2959 et
3378 2917 3470 2958 re-

1884 3018 2003 3057 rum
2032 3000 2404 3072 perfectarum
2451 2998 2719 3065 scientia;
2759 2997 2982 3066 corpori
3028 3009 3160 3049 vero
3202 2996 3470 3050 sacratis-

1881 3093 2077 3148 simum
2104 3100 2438 3163 unguentum
2469 3089 2627 3160 quasi
2658 3089 2712 3143 in
2742 3087 2978 3157 imagine
3013 3101 3111 3155 per
3158 3084 3473 3141 sacratissi-

1884 3200 1972 3239 ma
2003 3184 2200 3239 divina:
2233 3180 2751 3238 communicationis
2796 3178 3042 3250 symbols
3077 3186 3250 3233 totum
3286 3177 3471 3231 homi-

1884 3290 2007 3329 nem
2032 3273 2414 3340 sanctificans,
2440 3281 2499 3328 et
2521 3273 2790 3343 integram
2811 3270 3042 3325 salutem
3071 3268 3187 3337 ejus
3211 3283 3469 3340 operans,

188 3360 494 3414 ἀνάστασιν
520 3359 739 3415 ἔσεσθαι
760 3361 1150 3432 διαγγέλλουσα
1174 3366 1294 3428 ταῖς
1321 3363 1636 3429 καθολικαῖς
1659 3367 1780 3435 ἁγι-

1891 3382 1989 3421 nec
2015 3382 2121 3420 non
2146 3366 2479 3420 denuntians
2493 3379 2593 3434 per
2615 3363 2955 3418 universales
2976 3362 3323 3418 lustratioues
3348 3376 3473 3431 per-

186 3452 405 3518 στείαις
426 3453 495 3508 ⁸⁷.

1888 3459 2243 3515 fectissinmm
2271 3459 2319 3512 ei
2350 3458 2468 3512 fore
2507 3458 2987 3511 resurrectionem.

1739 3613 1903 3687 5X.

270 3752 390 3809 Τὰς
409 3754 467 3808 δέ
492 3754 807 3820 τελεστικὰς
848 3756 1163 3827 ἐπικλήσεις
1198 3757 1258 3809 οὐ
1291 3755 1512 3827 θεμιτὸν
1554 3756 1611 3809 ἐν
1653 3772 1792 3826 γρα-

196 3849 332 3915 φαῖς
349 3848 393 3878 ⁸³
420 3847 841 3920 ἀφερμηνεύειν,
868 3848 987 3901 οὐδὲ
1012 3849 1072 3901 τὸ
1098 3850 1355 3919 μυστικὸν
1391 3847 1590 3912 αὐτῶν,
1618 3847 1650 3918 ἢ
1693 3846 1792 3911 τὰς

196 3939 289 3990 ἐπ’
334 3939 527 4002 αὐταῖς
570 3940 971 4011 ἐνεργουμένας
1007 3941 1072 3993 ἐκ
1115 3940 1249 3993 Θεοῦ
1297 3940 1551 4011 δυνάμεις
1591 3942 1658 3993 ἐκ
1699 3937 1793 3991 τοῦ

199 4026 444 4101 κρυφίου
468 4030 603 4101 πρὸς
626 4030 686 4082 τὸ
720 4031 894 4084 κοινὸν
918 4030 1150 4099 ἐξάγειν·
1179 4031 1293 4083 ἀλλ’
1329 4032 1405 4095 ὡς
1429 4034 1462 4102 ἡ
1490 4032 1611 4085 καθ’
1648 4032 1794 4102 ἡμᾶς

202 4120 336 4189 ιερὰ
362 4121 658 4191 παράδοσις
692 4121 836 4191 ἔχει,
865 4126 985 4186 ταῖς
1024 4123 1493 4193 ἁνεκπομπεύτοις
1533 4125 1795 4194 μυήσεσιν

198 4215 380 4277 αὑτὰς
403 4204 807 4284 ἐκμαθὼν,ηκαὶ
832 4214 967 4286 πρὸς
1000 4214 1276 4286 θειοτέραν
1304 4214 1416 4279 ἕξιν
1458 4217 1557 4269 καὶ
1584 4202 1795 4283 ἀναγω-

198 4307 311 4383 γὴν
336 4307 498 4377 ἔρωτι
526 4306 656 4378 θείῳ
690 4308 784 4360 καὶ
822 4309 1123 4379 ἐνεργείαις
1157 4310 1329 4381 ἱεραῖς
1368 4308 1753 4372 ἀποτελεσθεὶς
1776 4348 1791 4371 ,

134 4438 150 4454 .
198 4401 317 4459 ν)πῦ
348 4401 448 4470 τῆς
469 4400 862 4471 τελεταρχικῆς
886 4400 1205 4471 ἐλλάμψεως
1234 4401 1519 4474 ἀναχθήσῃ
1541 4400 1677 4471 πρὸς
1700 4400 1797 4471 τὴν

198 4492 525 4562 ὑπερτάτην
558 4491 736 4544 αὐτῶν
760 4493 1068 4564 ἐπιστήμην

1962 3753 2337 3809 lnvocationes
2369 3768 2531 3823 porro
2556 3751 2997 3807 consecratorias
3029 3747 3185 3805 nefas
3215 3756 3299 3803 est
3332 3747 3472 3801 scri-

1889 3857 1983 3917 pto
2013 3848 2388 3917 interpretari,
2421 3855 2478 3901 et
2507 3862 2771 3901 arcanum
2809 3861 2998 3901 earum
3024 3858 3267 3908 sensum,
3296 3842 3471 3895 virtu-

1889 3948 2086 4009 tesque
2111 3926 2250 4009 quas
2283 3939 2334 3992 in
2366 3939 2434 3993 iis
2483 3938 2627 3993 Deus
2659 3946 2943 4007 operatur,
2979 3950 3012 3989 e
3043 3942 3258 3990 secreto
3288 3934 3342 3987 in
3375 3945 3473 4000 pu-

1888 4030 2091 4085 blicum
2121 4028 2351 4095 eﬂ‘erre;
2383 4029 2478 4082 sed
2505 4069 2521 4095 ,
2554 4037 2614 4081 ιιι
2650 4036 2835 4082 nostra
2866 4033 3223 4081 sacrosancta
3251 4020 3474 4075 traditio

1892 4122 2091 4186 docet,
2113 4120 2205 4175 ubi
2241 4135 2334 4175 eas
2363 4121 2755 4176 secretioribus
2785 4117 3243 4174 instructionibus
3272 4117 3474 4169 hause-

1891 4216 1986 4283 ris,
2019 4224 2183 4285 atque
2218 4213 2286 4267 ad
2318 4212 2567 4267 habitum
2612 4217 2970 4267 sacratiorem
3009 4219 3178 4279 atque
3219 4207 3472 4276 capacio-

1893 4322 2008 4360 rem
2041 4304 2458 4374 intclligentiam
2484 4343 2502 4369 ,
2539 4303 2721 4358 divino
2749 4316 2943 4359 amore
2976 4301 3261 4369 sacrisque
3298 4298 3474 4352 actio-

1893 4398 2060 4452 nibus
2086 4403 2499 4453 consummatus
2527 4394 2790 4463 evaseris,
2814 4393 2998 4449 divina
3027 4394 3150 4448 luce
3176 4388 3473 4446 collustra-

1895 4500 1985 4547 tns
2014 4494 2081 4548 ad
2110 4506 2417 4563 supremam
2456 4506 2646 4548 earum
2676 4490 2961 4547 scientiam
2986 4487 3330 4545 subveneris.

1752 4647 1903 4722 §x1

276 4794 356 4853 Τὸ
384 4792 443 4847 δὲ
505 4795 602 4848 καὶ
650 4792 864 4857 παῖδας,
929 4792 1082 4847 οὔπω
1111 4791 1180 4845 τὰ
1207 4792 1327 4846 θεῖα
1354 4791 1591 4844 συνιέναι
1628 4790 1783 4843 δυνα-

1962 4787 2115 4857 Quod
2165 4800 2350 4846 autem
2410 4791 2644 4847 infantes
2702 4805 2954 4861 quoque,
3022 4782 3117 4859 qui
3174 4803 3277 4858 per
3346 4794 3478 4843 asta-

204 4887 437 4957 μένους,
473 4884 574 4954 τῆς
611 4885 762 4954 ίερᾶς
798 4883 1057 4955 μετόχους
1104 4881 1386 4950 γίγνεσθαι
1424 4882 1795 4951 θεογενεσίας,

198 4980 307 5033 καὶ
332 4977 446 5029 τῶν
476 4977 783 5047 ἱερωτάτων
833 4976 933 5046 τῆς
983 4974 1278 5046 θεαρχικῆς
1329 4975 1613 5038 κοινωνίας
1662 4992 1799 5045 συμ-

198 5070 409 5132 ϐόλων,
436 5069 585 5122 δοκεί
614 5069 733 5139 μὲν,
781 5068 857 5133 ὡς
903 5069 1009 5138 φῂς
1033 5069 1101 5130 ⁸³,
1142 5070 1256 5130 τοῖς
1298 5066 1536 5138 ἀνιέροις
1573 5066 1798 5133 εὐλόγου

196 5164 455 5231 γέλωτος
477 5161 700 5227 ἄξιον,εί
740 5164 865 5225 τοὺς
911 5160 1141 5214 ἀκοῦσαι
1169 5160 1242 5231 μὴ
1287 5159 1615 5230 δυναμένους
1664 5157 1803 5210 ἐκδι-

198 5256 510 5309 δάσκουσιν
532 5256 580 5305 oi
611 5254 859 5325 ίεράρχαι
884 5252 951 5305 τὰ
979 5251 1119 5314 θεῖα,
1161 5252 1256 5305 καὶ
1304 5253 1417 5315 τοῖς
1466 5250 1540 5321 μὴ
1587 5249 1801 5305 νοοῦσιν

201 5348 341 5418 εξκῇ
394 5346 747 5415 παραδιδόασι
775 5345 874 5410 τὰς
900 5344 1051 5417 ἱερὰς
1092 5343 1421 5414 παραδόσεις
1444 5359 1460 5374 ·
1514 5342 1609 5396 καὶ
1632 5343 1694 5396 τὸ
1719 5342 1800 5395 ἔτι

1900 4892 2010 4938 tem
2059 4892 2335 4952 nequeunt
2391 4884 2715 4954 intelligere,
2769 4884 2967 4938 divina:
2989 4880 3152 4953 271
3179 4894 3476 4951 regenera-

1902 4977 2065 5031 tionis
2093 4976 2667 5046 sanctissimorumque
2693 4977 2891 5031 divina:
2927 4972 3332 5030 communionis
3365 4988 3484 5045 my-

1903 5068 2192 5123 steriorum
2239 5068 2535 5138 participes
2586 5070 2740 5133 fiant,
2773 5069 3009 5134 videtur,
3039 5075 3099 5121 ut
3127 5067 3328 5136 inquis,
3380 5066 3483 5120 bo-

1903 5156 2138 5210 minibus
2160 5157 2406 5226 profanis
2447 5174 2553 5213 non
2601 5159 2873 5213 immerito
2921 5160 3032 5214 risu
3057 5159 3300 5228 dignum,
3339 5159 3482 5226 quod

1906 5247 2189 5316 pontiﬁces
2214 5264 2307 5304 eos
2334 5250 2584 5304 erudiant
2614 5250 2705 5320 qui
2748 5260 3023 5321 nequeunt
3078 5251 3290 5316 audire,
3348 5264 3481 5303 san-

1908 5348 2134 5408 ctasqne
2159 5341 2474 5396 traditiones
2513 5356 2620 5413 non
2645 5340 3071 5411 intelligentibus
3098 5340 3301 5397 frustra
3367 5348 3477 5394 tra-

1508 5514 1744 5570 VARUE
1780 5512 2168 5570 LECTlONES

286 5680 337 5711 ’θ
371 5681 397 5731 ὁ
421 5676 564 5731 κατὰ
586 5676 682 5749 τὴν
703 5677 874 5749 θείαν,
895 5676 966 5749 ‘D.

1080 5676 1126 5707 ⁸⁸
1154 5676 1297 5731 θείου
1324 5716 1340 5741 ,
1374 5674 1435 5729 D.
1528 5674 1574 5705 ⁸³
1602 5672 1775 5744 variat

1895 5672 2053 5744 hujus
2084 5673 2231 5744 vocis
2259 5672 2527 5742 scriptura
2551 5717 2565 5740 ,
2592 5675 2726 5729 alias
2750 5676 2807 5730 in
2843 5674 3134 5744 penultima
3169 5690 3215 5734 ε.
3256 5672 3389 5744 alias
3415 5689 3476 5730 α.

204 5753 259 5787 ’τι
290 5749 618 5820 ἐπιχέειῗηῐ).
641 5742 652 5749 ’
694 5750 749 5820 “7
765 5748 862 5820 τῆς
888 5746 1057 5820 θείας,
1083 5744 1144 5801 S.
1221 5750 1277 5805 ³⁸.
1292 5748 1351 5801 ἐν
1379 5760 1484 5801 non
1506 5754 1590 5801 est
1614 5745 1666 5799 in
1699 5743 1768 5799 M.

1890 5742 1977 5799 D.’
2045 5744 2095 5778 ⁸⁷
2123 5743 2210 5798 διὰ
2247 5744 2343 5816 τῆς
2371 5744 2660 5818 καθολικῆς
2684 5742 3016 5817 ἁγιαστείας,
3048 5746 3207 5809 M,Sc
3277 5743 3347 5776 ’⁸⁸
3380 5746 3465 5807 ὲγ,

206 5816 478 5895 τράφῶς,
505 5818 573 5875 Μ.
648 5820 693 5853 ⁸9
723 5819 798 5885 ὡς
822 5816 980 5890 ἔφης,
1010 5816 1066 5873 ὃ.
