3876 6226
395 334 491 389 3⁵67

1551 338 1607 394 S.
1651 337 1961 394 DIONYSII.
1987 337 2448 397 AREOPAGI'DE

3531 346 3639 404 568

393 452 555 512 dant;
588 464 761 521 neque
788 452 965 508 minus
994 452 1277 510 ridiculum
1308 463 1392 509 est
1423 456 1566 521 quod
1616 455 1705 508 alii
1746 470 1843 522 pro
1897 455 1962 509 iis

2079 454 2417 527 γελοιότερον,
2464 457 2539 520 ὡς
2586 458 2726 529 ὑπὲρ
2770 458 2949 513 αὐτῶν
2982 460 3157 532 ιτεροι
3206 459 3307 527 τὰς
3357 459 3639 527 ἀποταγάς

392 543 890 600 ahrenuntiatioues
908 562 1197 617 sacrasque
1214 544 1575 616 professiones
1593 548 1955 615 pronuntient.

399 635 593 689 Verum
649 652 755 692 non
814 648 1029 708 oportet
1103 648 1248 692 tuam
1302 648 1544 692 sanctam
1617 637 1960 707 prudentiam

392 726 701 782 errantibus
733 729 1022 799 indignari,
1047 731 1139 783 sed
1190 728 1437 798 religiose
1481 729 1549 782 ad
1588 744 1775 783 eorum
1807 728 1965 782 insti-

394 818 656 873 tutionem
721 836 843 875 cum
907 822 1173 877 charitate
1236 822 1505 876 rationem
1585 820 1855 886 reddere,
1907 830 1963 875 et

391 911 728 980 ulijectiones
792 929 981 969 eorum
1030 916 1281 980 solvere;
1350 924 1517 985 atque
1574 915 1700 971 illud
1743 917 1963 985 insuper

392 1006 686 1057 secundum
732 1019 939 1059 sacram
1002 1008 1336 1061 sanctionem
1404 1009 1641 1072 addere,
1690 1008 1963 1077 quomodo

392 1093 572 1147 divina
602 1095 785 1150 omnia
836 1112 1177 1167 nequaquam
1229 1109 1415 1153 nostra
1448 1099 1793 1169 intelligentia
1823 1115 1966 1154 COIII-

395 1190 754 1243 meusuranda
791 1200 937 1253 sunt,
985 1192 1078 1245 sed
1110 1191 1339 1261 plurima
1363 1208 1484 1261 qua:
1514 1207 1612 1247 nos
1639 1193 1808 1245 latent
1835 1207 1964 1247 cau-

394 1293 480 1332 sas
506 1277 706 1335 habere
731 1280 839 1335 Deo
870 1282 1082 1353 dignas,
1110 1299 1243 1352 quas
1267 1297 1363 1338 nos
1384 1283 1603 1353 quidem
1630 1284 1962 1353 ignoremus,

395 1385 578 1425 verum
606 1372 673 1427 ab
701 1373 985 1429 ordinibus
1004 1376 1162 1431 nobis
1188 1376 1655 1445 prenstautiorihus
1680 1377 1969 1444 perspicue

394 1473 816 1531 cognoscantur.
870 1463 1105 1519 Plurima
1159 1466 1287 1519 item
1321 1464 1493 1518 latent
1536 1478 1816 1531 supremas
1847 1462 1969 1517 illas

394 1555 919 1624 sublimissimasque
962 1559 1315 1621 substantias,
1345 1574 1465 1627 qua:
1503 1556 1600 1611 soli
1620 1556 1964 1625 sapientissi-

396 1663 497 1701 tua:
525 1648 987 1718 sapientificwque
1038 1649 1309 1703 divinitati
1342 1658 1470 1703 uota
1528 1658 1674 1703 sunt.
1729 1646 1962 1702 Verum-

398 1750 578 1793 tamen
605 1740 705 1793 hac
732 1740 798 1793 de
823 1754 880 1794 re
908 1741 959 1793 id
987 1755 1201 1809 quoque
1233 1740 1481 1803 dicimus,
1501 1740 1644 1809 quod
1666 1738 1964 1793 deiformes

2064 564 2217 617 φασι,
2244 550 2335 601 καὶ
2360 548 2457 613 τὰς
2482 548 2633 621 ίεράς
2660 550 2967 619 ὁμολογίας.
2997 554 3090 605 Δεῖ
3112 551 3170 605 δὲ
3191 552 3292 624 τὴν
3320 552 3423 621 σὴν
3450 553 3640 621 ἱεραρ-

2062 638 2219 708 χικὴν
2246 638 2456 692 σύνεσιν
2478 640 2552 710 μὴ
2580 639 2919 711 χαλεπαίνειν
2938 642 3031 695 ἐπὶ
3048 645 3161 705 τοῖς
3176 641 3634 713 πεπλανημένοις,

2063 730 2177 783 ἀλλ’
2228 732 2471 795 εὐλαϐῶς
2524 749 2583 785 τε
2625 733 2741 803 ἀμα
2766 734 2986 803 καὶτῆς
3038 733 3217 787 αὐτῶν
3268 731 3640 803 φωταγωγίας

2062 819 2221 890 χάριν
2247 820 2603 892 ἀγαπητικῶς
2627 822 3006 891 ἀπολογεῖσθαι
3045 823 3182 893 πρὸς
3212 821 3311 886 τὰς
3336 822 3430 875 ὑπ’
3458 820 3642 875 αὐτῶν

2064 912 2478 982 προφερομένας
2544 915 2823 977 ἐνστάσεις
2881 915 3206 984 προτιθέντα
3255 915 3301 947 ⁸⁸
3336 914 3433 967 καὶ
3478 911 3643 965 τοῦτο

2064 1002 2204 1056 κατά
2252 1003 2450 1075 θεσμὸν
2478 1004 2640 1076 ἱερὸν,
2689 1006 2765 1070 ὡς
2790 1006 2891 1060 οὐκ
2914 1007 2973 1061 ὲν
3016 1010 3083 1078 τῇ
3112 1006 3234 1061 καθ’
3257 1006 3407 1076 ἡμᾶς
3437 1001 3643 1071 γνώσει

2064 1095 2244 1149 πάντα
2305 1095 2375 1148 τὰ
2424 1096 2545 1150 θεῖα
2592 1098 3014 1169 περιγράφεται,
3065 1094 3237 1151 πολλά
3282 1097 3340 1150 δὲ
3390 1094 3503 1148 τῶν
3549 1094 3640 1163 ὑφ’

2064 1186 2221 1257 ἡμῶν
2244 1188 2639 1259 ἀγνοουμένων,
2668 1189 2848 1253 αίτίας
2871 1189 2983 1260 ἔχει
3003 1188 3345 1260 θεοπρεπεῖς,
3375 1187 3514 1258 ἡμῖν
3544 1184 3649 1256 μὲν

2065 1280 2408 1350 ὴγνοημένας
2433 1281 2500 1345 ’⁸,
2546 1278 2841 1351 ὲπιστητάς
2885 1281 2944 1335 δὲ
2991 1283 3112 1345 ταῖς
3164 1279 3319 1351 ὴμιῖιν
3364 1278 3645 1351 κρείττοσι

2065 1372 2277 1437 τάξεσι.
2309 1371 2485 1425 [Ιολλά
2530 1372 2586 1426 δὲ
2612 1372 2707 1427 καὶ
2737 1373 2835 1437 τὰς
2862 1373 3170 1444 ὑπερτάτας
3194 1370 3380 1434 οὐσίας
3425 1368 3643 1440 λέληθε,

2066 1468 2160 1519 καὶ
2186 1465 2323 1538 πρὸς
2357 1465 2523 1536 μόνης
2547 1465 2793 1537 ἀκριϐῶς
2817 1466 3079 1535 ἔγνωσται
3119 1465 3219 1536 τῆς
3246 1464 3525 1533 πανσόφου
3553 1462 3648 1515 καὶ

2070 1555 2356 1626 σοφοποιοῦ
2381 1558 2428 1590 ⁸⁸
2453 1555 2729 1627 θεαρχίας.
2758 1556 2905 1626 Πλήν
2934 1572 3020 1623 γε,
3050 1556 3131 1609 ὅτι
3157 1554 3249 1608 καὶ
3299 1554 3428 1624 περὶ
3453 1552 3648 1606 τούτου

2067 1646 2239 1700 ταῦτά
2287 1664 2486 1717 φαμεν,
2515 1645 2658 1718 ἀπερ
2707 1648 2755 1698 oi
2799 1644 3053 1708 θεοειδεῖς
3076 1641 3646 1715 ἡμῶνίερστελεσταὶ,

2067 1738 2203 1810 πρὸς
2250 1738 2349 1807 τῆς
2392 1736 2623 1807 ἀρχαίας
2671 1734 2966 1807 μυηθέντες
2993 1735 3361 1805 παραδόσεως,
3386 1736 3465 1797 είς
3500 1734 3649 1804 ἡμᾶς

398 1839 753 1901 praeceptores
789 1833 957 1886 nostri
1013 1831 1081 1885 ah
1120 1832 1340 1900 antiqua
1374 1832 1663 1885 traditione
1690 1842 1967 1897 acceptum

2079 1833 2384 1903 προήγαγον
2405 1830 2473 1882 θ’.
2524 1830 2659 1882 Φασὶ
2706 1829 2835 1900 γὰρ,
2861 1829 2998 1899 ὅπερ
3023 1829 3139 1881 ἐστὶ
3176 1828 3270 1879 καὶ
3294 1824 3515 1895 ἀληθὲς,
3542 1825 3651 1889 ὅτι,

397 1924 555 1978 nobis
607 1924 1086 1992 transcripserunt.
1139 1924 1306 1978 Aiunt
1334 1923 1501 1989 enim,
1531 1922 1677 1991 quod
1704 1932 1757 1976 et
1780 1936 1964 1975 verum

397 2023 502 2077 est,
541 2013 795 2081 infantes,
835 2015 882 2069 si
913 2018 965 2069 in
994 2015 1110 2085 lege
1139 2029 1293 2069 sacra
1324 2011 1703 2079 instituantur,
1728 2012 1793 2066 ad
1843 2026 1967 2066 san-

398 2119 543 2161 ctum
586 2107 753 2160 animi
785 2116 985 2161 statum
1038 2115 1395 2176 perventuros
1433 2120 1557 2159 esse
1600 2105 1746 2159 oumi
1779 2116 1971 2157 errore

400 2199 622 2264 liberos,
649 2210 722 2262 ,οι
765 2199 885 2253 siue
942 2198 1049 2251 ullo
1101 2198 1323 2264 impura:
1378 2197 1499 2250 vita:
1542 2195 1802 2265 periculo.
1858 2194 1971 2250 Hoc

398 2293 544 2346 enim
568 2308 690 2346 cum
724 2293 776 2345 iu
812 2299 1044 2346 mentem
1093 2290 1329 2343 venisset
1357 2289 1554 2343 divinis
1584 2290 1787 2343 nostris
1811 2287 1971 2343 iusti-

399 2383 694 2447 tutoribus,
724 2382 927 2453 placuit
957 2382 1167 2435 admitti
1198 2395 1396 2450 pueros
1428 2381 1532 2435 hoc
1566 2389 1755 2435 sancto
1784 2380 1969 2444 modo,

401 2473 653 2528 ntoblati
708 2470 920 2541 parvuli
949 2482 1203 2544 parentes
1225 2471 1499 2526 naturales
1544 2472 1714 2525 filium
1768 2470 1859 2524 uni
1903 2486 1970 2524 ex

404 2565 656 2620 ﬁdelibus
710 2566 946 2629 tradant,
1008 2566 1100 2633 qui
1152 2566 1412 2634 praeclare
1462 2567 1516 2619 in
1551 2564 1751 2618 divinis
1805 2564 1969 2617 rebus

402 2671 629 2724 puerum
666 2656 904 2720 erudiat,
942 2656 1042 2709 sub
1083 2655 1239 2725 cujus
1265 2657 1520 2724 deinceps
1548 2671 1678 2710 cura
1714 2657 1807 2718 sit,
1846 2664 1968 2709 tan-

402 2762 567 2816 quam
597 2746 699 2801 sub
745 2747 905 2801 Patre
945 2746 1149 2814 diviuo,
1212 2758 1521 2817 sauctteque
1568 2732 1759 2803 salutis
1784 2758 1973 2801 susce-

404 2847 580 2906 νισι-ε.
644 2837 799 2893 Hunc
841 2838 1025 2907 itaque
1052 2838 1302 2906 antistes,
1335 2849 1523 2894 sancte
1567 2839 1973 2907 promittentem

402 2945 464 2985 se
488 2946 713 3000 puerum
744 2933 811 2986 ad
849 2941 1095 2986 sanctam
1148 2933 1313 2985 vitam
1339 2932 1781 2995 informaturum,
1816 2931 1973 2999 jubet

404 3020 643 3087 profiteri
699 3022 1202 3076 abrenuntiationes
1229 3036 1523 3090 sacrasque
1568 3020 1973 3091 professiones;

407 3130 512 3169 non
540 3117 709 3181 etiitu,
740 3125 797 3170 ut
825 3116 897 3170 illi
932 3117 1355 3172 subsanuatores
1372 3118 1544 3181 aiunt,
1567 3114 1729 3171 alium
1755 3129 1851 3183 pro
1872 3112 1980 3167 alio

406 3209 569 3263 rebus
616 3208 815 3263 divinis
844 3208 1035 3263 imbuit
1065 3227 1079 3274 ;
1134 3223 1309 3278 neque
1337 3209 1479 3262 enim
1529 3222 1761 3277 sponsor
1797 3208 1929 3260 dicit
1957 3222 1973 3260 :
2005 3240 2047 3298 Ο

409 3303 520 3371 ligo
568 3316 667 3372 pro
715 3316 883 3369 puero
940 3300 1450 3355 abrenuntiatioues
1507 3299 1669 3358 facio.
1726 3314 1978 3354 sacrasve

406 3394 792 3462 professiones,
838 3395 933 3449 sed
973 3396 1075 3450 hoc
1127 3395 1285 3449 modo
1321 3408 1547 3463 puerum
1580 3393 1781 3448 asserit
1819 3392 1979 3447 abre-

407 3489 661 3543 inniti-are
690 3505 752 3542 ac
780 3490 1053 3557 profiteri;
1083 3503 1146 3542 ac
1171 3489 1213 3541 si
1232 3489 1376 3541 dicat
1410 3502 1424 3541 :
1454 3485 1721 3541 Proﬁteor
1739 3501 1825 3541 me
1854 3486 1982 3540 huic

408 3597 601 3649 puero,
633 3597 755 3635 cum
787 3596 883 3651 per
907 3591 1122 3635 astatem
1184 3580 1490 3650 intelligere
1547 3595 1705 3635 sacra
1752 3579 1978 3649 poterit,

408 3674 606 3728 divinis
636 3674 773 3729 meis
806 3674 1233 3729 institutionibus
1268 3689 1678 3743 persuasurum,
1713 3685 1769 3726 ut
1792 3672 1985 3727 adver-

410 3764 571 3819 sariis
589 3766 834 3819 nuntium
862 3767 1085 3821 omnino
1113 3768 1374 3831 remittat,
1401 3778 1456 3822 et
1505 3768 1686 3822 divina
1712 3766 1982 3835 promissa

410 3862 753 3931 profiteatur,
805 3873 860 3916 et
889 3863 1159 3918 exsolvat.
1215 3861 1361 3917 Nihil
1412 3878 1569 3933 ergo,
1621 3871 1678 3915 ut
1739 3861 1980 3932 opinor,

409 3954 709 4020 absurdum
746 3964 848 4021 est,
877 3957 920 4010 si
959 3956 1026 4011 ad
1056 3956 1299 4010 divinum
1327 3956 1628 4009 institutum
1659 3971 1792 4023 puer
1815 3955 1987 4009 addu-

413 4048 575 4112 citur,
632 4062 755 4102 cum
788 4049 981 4101 ducem
1014 4063 1077 4103 ac
1130 4064 1450 4117 sponsorem
1491 4049 1687 4103 habeat
1737 4048 1827 4117 qui
1862 4063 1985 4101 eum

411 4138 796 4193 etdivinarum
841 4153 1026 4192 rerum
1070 4138 1297 4193 scientia
1325 4140 1549 4200 imbuat,
1585 4150 1641 4192 et
1698 4139 1767 4194 ab
1794 4139 1989 4195 advern

414 4234 573 4289 sariis
619 4244 793 4289 tutum
828 4234 1121 4289 custodiat.
1179 4232 1349 4287 Porro
1374 4233 1537 4302 272
1565 4233 1803 4303 pontifex
1850 4248 1989 4302 pue-

420 4344 537 4381 rum
568 4336 875 4383 consortem
924 4325 1057 4380 facit
1093 4340 1376 4381 sacrorum
1406 4326 1812 4395 mysteriorum,
1849 4335 1905 4380 ut
1934 4325 1987 4379 in

415 4423 497 4475 eis
518 4420 803 4487 educetur,
847 4433 1023 4488 neque
1074 4426 1199 4488 agat
1225 4417 1396 4471 vitam
1438 4416 1620 4482 aliam,
1678 4430 1841 4485 quam
1867 4430 1988 4468 eam

417 4527 538 4578 qua:
567 4512 746 4566 divina
807 4524 1020 4580 semper
1064 4518 1294 4579 spectet,
1340 4518 1392 4562 et
1431 4506 1739 4575 huiusmodi
1803 4515 1991 4561 sancta

2072 1924 2215 1979 κατά
2257 1922 2454 1993 θεσμὸν
2493 1922 2635 1994 ἱερὸν
2663 1922 2969 1993 ἀναγόμενα
3014 1919 3083 1973 τά
3106 1919 3303 1992 βρέφη,
3354 1920 3492 1990 πρὸς
3538 1916 3652 1983 ἕξιν

2073 2014 2223 2086 ίεράν
2270 2013 2479 2083 ἥξουσι,
2521 2013 2699 2084 πάσης
2726 2012 3128 2083 ἀποτελούμενα
3178 2010 3384 2083 πλάνης
3410 2011 3507 2064 καὶ
3554 2009 3665 2063 ἀν-,

2075 2106 2218 2177 ιέρου
2272 2104 2417 2174 ζωῆς
2442 2104 2729 2176 ἀπείρατα.
2780 2103 2951 2157 Τοῦτο
2987 2106 3101 2169 τοῖς
3138 2102 3303 2167 θείοις
3325 2101 3485 2174 ήμῶν
3512 2101 3654 2156 καθ-

2073 2195 2333 2269 ηγεμόσιν
2376 2198 2455 2260 είς
2503 2196 2626 2250 νοῦν
2676 2194 2967 2267 ἐληλυθδς,
3016 2194 3194 2263 ἔδοξεν
3220 2192 3558 2265 εἰσδέχεσθαι
3585 2192 3656 2247 τὰ

2076 2288 2246 2359 βρέφη
2297 2286 2436 2341 κατά
2460 2288 2609 2341 τόνδε
2635 2289 2724 2342 τὸν
2752 2288 2893 2359 ἱερὸν
2916 2287 3135 2358 τρόπον,
3175 2285 3316 2339 ὥστε
3337 2285 3463 2347 τοὺς
3492 2299 3655 2353 φυσι-

2073 2382 2204 2444 κοὺς
2249 2381 2342 2434 τοῦ
2394 2382 2802 2453 προσαγομένου
2830 2382 3019 2446 παιδὸς
3062 2381 3256 2450 γονέας
3306 2378 3658 2450 παραδιδόναι

2074 2473 2164 2527 τὸν
2208 2474 2375 2529 παῖδά
2397 2492 2503 2529 τινι
2527 2475 2637 2529 τῶν
2668 2477 3032 2547 μεμυημένων
3058 2474 3245 2545 ἀγαθῷ
3282 2472 3349 2527 τά
3375 2472 3497 2525 θεῖα
3533 2487 3661 2525 παι-

2074 2565 2327 2635 δαγωγῷ,
2356 2566 2449 2619 καὶ
2495 2567 2555 2619 τὸ
2581 2566 2763 2623 λοιπὸν
2788 2568 2879 2620 ὑπ’
2932 2564 3081 2636 αὐτῷ
3104 2566 3197 2620 τὸν
3245 2564 3413 2618 παῖδα
3456 2562 3658 2626 τελεῖν,

2074 2658 2149 2721 ὡς
2198 2658 2303 2711 ὑπὸ
2351 2657 2479 2729 θείῳ
2500 2658 2671 2731 πατρί
2728 2661 2823 2712 καὶ
2870 2658 3142 2730 σωτηρίας
3192 2658 3343 2728 ἱερᾶς
3387 2655 3658 2726 ἀναδόχῳ.

2076 2747 2276 2803 Τοῦτον
2319 2746 2461 2805 οῦνὸ
2486 2753 2743 2824 ίεράρχης
2768 2751 3132 2822 ὁμολογοῦντα
3170 2750 3314 2805 κατά
3350 2748 3450 2823 τὴν
3501 2749 3669 2821 ἱερὰν

2080 2842 2299 2911 ἀνάγειν
2326 2841 2374 2874 ⁸⁸
2398 2840 2490 2895 τὸν
2540 2842 2705 2897 παῖδα
2754 2840 2920 2915 ζωὴν,
2948 2842 3170 2899 ἀπαιτεῖ
3216 2840 3317 2906 τάς
3354 2839 3657 2910 ἀποταγάς

2078 2935 2427 3007 ὁμολογῆσαι,
2476 2937 2568 2988 καὶ
2612 2935 2711 2999 τὰς
2759 2935 2912 3008 ίεράς
2960 2934 3271 3005 ὁμολογίας,
3328 2932 3553 3005 οὺχ,ὼς
3596 2932 3665 2986 ἂν

2079 3028 2275 3080 ἐκεῖνοι
2322 3026 2590 3096 γελῶντες
2641 3030 2819 3096 φαῖεν,
2863 3025 3022 3081 ἄλλον
3067 3026 3185 3079 ἀντ’
3228 3024 3389 3079 ἀλλον
3416 3022 3487 3076 ea
3539 3022 3665 3076 θεῖα

2083 3125 2266 3195 μνῶν·
2296 3124 2554 3197 οὐδὲγὰρ
2578 3124 2739 3181 τοῦτό
2781 3142 2966 3196 φησιν,
3013 3122 3089 3186 ὡς
3140 3120 3283 3194 ὑπὲρ
3324 3118 3420 3175 τοῦ
3470 3117 3667 3182 παιδὸς

2081 3215 2193 3285 ἐγὼ
2216 3217 2315 3281 τάς
2359 3216 2661 3286 ἀπταγάς,
2690 3217 2722 3289 ἢ
2754 3216 2854 3280 τάς
2880 3215 3028 3287 ίεράς
3053 3213 3339 3287 ὁμολογίας
3365 3209 3632 3281 ποιοῦμαι
3649 3225 3665 3239 °

2081 3308 2193 3360 ἀλλ’
2230 3308 2308 3361 ὒτι
2335 3310 2362 3362 ὁ
2389 3310 2517 3372 παῖς
2543 3308 2907 3361 ἀποτάσσεται
2955 3306 3050 3359 καὶ
3075 3305 3435 3358 συντάσσεται
3456 3319 3471 3331 ’
3512 3299 3662 3355 τοῦτ’

2080 3397 2249 3450 ἐστιν·
2286 3397 2559 3468 Ὁμολογῶ
2577 3397 2670 3454 τὸν
2684 3398 2848 3452 παῖδα
2868 3396 3072 3451 πείσειν
3091 3399 3171 3459 είς
3193 3393 3316 3448 νοῦν
3333 3392 3476 3466 ἱερὸν
3495 3392 3669 3453 ίόντα,

2080 3492 2199 3552 ταῖς
2248 3491 2407 3560 ἐμαῖς
2454 3490 2656 3552 ἐνθέοις
2709 3490 3044 3557 ἀναγωγαῖς,
3094 3483 3466 3548 ἀποτάξασθαι
3490 3483 3538 3513 ’⁸
3569 3480 3670 3551 μὲν

2082 3579 2277 3646 όλικῶς
2300 3582 2415 3644 τοῖς
2441 3582 2721 3645 ἐναντίοις,
2765 3578 3098 3649 ὁμολογῆσαι
3148 3576 3205 3628 δὲ
3254 3575 3349 3627 καὶ
3373 3572 3672 3644 ἐνεργῆσαι

2082 3672 2181 3737 τὰς
2208 3673 2357 3738 θείας
2382 3673 2688 3744 ὁμολογίας.
2715 3672 2885 3727 Οὐδὲν
2907 3667 3021 3736 οὖν,
3049 3670 3124 3733 ὡς
3151 3664 3327 3737 οἶμαι,
3356 3667 3419 3719 τὸ
3445 3665 3668 3729 ἀτοπιον,

2086 3770 2133 3820 εί
2160 3767 2301 3821 κατά
2325 3766 2475 3819 θείαν
2495 3768 2523 3819 ὁ
2542 3768 2671 3828 παῖς
2696 3761 2985 3833 ἀναγωγὴν
3005 3761 3286 3829 ἀνάγεται,
3315 3756 3675 3829 καθηγεμόνα

2087 3860 2180 3912 καὶ
2211 3859 2467 3930 ἀνάδοχον
2510 3858 2655 3929 ίερὸν
2676 3856 2834 3928 ἔχων,
2886 3855 2999 3921 ῑξιν
3022 3852 3171 3924 αὐτῷ
3215 3851 3326 3905 τῶν
3359 3851 3522 3905 θείων
3569 3850 3674 3919 sp.-

2088 3953 2364 4015 ποιοῦντα,
2413 3953 2507 4005 καὶ
2553 3950 2890 4019 φυλάττοντα
2911 3946 3021 4001 τῶν
3047 3945 3305 4001 ἐναντίων
3350 3943 3672 4013 ἀπείρατον.

2089 4044 2425 4097 Μεταδίδωσι
2446 4043 2504 4095 δὲ
2524 4041 2601 4112 τῷ
2623 4041 2777 4095 παιδὶ
2798 4040 2909 4095 τῶν
2933 4038 3097 4111 ἱερῶν
3121 4036 3408 4108 πμόόλων
3431 4035 3459 4087 ό
3487 4033 3675 4104 ἱεράρ-

2090 4154 2212 4207 χης,
2265 4137 2411 4199 ὅπως
2469 4137 2527 4189 ὲν
2573 4136 2757 4198 αὐτοῖς
2782 4132 3140 4205 ἀνατραφείη,
3191 4130 3284 4183 καὶ
3331 4128 3468 4200 μηδὲ
3518 4126 3675 4196 σχοίη

2092 4228 2236 4299 ζωὴν
2285 4229 2498 4299 ἑτέραν,
2526 4230 2574 4281 ει
2614 4227 2687 4298 μὴ
2734 4225 2837 4297 τὴν
2865 4226 2933 4279 τά
2958 4225 3077 4277 θεῖα
3104 4220 3415 4294 θεωροῦσαν
3440 4220 3551 4283 ἀεὶ,
3581 4218 3676 4271 καὶ

2092 4321 2345 4375 κοινωνὸν
2371 4320 2549 4373 αὑτῶν
2575 4321 2632 4373 ὲν
2660 4321 2965 4390 προκοπαῖς
2992 4318 3166 4388 ιεραῖς
3189 4313 3546 4384 γιγνομένην,
3563 4307 3677 4374 ’ἕξιν

2092 4430 2153 4465 τε
2175 4415 2326 4484 ἱερὰν
2352 4414 2409 4467 ὲν
2434 4412 2642 4476 τούτοις
2664 4411 2935 4481 ῖσχονσαν,
2964 4407 3305 4480 ἀναγομένην
3328 4423 3389 4458 τε
3414 4408 3676 4477 ἱεροπρε-

2094 4510 2213 4573 πῶς
2239 4508 2344 4561 ὑπὸ
2363 4505 2457 4561 τοῦ
2482 4506 2747 4571 θεοειδοῦς
2772 4504 3054 4575 ἀναδόχον.

420 4606 798 4659 communione
824 4604 1272 4675 proficiat,atque
1303 4601 1353 4654 in
1386 4599 1471 4653 his
1501 4613 1716 4653 sacrum
1746 4597 1988 4652 habitum
2031 4600 2334 4669 possideat,
2368 4608 2423 4654 et
2467 4613 2497 4652 a
2533 4606 2851 4665 susceptare
2892 4595 3143 4649 deilormi
3180 4591 3425 4648 studiose
3455 4605 3677 4660 promo-

419 4708 626 4753 \‘eulut‘.

448 4844 449 4849 η
480 4788 580 4842 Ista
606 4797 755 4851 sunt,
779 4787 850 4841 mi
876 4786 970 4852 fili,
998 4796 1143 4841 tanta
1166 4797 1384 4855 tamque
1402 4786 1657 4855 praeclara
1679 4785 1975 4840 hierarchia

2174 4782 2422 4836 Τοσαῦτα
2444 4821 2459 4844 ,
2488 4774 2533 4834 ὦ
2570 4782 2704 4841 παῖ,
2733 4778 2827 4830 καὶ
2862 4776 3005 4829 οὕτω
3052 4774 3191 4828 καλά
3226 4773 3326 4844 τῆς
3362 4772 3487 4826 καθ’
3533 4774 3677 4845 ἡμᾶς

422 4892 625 4934 nostra:
651 4881 960 4947 spectacula
1006 4880 1297 4934 uniformia
1344 4878 1474 4933 mihi
1514 4878 1879 4942 manifestata,
1904 4880 1999 4933 sed

422 4974 544 5027 aliis
568 4972 799 5028 fortasse
830 4972 1104 5026 mentibus
1144 4968 1660 5041 perspicacioribus,
1692 4985 1796 5023 non
1820 4968 1995 5023 solum

427 5071 559 5128 haec,
579 5080 766 5118 verum
786 5065 947 5117 etiam
970 5064 1074 5117 alia
1097 5063 1264 5119 multo
1283 5061 1578 5115 illustriora
1603 5074 1767 5132 atque
1793 5059 1995 5115 deifor-

428 5158 597 5212 miora
630 5166 909 5225 perspecta
937 5166 1081 5210 sunt.
1113 5155 1253 5222 Quin
1283 5164 1337 5209 et
1395 5155 1491 5208 tibi
1524 5168 1759 5224 quoque,
1791 5164 1849 5207 ut
1875 5154 2001 5223 opi-

430 5264 553 5315 nor,
582 5247 846 5303 clariores
896 5246 1297 5314 divinioresque
1345 5238 1779 5315 p'ulchritudines
1827 5244 2000 5299 collu-

429 5339 654 5405 cebunt,
702 5342 747 5395 si
802 5341 868 5395 iis
890 5338 1168 5409 gradibus,
1202 5352 1338 5406 quos
1359 5338 1491 5403 dixi,
1525 5337 1590 5391 ad
1620 5336 1994 5391 sublimiorem

2103 4875 2385 4948 ἱεραρχίας
2399 4867 2580 4925 ὦπταί
2607 4887 2696 4941 μοι
2719 4869 2788 4922 τὰ
2812 4867 3017 4937 ένοειδῆ
3043 4867 3310 4938 θεάματα,
3338 4866 3479 4937 πρὸς
3505 4866 3677 4920 ἄλλων

2103 4972 2160 5026 δὲ
2190 4970 2318 5032 ἴσως
2342 4964 2728 5034 ότι-τικωτέρων
2764 4962 2811 4994 ’⁸
2834 4959 2971 5013 νοῶν
3007 4960 3071 5013 οὐ
3108 4957 3281 5012 ταῦτα
3324 4958 3486 5027 μόνον
3518 4958 3680 5012 ὲθεω·

2108 5062 2276 5134 ρήθη,
2307 5058 2576 5129 φανότερα
2612 5055 2668 5107 δὲ
2706 5052 2884 5123 πολλῷ
2905 5054 2951 5085 ³⁷
2985 5052 3080 5106 καὶ
3118 5049 3519 5122 θεοειδέστερα.
3566 5050 3671 5105 Καὶ

2104 5154 2184 5205 σοὶ
2222 5151 2299 5215 δὲ,
2360 5149 2435 5211 ὡς
2460 5142 2649 5216 οἶμαι,
2693 5145 2907 5206 πάντως
2961 5142 3225 5213 ἐλλάμψει
3267 5141 3681 5213 τηλαυγέστερα

2102 5243 2270 5313 κάλλη
2310 5243 2404 5295 καὶ
2428 5238 2694 5307 θειότερα,
2715 5237 2827 5298 τοῖς
2866 5236 2987 5305 είρη
2998 5234 3178 5304 μένοις
3202 5232 3251 5269 ’⁸
3271 5234 3558 5287 ὁπαναεαθ
3566 5236 3678 5305 μοῖς

2104 5330 2369 5403 χρωμένω
2407 5328 2542 5399 πρὸς
2581 5323 2890 5395 ὑπερτέραν
2928 5325 3141 5376 ἀκτῖνα.
3190 5323 3437 5388 Μετάδος
3474 5319 3606 5391 οὖν,
3639 5314 3682 5376 ὅ

1708 5511 1943 5567 VARUE
1979 5508 2387 5566 LECTIONES.

505 5658 549 5685 ’⁸
578 5655 967 5724 προστιθέντα,
1014 5653 1078 5707 Μ.
1136 5655 1193 5708 S.
1240 5657 1299 5708 ι).
1363 5655 1484 5706 8η.
1565 5655 1603 5685 ⁸³
1636 5649 2105 5722 ἀγνοουμένας,8.
2187 5652 2230 5682 θ’
2275 5651 2366 5702 καὶ
2399 5640 2818 5715 πανσοφοποιοῦ,
2866 5644 2922 5697 S.
3012 5640 3430 5765 ⁹²προσέγαγον
3493 5638 3561 5691 ιι.
3589 5635 3675 5692 3c.

514 5729 675 5765 i-rtm,
712 5726 763 5765 ἓν
870 5727 913 5755 νδ
938 5723 1287 5765 eirea-«Fennis:
1347 5724 1387 5765 Il
1443 5722 1560 5765 Quir-
1663 5724 1706 5754 9⁵
1734 5722 2117 5765 dan-imbricata-
2152 5721 2194 5765 Μ
2250 5720 2338 5765 Sp-
2439 5721 2481 5752 9⁷
2512 5716 2862 5765 φανερώτερα
2887 5713 2944 5765 δὲ
2972 5713 3171 5765 πολλὰ.
3262 5751 3277 5765 .
3306 5710 3397 5765 δε.
3478 5710 3520 5742 ’⁸
3547 5710 3675 5765 θεων

436 5726 478 5755 ’⁸
513 5729 680 5789 ἀγειν,
712 5726 767 5776 S.

870 5727 913 5755 ’⁸³
938 5723 1315 5791 ἁποταξεσθαι,
1346 5724 1407 5778 υ.
1443 5722 1564 5777 Sar.

436 5795 641 5859 τάτοις,
669 5792 720 5848 Μ
771 5795 863 5847 Sc.

1663 5724 1706 5754 οδ
1734 5720 2120 5791 ὀπτικώτερον,
2150 5721 2213 5775 M.
2250 5720 2338 5775 Sc.

2439 5721 2481 5752 ⁹⁷
2512 5710 2862 5787 φανερώτερα
2887 5713 2944 5769 δὲ
2972 5713 3171 5775 πολλὰ.
3208 5710 3277 5765 Μ.
3306 5710 3397 5767 Sc.
3478 5710 3520 5742 "
3547 5710 3675 5765 θεων
