3876 6226
243 317 357 374 569
800 319 887 374 DE
925 318 1206 376 ECCLES.
1247 318 1644 385 HIERABCIL
1680 321 1834 377 CAP.
1873 320 2075 378 Vll.-—
2113 318 2460 376 PARAPHR.
2492 318 2966 378 PACHYMERAE.
3398 321 3508 377 570

238 430 370 500 φίλε
392 473 410 497 ,
458 432 552 486 καὶ
599 432 761 497 αὐτὸς
806 434 926 505 ἐμοὶ
962 435 1300 508 τελειοτέρας
1348 435 1684 507 ὲλλάμψεως,
1724 455 1765 492 κι

1870 436 2130 501 tradium
2171 435 2533 494 conscendas.
2567 434 3108 505 Communicaigitur
3141 443 3210 480 ,οι
3264 443 3318 490 ιιι
3370 437 3504 495 mihi

237 524 418 591 δεῖξον
441 526 595 597 ἐμοῖς
634 526 926 597 ὀφθαλμοῖς
970 527 1114 599 ἅπερ
1161 528 1226 582 ἂν
1254 529 1382 582 ἰδεῖν
1426 529 1709 602 δυνηθείης
1733 548 1765 583 εκ

1926 526 2302 598 perfectioqu
2351 527 2788 589 illustrationem,
2832 528 3077 595 meisque
3102 520 3277 581 oculis
3307 527 3506 582 exhibe

237 617 600 688 πρεπέστερα
624 617 791 690 κάλλη
844 620 939 672 καὶ
976 619 1345 690 ὲνοειδέστερα
1369 638 1382 651 ·
1437 621 1626 693 θαρῥῶ
1669 621 1765 693 γὰρ

1922 620 2331 691 ιιι-ωειιιιιιίοιθε
2388 619 2611 684 formas,
2643 634 2764 688 quae
2796 619 2963 673 unius
3032 619 3273 689 Speciem
3330 620 3504 689 magis

234 708 321 760 ὅτι
404 710 521 771 τοῖς
588 709 899 779 εῐρημένοις
980 708 1093 778 ἐγὼ
1160 712 1288 775 τοὺς
1361 712 1765 782 ὲναποκειμὲνοι

1922 711 2234 780 exprimant
2263 726 2278 763 :
2321 711 2533 766 conﬁdo
2563 710 2734 775 enim,
2769 724 2855 764 me
2882 709 2971 774 iis,
3014 724 3136 779 quae
3160 723 3501 763 commemo-

231 800 296 851 ὲν
346 801 433 853 σοὶ
475 798 571 853 τοῦ
596 800 737 855 θείου
765 802 933 872 πυρὸς
957 802 1348 857 ἀνασκαλεύσω
1396 804 1719 876 σπινθῆρας.

1923 815 2038 857 rata
2068 812 2213 869 sunt,
2250 803 2442 862 insitas
2469 804 2565 859 libi
2613 803 2781 859 divini
2813 803 2956 876 ignis
2984 801 3254 858 scintillas
3295 803 3503 873 excita-

1923 906 2125 951 turum.

1838 1099 1914 1113 .-

1416 1262 1951 1322 ADNl)TATIONES
1984 1265 2329 1325 CORDERII.

302 1444 447 1497 Nota
481 1443 658 1512 primo
684 1442 773 1497 hic
803 1442 1083 1515 antiquum
1113 1443 1375 1515 Ecclesiae
1397 1445 1559 1498 ritum
1592 1460 1688 1511 pro
1722 1444 1995 1500 defunctis
2022 1445 2377 1515 deprecandi,
2410 1456 2463 1502 et
2492 1448 2736 1512 eosdem,
2762 1460 2865 1515 pro
2891 1445 3155 1514 cujusque
3195 1443 3489 1514 dignitate,

223 1514 533 1568 honoriﬁco
555 1524 610 1567 et
638 1528 793 1587 sacro
835 1513 954 1587 loco
981 1514 1297 1587 sepeliendi,
1322 1517 1693 1587 etlexsequias
1742 1513 2195 1587 celebrandifDe
2219 1517 2305 1571 his
2327 1533 2541 1587 quoque
2570 1520 2709 1586 Aug.
2744 1513 2793 1571 in
2843 1513 3000 1587 nmo,
3020 1515 3095 1567 De
3131 1513 3488 1581 cui-augenda

222 1601 322 1651 pro
354 1584 692 1656 mortuis,in
733 1584 980 1656 eamdem
1022 1583 1176 1656 plane
1214 1599 1339 1656 cum
1374 1585 1633 1655 Dionysio
1682 1587 2011 1639 sententiam
2048 1603 2061 1638 :
2101 1603 2119 1637 ι
2158 1586 2258 1652 Qui
2316 1583 2468 1651 facit,
2516 1583 2723 1656 inquit,
2774 1586 3071 1654 exsequias
3127 1593 3491 1651 mortuorum,

222 1658 296 1726 ob
345 1669 590 1726 amorem
622 1652 943 1726 illiusil’acit,
975 1655 1067 1723 qui
1107 1655 1358 1726 promisit
1381 1724 1391 1726 Α
1417 1652 1644 1726 corpora
1710 1665 2117 1709 resurrectura.
2154 1675 2172 1708 ι
2210 1656 2397 1726 Neque
2431 1652 2606 1712 enim'
2629 1652 3024 1713 contemnenda
3082 1665 3208 1726 sunt
3246 1663 3302 1707 et
3350 1656 3490 1723 abji-

221 1723 419 1796 cienda
439 1738 671 1796 corpora
690 1724 1336 1796 defunctorum,maxime
1368 1724 1632 1787 ﬁdelium,
1673 1726 1871 1796 quibus
1907 1736 2163 1796 tanquam
2195 1723 2422 1796 organis
2446 1738 2501 1782 et
2523 1728 2670 1781 Vasis
2693 1729 2758 1782 ad
2781 1727 2964 1783 omnia
2994 1740 3161 1792 opera
3189 1724 3328 1779 bona
3359 1739 3490 1779 usus

221 1804 311 1865 est
336 1792 582 1863 Spiritus
614 1805 853 1865 sanctus.
912 1792 1062 1865 Unde
1104 1804 1159 1847 et
1186 1795 1537 1863 antiquorutn
1566 1796 1809 1849 ﬁdelium
1843 1792 2309 1859 funeraoﬂicios'a
2340 1798 2541 1865 pietate
2566 1809 2753 1852 curata
2785 1805 2932 1860 sunt,
2960 1805 3015 1852 et
3045 1796 3319 1865 exsequiae
3341 1795 3488 1865 cele-

220 1864 398 1935 bratae
433 1879 498 1918 ac
528 1864 818 1935 sepulturae
851 1864 1104 1935 provisae,
1153 1862 1364 1935 ipsique
1408 1882 1531 1920 cum
1580 1867 1847 1930 viverent,
1875 1866 1942 1935 de
1994 1862 2474 1935 sepeliendis—seu
2532 1867 2933 1922 transferendis
2989 1867 3104 1920 suis
3163 1862 3488 1935 corporibus

220 1934 351 1988 ﬁliis
387 1934 805 1999 mandaverunt,
857 1945 909 1988 et
953 1933 1535 2005 Tobias—sepeliendis
1597 1935 1827 1989 mortuis
1876 1933 2073 1990 Deum'
2125 1938 2491 2005 promeruisse
2551 1941 2985 2005 commendatur.
3057 1936 3177 2004 Ipse
3226 1934 3487 1990 Dominus

219 2011 254 2055 ιι
269 2006 315 2055 ie
350 2005 516 2075 tertia
569 2012 1004 2068 resurrecturus,
1034 2004 1288 2071 gloriosae
1321 2007 1566 2061 mulieris
1598 2005 1798 2061 bonum
1838 2019 1989 2075 ropus
2026 2004 2296 2075 praedicit
2339 2008 2785 2075 praedicandum;
2837 2016 2892 2061 et
2928 2004 3150 2075 Joseplt,
3211 2005 3303 2073 qui
3358 2018 3486 2075 eum

215 2073 474 2144 sepelivit
544 2075 682 2128 mire
752 2075 1115 2129 collaudatur.
1192 2078 1271 2129 Ac
1328 2076 1451 2130 ideo
1524 2090 1622 2144 pro
1679 2074 1878 2128 nostris
1939 2073 2210 2143 defunctis
2283 2073 2500 2133 certare
2562 2078 2859 2141 debemus,
2931 2073 3201 2144 quatenus
3269 2074 3487 2141 possint

216 2143 517 2211 participes
579 2143 698 2198 ﬁeri
759 2161 949 2199 eorum
992 2145 1459 2216 quosUChristus
1515 2143 1544 2199 τι
1601 2144 1854 2216 claustris
1909 2148 2191 2216 revocavit
2221 2147 2444 2202 inl'erni.
2480 2148 2641 2202 Plura
2692 2149 2760 2203 de
2805 2143 3085 2216 exsequiis
3135 2152 3484 2199 mortuorum

213 2223 269 2268 et
286 2230 509 2289 _eorum
553 2215 1075 2289 commemoratione
1116 2214 1237 2268 vide
1280 2218 1435 2289 apud
1467 2216 1760 2289 Alcuinum
1814 2214 2062 2289 iu_libro
2105 2216 2181 2289 _De
2230 2218 2422 2289 divinis
2455 2219 2661 2289 ofﬁciis.

284 2282 426 2356 Nota
454 2286 692 2339 secundo
716 2285 783 2356 ad
832 2295 1041 2354 partem
1091 2282 1383 2356 secundum
1431 2286 1647 2356 capitis,
1684 2284 2023 2356 sacerdotes
2052 2287 2175 2356 alio
2232 2288 2339 2341 ritu
2396 2304 2459 2341 ac
2487 2282 2630 2343 "loco
2676 2287 2954 2356 quondam
3014 2284 3235 2354 sepeliri
3297 2284 3478 2343 solere

211 2369 381 2429 quam
414 2354 594 2429 laicos
614 2370 631 2419 ;
660 2354 735 2429 uti
759 2370 975 2429 quoque
1001 2369 1067 2409 ex
1092 2354 1426 2429 Bedatradit
1454 2355 1760 2429 Amalarius
1792 2354 1887 2429 lib.
1919 2370 1974 2408 IV
2042 2355 2115 2429 De
2142 2358 2511 2413 ecclesiasticis
2538 2354 2797 2429 ofﬁciis,c.
2823 2359 2886 2412 41
2922 2375 2936 2410 :
2974 2376 2993 2410 ι
3023 2358 3250 2429 Aperte,
3278 2356 3481 2429 inquit,

210 2423 465 2496 dolllilllls
491 2424 645 2496 Beda
666 2423 904 2496 declarat
938 2426 988 2478 in
1014 2425 1297 2496 exsequiis
1312 2427 1483 2479 sancti
1525 2425 1832 2489 Cuthberti,
1860 2427 2130 2493 quomodo
2157 2429 2342 2481 vestiri
2370 2423 2622 2496 oporteat
2651 2423 2985 2484 sacerdotem
3017 2427 3328 2480 defunctum
3357 2423 3371 2485 ξ
3405 2427 3479 2479 ita

207 2495 355 2568 enim
388 2496 579 2568 scribit
612 2494 684 2568 _de
732 2494 850 2568 ejus
900 2496 1175 2568 exsequiis
1207 2511 1220 2547 :
1271 2493 1559 2568 Postquam
1586 2510 1717 2565 ergo
1740 2505 1935 2568 sanctae
1977 2497 2250 2568 memoriae
2274 2493 2605 2554 Cutb'bet'tus
2636 2500 2945 2568 episcopus,
2986 2508 3207 2566 peracta
3234 2511 3482 2549 commu-

206 2566 397 2637 nione,
429 2563 658 2619 elevatis
686 2564 858 2620 oculis
886 2575 943 2620 et
969 2563 1217 2619 manibus
1246 2566 1312 2619 ad
1338 2563 1527 2629 Deum,
1557 2563 2021 2637 coiiiiiiendansei
2051 2568 2286 2620 animam
2312 2584 2487 2631 suam,
2510 2578 2566 2622 et
2592 2563 2845 2623 eminens
2864 2563 3140 2637 spiritum,
3176 2568 3486 2634 sedensque

205 2635 327 2688 sine
364 2645 572 2704 gemitu
620 2638 755 2689 obiit
785 2637 835 2688 in
869 2637 954 2689 via
993 2648 1231 2705 patrmn,
1259 2649 1289 2689 a
1318 2637 1700 2706 navigantibus
1725 2636 1791 2687 ad
1821 2636 2054 2689 insulam
2082 2646 2320 2690 nostram
2355 2639 2593 2705 delatus,
2635 2648 2748 2694 toto
2798 2635 3027 2706 corpore
3058 2638 3261 2700 lavato,
3300 2639 3482 2705 capite

202 2706 433 2775 sudario
459 2706 817 2771 circumdato,
850 2706 1031 2760 oblata
1063 2720 1226 2771 super
1276 2715 1464 2775 pectus
1504 2715 1749 2759 sanctum
1799 2716 1995 2774 posrta,
2046 2708 2377 2763 vestimento
2430 2709 2758 2764 sacerdotali
2834 2710 3076 2774 indutus,
3146 2708 3200 2761 in
3260 2707 3480 2759 obviam

203 2774 413 2828 Christi
452 2778 840 2846 calceamentis
870 2778 984 2830 suis
1014 2774 1350 2845 praeparatus
1396 2778 1450 2830 in
1498 2777 1722 2830 sindone
1764 2786 1982 2828 cereata
2020 2776 2316 2845 involutus,
2352 2780 2591 2846 animam
2641 2780 2846 2834 habens
2896 2794 3018 2833 cum
3070 2777 3291 2831 Christo
3343 2791 3481 2846 gau-

202 2846 453 2900 dentem.
511 2845 628 2899 Non
654 2857 740 2900 est
781 2846 1156 2908 dubitandum,
1198 2846 1371 2915 inquit
1398 2846 1727 2916 Amalarius,
1780 2848 1909 2912 quin
1952 2847 2065 2914 ipse
2098 2862 2215 2900 nios
2239 2859 2385 2903 esset
2422 2845 2560 2916 apud
2617 2849 2915 2903 Romanam
2947 2847 3248 2903 Ecclesiam
3298 2846 3351 2900 in
3378 2848 3481 2901 hac

201 2927 266 2966 re
290 2953 306 2976 ,
337 2916 431 2983 qui
462 2918 602 2984 apud
631 2916 833 2985 Anglos
858 2920 997 2989 luit,
1018 2926 1318 2989 praesertim
1347 2933 1470 2989 cum
1499 2932 1567 2971 ex
1596 2915 1683 2969 illa
1713 2916 1944 2989 primum
1972 2917 2285 2986 episc0pum
2316 2915 2674 2989 Augustinum
2698 2921 2964 2973 baberent
2992 2920 3150 2987 Angli
3202 2917 3472 2989 Saxones,

199 2994 261 3067 Et
312 3000 381 3038 eo
424 2998 684 3067 .lempore
708 3002 819 3055 quo
871 2987 1227 3067 celeberrima
1294 2987 1393 3067 fuit
1422 2986 1983 3067 _Rotnana_l£eclesia,
2014 3000 2238 3067 propter
2280 2986 3015 3067 auctoritateurdoctissimi
3076 2986 3192 3057 ejus
3238 2987 3478 3067 episcopi

198 3052 505 3128 Gregorii,
556 3052 615 3110 et
673 3052 857 3128 postea
918 3071 986 3111 ex
1038 3058 1231 3128 eadem
1309 3058 1555 3113 Ecclesia
1625 3056 1935 3128 habuerunt
1984 3052 2455 3128 archiepiscopum
2511 3059 2854 3113 Theodorum
2907 3060 2957 3112 in
3021 3052 3477 3128 utraque'lingua

200 3125 870 3191 peritissimunm‘Plura
940 3129 991 3179 ui
1043 3126 1389 3182 voletvideat
1414 3129 1556 3197 apud
1608 3126 1942 3181 Amalarium
1991 3125 2111 3183 loco
2142 3125 2344 3193 citato,
2373 3139 2426 3184 et
2457 3128 2619 3199 273
2649 3144 2710 3183 ca
2757 3171 2771 3185 .
2825 3130 3099 3199 sequenti,
3132 3125 3222 3182 ubi
3264 3128 3469 3196 agitdo

200 3193 404 3249 olﬁciis
439 3208 800 3249 mortuorum.
827 3206 883 3249 et
901 3142 1193 3249 (liabanum
1222 3196 1468 3249 Maurum
1498 3198 1593 3249 lib.
1621 3212 1657 3249 ll
1708 3196 1783 3249 De
1804 3196 2131 3249 institutione
2164 3198 2495 3249 clericorum-
2526 3217 2648 3249 can.
2676 3147 2768 3249 si-

200 3147 660 3191 νυτιιιδδιιιιυιιι.»
709 3147 870 3181 rtura
940 3147 991 3179 ιιι
1043 3147 1188 3180 νυιωι
1210 3147 1389 3182 νιαθίὶι
1414 3147 1556 3197 apuu
1608 3147 1942 3181 autumnum
1991 3147 2111 3183 IDCO
2142 3147 2331 3193 enato,
2373 3147 2619 3199 et
2649 3147 2710 3183 Ci!
2757 3171 2768 3185 .

196 3193 404 3269 ciliciis
439 3208 800 3269 mortuorum,
827 3206 883 3251 et
901 3147 1193 3251 (liabanum
1222 3196 1468 3269 Maurum
1498 3198 1593 3269 liii.
1620 3212 1657 3269 ll
1708 3196 1783 3249 De
1804 3196 2131 3269 institutione
2164 3198 2495 3264 clericorum,
2526 3217 2648 3269 cap.
2676 3147 2768 3256 si.

272 3265 415 3321 Nata
450 3268 633 3329 tertio,
660 3277 814 3335 parte
839 3269 1000 3340 tertia
1033 3269 1194 3340 hujus
1217 3267 1462 3340 capitis§
1492 3267 1584 3333 XI,
1614 3267 1852 3338 Dionysii
1902 3268 2214 3340 testimonio
2246 3271 2313 3324 ab
2338 3265 2850 3340 apostolis'accepto
2880 3270 3153 3326 confutari
3182 3268 3474 3337 anabapti-

194 3343 337 3410 stas,
372 3340 466 3405 qui
499 3348 695 3410 negant
721 3338 979 3405 prodesse
1002 3338 1618 3410 parvulisbaptisinum,
1649 3347 1971 3410 cumtamen
1998 3339 2259 3410 Dominus
2274 3338 2482 3410 diserti
2515 3358 2532 3395 :
2564 3340 2737 3395 Sinite
2763 3338 3012 3410 parvulas
3048 3343 3223 3395 venire
3257 3343 3327 3391 ad
3362 3353 3465 3410 me,

195 3404 397 3458 talium
431 3404 907 3481 estrenimregnunt
937 3404 1203 3475 cistarum,
1236 3404 1405 3481 Marc.
1432 3426 1487 3474 χ,
1514 3409 1621 3473 14;
1654 3409 1796 3475 quod
1846 3407 2065 3481 quidem
2132 3408 2383 3481 Clemens
2443 3404 2889 3464 Consliluttuimm
2934 3412 3345 3481 apostoltcarum
3375 3408 3469 3463 lib.

194 3489 273 3537 Vt,
316 3492 441 3547 cap.
475 3479 565 3541 15,
599 3480 668 3531 de
709 3480 952 3546 parvulis
988 3480 1326 3550 baptizandis
1377 3482 1817 3550 interpretatur,
1868 3477 2058 3550 dicens
2102 3495 2117 3531 :
2170 3479 2453 3548 Baptizate
2510 3493 2683 3534 autent
2729 3491 2925 3535 vestros
2970 3477 3157 3550 pueros
3210 3481 3470 3547 infantes,

191 3556 243 3597 et
328 3543 724 3618 educatereos'
766 3550 821 3601 in
854 3543 1162 3618 _aisciplina
1220 3559 1269 3602 et
1340 3543 1622 3603 monitione
1683 3548 1825 3600 Dei:
1859 3543 2030 3600 Sinite
2086 3543 2266 3614 enim,
2331 3552 2404 3602 ait
2469 3550 2754 3615 Dominus,
2814 3543 3004 3618 pueros
3040 3552 3211 3604 venire
3269 3543 3339 3601 iul
3390 3562 3470 3618 uio

192 3627 243 3667 et
300 3633 379 3742 nl:
409 3617 685 3697 pre/iibete
712 3635 824 3687 eos,
852 3616 988 3673 Luc.
1024 3633 1184 3688 xvm,
1218 3619 1308 3675 16.
1343 3619 1505 3675 Plura
1552 3623 1619 3674 de
1673 3619 1775 3693 hac
1835 3631 1897 3669 re
1930 3619 2049 3673 vide
2092 3628 2231 3687 apud
2264 3618 2505 3689 Vasquez
2573 3626 2625 3673 in
2660 3616 2869 3691 partem
2924 3639 3011 3687 ιιι,
3044 3626 3306 3691 disputat.
3336 3616 3464 3683 ιδι,

194 3700 315 3742 cant
407 3705 608 3742 primo.

194 3700 379 3756 capite
405 3705 608 3759 primo.

1760 3838 1923 3855 ——

1263 4010 1755 4067 PABAPHRASIS
1784 4009 2233 4066 PACUYMEIUE
2274 4010 2408 4081 res).

266 4189 297 4260 §
332 4187 372 4240 1.
404 4189 621 4244 Τούτων
666 4186 761 4246 οὖν
799 4192 1195 4265 διωρισμένων,
1256 4196 1554 4264 ἀναγκαῖον
1600 4198 1765 4250 εἰπεῖν

1952 4195 1980 4268 §
2012 4195 2052 4251 l.
2085 4194 2176 4249 llis
2208 4194 2373 4264 igitur
2403 4192 2666 4260 deﬁnitis,
2701 4192 3017 4248 necessario
3062 4195 3228 4250 etiam
3263 4166 3457 4252 dicen?

183 4280 283 4332 καὶ
334 4279 592 4350 περὶτῶν
645 4282 1093 4353 κεκοιμημένων
1146 4285 1239 4338 καὶ
1294 4284 1404 4357 γὰρ
1442 4284 1563 4338 οὐδὲ
1610 4284 1765 4339 τοῦτο

1880 4290 2007 4343 dum
2038 4290 2105 4343 de
2133 4286 2400 4342 defunctis
2430 4304 2444 4340 :
2477 4301 2652 4355 neque
2680 4284 2897 4340 enimid
2924 4299 3215 4341 commune
3250 4286 3459 4351 habent

181 4371 387 4435 κοινῶς
415 4371 627 4442 ἔχουσιν
671 4374 724 4427 οἵ
760 4390 821 4426 τε
850 4376 1165 4446 Χριστιανοὶ
1198 4377 1441 4449 (τούτους
1489 4377 1599 4448 γὰρ
1623 4378 1765 4447 λέγει

1879 4378 2176 4435 Christiani
2219 4379 2382 4446 (quos
2438 4376 2526 4431 hic
2574 4391 2764 4431 sacros
2816 4374 2998 4446 vocat)
3026 4391 3151 4431 cum
3209 4379 3460 4455 externis

179 4464 355 4518 τανῦν
398 4464 614 4536 ἱερούς)
644 4467 737 4519 καὶ
761 4468 810 4518 οἱ
840 4466 1038 4530 ἔξωθεν
1087 4469 1366 4541 Ἕλληνες,
1422 4472 1472 4524 οἱ
1520 4471 1728 4541 ἀνίεροι
1753 4488 1766 4501 ο

178 4556 300 4609 ἀλλ’
357 4556 548 4627 ὥσπερ
601 4557 701 4627 τῆς
752 4557 899 4628 ζωῆς
958 4559 1138 4617 αὐτῶν
1190 4561 1323 4616 πολὺ
1385 4563 1447 4617 τὸ
1488 4564 1764 4635 διάφορον,

181 4650 318 4718 (τῶν
369 4652 467 4719 μὲν
522 4648 741 4713 ζώντων
771 4650 913 4705 κατὰ
953 4653 1187 4724 Χριστὸν
1240 4655 1299 4706 ὲν
1322 4654 1400 4725 τῷ
1446 4656 1772 4727 νεκροῦσθαι

175 4742 255 4813 τῷ
282 4739 520 4811 σώματι,
562 4740 672 4794 τῶν
716 4741 775 4794 δὲ
823 4741 1038 4807 ζώντων
1082 4744 1225 4797 κατά
1267 4744 1366 4808 τὰς
1414 4746 1515 4815 τῆς
1571 4748 1771 4819 σαρκὸς

174 4834 550 4906 ὲπιθυμίας,)
598 4834 739 4887 οὕτω
784 4835 881 4888 καὶ
927 4836 989 4888 τὸ
1032 4836 1186 4900 τέλος
1237 4838 1419 4891 αὐτῶν
1490 4839 1766 4910 διάφορον.

175 4932 235 4982 Ut
293 4929 531 4999 μὲνγὰρ
572 4929 724 4999 ἱεροὶ,
749 4930 1191 4995 ἀποσκοποῦντες
1224 4933 1359 5004 πρὸς
1408 4932 1507 4997 τὰς
1551 4933 1766 4988 ἐκεῖθεν

173 5019 420 5083 ἐλπίδας,
452 5020 590 5091 πρὸς
619 5020 679 5073 τὸ
699 5019 793 5072 τοῦ
812 5019 1039 5074 θανάτου
1062 5022 1233 5093 πέρας
1263 5022 1427 5087 ἴασιν,
1454 5023 1643 5096 ὥσπερ
1674 5024 1768 5077 ἐπὶ

172 5113 331 5176 τέλος
383 5111 632 5181 ἀγώνων,
681 5112 772 5167 τὸν
804 5112 905 5183 τῆς
944 5113 1290 5186 δικαιοσύνης
1312 5114 1612 5186 ληψόμενοι
1647 5116 1767 5169 στέ-

117 5210 120 5213 “
174 5221 347 5272 φανον
374 5204 434 5255 ἐν
460 5207 529 5275 τῇ
549 5204 702 5275 ὁλικῇ
726 5203 905 5257 αὐτῶν
927 5205 1221 5258 ἀναστάσει
1244 5208 1311 5276 τῇ
1353 5205 1492 5275 μετά
1514 5205 1765 5277 σώματος

171 5296 437 5366 δηλονότι·
467 5299 524 5349 αἱ
557 5298 655 5367 μὲν
674 5296 785 5369 γὰρ
808 5297 952 5368 ἱεραὶ
975 5298 1160 5369 ψυχαὶ,
1186 5298 1420 5353 ἐνταῦθα
1449 5300 1509 5352 τὺ
1532 5299 1764 5371 τρεπτὸν

172 5387 417 5459 ἔχουσαι,
448 5389 508 5443 ὲν
543 5392 610 5460 τῇ
638 5388 1028 5462 παλιγγενεσία
1060 5389 1122 5443 τὸ
1174 5391 1583 5462 ἀμετάτρεπτον
1615 5389 1765 5457 ἕξου-

175 5496 223 5532 σι
240 5498 253 5510 ·
302 5480 377 5534 τὰ
400 5481 457 5535 δὲ
474 5482 719 5553 ὁμόζυγα
736 5481 984 5553 σώματα,
1011 5482 1246 5537 ἐνταῦθα
1266 5486 1386 5547 ταῖς
1410 5483 1611 5554 ψυχαῖς
1638 5498 1764 5551 συγ-

172 5574 657 5646 κακοπαθήσαντα,
686 5576 785 5647 τὴν
804 5576 1010 5631 οἰκείαν
1032 5576 1328 5631 ἀνάστασιν
1355 5575 1755 5647 ἀπολήψονται,

238 5794 355 5869 (‘28)
411 5796 542 5853 Vide
570 5798 787 5855 Scholia
818 5799 876 5856 S.
925 5798 1164 5865 Maximi,
1202 5808 1335 5856 tom.
1377 5797 1443 5866 ll,
1488 5813 1609 5870 cap.
1672 5798 1702 5850 7
1735 5797 1936 5854 Eccles.
1968 5798 2099 5854 In‘er.

1878 4467 2196 4540 gentilibus,
2221 4467 2312 4537 qui
2354 4464 2570 4537 profani
2604 4476 2730 4520 sunt
2765 4482 2779 4517 :
2808 4465 2901 4520 sed
2938 4465 3084 4520 sicut
3110 4465 3255 4521 inter
3287 4468 3459 4523 vitam

1875 4575 2066 4616 eorum
2098 4558 2329 4614 multum
2357 4558 2591 4615 interest
2618 4559 2765 4628 (cum
2807 4559 2882 4614 illi
2907 4561 3128 4630 quidem
3160 4564 3457 4616 secundum

1875 4652 2157 4707 Christum
2221 4653 2408 4705 vivant
2460 4665 2665 4720 corpus
2719 4650 3146 4717 mortiﬁcando;
3192 4651 3248 4705 hi
3323 4668 3458 4707 vero

1875 4743 2174 4797 secundum
2202 4744 2388 4798 carnis
2412 4743 2891 4811 concupiscentias
2914 4744 3084 4796 vitam
3118 4745 3455 4815 instituant),

1874 4837 1957 4892 sic
1988 4844 2043 4889 et
2071 4835 2193 4891 ﬁnis
2229 4851 2421 4891 eorum
2484 4836 2755 4890 diversus.
2806 4835 3085 4904 Siquidem
3155 4838 3329 4890 sancti
3384 4838 3453 4890 ad

1873 4946 1998 5000 spes
2028 4928 2239 4984 futuras
2285 4929 2647 4995 attendentes,
2681 4928 2747 4981 ad
2781 4928 2974 4982 mortis
3022 4929 3320 4983 terminum
3354 4944 3452 4982 ve-

1871 5022 2031 5075 niunt
2065 5030 2322 5088 tanquam
2358 5017 2427 5071 ad
2451 5017 2614 5071 ﬁnem
2642 5020 3024 5083 certaminum,
3049 5019 3269 5071 virtutis
3293 5034 3454 5072 coro-

1872 5128 1998 5166 nam
2022 5108 2289 5181 recepturi
2323 5108 2375 5162 in
2436 5108 2585 5162 totali
2633 5126 2729 5164 sua
2765 5109 3198 5173 resurrectione,
3232 5109 3451 5164 scilicet

1869 5220 1975 5258 una
2019 5218 2142 5257 cum
2167 5215 2395 5270 corpore
2427 5222 2442 5255 :
2475 5212 2679 5257 sancta:
2710 5202 2855 5257 enim
2912 5202 3111 5257 anima:
3170 5218 3293 5257 cum
3358 5186 3449 5255 hic

1866 5295 2101 5366 perverti
2145 5296 2371 5364 possint,
2404 5294 2458 5348 in
2489 5296 2888 5350 resurrectione
2940 5294 3443 5349 immutabilitatem‘

1864 5395 2311 5456 consequentur;
2347 5400 2574 5453 corpora
2623 5400 2777 5449 vero,
2838 5401 2956 5455 qua:
3009 5385 3098 5439 hic
3155 5382 3445 5437 animabus

1863 5467 2113 5549 copulata
2156 5496 2261 5534 una
2302 5494 2423 5535 cum
2472 5478 2538 5534 iis
2565 5478 2705 5533 mala
2737 5478 3101 5549 pertulerunt,
3146 5477 3427 5547 propriam

1864 5587 2079 5643 quoque
2112 5572 2569 5629 resurrectionem
2602 5573 2901 5629 sortientur
2929 5589 2944 5639 ;
2976 5570 3267 5628 animabus
3286 5569 3441 5639 suis,
