3876 6226
461 291 560 348 571

1612 293 1668 353 Β.
1710 294 2013 352 DlONYSIl
2047 294 2512 354 AREOPAGITE

3614 292 3720 351 572

460 411 661 477 quibus
700 414 755 464 lo
786 401 889 466 b'ac
936 412 1048 465 vita
1100 412 1392 481 conjuncta
1444 410 1711 479 fuerant,
1764 412 1977 466 reunila

2144 407 2409 462 ἑνωθέντα
2457 409 2579 472 ταῖς
2635 407 2852 478 ψυχαῖς,
2903 401 2989 471 αἷς
3035 408 3268 477 ῆνωνται
3295 404 3435 459 κατά
3458 405 3553 461 τὸν
3594 407 3719 476 τῇδε

460 512 829 571 assequentur
890 514 1072 559 autem
1120 504 1441 560 deiformem
1496 504 1726 574 gloriam
1782 514 2037 575 tanquam

458 590 703 647 membra
733 592 854 649 Dei.

533 704 562 775 ς
601 704 663 758 ll.
691 704 1048 763 Profanorum
1077 723 1208 764 vero
1245 708 1410 779 aliqui
1438 708 1655 778 quidem
1681 710 1801 765 sine
1828 709 2040 766 ratione

2140 496 2254 569 βίον
2274 515 2286 527 ·
2317 496 2680 570 ἀπολήψονται
2700 497 2757 551 δὲ
2780 498 2873 551 καὶ
2906 497 3005 568 τὴν
3032 496 3237 568 θεοειδῆ
3284 496 3439 564 δόξαν
3460 497 3540 560 ὼς
3580 496 3719 567 μέλη

2142 590 2306 645 Θεοῦ.

2218 702 2335 774 διι.
2364 704 2485 758 Τῶν
2525 703 2582 758 δὲ
2607 703 2835 775 ἀνιέρων
2868 705 2924 761 0L
2963 702 3063 773 μὲν
3086 700 3493 773 ἀλογιστότερον
3524 701 3599 772 μὴ
3628 702 3720 774 μό-

462 808 807 866 putant,non
837 800 1011 854 solum
1057 817 1349 874 corporum
1400 817 1510 856 non
1562 800 1798 855 futuram
1859 814 2016 855 resur

2139 810 2230 847 νον
2257 796 2526 866 σωμάτων
2573 794 2634 848 ού
2681 792 2994 859 δοξάζουσιν
3020 790 3399 859 ἐξανάστασιν,
3438 791 3579 846 ἀλλά
3628 796 3718 848 καὶ

465 890 787 957 rectionem,
814 906 1000 947 verum
1040 895 1204 948 etiam
1247 896 1509 965 ipsasmet
1553 895 1766 948 animas
1816 895 2040 963 penitus

459 980 689 1043 aboleri.
721 996 815 1036 seu
852 984 903 1037 in
931 983 1161 1039 nihilum
1192 986 1383 1052 abire;
1418 985 1507 1039 alii
1534 1000 1685 1051 vero,
1721 986 1805 1040 bis
1846 986 2038 1056 utique

457 1074 864 1141 prudentiores,
895 1087 951 1131 ut
980 1077 1155 1146 Plato,
1181 1081 1356 1145 aiunt,
1388 1094 1592 1149 corpus
1647 1079 1868 1149 quidem
1916 1087 2039 1149 post

457 1177 685 1220 tnurtem
718 1183 1059 1240 nequaquam
1084 1172 1469 1238 substiturnm,
1499 1174 1596 1228 sed
1624 1188 1724 1226 nec
1776 1173 1828 1226 in
1878 1183 2037 1226 teter-

456 1270 587 1308 nunt
614 1257 681 1310 ad
707 1259 1116 1313 subsistentiam
1145 1276 1299 1315 suam
1331 1277 1705 1317 reversurum.
1752 1262 1865 1317 lloe
1887 1262 2035 1317 enim

448 1358 537 1403 est
566 1350 707 1418 quod
736 1351 865 1404 dicit
892 1351 1149 1417 εἰσάπαξ.
1177 1353 1456 1423 Indignum
1488 1356 1635 1409 enim
1678 1371 1821 1419 esse,
1852 1356 2029 1420 aiunt,

440 1452 511 1496 ut
543 1443 824 1497 materiale
846 1460 1041 1512 corpus
1066 1448 1262 1501 animae
1288 1447 1635 1502 itnmateriali
1668 1450 1739 1502 sit
1766 1463 2032 1517 coaavom,

434 1536 687 1609 animam
716 1551 845 1590 vero
872 1537 1042 1591 solam
1069 1552 1190 1591 esse
1241 1538 1628 1593 immortalem.
1684 1539 1829 1594 Idem
1860 1540 2028 1594 etiam

450 1628 693 1683 Simonis
748 1628 998 1697 discipuli
1037 1631 1515 1692 asserebant.-non
1543 1632 1873 1702 cogitantes,
1905 1646 2036 1687 nec-

444 1716 577 1769 dum
605 1716 783 1770 edoeti
814 1732 842 1769 a
872 1732 1068 1786 tnagno
1099 1718 1344 1785 apostolo
1367 1717 1535 1770 Paulo
1570 1720 1806 1782 dicente,
1837 1720 2033 1789 pignus

2139 886 2239 951 τὰς
2282 886 2460 958 ψυχὰς
2520 886 2690 951 αύτάς
2728 890 2808 951 είς
2853 886 3063 940 τελείαν
3134 886 3472 957 ἀνυπαρξίαν
3524 890 3717 957 χωρεῖν

2136 975 2359 1030 οἴονται.
2387 978 2449 1029 Oi
2475 976 2531 1028 δὲ
2550 975 2898 1048 λογικώτεροι
2914 976 3077 1046 δῆθεν
3094 975 3293 1039 αὐτῶν,
3318 976 3395 1038 ὼς
3420 977 3450 1027 0
3471 976 3716 1040 Πλάτων,

2135 1070 2200 1123 τὸ
2222 1070 2319 1141 μὲν
2348 1070 2505 1140 σῶμα
2534 1069 2672 1141 μετά
2715 1069 2941 1123 θάνατον
2967 1069 3149 1122 οὐκέτι
3177 1069 3310 1139 φασὶ
3335 1067 3714 1139 συστήσεσθαι,

2135 1161 2255 1214 ἀλλ’
2284 1164 2363 1225 είς
2387 1161 2588 1226 αἰῶνας
2611 1163 2710 1233 ούχ
2736 1162 3100 1234 ὑποστρέφειν
3128 1160 3207 1214 ἔτι
3231 1162 3367 1232 πρὸς
3393 1163 3461 1232 ἦν
3483 1161 3599 1231 ἔχει
3628 1161 3717 1214 σύ-

2140 1270 2364 1307 στασιν·
2397 1254 2556 1308 τοῦτο
2594 1257 2701 1327 γάρ
2748 1255 2896 1308 ἐστιν
2937 1256 2967 1308 ὅ
3015 1272 3177 1326 φησιν
3214 1253 3499 1318 εἰσάπαξ.
3562 1255 3715 1308 Ἀνά-

2137 1342 2248 1410 ξιον
2287 1346 2394 1415 γάρ
2440 1362 2602 1413 φασιν
2625 1342 2763 1399 εἶναι
2788 1346 2849 1400 τὸ
2876 1346 3060 1399 ὑλικὸν
3084 1344 3453 1409 συναιωνίζειν
3477 1348 3548 1417 τῇ
3578 1345 3717 1417 ἀΰλῳ

2134 1435 2303 1506 ψυχῇ,
2330 1437 2430 1507 τὴν
2467 1436 2643 1507 ψυχὴν
2687 1438 2853 1509 μόνην
2882 1438 3163 1501 ἀθανάτως
3191 1438 3481 1511 ὑπάρχειν.
3537 1439 3715 1491 Ταῦτα

2133 1524 2230 1577 καὶ
2254 1525 2303 1575 0i
2350 1525 2456 1577 ἀπὸ
2509 1525 2748 1595 Σίμωνος
2782 1526 2990 1595 ἔλεγον,
3041 1528 3143 1581 οὐκ
3193 1530 3554 1600 ὲννοήσαντες
3601 1529 3715 1582 οὐδὲ

2137 1614 2435 1686 μυηθέντες
2476 1616 2627 1687 παρά
2661 1618 2755 1671 τοῦ
2798 1617 3033 1690 μεγάλου
3063 1618 3356 1672 ἀποστόλου
3391 1619 3611 1672 Παύλου
3636 1620 3717 1672 λέ-

2134 1721 2342 1773 γοντος,
2393 1707 2687 1779 ἀρραϐῶνα
2730 1710 2822 1764 καὶ
2859 1710 3132 1777 ἀπόδειξιν
3152 1711 3250 1782 τῆς
3300 1712 3440 1782 μετά
3467 1709 3716 1782 σώματος

446 1817 501 1864 et
526 1806 904 1876 probationem
933 1808 1260 1863 universalis
1298 1809 1349 1862 iu
1382 1809 1549 1881 274
1577 1824 1806 1880 corpore
1835 1811 2016 1864 futura

2136 1795 2431 1868 καθολικῆς
2505 1801 2853 1864 ἀναστάσεως
2903 1800 2993 1854 τὸν
3044 1801 3245 1871 Κύριον
3293 1802 3451 1873 ἡμῶν
3512 1801 3716 1873 Ἰησοῦν

446 1901 867 1956 resurrectionis
900 1902 1187 1956 Dominum
1214 1912 1462 1957 nostrum
1504 1902 1690 1957 .lesutn
1748 1901 2029 1957 Christum

439 1993 757 2058 exstitisse;
785 2002 844 2047 et
874 1994 1017 2063 quod
1053 1994 1106 2047 in
1129 1994 1245 2062 ipso
1273 1995 1433 2048 modo
1459 1995 1780 2049 abscondita
1814 1994 1889 2049 sit
1920 1994 2029 2049 vita

444 2094 637 2138 nostra
685 2084 740 2137 in
794 2083 905 2139 Deo
970 2084 1265 2139 revelamla
1316 2085 1371 2137 in
1430 2086 1857 2154 regeneratione.
1922 2086 2027 2140 Alii

443 2192 575 2232 vero
606 2176 860 2232 dicebant
892 2192 1090 2244 corpus
1122 2187 1251 2232 tunc
1295 2192 1514 2233 aereum
1561 2178 1757 2233 animis
1783 2177 2026 2233 futurum

438 2270 706 2339 (simodo
748 2272 988 2326 luturum
1024 2271 1121 2341 sit)
1148 2281 1206 2327 et
1251 2288 1357 2327 non
1410 2284 1846 2328 resurrecturum
1893 2273 2026 2328 illud

434 2362 625 2431 ipsum
678 2363 826 2432 quod
874 2365 1036 2418 modo
1080 2366 1344 2437 gerimus,
1393 2366 1717 2435 corporibus
1767 2383 1888 2437 qua:
1921 2382 2025 2421 una

440 2454 803 2508 decertarunt
838 2455 1092 2523 ittjuriam
1122 2459 1450 2527 irregantes.
1481 2458 1586 2515 Alii
1618 2474 1804 2529 porro,
1837 2460 2024 2515 nescio

433 2560 552 2614 quo
578 2555 735 2615 pacto
768 2546 836 2600 ad
870 2558 1118 2603 terrenas
1140 2535 1529 2618 cogitationes
1558 2551 1859 2621 provocati,
1885 2551 2024 2605 scri-

439 2644 672 2705 pserunt
706 2635 781 2691 ibi
820 2638 974 2692 cibos
1006 2649 1274 2710 potusque
1321 2640 1554 2697 sensiles
1588 2643 1822 2699 futuros.
1888 2642 2024 2697 Insi—

440 2728 603 2782 nuari
647 2728 801 2783 aiunt
823 2743 920 2799 per
950 2730 1051 2785 hoc
1084 2730 1366 2802 Pappiam,
1393 2731 1698 2803 llierapolis
1734 2733 1879 2787 Asiae
1905 2734 2022 2803 epi—

446 2834 701 2890 scopum,
727 2824 817 2891 qui
844 2822 953 2878 dlvi
1000 2822 1229 2879 Joannis
1278 2826 1630 2895 evangelista:
1684 2826 2021 2896 temporibus

436 2911 645 2966 ﬂoruit.
679 2911 779 2969 llic
804 2915 948 2969 enim
968 2914 1201 2985 Pappias
1225 2916 1360 2972 libro
1387 2927 1582 2987 quarto
1612 2917 2018 2972 Dominicarum

436 3021 657 3059 suarum
689 3006 1118 3075 explanationum
1149 3008 1389 3079 scripsit,
1418 3008 1538 3065 fore
1563 3010 1616 3064 in
1657 3012 2017 3067 resurrectio-

437 3110 509 3150 ne
549 3098 854 3168 voluptates
883 3115 1003 3169 qum
1050 3101 1426 3170 percipiuntur
1466 3120 1533 3158 ex
1583 3106 1756 3171 cibis;
1784 3105 1838 3161 in
1872 3106 2015 3176 quod

436 3188 657 3255 quidem
696 3190 889 3260 dogma
938 3194 1281 3260 postmodum
1329 3195 1700 3262 Apollinarius
1756 3199 2009 3253 credidit.

436 3279 718 3345 Quomodo
779 3284 947 3354 igitur
985 3285 1315 3356 Apollinarii
1366 3299 1531 3343 erunt
1582 3290 1787 3359 scripta
1841 3291 2017 3346 sancti

436 3369 708 3442 Dionysii,
742 3376 1041 3432 secundum
1078 3394 1246 3447 nugas
1298 3378 1635 3450 aliquorum,
1666 3396 1787 3452 qua:
1814 3381 2019 3450 Apolli-

438 3467 654 3519 narium
693 3467 982 3523 refutant‘!
1023 3469 1128 3525 Sed
1158 3487 1317 3527 nemo
1357 3474 1596 3528 virorum
1624 3475 1917 3543 proborum
1948 3476 2016 3531 ad

436 3556 744 3613 istiusmodi
797 3560 1171 3618 absurditates
1213 3565 1538 3631 abducetur,
1576 3582 1763 3621 rerum
1791 3566 2017 3620 creden-

435 3636 517 3703 tes
541 3664 601 3705 se
629 3651 1063 3708 Christiformem
1096 3664 1296 3710 sortem
1320 3658 1633 3728 adepturos,
1660 3661 2013 3714 mutationem

434 3738 628 3792 mortis
656 3740 876 3797 minime
904 3742 1293 3809 formidabunt,
1333 3748 1501 3817 probe
1529 3749 1762 3803 scientes
1782 3763 1839 3803 se
1871 3751 2013 3805 bona

432 3841 589 3898 parta
622 3833 895 3888 stabiliter
928 3851 1295 3905 possessores.
1337 3837 1660 3895 Peccatores
1681 3855 1810 3897 vero
1838 3843 2013 3912 siqui-

432 3921 556 3975 dem
590 3937 803 3978 sacram
856 3926 1140 3982 hauserint
1181 3929 1602 3997 institutionem,
1629 3948 1801 4003 eaque
1830 3938 2011 4004 negle-

432 4024 546 4078 eta,
572 4014 639 4067 ad
697 4020 1165 4087 concupiscentias
1221 4039 1317 4078 sua
1369 4035 1563 4095 sponte
1611 4025 1846 4081 devoluti
1879 4028 2007 4091 sint,

430 4121 556 4159 cum
593 4109 661 4160 ad
704 4109 826 4163 vita:
887 4113 1048 4166 linem
1085 4116 1461 4183 pervenerint,
1511 4132 1618 4171 non
1675 4120 1784 4188 jam
1837 4118 2008 4189 legem

428 4196 668 4250 divinam
723 4214 877 4269 teque
928 4211 983 4255 ut
1033 4204 1184 4272 prius
1217 4206 1605 4274 deSpicabilem
1651 4210 2004 4277 existimant;

424 4292 523 4346 sed
554 4292 678 4347 aliis
711 4292 869 4364 longe
892 4297 1085 4361 oculis,
1108 4301 1446 4369 spiritalibus
1474 4305 1690 4357 demum
1721 4313 1776 4359 et
1802 4320 1865 4359 ea
1888 4322 2008 4375 quae

426 4382 543 4438 illic
593 4396 719 4439 sunt
760 4387 1120 4457 intuentibus,
1196 4405 1259 4446 ea
1306 4408 1427 4461 qua:
1476 4395 1548 4448 ibi
1586 4406 1714 4450 sunt
1748 4399 2005 4452 conside-

2135 1888 2374 1959 Χριστὸν
2405 1890 2755 1961 γεγενῆσθαι,
2786 1892 2879 1945 καὶ
2905 1892 2985 1945 ὅτι
3013 1894 3071 1945 ὲν
3099 1893 3247 1963 αύτῷ
3268 1893 3362 1946 νῦν
3410 1894 3715 1964 κέκρυπται

2134 1985 2167 2054 η
2218 1980 2329 2053 ζωὴ
2378 1983 2533 2054 ἡμῶν
2580 1986 2638 2038 ὲν
2684 1983 2762 2054 τῷ
2821 1984 2939 2056 Θεῷ
2990 1986 3484 2058 φανερωθησομένη
3546 1988 3607 2039 έν
3651 1991 3712 2057 τῇ

2132 2072 2541 2146 παλιγγενεσία.
2598 2074 2780 2128 ¹Ἄλλοι
2825 2076 2883 2130 δὲ
2909 2075 3155 2147 αἰθέριον
3199 2077 3439 2146 ἔφασκον
3498 2077 3715 2129 ἔσεσθαι

2132 2163 2210 2233 (εἴ
2229 2182 2294 2233 γε
2318 2166 2412 2219 καὶ
2435 2165 2674 2237 ἔσεσθαι)
2704 2166 2863 2239 σῶμα
2885 2170 3007 2231 ταῖς
3027 2168 3245 2239 ψυχαῖς,
3286 2169 3379 2221 καὶ
3437 2169 3542 2221 οὐκ
3589 2168 3717 2222 αὐτὸ

2128 2257 2285 2309 τοῦτο
2310 2257 2765 2332 ὲξαναστήσεσθαι
2791 2259 2820 2313 ὃ
2857 2260 3237 2332 περικείμεθα,
3286 2260 3602 2326 ἀδικοῦντες
3648 2261 3717 2315 τὰ

2130 2348 2538 2423 συναθλήσαντα
2587 2349 2833 2422 σώματα.
2866 2350 3049 2406 Ἄλλοι
3074 2351 3151 2416 δὲ,
3184 2353 3285 2407 οὐκ
3322 2348 3419 2406 οἷδ’
3442 2353 3593 2417 ὅπως
3638 2354 3715 2416 είς

2127 2439 2337 2505 ἑννοίας
2375 2440 2568 2505 ὑλικὰς
2612 2442 3005 2509 ἀποκλιθέντες
3024 2484 3039 2509 ,
3067 2444 3274 2515 τροφὰς
3300 2446 3574 2517 αἰσθητὰς
3624 2448 3717 2500 καὶ

2127 2532 2314 2596 πόσεις
2360 2533 2539 2589 ἐκεῖσε
2579 2534 2951 2608 γενησομένας
3018 2536 3352 2609 ἀνέγραψαν.
3408 2538 3714 2591 Αίνίττεται

2122 2623 2202 2689 δὲ,
2234 2627 2418 2694 φασιν,
2448 2629 2528 2691 είς
2590 2628 2850 2682 Παππίαν
2875 2629 2966 2681 τὸν
3002 2629 3357 2700 Ίεραπόλεως
3383 2632 3484 2703 τῆς
3528 2632 3715 2696 Ἀσίας

2122 2717 2445 2783 ἐπίσκοπον,
2494 2720 2586 2774 τὸν
2632 2720 2710 2793 τῷ
2760 2721 2889 2793 θείῳ
2939 2722 3034 2775 καὶ
3079 2723 3443 2795 εύαγγελιστῇ
3484 2726 3717 2799 Ἰωάννῃ

2124 2812 2569 2882 συνακμάσαντα.
2598 2808 2766 2878 Οὗτος
2790 2814 2902 2888 γάρ
2938 2818 2967 2870 0
2992 2818 3256 2880 Παππίας
3279 2818 3339 2869 ὲν
3359 2816 3437 2887 τῷ
3464 2818 3714 2891 τετάρτῳ

2122 2912 2313 2986 βιϐλίῳ
2335 2915 2445 2967 τῶν
2469 2915 2762 2987 Κυριακῶν
2789 2916 2957 2971 αὐτοῦ
2987 2915 3298 2989 ἐξηγήσεων
3326 2918 3426 2985 τὰς
3458 2918 3551 2973 διὰ
3577 2919 3716 2990 βρω-

2123 3007 2311 3078 μάτων
2346 3002 2498 3061 εῑπεν
2526 3008 2582 3061 ὲν
2614 3010 2680 3079 τῇ
2729 3008 3024 3064 ἀναστάσει
3070 3010 3399 3073 ἀπολαύσεις
3422 3027 3440 3040 '
3470 3013 3555 3074 είς
3577 3012 3715 3083 ὅπερ

2120 3095 2296 3167 δόγμα
2323 3099 2415 3151 καὶ
2467 3099 2495 3151 0
2539 3098 2941 3172 ’Λπολλινάριος
2997 3100 3136 3171 μετά
3184 3100 3358 3155 ταῦτα
3382 3102 3701 3155 ἐπίστευσε.

2122 3188 2249 3253 Πῶς
2292 3187 2387 3243 οὖν
2427 3190 2833 3263 Ἀπολλιναρίου
2866 3191 3039 3245 ταῦτα
3079 3192 3149 3246 τὰ
3192 3194 3285 3246 τοῦ
3309 3195 3471 3262 ἁγίου
3522 3198 3712 3249 Διονυ-

2121 3278 2238 3330 σίου
2297 3269 2708 3351 συγγράμματα
2762 3282 2904 3335 κατὰ
2966 3282 3090 3346 τούς
3138 3300 3298 3337 τινων
3344 3283 3586 3356 λήρους,
3644 3287 3713 3340 τά

2119 3368 2446 3441 ἀναιροῦντα
2478 3371 2881 3444 Ἀπολλινάριον
2904 3389 2918 3439 ;
2946 3372 3085 3425 Ἀλλ’
3109 3374 3212 3425 οὐκ
3232 3373 3296 3427 ἀν
3314 3392 3399 3439 τις
3412 3375 3525 3429 τῶν
3549 3375 3712 3447 ίερῶν

2117 3460 2329 3533 ἀνδρῶν
2377 3462 2458 3526 είς
2499 3460 2750 3526 τοιαύτας
2791 3462 3021 3526 ἀτοπίας
3060 3463 3516 3534 ἀπενεχθήσεται·
3572 3464 3712 3519 ἀλλὰ

2115 3551 2483 3618 πιστεύοντες,
2509 3554 2590 3606 ὅτι
2621 3552 2879 3625 λήψονται
2906 3554 3006 3625 τὴν
3052 3556 3374 3626 Χριστοειδῆ
3427 3556 3608 3626 λῆξιν,
3642 3559 3707 3612 οὐ

2114 3644 2214 3715 τὴν
2240 3645 2334 3697 ἐπὶ
2384 3644 2613 3699 θάνατον
2638 3644 2937 3711 δεδοικότες
2964 3647 3192 3719 τροπὴν,
3236 3647 3351 3700 ἀλλ’
3388 3642 3449 3701 εὖ
3504 3649 3710 3718 εἰδότες

2114 3736 2195 3789 ὅτι
2226 3736 2295 3790 τά
2344 3736 2610 3808 κτηθέντα
2631 3739 2772 3792 καλά
2804 3739 3036 3811 βεϐαίως
3062 3740 3297 3806 ἕξουσιν.
3333 3742 3396 3795 Οἱ
3432 3741 3488 3793 δὲ
3522 3736 3711 3814 ἀμαρὲ

2111 3827 2293 3893 τωλοὶ,
2342 3828 2504 3900 εἴπερ
2538 3831 2644 3883 είσὶ
2672 3832 2767 3884 καὶ
2797 3832 3159 3904 μεμυημένοι,
3209 3834 3334 3886 ἐπεὶ
3395 3836 3535 3906 πρὸς
3585 3837 3710 3890 ἑπι-

2113 3922 2313 3992 θυμίας
2354 3922 2831 3995 ἀπηυτομόλησαν,
2861 3925 2988 3977 ὅταν
3052 3926 3189 3997 πρὸς
3238 3927 3300 3979 τὸ
3325 3927 3477 3991 τέλος
3503 3928 3707 3999 ἕρχωνε

2111 4031 2226 4077 ται,
2256 4015 2439 4067 ούκέτι
2486 4015 2607 4067 τότε
2664 4017 3140 4088 εὐκαταφρόνητον
3200 4019 3289 4071 τὸν
3342 4019 3482 4072 θεῖον
3535 4022 3705 4093 νόμον

2111 4104 2412 4174 λογίζονται
2440 4106 2516 4169 ὡς
2553 4107 2650 4161 καὶ
2680 4109 2965 4180 πρότερον,
2993 4108 3109 4162 ἀλλ’
3136 4110 3346 4181 ἑτέροις
3395 4110 3702 4183 ὀφθαλμοῖς

2109 4202 2316 4269 νοεροῖς
2365 4199 2548 4253 λοιπὸν
2613 4201 2794 4255 καὶτὰ
2836 4202 3017 4255 ἐκεῖσε
3072 4204 3398 4268 σκοποῦσιν,
3455 4206 3700 4260 ἀποσκο-

2109 4290 2338 4355 ποῦντες
2404 4291 2473 4346 τὰ
2528 4294 2730 4357 ἐκεῖσε,
2780 4294 2875 4345 καὶ
2942 4287 3020 4347 ὧν
3058 4296 3471 4359 ὲκπεπτώκασι,
3522 4317 3702 4369 μακας-

2112 4382 2319 4453 ρίζουσι
2381 4384 2480 4455 μὲν
2547 4386 2673 4450 τοὺς
2731 4387 2956 4441 ἐκείνων
3024 4389 3367 4460 ἁψαμένους,
3444 4391 3699 4458 ἐλεεινῶς

422 4494 645 4546 rantes,
674 4490 728 4534 et
775 4482 970 4551 quibus
1024 4484 1181 4538 bonis
1237 4487 1546 4540 exciderint
1591 4492 1999 4558 expendentes,

2123 4476 2162 4528 ῑὲ
2216 4477 2314 4547 τῆς
2372 4477 2654 4550 παρούσης
2725 4478 2873 4551 ζωῆς
2919 4482 3343 4552 ἀποσχίζονται,
3388 4485 3492 4538 οὐκ
3540 4486 3694 4558 ἕχον-

423 4568 617 4625 bcatos
645 4573 862 4641 quidem
902 4576 1203 4645 praedicant
1228 4591 1324 4632 eos
1348 4578 1438 4647 qui
1492 4579 1584 4632 illa
1626 4580 1805 4648 adepti
1847 4593 2000 4648 sunt,

420 4662 607 4718 miseri
648 4677 827 4721 autent
870 4678 925 4723 et
969 4670 1123 4724 inviti
1159 4684 1226 4724 ex
1266 4672 1368 4727 bac
1396 4673 1504 4726 vita
1534 4674 1837 4743 decedunt,
1877 4692 2004 4746 pro-

416 4762 541 4825 pter
592 4756 756 4811 vitam
788 4776 940 4813 suam
970 4762 1285 4831 pessimam,
1330 4763 1477 4818 nulla
1512 4765 1703 4821 salutis
1733 4782 1830 4837 spe
1852 4768 1997 4822 fulti.

493 4846 522 4918 §
567 4848 651 4903 ΙΙΙ.
691 4838 824 4905 Cum
858 4854 908 4907 in
940 4865 1253 4911 sanctorum
1305 4857 1806 4916 obdormitionibus
1865 4861 2001 4916 niltil

418 4930 614 4998 ltorum
668 4946 899 5011 accidat,
933 4947 978 5001 is
1007 4948 1225 5016 quidem
1260 4950 1351 5019 qui
1398 4952 1465 5005 ad
1522 4952 1647 5006 vita:
1675 4952 1837 5009 linem
1876 4968 1999 5023 pro-

416 5047 597 5115 perat,
630 5039 829 5107 gaudet
894 5054 952 5095 se
978 5043 1045 5095 ad
1101 5053 1344 5097 sanctam
1374 5030 1843 5113 regenerationem
1874 5062 2000 5116 per-

416 5132 639 5195 venire,
698 5132 942 5188 defuncti
985 5145 1167 5190 autetn
1216 5134 1533 5205 familiares,
1569 5140 1843 5209 spiritales
1899 5156 1998 5210 po-

414 5229 525 5284 tius
558 5244 722 5299 quam
769 5231 1020 5285 carnales
1067 5232 1195 5303 (hoc
1217 5235 1361 5287 enim
1416 5242 1501 5289 est
1531 5250 1628 5305 pro
1648 5235 1771 5303 jure
1798 5234 1997 5289 divina:

414 5322 858 5394 propinquitatis)
890 5323 1109 5377 beatum
1140 5324 1312 5395 ipsum
1338 5326 1663 5395 praedicant,
1687 5336 1741 5382 et
1759 5327 1993 5384 similem

413 5418 577 5495 fidem
627 5417 1000 5476 beatissimum
1045 5420 1146 5491 ipsi
1177 5436 1392 5490 quoque
1426 5422 1686 5494 consequi
1712 5430 1992 5492 exoptant.

411 5515 644 5601 [fortant
674 5532 853 5578 autem
896 5523 1070 5593 ipsum
1130 5524 1197 5579 ad
1232 5525 1567 5594 episcopum,
1598 5525 1754 5595 quasi
1774 5526 1993 5581 coronis

413 5615 810 5673 ntunerandum
842 5633 857 5686 ;
893 5618 982 5674 hic
1003 5629 1150 5691 vero
1181 5618 1361 5690 ipsuut
1412 5620 1692 5691 excipiens
1746 5620 1794 5675 ei
1842 5619 1992 5692 justa

411 5705 694 5763 persolvit.

2103 4585 2199 4649 τες
2267 4568 2463 4623 ἐλπίδα
2523 4572 2798 4643 σωτηρίας
2855 4573 2945 4627 διὰ
2991 4576 3089 4646 τὴν
3147 4574 3431 4647 χειρίστην
3494 4578 3696 4650 διαγω-

2100 4674 2229 4741 τήν.

2181 4863 2319 4935 θιιῐ.
2352 4865 2570 4920 Τούτων
2620 4865 2831 4931 οὐδενος
2869 4870 3168 4940 γινομένων
3228 4870 3371 4923 κατά
3428 4870 3534 4935 τὰς
3587 4872 3693 4924 τῶν

2102 4954 2274 5023 ἁγίων
2302 4955 2511 5025 ἀνδρῶν
2550 4959 2859 5028 κοιμήσεις,
2899 4959 3059 5023 αύτὸς
3091 4960 3189 5029 μὲν
3227 4960 3256 5012 0
3301 4959 3441 5031 πρὸς
3488 4962 3555 5014 τὸ
3602 4963 3693 5015 πέ-

2104 5062 2202 5116 ρας
2245 5047 2556 5118 ἐρχόμενος,
2609 5047 2785 5119 χαίρει
2826 5049 3120 5103 ὲπιϐαίνων
3168 5051 3267 5120 τῆς
3306 5052 3459 5120 ἱερᾶς
3498 5053 3693 5121 παλιγ-

2099 5137 2372 5204 γενεσίας,
2426 5140 2476 5191 οἱ
2512 5138 2570 5191 δὲ
2625 5139 2720 5191 τοῦ
2750 5139 3106 5211 κοιμηθέντος
3154 5143 3365 5203 οἰκεῖοι,
3405 5145 3456 5195 0i
3522 5160 3689 5196 πνευο

2100 5233 2321 5299 ματικόί
2351 5231 2550 5303 μᾶλλον
2575 5234 2721 5305 ἢπερ
2746 5234 2798 5285 οί
2826 5233 2968 5287 κατὰ
3000 5234 3176 5305 σάρκα
3201 5234 3377 5304 (τοῦτο
3432 5236 3547 5309 γάρ
3574 5240 3684 5291 ἐστι

2096 5325 2159 5378 τὸ
2205 5325 2346 5379 κατὰ
2390 5325 2491 5398 τὴν
2532 5326 2681 5380 θείαν
2727 5325 3071 5398 οἰκειότητα)
3122 5326 3285 5379 αὐτόν
3335 5344 3396 5380 τε
3444 5328 3684 5401 μακαρί-

2098 5417 2247 5483 ζουσι
2274 5422 2366 5473 καὶ
2410 5420 2649 5473 τοιοῦτον
2692 5421 3027 5492 μακαριστὸν
3075 5420 3229 5486 τέλος
3295 5419 3550 5493 εὔχονται
3594 5422 3681 5477 καὶ

2096 5512 2250 5565 αὐτοὶ⁸
2272 5511 2559 5583 λήψεσθαι.
2583 5512 2813 5581 Ἀγουσι
2839 5514 2898 5567 δὲ
2926 5512 3115 5567 τοῦτον
3141 5515 3233 5568 ὲπὶ
3271 5514 3363 5568 τὸν
3391 5516 3678 5588 ίερὰρχην,

2094 5607 2169 5671 ὡς
2194 5608 2287 5661 ἐπὶ
2336 5606 2483 5661 δόσιν
2512 5608 2819 5679 στεφάνων·
2849 5610 2877 5663 0
2897 5607 2972 5674 δὲ,
3002 5608 3311 5681 δεχόμενος,
3338 5610 3557 5665 ὲκτελεῖ
3586 5610 3679 5666 ἐπὶ

2094 5699 2267 5772 τούτῳ
2298 5698 2367 5754 τὰ
2393 5702 2531 5755 ὅσια.
