3876 6226
204 340 317 397 673

761 455 828 507 Il.
868 457 1241 524 Μυστήριον.
1314 482 1325 495 ο

280 548 612 617 Συναγαγὼν
631 550 723 603 τὸν
744 550 944 622 κλῆρον
964 553 993 604 ὁ
1019 552 1063 604 is
1072 552 1299 623 ράρχης,
1322 553 1370 605 εί
1392 551 1490 623 μὲν
1512 551 1620 604 τῶν
1644 552 1687 603 is
1697 568 1794 623 ρω-

207 637 395 709 μένων
418 639 563 692 ἐστὶν
600 640 629 690 6
669 640 1106 710 κεκοιμημένος,
1146 640 1479 713 ἐπίπροσθεν
1511 639 1607 693 τοῦ
1645 639 1792 693 θείου

206 729 595 801 θυσιαστηρίου
619 731 971 796 κατακλίνας,
997 730 1106 786 τῶν
1130 731 1304 803 εὐχῶν
1331 733 1425 786 καὶ
1445 732 1546 803 τῆς
1568 732 1791 802 εὐχαρι-

204 822 369 884 στίας
410 821 717 893 ἀπάρχεται
735 840 748 853 ·
776 823 953 893 εὐχῶν
985 824 1101 894 μὲν,
1128 823 1270 894 ὑπὲρ
1294 823 1404 875 τῶν
1429 824 1793 894 ἀγνοημάτων

202 912 303 966 τοῦ
331 913 732 984 κεκοιμημένου
752 931 765 944 ·
799 916 1151 985 εὐχαριστίας
1175 915 1232 969 δὲ
1250 955 1265 979 ,
1292 915 1433 986 ὑπὲρ
1453 908 1528 968 ὧν
1550 915 1789 985 ἤμϐλυνε

200 1004 270 1056 τὸ
292 1004 390 1057 τοῦ
416 1004 643 1059 θανάτου
668 1004 914 1076 κέντρον,
944 1005 1039 1059 καὶ
1078 1003 1250 1069 οὕτως
1273 1004 1512 1076 ἠδυνήθη
1541 1005 1673 1073 παρ’
1696 1005 1793 1058 αὐ-

199 1092 303 1147 τοῦ
322 1093 516 1165 βοηθού
524 1112 683 1165 μενος
709 1095 1051 1167 κατορθῶσαί
1073 1111 1212 1149 τινα.
1232 1097 1295 1148 Ei
1315 1095 1372 1149 δὲ
1396 1093 1626 1165 μοναχός
1646 1096 1791 1149 ἐστιν

198 1185 240 1256 ἢ
269 1186 460 1248 πιστὸς
482 1188 545 1238 ὲκ
568 1186 662 1239 τοῦ
692 1186 839 1257 ίεροῦ
860 1185 992 1240 λαοῦ
1010 1226 1026 1251 ,
1052 1186 1205 1259 παρά
1229 1186 1320 1240 τὸν
1345 1186 1594 1257 νάρθηκα
1618 1203 1790 1240 κατα-

201 1276 407 1331 κλίνει.
437 1278 511 1332 Τὸ
532 1278 591 1330 δὲ
614 1277 729 1346 πρὸ
756 1277 1192 1350 τῆςζὶερατικῆς
1206 1278 1603 1342 εὶσελεύσεως
1641 1276 1792 1348 δηλοῖ

196 1370 289 1425 ὅτι
328 1370 659 1442 ἐπίπροσθεν
680 1370 788 1424 τῶν
829 1370 1135 1441 ψαλλόντων
1160 1370 1363 1439 ὀφείλει
1394 1369 1629 1423 κεῖσθαι.
1655 1366 1791 1423 Εἶτα

168 1461 232 1523 ,ὁ
272 1459 375 1530 μὲν
415 1459 678 1531 ίεράρχης
701 1461 793 1514 τὸν
836 1459 1127 1529 εὐλογητὸν
1161 1460 1428 1528 ὲκφωνεῖ,
1476 1458 1603 1527 ἑξῆς
1643 1457 1701 1511 δὲ
1740 1460 1790 1512 οἱ

194 1548 442 1603 διάκονοι
465 1550 534 1602 τὰ
557 1550 845 1621 πρόσφορα
883 1549 1045 1620 ίερῶς
1083 1549 1298 1621 ᾄδουσι⁸
1324 1549 1498 1603 ταῦτα
1537 1549 1646 1621 γάρ
1684 1551 1791 1604 είσι

193 1639 273 1693 τὰ
309 1639 689 1711 ταύτοδύναμα
722 1641 819 1694 καὶ
853 1639 1089 1712 ὁμόλογα
1112 1681 1127 1707 ,
1152 1640 1392 1711 δηλονότι
1416 1640 1487 1694 τὰ
1518 1643 1633 1705 τοῖς
1657 1658 1790 1712 προ-

196 1733 479 1802 κειμένοις
504 1733 789 1805 σύμφωνα.
817 1732 952 1787 Εἶτα
976 1735 1005 1787 6
1027 1733 1403 1806 ἀρχιδιάκονος
1430 1733 1659 1787 ἀπολύει
1686 1734 1786 1804 μὲν

190 1825 331 1888 τοὺς
354 1826 816 1896 κατηχουμένους,
844 1823 963 1880 εἶτα
986 1826 1346 1897 ἀνακηρύττει
1381 1825 1451 1879 τὰ
1485 1825 1595 1878 τῶν
1616 1826 1787 1895 ἁγίων
1817 1818 1859 1873 Β

190 1916 414 1987 ἀνδρῶν
438 1918 535 1971 καὶ
557 1918 973 1989 κεκοιμημένων
994 1918 1255 1989 ὀνόματα,
1286 1916 1404 1989 μεθ’
1429 1909 1505 1970 ὧν
1528 1918 1672 1984 ἀξιοῖ
1694 1917 1789 1972 τὸν

192 2007 566 2077 ⁸’προκείμενον
580 2009 679 2079 τῆς
694 2009 1049 2079 ἀναρρήσεως
1064 2008 1289 2080 ταύτης,
1308 2006 1404 2060 καὶ
1420 2008 1787 2080 προτρέπεται

192 2098 415 2163 πάντας
443 2100 586 2171 ὑπὲρ
603 2099 769 2154 αὐτοῦ
796 2102 1014 2172 αἰτῆσαι
1038 2102 1137 2173 τὴν
1159 2104 1218 2157 ὲν
1240 2102 1462 2175 Χριστῷ
1483 2099 1783 2157 τελείωσιν.

191 2189 338 2246 Εἶτα
363 2194 393 2246 6
420 2192 686 2264 ίεράρχης
723 2192 891 2263 εὐχὴν
918 2194 1062 2266 ὑπὲρ
1090 2194 1185 2249 τοῦ
1224 2211 1456 2265 κεκοιμη
1466 2194 1628 2265 μένου
1671 2211 1788 2247 ποι-

190 2287 363 2347 εἷται,
389 2286 486 2339 καὶ
513 2283 819 2349 ἀσπάζεται
837 2285 1046 2351 τοῦτον,
1078 2288 1173 2342 καὶ
1203 2288 1302 2343 σὺν
1330 2288 1479 2359 αὐτῷ
1506 2289 1556 2339 οἱ
1583 2287 1782 2357 ἕτεροι.

189 2374 362 2430 Μετά
381 2373 556 2428 ταῦτα
583 2376 796 2446 ὲπιχέει
824 2377 1000 2448 τούτῳ
1033 2377 1095 2431 τὸ
1124 2378 1278 2447 ἅγιον
1305 2376 1484 2432 ἔλαιον
1502 2416 1517 2442 ,
1568 2378 1664 2430 καὶ
1687 2375 1786 2446 τὴν

186 2466 465 2519 ἀπόλυσιν
483 2504 500 2530 ,
524 2466 649 2535 ἥτις
675 2465 899 2535 λέγεται
926 2468 1067 2540 ὑπὲρ
1110 2469 1328 2523 πάντων
1359 2468 1513 2539 εὐχὴ,
1559 2466 1788 2539 ποιησά-

193 2573 388 2628 μενος,
412 2556 706 2628 ἀποτίθησι
730 2558 793 2611 τὸ
826 2558 986 2630 σῶμα
1011 2561 1068 2617 ὲν
1091 2558 1226 2632 οἴκῳ
1246 2559 1413 2633 τιμίῳ
1436 2559 1555 2632 μεθ’
1583 2559 1786 2632 ἐτέρων

184 2650 489 2721 ὁμοταγῶν
518 2650 684 2724 ίερῶν
711 2653 1003 2728 σωμάτων.

807 2804 901 2889 Ill.
945 2833 1187 2903 Θεωρία.

278 2923 373 2997 ει.
396 2922 585 2977 Ταῦτα
619 2924 719 2996 μὲν
751 2923 914 2999 εἴπερ
944 2925 1105 2980 ἴδοιεν
1134 2925 1168 2999 ἢ
1191 2925 1481 2982 ἀκούσαιεν
1505 2928 1555 2981 οἱ
1585 2926 1787 3000 Ἐλλη-

186 3032 289 3080 νες
316 3014 619 3087 τελούμενα
645 3016 775 3089 παρ’
800 3017 989 3088 ἡμῶν,
1022 3018 1197 3072 πλατὺ
1232 3018 1552 3087 γελάσουσιν
1576 3035 1590 3049 ο
1622 3021 1784 3091 ἡμεῖς

188 3105 274 3213 ξι,
304 3105 401 3213 τὸν
424 3106 762 3213 (ρωταγωγὸν
799 3106 1005 3177 Ἰησοῦν
1035 3108 1490 3179 ἐπικαλεσάμενοι
1531 3109 1783 3180 λέγομεν,
1811 3152 1855 3213 C

190 3193 279 3247 ὅτι
308 3195 492 3260 καλῶς
522 3197 551 3248 ὁ
575 3196 838 3268 ίεράρχης
872 3197 967 3251 ἐπὶ
994 3197 1087 3251 τὸν
1117 3196 1266 3265 ἀξιον
1293 3198 1458 3254 τόπον
1480 3198 1573 3253 τὸν
1595 3215 1783 3253 κεκοι-

186 3284 445 3355 μημένον
487 3285 762 3357 ἐπιτίθησι
784 3326 800 3351 ,
831 3286 1073 3358 δηλονότι
1105 3289 1198 3344 τὸν
1230 3289 1328 3360 μὲν
1367 3290 1660 3361 ἱερωμένον
1687 3291 1783 3349 τοῦ

189 3377 592 3449 θυσιαστηρίου
622 3378 950 3450 ἐπίπροσθεν
968 3418 984 3444 ,
1015 3379 1105 3434 τὸν
1143 3380 1201 3434 δὲ
1234 3381 1462 3453 μοναχὸν
1490 3381 1522 3453 ἢ
1549 3382 1643 3436 τὸν
1667 3382 1785 3436 λαῖ-

190 3468 291 3521 κὺν
332 3470 393 3521 ὲν
418 3467 498 3538 τῷ
527 3469 799 3540 ἱερατείῳ.
843 3470 1130 3540 Ἑμφαίνει
1154 3470 1265 3543 γὰρ
1301 3472 1382 3525 ὅτι
1408 3471 1549 3525 κατά
1572 3473 1664 3526 τὸν
1692 3474 1783 3527 ἐν·-

190 3558 374 3612 ταῦθα
415 3558 531 3629 βίον
574 3561 668 3615 καὶ
710 3559 780 3615 τά
827 3561 1077 3633 πρακτέα
1111 3564 1144 3634 ὴ
1179 3563 1360 3616 ἐκεῖσε
1403 3564 1614 3633 γίνεται
1648 3565 1784 3619 ἀπο-

192 3648 478 3719 κλήρωσις
499 3666 514 3680 ·
560 3651 609 3703 εί
641 3650 742 3721 μὲν
778 3651 1012 3705 ἐνταῦθα
1040 3652 1281 3725 θεοειδής
1318 3671 1401 3720 τις
1431 3656 1645 3725 ἐγένετο
1667 3698 1683 3725 ,
1722 3661 1780 3713 ὲν

192 3740 374 3803 θείαις
402 3742 499 3794 καὶ
537 3741 677 3796 κατά
713 3743 778 3795 τὸ
816 3743 1007 3813 μέλλον
1045 3744 1295 3815 λήξεσινο
1324 3750 1373 3800 εί
1401 3747 1459 3801 δὲ
1497 3749 1780 3823 καθυφῆκε

192 3834 295 3906 τῆς
327 3834 617 3906 ἀκριϐείας
644 3834 880 3889 ἐνταῦθα
903 3875 919 3901 ,
957 3837 1077 3911 κατ’
1108 3838 1262 3904 ἀξίαν
1302 3842 1525 3895 κάκεῖσε
1554 3843 1780 3915 λήψεται

191 3926 293 3989 τὰς
314 3926 750 4009 ἀποκληρώσας.
786 3928 1113 4001 Εὐχαριστεῖ
1139 3930 1319 3985 τοίνυν
1350 3933 1378 3986 6
1407 3935 1666 4007 ἱεράρχης
1688 3937 1782 3991 καὶ

192 4019 341 4089 ὑπὲρ
370 4018 471 4089 τῆς
498 4019 751 4089 τοιαύτης
774 4019 1117 4093 δικαιοσύνης
1139 4062 1154 4088 ,
1200 4021 1337 4076 ἀλλά
1372 4024 1467 4078 καὶ
1510 4026 1594 4080 ὅτι
1622 4045 1783 4083 κατε-

754 336 843 393 DE
877 336 1161 395 ECCLES.
1198 336 1599 407 HIERARCH.,
1633 340 1790 397 CAP.
1836 337 1950 395 VII.
1982 368 2050 380 --
2073 286 2426 391 PARAPHR.
2461 333 2933 391 PACHYMERE.

1818 465 1867 519 A

3360 334 3473 392 στι

2354 452 2520 524 275
2566 453 2631 507 ll.
2673 451 3007 522 Mysterium.

1968 549 2264 619 Episcopus
2294 549 2505 603 clerum
2533 561 2900 618 congregans,
2917 544 3189 615 siquidem
3216 544 3271 601 in
3295 550 3472 603 sacris

1894 638 2078 693 fuerat
2117 639 2211 705 qui
2255 638 2626 703 obdormivit,
2660 644 2789 691 ante
2812 635 3057 690 divinum
3089 634 3266 693 altare
3293 637 3470 707 ipsum

1894 732 2190 795 inclinans,
2225 732 2346 787 inllt
2371 732 2713 799 precationes
2739 739 2796 785 et
2821 730 3124 800 gratiarum
3155 729 3467 790 actionem:

1890 837 2082 892 preces
2117 822 2372 893 quidem,
2411 835 2575 889 super
2621 818 2959 890 ignorantias
3006 816 3291 883 defuncti;
3346 832 3470 887 gra-

1892 914 2089 969 tiarum
2120 929 2253 970 vero
2276 913 2547 969 actionem
2569 954 2585 979 ,
2616 914 2743 981 quia
2794 911 3117 980 (Christus)
3146 912 3340 965 mortis
3367 909 3469 964 sti-

1891 1006 2099 1061 mulum
2130 1006 2431 1070 hebetavit,
2463 1015 2630 1075 atque
2663 1005 2739 1058 ita
2766 1005 2887 1074 ejus
2909 1003 3115 1059 auxilio
3142 1004 3317 1059 fretus
3339 1002 3467 1057 boni

1889 1096 2166 1166 quidpiam
2207 1110 2369 1165 agere
2424 1095 2621 1165 potuit.
2669 1094 2765 1149 Sin
2825 1103 3005 1149 autem
3071 1094 3280 1149 sanctis
3347 1107 3466 1147 mo-

1890 1190 2087 1246 nachis
2115 1197 2379 1244 sanctove
2415 1187 2613 1259 popqu
2643 1195 2970 1257 aggregatus
2998 1194 3119 1239 erat
3144 1229 3158 1252 ,
3182 1185 3336 1255 juxta
3376 1201 3466 1239 sa-

1889 1281 2132 1337 crarium
2180 1278 2435 1335 collocat.
2465 1278 2599 1333 Illud
2636 1286 2845 1339 autem,
2910 1276 2980 1328 ad
3006 1275 3339 1331 sacerdotum
3363 1278 3450 1335 in—

1894 1387 2153 1441 gressum,
2190 1368 2465 1442 significat
2493 1370 2641 1425 illum
2675 1383 2861 1424 coram
2889 1367 3247 1437 psallentibus
3279 1367 3464 1436 jacere

1890 1461 2111 1516 debere.
2146 1460 2348 1516 Przesul
2393 1461 2595 1515 deinde
2647 1457 3075 1513 benedictionem
3122 1457 3462 1526 pronuntiat,

1889 1552 2144 1623 deinceps
2176 1568 2308 1607 vero
2341 1551 2557 1606 diaconi
2606 1565 2671 1605 ea
2725 1564 2846 1619 qua:
2891 1549 3226 1603 conveniunt
3274 1558 3465 1604 sancte

1889 1650 2215 1703 concinunt:
2240 1647 2328 1701 illa
2350 1647 2499 1700 enim
2521 1654 2651 1699 sunt
2670 1643 3051 1713 mquivalentia
3069 1653 3121 1697 et
3137 1657 3462 1714 synonyma,

1889 1757 2011 1812 qua:
2041 1740 2297 1794 nimirum
2331 1747 2643 1808 congruunt
2691 1735 2990 1790 defunctis.
3019 1735 3157 1791 Tum
3188 1733 3463 1789 archidia-

1888 1848 2060 1889 conus
2108 1832 2535 1887 catechumenos
2567 1828 2829 1891 dimittit,
2881 1837 3309 1897 sanctorumque
3349 1826 3460 1896 jam

1889 1927 2269 1980 defunctorum
2305 1922 2524 1977 nomina
2562 1929 2852 1986 recenset,
2897 1918 3097 1988 quibus
3136 1927 3461 1987 praesentem

1888 2016 2210 2073 defunctum
2254 2016 2443 2070 eadem
2493 2013 3022 2069 commemoratione
3052 2024 3351 2080 aggregare
3379 2009 3464 2062 di-

1888 2117 2107 2180 gnatur,
2166 2108 2526 2175 hortaturque
2573 2117 2799 2167 omnes,
2854 2102 2958 2172 ipsi
3014 2114 3076 2157 ut
3128 2103 3348 2157 beatum
3404 2100 3458 2155 in

1886 2200 2105 2256 Christo
2158 2200 2322 2255 linem
2370 2210 2581 2269 petant.
2652 2199 2791 2253 Tum
2864 2198 3135 2252 accedens
3186 2194 3457 2257 antistes,

1886 2304 2104 2359 precem
2155 2304 2367 2345 sacram
2416 2304 2581 2359 super
2624 2291 2882 2345 defuncto
2927 2288 3173 2360 peragit,
3224 2303 3461 2360 eumque

1886 2379 2123 2446 salutat,
2178 2388 2236 2433 et
2290 2395 2415 2434 cum
2451 2380 2567 2450 ipso
2609 2381 2813 2437 creteri.
2848 2380 3045 2436 Postea
3097 2378 3324 2435 aliundit
3364 2380 3466 2449 ipsi

1887 2484 2103 2523 sacrum
2137 2470 2354 2533 oleum,
2401 2483 2454 2526 et
2505 2472 2827 2539 impertiens
2867 2469 3296 2526 absolutionem.
3337 2478 3460 2534 quae

1885 2561 2192 2615 communis
2233 2563 2409 2617 oratio
2457 2574 2726 2627 vocatur,
2774 2563 2898 2619 loco
2946 2563 3214 2617 honorato
3260 2540 3461 2625 corpus

1881 2649 2118 2704 collocat
2191 2666 2299 2706 una
2368 2666 2496 2706 cum
2580 2652 2883 2723 aequalibus
2945 2650 3072 2708 aliis
3141 2646 3459 2719 corporibus

1883 2754 2113 2797 sancus.

2403 2837 2489 2892 ιιι.
2531 2836 2939 2907 Contemplatio.

1955 2929 2057 3002 δι.
2098 2929 2225 2984 Haec
2271 2929 2488 2998 quidem
2530 2929 2575 2983 si
2628 2929 2944 2999 aspexerint
2989 2926 3251 2997 gentiles,
3300 2925 3386 2980 vel
3424 2941 3457 2981 ι

1885 3022 2042 3077 nobis
2071 3021 2187 3076 fieri
2222 3020 2619 3083 inaudiverint,
2644 3017 2866 3087 profuse
2906 3019 3164 3073 ridebunt
3189 3033 3204 3070 :
3237 3031 3337 3071 nos
3362 3031 3460 3070 au-

1890 3124 1994 3168 tem
2033 3113 2169 3167 lucis
2197 3113 2442 3166 datorem
2483 3109 2667 3165 Jesum
2714 3110 3036 3164 invocantes
3078 3108 3311 3163 dicimus
3352 3106 3460 3162 rite

1886 3202 2171 3273 praesulem
2217 3217 2340 3257 eum
2373 3201 2463 3270 qui
2497 3201 2785 3256 defunctus
2814 3209 2898 3254 est
2928 3199 3053 3254 loco
3082 3199 3247 3268 digno
3275 3197 3448 3252 collo-

1884 3288 2043 3359 Care';
2100 3307 2295 3361 nempe
2328 3292 2479 3346 illum
2529 3292 2621 3361 qui
2656 3292 2708 3345 in
2738 3291 2911 3347 sacris
2941 3299 3046 3354 est,
3096 3299 3221 3344 ante
3250 3288 3454 3355 altare;

1886 3386 2211 3439 monachum
2242 3398 2372 3438 vero
2418 3383 2502 3436 vel
2548 3383 2746 3437 laieum
2767 3382 2871 3448 ,Ain
2902 3383 3168 3437 sacrario.
3202 3380 3459 3438 De‘clarat

1882 3479 2060 3545 enim,
2113 3477 2408 3533 secundum
2442 3478 2585 3531 hanc
2616 3475 2786 3530 vitam
2832 3485 2888 3531 et
2931 3492 3054 3546 quae
3101 3484 3251 3547 gesta
3297 3484 3457 3541 sunt,

1885 3572 1959 3626 ibi
2004 3581 2207 3625 sortem
2242 3569 2473 3624 retribui
2502 3585 2516 3622 :
2545 3577 2604 3623 ut
2646 3568 2694 3623 si
2744 3567 2867 3637 quis
2917 3568 3008 3622 hic
3044 3566 3330 3621 deiformis
3362 3582 3459 3621 ex-

1882 3664 2105 3730 stiterit,
2135 3664 2188 3718 in
2216 3662 2398 3717 futuro
2424 3676 2641 3732 quoque
2669 3659 2871 3715 saeculo
2904 3660 2958 3714 in
2986 3659 3185 3713 divinis
3210 3659 3319 3713 erit
3364 3658 3459 3713 de-

1884 3754 2305 3819 lectationibus;
2363 3755 2449 3809 sin
2481 3753 2571 3807 hic
2602 3751 2849 3806 nonnihil
2888 3752 3122 3806 studimn
3157 3749 3453 3816 remiserit,

1883 3866 1981 3921 pro
2031 3848 2239 3904 meritis
2285 3847 2361 3902 ibi
2416 3862 2632 3917 quoque
2686 3855 2865 3900 sortes
2918 3845 3170 3913 accipiet.
3217 3843 3459 3898 Antistes

1883 3946 2069 4013 itaque
2100 3957 2203 4012 pro
2229 3942 2412 3996 divina
2440 3940 2652 4009 justitia
2687 3942 2825 4006 hac,
2862 3954 2960 3993 nec
3004 3955 3112 3993 non
3146 3939 3213 3993 de
3242 3937 3455 4009 tyranni

1884 4036 2111 4105 imperio
2141 4032 2428 4103 proﬂigato
2467 4033 2672 4103 gratias
2707 4031 2856 4101 agit,
2892 4034 3142 4102 quodque
3173 4044 3321 4085 mors
3348 4044 3455 4084 non

188 4109 333 4179 λύθη
356 4110 417 4161 τὺ
438 4109 532 4162 τοῦ
560 4111 823 4181 τυράννου
845 4112 1068 4184 κράτος,
1103 4114 1201 4166 καὶ
1227 4117 1256 4168 6
1283 4114 1511 4181 θάνατος
1539 4117 1641 4170 οὐκ
1663 4117 1779 4172 ἐστι

1890 4127 1988 4197 iam
2017 4126 2249 4198 amplius
2279 4141 2425 4181 mors
2452 4126 2548 4191 sit,
2587 4124 2684 4179 sed
2715 4126 2852 4181 vita.

190 4199 429 4265 Θάνατος
454 4240 469 4265 ,
505 4200 643 4254 ἀλλά
672 4200 805 4275 ζωή.

267 4288 295 4359 §
328 4287 396 4341 ΙΙ.
437 4290 504 4341 Ai
545 4287 601 4341 δὲ
646 4288 777 4360 ᾠδαὶ
824 4290 919 4343 καὶ
962 4294 1016 4345 αί
1063 4293 1399 4363 ἀναγνώσεις
1454 4298 1778 4367 ὲκφαντικαί

187 4380 303 4433 εἰσι
329 4380 441 4433 τῶν
476 4381 655 4434 ἐκεῖσε
687 4382 919 4437 αἰωνίων
944 4386 1140 4455 μονῶν,
1171 4387 1525 4444 ἀποδεκτικαὶ
1557 4392 1653 4461 μὲν
1681 4393 1776 4446 τοῦ

1952 4306 2117 4378 276
2151 4305 2180 4379 ς
2213 4304 2277 4360 ll.
2313 4304 2485 4360 Porro
2514 4303 2731 4358 cantica
2786 4310 2842 4357 et
2887 4301 3148 4358 lectiones
3176 4308 3455 4364 exponunt

1881 4399 2002 4454 illas
2048 4410 2277 4453 aeternas
2330 4395 2677 4459 mansiones,
2728 4410 2849 4463 qua:
2889 4392 3177 4448 defunctos
3229 4391 3452 4462 quidem

188 4474 589 4545 κοιμηθέντος,
619 4475 729 4529 τῶν
755 4476 813 4529 δὲ
834 4476 916 4530 ἔτι
951 4476 1168 4541 ζώντων
1205 4486 1602 4554 προτρεπτικαὶ
1636 4486 1772 4556 πρὸς

1890 4490 2203 4559 excipiunt,
2232 4488 2484 4542 viventes
2515 4494 2699 4541 autem
2750 4485 2820 4539 ad
2859 4483 3090 4539 similem
3124 4482 3246 4537 vitae
3290 4482 3453 4536 linem

185 4567 293 4639 τὴν
320 4566 513 4636 ὁμοίαν
540 4568 836 4624 τελείωσιν.

267 4669 407 4740 §Ill.
440 4670 641 4723 Σκόπει
668 4671 747 4735 δὲ,
775 4673 859 4726 ὅτι
886 4671 981 4726 νῦν
1006 4674 1066 4727 οὐ
1098 4676 1269 4728 πᾶσαι
1302 4678 1358 4730 αἱ
1388 4677 1779 4749 καθαιρόμεναι

186 4764 383 4827 τάξεις
409 4762 733 4817 ἀπολύονται
752 4804 767 4830 ,
798 4766 964 4837 ἤγουν
1006 4768 1100 4820 καὶ
1132 4767 1190 4821 αί
1218 4768 1326 4822 τῶν
1359 4768 1776 4840 ἐνοχλουμένων,

190 4858 295 4910 καὶ
340 4859 394 4910 αἱ
435 4857 546 4912 τῶν
574 4860 634 4911 ἐν
666 4861 955 4933 μετανοίᾳ,
986 4861 1124 4916 ἀλλὰ
1156 4863 1332 4933 μόνων
1375 4864 1486 4917 τῶν
1514 4882 1780 4937 κατηχου-

186 4949 380 5020 μένων
402 4967 414 4979 ·
444 4949 679 5021 ἀμύητοι
708 4951 817 5024 γὰρ
832 4948 999 5019 οὗτοι,
1016 4955 1111 5008 καὶ
1128 4956 1310 5027 πάσης
1336 4957 1571 5027 ὲποψίας
1602 4958 1779 5028 ἀμέθ-

185 5058 376 5094 εκτοι.
409 5042 576 5095 Οὐδὲν
608 5042 666 5095 δὲ
693 5044 889 5115 μικρὸν
914 5047 973 5100 ὲν
994 5049 1108 5110 τοῖς
1133 5046 1256 5099 καθ’
1276 5049 1424 5118 ἡμᾶς
1454 5050 1778 5122 μυστηρίοις

181 5132 504 5202 λογίζεσθαι
532 5136 672 5207 χρὴ,
712 5136 849 5190 ἀλλά
894 5138 1071 5192 πάντα
1121 5139 1364 5209 μεγάλα·
1395 5141 1535 5195 αὐτά
1567 5142 1777 5213 μέντοι,

182 5224 334 5295 πρὸς
358 5223 563 5294 ἄλληλα
587 5227 1005 5299 συγκρινόμενα,
1031 5228 1291 5302 διαφορῶν
1310 5230 1507 5295 ἕξουσι.
1530 5233 1779 5302 Μέγιστα

182 5318 300 5386 γάρ
348 5317 446 5369 καὶ
484 5318 879 5391 ἀπαράϐλητα,
929 5320 1001 5373 τὰ
1030 5321 1141 5374 τῶν
1183 5322 1360 5377 Θείων.
1399 5325 1463 5376 Ai
1494 5324 1552 5377 δὲ
1593 5326 1779 5397 ἕτεραι

181 5409 398 5475 τάξεις,
425 5410 475 5462 oi
499 5410 877 5482 ἐνεργούμενα
895 5453 912 5478 ,
957 5414 1006 5467 οἳ
1031 5415 1087 5467 ὲν
1118 5415 1374 5487 μετανοίᾳ
1408 5416 1777 5480 συνίστανται,

180 5499 261 5563 ὡς
291 5500 589 5571 μυηθεῖσαι
616 5502 735 5573 μὲν,
766 5504 1014 5576 ἀνοήτως
1050 5503 1107 5558 δὲ
1135 5505 1273 5577 πρὸς
1305 5506 1377 5559 τὰ
1402 5506 1569 5578 χείρω
1597 5507 1789 5562 παλιν-

182 5593 562 5663 δρομήσασαι,
595 5593 705 5647 τῶν
730 5593 861 5664 γοῦν
884 5595 1192 5668 θεαρχικῶν
1238 5598 1531 5663 ὲποπτιῶν,
1564 5599 1659 5651 καὶ
1680 5600 1779 5670 τῆς

184 5684 349 5747 θείας
396 5684 751 5756 μεταλήψεως
784 5688 1260 5761 ἀπειρχθήσονται.
1294 5691 1356 5743 '0
1379 5690 1488 5762 γὰρ
1519 5691 1778 5757 ἀναξίως

183 5775 417 5832 errata».-
444 5775 544 5831 καί
566 5777 777 5846 πίνων,
804 5781 891 5847 εὶς
923 5779 1100 5850 κρῖμα
1125 5771 1315 5847 ἐαυτῷ
1341 5780 1536 5843 ἐσθίει,
1559 5779 1656 5835 καὶ
1682 5781 1776 5833 ,τί-

1880 4584 2259 4638 adhortantur.

1955 4673 1983 4745 §
2026 4673 2108 4727 Ill.
2151 4672 2417 4726 Caeterum
2460 4667 2691 4724 observa
2717 4705 2732 4732 ,
2783 4666 3053 4736 quomodo
3100 4680 3208 4721 non
3262 4678 3455 4721 omnes

1878 4768 1970 4837 qui
2003 4766 2302 4836 expiationi
2351 4774 2550 4820 vacant
2587 4765 2809 4819 ordines
2845 4762 2959 4832 jam
2988 4761 3356 4824 dimittantur,
3397 4768 3456 4814 ut

1880 4870 2005 4916 sunt
2034 4858 2380 4915 daemonibus
2413 4859 2775 4914 obnoxiorum
2811 4868 2865 4911 et
2910 4855 3318 4925 ptenitentium,
3353 4854 3450 4908 sed

1882 4951 1984 5007 soli
2029 4952 2442 5018 catechumeni;
2490 4951 2745 5021 quoniam
2799 4950 2854 5004 bi
2909 4949 3059 5004 nullo
3105 4958 3455 5004 sacramento

1880 5052 2009 5096 sunt
2054 5041 2294 5106 initiati,
2363 5051 2418 5096 et
2464 5043 2643 5097 omnis
2681 5052 2934 5111 aspectus
2985 5040 3126 5096 sacri
3171 5050 3451 5108 expertes.

1878 5135 2095 5191 Nullum
2140 5143 2321 5190 autem
2350 5150 2383 5190 e
2412 5136 2689 5205 mysteriis
2724 5135 2925 5191 nostris
2949 5134 3106 5205 parvi
3136 5131 3446 5186 faciendum

1879 5240 1984 5293 est,
2016 5230 2271 5299 quoniam
2307 5244 2498 5298 magna
2539 5238 2669 5282 sunt
2714 5227 2928 5294 omnia,
2961 5227 3091 5281 licet
3116 5225 3184 5280 ad
3216 5225 3448 5280 invicem

1878 5320 2074 5375 collata
2104 5322 2321 5375 diversa
2352 5318 2484 5373 sint.
2510 5316 2745 5372 Maxima
2774 5318 2919 5373 enim
2954 5326 3012 5373 et
3039 5315 3450 5384 incomparabi-

1880 5411 1946 5465 lia
1998 5423 2162 5478 sunt,
2212 5425 2551 5481 quaecunque
2595 5411 2774 5465 divina
2824 5419 2970 5466 sunt.
3020 5405 3213 5464 (ἔπιθι-ἰ
3261 5416 3446 5461 autem

1878 5503 2097 5559 ordines
2119 5544 2133 5568 ,
2160 5514 2218 5557 ut
2248 5503 2598 5571 energumeni
2636 5511 2690 5555 et
2722 5503 3083 5572 ptenitcntes,
3108 5506 3289 5552 astant
3323 5496 3449 5567 qui-

1879 5595 1998 5649 dem
2054 5603 2311 5663 tauquam
2357 5605 2705 5649 sacramento
2768 5592 3003 5655 initiati,
3046 5598 3444 5653 verumtamen,

1877 5700 1999 5741 cum
2027 5687 2396 5755 imprudenter
2440 5688 2490 5740 in
2537 5686 2733 5740 malum
2766 5683 2961 5752 relapsi
2992 5682 3132 5748 sint,
3162 5697 3193 5735 a
3225 5680 3443 5735 divino-

1881 5794 1998 5834 rum
2055 5779 2435 5849 mysteriorum
2483 5778 2795 5865 aspcctibus
2852 5777 3143 5848 divinaque
3198 5787 3441 5830 commu-
