3876 6226
421 283 525 342 575

1593 274 1651 333 8.
1691 269 1992 331 DIONYSII
2024 265 2490 325 AREOPAGITA‘.

3558 260 3665 318 576

420 401 585 455 nione
634 397 989 453 arcebuutur.
1025 395 1131 462 Qui
1160 394 1307 450 enim
1354 392 1567 461 indigne
1599 390 1885 445 manducat
1938 398 1988 443 et

2101 400 2211 446 νει,
2260 381 2441 444 καθὼς
2471 382 2532 437 ὲν
2558 382 2626 452 τῇ
2668 378 2805 452 πρὸς
2850 377 3166 450 Κορινθίως
3212 374 3404 450 πρώτῃ
3438 378 3605 447 φησὶν
3639 379 3670 436 ὁ

418 490 585 553 bibit,
626 488 891 558 judicium
939 486 1039 539 tibi
1090 484 1376 539 manducet
1426 492 1475 537 et
1523 480 1690 545 bibit,
1744 479 1886 535 sicut
1936 478 1992 532 in

417 584 591 649 prima
622 594 718 633 sua
756 579 823 632 ad
854 576 1165 632 Corinthios
1194 574 1486 644 Apostolus
1530 575 1629 626 ait.
1660 572 1776 626 Non
1806 575 1994 625 incon-

418 684 553 740 grue
582 680 763 723 autem
815 667 1179 721 admittuntur
1219 666 1286 718 ad
1316 680 1379 719 ea
1408 679 1527 733 quae
1576 664 1665 717 hic
1703 672 1991 732 geruntur,

418 773 476 814 ut
506 761 718 815 discant
776 759 965 813 mortis
999 756 1465 817 incertitudinem,
1496 764 1550 809 et
1577 755 1797 823 praemia
1823 754 1997 822 justo-

418 867 537 905 rum
568 866 631 905 ac
658 857 1011 918 peccatorum
1048 862 1259 916 pienas.
1292 846 1505 899 Adsunt
1536 845 1743 913 itaque,
1772 853 1831 896 ut
1863 843 1994 897 hinc

419 943 625 1012 aliquid
660 941 915 996 utilitatis
950 939 1149 1003 ferant,
1185 948 1243 993 et
1279 937 1401 992 illos
1428 935 1569 990 forte
1600 934 1860 990 similium
1898 934 1992 989 de-

414 1034 680 1088 sideriun.‘
709 1031 977 1086 excitabit

485 1118 640 1191 διν.
705 1120 915 1174 Deinde
972 1127 1172 1171 tractat
1229 1118 1394 1172 etiam
1441 1116 1511 1172 de
1562 1115 1885 1171 salutatione
1936 1122 1993 1169 et

408 1213 660 1268 oratione
700 1229 714 1265 :
755 1219 810 1267 et
860 1211 1041 1265 oratio
1085 1209 1302 1278 quidem
1345 1208 1592 1278 precatio
1639 1217 1725 1262 est
1768 1221 1866 1275 pro
1893 1210 1991 1259 de-

419 1306 630 1367 functo,
664 1312 725 1356 ut
753 1302 1129 1357 constituatur
1160 1301 1211 1352 in
1241 1300 1365 1355 sinu
1420 1299 1894 1369 patriarcharum,
1936 1296 1992 1350 in

414 1390 532 1444 loco
559 1405 590 1443 a
621 1404 731 1459 quo
758 1390 977 1444 tristitia
1006 1387 1187 1443 omnis
1214 1387 1389 1443 abest.

485 1565 606 1637 μ.
647 1565 1119 1633 Quemadmodum
1152 1566 1300 1622 enim
1346 1566 1413 1619 ah
1454 1565 1521 1619 iis
1552 1578 1673 1632 quae
1722 1563 1879 1617 nobis
1912 1564 1996 1633 ju-

414 1660 594 1715 cunda
642 1669 804 1724 sunt,
840 1670 898 1711 ut
945 1674 1132 1727 regno,
1159 1674 1316 1713 cinna
1338 1698 1355 1723 ,
1385 1658 1535 1721 luce,
1569 1654 1742 1726 gloria
1764 1693 1779 1719 ,
1814 1656 1994 1725 splen-

2109 473 2450 536 ’Δπόστολος.
2478 472 2593 527 Οὐκ
2616 470 2924 533 ἀπεικότως
2947 469 3004 523 δὲ
3026 470 3118 523 ἐπὶ
3141 471 3254 533 τοῖς
3285 467 3380 521 νῦν
3414 466 3671 538 τελουμέ-

2094 584 2207 630 νοις
2233 568 2327 621 καὶ⁸
2347 563 2493 622 οὗτοι
2517 566 2795 637 πάρεισιν,
2813 563 3188 633 διδασκόμενοι
3211 561 3307 633 τὴν
3324 562 3550 631 ἀδηλίαν
3574 562 3668 616 τοῦ

2096 659 2327 713 Θανάτου
2348 700 2362 724 ,
2389 659 2460 713 τά
2478 675 2538 711 τε
2581 657 2808 728 βραδεῖα
2847 656 2955 709 τῶν
2997 655 3252 718 δικαίων,
3300 655 3394 707 καὶ
3433 654 3537 717 τὰς
3563 654 3669 707 τῶν

2094 751 2434 823 ἁμαρτωλῶν
2463 750 2661 813 λύπας.
2693 748 2792 801 Διά
2825 747 2957 817 γοῦν
2978 748 3039 799 τὸ
3067 746 3315 800 ἐντεῦθεν
3338 747 3556 816 ὄφελος,
3579 752 3672 803 καὶ

2097 842 2183 896 ἴνα
2210 844 2353 915 τάχα
2381 844 2476 897 καὶ
2511 838 2657 897 οὗτοι
2696 842 2834 913 πρὸς
2871 841 2971 911 τὴν
3005 841 3116 894 τῶν
3136 840 3337 912 ὁμοίων
3358 841 3549 909 ἔφεσιν
3568 841 3671 894 διε⁴

2095 930 2334 1000 γερθῶσι
2354 970 2369 996 ,
2394 933 2669 1003 πάρεισιν.

2167 1112 2310 1185 ειν.
2353 1112 2494 1182 Ἤδη
2536 1109 2899 1180 διαλαμϐάνει
2936 1107 3031 1164 καὶ
3065 1108 3192 1179 περὶ
3226 1106 3321 1162 τοῦ
3376 1106 3669 1177 ἀσπασμοῦ

2097 1204 2309 1273 καὶτῆς
2334 1202 2500 1273 εὐχῆς
2519 1219 2532 1233 ’
2559 1203 2653 1255 καὶ
2680 1202 2712 1272 ή
2740 1201 2841 1271 μὲν
2876 1199 3009 1269 εὐχὴ
3032 1198 3215 1269 δέησίς
3236 1199 3382 1252 ἐστιν
3406 1200 3552 1270 ὑπὲρ
3578 1195 3670 1250 τοῦ

2097 1296 2501 1366 κεκοιμημένον
2524 1332 2539 1358 .
2610 1294 2697 1347 ἵνα
2752 1290 3122 1365 καταταχθείη
3178 1291 3236 1345 ὲν
3291 1290 3515 1354 κόλποις
3566 1289 3673 1343 τῶν

2098 1384 2485 1457 πατριαρχῶν,
2555 1386 2613 1438 ἐν
2656 1383 2808 1452 τόπῳ
2861 1380 2991 1436 ἔνθα
3056 1379 3267 1453 ἀπέδρα
3310 1379 3383 1435 τά
3437 1379 3676 1451 ὀδυνηρά

2096 1480 2291 1533 πάντα.

2167 1569 2194 1639 §
2224 1568 2285 1621 V.
2328 1568 2538 1637 Ὠσπερ
2574 1564 2684 1635 γάρ
2713 1565 2821 1619 ἀπὸ
2848 1563 2958 1618 τῶν
2980 1564 3112 1633 ἡμῖν
3147 1561 3335 1633 ἡδέων,
3375 1559 3481 1628 τῆς
3528 1558 3676 1632 βασι-

2097 1661 2269 1726 λείας,
2298 1659 2393 1713 τοῦ
2427 1659 2665 1721 δείπνου,
2702 1657 2796 1712 τοῦ
2822 1655 2997 1725 φωτὸς
3018 1694 3032 1719 ,
3062 1656 3159 1725 τῆς
3186 1653 3341 1723 δόξης
3361 1693 3375 1717 ,
3403 1653 3507 1723 τῆς
3536 1652 3677 1722 λαμ-

414 1749 583 1816 dore,
614 1764 734 1817 qum
784 1748 856 1801 ibi
898 1758 1025 1801 sunt
1055 1747 1193 1801 bona
1236 1747 1615 1816 designantur,
1651 1761 1773 1815 qua:
1804 1745 1992 1800 oculus

2101 1751 2397 1822 πρότητος,
2468 1748 2539 1803 τὰ
2586 1750 2765 1802 ἐκεῖσε
2829 1744 3321 1818 χαρακτηρίζονται
3378 1742 3588 1812 ἀγαθὰ,
3639 1742 3677 1796 ἀ

417 1853 527 1893 non
576 1838 733 1903 vidit,
793 1852 893 1892 nec
943 1839 1094 1901 auris
1143 1838 1377 1899 audivit;
1429 1838 1509 1891 sic
1547 1838 1711 1890 etiam
1749 1851 1869 1904 quin
1920 1835 1991 1888 ibi

416 1927 643 1981 molesta
685 1936 833 1991 sunt,
863 1927 930 1981 ab
960 1928 1110 1982 hisce
1143 1927 1410 1982 molestiis
1445 1926 1794 1981 denominata
1842 1933 1990 1989 sunt,

416 2020 655 2074 tenebrat
689 2028 743 2074 et
774 2020 975 2074 stridor
1007 2020 1271 2083 dentium,
1317 2027 1373 2072 et
1430 2019 1610 2080 dolor,
1659 2028 1713 2072 et
1748 2018 1989 2082 tristitia,

413 2122 470 2166 et
500 2112 810 2180 singultus:
848 2112 963 2167 [nec
989 2111 1137 2166 enim
1167 2121 1295 2166 sunt
1333 2109 1577 2180 analogze
1630 2110 1982 2180 signiﬁcatio-

415 2220 534 2270 nes,
564 2219 684 2274 quae
714 2219 743 2256 a
782 2205 1012 2258 veritate
1039 2204 1304 2258 bonorum
1345 2218 1409 2257 ac
1443 2202 1821 2258 molestiarum
1853 2202 1985 2256 ista-

416 2308 535 2349 rum
560 2294 779 2349 omnino
797 2292 1131 2361 discrepant.
1154 2293 1317 2347 Sinus
1338 2303 1519 2346 autem
1544 2291 1983 2361 patriarcharum

414 2399 849 2454 caeternrumque
906 2394 1220 2441 sanctorum
1275 2394 1403 2440 sunt
1451 2384 1780 2439 beatissima:
1836 2398 1991 2437 nian-

420 2478 605 2531 siones
630 2515 644 2540 ,
674 2491 825 2543 quae,
863 2484 923 2529 ut
951 2474 1166 2545 opinor,
1199 2490 1227 2528 a
1260 2474 1503 2530 sinuosis
1555 2474 1721 2528 maris
1765 2473 1989 2544 gremiis

416 2582 481 2623 ac
510 2567 770 2636 portubus
815 2569 1031 2622 navium
1086 2568 1266 2635 potius
1296 2568 1689 2633 desumuntur,
1739 2582 1902 2637 quam
1959 2583 1989 2620 a

2092 1841 2368 1911 ὀφθαλμὸς
2399 1842 2500 1895 οὐκ
2526 1837 2633 1893 εἶδε
2656 1881 2671 1904 ,
2702 1842 2797 1894 καὶ
2822 1836 2915 1902 οὖς
2944 1838 3046 1891 οὐκ
3087 1838 3317 1907 ἦκουσεν
3336 1853 3350 1866 ·
3397 1834 3544 1888 οὕτω
3586 1835 3679 1887 καὶ

2091 1932 2161 1985 τὰ
2189 1934 2368 1984 ἐκεῖσε
2398 1931 2636 2001 δυσχερῆ
2659 1931 2768 1984 ἀπὸ
2795 1929 2901 1984 τῶν
2935 1927 3166 1984 ἐνταῦθα
3193 1925 3467 1996 δυσχερῶν
3498 1941 3678 1978 κατω-

2092 2022 2460 2093 νομάσθησαν,
2492 2024 2701 2087 σκότος,
2730 2023 2823 2076 καὶ
2846 2022 3087 2095 βρυγμὸς
3108 2021 3357 2081 ὀδόντων,
3376 2020 3473 2071 καὶ
3494 2017 3679 2087 ὀδύνη.

2092 2118 2186 2171 καὶ
2216 2114 2383 2186 λύπη,
2410 2116 2503 2170 καὶ
2533 2115 2833 2186 στεναγμός
2852 2132 2865 2147 ο
2899 2114 3072 2168 ταῦτα
3096 2113 3205 2183 γάρ
3230 2114 3368 2165 είσιν
3394 2112 3452 2163 αἱ
3483 2109 3679 2163 ἀναλο-

2091 2226 2177 2278 γοι
2214 2209 2513 2280 σημασίαι,
2558 2207 2654 2261 καὶ
2697 2207 2806 2261 τῶν
2845 2204 3068 2275 ἀγαθῶν
3109 2206 3204 2259 καὶ⁵
3248 2203 3359 2257 τῶν
3400 2200 3681 2272 δυσχερῶν

2089 2300 2410 2356 ἀποδέουσαι
2434 2301 2651 2364 πάντως
2678 2299 2778 2370 τῆς
2809 2298 3091 2370 ἀληθείας.
3123 2298 3328 2351 Κόλποι
3348 2296 3408 2348 δέ
3433 2297 3543 2347 είσι
3570 2292 3681 2345 τῶν

2091 2394 2447 2467 πατριαρχῶν
2489 2395 2584 2448 καὶ
2624 2393 2734 2447 τῶν
2778 2393 2982 2463 ἐτέρων
3032 2391 3204 2459 ἁγίων
3234 2391 3289 2442 αἱ
3340 2383 3685 2459 μακαρισταὶ

2094 2488 2253 2558 μοναί
2272 2506 2286 2523 ο
2309 2489 2359 2541 οἶ
2385 2488 2500 2550 καὶ,
2529 2488 2607 2552 ὡς
2635 2483 2790 2557 οἶμαι
2810 2526 2824 2551 ,
2855 2486 2963 2538 ἀπὸ
2984 2484 3093 2538 τῶν
3119 2482 3424 2536 θαλαττίων
3459 2480 3683 2533 κόλπων

2091 2581 2186 2634 καὶ
2207 2580 2442 2651 λιμένων
2466 2579 2629 2634 πλέον
2653 2578 3107 2649 ὲκλαμϐάνονται,
3134 2576 3167 2647 ἢ
3195 2574 3305 2629 ἀπὸ
3328 2572 3441 2626 τῶν
3464 2573 3685 2627 κόλπων

415 2658 539 2712 sinu
566 2658 820 2712 vestium.
872 2657 1345 2724 Quemadmodum
1405 2657 1550 2711 enim
1580 2658 1671 2726 qui
1718 2656 1769 2709 in
1822 2656 1989 2710 maris

2101 2671 2199 2726 τῶν
2231 2673 2477 2743 ἱματίων.
2520 2671 2607 2733 Ὧς
2628 2669 2737 2742 γάρ
2763 2672 2812 2722 oi
2843 2670 2901 2722 ὲν
2952 2666 3179 2721 κλύδωνι
3215 2665 3495 2734 θαλάσσης
3532 2664 3685 2726 ὅντες

417 2758 746 2818 tempestate
772 2760 1088 2816 versantur,
1118 2749 1185 2803 ad
1220 2749 1469 2802 marinos
1500 2748 1653 2802 sinus
1682 2748 1988 2811 attendunt,

417 2841 473 2897 in
502 2841 701 2911 quibus
751 2850 807 2897 et
853 2842 1115 2912 quietiori
1148 2856 1281 2895 aura
1320 2840 1610 2906 fruuntur,
1644 2840 1793 2894 etab
1823 2840 1992 2909 agita-

420 2933 655 2989 tionibus
705 2935 1026 3003 quiescunt;
1078 2934 1150 2988 ita
1198 2948 1414 3004 quoque
1454 2934 1547 3002 qui
1606 2933 1659 2985 in
1709 2933 1811 2986 hac
1872 2932 1990 2985 vita

2094 2769 2231 2841 πρὸς
2257 2766 2384 2829 τοὺς
2423 2762 2742 2826 θαλαττίους
2767 2760 3013 2831 ἀφορῶσι
3059 2758 3293 2820 κόλπους
3314 2796 3329 2821 ,
3376 2757 3435 2808 εν
3480 2751 3565 2817 οἷς
3592 2751 3689 2810 καὶ

2091 2858 2514 2930 ὲλλιμενίζονται
2536 2895 2551 2919 ,
2612 2854 2707 2909 καὶ
2766 2853 2875 2907 τῶν
2936 2850 3190 2921 ταραχῶν
3263 2847 3682 2901 ἀποπαύονται·

2090 2951 2233 3005 οὕτω
2258 2949 2352 3003 καὶ
2374 2950 2424 3001 οἱ
2449 2950 2505 3000 ὲν
2530 2945 2609 3016 τῷ
2634 2946 2732 3015 βίῳ
2771 2941 3218 3012 κλυδωνιζόμενοι
3259 2939 3358 3009 ήδη
3399 2940 3515 3000 τοῖς
3564 2937 3690 2990 κόλὲ

420 3026 837 3095 tcmpestatihus
880 3026 1076 3094 jactati
1123 3035 1283 3088 sunt,
1330 3028 1382 3081 in
1420 3028 1634 3081 sinibus
1680 3025 1841 3095 277
1874 3026 1992 3080 isds

2101 3059 2218 3105 ποις
2241 3041 2472 3103 ἐκείνοις
2495 3036 2957 3107 ὲλλιμενίζονται,
2998 3031 3117 3087 ἀλλ’
3163 3032 3279 3084 ὅσοι
3327 3029 3429 3099 τὴν
3473 3026 3691 3081 ἑαυτῶν

418 3119 854 3190 conquiescunt,
910 3120 1070 3175 modo
1124 3120 1338 3175 scilicet
1389 3135 1420 3174 e
1462 3120 1719 3189 periculis
1752 3122 1988 3174 animam

418 3227 572 3267 suam
605 3212 952 3268 vindicarint.
992 3211 1087 3267 Sin
1135 3228 1263 3267 vero
1291 3214 1449 3269 sinus
1493 3214 1660 3268 etiam
1694 3230 1723 3267 a
1751 3214 1991 3269 vestibus

418 3303 628 3358 nostris
657 3304 831 3373 accipi
865 3304 1191 3375 dixerimus,
1226 3302 1375 3371 juxta
1405 3304 1568 3357 illud:
1597 3304 1663 3360 Ut
1693 3319 1791 3358 nos
1815 3303 1993 3359 foveat

419 3395 575 3449 sinus
618 3395 870 3460 Abrahae,
922 3397 1312 3450 convenienter
1345 3395 1447 3449 hoc
1479 3409 1696 3463 quoque
1725 3393 1992 3463 explicari

420 3486 612 3559 possit,
643 3486 786 3554 quod
817 3486 1075 3541 nimirum
1106 3486 1384 3540 Abraham
1417 3487 1624 3556 primus
1654 3487 1721 3541 ad
1751 3486 1851 3561 Dei
1896 3504 1993 3541 no-

423 3580 596 3636 titiam
647 3581 916 3634 adductus
944 3582 1056 3644 sit,
1111 3590 1168 3635 et
1200 3580 1309 3635 Deo
1341 3579 1633 3635 familiaris
1665 3580 1941 3635 exstiterit
1974 3595 1993 3636 :

421 3671 506 3723 vel
537 3669 680 3738 quod
730 3677 887 3737 pater
934 3668 1227 3723 multarum
1271 3671 1510 3739 gentium
1559 3668 1861 3739 appellatus
1899 3669 1992 3734 sit,

420 3776 612 3815 earum
654 3761 865 3814 scilicet
902 3777 1025 3829 qua:
1057 3763 1356 3815 secundum
1390 3762 1665 3818 Christum
1716 3771 1875 3827 sunt;
1910 3762 1996 3817 vel

424 3861 647 3920 propter
692 3851 1019 3919 patriarcha:
1072 3851 1537 3920 hospitalitatem,
1588 3854 1693 3907 ista
1743 3852 1999 3909 facientis

425 3944 479 3995 in
515 3945 613 3996 hac
639 3943 750 3993 vita
775 3980 790 4005 ,
842 3952 1069 4011 propter
1096 3957 1217 4010 qua:
1250 3945 1432 3997 mundi
1463 3944 1711 4000 conditor
1741 3960 1804 4000 ac
1823 3944 1995 4015 judex

418 4035 594 4106 justos
628 4030 890 4090 C(Blorum
932 4051 1099 4105 regno
1132 4037 1450 4092 honorabit.

495 4127 525 4202 ᾗ
550 4126 632 4183 γι.
655 4128 760 4181 Sed
784 4129 896 4182 haec
922 4126 1175 4183 fortassis
1198 4129 1418 4197 quidem
1449 4130 1584 4185 satis
1616 4131 1994 4187 demonstrata

422 4222 569 4290 sint,
611 4220 887 4276 dubitabis
932 4230 1115 4277 tamen
1163 4222 1229 4277 de
1277 4238 1444 4293 prece
1499 4226 1791 4290 antistitis,
1832 4241 1995 4295 quam

422 4314 552 4368 facit
578 4330 675 4383 pro
702 4314 769 4369 iis
800 4315 892 4383 qui
919 4319 969 4367 in
992 4314 1234 4383 peccatis
1262 4313 1503 4369 defuncti
1533 4327 1690 4381 sunt;
1722 4318 1996 4385 quomodo

2092 3134 2270 3205 ψυχὴν
2307 3132 2479 3186 ἀνωτέ
2489 3148 2585 3203 ραν
2609 3127 2705 3185 τοῦ
2749 3126 2997 3181 κινδύνου
3024 3120 3430 3193 διεφυλάξαντο.
3454 3120 3520 3172 Εἰ
3542 3119 3603 3172 δέ
3625 3135 3689 3186 γε

2094 3233 2221 3294 τοὺς
2244 3230 2476 3294 κόλπους
2498 3228 2593 3282 καὶ
2618 3225 2727 3281 ἀπὸ
2760 3221 2870 3279 τῶν
2897 3225 2956 3277 ὲν
2983 3222 3113 3293 ἡμῖν
3142 3216 3373 3289 ἱματίων
3402 3213 3693 3284 ἐκλαμϐά-

2094 3323 2280 3378 νεσθαι
2322 3322 2607 3391 εἴποιμεν,
2655 3316 2796 3372 κατά
2839 3316 2941 3371 τόο
2991 3314 3109 3365 Ἵνα
3155 3312 3305 3381 ἡμᾶς
3350 3307 3537 3377 θάλψῃ
3591 3303 3690 3358 τοῦ

2106 3414 2356 3487 Ἀὅραάμ
2386 3415 2415 3466 ὀ
2438 3413 2635 3475 κόλπος
2658 3427 2671 3440 ·
2705 3406 2999 3480 ἐξηγηθείη
3026 3404 3119 3457 καὶ
3155 3401 3310 3454 τοῦτο
3338 3398 3688 3470 προσφόρως,

2094 3506 2185 3561 διά
2205 3506 2266 3559 τὸ
2301 3503 2533 3576 πρώτως
2575 3503 2657 3565 εἰς
2679 3496 3010 3568 θεογνωσίαν
3040 3493 3273 3564 ἀχθῆναι
3297 3492 3391 3543 τὸν
3407 3487 3689 3559 Ἀϐραὰμ,

2096 3600 2190 3653 καὶ
2214 3596 2562 3665 οἱκειωθῆναι
2592 3592 2712 3663 Θεῷ
2734 3609 2748 3622 ο
2780 3590 2815 3661 ἢ
2834 3588 2924 3642 διά
2949 3587 3011 3640 τὸ
3034 3586 3250 3656 πατέρα
3272 3581 3486 3636 πολλῶν
3512 3580 3688 3634 ἐθνῶν

2096 3688 2393 3759 κληθῆναι,
2420 3684 2531 3741 τῶν
2557 3682 2698 3737 κατά
2724 3679 2960 3752 Χριστὸν
3000 3675 3202 3749 δηλαδή
3226 3691 3241 3705 ’
3271 3674 3304 3744 ἢ
3330 3671 3423 3726 διὰ
3448 3671 3551 3742 τὴν
3590 3668 3689 3724 τοῦ

2097 3780 2435 3851 πατριάρχου
2466 3774 2793 3846 φιλοξενίαν,
2816 3773 3001 3825 ἐκεῖνα
3024 3769 3353 3838 ποιήσαντος
3380 3766 3440 3817 ὲν
3461 3764 3544 3834 τῷ
3568 3763 3690 3833 βίῳ,

2097 3874 2155 3924 ὲν
2177 3872 2323 3934 ὅσοις
2348 3870 2414 3923 ἂν
2438 3870 2469 3921 ὁ
2489 3867 2697 3938 κόσμου
2725 3862 2927 3925 παντὸς
2962 3859 3195 3931 ποιητὴς
3218 3858 3315 3912 καὶ⁸
3337 3856 3537 3929 κριτὴς
3562 3855 3693 3917 τοὺς

2096 3964 2335 4028 δικαίους
2354 3963 2457 4032 τῆς
2487 3959 2765 4033 βασιλείας
2788 3953 3131 4027 καταξιώσῃ.

2169 4138 2197 4209 §
2229 4138 2314 4193 VI.
2343 4136 2481 4191 Ἀλλ’
2510 4135 2641 4198 ἴσως
2679 4131 2857 4186 ταῦτα
2903 4131 3002 4203 μὲν
3047 4128 3351 4193 ἀποδείξει·
3385 4127 3692 4198 ἀπορήσεις

2097 4230 2155 4284 δὲ
2187 4229 2433 4300 περὶτῆς
2458 4226 2751 4297 γινομένης
2774 4222 2939 4295 εὐχῆς
2982 4221 3135 4294 παρά
3177 4220 3272 4274 τοῦ
3313 4219 3578 4290 ίεράρχου
3600 4216 3695 4271 ἐπὶ

2099 4325 2211 4386 τοῖς
2234 4323 2291 4374 ἐν
2316 4319 2612 4391 ἁμαρτίαις
2639 4314 3061 4386 κεκοιμημένοις
3079 4331 3093 4343 ·
3120 4314 3225 4375 ὅτι,
3251 4310 3370 4373 πῶς
3392 4310 3456 4363 τὸ
3478 4309 3693 4363 δίκαιον

424 4407 681 4463 nimirum
717 4408 931 4478 justitia
960 4408 1175 4462 Domini
1223 4406 1482 4462 salvanda
1518 4408 1613 4472 sit,
1646 4409 1693 4462 si
1720 4409 1992 4463 exauditis

2105 4416 2505 4489 φυλαχθήσεται
2533 4411 2627 4466 τοῦ
2651 4409 2941 4474 Δεσπότου,
2977 4408 3133 4479 είπερ
3154 4404 3425 4467 ὲπακουὸς
3456 4404 3695 4474 γενόμε-

426 4502 679 4568 precibus
708 4502 878 4556 salvet
922 4517 1045 4557 eum
1089 4502 1181 4571 qui
1235 4512 1486 4556 mortuus
1519 4511 1606 4555 est
1641 4503 1693 4556 in
1725 4502 1989 4571 peccatis.

426 4593 535 4663 Ego
562 4604 740 4648 autem
763 4632 779 4657 ,
807 4594 1021 4664 inquit,
1050 4594 1259 4662 justam
1306 4593 1530 4664 quidem
1560 4608 1659 4661 pro
1691 4593 1848 4649 factis
1881 4595 1995 4649 suis

424 4686 589 4752 (hanc
626 4692 769 4740 enim
803 4687 1214 4741 retributionem
1247 4686 1430 4757 vocat)
1460 4697 1663 4742 sortem
1695 4688 1995 4757 quemlibet

426 4776 738 4829 habiturum
772 4777 938 4844 probe
978 4778 1091 4831 scio
1114 4816 1129 4841 ,
1185 4776 1487 4846 Seripturis
1521 4780 1906 4843 consentiens,
1939 4790 1997 4834 et

426 4868 703 4936 subiungit
727 4870 914 4922 statim
948 4872 1257 4927 testimonia
1287 4871 1605 4941 Scripturte.
1634 4871 1781 4927 Solis
1812 4880 1995 4925 autem

428 4959 833 5015 misericordias
866 4960 961 5016 Dei
990 4965 1361 5028 merentibus,
1406 4966 1523 5019 sive
1568 4964 1703 5018 vivis
1756 4964 1872 5017 sive
1902 4962 1998 5017 de—

427 5052 664 5113 functis,
697 5068 805 5106 non
841 5068 968 5107 vero
1005 5055 1071 5108 iis
1098 5055 1194 5124 qui
1231 5055 1485 5110 damnari
1522 5065 1879 5118 meruerunt,
1905 5055 1995 5124 ju-

427 5156 632 5205 storum
666 5145 941 5212 prodesse,
976 5148 1179 5216 scripta
1202 5148 1383 5203 divina
1416 5149 1631 5203 docent.
1664 5146 1800 5213 Quid
1847 5147 1996 5201 enim

428 5237 575 5290 Sauli
627 5236 835 5306 profuit
881 5239 1135 5294 Samuel?
1177 5239 1244 5293 Et
1307 5241 1438 5309 quid
1494 5239 1698 5295 Judaais
1745 5238 1999 5293 Ieremia:

428 5332 670 5399 precatio
701 5331 968 5386 centulit?
997 5332 1066 5386 ad
1092 5348 1252 5402 quem
1277 5333 1416 5387 dixit
1447 5332 1739 5387 Dominus:
1765 5330 1848 5387 Ne
1881 5348 1997 5386 ores

424 5436 522 5490 pro
549 5421 739 5491 populo
772 5424 890 5475 hoc.
924 5423 1139 5478 Etenim
1166 5433 1225 5477 ut
1253 5424 1296 5480 si
1324 5425 1447 5494 quis
1473 5425 1589 5480 sole
1618 5424 1856 5489 lucente,
1892 5423 1997 5478 sibi

374 5508 375 5511 “
433 5514 535 5583 ipsi
575 5516 760 5571 oculos
782 5532 1004 5581 eruens,
1050 5516 1188 5572 lucis
1214 5516 1335 5587 ejus
1367 5517 1644 5588 particeps
1673 5515 1788 5570 ﬁeri
1818 5526 1995 5586 petat;

429 5606 511 5660 sic
555 5622 621 5661 ex
662 5609 983 5677 impossibili
1024 5625 1119 5679 spe
1150 5610 1373 5680 pendet,
1404 5609 1656 5679 quisquis
1684 5617 1999 5663 sanctorum

432 5711 623 5757 vreces
651 5697 862 5768 ﬂagitat
894 5700 1021 5757 dum
1039 5702 1297 5760 mandata
1328 5703 1421 5759 Dei
1452 5716 1559 5759 non
1590 5710 1795 5768 servat,
1826 5715 1999 5770 neque

2098 4528 2186 4573 νος
2210 4509 2319 4560 τῶν
2346 4505 2519 4576 εὐχῶν
2539 4542 2554 4567 ,
2588 4500 2752 4556 σώσει
2788 4501 2881 4554 τὸν
2915 4500 2973 4551 ὲν
2998 4497 3295 4570 ἁμαρτίαις
3325 4494 3690 4550 ἀποθανόντα.

2111 4597 2252 4668 Ἐγὼ
2287 4597 2343 4651 δὲ
2362 4636 2378 4659 ,
2408 4597 2490 4649 ὅτι
2531 4595 2629 4666 μὲν
2658 4592 2870 4645 δικαίαν
2898 4590 3035 4662 πρὸς
3061 4587 3160 4652 τάς
3206 4586 3440 4658 πράξεις
3467 4585 3693 4657 (ταύτην

2098 4689 2206 4759 γὰρ
2225 4686 2513 4758 ἀμοιϐαίων
2530 4685 2681 4751 λέγει
2704 4684 2721 4753 )
2754 4681 2868 4747 ἕξει
2891 4682 2992 4751 τὴν
3020 4679 3410 4749 ἀποκλήρωσιν
3431 4677 3689 4738 ἕκαστος,

2099 4779 2157 4836 εὖ
2184 4778 2332 4844 οἶδα,
2372 4775 2682 4833 ἀκολουθῶν
2705 4777 2827 4838 ταῖς
2863 4774 3109 4845 Γραφαίς
3126 4788 3139 4802 ·
3167 4771 3263 4825 καὶ
3288 4768 3573 4840 παρευθὺς
3615 4768 3693 4821 τί-

2098 4875 2224 4945 θησι
2268 4873 2361 4925 καὶ
2399 4867 2675 4943 γραφικάς
2722 4865 3045 4937 μαρτυρίας.
3080 4864 3200 4915 Ὅτι
3239 4861 3296 4913 δὲ
3343 4859 3545 4930 μόνους
3571 4859 3693 4921 τοὺς

2099 4967 2286 5032 ἀξίους
2312 4965 2423 5018 τῶν
2448 4960 2751 5034 οἰκτιρμῶν
2777 4958 2871 5011 τοῦ
2896 4955 3032 5009 Θεοῦ
3056 4951 3357 5023 ὠφελοῦσιν
3380 4953 3438 5004 αἰ
3469 4950 3584 5003 τῶν
3618 4949 3693 5001 διο

2100 5060 2270 5114 καίων
2296 5058 2597 5130 προσευχαὶ
2619 5094 2634 5120 ,
2663 5054 2773 5107 εἴτε
2804 5052 3014 5116 ζῶντας
3040 5088 3055 5112 ,
3080 5047 3193 5101 εἴτε
3217 5046 3313 5099 καὶ
3332 5044 3695 5113 τελευτῆσαν-

2098 5170 2219 5217 τας,
2244 5153 2304 5205 οὺ
2331 5152 2436 5222 μὴν
2460 5152 2585 5212 τοὺς
2610 5142 3091 5213 ἀξιοκατακρίτους
3122 5140 3179 5192 ai
3217 5136 3491 5208 γραφικαλ⁸
3510 5149 3689 5204 παρα·
3714 5180 3727 5209 ,ν

2098 5248 2273 5309 δόσεις
2303 5244 2634 5297 διδάσκουσι.
2654 5238 2718 5292 Τί
2747 5237 2856 5308 γὰρ
2891 5233 3043 5306 παρά
3065 5231 3162 5286 τοῦ
3190 5227 3445 5301 Σαμουὴλ
3467 5229 3498 5279 ὁ
3521 5223 3690 5279 Σαοὺλ

2099 5334 2357 5407 ὠφελήθη
2381 5351 2395 5399 ;
2420 5333 2485 5386 Τί
2510 5331 2568 5385 δὲ
2592 5332 2719 5394 τοὺς
2735 5326 3019 5389 Ἰουδαίους
3045 5321 3193 5396 ήτοῦ
3221 5318 3487 5392 Ἰερεμίου
3512 5316 3689 5386 ῶνησε

2103 5427 2413 5500 προσευχῆς
2460 5424 2595 5495 πρὸς
2621 5422 2678 5475 ὃν
2703 5418 2855 5475 εἶπεν
2884 5422 2913 5473 ό
2948 5417 3155 5489 Κύριος
3178 5432 3192 5445 ⁸
3217 5413 3313 5480 Μὴ
3339 5410 3693 5478 προσεύχου

2101 5520 2235 5589 περὶ
2267 5518 2372 5572 τοῦ
2394 5517 2547 5572 ,λαοῦ
2576 5515 2811 5569 τούτου.
2843 5513 3055 5582 Ὥσπερ
3077 5508 3207 5580 γάρ,
3234 5504 3328 5560 τοῦ
3366 5504 3519 5574 ἡλίου
3554 5500 3684 5568 λάμ.

2104 5627 2293 5672 ποντος
2314 5648 2328 5671 ,
2355 5605 2695 5675 ἐξαφανίζων
2720 5622 2803 5668 τις
2837 5602 2937 5667 τὰς
2959 5602 3166 5664 οἰκείας
3196 5600 3349 5670 δψεις
3368 5636 3383 5659 ,
3426 5596 3575 5649 αἰτεῖ
3600 5609 3687 5662 με-

2105 5705 2324 5774 τασχεῖν
2356 5699 2561 5768 φωτός·
2605 5696 2747 5752 οὕτω
2791 5698 2884 5751 καὶ
2918 5695 3050 5766 πρὸς
3080 5692 3372 5754 ἀδυνάτους
3410 5686 3696 5758 κρέματασ
