3876 6226
160 323 269 381 ΕΠ

702 322 792 377 DE
828 322 1110 380 ECCLES.
1152 320 1554 387 HIERARCH.,
1590 322 1743 378 CAP.
1786 322 1897 378 νη.
1931 354 1999 365 -—
2026 322 2373 378 PARAPHR.
2409 323 2889 383 PACIIYMERIE.

3318 330 3424 384 57'!

158 440 390 504 ἐλπίδας
422 441 452 497 ὁ
471 438 571 504 τὰς
593 440 701 495 τῶν
726 441 896 510 ἁγίων
925 442 1023 515 μὲν
1049 443 1278 509 ἐξαιτῶν
1315 442 1640 515 προσευχὰς,
1673 442 1734 514 μί

1854 440 2054 496 mentis
2075 440 2265 495 oculos
2295 449 2515 510 apertos
2547 442 2735 505 habet,
2765 450 2820 496 et
2855 441 3009 509 juxta
3056 440 3424 505 Psalmistam,

157 532 415 602 κατέχων
454 531 511 585 δὲ
548 531 647 595 τὰς
673 532 767 587 τοῦ
795 530 930 586 Θεοῦ
974 533 1226 597 ἐντολὰς,
1275 535 1409 605 μηδὲ
1454 535 1594 605 ἔχων
1636 530 1747 590 οἷον

156 623 724 694 ἀποκεκαλυμμένους
778 625 907 688 τοὺς
970 627 1192 696 νοητοὺς
1248 628 1597 700 ὀφθαλμοὺς,
1654 630 1748 683 καί

156 716 521 778 ἐκλείποντας
565 716 687 787 ήδη,
731 716 873 771 κατὰ
896 716 988 771 τὸν
1022 718 1345 790 Ψαλμῳδδν,
1373 724 1453 785 είς
1475 722 1536 775 τὸ
1574 724 1747 795 σωτήο

158 824 278 879 ριον
310 806 408 860 τοῦ
445 806 602 861 Θεοῦ.
629 807 719 880 Μὴ
746 808 974 882 νομίσῃς
999 810 1079 874 δὲ,
1123 810 1205 865 ὅτι
1229 813 1258 865 ό
1280 812 1430 883 ἥλιος
1452 813 1524 867 τὰ
1548 814 1743 870 ἑαυτοῦ

156 900 317 968 φῶτα
347 898 623 969 δωρεῖται,
666 897 805 970 (πῶς
830 898 939 972 γὰρ
966 900 1052 965 ἂν,
1079 900 1282 975 ἄψυχος
1305 902 1400 969 ῶν,
1442 903 1746 977 δωρήσεται

150 990 369 1061 δωρεάν
390 990 439 1062 ;)
461 990 596 1043 ἀλλά
618 989 761 1044 κατά
789 990 1074 1061 ἠθοποιίαν
1104 994 1263 1049 οίονεί
1284 1013 1407 1050 τινα
1429 998 1490 1050 τὸ
1520 998 1744 1069 προκεί-

154 1097 322 1150 μενον
364 1080 531 1150 λέγει.
561 1082 774 1154 Ὥσπερ
811 1081 921 1154 γὰρ
952 1082 1008 1138 ετ
1038 1101 1123 1148 τις
1165 1084 1417 1139 ὑπόθοιτο
1459 1086 1551 1141 τὸν
1593 1088 1743 1159 ἦλιον

149 1171 422 1240 λέγοντα*
475 1171 615 1242 Ἐγὼ
653 1176 765 1239 τοῖς
828 1176 1164 1249 ἐρρωμένοις
1210 1178 1505 1250 ὀφθαλμοῖς
1549 1179 1742 1252 δίδωμι

148 1264 272 1333 φῶς
293 1280 307 1293 ·
344 1260 464 1318 εἶτα
494 1264 737 1319 ἀσθενῶν
772 1283 860 1331 τις
883 1266 953 1321 τά
982 1267 1206 1339 ὄμματα
1241 1268 1386 1323 εἴποι
1407 1286 1422 1302 ⁸
1450 1270 1551 1334 Δὸς
1572 1272 1742 1342 κάμοὶ

145 1356 252 1427 τὴν
299 1356 529 1420 ἀκτῖνα,
579 1356 828 1429 ἔρρωμαι
876 1358 1023 1431 γάρ’
1072 1359 1219 1429 λέγω
1259 1361 1341 1415 δτι
1385 1361 1444 1415 οὐ
1486 1362 1743 1416 τοσοῦτον

148 1446 573 1519 ὠφεληθήσεται
600 1444 753 1514 οὗτος
772 1488 787 1513 ,
813 1452 938 1505 ὅσον
975 1452 1072 1506 καὶ
1096 1452 1124 1506 ὃ
1148 1450 1297 1525 ἐώρα
1329 1452 1620 1508 ἀπολέσει·
1648 1455 1741 1509 τὸν

149 1540 319 1594 αὑτὸν
358 1541 561 1613 τρόπον
603 1542 699 1595 καὶ
727 1545 755 1596 ὁ
789 1542 1237 1617 ἀξιοκατάκριτος
1274 1546 1598 1617 ἁμαρτωλὸς
1641 1546 1741 1610 τὰς

146 1628 261 1682 τῶν
302 1628 533 1684 δικαίων
558 1630 724 1702 εὑχάς
752 1632 1021 1704 ἐκζητῶν,
1053 1635 1307 1699 κάκεῖνος
1339 1636 1583 1707 μηδόλως
1617 1637 1739 1689 ἐπι-

147 1722 550 1793 στρεφόμενος.
576 1724 689 1776 Καὶ
713 1722 874 1778 τοῦτό
907 1727 1028 1780 ἐστι
1062 1727 1123 1781 τὸ
1152 1729 1303 1799 παρὰ
1334 1731 1400 1800 τῇ
1428 1729 1619 1801 Γραφῇ
1661 1728 1742 1781 λε-

143 1815 385 1885 γόμενον
402 1829 420 1846 ο
448 1815 617 1885 Μέγα
652 1818 848 1884 ίσχύει
877 1817 1033 1887 εὐχὴ
1059 1818 1292 1874 δικαίου
1337 1821 1701 1893 ἐνεργουμένη
1724 1839 1737 1851 ·

144 1907 281 1980 παρ’
322 1909 539 1963 ἐκείνου
583 1910 693 1981 γὰρ
729 1909 969 1980 λέγεται.
1015 1911 1177 1985 [Ιαρά
1215 1913 1273 1966 δέ
1320 1913 1416 1967 τοῦ
1446 1914 1587 1985 ὑπὲρ
1615 1909 1734 1986 οὗή

144 2000 393 2065 ἔντευξις
420 2003 746 2074 ἐνεργεῖται,
769 2003 911 2074 λέγω
941 2003 1070 2074 γοῦν
1094 2004 1239 2059 κατά
1262 2004 1361 2070 τάς
1388 2005 1631 2079 Γραφάς,
1660 2006 1737 2071 ὡς

141 2093 417 2165 ὠφέλιμοι
472 2098 611 2150 εἰσιν
651 2096 707 2149 αί
733 2096 842 2150 τῶν
874 2094 1100 2152 δικαίων
1126 2099 1281 2169 εὐχαὶ
1304 2098 1445 2152 κατά
1472 2098 1621 2152 τόνδε
1646 2098 1736 2153 τὸν

141 2185 371 2256 τρόπον,
406 2184 463 2238 el
486 2202 575 2250 τις
592 2228 607 2252 ,
644 2186 753 2241 τῶν
780 2187 846 2241 ἐκ
877 2186 1013 2242 Θεοῦ
1036 2188 1258 2261 δωρεῶν
1280 2189 1563 2261 ἐφιέμενος
1582 2228 1595 2251 ,
1642 2190 1738 2242 καὶ

141 2276 285 2348 ἔχων
313 2276 561 2333 διάθεσιν
601 2279 816 2353 ἀγαθὴν
854 2280 992 2354 πρὸς
1018 2280 1209 2347 αὑτάς,
1248 2281 1369 2354 (τήν
1391 2281 1499 2354 γὰρ
1524 2280 1618 2336 τοῦ
1659 2285 1737 2336 oi-

140 2370 297 2423 κείου
352 2367 467 2441 βίου
516 2368 653 2442 πρὸς
698 2370 903 2443 ἀρετήν
951 2370 1192 2427 διάθεσιν
1233 2372 1347 2438 ἐξιν
1385 2371 1560 2437 εἶπεν,
1613 2374 1734 2445 ήτις

142 2461 370 2526 πάντως
412 2460 621 2531 γίνεται
650 2464 715 2517 ἐκ
750 2464 852 2535 τῆς
886 2463 1092 2528 οἰκείας
1126 2466 1578 2536 ἐπιγνωμοσύνης
1605 2467 1735 2520 ἐκά-

141 2572 270 2607 στου
293 2554 335 2623 ³)
358 2553 528 2607 ἐλθὼν
554 2555 648 2608 ἐπί
669 2569 793 2608 τινα
813 2554 922 2609 τῶν
946 2554 1189 2621 δικαίων,
1214 2556 1464 2622 ἀξιώσειε
1484 2557 1733 2626 γενέσθαι

138 2646 211 2700 τὰ
253 2645 399 2719 πρὸς
433 2644 529 2700 τὸν
562 2645 693 2700 Θεδν
728 2648 1237 2722 συμπαρακλήτορά
1275 2648 1325 2703 oi
1372 2649 1465 2702 καὶ
1522 2648 1724 2721 ἐαυτῷ,

140 2737 567 2809 ὠφεληθήσεται
608 2740 828 2804 πάντως
860 2741 925 2795 ἐκ
950 2738 1141 2795 τούτου
1165 2741 1265 2813 τὴν
1296 2741 1559 2813 μεγίστην
1586 2741 1732 2812 ὠφέ-

137 2826 292 2881 λειαν
312 2844 328 2857 ·
358 2829 792 2902 ἀποδεχθήσεται
816 2830 925 2903 γάρ
951 2830 1103 2904 παρά
1127 2830 1263 2886 Θεοῦ
1295 2832 1459 2886 1ἑνεκα
1498 2832 1599 2903 τῆς
1638 2834 1733 2886 εύ-

136 2920 344 2985 λαδοῦς
359 2922 525 2976 αὐτοῦ
551 2924 1023 2996 ἐπιγνωμοσύνης,
1049 2924 1261 2996 καὶτῆς
1286 2925 1379 2979 ἐπὶ
1405 2925 1533 2989 τοὺς
1553 2926 1733 2989 ὁσίους

139 3011 357 3075 αἰδοῦς,
391 3011 473 3065 ἐτι
517 3012 574 3066 δέ
620 3014 715 3068 καὶ
738 3013 837 3085 τῆς
858 3014 1100 3085 ἐφέσεως
1142 3015 1237 3069 καὶ
1262 3015 1487 3087 μετρίας
1527 3014 1727 3080 ἐξεως·

135 3101 301 3155 τοῦτο
328 3103 442 3175 γάρ
478 3104 594 3158 ἐστι
623 3104 683 3157 τὸ
709 3105 1065 3177 κατάλληλον,
1092 3106 1174 3161 ότι
1207 3106 1275 3161 τά
1295 3105 1436 3160 καλά
1460 3107 1731 3178 ζήγάπησε

138 3193 234 3247 καὶ
259 3193 552 3263 ἐζήτησεν.
580 3195 736 3248 Ἔστι
760 3194 869 3267 γάρ
895 3197 989 3250 καὶ
1008 3194 1166 3250 τοῦτο
1189 3199 1301 3261 τοῖς
1329 3197 1495 3261 θείοις
1519 3213 1733 3268 νενομο-

138 3284 443 3356 θετημένον
471 3285 724 3357 κρίμασι,
750 3287 813 3341 τὸ
834 3287 1122 3361 δωρεῖσθαι
1148 3292 1262 3355 τοῖς
1289 3290 1461 3359 ἀξίοις
1503 3291 1598 3345 τοῦ
1633 3308 1731 3363 με·

135 3378 366 3446 τασχεῖν
402 3376 493 3431 διά
516 3377 627 3432 τῶν
674 3378 840 3446 ἀξίων
868 3380 963 3434 τοῦ
1008 3381 1349 3453 μεταδοῦναι.
1396 3383 1482 3447 Ὠς
1506 3382 1616 3455 γὰρ
1640 3383 1732 3437 τὸν

138 3462 412 3536 ζητοῦντα
447 3466 749 3538 φιλοκρινεῖ
770 3507 785 3533 ,
814 3468 973 3543 εἴπερ
1004 3472 1122 3525 ἐστὶ
1146 3472 1246 3543 τῆς
1294 3473 1501 3543 δωρεᾶς
1541 3472 1691 3540 ἄξιος
1713 3515 1729 3537 ,

136 3557 284 3610 οὕτω
331 3557 546 3611 καὶτὸν
593 3559 891 3631 εὐχόμενον
915 3563 1231 3634 ἐρευνήσει,
1282 3563 1442 3635 εἴπερ
1473 3565 1590 3618 ἐστὶ
1636 3567 1731 3619 καὶ

136 3646 305 3710 «51b;
334 3646 486 3714 ἄξιος
513 3650 960 3723 ὑπηρετήσασθαι
982 3654 1119 3725 πρὸς
1148 3655 1354 3709 ἐκεῖνον
1377 3655 1603 3727 τοιούτῳ
1628 3656 1731 3709 δω-

141 3740 367 3812 ρήματι.
386 3742 501 3812 Οὐχ
522 3743 711 3808 ἁπλῶς
738 3741 832 3798 οὖν
859 3744 920 3799 τὸ
939 3747 1075 3818 πρὸς
1098 3743 1249 3801 θείαν
1270 3747 1485 3821 ὁμιλίαν
1509 3751 1726 3820 χωρεῖν,

136 3834 237 3887 καὶ
277 3833 554 3888 αἰτεῖσθαι
583 3836 735 3908 παρά
767 3836 903 3890 Θεοῦ
944 3838 1015 3891 τὰ
1047 3838 1330 3909 κρείττονα
1361 3840 1623 3894 κωλύσειε
1645 3857 1730 3905 τις

136 3924 448 3996 εὐφρονῶν,
476 3923 633 3991 είδὼς
662 3927 753 3981 τὸν
781 3928 951 3999 μέγαν
966 3928 1287 3985 ’Δπόστολον
1310 3934 1720 4004 προστάσσοντα

137 4016 509 4081 ἀδιαλείπτως
534 4018 967 4089 προσεύχεσθαι·
1002 4019 1139 4075 ἀλλά
1156 4022 1218 4075 τὸ
1245 4023 1422 4094 οἰήσει
1449 4023 1572 4077 τινὰ
1602 4041 1733 4095 κρα-

132 4108 231 4162 τού
241 4126 404 4179 μενον
432 4109 795 4181 ὑπερφρονεῖν
822 4112 932 4165 τῶν
957 4113 1130 4182 ἁγίων
1147 4152 1161 4177 ,
1205 4115 1299 4167 καὶ
1329 4113 1479 4187 παρά
1511 4115 1729 4184 φαύλων

132 4200 387 4256 τίθεσθαι
412 4200 513 4266 τὰς
538 4202 742 4257 τούτων
763 4204 947 4276 εὐχὰς,
975 4205 1135 4259 τοῦτο
1161 4208 1257 4259 καὶ
1280 4206 1399 4261 λίαν
1424 4210 1537 4272 τοῖς
1563 4208 1730 4274 θείοις

132 4295 351 4367 ἀπᾷδον
374 4295 470 4349 καὶ
495 4296 893 4368 κεκωλυμένον.
925 4300 1051 4352 Ὅτε
1075 4298 1131 4352 δέ
1164 4300 1258 4353 καὶ
1282 4299 1460 4371 οἴησις
1491 4300 1564 4372 μὴ
1591 4300 1725 4366 ἐστι,

130 4390 277 4453 τέως
322 4388 596 4461 χρῄζομεν
621 4393 730 4445 τῶν
761 4393 1034 4447 κοινωνῶν
1063 4392 1163 4464 τῆς
1193 4392 1357 4465 εὐχῆς
1377 4411 1390 4425 ·
1424 4394 1485 4448 τὸ
1513 4395 1612 4465 μὲν
1641 4395 1728 4447 ῖνα

1852 532 2174 588 deficientes
2218 530 2271 585 in
2321 532 2560 588 salutare
2591 532 2686 586 Dei
2708 532 2758 586 Ιι.
2804 531 2882 586 Ne
2908 533 3195 587 existimes
3244 542 3425 588 autem

1858 625 2027 681 solem
2057 628 2189 681 dare
2217 625 2423 680 lumina
2457 642 2553 680 sua
2579 628 2872 695 (quomodo
2896 628 3041 681 enim
3062 669 3077 693 ,
3099 643 3220 680 rttm
3248 628 3427 682 inani-

1850 717 1955 772 mis
1984 718 2077 782 sit,
2101 718 2273 787 possit
2306 718 2436 772 dare
2470 718 2759 783 munus‘ii,
2786 722 2882 773 sed
2909 718 3073 773 veluti
3095 734 3191 787 per
3210 734 3423 773 morum

1847 807 2139 878 quamdam
2177 809 2454 864 fietionent
2506 809 2558 864 id
2614 811 2770 864 dicit.
2820 809 2971 864 Sicut
3012 811 3158 864 enim
3208 812 3252 864 si
3301 812 3426 879 quis

1851 908 2123 969 supponat
2145 900 2318 956 solem
2344 901 2563 956 dicere:
2596 902 2707 971 Ego
2720 903 3028 957 valentibus
3042 902 3216 957 oculis
3242 903 3421 955 lumen

1847 989 2021 1056 dono;
2071 1001 2259 1059 postea
2308 991 2510 1061 aliquis
2542 992 2802 1047 laborans
2846 992 3024 1046 oculis
3071 993 3269 1046 dixerit
3298 1010 3313 1047 :
3344 990 3419 1046 Da

1845 1080 2009 1133 etiam
2042 1078 2175 1134 mihi
2211 1080 2450 1147 radium,
2494 1081 2647 1135 valeo
2695 1083 2866 1146 enim,
2897 1082 3020 1137 dico
3048 1082 3103 1137 id
3155 1083 3283 1136 huic
3310 1098 3419 1137 non

1848 1178 2055 1227 tantum
2087 1188 2192 1227 non
2212 1173 2577 1242 profuturum,
2603 1174 2734 1243 quin
2765 1174 2929 1228 ctiam
2956 1174 3006 1228 id
3038 1176 3180 1245 quod
3203 1175 3424 1231 videbat

1844 1264 2101 1319 amittet:
2140 1265 2328 1320 eodem
2374 1266 2539 1320 etiam
2574 1265 2733 1320 modo
2795 1268 2887 1335 qui
2938 1266 3189 1320 damnari
3225 1266 3423 1321 meruit

1843 1367 2106 1425 peccator
2130 1357 2363 1413 affectus
2387 1367 2506 1425 est,
2548 1374 2671 1412 cum
2694 1358 2965 1427 justornm
2998 1375 3191 1430 preces
3216 1358 3422 1427 efﬂagi-

1847 1457 1924 1503 tat
1947 1488 1962 1513 ,
2009 1460 2065 1504 et
2110 1450 2227 1521 ipse
2275 1466 2337 1505 se
2375 1465 2481 1504 non
2512 1451 2811 1505 convertit.
2856 1450 2922 1503 Et
2960 1450 3062 1506 hoc
3106 1459 3189 1505 est
3220 1452 3362 1519 quod
3388 1468 3418 1506 a

1845 1540 2130 1610 Scriptura
2179 1542 2419 1597 dicitur:
2448 1541 2675 1596 Multum
2723 1542 2858 1596 valet
2888 1544 3189 1611 deprecatio
3224 1544 3365 1612 justi
3396 1541 3415 1581 ι

1842 1649 1873 1688 a
1906 1634 2113 1704 Spiritu
2145 1635 2349 1704 agitata
2387 1634 2538 1705 (29);
2575 1637 2640 1690 de
2682 1635 2837 1705 justo
2870 1634 3017 1688 enim
3058 1635 3161 1690 hoc
3196 1635 3416 1690 dicitur.

1846 1726 1922 1781 De
1968 1727 2059 1782 illo
2092 1736 2303 1790 autem,
2354 1742 2454 1797 pro
2499 1742 2611 1797 quo
2655 1728 2713 1781 fit
2741 1726 3086 1797 deprecatio,
3121 1726 3419 1798 Scripturis

1772 1802 2060 1889 Bquoque
2106 1833 2345 1873 consone
2387 1819 2546 1885 dico,
2600 1819 2861 1889 perutiles
2924 1833 3048 1874 esse
3102 1831 3417 1873 sanctorum

1838 1923 2059 1979 preces,
2093 1909 2391 1963 dummodo
2419 1909 2546 1979 quis
2570 1924 2853 1964 sacrorum
2884 1924 3172 1964 munerum
3206 1910 3421 1965 deside-

1838 2004 1918 2058 rio
1936 2001 2103 2072 278
2120 2015 2408 2063 accensus,
2431 2012 2484 2054 et
2516 2002 2581 2055 ad
2602 2001 2791 2056 eadem
2820 2004 2909 2072 pie
2931 2002 3004 2056 sit
3027 2000 3255 2056 aﬂ‘ectus
3271 2001 3422 2071 (pro-

1836 2096 1972 2167 priae
1991 2096 2136 2149 enim
2163 2094 2289 2149 vita:
2306 2094 2372 2147 ad
2392 2094 2650 2148 virtutem
2672 2091 3015 2148 affectionem
3031 2095 3244 2148 vocavit
3264 2094 3421 2148 habi-

1837 2188 2100 2254 tudinem,
2118 2201 2238 2257 quae
2252 2202 2319 2243 ex
2342 2185 2633 2255 cujuslibet
2652 2186 2981 2241 conscientia
2998 2185 3238 2254 exsistit)
3253 2187 3318 2241 ad
3335 2188 3421 2241 vi-

1836 2294 1959 2334 rum
1988 2280 2230 2349 aliquem
2247 2282 2455 2350 justum
2486 2279 2754 2333 accedens
2775 2288 2944 2349 petat,
2964 2288 3022 2333 ut
3041 2279 3208 2333 Deum
3232 2294 3330 2348 pro
3360 2294 3420 2335 se

1846 2384 2025 2442 roget,
2070 2372 2284 2441 sibique
2307 2370 2582 2434 conciliet,
2602 2386 2708 2440 qua
2741 2372 2956 2425 ratione
2972 2384 3102 2424 sane
3122 2372 3417 2425 maximum

1834 2476 1901 2516 ex
1926 2478 1992 2517 eo
2016 2462 2216 2516 referet
2244 2460 2674 2515 emolumentum
2705 2459 2847 2514 :voti
2877 2459 3022 2513 enim
3053 2471 3276 2527 compos
3301 2459 3416 2524 fiet,

1835 2571 1957 2611 cum
1993 2564 2213 2625 propter
2243 2553 2638 2609 conscientiam
2663 2551 3007 2623 religiosam,
3055 2558 3168 2604 ttuu
3196 2559 3420 2620 propter

1835 2657 2149 2702 sanctorum
2174 2646 2564 2712 reverentiam,
2592 2655 2704 2699 tum
2733 2653 2957 2714 propter
2985 2644 3089 2712 piae
3135 2643 3416 2712 petitionis

1835 2741 2114 2806 aﬂ'ectum;
2144 2740 2248 2795 hoc
2274 2739 2421 2794 enim
2448 2738 2522 2791 ita
2549 2738 2829 2800 convenit,
2849 2736 3106 2807 quoniam
3142 2736 3283 2789 bona
3319 2736 3408 2787 ad.

1834 2834 2059 2901 amavit,
2083 2843 2137 2888 et
2155 2830 2420 2901 quaesivit.
2448 2829 2662 2885 Etenim
2688 2828 2888 2883 divinis
2910 2828 2961 2880 id
2985 2826 3219 2881 decretis
3242 2826 3414 2882 stabi-

1835 2926 1987 2982 litum
2024 2936 2130 2991 cst,
2154 2934 2214 2980 ut
2240 2940 2428 2980 eorum
2455 2923 2871 2994 participatione
2899 2921 3103 2991 dignis,
3141 2923 3416 2976 donentur

1834 3033 1931 3088 per
1951 3034 2044 3073 eos
2063 3018 2155 3089 qui
2175 3016 2322 3085 digni
2348 3023 2473 3071 sunt
2491 3013 2676 3068 eadem
2694 3010 3418 3077 distribuere.Quemathno-

1836 3109 1961 3162 dum
1981 3108 2123 3163 enitn
2143 3105 2506 3177 postulantem
2523 3103 2935 3171 dijudicat,num
2951 3106 3091 3156 dono
3109 3102 3303 3172 dignus
3318 3102 3412 3167 sit,

1834 3201 1914 3255 sic
1939 3201 2103 3255 etiam
2128 3210 2442 3271 precantem
2460 3197 2817 3264 scrutabitur,
2836 3212 2961 3250 num
2990 3205 3044 3251 et
3076 3197 3190 3265 ipse
3215 3195 3413 3265 dignus

1833 3294 1905 3348 sit
1948 3294 2056 3347 tale
2086 3293 2164 3347 illi
2199 3305 2399 3347 munus
2432 3291 2751 3361 impetrare.
2808 3288 2925 3343 Non
2977 3298 3183 3343 temere
3224 3289 3411 3358 itaque

1833 3388 1927 3456 qui
1970 3386 2121 3456 cupit
2165 3387 2231 3440 ad
2277 3386 2521 3441 divinum
2563 3384 2903 3439 consortium
2951 3386 3232 3447 accedere,
3278 3390 3334 3437 et
3378 3397 3409 3437 a

1835 3480 1948 3536 Deo
1985 3482 2190 3549 optima
2237 3491 2469 3549 quaeque
2511 3476 2789 3546 postulare
2837 3476 3239 3546 prohibebitur,
3284 3492 3408 3531 cunt

1833 3575 1973 3630 sciat
2017 3587 2273 3642 magnum
2302 3571 2620 3641 Apostolqu
2656 3568 2952 3638 praecipere
2982 3577 3042 3621 ut
3072 3569 3411 3623 incessanter

1831 3678 2089 3729 oremus;
2140 3663 2235 3717 sed
2283 3660 2580 3715 absurdum
2612 3658 2771 3713 simul
2800 3667 2855 3712 et
2886 3656 3133 3712 illicitum
3164 3672 3320 3727 esse,
3361 3657 3409 3712 si

1839 3756 1989 3827 quis,
2016 3752 2274 3824 opinione
2303 3765 2398 3805 sua
2433 3752 2710 3815 seductus,
2747 3764 2908 3818 supra
2954 3760 3175 3805 sanctos
3219 3763 3412 3819 sapere

1832 3848 1987 3914 velit,
2018 3857 2072 3901 et
2100 3861 2201 3915 pro
2235 3845 2401 3898 rebus
2454 3843 2612 3897 malis
2652 3855 2840 3911 preces
2881 3838 3132 3895 fundere.
3183 3840 3413 3907 Quando

1832 3947 2014 3995 autem
2048 3936 2190 3990 nulla
2216 3935 2369 3990 adest
2400 3933 2585 3996 elatio,
2610 3943 2742 3987 tunc
2774 3946 2879 3986 non
2919 3931 3225 4001 refugimus
3252 3948 3414 3987 com-

1832 4044 2024 4085 munes
2053 4042 2277 4099 preces;
2325 4038 2435 4080 tum
2470 4034 2528 4079 ut
2552 4024 2831 4079 discamus
2857 4038 2977 4092 qua:
3003 4032 3189 4091 petere
3210 4024 3413 4079 debea-

1832 4134 1974 4186 mus,
1999 4131 2112 4175 tum
2146 4135 2279 4174 vero
2308 4119 2472 4172 etiam
2505 4120 2779 4189 quomodo
2808 4134 3000 4188 preces
3027 4118 3409 4173 instituamus.

1830 4214 2186 4270 Frustramur
2213 4214 2358 4268 enim
2384 4213 2548 4278 votis,
2571 4212 2657 4265 vel
2680 4213 2806 4283 quia
2841 4212 3113 4266 nescimus
3136 4212 3413 4279 quomodo

1829 4307 2017 4359 oratio‘
2036 4305 2109 4358 sit
2140 4302 2472 4357 intendenda
2497 4344 2513 4369 ,
2549 4303 2649 4357 ista
2686 4303 2830 4357 enim
2894 4313 2978 4357 est
3028 4302 3413 4372 postulationis

1831 4397 2045 4451 inscitia
2071 4414 2086 4463 ;
2115 4395 2201 4450 vel
2232 4395 2360 4465 quia
2394 4409 2483 4449 res
2513 4395 2762 4463 indignas
2790 4394 3153 4462 postulamus.
3187 4393 3296 4449 Sed
3326 4396 3410 4449 di-

128 4482 525 4553 διδασκὼμεθα
550 4484 611 4537 τὸ
633 4485 755 4538 τίνα
783 4485 850 4538 ἂν
876 4484 1243 4557 αἰτησαίμεθα
1260 4500 1277 4519 ο
1307 4487 1368 4539 τὸ
1396 4487 1453 4541 δέ
1475 4488 1624 4552 ὅπως
1650 4490 1734 4542 αί-

1842 4498 1929 4544 cet
1977 4486 2212 4556 aliquis:
2248 4485 2387 4553 Quid
2441 4499 2577 4553 opus
2643 4494 2731 4539 est
2783 4485 3159 4551 institutione,
3212 4496 3269 4539 ut
3311 4501 3408 4541 co-

131 4576 475 4649 τησαίμεθα.
500 4578 751 4649 Λήσομεν
790 4577 899 4650 γὰρ
946 4578 1309 4649 ἀποτυχόντες
1346 4578 1378 4649 ἦ
1414 4578 1502 4632 διά
1542 4578 1605 4631 τὸ
1655 4580 1729 4651 μὴ

134 4670 348 4723 εἰδέναι
393 4669 544 4732 ὅπως
592 4669 843 4734 σύντονος
885 4671 917 4741 ἡ
963 4670 1148 4741 δέησις
1186 4670 1414 4739 γίνεται,
1443 4670 1600 4723 τοῦτο
1622 4672 1730 4743 γάρ

133 4765 289 4815 ἐστιν
316 4764 687 4834 ἀνεπιστῆμον
714 4764 813 4835 τῆς
843 4766 1131 4836 αἰτήσεως,
1160 4762 1193 4834 ἣ
1216 4762 1303 4816 διὰ
1335 4762 1395 4815 τὸ
1420 4762 1614 4829 ἀνάξια
1646 4764 1732 4815 αί-

132 4859 274 4912 τεῖν.
316 4853 460 4907 Ἀλλ’
484 4854 627 4907 εἴποι
667 4872 751 4919 τις
793 4856 885 4910 ἄν·
914 4857 1023 4910 Καὶ
1061 4855 1145 4919 τίς
1188 4854 1345 4927 χρεία
1380 4854 1729 4922 διδασκαλίας

134 4950 222 5011 είς
245 4945 311 4999 τὸ
335 4943 539 5013 γνῶναι
564 4944 709 5009 τίνες
740 4946 877 4999 εἰσιν
908 4947 963 5000 αἱ
995 4945 1203 5010 ἀνάξιοι
1231 4947 1496 5016 αἰτήσεις,
1526 4948 1621 5000 καὶ
1643 4948 1727 5000 τί-

133 5055 229 5101 νες
269 5036 330 5089 αἱ
373 5034 558 5101 ἄξιαι,
594 5035 759 5089 αὐτοῦ
799 5035 894 5090 τοῦ
933 5035 1140 5107 Κυρίου
1181 5035 1463 5104 λέγοντος·
1507 5039 1731 5093 Αἰτεῖτε

134 5125 384 5196 πρῶτον
404 5123 520 5192 τὴν
532 5125 860 5188 ,Βασιλείαν
882 5126 987 5179 τοῦ
1006 5124 1175 5188 Θεοῦ,
1198 5122 1295 5179 καὶ
1316 5125 1515 5180 τᾶλλα
1535 5126 1733 5182 πάντα

136 5215 623 5289 προστεθήσεται
652 5217 827 5288 ὺμῖν;
857 5217 1102 5290 Λέγομεν
1127 5220 1206 5282 είς
1228 5217 1388 5272 τοῦτο
1406 5258 1421 5285 ,
1452 5219 1534 5274 ὅτι
1561 5220 1735 5275 πολλά

135 5314 246 5365 είσι
274 5308 356 5363 τὰ
380 5310 511 5380 παρ’
538 5310 696 5381 ήμῶν
722 5310 1061 5381 ἀγνοούμενα
1090 5311 1173 5365 δτι
1200 5312 1336 5366 εἰσὶν
1366 5311 1589 5378 ἀνάξια’
1620 5313 1736 5366 κλε-

137 5401 395 5474 πτόμεθα
423 5400 533 5473 γάρ
567 5404 637 5473 τῇ
678 5401 863 5472 εφέσει
885 5442 901 5468 ,
935 5403 1030 5455 καὶ
1062 5403 1121 5456 ἐν
1152 5402 1450 5475 ἁμαρτίαις
1478 5402 1736 5469 πολλάκις

1838 4593 2164 4652 gnoscamus
2204 4594 2453 4648 quaenam
2487 4578 2599 4631 sint
2632 4577 2871 4647 indignae
2928 4576 3322 4647 postulationes
3355 4587 3412 4632 et

1834 4687 2081 4742 quaenam
2134 4672 2346 4739 dignae,
2400 4670 2626 4724 Domino
2671 4670 2929 4725 dicente:
2962 4668 3131 4723 Petite
3180 4673 3409 4737 primum

1832 4780 2051 4833 regnum
2103 4762 2234 4826 Dei,
2267 4774 2314 4815 et
2345 4772 2533 4816 ett-tera
2573 4764 2748 4816 omnia
2798 4764 3122 4832 adjiciantur
3144 4768 3285 4816 vobis
3345 4762 3411 4815 In?

1833 4857 2073 4911 Dicimus
2125 4857 2328 4910 idcirco
2359 4855 2531 4907 multa
2564 4857 2720 4909 notus
2756 4869 2879 4909 esse
2928 4857 3109 4923 ignota
3143 4872 3263 4923 qua:
3300 4857 3411 4909 sint

1832 4949 2055 5018 indigna
2103 4965 2119 5003 :
2170 4964 2295 5002 nam
2342 4947 2640 5015 cupiditate
2688 4947 3022 5017 decipimur,
3071 4956 3121 5000 et
3172 4950 3413 5016 peccatis

1833 5054 2210 5109 saepenumero
2260 5038 2762 5102 circumvenimur.
2825 5052 3195 5107 saepenumero
3245 5039 3410 5091 etiam

1836 5144 2115 5198 rogamus,
2149 5137 2207 5182 et
2235 5128 2377 5182 bona
2417 5128 2634 5197 indigne
2661 5128 3033 5195 postulamus,
3080 5129 3410 5190 nescientes,

1837 5222 2092 5283 adversa,
2128 5233 2249 5288 quae
2279 5219 2545 5288 permissu
2574 5218 2663 5272 Dei
2697 5218 3020 5283 obveuiunt,
3050 5217 3221 5288 magis
3246 5216 3414 5285 prod-

1838 5324 1980 5366 esse.
2029 5310 2317 5376 Quomodo
2358 5309 2501 5363 euim
2536 5308 2699 5363 Israel
2734 5310 2787 5364 in
2815 5310 3106 5383 Egyptum
3148 5308 3413 5364 transmi-

1841 5411 2088 5472 grasset,
2134 5413 2190 5457 et
2219 5410 2423 5457 terram
2455 5400 2834 5471 promissionis
2854 5404 3270 5463 luereditassct,
3303 5396 3410 5453 nisi

236 5605 266 5647 'I
302 5604 456 5661 Psal.
494 5621 690 5673 cxvut,
722 5606 845 5661 {23.
922 5603 1079 5660 'Jac.
1115 5622 1164 5672 v,
1200 5606 1289 5664 16.
1366 5614 1405 5638 ⁸³
1438 5606 1629 5663 Matth.
1658 5623 1731 5677 vi,
1772 5607 1863 5664 33.

210 5784 339 5849 ('29)
375 5784 563 5842 Gra‘ce
589 5785 977 5857 ἐνεργουμένη.
1012 5784 1166 5856 Vulg.
1199 5786 1438 5841 assidua.
