3876 6226
454 276 564 337 579

1630 275 1687 331 S.
1723 273 2029 331 DlONYSll
2070 273 2540 333 AREOPAGITA‘I

3616 283 3737 340 580.

457 390 599 446 Deus
641 386 863 460 Iosephi
916 402 1110 458 preces
1158 389 1490 456 exaudiens,
1525 389 1850 447 incolumem
1895 390 2031 460 patri

2143 392 2623 464 προφασιζόμεθα·
2656 395 2909 459 πολλάκις
2953 396 3007 451 δὲ
3051 382 3325 463 αἰτοῦντες
3370 401 3462 454 καὶ
3506 401 3723 469 ἀγαθὰ.

458 482 626 536 ﬁlium
658 482 973 537 servasset?

2142 484 2377 552 ἀναξίως
2417 487 2708 557 αἰτοῦμεν,
2760 489 2836 560 μὴ
2877 490 3076 553 εἰδότες
3118 492 3202 545 ὃτι
3231 492 3429 562 μᾶλλον
3473 492 3544 545 τὰ
3582 493 3727 545 κατά

454 571 848 645 παραχώρησιν
889 573 982 626 τοῦ
1016 572 1153 626 Θεοῦ
1194 575 1417 629 ἐναντία
1451 573 1713 645 μειζόνως
1772 575 2062 647 ὠφελήσει.
2106 578 2232 642 Πῶς
2255 580 2364 650 γὰρ
2395 580 2713 651 μετῴκησεν
2744 586 2823 646 εἰς
2866 583 3142 652 Αἴγυπτον
3176 585 3425 658 Ἰσραὴλ,
3476 586 3575 638 καὶ
3623 586 3727 655 τὴν

457 666 559 737 γῆν
614 665 712 738 τῆς
744 666 1071 736 ἐπαγγελίας
1099 666 1564 739 ἐκληρονόμησεν,
1591 668 1770 739 εἴπερ,
1800 669 2071 735 ὲπακουδς
2116 670 2225 723 τῶν
2266 672 2443 741 εὐχῶν
2468 672 2564 726 τοῦ
2602 674 2801 746 Ἰωσὴφ
2842 677 2873 729 δ
2898 676 3030 740 Θεὸς
3062 678 3285 747 φανεὶς,
3324 678 3603 749 ἀλώὸητον
3645 677 3726 748 τῷ

456 762 629 834 πατρὶ
655 760 911 833 παραυτά
930 762 1019 815 τὸν
1046 762 1211 816 παῖδα
1236 762 1457 826 διέσωζε
1480 778 1494 826 ;

529 852 695 925 279
730 853 758 925 §
796 853 904 908 VII.
931 854 1128 907 Verum
1173 854 1258 907 his
1287 853 1340 907 in
1378 854 1652 909 communi
1683 854 1748 908 de
1773 856 2025 910 oratione

458 947 642 1009 dictis,
668 945 985 1001 necessario
1005 946 1167 999 etiam
1188 945 1477 1002 dicendum
1499 946 1564 1000 de
1582 961 1741 1015 prece
1755 961 1916 1016 quam
1940 963 2034 1001 su-

458 1055 555 1111 per
569 1037 823 1094 defuncto
850 1038 1050 1093 recitat
1072 1039 1323 1093 antistes.
1345 1038 1568 1093 Divinos
1593 1039 1757 1109 igitur
1788 1041 2019 1094 antistes

458 1134 725 1199 interpres
771 1139 859 1183 est
913 1130 1219 1184 divinarum
1264 1128 1721 1199 justiﬁeationum
1764 1150 1779 1187 :
1829 1133 2035 1187 idcirco

455 1224 600 1277 enim
626 1222 853 1293 angelus
878 1220 1091 1275 Domini
1120 1223 1515 1291 omnipotentis
1539 1239 1569 1277 a
1597 1233 1788 1278 sancto
1810 1223 2032 1280 Michma

456 1314 676 1378 dicitur,
710 1322 768 1368 ut
807 1315 898 1384 qui
935 1316 1024 1370 Dei
1059 1316 1484 1383 iustiﬁcationes
1514 1319 1795 1373 annuutiet
1824 1333 1889 1373 ac
1919 1334 2035 1372 ma-

457 1404 699 1460 nil'estet.
726 1405 922 1460 Didicit
952 1407 1139 1476 utique
1165 1423 1233 1461 ex
1281 1406 1601 1479 Scripturis,
1624 1410 1789 1478 justis
1814 1409 2032 1479 quidem

450 1507 602 1568 Justo
639 1499 733 1553 Dei
768 1498 975 1566 judicio
1019 1500 1412 1555 lucidissimatn
1455 1502 1807 1572 divinamque
1863 1502 2031 1558 vitam

456 1591 704 1657 retribui,
734 1592 915 1646 divina
960 1592 1205 1648 bonitate
1234 1608 1297 1649 ac
1336 1592 1671 1666 benignitate
1714 1604 2032 1651 contractas

454 1697 521 1737 ex
566 1682 798 1738 humana
831 1683 1127 1754 fragilitate
1159 1687 1402 1741 maculas
1428 1686 1730 1742 clementer
1773 1688 2033 1743 dissimu-

455 1773 623 1841 lante,
655 1790 777 1830 cum
823 1789 982 1831 nemo
1013 1778 1104 1840 sit,
1133 1787 1193 1832 ut
1245 1778 1446 1843 inquit,
1499 1781 1735 1835 mundus
1778 1794 1810 1834 a
1851 1779 2030 1835 sorde.
2064 1794 2106 1849 Β

456 1866 581 1922 Hac
606 1867 839 1922 antistes
889 1868 1160 1938 promissa
1197 1884 1324 1925 esse
1368 1870 1537 1925 novit.
1569 1868 1818 1926 Postulat
1846 1870 2029 1941 igitur,

456 1965 514 2012 ut
540 1958 778 2013 ﬁdelium
813 1974 880 2013 ex
907 1960 1223 2016 inﬁrmitate
1264 1970 1565 2017 contractze
1614 1961 1841 2016 macuhe
1866 1961 2051 2016 dissi-‘

456 2052 758 2117 mulentur,
797 2061 854 2107 et
903 2068 1074 2106 sat-rae
1125 2053 1518 2109 retributiones
1543 2054 1924 2123 conferantur,
1957 2056 2035 2111 si-

454 2145 678 2214 ntulque
711 2144 880 2199 Deum
921 2144 1210 2211 imitando,
1238 2145 1376 2199 dona
1407 2160 1525 2213 quae
1555 2146 1681 2200 aliis
1705 2145 2032 2203 conferenda

454 2245 582 2289 sunt
632 2242 892 2304 tanquam
944 2235 1049 2289 sibi
1105 2234 1431 2305 indulgenda
1472 2237 1904 2305 postulaus(hoc
1948 2246 2035 2293 est

454 2326 600 2379 enim
636 2324 802 2380 Deum
834 2325 1059 2392 imitari,
1095 2328 1406 2397 proximum
1459 2328 1687 2399 diligere
1716 2329 1859 2384 sicut
1886 2330 2032 2399 seip-

454 2420 623 2483 sum),
644 2417 805 2473 simul
827 2432 958 2472 vero
977 2419 1141 2472 etiam
1169 2428 1423 2488 tanquam
1448 2420 1715 2490 interpres
1740 2420 1831 2477 Dei
1854 2422 2035 2477 sciens

455 2517 515 2562 et
543 2508 667 2561 aliis
697 2508 1079 2575 manil‘estans,
1114 2518 1371 2579 tanquam
1409 2511 1635 2582 angelus
1684 2513 1737 2567 id
1768 2515 1909 2583 quod
1941 2530 2035 2585 pe-

459 2600 610 2665 titur,
643 2609 826 2667 utpote
859 2599 1085 2669 justum,
1115 2616 1337 2671 prorsus
1368 2612 1690 2659 eventurum
1716 2605 2030 2676 signiﬁcat;

458 2705 636 2760 neque
683 2691 827 2746 enim
857 2694 927 2749 ab
969 2692 1127 2747 initio
1155 2694 1376 2761 petebat
1405 2696 1511 2751 nisi
1553 2712 1675 2767 quae
1722 2696 1834 2753 Deo
1876 2708 2035 2754 erant

454 2798 618 2851 quam
642 2782 974 2854 gratissima.
1009 2783 1281 2852 Quocirca
1324 2788 1543 2857 quidem
1589 2804 1689 2859 pro
1720 2791 1928 2845 sanctis
1954 2792 2034 2847 sic

456 2872 607 2940 facit,
637 2874 729 2927 sed
762 2889 859 2943 pro
908 2874 1172 2946 improbis
1203 2878 1537 2943 inﬁdelibus,
1579 2880 1723 2933 sicut
1765 2879 1929 2933 etiam
1978 2880 2031 2933 in

454 2980 751 3035 progressu
801 2968 1151 3037 signiﬁcabit,
1185 2970 1405 3041 quando
1435 2971 1591 3036 dicit,
1621 2971 1897 3027 videbitur
1928 2971 2034 3031 hoc

461 3054 707 3126 profanis
730 3057 999 3126 probabili
1027 3059 1141 3114 risu
1165 3060 1410 3129 dignum.
1430 3059 1681 3116 Profanis
1710 3061 1891 3131 itaque
1916 3061 2031 3116 haec

2210 850 2238 921 ς
2263 848 2369 905 Vll.
2400 851 2561 905 Ἀλλά
2570 851 2773 905 τούτων
2786 852 2885 924 ήδη
2902 854 3173 925 ῥηθέντων
3190 874 3256 910 πε
3264 858 3318 929 pi.
3333 860 3515 930 πάσης
3528 863 3724 925 κοινῶς

2136 943 2322 1013 εὐχῆς,
2348 944 2641 1012 ἀναγκαῖον
2662 946 2835 999 εἰπεῖν
2854 948 2945 1000 καὶ
2973 949 3101 1018 περὶ
3132 950 3231 1018 τῆς
3261 952 3353 1004 ἐπὶ
3379 953 3459 1023 τῷ
3483 956 3724 1027 κειμένῳ

2134 1034 2227 1087 τοῦ
2286 1034 2540 1106 ίεράρχου
2582 1038 2766 1107 εὐχῆς.
2818 1038 2875 1090 Ὀ
2923 1039 3064 1103 θεῖος
3116 1042 3405 1112 τοιγαροῦν
3461 1047 3726 1119 ίεράρχης

2135 1126 2528 1198 ὲκφαντορικός
2558 1130 2673 1181 ὲστι
2698 1129 2804 1182 τῶν
2836 1130 2995 1183 θείων
3010 1132 3394 1204 δικαιωμάτων
3414 1154 3428 1166 ⁸
3453 1136 3547 1191 διὰ
3569 1138 3728 1194 τοῦτο

2134 1218 2246 1289 γὰρ
2299 1218 2529 1287 ἄγγελος
2557 1220 2763 1292 Κυρίου
2800 1226 3235 1297 παντοκράτορος
3278 1227 3431 1300 παρά
3471 1231 3554 1301 τῷ
3594 1234 3725 1304 ἱερῷ

2135 1308 2345 1383 Μιχαίᾳ
2364 1310 2599 1377 λέγεται,
2639 1312 2715 1376 ὡς
2738 1313 3075 1382 ἐξαγγέλλων
3110 1317 3203 1370 καὶ
3226 1320 3503 1388 ὲκφαίνων
3536 1323 3605 1376 τὰ
3632 1323 3725 1377 τοῦ

2134 1399 2269 1453 Θεοῦ
2304 1401 2663 1473 δικαιώματα.
2692 1405 2992 1475 Μεμάθηκε
3020 1406 3153 1475 γοῦν
3186 1409 3291 1463 ἀπὸ
3323 1411 3432 1464 τῶν
3464 1412 3505 1464 Γ
3509 1415 3722 1484 ραφῶν,

2134 1493 2216 1546 ὅτι
2245 1496 2357 1557 τοῖς
2391 1494 2490 1564 μὲν
2518 1494 2748 1559 δικαίοις
2772 1496 2923 1567 παρὰ
2935 1498 3035 1567 τῆς
3056 1498 3149 1553 τοῦ
3172 1500 3304 1553 Θεοῦ
3326 1502 3725 1577 δικαιοκρισίας

2134 1586 2168 1654 ἡ
2202 1584 2559 1658 λαμπροτάτη
2593 1588 2687 1640 καὶ
2709 1587 2828 1641 θεία
2858 1588 2973 1659 ζωὴ
3018 1590 3356 1655 ἀντῶίδοται,
3390 1595 3725 1666 παρορῶσης

2135 1674 2193 1742 ἐξ
2229 1676 2564 1750 ἀγαθὸτητος
2597 1679 2697 1749 τῆς
2726 1679 2818 1732 τοῦ
2868 1679 3003 1734 Θεοῦ
3044 1682 3449 1755 φιλανθρωπίας
3483 1690 3615 1751 τοὺς
3668 1689 3727 1756 ἐξ

2135 1766 2483 1840 ἀνθρωπίνης
2514 1769 2797 1833 ἀσθενείας
2820 1770 3022 1841 ῥύπους
3042 1789 3053 1801 ·
3084 1774 3313 1845 ἐπείπερ
3332 1777 3528 1840 οὐδεὶς,
3568 1781 3725 1849 φησι,

2137 1861 2375 1932 καθαρὸς
2406 1862 2599 1933 ῥύπου.
2628 1862 2814 1916 Ταῦτα
2831 1857 2969 1917 εἶδεν
2991 1866 3419 1938 ὲπηγγεΑμεναὸ
3437 1871 3721 1942 ῖεραρχης.

2135 1954 2287 2006 Αἱτεί
2310 1954 2488 2007 τοίνυν
2512 1958 2626 2019 τοῖς
2647 1955 2854 2020 πιστῶς
2881 1956 3190 2027 βεὸιωκόσι,
3224 1961 3604 2032 παροραθῆναι
3624 1964 3726 2028 τὰς

2136 2045 2194 2111 ἐξ
2236 2045 2518 2112 ἀσθενείας
2557 2046 2801 2118 κηλῖδας,
2832 2052 2925 2102 καὶ
2960 2050 3179 2121 δοθῆναι
3229 2051 3329 2116 τὰς
3382 2053 3541 2124 ίερὰς
3577 2057 3726 2109 ἀντι-

2134 2137 2309 2201 δόσεις
2328 2155 2340 2167 ’
2374 2138 2491 2209 ἃμα
2527 2139 2626 2209 μὲν
2649 2139 2996 2213 θεομιμήτως
3023 2143 3121 2207 τὰς
3152 2145 3231 2208 είς
3261 2145 3484 2215 ἑτέρους
3515 2146 3725 2219 δωρεὰς

2133 2229 2229 2282 τοῦ
2258 2229 2394 2284 Θεοῦ
2418 2231 2492 2295 ὡς
2521 2234 2600 2295 είς
2623 2233 2815 2287 ἑαυτὸν
2854 2236 3221 2306 γενησομένας
3259 2237 3509 2304 ἐξαιτῶν,
3547 2241 3727 2311 (τοῦτο

2134 2322 2243 2392 γάρ
2275 2323 2393 2375 ἐστι
2445 2323 2505 2376 τὸ
2550 2323 2903 2397 θεομίμητον,
2955 2327 3175 2399 ἀγαπᾷν
3218 2329 3310 2381 τὸν
3363 2330 3596 2401 πλησίον
3648 2332 3724 2395 ῶς

2135 2414 2323 2467 ἑαυτόν
2339 2414 2377 2485 ·)
2422 2416 2537 2487 ᾇμα
2589 2418 2647 2470 δὲ
2686 2419 2781 2472 καὶ
2821 2420 2897 2483 ὡς
2921 2421 3206 2492 ὑποφήτης
3248 2421 3384 2474 Θεοῦ
3440 2423 3600 2488 εἰδὼς
3631 2426 3728 2480 καὶ

2132 2506 2246 2569 τοῖς
2279 2505 2457 2570 ἄλλοις
2485 2509 2779 2578 ὲκφαίνων,
2818 2511 2896 2575 ὠς
2924 2511 3153 2581 ἄγγελος
3196 2514 3427 2584 Κυρίου,
3458 2518 3727 2587 ἐκφαντο-

2136 2596 2324 2667 ρικῶς,
2360 2599 2444 2652 ὅτι
2470 2602 2763 2671 γενήσεται
2823 2603 2900 2668 ὡς
2935 2605 3117 2658 δικαία
3155 2608 3187 2676 ἡ
3234 2606 3453 2677 αἴτησις
3474 2626 3487 2638 ·
3520 2611 3583 2663 οὐ
3614 2609 3725 2681 γὰρ

2135 2688 2202 2742 ἂν
2230 2690 2328 2761 τὴν
2368 2690 2541 2762 ἀρχὴν
2569 2694 2751 2765 ἐζήτει
2779 2694 2847 2749 τὰ
2878 2696 2952 2767 μὴ
2983 2697 3102 2769 Θεῷ
3131 2700 3598 2770 προσφιλέστατα.
3633 2705 3728 2757 Διὸ

2134 2779 2227 2833 ἐπὶ
2259 2781 2359 2851 μὲν
2381 2785 2493 2846 τοῖς
2531 2785 2698 2849 ὁσίοις
2736 2783 2879 2839 οὕτω
2922 2791 3081 2852 ποιεῖ,
3115 2789 3210 2842 ἐπὶ
3240 2789 3295 2842 δὲ
3333 2794 3448 2855 τοῖς
3487 2792 3725 2863 ἀνιέροις

2133 2870 2403 2938 ἀπίστοις,
2436 2874 2618 2940 καθὼς
2647 2877 2741 2930 καὶ
2774 2878 3130 2949 παρακατιὼν
3155 2880 3404 2952 δηλώσει,
3430 2884 3522 2937 bu
3552 2884 3724 2952 λέγει,

2132 2962 2273 3030 δόξει
2297 2967 2409 3030 τοῖς
2442 2968 2677 3039 ἀνιέροις
2702 2969 2924 3040 εὐλόγου
2955 2972 3187 3040 γέλωτος
3233 2975 3402 3042 ἀξιον
3443 2980 3557 3041 τοῖς
3591 2980 3727 3046 γοῦν

2134 3052 2371 3126 ἀνιέροις
2412 3056 2513 3109 οὐκ
2568 3058 2858 3130 ἐπεύχεται
2882 3060 3075 3126 ταῦτα,
3107 3063 3168 3116 οὐ
3214 3064 3373 3134 μόνον
3417 3065 3520 3129 δτι,
3563 3066 3726 3139 εἴπερ

455 3147 681 3203 minime
708 3160 1053 3219 apprecatur,
1090 3167 1194 3206 non
1227 3154 1401 3208 solum
1443 3154 1593 3223 quia,
1624 3153 1671 3209 si
1723 3156 1826 3209 ista
1875 3164 2030 3224 pete-

2135 3143 2321 3217 ζητοίη
2351 3146 2545 3212 ταῦτα,
2574 3151 2672 3203 οὐκ
2697 3151 3096 3223 ἔσταιχρηστὸς
3123 3133 3408 3227 ὑποφήτης
3432 3156 3530 3209 τοῦ
3558 3133 3728 3211 Πνειέ.

456 3252 561 3307 ret,
592 3243 813 3298 minime
869 3247 1044 3300 bonus
1078 3248 1347 3317 interpres
1390 3258 1537 3303 esset
1567 3246 1827 3319 Spiritus,
1854 3258 1912 3304 ut
1936 3252 2030 3319 qui

456 3334 545 3388 illa
573 3344 800 3403 peteret,
829 3337 896 3389 ad
926 3353 1048 3407 quae
1074 3339 1143 3393 ab
1172 3350 1397 3395 auctore
1438 3341 1820 3412 mysteriorum
1847 3342 2034 3397 divino

456 3426 667 3482 scilicet
720 3426 928 3496 Spiritu
973 3430 1197 3483 minime
1233 3440 1571 3497 moveretur;
1625 3448 1813 3488 verum
1861 3434 2029 3489 etiam

453 3520 598 3588 quod
646 3522 910 3590 petitione
942 3537 1037 3577 sua
1068 3531 1325 3591 tanquam
1360 3525 1581 3595 indigna
1627 3526 2026 3582 frustraretur:

455 3612 560 3667 hoc
588 3613 732 3667 enim
765 3612 968 3667 iudicat
1017 3628 1121 3668 vox
1168 3614 1421 3683 ἐναγοῦς,
1460 3616 1576 3671 sive
1623 3617 1809 3687 impia,
1844 3618 1896 3673 id
1923 3628 2029 3685 est,

455 3701 697 3773 indigna.
742 3706 941 3759 Audiet
981 3704 1126 3759 enim
1156 3706 1321 3761 etiam
1363 3708 1481 3777 ipse
1514 3707 1719 3776 ajusto
1767 3710 2026 3781 eloquio:

458 3791 643 3849 Ρειὶιὶε
670 3808 842 3850 etnon
870 3798 1109 3865 arcipitis
1127 3808 1178 3864 ιι,
1198 3808 1285 3853 est
1312 3811 1492 3854 autem
1524 3801 1641 3856 haec
1666 3805 1933 3859 sententia
1960 3820 2028 3861 ex

456 3886 698 3955 Epistola
736 3886 1115 3955 Jacobi.Qnod
1142 3891 1325 3960 utique
1351 3892 1501 3959 dicit,
1534 3894 1618 3949 vel
1638 3896 1763 3965 quia
1790 3897 1935 3965 juste
1956 3900 2031 3955 di-

456 3991 628 4044 ctum,
646 3981 731 4035 vel
746 3982 871 4051 quia
887 3996 915 4033 a
928 3983 1075 4051 justo
1089 3984 1379 4052 prolatum.
1392 3984 1627 4041 Jacobus
1639 3989 1782 4041 enim
1800 3988 2028 4057 .loblias,

456 4076 608 4142 quasi
632 4072 831 4141 justus,
859 4077 1265 4145 cognominatus
1284 4088 1389 4135 est.
1416 4077 1659 4135 Postulat
1688 4081 1873 4150 itaque
1903 4099 2031 4137 san-

453 4177 577 4224 ctus
596 4170 825 4223 antistes
847 4168 933 4223 illa
958 4184 1078 4239 quae
1099 4170 1320 4225 omnino
1348 4172 1522 4227 danda
1562 4185 1708 4240 sunt,
1735 4176 2029 4231 ostendens

456 4261 566 4327 hic,
588 4260 697 4315 Deo
718 4260 961 4330 quidem,
979 4261 1222 4316 habitum
1244 4277 1400 4316 suum
1430 4277 1538 4331 quo
1561 4264 1727 4319 Deum
1751 4265 2025 4331 inritatur;

2135 3252 2326 3306 ματος,
2351 3238 2427 3302 ὠς
2461 3240 2643 3294 ἐκεῖνα
2668 3242 2868 3313 ζητῶν,
2895 3246 2975 3308 είς
3006 3245 3149 3317 ἆπερ
3180 3248 3282 3300 οὐκ
3309 3248 3536 3318 ἐκινήθη
3568 3250 3729 3321 παρά

2131 3329 2227 3383 τοῦ
2256 3330 2602 3404 τελετάρχου,
2652 3332 2747 3387 τοῦ
2794 3334 2938 3388 θείου
2973 3335 3173 3408 δηλαδὴ
3208 3338 3530 3409 Πνεύματος
3554 3356 3568 3369 ·
3606 3341 3725 3394 ἀλλ’

2130 3422 2212 3476 δτι
2229 3425 2319 3477 καὶ
2340 3426 2438 3496 τῆς
2460 3425 2627 3496 εὐχῆς
2650 3424 3099 3494 ἀποτεύξεται“ὼς
3116 3429 3348 3496 ἀναξίως
3370 3432 3681 3503 γενομένης
3713 3450 3723 3462 .

2130 3516 2289 3569 τοῦτο
2327 3517 2437 3589 γὰρ
2473 3517 2626 3589 δηλοῖ
2651 3518 2712 3570 τὸ
2736 3518 3013 3589 ἐναγοῦς,
3050 3520 3213 3573 οἱονεὶ
3244 3519 3485 3587 ἀναξίου.
3534 3521 3727 3577 Ἀκού-

2134 3627 2286 3665 σεται
2316 3610 2425 3683 γὰρ
2455 3611 2549 3665 καὶ
2597 3608 2760 3673 αὐτὸς
2796 3606 2933 3681 πρὸς
2978 3609 3073 3663 τοῦ
3118 3610 3329 3664 δικαίου
3374 3611 3579 3681 λογίου,
3622 3618 3725 3669 Αἱ-

2132 3703 2299 3769 τεῖτε,
2327 3705 2425 3757 καὶ
2459 3706 2532 3758 οὐ
2569 3704 2919 3773 λαμΰὰνετε.
2957 3704 3113 3757 Ἐστι
3140 3703 3196 3756 δὲ
3228 3704 3289 3757 τὸ
3327 3705 3493 3776 ῥητὸν
3524 3707 3590 3759 ἐκ
3619 3708 3723 3777 τῆς

2128 3797 2224 3851 τοῦ
2268 3797 2523 3851 Ἰακώϐου
2567 3797 2903 3868 Ἐπιστολῆς.
2940 3795 3005 3849 Ὀ
3033 3795 3097 3866 δὴ
3142 3796 3234 3849 καὶ
3258 3796 3429 3865 λέγει,
3458 3797 3493 3868 ἢ
3535 3798 3613 3861 ὼς
3638 3799 3721 3852 δι-

2130 3890 2298 3955 καίως
2343 3890 2653 3962 λεγόμενον,
2702 3890 2734 3962 ἢ
2789 3889 2866 3954 ὼς
2929 3888 3083 3961 παρὰ
3131 3889 3341 3943 δικαίου
3394 3888 3717 3960 λεγόμενονο

2143 3980 2366 4045 Ἰοϐλίας
2386 3982 2494 4052 γὰρ
2516 3982 2545 4033 ὁ
2583 3980 2857 4045 Ἰάκωϐος,
2881 3982 3044 4034 οἱονεὶ
3075 3978 3720 4049 δίκαιος,ὲπωνομάζετο.

2129 4074 2338 4129 Οὐκοῦν
2363 4076 2550 4129 ἐκεῖνα
2577 4076 2721 4127 αἰτεῖ
2745 4076 2774 4127 ό
2810 4073 3093 4144 ίεράρχης,
3124 4071 3194 4124 τὰ
3221 4071 3441 4135 πάντως
3462 4071 3720 4143 δωρηθη-

2131 4168 2354 4238 σόμενα,
2380 4168 2689 4231 ἐπιδεικνὺς
2722 4164 2971 4219 ἐντεῦθεν
3007 4166 3085 4236 τῷ
3109 4165 3207 4236 μὲν
3236 4163 3375 4234 Θεῷ,
3398 4164 3499 4233 τὴν
3526 4164 3714 4236 θεομί-

2132 4282 2300 4337 μητον
2332 4262 2527 4317 ἑαυτοῦ
2559 4259 2671 4325 ’ἐξιν
2693 4274 2706 4288 ·
2738 4259 2850 4321 τοῖς
2879 4257 2937 4310 δὲ
2964 4257 3221 4329 παροῦσι,
3246 4258 3313 4311 τὰ
3341 4258 3581 4329 ἐσόμενα
3602 4264 3717 4322 τοῖς

452 4353 812 4421 praesentibus
840 4367 993 4418 vero,
1024 4353 1244 4422 praemia
1272 4368 1393 4423 qua:
1416 4364 1636 4409 sanctos
1665 4368 1903 4410 manent.
1936 4356 2027 4413 Sic

2135 4359 2295 4419 ὐσίοις
2346 4354 2515 4425 δῶρα.
2550 4351 2703 4405 Οὐτω
2737 4352 2833 4403 καὶ
2877 4348 2977 4412 τὰς
3034 4348 3390 4420 ἀφοριπικάς
3430 4350 3718 4422 δυνάμεις,

454 4445 618 4498 etiam
647 4442 948 4501 hierarchze
974 4445 1176 4501 habent
1208 4446 1438 4500 virtutes
1485 4450 1828 4518 segregandi,
1856 4451 1906 4504 id
1940 4462 2026 4506 est

2135 4446 2368 4518 δηλονότι
2392 4443 2517 4506 τοὺς
2544 4440 2903 4512 ἀφορισμούς,
2951 4440 3002 4492 oi
3046 4440 3297 4511 ίεράρχαι
3329 4440 3571 4511 ἔχουσιν,
3612 4445 3715 4513 οὐχ

456 4539 883 4607 segregationes,
942 4553 1048 4593 non
1088 4539 1233 4609 quod
1285 4539 1752 4595 irrationabilibus
1790 4543 2027 4601 motibus

2135 4539 2208 4592 ὅτι
2240 4537 2431 4590 ἕπεται
2463 4536 2583 4597 ταῖς
2617 4533 2831 4601 ἀλόγοις
2866 4533 3065 4603 ὁρμαῖς
3087 4531 3287 4597 αὐτῶν,
3319 4533 3385 4584 ἵν’
3416 4532 3592 4599 οὕτως
3624 4537 3714 4588 εὐ-

452 4644 671 4693 eorum,
696 4638 754 4683 ut
776 4630 951 4685 dicam
979 4630 1231 4695 honeste,
1260 4631 1520 4687 divinitas
1546 4633 1901 4702 obsequatur,
1927 4636 2023 4689 sed

2135 4624 2305 4689 λαὸῶς
2346 4622 2507 4686 εἴπω,
2536 4624 2571 4692 ἠ
2606 4621 2855 4694 θεαρχία.
2899 4620 3017 4673 ἀλλ’
3051 4621 3133 4674 ὅτι
3178 4622 3334 4676 αὐτοὶ
3383 4623 3713 4696 ἀφορίζουσι

452 4721 595 4789 quod
628 4721 845 4789 ipsimet
888 4736 918 4773 a
948 4721 1155 4791 Spiritu
1186 4733 1381 4778 sancto
1421 4723 1555 4777 moti
1602 4724 1889 4781 damnatos
1936 4740 2024 4780 se-

2135 4718 2248 4781 τούς
2309 4715 2686 4788 κεκριμένους,
2738 4715 2819 4778 εἰς
2865 4713 3026 4769 τοῦτο
3070 4715 3345 4779 κινοῦντος
3398 4716 3496 4769 τοῦ
3552 4718 3710 4786 ἁγίου

452 4824 698 4883 gregent.
731 4814 967 4881 Accipite
1007 4815 1173 4883 enim,
1226 4815 1422 4884 inquit,
1454 4814 1711 4885 Spiritum
1758 4827 2020 4882 sanctum,

2135 4813 2459 4884 Πνεύματος’
2491 4808 2712 4864 Λάϐετε
2753 4807 2881 4879 γὰρ,
2926 4809 3083 4879 φησὶ,
3115 4809 3356 4878 Πνεῦμα
3389 4809 3587 4879 ἅγιον,
3622 4830 3705 4865 κι-

450 4903 544 4972 qui
576 4903 825 4959 videlicet
850 4919 945 4959 vos
970 4917 1187 4963 moveat
1217 4908 1283 4961 ad
1307 4908 1581 4977 ligandum
1597 4921 1655 4963 et
1677 4909 2017 4965 solvendum.

2135 4908 2251 4958 νοῦν
2294 4905 2437 4974 ὑμᾶς
2465 4900 2666 4972 δηλαδὴ
2693 4900 2787 4954 κα)⁸
2819 4902 2901 4965 εἰς
2944 4901 3090 4954 δέσιν
3130 4903 3223 4955 καὶ
3277 4903 3357 4965 εἰς
3388 4901 3568 4955 λύσιν.
3599 4903 3705 4955 Καὶ

452 5001 523 5055 Ει
555 5000 750 5055 iterum
795 5001 876 5055 sic
911 5002 1078 5073 280
1108 5004 1271 5059 Petro
1309 5006 1569 5063 Dominus
1593 5010 1709 5062 ait:
1739 5006 2025 5072 Quodcun-

2135 4994 2287 5049 πάλιν
2306 4994 2425 5048 τότε
2450 4994 2584 5064 φησὶ
2603 4992 2683 5063 τῷ
2706 4993 2897 5065 Πέτρῳ
2919 4995 2948 5046 ὁ
2975 4992 3179 5064 Κύριος
3198 5010 3213 5023 ·
3242 4994 3312 5046 Ὃ
3349 4992 3463 5045 ἐὰν
3506 4992 3704 5060 δήσῃς

449 5107 549 5161 que
592 5089 838 5161 ligaveris
880 5109 1037 5162 super
1081 5106 1277 5149 terram
1310 5098 1355 5162 °,
1395 5108 1453 5153 et
1513 5114 1636 5167 qute
1697 5108 2020 5168 sequuntur.

2135 5087 2221 5139 ἐπὶ
2244 5084 2354 5153 τῆς
2378 5084 2511 5155 m’q,
2539 5086 2635 5138 καὶ
2652 5084 2720 5138 τὰ
2740 5084 2865 5155 ἑξῆς
2884 5102 2896 5114 ·
2924 5085 3014 5138 ὅτε
3033 5084 3132 5148 τὰς
3156 5084 3306 5148 θείας
3326 5085 3702 5155 ἀποκαλύψεις

450 5184 671 5252 quando
695 5182 896 5239 divinis
943 5185 1365 5243 revelationibus
1398 5204 1429 5241 a
1458 5188 1619 5246 Patre
1659 5190 1751 5260 qui
1778 5191 1831 5246 in
1865 5190 2021 5247 oculis

2135 5175 2276 5249 παρὰ
2307 5176 2402 5231 τοῦ
2449 5178 2508 5231 ὲν
2552 5177 2804 5248 οὐρανοῖς
2848 5176 3063 5249 Πατρδς
3093 5176 3453 5246 ὲνελάμπετο,
3486 5178 3566 5241 ὡς
3614 5177 3703 5231 καὶ

449 5284 538 5330 est
561 5275 955 5336 illustrabatttr.
993 5279 1067 5332 ita
1118 5287 1178 5333 ut
1223 5280 1382 5335 beato
1420 5281 1609 5347 Petro,
1639 5294 1692 5337 et
1724 5286 1871 5340 omni
1899 5295 2022 5353 post

2135 5274 2213 5325 τοῦ
2256 5274 2526 5344 μακαρίου
2562 5274 2793 5345 Πέτρου,
2836 5274 2932 5327 καὶ
2972 5274 3173 5337 παντὸς
3223 5272 3321 5325 τοῦ
3369 5274 3494 5326 κατ’
3544 5273 3703 5326 αὐτὸν

451 5365 627 5435 ipsum
656 5368 918 5437 pontiﬁci,
948 5371 1247 5425 secundum
1283 5372 1642 5443 revelationes
1670 5377 1771 5445 ipsi
1796 5378 2029 5453 caelitus

2135 5367 2399 5437 ,spépxou,
2434 5364 2577 5418 κατά
2599 5364 2699 5430 τὰς
2724 5365 2782 5418 ὲν
2813 5364 2963 5436 αὐτῷ
2997 5364 3285 5435 γινομένας
3314 5363 3611 5453 οὐρανόθεν
3639 5365 3703 5416 ὲκ

450 5472 480 5509 a
505 5456 615 5513 Deo
640 5457 834 5528 factas,
872 5471 926 5516 et
954 5461 1284 5532 approbandi
1327 5474 1383 5518 et
1408 5470 1729 5537 segregandi
1773 5449 2028 5538 potestas

2135 5454 2255 5507 θεοῦ
2289 5453 2677 5523 ἀποκαλύψεις,
2705 5455 2798 5507 καὶ
2824 5451 3272 5524 προσδεχομένου,
3300 5451 3396 5505 καὶ
3418 5449 3702 5522 ἀφορίζον-

447 5548 542 5607 sit.
584 5552 864 5619 Quomodo
893 5564 1075 5611 autem
1109 5554 1471 5613 revelationes
1502 5560 1601 5630 ipsi
1648 5560 1801 5618 facta:
1833 5564 1884 5618 in
1921 5580 2020 5622 cn:-

2135 5559 2229 5607 ιος.
2262 5543 2387 5609 Πῶς
2413 5544 2469 5598 δὲ
2504 5546 2560 5598 αἱ
2598 5546 2656 5598 ὲν
2696 5543 2889 5616 ἐκείνῳ
2912 5542 3281 5615 ἀποκαλύψεις
3318 5540 3414 5596 καί
3455 5540 3554 5595 ἐπὶ
3593 5539 3702 5603 τοῖς

522 5719 549 5747 ι
582 5708 700 5767 Jac.
734 5727 810 5778 tv,
852 5712 905 5768 5.
988 5722 1010 5748 °
1041 5712 1232 5772 Matth.
1271 5731 1380 5780 xu,
1416 5716 1501 5772 l9.
