3876 6226
107 277 204 358 ssi

639 297 730 364 DE
761 296 1042 354 ECCLES.
1086 292 1487 359 HIERARCH.,
1524 290 1680 356 CAP.

1820 335 1834 350 .
1865 323 1894 337 -
1950 290 2302 364 pannus.
2338 292 2810 351 PACHYMEIUE.

3261 305 3373 360 582

103 422 313 490 ἑτέροις
334 387 633 487 ἱεράρχαιςν
654 413 865 468 ἔσονται
899 414 968 467 δι’
1003 408 1079 468 ὧν
1126 414 1298 469 ταῦτα
1331 415 1424 468 καὶ
1456 414 1684 486 ἐνεργή-

1814 411 1924 465 eris
1956 425 2172 481 quoque
2193 410 2539 479 pontiticibus
2561 420 2742 477 erunt,
2767 412 2840 469 ita
2869 412 2929 468 ut
2957 428 3054 484 per
3087 380 3184 471 lius
3204 419 3371 476 etiam

103 521 310 573 σουσιν,
362 506 398 578 ἢ
424 508 507 559 ὅτι
548 505 1054 578 διαπορθμευτικῶς
1088 508 1181 561 καὶ
1214 506 1686 579 ἁλληλοδιαδόχως,

104 601 199 654 καὶ
248 595 696 669 ὲκφαντορικῶς;
730 598 882 667 ’Ὀσῳ
913 597 1022 669 γὰρ
1066 595 1431 669 πληθύνονται
1463 594 1533 650 τὰ
1579 595 1691 650 τῶν

103 690 503 761 ἀποκαλύψεων
525 691 583 745 ὲν
602 690 838 757 πολλοῖς,
856 690 1095 761 τοσούτῳ
1113 690 1309 762 μᾶλλον
1320 690 1685 760 ἐκφαίνονται.

101 786 213 838 Καὶ
238 784 351 857 γάρ
374 783 474 855 τὴν
510 782 663 855 ίεράν
698 783 913 855 ἐκείνην
947 782 1246 853 θεολογίαν,
1280 784 1400 855 τήν·
1432 783 1516 838 Σὺ
1563 784 1615 837 εἰ
1659 782 1695 839 ὁ

100 875 364 945 Χριστὸς
391 878 427 930 ὁ
461 875 597 942 Υιὸς
622 875 730 928 τοῦ
753 874 901 929 Θεοῦ
929 874 1034 929 τοῦ
1059 870 1293 941 ζῶντος,
1325 875 1426 929 οὐκ
1453 873 1547 945 ἀφ’
1574 876 1695 929 ἐαυ-

97 967 217 1035 τοῦ,
239 967 351 1022 οὐδ’
367 965 474 1021 ἀπὸ
489 966 691 1039 σαρκὸς
710 965 804 1020 καὶ
822 967 1071 1038 αἵματος,
1090 966 1203 1020 ἀλλ’
1222 965 1326 1019 ὑπὸ
1342 965 1476 1019 Θεοῦ
1498 966 1696 1038 μυοῦν-

96 1080 192 1126 τος
232 1061 333 1116 καὶ
375 1060 654 1125 κινοῦντος
709 1058 871 1113 αὐτὸν
924 1056 1325 1129 ἀπεφθέγξατο.
1375 1060 1515 1124 Τοὺς
1563 1058 1695 1129 γοῦν

98 1154 385 1228 ἀρχιερεῖς
408 1148 551 1207 οὕτω
581 1154 705 1218 ταῖς
740 1152 1079 1225 ίεραρχικαῖς
1106 1152 1367 1224 δυνάμεσι
1407 1153 1691 1224 χρηστέον.

111 1248 339 1319 Ἀττικὴ
363 1246 473 1319 δὲή
504 1245 775 1313 σύνταξις,
802 1245 899 1299 καὶ
918 1244 1162 1317 ἀρχαῖον,
1187 1243 1248 1298 τὸ
1280 1245 1597 1299 συντάσσειν
1626 1244 1696 1299 τά

100 1338 407 1394 ὑποθετικά
436 1339 764 1401 αίτιατικατς
802 1333 1106 1390 πτώσεσινο
1142 1334 1286 1389 οὔτω
1326 1352 1465 1402 πως,
1513 1335 1696 1401 καθὼς

101 1434 169 1488 ἂν
205 1434 423 1505 κινήσοι
449 1430 644 1494 αὐτοὺς
676 1431 705 1484 6
725 1428 878 1493 Θεός⁶
900 1430 1028 1494 τοὺς
1058 1426 1117 1484 δὲ
1150 1428 1343 1495 ἄλλους
1368 1430 1510 1483 οὕτω
1536 1446 1699 1503 προσ-

100 1524 360 1579 ενεκτέον
397 1525 511 1587 τοῖς
568 1521 853 1593 ίεράρχαις
901 1520 1019 1591 (καὶ
1059 1520 1218 1574 τοῦτο
1253 1520 1362 1593 γάρ
1393 1521 1537 1575 οὕτω
1573 1538 1701 1575 συν-

97 1615 391 1687 τάσσεται)
442 1612 519 1678 ὡς
549 1613 657 1668 ὑπὸ
687 1612 824 1667 Θεοῦ
872 1612 1281 1684 κεκινημένοις·
1320 1614 1456 1686 πρὸς
1501 1614 1697 1679 αὐτοὺς

100 1709 215 1781 γάρ
241 1709 363 1762 ἐστι
391 1709 421 1761 6
441 1705 535 1761 τοῦ
558 1705 830 1760 Δεσπότου
846 1703 1080 1778 Χριστοῦ
1096 1705 1273 1775 λόγος,
1309 1705 1370 1760 '0
1384 1705 1541 1777 ὑμᾶς
1561 1706 1695 1763 das.

100 1802 245 1866 τῶν,
274 1798 386 1871 ἐμὲ
408 1798 631 1854 ἀθετεῖ.

174 1892 203 1964 5
231 1874 367 1945 νιίι.
402 1888 540 1943 Ἀλλ’
559 1884 946 1952 ἐπανελθόντες
966 1888 1220 1960 λέγομεν,
1243 1889 1326 1943 ὅτι
1348 1887 1699 1963 τελεσθείσης

103 1983 204 2055 τῆς
234 1984 431 2055 εὐχῆς,
475 1982 812 2047 ἀσπάζονται
845 1981 1085 2046 ἅπαντες
1113 1981 1207 2035 τὸν
1258 1980 1659 2053 κεκοιμημένον
1683 1998 1699 2011 ·

102 2078 240 2149 ἡδὺς
262 2076 380 2148 γάρ
409 2075 505 2129 καὶ
540 2075 722 2146 τίμιος
745 2075 777 2128 6
807 2074 978 2143 ἁγίως
1014 2074 1309 2146 βεϐιωκώς.
1339 2073 1497 2129 Μετὰ
1526 2072 1703 2127 ταῦτα

105 2169 321 2240 ὲπιχέει
347 2168 410 2222 τὸ
451 2168 629 2221 ἔλαιον
655 2169 682 2221 6
723 2166 984 2239 ἱερὰρχης
1016 2167 1096 2238 τῷ
1117 2168 1372 2240 κειμένῳ.
1413 2166 1708 2238 Ἐλέγομεν

101 2257 159 2313 δὲ
191 2262 253 2313 ὲν
277 2260 397 2322 τοῖς
425 2256 553 2328 περὶ
572 2255 667 2311 τοῦ
694 2255 1042 2328 φωτίσματος
1073 2256 1273 2325 λόγοις,
1306 2256 1384 2323 ὡς
1413 2256 1492 2328 τῷ
1537 2256 1703 2328 ἐλαίῳ

104 2349 349 2423 πρώτως
387 2350 605 2421 ἐχρίετο
656 2350 684 2403 6
719 2346 1045 2419 τελούμενος
1076 2346 1208 2421 ’μεθ’
1254 2348 1284 2403 6
1326 2350 1429 2421 τῆς
1474 2348 1705 2420 ἐσθῆτος

104 2441 526 2513 ἀπεγυμνοῦτο·
552 2442 785 2507 ἐνταῦθα
826 2443 885 2496 ὲν
926 2441 1007 2513 τῷ
1032 2441 1197 2507 τέλει,
1251 2441 1348 2496 καὶ
1384 2440 1559 2495 ταῦτα
1604 2443 1705 2495 οὐκ

104 2535 443 2599 ἀπεικότως.
488 2532 708 2606 Ἐπειδὴ
744 2534 854 2607 γὰρ
902 2534 998 2589 καὶ
1039 2535 1090 2587 οἱ
1124 2535 1206 2598 είς
1251 2532 1470 2604 ἀγῶνας
1510 2535 1701 2607 εὐτρε-

106 2628 401 2701 πιζόμενοι
434 2628 698 2701 χρίονται,
749 2628 844 2683 καὶ
875 2630 926 2682 ot
969 2626 1078 2682 τῶν
1110 2625 1333 2698 ἀγώνων
1366 2628 1705 2701 παυσάμενοι

106 2724 206 2777 καὶ
250 2722 368 2777 τῶν
403 2720 645 2794 ἱδρώτων
692 2719 1126 2792 ἀπολουσάμενοι
1172 2720 1439 2793 χρίονται,
1478 2720 1704 2787 εἰκότως

106 2815 206 2868 καὶ
230 2814 331 2868 ἐπὶ
374 2812 607 2878 τούτοις,
657 2814 838 2865 ἐκεῖσε
868 2812 967 2883 μὲν
1008 2812 1130 2867 κατ’
1161 2812 1337 2885 ἀρχὰς
1370 2812 1582 2886 ἐχρίετο
1623 2814 1705 2878 είς

105 2908 236 2971 τοὺς
263 2906 487 2973 ἀγῶνας
521 2904 952 2979 ὑπαλειφόμενος
970 2945 986 2970 ,
1025 2904 1257 2959 ἐνταῦθα
1281 2906 1339 2959 δὲ
1363 2907 1420 2961 ὲν
1459 2904 1538 2980 τῷ
1562 2905 1706 2961 τέλει

108 2996 336 3049 πάντων
357 2992 436 3059 ὼς
463 2993 573 3049 τῶν
596 2994 821 3065 ἀγώνων
843 2994 1319 3067 ἀποπαυσὰμενος.

1795 502 1910 557 hac
1929 512 2245 572 operentur,
2276 502 2379 557 nisi
2404 518 2503 574 per
2527 504 2876 561 traditionem
2897 516 2955 563 et
2976 519 3221 568 mutuam
3248 526 3377 569 suc-

1794 594 2101 649 cessionem
2148 603 2204 649 et
2246 593 2785 652 manifestationem?
2827 599 3041 666 Quanto
3092 604 3239 659 enim
3287 619 3377 660 re-

1793 687 2090 742 velationes
2121 686 2173 741 in
2210 686 2457 757 pluribus
2501 688 2959 758 multiplicantur,
3008 703 3160 750 tanto
3203 696 3377 767 magis

1795 778 2235 834 manifestantur.
2270 778 2486 833 Etenim
2517 794 2731 836 sacram
2760 782 2906 837 illam
2942 783 3037 840 Dei
3073 787 3377 857 professio-

1796 887 1963 927 nem:
1998 871 2078 925 Tu
2122 888 2177 928 es
2234 870 2475 926 Christus
2524 870 2703 927 Filius
2758 873 2855 929 Dei
2894 876 3019 942 vivi,
3066 896 3171 934 non
3199 896 3231 936 a
3281 880 3375 938 se-

1798 966 2053 1038 metipso,
2086 982 2261 1037 neque
2288 982 2318 1022 a
2347 983 2512 1023 carne
2534 980 2589 1024 et
2618 970 2902 1039 sanguine,
2936 972 3030 1027 sed
3060 971 3170 1028 Deo
3194 966 3373 1045 ipsum

1798 1057 1902 1112 hoc
1944 1058 2172 1111 docente
2213 1072 2277 1112 ac
2333 1067 2584 1112 movente
2632 1060 3043 1128 pronuntiabat.
3103 1061 3374 1118 Similiter

1799 1152 1985 1221 itaque
2032 1151 2321 1227 pontifices
2348 1151 2737 1207 ecclesiasticis
2780 1154 3146 1223 potestatibus
3171 1156 3248 1211 uti
3278 1157 3377 1212 de-

1796 1246 1951 1302 bent.
1980 1246 2159 1302 Attica
2188 1258 2273 1302 est
2304 1248 2549 1318 syntaxis
2572 1256 2626 1303 et
2651 1256 2863 1304 vetusta
2890 1252 3251 1321 constructio,
3269 1268 3377 1322 qua

1798 1340 2207 1411 propositiones
2272 1340 2566 1395 accusandi
2634 1341 2855 1397 casibus
2906 1340 3242 1411 efferuntur;
3296 1345 3380 1402 sic

1800 1432 2080 1499 nimirum,
2114 1446 2181 1487 ac
2210 1432 2255 1487 si
2312 1438 2558 1486 moveret
2583 1447 2680 1487 eos
2723 1430 2900 1498 Deus;
2940 1433 3156 1490 caneris
3195 1444 3378 1491 autem

1801 1521 1877 1576 ita
1908 1520 2195 1591 pontifices
2243 1520 2573 1577 observandi
2609 1531 2740 1578 sunt
2777 1522 2929 1593 (nam
2956 1532 3012 1579 et
3050 1525 3153 1580 hoc
3184 1526 3378 1581 eodem

1801 1614 1962 1669 modo
1997 1613 2358 1684 construitur)
2388 1621 2644 1684 tanquam
2675 1614 2769 1686 qui
2805 1631 2835 1670 a
2864 1614 2977 1671 Deo
3007 1627 3333 1673 moveantur
3362 1636 3378 1672 :

1804 1707 1872 1762 ad
1917 1722 2014 1763 eos
2052 1707 2200 1762 enim
2247 1715 2331 1763 est
2375 1721 2557 1764 sermo
2605 1706 2812 1764 Christi
2854 1706 3116 1765 Domini:
3152 1710 3258 1776 Qui
3292 1727 3384 1767 vos

1800 1800 2019 1871 spernit,
2040 1815 2121 1854 me
2143 1799 2341 1868 spernit
2367 1808 2416 1853 Ρ.

1876 1890 1906 1962 ς
1938 1888 2073 1946 VIII.
2100 1889 2371 1945 (laterum
2419 1886 2488 1943 ad
2527 1895 2730 1944 textum
2768 1891 3081 1960 redeuntes,
3124 1892 3380 1960 dicimus,

1814 1982 1966 2038 ﬁnita
1998 1981 2340 2053 precatione,
2368 1994 2561 2036 omnes
2580 1980 2893 2036 defunctum
2919 1983 3191 2049 salutare;
3223 2000 3383 2041 acce-

1803 2085 1928 2149 ptus
1962 2074 2107 2131 enim
2134 2081 2192 2129 et
2213 2073 2421 2129 honore
2444 2071 2642 2143 dignus
2671 2080 2754 2128 est
2803 2074 3054 2143 quisquis
3084 2085 3270 2132 sancte
3304 2078 3385 2132 vi-

1806 2168 1905 2223 xit.
1931 2167 2126 2222 Postea
2168 2164 2413 2236 pontifex
2443 2162 2706 2220 defuncto
2738 2164 2917 2220 oleum
2950 2164 3201 2221 an‘undit.
3232 2166 3385 2223 Dixi-

1804 2273 1929 2314 mus
1962 2268 2142 2315 autem
2179 2259 2232 2314 in
2265 2259 2329 2315 Iis
2364 2272 2488 2329 quae
2520 2260 2588 2314 de
2629 2258 3030 2316 illuminatione
3060 2261 3203 2317 dicta
3233 2273 3385 2328 sunt,

1805 2354 2080 2422 quomodo
2107 2349 2407 2406 initiandus
2434 2350 2669 2420 primum
2697 2350 2822 2407 oleo
2862 2351 3222 2422 inungeretur
3266 2364 3390 2424 post

1803 2444 2034 2500 vestium
2067 2444 2462 2515 depositionem
2487 2459 2503 2511 ;
2531 2444 2611 2499 sic
2633 2452 2687 2498 et
2719 2443 2807 2498 hic
2837 2443 2888 2498 in
2923 2444 3052 2511 line,
3086 2454 3141 2499 et
3164 2446 3388 2514 quidem

1804 2550 1912 2592 non
1954 2536 2249 2591 immerito.
2287 2534 2422 2591 Cum
2454 2534 2600 2590 enim
2652 2534 2690 2589 ii
2742 2535 2835 2606 qui
2873 2535 2941 2590 ad
2970 2536 3274 2591 certamina
3308 2536 3387 2590 in-

1804 2636 2119 2693 struuntur,
2171 2626 2546 2699 intinguntur;
2596 2625 2680 2680 uti
2742 2637 2800 2681 et
2832 2626 2871 2682 ii
2920 2628 3013 2697 qui
3059 2642 3088 2682 a
3130 2628 3396 2682 certando

1806 2726 2050 2784 cessant,
2092 2722 2148 2773 et
2199 2716 2427 2773 sudores
2461 2716 2871 2783 absterserunt;
2904 2716 3102 2772 merito
3141 2717 3306 2771 etiam
3337 2716 3391 2771 in

1807 2808 1893 2866 bis
1917 2827 1933 2864 :
1957 2809 2031 2865 ibi
2060 2808 2279 2879 quidem
2305 2809 2357 2863 in
2385 2807 2675 2879 principio,
2708 2807 2753 2862 is
2773 2809 2864 2878 qui
2893 2808 3193 2863 certamina
3219 2808 3391 2863 susci-

1808 2902 1909 2973 pit,
1946 2902 2035 2958 Iiic
2061 2917 2194 2957 vero
2223 2901 2277 2955 in
2311 2900 2419 2955 fine
2456 2901 2723 2965 omnium,
2758 2910 3017 2971 tanquam
3059 2900 3152 2971 qui
3201 2916 3231 2956 a
3272 2915 3393 2957 ccr-

1816 2991 1982 3047 tando
2010 2990 2244 3055 desistit,
2276 2990 2578 3060 inungitur.

178 3088 209 3159 ς
237 3086 335 3141 IX.
360 3084 551 3140 Ταῦτα
571 3084 796 3151 τελέσας
822 3088 851 3140 6
877 3086 1161 3158 ἰεράρχης,
1189 3086 1480 3159 ἀποτίθησι
1512 3088 1702 3160 τιμίως

1884 3081 1914 3153 §
1948 3078 2038 3137 IX.
2067 3079 2164 3137 llis
2192 3081 2452 3150 peractis,
2487 3080 2734 3152 pontifex
2783 3075 3026 3133 defuncti
3057 3088 3257 3145 corpus
3296 3074 3389 3129 Iin-

102 3178 168 3234 τὸ
200 3178 369 3249 σῶμα
405 3176 527 3249 μεθ’
557 3177 760 3249 ἐτέρων
812 3176 977 3251 ίερῶν
1011 3178 1301 3249 σωμάτων.
1350 3178 1565 3253 Ἐπειδὴ
1599 3178 1709 3251 γὰρ

103 3273 135 3326 6
161 3270 418 3342 φιλόθεος
441 3269 728 3342 ἄνθρωπος
755 3271 815 3323 ὲν
849 3270 993 3342 ψυχῇ
1029 3272 1125 3324 καὶ
1175 3269 1389 3342 σώματι
1438 3270 1708 3337 συνεστὼς

104 3365 201 3419 τὸν
220 3363 486 3435 ἐνάρετον
517 3362 630 3433 βίον
655 3361 1022 3427 ἐπολιτεύετο,
1068 3361 1157 3415 ἵνα
1182 3362 1237 3415 τί
1266 3362 1365 3434 τῆς
1405 3361 1583 3433 ψυχῆς
1607 3363 1708 3415 αύ-

110 3455 418 3528 λιζομένης
454 3455 512 3507 ὲν
537 3453 783 3524 ἀγαθοῖς,
813 3453 876 3507 τὸ
902 3453 1063 3525 σῶμα
1095 3453 1538 3525 παροραθήσεται
1557 3492 1572 3518 ,
1616 3453 1711 3508 καί¹

106 3549 169 3602 ού
193 3546 402 3618 τιμίως
430 3546 903 3618 κατατεθήσεται;
936 3547 1048 3600 Καὶ
1089 3544 1200 3618 γὰρ
1238 3545 1334 3599 καὶ
1382 3548 1437 3599 αἱ
1486 3546 1712 3619 ἀμοιϐαὶ

105 3642 175 3711 τῇ
197 3640 352 3711 ψυχῇ
388 3637 529 3711 μετά
558 3635 809 3710 σώματος
834 3637 1173 3710 δοθήσονται,
1201 3638 1311 3691 εἴτε
1336 3637 1446 3691 τῶν
1468 3636 1708 3707 ἀγαθῶν,

107 3732 228 3786 εἴτε
252 3732 371 3785 τῶν
396 3730 606 3794 κακῶν,
636 3730 786 3803 παρά
808 3729 901 3783 τοῦ
932 3730 1143 3784 δικαίου
1192 3728 1417 3801 Κριτοῢ.
1443 3728 1534 3782 Διὸ
1561 3728 1656 3782 καὶ
1682 3729 1713 3781 6

106 3821 261 3895 ἱερὸς
315 3821 520 3893 θεσμὸς
550 3821 647 3875 καὶ
681 3820 971 3892 ἀμφότερα
1015 3818 1254 3889 ἁγιάζει,
1290 3821 1390 3892 τήν
1421 3836 1483 3872 τε
1533 3819 1713 3891 ψυχὴν

109 3917 217 3969 καὶ
247 3913 314 3967 τὸ
346 3914 533 3984 σῶμα·
567 3914 669 3984 τὴν
711 3912 892 3984 ψυχὴν
928 3913 1047 3983 μὲν,
1096 3912 1155 3965 ὲν
1193 3913 1414 3983 νοηταῖς
1457 3910 1712 3984 θεωρίαις

104 4008 210 4062 καὶ
243 4007 533 4079 ἐπιστήμῃ
564 4004 675 4059 τῶν
709 4004 1051 4076 τελουμένων
1074 4020 1088 4034 ·
1117 4004 1180 4057 τὸ
1207 4003 1367 4075 σῶμα
1398 4002 1457 4058 δὲ
1479 4004 1558 4076 τῷ
1585 4004 1713 4076 θείῳ

108 4098 302 4169 μύρῳ.
356 4098 478 4151 Ἔτι
508 4095 567 4150 δὲ
622 4097 720 4150 καὶ
759 4099 873 4160 τοῖς
915 4095 1241 4165 ἁγιωτάτοις
1290 4094 1577 4166 συμϐόλοις
1611 4095 1714 4166 τῆς

104 4191 271 4255 θείας
306 4187 664 4261 μεταλήψεως
686 4187 926 4257 ἁγιάζων
950 4187 1127 4241 πάντα
1155 4185 1248 4241 τὸν
1280 4187 1584 4259 ἄνθρωπον,
1620 4187 1715 4241 καὶ

101 4286 215 4358 τὴν
239 4283 433 4355 όλικὴν
462 4282 650 4348 αὑτοῦ,
678 4283 847 4354 ἤγουν
878 4283 976 4336 καὶ
1016 4283 1117 4354 τὴν
1163 4282 1262 4354 τῆς
1289 4280 1469 4353 ψυχῆς
1497 4281 1591 4334 καὶ
1613 4281 1715 4352 τὴν

102 4374 210 4429 τοῦ
246 4372 505 4444 σώματος
536 4375 809 4446 σωτηρίαν
857 4374 1177 4447 ίερουργῶν,
1224 4372 1321 4426 καὶ⁵
1372 4373 1534 4427 πάλιν
1574 4372 1719 4427 οὕτω

102 4465 473 4537 τελειοτάτην
509 4464 842 4535 διαγγέλλων
872 4465 968 4518 καὶ
990 4465 1090 4537 τὴν
1115 4465 1433 4519 ἀνάστασιν.

185 4635 221 4710 §
241 4637 315 4691 Χ.
341 4635 456 4701 Τάς
482 4635 538 4690 δὲ
553 4636 655 4709 τῆς
677 4637 1008 4710 χειροτονίας
1036 4638 1201 4711 εύχάς
1224 4639 1287 4693 οὐ
1314 4638 1532 4712 θεμιτὸν
1551 4642 1717 4713 ἀφερ-

107 4730 409 4805 μηνεύειν,
452 4730 621 4801 ἡγουν
650 4731 770 4802 μεθ’
797 4730 1095 4803 ἑρμηνείας
1125 4734 1488 4805 δημοσιεύειν,
1523 4752 1713 4807 μυστι-

104 4822 226 4886 κάς
247 4819 419 4884 οὔσας
446 4821 544 4874 καὶ
585 4821 935 4894 ἀπορρήτους
954 4838 968 4852 ⁶
999 4823 1058 4876 οὐ
1096 4825 1203 4896 χρὴ
1235 4825 1293 4878 δὲ
1325 4825 1541 4895 ἐξάγειν
1579 4826 1715 4899 πρὸς

103 4917 176 4970 τδ
228 4913 416 4967 κοινὸν
455 4913 556 4979 τὰς
584 4914 651 4968 ἐκ
677 4912 787 4967 τῶν
814 4914 989 4985 εὐχῶν
1014 4915 1358 4988 δωρουμένας
1384 4921 1497 4983 τοῖς
1523 4917 1713 4972 τελου-

108 5008 314 5081 μένοις
360 5005 623 5077 δυνάμεις
665 5005 762 5060 τοῦ
800 5006 1139 5078 Πνεύματος.
1182 5008 1342 5063 Ἀλλά
1379 5010 1466 5074 σὺ,
1512 5010 1719 5075 ταύτας

104 5098 271 5154 κατὰ
323 5098 427 5169 τὴν
471 5097 625 5153 θείαν
660 5098 961 5170 παράδοσιν
1011 5100 1286 5170 μυστικῶς
1336 5101 1592 5173 ἐκμαθὼν
1625 5103 1721 5157 καὶ

104 5192 267 5265 πρὸς
318 5190 600 5263 θειοτέραν
630 5191 885 5262 ἀναχθεὶς
933 5191 1064 5257 ἕξιν,
1096 5190 1326 5262 φθάσεις
1352 5194 1447 5247 καὶ
1482 5193 1581 5266 τὴν
1606 5192 1720 5248 τῶν

100 5283 389 5340 τοιούτων
430 5285 740 5356 ἐπιστήμην
775 5284 881 5339 ὑπὸ
898 5284 1021 5355 ῗτῆς
1050 5285 1368 5357 ίεραρχικῆς
1402 5284 1719 5356 έλλάμψεως

103 5379 289 5452 (αὕτη
334 5378 449 5449 γάρ
497 5380 647 5433 ἐστιν
684 5380 721 5453 ἡ
779 5377 972 5433 πασῶν
1009 5376 1119 5432 τῶν
1161 5376 1394 5432 τελετῶν
1436 5377 1720 5450 ἄρχουσα)

97 5468 512 5542 ὁδιιτωῑμυενοςο

185 5565 219 5639 ξ
248 5565 353 5618 XI.
388 5562 668 5617 Ἐντεῦθεν
688 5565 810 5637 ὅρα,
833 5564 887 5620 τι
914 5580 1077 5637 φησιν
1099 5565 1128 5617 6
1154 5562 1342 5636 Πατὴρ
1372 5563 1500 5637 περὶ
1523 5561 1618 5617 τοῦ
1648 5562 1717 5618 τὰ

189 5752 217 5793 ε
243 5740 388 5797 Luc.
415 5754 473 5809 κ,
504 5740 592 5794 16.

1740 4513 1793 4576 ι)

1809 3183 1969 3231 nesto
2008 3171 2131 3228 loco
2186 3173 2433 3228 recondit
2473 3187 2598 3226 cum
2647 3170 2768 3225 aliis
2817 3167 3145 3239 corporibus
3196 3165 3392 3224 sacris.

1810 3267 1945 3325 Cum
1975 3266 2120 3322 enim
2170 3263 2216 3320 is
2244 3265 2338 3335 qui
2394 3263 2685 3319 defunctus
2738 3270 2846 3326 est,
2877 3260 3059 3315 anima
3112 3258 3282 3315 simul
3336 3269 3392 3315 et

1810 3374 2039 3431 corpore
2064 3367 2344 3423 constans,
2372 3364 2618 3413 sanctam
2658 3356 2824 3411 vitam
2853 3356 3048 3426 egerit,
3082 3370 3185 3410 cur
3208 3357 3392 3410 anima

1812 3454 1867 3509 in
1916 3453 2075 3508 bonis
2127 3457 2508 3507 commorante
2536 3462 2735 3519 corpus
2782 3448 3173 3518 negligerctur,
3202 3456 3394 3502 etnon

1812 3548 2039 3605 honeste
2063 3542 2460 3616 deponeretur?
2491 3542 2706 3598 Etenim
2753 3557 2782 3595 a
2811 3541 2962 3613 justo
2986 3539 3172 3610 judice
3206 3541 3396 3595 condi-

1813 3654 1917 3712 gna
1948 3637 2246 3694 retributio
2276 3637 2475 3690 animae
2509 3649 2619 3689 una
2665 3649 2790 3689 cum
2824 3646 3056 3702 corpore
3084 3616 3392 3691 donabitur,

1813 3734 1930 3790 sive
1958 3734 2225 3789 bonorum
2270 3732 2389 3786 sive
2444 3729 2742 3785 malorum.
2780 3726 2990 3783 Idcirco
3023 3724 3188 3779 etiam
3238 3738 3394 3779 sacra

1814 3826 1899 3881 lex
1931 3834 2162 3893 utraque
2188 3822 2521 3888 sanctiﬁcat,
2553 3831 2661 3875 tam
2696 3833 2895 3887 corpus
2924 3831 3086 3886 quam
3119 3814 3393 3871 animam:

1813 3917 2051 3971 animam
2105 3915 2268 3986 281
2299 3913 2516 3983 quidem
2541 3953 2559 3979 ,
2603 3912 2655 3966 in
2690 3908 3027 3980 spiritalibus
3065 3906 3401 3976 contempla-

1814 4009 2055 4065 tionibus
2122 4019 2288 4079 atque
2329 4007 2563 4063 scientia
2612 4019 2801 4060 eorum
2846 4018 2966 4074 quat
3011 4002 3395 4063 celebrantur;

1815 4113 2012 4169 corpus
2040 4113 2192 4163 vero,
2219 4099 2403 4154 divino
2432 4103 2728 4168 unguento.
2758 4096 2898 4163 Quin
2950 4104 3006 4148 et
3033 4091 3397 4147 sanctissimis

1817 4190 2081 4262 symbolis
2135 4190 2333 4247 divinae
2387 4188 2829 4260 participationis
2880 4196 3050 4241 totqu
3118 4182 3395 4239 hominem

1817 4282 2145 4347 sanctificat,
2197 4290 2362 4352 atque
2391 4280 2612 4335 totalem
2658 4278 2798 4346 eius,
2832 4276 3028 4330 animae
3084 4274 3295 4329 scilicet
3340 4279 3398 4325 et

1816 4375 2085 4446 corporis,
2114 4373 2346 4430 salutem
2372 4381 2655 4444 cperatur,
2684 4384 2787 4426 nec
2819 4385 2925 4425 non
2954 4372 3057 4425 hoc
3083 4369 3243 4423 modo
3274 4381 3399 4437 per-

1820 4468 2171 4524 fectissimam
2233 4466 2315 4524 illi
2381 4467 3120 4538 quoque'rcsurrectionem
3178 4477 3397 4517 annun-

1820 4560 1940 4614 tiat.

1896 4650 2023 4723 §X.
2068 4648 2435 4707 Invocationes
2485 4665 2647 4720 porro
2689 4648 3053 4706 ordinationis
3109 4647 3266 4702 nefas
3308 4654 3398 4701 est

1823 4743 2198 4813 interpretari,
2239 4758 2336 4799 seu
2387 4744 2711 4813 explicando
2760 4743 3064 4814 publicare,
3115 4755 3239 4795 cum
3282 4754 3400 4810 my.

1820 4835 1973 4889 sticte
2022 4835 2132 4889 sint
2173 4845 2230 4889 et
2255 4850 2505 4901 arcana;
2549 4851 2654 4890 non
2686 4843 2904 4906 oportet
2930 4844 3112 4888 autem
3142 4834 3199 4887 in
3245 4844 3400 4886 com-

1826 4940 1989 4981 mune
2017 4926 2215 4983 eﬂ'erre
2236 4926 2466 4982 virtutes
2494 4926 2733 4995 Spiritus
2766 4926 2967 4990 sancti,
2995 4940 3118 4997 qua:
3137 4940 3237 4995 per
3276 4938 3403 4993 pre-

1822 5033 1914 5074 ces
1944 5018 2174 5075 initiatis
2216 5019 2593 5074 conferuntur.
2625 5019 2733 5074 Sed
2777 5028 2858 5083 tu,
2886 5018 2976 5073 ubi
3000 5017 3274 5087 easjuxta
3314 5015 3403 5068 di-

1822 5112 2009 5165 vinam
2039 5111 2387 5166 traditionem
2415 5110 2645 5182 mystice
2671 5110 2945 5174 hauseris,
2969 5117 3027 5163 et
3059 5109 3127 5163 ad
3169 5105 3403 5162 divinio-

1823 5217 1941 5258 rem
1967 5202 2212 5258 habitum
2238 5203 2519 5258 traductus
2540 5201 2732 5267 fueris,
2758 5216 2949 5257 earum
2976 5215 3193 5270 quoque
3221 5198 3402 5253 scien-

1825 5296 1956 5350 tiam
2016 5295 2367 5352 hierarchica
2430 5294 2794 5352 illustratione
2850 5293 3224 5364 consequeris,
3287 5290 3402 5344 lucc

1826 5384 1971 5440 enim
1998 5393 2081 5441 est
2109 5385 2350 5441 omnium
2382 5386 2775 5457 mysteriorum
2801 5384 3057 5456 princeps
3077 5398 3144 5438 ac
3161 5382 3293 5436 dux.

1902 5563 2052 5637 §Xl.
2103 5566 2400 5625 Considera
2458 5569 2629 5625 etiam
2669 5565 2758 5623 hic
2810 5565 2940 5637 quid
2983 5564 3128 5620 dicat
3179 5567 3404 5616 sanctus

1796 5706 1869 5745 ,εἱ
