3876 6226
507 336 610 393 587

1667 328 1723 385 S.
1762 324 2065 387 DIONYSII
2099 325 2565 385 AREOPAGlTrE
3641 328 3716 384 538

504 449 616 503 vim
645 458 862 501 omnem
892 457 956 498 ac
991 441 1295 513 potentiam
1328 449 1531 495 nostra:
1561 452 1653 496 aut
1702 444 2073 499 ratiocinatio-

2185 442 2308 495 καθ’
2333 443 2479 512 ἡμᾶς
2513 438 2739 510 λογικῆς
2781 438 2873 493 καὶ
2915 439 3107 511 νοερᾶς
3143 438 3423 510 δυνάμεως
3468 441 3559 495 καὶ
3599 442 3716 514 ἔνερ-

507 540 593 595 nis
622 548 716 593 aut
746 534 1134 591 intellectionis
1178 533 1417 588 excedit.
1450 532 1718 589 Uuiverse
1770 534 1937 603 igitur
1979 551 2082 590 au-

457 662 470 677 -
507 633 743 686 dentium
773 644 876 683 non
908 636 1011 691 est,
1042 640 1217 695 neque
1240 626 1635 696 dicere,neqne
1657 628 1897 696 cogitare
1922 628 2082 697 'quid;

507 736 670 790 quam
703 719 767 773 de
794 715 1306 787 supersubstantiali
1341 725 1393 769 et
1422 717 1603 770 abdita
1636 717 1858 781 deitate,
1887 729 2084 787 prater

505 828 569 867 ea
603 826 725 882 quae
775 810 933 865 nobis
980 809 1032 863 in
1067 808 1239 864 sacris
1262 806 1497 863 oraculis
1522 820 1648 863 sunt
1681 810 1914 864 iudicata
1946 810 2085 864 divi-

504 906 676 959 nitus.
707 902 841 957 Nam
887 898 1421 972 supernaturalitatis
1458 902 1625 971 ipsius
1682 902 2084 957 indemonstra-

505 997 713 1061 bilitas,
748 1010 868 1065 qua:
922 1009 1086 1064 supra
1148 1009 1367 1049 omnem
1411 994 1698 1056 rationem,
1728 1004 1784 1049 et
1822 1006 2080 1061 mentem,

503 1100 561 1145 et
591 1090 885 1145 essentiam
914 1096 1021 1152 est,
1044 1088 1159 1157 ipsa
1184 1097 1267 1141 est
1290 1087 1376 1142 cui
1401 1088 1873 1157 supernaturalem
1906 1090 2083 1142 scicn-

502 1182 634 1237 tiam
665 1182 904 1235 tribuere
934 1194 1036 1234 nos
1079 1188 1331 1249 Oportet;
1368 1188 1580 1234 tantum
1627 1180 1693 1234 ad
1740 1180 2081 1234 inaccessum

503 1273 637 1329 illud
695 1272 881 1327 lumen
937 1271 1255 1342 aspirando,
1289 1282 1552 1340 quantum
1609 1286 1668 1327 se
1724 1271 2083 1326 insinuat/erit

492 1368 816 1423 divinorum
852 1366 943 1422 ille
991 1365 1179 1422 radius
1216 1367 1589 1434 oraculorum,
1623 1383 1731 1437 quo
1758 1369 2082 1422 eminentio-

502 1463 656 1517 ribus
686 1460 823 1535 istis
854 1476 1039 1515 rerum
1079 1460 1386 1515 divinarum
1436 1460 1821 1529 splendoribus
1869 1460 2080 1514 sobrie-

503 1559 618 1605 tate
649 1551 885 1619 quadam
910 1564 975 1603 ac
1001 1550 1296 1603 sanctitate
1328 1560 1830 1619 centemperamur.
1867 1550 2079 1604 Etenim

502 1646 548 1699 si
581 1644 711 1713 quid
743 1643 1169 1712 sapientissimae
1197 1642 1603 1712 verissimzeque
1640 1642 1923 1711 theologite
1963 1655 2083 1695 cre-

502 1737 739 1801 dendum
783 1744 890 1798 est,
924 1748 1024 1803 pro
1068 1732 1409 1805 singularum
1440 1742 1603 1803 captu
1648 1734 1909 1787 mentium
1940 1732 2079 1787 divi-

2185 534 2341 603 γείας
2379 535 2591 587 ἕνωσιν.
2634 532 2877 586 Καθόλου
2919 530 3210 603 τοιγαροῦν
3251 532 3310 584 οὐ
3359 532 3634 603 τολμητέον
3658 538 3718 588 sl-

2186 614 2333 689 πεῖν,
2361 625 2483 678 οὔτε
2519 626 2624 697 μὴν
2664 625 2912 695 ὲννοῆσαί
2948 642 2998 677 τι
3025 625 3151 694 περὶ
3184 624 3281 693 τῆς
3312 623 3621 695 ὑπερουσίου
3650 629 3718 680 καὶ

2185 716 2425 788 κρυφίας
2469 716 2739 786 θεότητος,
2782 715 2935 787 παρά
2984 714 3055 768 τὰ
3110 713 3342 776 θειωδῶς
3394 716 3523 784 ἡμῖν
3553 718 3609 768 ὲκ
3638 718 3720 771 τῶν

2189 810 2348 881 ἱερῶν
2379 808 2574 877 λογίων
2612 800 3022 877 ὲκπεφασμένα.
3052 806 3164 875 Τῆς
3186 805 3293 876 γάρ
3324 806 3458 877 ὑπὲρ
3487 806 3629 875 λόγον
3650 810 3720 861 καὶ

2184 904 2309 957 νοῦν
2327 906 2421 958 κα)⁸
2441 904 2628 956 οὐσίαν
2643 903 2811 973 αὐτῆς
2832 900 3283 971 ὑπερουσιότητος
3304 900 3541 968 ἀγνωσία
3560 903 3596 964 ²,
3617 902 3719 971 αὐτῇ

2186 1000 2286 1069 τὴν
2314 998 2639 1070 ὑπερούσιον
2658 997 2967 1067 ἐπιστήμην
2991 994 3297 1057 ἀναθετέον,
3318 993 3566 1047 τοσοῦτον
3586 996 3661 1047 ἐπὶ
3676 995 3721 1047 τὸ

2185 1091 2409 1154 ἄναντες
2451 1089 2827 1152 ἀνανεύοντας,
2859 1090 2981 1141 ὅσον
3030 1088 3227 1157 ἑαυτὴν
3267 1087 3539 1140 ἐνδίδωσιν
3581 1087 3721 1157 ἡτῶν

2184 1183 2489 1255 θεαρχικῶν
2542 1182 2781 1251 λογίων³
2821 1181 2997 1248 ἀκτὶς,
3056 1183 3194 1253 πρὸς
3254 1180 3393 1243 τάςδ
3454 1181 3721 1251 ὑπερτέρας

2182 1277 2358 1343 αὺγάς
2382 1278 2448 1347 τῇ
2482 1276 2610 1346 περὶ
2658 1274 2725 1327 τὰ
2769 1273 2886 1326 θεῖα
2920 1275 3243 1346 σωφροσύνῃ
3270 1275 3363 1326 xal
3388 1274 3618 1343 ὁσιότητι
3651 1288 3722 1324 συ-

2186 1365 2592 1436 στελλομένους.
2626 1364 2735 1416 Kal
2764 1363 2872 1434 γὰρ
2894 1364 3013 1415 εἴτι
3042 1362 3121 1414 δεῖ
3144 1366 3212 1433 τῇ
3240 1363 3497 1432 πανσόφῳ
3520 1363 3608 1414 καὶ
3626 1360 3723 1429 ἀλη-

2184 1458 2416 1530 θεστάτῃ
2445 1456 2693 1527 θεολογίᾳ
2716 1455 3017 1518 πείθεσθαι,
3041 1454 3181 1506 κατά
3203 1455 3302 1523 τὴν
3323 1452 3602 1520 ἀναλογίαν
3620 1452 3720 1505 ἑκά-

2185 1567 2309 1602 στου
2348 1549 2457 1601 τῶν
2494 1549 2628 1601 νοῶν
2672 1547 3153 1600 ἀνακαλύπτεται⁵
3185 1546 3255 1599 τὰ
3298 1546 3437 1607 θεῖα,
3489 1547 3585 1598 καὶ
3627 1547 3724 1596 ἐπο-

2183 1641 2461 1708 πτεύεται,
2491 1641 2590 1711 τῆς
2614 1640 2910 1711 θεαρχικῆς
2950 1639 3282 1710 ἀγαθότητος
3314 1639 3371 1691 ἐν
3422 1640 3646 1706 σωστικῇ
3665 1636 3722 1687 δι-

2182 1733 2441 1805 καιοσύνῃ
2469 1733 2577 1785 τῶν
2607 1735 2662 1786 ἐν
2690 1734 2871 1804 μέτρῳ
2892 1731 2991 1801 τὴν
3015 1732 3282 1802 ἀμετρίαν
3320 1730 3649 1801 θεοπρεπῶς,
3666 1729 3725 1791 ὡς

500 1846 571 1885 na
599 1830 935 1894 revelantur,
968 1838 1415 1899 spectanturque,
1450 1828 1574 1882 dum
1598 1834 1816 1882 Summa
1850 1827 1945 1881 Dei
1984 1828 2073 1881 bo-

2182 1827 2485 1900 ἀχώρητον,
2526 1827 3068 1895 ἀποδιαστελλούσης.
3109 1827 3320 1895 Ὥσπερ
3380 1823 3489 1894 γάρ
3547 1822 3725 1891 ἀληττα

500 1923 899 1992 nitas,justitia
940 1922 1189 1987 salutari,
1226 1921 1387 1973 rebus
1427 1920 1755 1973 mensuratis
1800 1918 2080 1973 immensi—

501 2022 670 2067 tateut
722 2028 878 2067 suam
913 2012 1098 2066 divino
1130 2013 1365 2079 quodam
1402 2011 1623 2074 decore,
1658 2011 1800 2079 quod
1830 2024 2078 2079 compre-

500 2106 666 2159 hendi
720 2112 979 2173 nequeat,
1025 2112 1453 2158 commensurat.
1488 2103 1643 2156 Sicut
1683 2103 1828 2156 enim
1862 2117 1926 2155 ea
1956 2116 2077 2170 quae

500 2194 603 2248 sub
631 2192 1047 2261 intelligentiam
1080 2194 1283 2246 cadunt
1329 2208 1429 2262 per
1471 2208 1533 2246 ea
1566 2208 1685 2262 qua:
1727 2192 1826 2247 sub
1855 2206 2073 2246 sensum

498 2285 703 2339 cadunt
740 2284 1207 2354 comprehendere
1240 2293 1298 2338 et
1324 2284 1684 2353 contemplari
1736 2301 1841 2338 non
1878 2300 2075 2353 possu-

498 2392 640 2443 mus,
668 2391 843 2446 neque
872 2392 973 2445 per
1001 2392 1065 2431 ea
1089 2392 1210 2445 qua:
1237 2378 1377 2447 typis
1408 2388 1461 2431 et
1492 2378 1661 2446 signis
1687 2360 2070 2443 iulormantur,

495 2484 561 2523 ea
589 2484 710 2538 qua:
750 2468 1017 2537 simplicia
1062 2477 1191 2523 sunt
1229 2478 1285 2524 et
1317 2470 1460 2540 typis
1495 2486 1600 2523 non
1638 2471 1947 2541 signantur,
1979 2488 2074 2525 ne-

495 2575 602 2627 que
630 2573 728 2626 per
756 2558 960 2627 figuras
1008 2574 1299 2627 corporum
1336 2563 1681 2629 incorporea,
1728 2577 1851 2631 quae
1900 2576 2072 2628 neque

494 2663 718 2703 sensum
769 2658 945 2704 tactus
994 2652 1199 2715 subire,
1237 2667 1415 2721 neque
1469 2654 1696 2723 ﬁguram
1741 2664 1795 2707 et
1841 2653 2069 2708 formam

484 2742 692 2811 'capere
721 2752 983 2810 possunt;
1015 2743 1203 2796 eadem
1237 2743 1394 2812 plane
1426 2744 1637 2798 ratione
1682 2745 1926 2799 veritatis
1980 2761 2073 2798 su-

491 2846 593 2903 pra
627 2834 962 2888 substantias
990 2844 1076 2887 est
1102 2833 1192 2887 illa
1223 2836 1771 2905 suprasubstantialis
1802 2838 2069 2903 inﬁnitas,

492 2934 551 2980 et
582 2940 748 2996 supra
784 2937 992 2981 mentes
1020 2926 1111 2980 illa
1142 2944 1303 2997 supra
1334 2938 1566 2983 mentem
1610 2930 1822 2995 unitas;
1848 2942 1903 2985 et
1951 2947 2070 2985 om-

492 3014 1195 3075 nibus‘ratiocinationibus
1240 3022 1589 3075 iuscrutahile
1625 3033 1708 3076 est
1743 3020 1873 3076 illud
1905 3038 2068 3092 supra

492 3110 971 3166 ratiocinationem
1023 3128 1226 3177 unum;
1278 3113 1537 3181 omnique
1579 3115 1744 3167 verbo
1796 3114 2069 3168 ineﬂ‘abile

2179 1922 2273 1974 καὶ
2304 1920 2590 1991 ἀθεώρητα
2615 1922 2728 1982 τοῖς
2761 1919 3035 1989 αἰσθητοῖς
3062 1920 3177 1970 ἐστι
3217 1916 3285 1969 τὰ
3314 1915 3499 1985 νοητὰ,
3533 1916 3727 1975 καὶτοῖς

2180 2015 2237 2066 ὲν
2273 2014 2466 2066 πλάσει
2499 2013 2590 2066 καὶ
2620 2013 2774 2082 τύπῳ
2812 2012 2880 2064 τὰ
2916 2012 3063 2065 ἁπλᾶ
3110 2013 3202 2065 καὶ
3248 2010 3531 2073 ἀτύπωτα,
3569 2011 3664 2070 τοῖς
3682 2023 3726 2057 τε

2179 2106 2317 2158 κατά
2343 2107 2605 2176 σωμάτων
2642 2107 2894 2177 σχήματα
2931 2105 3450 2176 μεμορφωμένοις,ή
3476 2103 3581 2155 τῶν
3606 2102 3726 2154 ἀσω-

2182 2199 2365 2267 μάτων
2393 2197 2601 2267 ἀναφὴς
2624 2199 2715 2251 καὶ
2748 2196 3154 2267 ἀτχημάτιστος
3191 2196 3433 2266 ἀμορφία
3451 2212 3465 2223 ·
3500 2194 3631 2247 κατὰ
3653 2193 3727 2244 τὸν

2177 2292 2337 2345 αὑτὸν
2359 2292 2460 2361 τῆς
2488 2291 2745 2362 ἀληθείας
2788 2290 2945 2358 λόγον
2989 2290 3307 2361 ὑπέρκειται
3348 2287 3458 2340 τῶν
3500 2283 3729 2354 οὖσιῶνὴ

2178 2376 2503 2455 ὑπερούσιος
2556 2383 2805 2455 ἀοριστία
2828 2383 2876 2412 δ’
2909 2383 3002 2435 καὶ
3052 2381 3159 2434 τῶν
3210 2381 3366 2442 νοῶν,
3394 2382 3427 2451 ἡ
3454 2379 3593 2450 ὑπὲρ
3629 2376 3730 2429 νοῦν

2177 2477 2394 2548 ἐνότης’
2433 2476 2528 2528 καὶ
2579 2476 2779 2538 πάσαις
2835 2475 3096 2537 διανοίαις
3168 2473 3482 2543 ἀδιανόητόν
3536 2474 3644 2524 ἐστι
3684 2468 3733 2521 τὸ

2177 2564 2317 2637 ὑπὲρ
2362 2565 2600 2618 διάνοιαν
2641 2565 2719 2627 ἓν,
2766 2562 3003 2636 ἄρῤητόν
3027 2581 3097 2618 ,τε
3130 2563 3271 2633 λόγῳ
3308 2563 3481 2617 παντὶ
3521 2563 3582 2614 τὸ
3617 2560 3732 2626 ὑπὲρ

2174 2656 2330 2724 λόγον
2371 2656 2595 2726 ἀγαθὸν,
2653 2656 2777 2718 ἐνάς
2832 2657 3074 2719 ὲνοποιὸς
3127 2657 3345 2725 ἀπάσης
3392 2655 3607 2717 ἐνάδος,
3656 2651 3735 2704 καὶ

2176 2750 2495 2821 ὑπερούσιος
2521 2748 2698 2811 οὐσία,
2721 2750 2816 2801 καὶ
2857 2748 2981 2811 νοῦς
3012 2749 3238 2819 ἀνόητος
3270 2749 3362 2800 καὶ
3389 2747 3551 2814 λόγος
3582 2747 3733 2817 ᾶρῤη-

2172 2859 2264 2905 τος
2284 2860 2297 2873 ο
2333 2841 2526 2910 ἀλογία
2557 2843 2651 2895 καὶ⁸
2679 2842 2907 2912 ἀνοησία
2948 2842 3042 2893 καὶ
3069 2840 3370 2910 ἀνωνυμία,
3402 2839 3548 2891 κατὰ
3593 2835 3735 2909 μηδὲν

2172 2936 2282 2989 τῶν
2304 2933 2470 2987 όντων
2493 2928 2657 2986 οὗσα’
2688 2935 2780 2985 καὶ
2806 2931 2975 2985 αἴτιον
3004 2932 3101 3002 μὲν
3122 2931 3215 2984 τοῦ
3240 2926 3378 2983 εἶναι
3409 2930 3596 2994 πᾶσιν,
3626 2927 3736 2981 αὐτὸ

2172 3019 2229 3080 δὲ
2256 3028 2328 3097 μὴ
2356 3025 2434 3089 ὃν,
2458 3026 2533 3089 ὡς
2558 3025 2738 3095 πάσης
2762 3026 2949 3087 οὐσίας
2977 3024 3253 3087 ἐπέκεινα,
3282 3026 3373 3077 καὶ
3403 3023 3480 3087 ὡς
3496 3022 3562 3076 ἂν
3578 3016 3735 3088 αὐτὴτ

2173 3117 2301 3187 περὶ
2324 3115 2523 3185 ἑαυτῆς
2550 3115 2751 3186 κυρίως
2782 3114 2875 3167 καὶ
2909 3113 3214 3183 ὲπιστητῶς
3250 3114 3600 3180 ἀποψαίνοιτο
3615 3111 3653 3163 ⁸.
3744 3146 3745 3151 η

489 3210 575 3255 est
619 3200 748 3255 illud
797 3217 961 3272 supra
1013 3203 1239 3256 verbum
1287 3204 1527 3266 bonum;
1583 3204 1762 3257 unitas
1794 3203 2041 3259 ell'ectrix
2076 3206 2349 3261 universae
2400 3208 2647 3271 unitatis,
2704 3214 2759 3259 et
2798 3206 3103 3259 substantia
3148 3220 3308 3274 supra
3357 3204 3735 3267 substantiam,

490 3306 547 3349 et
573 3310 728 3350 mens
767 3310 875 3349 non
923 3296 1122 3350 cadens
1156 3299 1254 3350 sub
1308 3296 1749 3366 intelligentiam,
1782 3298 1925 3351 ratio
1985 3296 2089 3352 nun
2117 3296 2347 3352 effabilis
2413 3299 2659 3362 ratione,
2706 3297 3085 3366 intelligentia,

3156 3298 3487 3365 nomineque
3531 3306 3735 3352 vacans.

492 3387 696 3442 nullius
751 3387 829 3441 rei
891 3386 1306 3441 similitudinem
1367 3387 1619 3441 habens:
1664 3403 1783 3455 quae
1851 3388 2070 3456 quidem
2105 3404 2267 3443 eausa
2303 3397 2383 3444 est
2420 3398 2480 3442 ut
2509 3391 2688 3443 omnia
2721 3390 2852 3454 sint,
2894 3386 3007 3456 ipsa
3045 3402 3171 3442 vero
3198 3390 3309 3442 non
3358 3400 3465 3450 est,
3525 3396 3585 3441 ut
3634 3397 3737 3455 Quae

490 3480 722 3552 quiescit
763 3488 919 3535 extra
965 3479 1146 3533 omnia
1194 3494 1315 3549 qua:
1374 3488 1522 3544 sunt,
1582 3478 2043 3547 quemadmodum
2073 3477 2233 3533 etiam
2266 3479 2377 3549 ipsa
2406 3474 2470 3533 de
2497 3495 2555 3533 se
2587 3481 2803 3549 proprie
2838 3482 3083 3549 sciteque
3123 3480 3238 3534 haec
3262 3477 3413 3534 elIari
3444 3491 3644 3550 potest.

2060 3684 2089 3756 ἕ
2136 3681 2215 3741 ll.

559 3830 638 3886 De
662 3833 764 3885 hac
798 3831 981 3897 igitur,
1002 3830 1074 3882 'ut
1096 3829 1295 3883 dictum
1320 3835 1425 3892 est,
1451 3826 1963 3895 supersubst‘autiali
2003 3841 2067 3881 ac
2095 3835 2136 3892 c

490 3922 775 3980 recondita
808 3921 1098 3975 divinitate
1132 3935 1235 3973 non
1280 3928 1362 3974 est
1390 3921 1833 3988 prtesumendum
1863 3918 2064 3984 dicere,

489 4019 585 4071 sed
617 4029 792 4085 neque
827 4015 1070 4082 cogitare
1101 4014 1402 4083 quidpiam,
1437 4023 1635 4081 praeter
1659 4026 1721 4066 ea
1761 4028 1880 4082 qua?
1910 4013 2068 4067 nobis

489 4109 757 4163 divinitus
814 4106 991 4160 sacris
1047 4114 1173 4160 sunt
1221 4105 1455 4173 eloquiis
1489 4105 1794 4169 enuntiata,
1838 4120 1961 4158 nam
2008 4113 2068 4159 ut

488 4207 606 4270 ipsa
634 4202 700 4254 de
726 4212 784 4254 se
806 4197 971 4268 285
1007 4198 1058 4252 in
1076 4198 1257 4253 sacris
1307 4198 1506 4252 litteris
1541 4198 1773 4267 benigne
1823 4195 2064 4262 tradidit,

485 4297 604 4365 ejus
637 4294 767 4364 quid
798 4294 868 4347 sit
895 4293 1123 4347 scientia
1153 4302 1208 4346 et
1250 4290 1660 4359 contemplatio,
1696 4298 1782 4344 est
1811 4290 2067 4344 omnibus

487 4386 768 4441 inaccessa
811 4384 1136 4439 substantiis
1192 4390 1450 4451 tanquam
1498 4383 1567 4436 ab
1594 4381 1847 4435 omnibus
1878 4394 2066 4448 super-

487 4478 858 4534 essentialiter
919 4486 1176 4545 excepta.
1232 4474 1429 4530 Multos
1514 4488 1732 4544 quoque
1781 4473 2067 4542 theologos

486 4571 770 4635 invenias,
807 4584 916 4623 non
966 4568 1126 4622 modo
1157 4567 1338 4626 illam.
1391 4568 1533 4635 quod
1595 4566 1768 4619 visum
1817 4574 2063 4619 nostrum

489 4672 818 4730 captumque
850 4662 1022 4731 fugiat
1048 4658 1332 4724 laudasse;
1373 4674 1560 4713 verum
1610 4658 1938 4726 etiamquod
1984 4657 2065 4710 in-

490 4752 675 4821 dagari
712 4762 948 4821 nequeat
987 4760 1043 4806 et
1092 4752 1437 4821 investigari,
1496 4749 1646 4804 nullo
1691 4750 1908 4805 scilicet
1966 4765 2064 4805 ex-

489 4848 676 4894 stante
701 4841 931 4910 vestigio
965 4840 1108 4909 quod
1160 4842 1325 4896 ducat
1354 4843 1423 4895 ad
1469 4839 1589 4909 ejus
1639 4840 2061 4896 secretissimam

490 4932 841 4987 inﬁnitatem.
895 4935 1003 4989 Sed
1051 4949 1227 5003 neque
1286 4942 1468 4988 tamen
1521 4949 1713 4987 eorum
1766 4949 1887 5002 quae
1938 4941 2065 4987 sunt

490 5025 787 5094 quidquam
836 5025 954 5095 ejus
1000 5027 1225 5081 omnino
1259 5026 1387 5080 boui
1423 5041 1616 5081 exsors
1656 5026 1899 5089 exsistit,
1933 5024 2060 5092 quia

492 5122 708 5175 radium
735 5118 884 5173 illum
910 5118 1490 5188 supersubstantialem
1519 5120 1625 5175 sibi
1650 5126 2063 5188 perseveranter

2240 3829 2375 3899 Περὶ
2409 3828 2614 3899 ταύτης
2656 3821 2770 3892 οὖν,
2797 3828 2873 3890 ὼς
2902 3826 3139 3897 εἴρηται,
3162 3825 3263 3895 τῆς
3298 3824 3629 3895 ὑπερουσίου
3659 3816 3744 3875 καὶ

2170 3921 2408 3993 κρυφίαις
2461 3920 2713 3990 θεότητος
2758 3920 2819 3971 οὐ
2876 3918 3172 3988 τολμητέον
3223 3919 3420 3980 εἰπεῖν,
3468 3916 3599 3969 οὔτε
3647 3916 3743 3985 μὴν

2170 4014 2421 4084 ἐννοῆσαί
2457 4031 2530 4077 τι,
2568 4013 2719 4085 παρά
2759 4013 2827 4065 τά
2869 4011 3161 4075 οεοειδῶς⁹
3196 4014 3324 4081 ἡμῖν
3352 4012 3417 4063 ὲκ
3443 4012 3559 4063 τῶν
3594 4008 3747 4080 ἱερῶν

2170 4108 2366 4175 λογίων
2396 4106 2817 4175 ἐκπεφασμένασ
2847 4105 2938 4157 καὶ
2972 4104 3079 4176 γὰρ
3108 4104 3183 4166 ὼς
3217 4104 3355 4173 αὐτὴ
3384 4105 3514 4174 περὶ
3554 4102 3746 4170 ἑαυτῆς

2170 4203 2227 4255 ἐν
2274 4202 2385 4262 τοῖς
2422 4199 2630 4268 ’λογίοις
2665 4196 3071 4269 ἀγαθοπρεπῶς
3125 4195 3535 4267 παραδέδωκεν,
3588 4199 3623 4267 ἡ
3660 4195 3747 4265 μὲν

2168 4296 2337 4365 αὐτῆς
2365 4295 2393 4347 ὅ
2430 4312 2483 4347 τι
2522 4293 2652 4347 ποτέ
2698 4295 2847 4347 ἐστιν
2895 4291 3172 4362 ἐπιστήμη
3216 4292 3309 4342 καὶ
3333 4289 3563 4359 θεωρία,
3594 4292 3749 4341 πᾶσιν

2169 4388 2367 4451 ἄϐατος
2394 4389 2510 4439 ἐστι
2552 4389 2663 4450 τοῖς
2714 4381 2885 4449 οὖσιν,
2914 4385 2990 4448 ὠς
3016 4385 3233 4438 πάντων
3262 4385 3614 4455 ὑπερουσξως
3642 4384 3751 4453 ἐξῃ-

2171 4480 2400 4551 ρημένη.
2431 4480 2540 4533 Καὶ
2590 4478 2816 4542 πολλοὺς
2842 4477 2951 4530 τῶν
2976 4476 3239 4545 θεολόγων
3283 4478 3543 4548 εὑρήσεις
3572 4478 3632 4531 οὐ
3663 4476 3749 4547 μό-

2167 4590 2256 4627 νον
2291 4574 2366 4637 ὼς
2394 4573 2621 4643 ἀόρατον
2650 4572 2818 4643 αὐτὴν
2862 4571 2954 4622 καὶ
2993 4570 3367 4643 ἀπερίληπτον
3413 4570 3749 4641 ὑμνηκότας.

2166 4662 2302 4717 ἀλλά
2326 4663 2419 4715 καὶ
2445 4661 2862 4733 ἀνεξερεύνητον
2914 4662 3031 4731 ἅμα
3074 4662 3169 4713 καὶ
3214 4659 3653 4730 ἀνεξιχνίαστον,
3683 4664 3750 4723 ὡς

2165 4755 2267 4808 οὐκ
2290 4755 2440 4819 ὄντος
2470 4753 2649 4825 ἴχνους
2673 4753 2907 4817 οὐδενὸς,
2936 4752 3044 4806 τῶν
3072 4754 3165 4806 ἐπὶ
3187 4752 3284 4824 τὴν
3313 4756 3564 4825 κρυφίαν
3588 4755 3749 4824 αὐτῆς

2166 4846 2420 4917 ἀπειρίαν
2466 4844 2873 4916 διεληλυθότων.
2925 4843 2998 4895 οὐ
3052 4843 3158 4914 μὴν
3223 4843 3595 4914 ἀκοινώνητόν
3642 4848 3750 4897 ἐστι

2165 4935 2391 4990 καθόλου
2438 4934 2675 5004 τάγαθὸν
2707 4936 2883 4988 οὐδενὶ
2930 4934 3038 4987 τῶν
3081 4934 3270 4997 ὄντων,
3297 4934 3413 4987 ἀλλ’
3440 4937 3535 5005 ἐφ’
3560 4935 3749 4989 ἑαυτοῦ

2167 5028 2409 5099 μονίμως
2446 5028 2545 5097 τὴν
2572 5027 2895 5098 ὑπερούσιον
2952 5024 3174 5096 ίδρῦσαν
3223 5026 3416 5079 ἀκτῖνα
3462 5031 3593 5091 ταῖς
3631 5030 3752 5081 ἑκά-

2168 5134 2293 5169 στου
2318 5116 2427 5170 τῶν
2451 5116 2619 5170 ὄντων
2647 5116 2930 5183 ἀναλόγοις
2958 5115 3288 5185 ὲλλάμψεσιν
3343 5113 3753 5188 ἀγαθοπρεπῶς

494 5215 717 5269 insitum
745 5212 974 5267 cuilibet
1008 5213 1087 5265 rei
1119 5213 1373 5282 congruis
1424 5212 1913 5267 illuminationibus
1952 5210 2062 5265 cle-

2177 5207 2531 5276 ὲπιφαίνεται,
2563 5208 2656 5259 καὶ
2702 5207 2839 5277 πρὸς
2876 5208 2980 5277 τὴν
3029 5207 3255 5277 ὲφικτὴν
3292 5205 3461 5258 αὑτοῦ
3517 5207 3752 5277 θεωρίαν

494 5314 709 5357 menter
738 5311 1081 5372 attemperat,
1111 5315 1323 5356 necnon
1342 5301 1408 5356 ad
1436 5314 1695 5371 quantam
1722 5301 1806 5356 fas
1828 5309 1910 5355 est
1932 5315 2060 5354 con-

495 5396 900 5465 templationem
956 5410 1020 5447 ac
1063 5394 1501 5452 couuuuuionem
1534 5394 2059 5461 similitudinemque

2170 5301 2264 5353 καὶ
2321 5299 2602 5359 κοινωνίαν
2647 5299 2743 5352 καὶ
2793 5299 3053 5370 ὁμοίωσιν
3088 5300 3359 5352 ἀνατείνει
3397 5300 3529 5364 τοὺς
3573 5299 3751 5369 ἱεροὺς

2165 5394 2311 5458 νόας,
2333 5395 2459 5458 τοὺς
2480 5395 2555 5459 ὡς
2582 5394 2801 5465 θεμιτὸν
2829 5393 2979 5465 αὑτῷ
3017 5396 3110 5448 καὶ
3152 5393 3498 5465 ἱεροπρεπῶς
3526 5392 3754 5446 ἐπιϐάλ-

1774 5574 2009 5629 νΑιιιΑι
2051 5532 2455 5635 LECTlO-NES.

524 5704 548 5740 “
587 5712 988 5782 γρ.”ἀγνωσίας.
1048 5713 1068 5743 ³
1096 5704 1288 5782 λόγων,
1314 5712 1411 5765 Cb.
1477 5712 1501 5742 δ
1526 5711 1663 5781 πρὸς
1686 5710 1884 5782 δετὰς,
1913 5709 1975 5762 D.
1997 5780 2006 5782 _
2036 5709 2057 5740 ⁸
2082 5710 2479 5782 ἀνακόπτεται,
2510 5709 2578 5763 Μ.
2606 5709 2643 5764 S
2669 5781 2672 5782 ν
2726 5712 2747 5741 ⁸
2770 5711 3011 5780 ἀπειρία,
3039 5711 3106 5764 M.
3129 5712 3186 5765 S.
3208 5709 3453 5782 ἀοριστία
3470 5711 3575 5782 καὶ
3590 5710 3749 5782 ἀπει-

500 5790 610 5846 ρίαν
643 5780 696 5834 Ρ-
779 5784 796 5813 ⁷
821 5784 975 5851 αὐτὸ,
1004 5783 1061 5839 S.
1086 5784 1147 5839 P.
1170 5779 1228 5839 et
1254 5799 1376 5839 mox
1407 5782 1533 5854 περὶ
1562 5779 1772 5835 ἑαυτοῦ.

1853 5782 1873 5813 ⁸
1897 5780 2164 5851 αἰσθητῶς
2189 5781 2541 5851 ἀποφήσοιτο,
2571 5781 2624 5838 S.
2654 5781 3089 5854 ἀποφοιτήσοιτο,
3119 5782 3179 5837 Ρ.

3279 5784 3300 5815 ⁰
3332 5780 3639 5849 θειοειδῶς,
3689 5781 3750 5836 D.
