3876 6226
234 338 349 397 889

1305 337 1394 392 DE
1429 336 1686 393 DlVlNlS
1716 334 2117 402 NOMINIBUS,
2151 334 2304 391 CAP.
2344 336 2387 392 l.

3383 338 3489 392 590

233 457 453 519 λον-σας,
482 455 574 509 xui
601 457 739 529 μήτε
767 457 904 537 πρὸς
928 457 990 511 τὸ
1014 457 1316 529 ὑπέρτερον
1355 456 1457 528 τῆς
1482 455 1816 528 ἐναρμονίως

1927 465 2145 509 sanctas
2176 464 2385 509 mentes
2411 452 2613 520 evehit,
2641 468 2761 522 quae
2783 455 2850 509 ad
2890 454 3089 526 ipsum,
3134 455 3310 524 quoad
3363 472 3492 526 p05-

234 552 582 625 ἐνδιδομένης
647 553 984 623 Θεοφανείας,
1052 553 1328 615 ἀδυνάτως
1386 548 1818 621 ἀπαυθαδιςομέο

233 662 367 709 νους
400 646 463 709 ίθ,
497 646 631 716 μήτε
660 644 797 717 πρὸς
822 645 882 698 τὸ
914 646 1178 708 κάταντες
1204 645 1268 696 ὲκ
1291 643 1390 713 τῆς
1424 644 1516 696 ἐπὶ
1548 642 1610 695 τὸ
1634 644 1816 713 χεῖρον

234 735 489 802 ὐφέσεως
549 736 1053 799 ἀπολισθαίνοντας,
1106 735 1221 789 ἀλλ’
1270 734 1550 798 εὐσταθῶς
1606 751 1667 787 τε
1722 735 1819 786 xui

232 826 473 890 ἀκλινῶς
512 828 603 880 ἐπὶ
648 826 749 899 τὴν
789 828 983 880 ἀκτῖνα
1023 825 1120 898 τὴν
1163 827 1345 890 αὐτοῖς
1404 826 1817 898 ὲπιλάμπουσαν

233 918 709 989 ἀνατεινομένους,
752 920 844 972 xui
889 918 967 989 τῷ
1003 918 1302 990 συμμέτρῳ
1327 917 1435 971 τῶν
1470 917 1701 989 θεμιτῶν
1728 917 1815 969 ελ-

231 1009 501 1080 λάμψεων
532 1011 695 1083 ἔρωτι
727 1015 843 1083 μετ’
871 1012 1155 1075 εὐλαϐείας
1206 1013 1377 1083 ἱερᾶς,
1424 1010 1716 1080 σωφρόνως
1757 1027 1817 1062 τε

232 1101 337 1153 xui.
364 1101 526 1165 ὁσίως
551 1103 1077 1174 ἁναπτερουμένους.

1927 554 2075 609 sunt,
2109 545 2482 609 connituntur,
2521 545 2813 599 dummodo
2837 560 2944 599 non
2981 545 3293 611 sublimius,
3325 564 3488 617 quam

1928 651 2030 707 pro
2057 650 2244 690 eorum
2292 644 2449 703 captu
2479 633 2661 687 divina
2707 635 2814 690 fert
2861 634 3169 700 illustratio,
3196 636 3494 692 insolenter

1929 725 2135 796 aliquid
2161 731 2519 794 praesumant,
2558 738 2661 778 nec
2706 722 2759 777 in
2809 739 3049 794 praeceps
3082 740 3335 795 perversa
3366 742 3493 797 pro-

1929 817 2193 888 pensione
2215 815 2490 882 labantur,
2512 824 2568 868 at
2595 824 2915 869 constanter
2940 823 2996 870 et
3024 815 3292 870 irreﬂexis
3320 819 3494 874 oculis

1930 909 2171 964 illucenti
2199 908 2350 963 radio
2375 908 2731 974 obtueantur,
2772 922 2871 961 nec
2906 923 3011 962 non
3049 923 3237 963 amore
3266 910 3491 966 indultis

1929 998 2034 1051 sibi
2091 996 2595 1052 collustrationibus
2636 1010 2974 1060 commenso,
3010 1013 3131 1052 cum
3163 1015 3319 1054 sacra
3355 1016 3493 1069 qua-

1928 1090 2051 1144 dam
2113 1088 2423 1145 reverentia
2460 1089 2704 1143 modeste
2757 1100 3060 1159 sancteque
3108 1107 3324 1146 sursum
3369 1108 3497 1147 evo-

1927 1182 2061 1237 lettt.

1818 1345 1988 1420 μη.

305 1528 534 1592 Τούτοις
558 1523 814 1600 ἑπόμενοι
837 1527 948 1594 τοῖς
974 1526 1283 1597 θεαρχικοῖς
1308 1526 1514 1596 ζυγοῖς,
1540 1526 1589 1579 οἲ
1608 1527 1699 1580 xui
1720 1523 1821 1589 τὰς

228 1620 365 1684 ὅλας
384 1620 778 1691 διακυϐερνῶσι
811 1618 920 1673 τῶν
949 1612 1350 1690 ὖπερουρανίων
1370 1618 1634 1684 τάξεων¹¹
1662 1618 1823 1686 ἁγίας

226 1710 645 1782 διακοσμήσεις,
675 1711 737 1764 τὸ
766 1710 864 1782 μὲν
892 1710 1033 1781 ὑπὲρ
1052 1709 1175 1763 νοῦν
1196 1713 1288 1765 xui
1308 1711 1515 1775 οὐσίαν,
1535 1712 1633 1782 τῆς
1661 1712 1821 1782 Θεαρ-

2001 1529 2106 1585 Eas
2131 1544 2260 1599 ergo
2295 1527 2505 1584 divinas
2540 1527 2747 1595 lances,
2771 1541 2891 1600 quae
2918 1540 3138 1587 sanctas
3169 1548 3362 1588 omnes
3403 1548 3496 1590 or-

1928 1621 2114 1675 dinum
2141 1621 2442 1677 (celestium
2468 1614 2847 1677 distinctiones
2872 1624 3244 1690 moderantur,
3276 1626 3499 1680 imitan-

1931 1724 2035 1781 tes,
2092 1730 2319 1770 summa:
2373 1707 2595 1784 quidem
2660 1715 2966 1771 divinitatis
3014 1733 3278 1772 arcanum
3341 1719 3496 1786 illud,

227 1803 361 1872 χίας
391 1778 621 1874 κρύ-φιον
662 1778 1103 1877 ἀνεξερευνήτοις
1143 1807 1237 1861 xui
1276 1805 1449 1877 ἱεραῖς
1499 1778 1617 1867 νοὸς
1663 1778 1816 1855 εὐλα-

1923 1807 2068 1879 quod
2109 1822 2326 1861 omnem
2360 1806 2773 1876 intelligentiam
2829 1808 3305 1880 substantiamque
3339 1820 3497 1867 tran-

227 1894 434 1958 δείαις,
458 1894 526 1947 τὰ
550 1895 605 1948 δὲ
628 1897 842 1968 ἄρρητα
874 1896 1110 1968 σώφρονι
1143 1896 1266 1968 σιγῇ
1295 1895 1582 1967 τιμῶντες,
1609 1895 1701 1947 ἐπὶ
1718 1892 1817 1955 τὰς

225 1984 619 2056 ὲλλαμπούσας
646 1987 779 2057 ἡμῖν
820 1987 879 2039 ὲν
917 1988 1030 2050 τοῖς
1060 1988 1225 2058 ἱεροῖς
1262 1984 1463 2055 λογίοις
1489 1983 1661 2053 αὐγὰς
1688 1984 1819 2037 ἀνα-

222 2074 541 2148 τεινόμεϐα,
590 2078 685 2131 xui
745 2072 882 2149 πρὸς
928 2078 1106 2132 αὐτῶν
1156 2076 1634 2148 ᾳωταγωγούμεθα
1682 2077 1819 2151 πρὸς

224 2170 360 2233 τοὺς
384 2170 708 2241 θεαρχικούς
728 2170 951 2241 ὕμνους,
980 2163 1070 2223 ὐπ’
1092 2169 1270 2222 αὐτῶν
1293 2164 1678 2240 ὐπερκοσμίως
1702 2187 1817 2238 φω-

226 2261 530 2333 τιζόμενοι,
558 2263 653 2314 xui
703 2256 839 2334 πρὸς
880 2262 979 2325 τὰς
1008 2261 1158 2332 ἱερὰς
1185 2256 1506 2332 ὐμνολογίας
1538 2260 1816 2331 τυπούμε-

228 2372 336 2417 νοι,
367 2354 505 2425 πρὸς
530 2352 591 2407 τὸ
616 2354 711 2407 xui
728 2355 860 2427 ὁρᾷν
878 2356 919 2386 ¹²
948 2353 1017 2407 τά
1042 2354 1371 2429 συμμέτρως
1394 2352 1523 2424 ἡμῖν
1551 2353 1617 2406 δι’
1640 2355 1818 2408 αὐτῶν

216 2440 559 2517 ηδωρούμενα
588 2443 857 2517 θεαρχικά
882 2445 1056 2515 φῶτα,
1092 2445 1187 2499 xui
1238 2447 1337 2518 τὴν
1379 2445 1694 2513 ἀγαθοδὸτιν
1721 2448 1820 2518 ἀρ-

227 2542 336 2611 χὴν
363 2538 582 2609 ἀπάσης
615 2540 767 2611 ίερᾶς
794 2540 1166 2608 φωτοφανείας
1199 2538 1405 2609 ὐμνεῖν,
1433 2534 1508 2603 ὼς
1530 2534 1666 2612 αὐτὴ
1691 2541 1819 2612 περὶ

227 2631 436 2701 ἑαυτῆς
456 2628 498 2662 ⁸³
528 2632 584 2683 ὲν
606 2633 716 2693 τοῖς
744 2631 907 2701 ἱεροῖς
932 2630 1130 2699 λογίοις
1155 2622 1552 2701 παραδέδωκεν.
1577 2625 1721 2694 Οῗον,
1739 2632 1820 2685 ὅτι

228 2722 455 2775 πάντων
470 2723 618 2775 ἐστὶν
641 2722 808 2786 αἰτία,
828 2722 919 2775 xui
934 2721 1095 2794 ἀρχὴ,
1118 2716 1210 2775 xui.
1229 2722 1405 2787 οὐσία,
1434 2724 1527 2776 xui
1552 2722 1662 2795 ζωή
1684 2741 1697 2754 ·
1726 2724 1821 2777 xui

228 2814 345 2867 τῶν
374 2815 474 2885 μὲν
500 2815 915 2869 ἀποπιπτόντων
957 2815 1128 2885 αὐτῆς
1175 2812 1472 2886 άνάκλησίς
1495 2834 1555 2869 τε
1581 2812 1673 2869 xui.
1696 2816 1822 2871 ἀνά·

235 2924 432 2970 στασις
451 2946 465 2969 ,
494 2907 601 2959 τῶν
628 2906 683 2958 δὲ
712 2907 846 2979 πρὸς
868 2905 930 2959 τὸ
954 2906 1047 2959 τοῦ
1078 2904 1343 2972 θεοειδοῦς
1372 2903 1820 2980 παραφθαρτικὸν

228 2999 786 3070 ἀπολισθησάντων¹⁸
832 2999 1222 3071 ἀνακαινισμδς
1268 3000 1362 3055 xui
1407 3000 1817 3074 ἀναμὸρφωσις,

229 3088 347 3140 τῶν
390 3087 447 3141 δὲ
492 3089 636 3143 κατά
669 3106 791 3142 τινα
839 3089 997 3142 σάλον
1052 3090 1267 3161 ἀνίερον
1330 3090 1816 3163 παρακινουμένων
1844 3126 1888 3184 C

228 3182 446 3254 ἵδρυσις
470 3178 615 3253 ἱερὰ,
645 3181 741 3234 xui
780 3181 888 3235 τῶν
914 3183 1222 3254 ἑστηκότων
1259 3182 1545 3254 ἀσφάλεια,
1575 3182 1669 3238 xui
1707 3184 1817 3239 τῶν

225 3276 320 3329 ἐπ’
337 3275 506 3346 αὐτὴν
526 3274 874 3344 ἀναγομένων
898 3277 1196 3350 ἀνατατικὴ
1215 3276 1570 3349 χειραγωγία,
1598 3277 1692 3333 xui
1708 3280 1817 3333 τῶν

226 3367 622 3438 φωτιζομένων
653 3369 933 3440 ἐλλαμψις,
960 3369 1054 3423 xui
1087 3369 1197 3424 τῶν
1242 3370 1579 3441 τελουμένων
1608 3370 1649 3403 ¹⁵
1676 3372 1819 3425 τελε-

224 3459 454 3532 ταρχία,
482 3461 577 3513 xui
600 3461 710 3515 τῶν
738 3460 858 3514 Θεου
867 3462 1044 3532 μένων
1076 3459 1322 3533 θεαρχία,
1352 3464 1445 3516 xui
1482 3462 1589 3516 τῶν
1616 3464 1819 3518 ἁπλου-

230 3549 415 3619 μὲνων
464 3548 726 3620 ἁπλότης,
772 3551 866 3603 xui
898 3549 1008 3603 τῶν
1050 3547 1378 3621 ἑνιζομὲνων
1425 3551 1613 3622 ἑνότης
1639 3552 1816 3624 ἀρχῆς

224 3641 453 3711 ἀπάσης
479 3641 818 3712 ὐπερουσίως
841 3643 1173 3715 ὐπεράρχιος
1196 3644 1240 3674 ¹⁸
1260 3642 1421 3714 ἀρχὴ,
1440 3644 1533 3697 xui
1558 3643 1652 3696 τοῦ
1681 3662 1814 3714 κρυ-

226 3732 359 3802 φίου
400 3732 543 3786 κατά
591 3733 659 3786 τὸ
704 3734 923 3805 θεμιτὸν
949 3734 1128 3806 ἀγαθὴ
1169 3734 1467 3805 μεταδὸτις,
1500 3736 1592 3790 καὶ
1632 3736 1819 3801 ἁπλῶς

224 3825 428 3890 εἰπεῖν,
444 3828 478 3897 ἡ
494 3825 604 3879 τῶν
624 3825 841 3891 ζώντων
863 3828 994 3900 ζωὴ,
1014 3828 1105 3882 xui
1132 3829 1239 3882 τῶν
1257 3830 1424 3883 ὄντων
1446 3831 1619 3897 οὐσία,
1640 3832 1819 3903 πάσης

226 3915 378 3987 ζωῆς
403 3915 500 3969 xui
525 3917 713 3981 οὐσίας
736 3919 879 3990 ἁρχὴ
907 3920 1001 3972 xui
1025 3921 1194 3985 αἰτία,
1231 3920 1320 3974 διὰ
1342 3921 1440 3992 τὴν
1462 3922 1631 3992 αὐτῆς
1654 3923 1732 3985 είς
1757 3920 1819 3973 τὸ

226 4001 371 4059 εἶναι
431 4006 501 4060 τὰ
547 4006 679 4061 ὄντα
725 4010 1070 4081 παρακτικὴν
1126 4010 1169 4041 ¹⁷
1218 4009 1313 4062 xui
1348 4010 1634 4082 συνοχικὴν
1677 4011 1817 4080 ἀγα-

228 4096 460 4171 θότητα.

1922 1897 2159 1961 scendit,
2189 1912 2216 1949 a
2244 1897 2584 1949 scrutatione
2616 1898 2825 1961 vacuis,
2857 1898 3145 1969 sacrisque
3173 1903 3372 1957 mentis
3405 1918 3497 1958 νος

1921 1990 2324 2054 nerationibus,
2351 1988 2647 2044 ineffabilia
2693 2006 2825 2045 vero
2875 1992 3122 2046 modesto
3154 1996 3391 2064 quodam
3422 1998 3499 2052 si-

1921 2082 2095 2138 lentio
2118 2093 2531 2151 prosequentes,
2562 2082 2883 2152 fulgoribus,
2926 2083 3016 2152 qui
3053 2084 3209 2140 nobis
3239 2100 3269 2140 e
3295 2091 3499 2145 sanctis

1920 2174 2151 2243 eloquiis
2224 2172 2499 2244 aﬂulgent,
2571 2174 2946 2239 attendamus,
3010 2190 3240 2245 quorum
3300 2179 3498 2235 deinde

1921 2267 2038 2321 luce
2071 2266 2136 2320 ad
2165 2266 2375 2321 divinos
2411 2267 2640 2336 hymnos
2684 2268 3009 2333 excitemur,
3055 2270 3254 2338 quibus
3301 2286 3498 2342 super-

1922 2360 2275 2416 mundialiter
2323 2360 2712 2423 illuminamur,
2756 2362 3041 2433 sacrisque
3076 2363 3299 2419 laudum
3323 2367 3500 2421 canti-

1921 2453 2001 2508 cis
2029 2452 2332 2508 l'ormamur
2363 2454 2430 2506 ad
2463 2453 2645 2507 divina
2681 2450 2910 2519 lumina,
2944 2470 3066 2525 quae
3099 2455 3154 2509 in
3192 2457 3258 2511 iis
3286 2458 3352 2512 ad
3405 2474 3500 2512 cu-

1925 2552 2075 2615 ptum
2100 2557 2345 2601 nostrum
2367 2545 2765 2611 conceduntur,
2803 2550 3135 2616 contuenda,
3163 2549 3496 2606 beneﬁcum-

1920 2650 2027 2706 que
2052 2633 2382 2707 principium
2435 2636 2615 2690 omnis
2675 2633 3080 2704 illustrationis,
3112 2649 3273 2709 prout
3319 2642 3498 2709 ipsum

1920 2728 1987 2783 de
2017 2743 2075 2782 se
2118 2728 2170 2781 in
2196 2727 2425 2796 eloquiis
2471 2728 2741 2797 expressit
2779 2725 3222 2788 collaudandum.
3250 2730 3321 2787 Ut
3351 2736 3497 2803 quod

1921 2818 2161 2875 omnium
2194 2818 2268 2872 sit
2291 2832 2455 2872 causa
2483 2827 2537 2872 et
2563 2818 2738 2888 origo,
2776 2820 3123 2891 essentiaque
3175 2839 3239 2879 ac
3287 2827 3418 2892 vita,
3442 2834 3500 2881 et

1922 2925 1950 2963 a
1980 2924 2038 2963 se
2061 2909 2392 2977 dilapsorum
2442 2909 2723 2963 revocatio
2760 2924 2827 2963 ac
2852 2913 3206 2979 resurrectio,
3245 2914 3491 2970 divinam

1922 3019 2052 3059 vero
2078 3004 2135 3057 in
2171 3003 2481 3074 semetipsis
2509 3003 2807 3073 imaginem
2839 3002 3274 3062 oblitterantium
3334 3026 3497 3065 reno-

1920 3097 2071 3151 vatio
2102 3112 2167 3153 ac
2201 3096 2542 3160 reformatio,
2572 3112 2672 3151 nec
2698 3113 2800 3151 non
2836 3098 3051 3168 impuro
3100 3110 3247 3155 motu
3295 3114 3496 3159 nutan-

1928 3189 2061 3243 tium
2097 3187 2523 3255 tirmamentum,
2579 3204 2642 3243 ac
2690 3190 2951 3244 stantium
3012 3195 3305 3261 securitas;
3338 3198 3405 3251 ad
3435 3214 3497 3254 se

1927 3282 2267 3337 tendentium
2298 3283 2668 3347 manuduclio,
2699 3281 3128 3339 illuminatorum
3180 3286 3493 3354 illustratio,

1924 3372 2294 3444 perfectorum
2345 3373 2681 3443 principium
2730 3375 3057 3442 perliciens,
3114 3376 3495 3436 deilicatorum

1924 3482 2144 3520 Sutnma
2172 3464 2458 3530 divinitas,
2486 3465 2958 3535 simplilicatorum
2994 3468 3340 3538 simplicitas,
3370 3475 3496 3528 uni-

1924 3566 2101 3610 torum
2146 3555 2348 3619 unitas,
2416 3555 2596 3608 omnis
2645 3555 2902 3624 principii
2962 3559 3495 3624 superessentialiter

1921 3644 2357 3715 supcroriginale
2388 3645 2745 3714 principium,
2783 3654 2947 3714 atque
2977 3646 3145 3702 abditi
3208 3649 3355 3706 illius
3405 3667 3493 3706 se.

1920 3737 2081 3801 creti,
2115 3737 2295 3806 quoad
2352 3737 2433 3790 fas
2479 3745 2585 3799 est,
2647 3738 2893 3792 beuelica
2954 3742 3399 3807 communicatio,
3436 3753 3495 3797 et

1919 3829 2247 3898 simpliciter
2274 3828 2441 3899 286
2462 3829 2720 3893 dicendo,
2744 3828 2855 3883 vita
2894 3831 3219 3897 viventium,
3246 3834 3488 3888 essentia

1920 3918 2150 3981 entium,
2176 3920 2495 3973 omnisvitre
2524 3926 2577 3973 et
2612 3920 2865 3974 essentia:
2888 3920 3213 3990 principium
3238 3938 3303 3978 ac
3323 3939 3490 3977 causa

1907 4018 2142 4079 propter
2172 4025 2324 4062 suam
2360 4008 2686 4073 bonitatem,
2719 4024 2827 4078 qua
2862 4019 2920 4065 et
2958 4008 3212 4067 universa
3241 4013 3490 4082 producit

1921 4111 1979 4156 ut
2000 4102 2129 4168 sint,
2161 4108 2217 4157 et
2249 4101 2491 4156 continet
2517 4117 2583 4156 ne
2607 4112 2853 4172 pereant.

1783 4260 1811 4333 θ
1872 4258 1978 4318 IV.

302 4419 487 4475 Ταῦτα
514 4418 649 4491 πρὸς
674 4419 783 4474 τῶν
806 4420 965 4474 θείων
987 4421 1185 4491 λογίων
1213 4420 1559 4493 μεμνήμεθα,
1587 4421 1681 4475 xui.
1708 4423 1812 4474 πᾶ-

1988 4421 2115 4479 Hac
2146 4437 2211 4478 ex
2248 4423 2549 4493 Scripturis
2590 4424 2792 4479 divinis
2840 4422 3160 4489 didicimus;
3194 4430 3269 4489 et,
3318 4433 3377 4478 ut
3406 4423 3479 4479 ita

226 4531 352 4577 σαν,
381 4513 459 4576 ὡς
486 4515 684 4579 εἰπεῖν,
711 4512 811 4583 τὴν
857 4512 1009 4584 ἱερὰν
1048 4513 1157 4568 τῶν
1198 4514 1462 4582 θεολόγων
1486 4514 1810 4584 ὐμνολογίαν

224 4607 489 4678 εὑρήσεις
530 4603 681 4676 πρὸς
705 4603 806 4668 τὰς
843 4604 1219 4677 ἀγαθουργοὺς
1242 4607 1340 4677 τῆς
1368 4606 1625 4678 θεαρχίας
1652 4606 1813 4677 προό-

225 4696 373 4760 δους,
418 4696 825 4764 ὲκφαντορικῶς
861 4698 955 4750 xui
995 4697 1309 4769 ὐμνητικῶς
1350 4696 1450 4761 τὰς
1498 4698 1809 4769 θεωνυμίας

225 4788 781 4853 διασχευάζουσανη.
814 4788 976 4843 Ὅθεν
1016 4792 1074 4843 ὲν
1122 4791 1272 4863 πάσῃ
1309 4791 1495 4861 σχεδὸν
1535 4794 1602 4861 τῇ
1632 4790 1813 4843 θεολο-

226 4885 363 4953 γικῇ
391 4882 747 4953 πραγματείᾳ
768 4881 868 4952 τὴν
894 4882 1151 4953 θεαρχίαν
1178 4883 1393 4954 ὁρῶμεν
1421 4883 1583 4955 ἱερῶς
1608 4885 1809 4955 ὑμνου-

229 4975 427 5046 μένην,
452 4973 529 5037 ὡς
556 4974 762 5044 μονάδα
790 4974 887 5045 μὲν
911 4975 1004 5028 xui
1046 4974 1228 5041 ὲνάδα,
1268 4974 1358 5029 διὰ
1391 4975 1493 5047 τὴν
1531 4976 1810 5049 ἁπλότητα

226 5068 326 5122 καὶ
363 5066 595 5138 ἑνότητα
632 5066 733 5137 τῆς
770 5067 1081 5138 ὑπερφυοῦς
1124 5067 1376 5139 ἀμερίας,
1405 5068 1464 5131 ἐξ
1487 5063 1574 5140 ἧς,
1604 5070 1678 5133 ὡς
1705 5072 1813 5124 evo-

226 5159 389 5216 ποιοῦ
414 5159 717 5231 δυνάμεως,
744 5156 1051 5230 ὲνιζόμεθα,
1078 5160 1173 5212 xui
1209 5159 1318 5212 τῶν
1357 5161 1626 5231 μεριστῶν
1650 5162 1808 5232 ἡμῶν

228 5254 568 5324 ἑτεροτήτων
599 5252 981 5323 ὐπερκοσμίως
1007 5253 1521 5322 συμπτυσσομένων,
1539 5254 1618 5317 εἰς
1644 5254 1811 5307 θεοει-

229 5344 299 5416 δῆ
327 5343 533 5415 μονάδα
572 5344 938 5417 συναγόμεθα,
978 5344 1070 5398 xui
1107 5344 1436 5416 θεομίμητον
1480 5344 1702 5399 ἕνωσιν·
1732 5347 1808 5410 ὠς

1913 4515 2115 4581 dicam,
2144 4530 2360 4571 omnem
2390 4516 2505 4570 fere
2522 4530 2737 4571 sacram
2764 4514 3102 4583 Scripturam
3132 4516 3390 4583 reperies,
3415 4517 3482 4570 ad

1914 4611 2301 4667 declarandum
2353 4612 2513 4666 nobis
2545 4611 2736 4675 Deum,
2765 4619 2820 4664 et
2867 4610 2934 4663 ad
2976 4608 3305 4664 laudandum
3330 4624 3479 4675 eum,

1913 4704 2095 4759 divina
2127 4704 2347 4759 nomina
2378 4704 2617 4758 formare
2642 4703 2937 4757 secundum
2964 4702 3163 4757 divinas
3212 4702 3479 4758 bonitatis

1913 4798 2308 4852 emanationes.
2347 4795 2485 4851 Hinc
2530 4795 2584 4849 in
2619 4796 2767 4851 omni
2798 4793 2970 4849 ferme
3025 4791 3332 4863 theologica
3376 4804 3482 4849 tra-

1914 4888 2154 4943 ctatione
2181 4887 2523 4941 divinitatem
2550 4888 2722 4956 ipsam
2756 4897 2944 4942 sancte
2973 4887 3338 4951 collaudatam
3362 4901 3478 4941 cer-

1918 4981 2118 5047 nimus,
2151 4989 2211 5034 ut
2254 4979 2540 5034 monadem
2584 4980 2803 5048 quidem
2839 4993 2905 5033 ac
2945 4979 3208 5033 unitatem
3259 4987 3480 5049 propter

1915 5070 2349 5141 supernaturalis
2380 5070 2645 5125 individui
2678 5071 2761 5125 sui
2798 5070 3223 5139 simplicitatem,
3249 5085 3314 5124 ex
3344 5085 3473 5139 qua,

1914 5178 2012 5218 ceu
2056 5162 2252 5217 unillca
2283 5162 2505 5227 virtute,
2552 5162 2681 5231 quid
2723 5178 2889 5216 unum
2934 5162 3277 5223 exsistimus,
3312 5170 3477 5229 atque

1914 5253 2148 5308 dividuis
2183 5255 2387 5308 nostris
2418 5252 2827 5307 diversitatibus
2880 5250 3323 5321 superinundaue
3379 5263 3475 5303 co-

1914 5346 2261 5414 agmentatis,
2288 5345 2354 5398 ad
2392 5342 2680 5399 monadem
2706 5342 2997 5411 quamdam
3029 5338 3368 5403 deit'ormem,
3409 5353 3475 5395 ac

1504 5518 1737 5599 vatum
1773 5516 2176 5577 LECTIONES.

308 5669 349 5701 '°
373 5660 744 5727 ἀπαυθαδιαζο
791 5664 959 5727 ένους,
980 5662 1036 5718 Ρ.
1058 5661 1118 5717 D.
1154 5661 1254 5715 Ch.
1334 5662 1373 5693 ¹¹
1404 5661 1759 5730 ἐπουρανίων,
1791 5660 1846 5714 Ρ.
1872 5657 2133 5729 οὐρανίων
2157 5659 2363 5726 τάξεων
2396 5660 2489 5713 xui.
2515 5658 2728 5722 οὐσιῶν,
2761 5658 2819 5712 D.
2847 5655 3109 5728 οὐρανίων
3155 5656 3368 5719 οὐσιῶν,
3401 5657 3484 5715 Μ..

308 5738 439 5789 πρὸς
460 5736 559 5789 τῶ.
588 5735 644 5789 Ρ.
674 5680 894 5789 κσίιηοη
932 5738 1092 5789 habet
1123 5735 1222 5787 Ch.
1327 5734 1369 5763 ’³
1397 5735 1523 5789 περὶ
1545 5732 1732 5789 αὐτῆς,
1767 5733 1821 5784 Ρ.
1931 5733 1973 5761 ¹³
1998 5731 2509 5789 παρολισθησάντων
2533 5770 2547 5789 ,
2580 5730 2636 5783 S.
2674 5730 2735 5783 P.
2836 5727 2881 5758 ¹³
2908 5726 3272 5789 ὲνθεουμένων
3299 5766 3310 5789 ε
3365 5729 3470 5783 (Jb.

792 5753 894 5789 non
932 5738 1092 5789 habet
1123 5735 1222 5787 Ch.
1327 5734 1369 5763 ’³
1397 5735 1523 5804 περὶ
1545 5732 1732 5801 αὐτῆς,
1767 5733 1821 5804 Ρ.

236 5740 281 5810 ξ’
301 5738 439 5810 προς
460 5736 559 5807 τῷ,
588 5735 644 5790 Ρ.
670 5752 739 5810 _x_a

1931 5726 1973 5761 ίλ
1998 5731 2509 5801 παρολισθησάντων
2533 5770 2547 5795 ,
2580 5730 2636 5783 S.
2674 5730 2735 5783 P.
2836 5727 2881 5758 ¹³
2908 5726 3272 5794 ἐνθεουμένων
3299 5766 3310 5793 ε
3365 5729 3470 5783 (Jb.

235 5809 282 5842 "
307 5801 638 5886 ῥᾶτέραρχος,
666 5805 732 5884 Μἶ
768 5808 853 5883 __"
878 5823 967 5877 γρ.
998 5806 1351 5877 παρεκτικήν.
1402 5801 2027 5889 ᾖδ’κατασκευάζουσαν,
2071 5803 2149 5858 ω.
2176 5865 2190 5875 ⁸
