3876 6226
378 329 474 388 891

1527 325 1587 387 S.
1624 326 1931 383 DIONYSII
1969 326 2437 385 AREOPAGITIE

3534 329 3649 386 επ.

379 447 551 502 Deum
606 445 915 501 imitantem
969 443 1226 499 unionem
1276 442 1618 513 redigimur:
1656 453 1715 497 ut
1780 443 1963 498 Trini-

2080 444 2273 515 Γ-ριάδα
2312 445 2388 508 δὲ,
2415 442 2507 497 διὰ
2564 443 2663 515 τὴν
2722 442 3150 515 τρισυπόστατον
3183 442 3285 513 τῆς
3324 441 3639 513 ὑπερουσίου

378 548 548 595 tatem
595 554 751 605 vero,
789 545 1018 609 propter
1064 536 1543 608 superesseutialis
1595 536 1962 591 fecunditatis

381 633 437 689 in
476 631 655 689 tribus
687 631 943 705 personis
985 630 1508 695 manifestationem,
1538 644 1607 685 ex
1637 644 1743 698 qua
1782 638 1963 699 pater-

381 729 530 784 nltas
557 727 739 784 omnis
770 727 823 781 in
848 724 987 781 coelo
1016 732 1071 780 et
1098 724 1151 779 iu
1179 733 1325 779 terra
1351 733 1457 789 est,
1502 735 1557 779 et
1607 724 1919 777 nominatur
1946 736 1959 773 :

384 830 446 875 ut
478 834 661 875 rerum
695 833 825 873 vero
850 831 1097 881 causam,
1125 814 1273 886 quod
1321 815 1505 869 omnia
1535 828 1633 883 per
1659 814 1963 869 bonitatem

383 910 525 980 ejus,
556 924 738 965 rerum
797 906 1157 969 eﬂectricem,
1189 906 1300 962 sint
1331 906 1624 976 producta.
1652 914 1712 959 ut
1742 904 1966 975 sapien-

386 1015 494 1060 tem
538 1016 754 1074 quoque
800 1017 864 1057 ac
896 1000 1207 1071 pulchram,
1258 1000 1404 1070 quod
1460 1013 1548 1053 res
1593 1010 1809 1063 omnes,
1836 995 1964 1050 dum

384 1104 636 1151 naturam
664 1109 819 1149 suam
870 1100 1097 1149 servant
1126 1090 1533 1159 incorruptam,
1558 1087 1756 1145 divina:
1785 1086 1969 1143 omnis

386 1187 690 1243 harmoniae
715 1200 997 1256 sacraeque
1024 1182 1453 1256 pulchritudinis
1482 1181 1593 1237 siut
1622 1179 1793 1250 plenae
1818 1197 1833 1234 :
1857 1177 1970 1233 sino

386 1278 563 1349 gulari
601 1286 781 1333 autem
814 1292 1003 1331 amore
1044 1277 1344 1331 humanum
1378 1288 1550 1345 genus
1590 1272 1971 1343 complecten-

386 1372 519 1436 tem,
548 1370 691 1439 quod
716 1384 776 1424 se
811 1368 969 1424 nobis
996 1381 1124 1421 vere
1150 1367 1358 1436 integre
1384 1366 1435 1419 in
1472 1379 1580 1419 una
1607 1378 1843 1433 persona
1870 1376 1969 1417 sua

386 1462 835 1525 euiumunicarit,
868 1474 1135 1515 revocans
1168 1458 1237 1513 ad
1292 1472 1351 1513 se
1381 1457 1849 1527 sibiquejungens
1876 1455 1972 1508 liu-

388 1571 607 1609 mauam
644 1554 1043 1614 humilitatem;
1080 1566 1148 1606 ex
1182 1564 1290 1621 qua
1314 1548 1543 1619 simplex
1580 1546 1737 1603 Jesus
1780 1543 1973 1601 ineﬂ'a-

388 1648 482 1705 bili
518 1650 678 1704 modo
716 1647 993 1711 consistit,
1025 1662 1088 1701 ac
1122 1647 1214 1717 qui
1245 1659 1484 1702 aeternus
1538 1652 1640 1705 est,
1694 1650 1973 1710 tempora-

390 1740 497 1797 lem
536 1741 1184 1811 suhipsitaccessiOnem,
1208 1756 1420 1795 necnon
1448 1738 1515 1792 ad
1551 1737 1740 1791 iutima
1768 1743 1974 1788 naturas

391 1842 599 1890 uostrze
621 1832 936 1899 descendit;
968 1833 1062 1902 qni
1101 1833 1416 1887 universum
1450 1830 1614 1884 totius
1646 1838 1857 1882 naturae
1880 1841 1977 1882 or-

392 1926 584 1983 dinem
624 1926 1173 1987 superessentialiter
1200 1922 1579 1987 transcendit;
1628 1919 1863 1975 servatis
1899 1928 1980 1972 ta-

388 2031 518 2080 )nen
552 2018 987 2090 proprietatibus
1016 2018 1132 2072 suis
1163 2032 1392 2087 prorsus
1422 2013 1649 2084 integris
1697 2021 1752 2067 et
1780 2012 1976 2065 incon-

393 2115 555 2172 fusis.
577 2118 701 2173 Haec
729 2118 945 2186 aliaque
958 2116 1419 2186 quzelibetdeiﬂca
1440 2114 1670 2179 lumina,
1688 2128 1811 2183 qua:
1833 2110 1985 2168 Scri-

396 2209 579 2280 pturis
601 2226 838 2265 consona
869 2210 1043 2264 sancti
1065 2208 1237 2263 nostri
1268 2216 1635 2277 praeceptores
1660 2220 1861 2261 arcana
1890 2220 1987 2258 uo-

397 2303 483 2357 bis
516 2302 969 2372 interpretatione
997 2300 1370 2363 tradiderunt,
1405 2314 1502 2353 nos
1537 2314 1754 2370 quoque
1798 2299 1985 2355 hausi-

398 2409 525 2448 mus
568 2409 584 2447 :
629 2408 775 2448 nunc
803 2392 1020 2462 quidem
1050 2400 1147 2463 pro
1175 2402 1335 2462 captu
1368 2402 1581 2458 nostro,
1609 2393 1733 2445 dum
1761 2391 1987 2446 velami-

401 2486 566 2542 nibus
592 2486 916 2557 quibusdam
942 2485 1117 2540 sacris
1157 2483 1497 2553 eloquiorum
1533 2493 1589 2538 et
1616 2483 1989 2538 hierarchicaé

402 2594 523 2633 rum
562 2576 916 2632 traditionum
953 2576 1262 2647 benignitas
1288 2617 1304 2639 .
1345 2576 1515 2648 signis
1555 2576 1852 2632 sensilibus
1898 2591 1988 2631 res

402 2664 1151 2735 spiritales,substantiisque
1194 2680 1282 2720 res
1311 2666 1863 2734 supersubstantiales
1893 2668 1986 2721 ab-

403 2758 500 2821 dit,
524 2756 839 2828 formasque
862 2758 1175 2828 ﬁgurasque
1192 2757 1356 2813 rebus
1379 2752 1553 2815 forma
1579 2758 1864 2830 ﬁguraque
1891 2775 1988 2813 ea»

403 2848 656 2905 rentibus
673 2850 1000 2917 circumdat,
1029 2864 1130 2905 nec
1153 2867 1259 2906 non
1280 2861 1576 2921 supernalu
1588 2851 1774 2919 ralem,
1792 2860 1847 2905 et
1868 2867 1990 2922 qua:

403 2943 609 3015 ﬁguras
658 2944 891 3011 respuit,
946 2943 1356 3013 simplicitatem
1408 2946 1757 2999 dividuorum
1804 2946 1992 3015 signo-

404 3051 528 3090 rum
575 3033 847 3088 varietate
901 3032 1234 3104 multiplicat
1283 3043 1341 3088 et
1396 3026 1621 3102 ciliugit.
1651 3026 1724 3086 At
1756 3034 1993 3102 quando

2064 536 2422 609 γονιμότητος
2449 536 2731 607 ἐκφανσιν,
2760 534 2820 600 ἐξ
2843 530 2909 607 ἦς
2938 537 3088 589 πᾶσα
3127 535 3333 607 πατριά
3357 536 3415 588 ὲν
3437 534 3642 606 οὐρανῷ

2067 631 2161 683 καὶ
2184 632 2278 685 ἐπὶ
2301 630 2402 701 γῆς
2430 630 2546 683 ἐστι
2574 629 2668 683 καὶ
2691 629 3015 699 ὀνομάζεται
3036 630 3077 661 ⁸⁸
3097 645 3110 657 ·
3133 627 3209 691 ὡς
3231 627 3407 681 αἰτίαν
3446 627 3503 679 δὲ
3539 626 3642 680 τῶν

2066 721 2258 787 ὄντων,
2288 720 2477 793 ἐπειδὴ
2519 722 2698 775 πάντα
2736 720 2875 793 πρὸς
2910 719 2973 773 τὸ
3000 715 3139 773 εἶναι
3163 718 3416 791 παρήχθη
3441 718 3530 771 διὰ
3550 718 3643 789 τὴν

2068 813 2239 885 αὐτῆς
2266 812 2575 867 οὐσιοποιὸν
2588 811 2634 845 ¹⁰
2661 812 3004 883 ἀγαθότηταθ
3036 810 3204 883 σοφὴν
3238 811 3295 864 δὲ
3334 811 3425 864 καὶ
3458 810 3643 881 καλὴν,

2066 910 2149 963 ὅτι
2177 908 2249 962 τά
2274 908 2404 964 ὄντα
2430 908 2609 963 πάντα
2629 906 2701 961 τά
2725 907 2826 977 τῆς
2841 906 3044 970 οἰκείας
3067 905 3282 976 φύσεως
3300 904 3647 977 ἀπαράφθαρ-

2067 1004 2193 1059 τα²¹
2224 1001 2580 1068 διασώζοντα,
2629 1005 2814 1073 πάσης
2857 1002 3121 1073 ἁρμονίας
3161 1000 3343 1054 ἐνθέου
3385 1001 3478 1054 καὶ
3503 1001 3647 1071 ἱερᾶς

2070 1096 2403 1169 εὐπρεπείας
2428 1099 2576 1153 ἐστὶν
2602 1097 2847 1152 ἀνάπλεα
2864 1112 2878 1126 ·
2910 1095 3287 1166 φιλάνθρωπον
3305 1092 3649 1162 δὲδιαφερόν-

2068 1206 2197 1253 τως,
2227 1190 2310 1243 ὅτι
2334 1191 2447 1253 τοῖς
2490 1188 2612 1243 καθ’
2638 1190 2784 1260 ἡμᾶς
2973 1186 3226 1257 ἀλήθειαν
3252 1184 3444 1249 όλικῶς
3470 1188 3529 1238 ἐν
3557 1186 3650 1255 μιᾷ

2069 1282 2180 1337 τῶν
2221 1282 2393 1352 αὐτῆς
2432 1282 2785 1335 ὑποστάσεων
2824 1278 3203 1351 ἐκοινώνησεν,
3243 1276 3648 1349 ἀνακαλουμένη

2073 1375 2209 1447 πρὸς
2233 1375 2431 1446 ἑαυτὴν
2460 1377 2555 1429 καὶ
2579 1374 2894 1428 ἀνατιθεῖσα
2914 1374 2959 1405 ¹¹
2984 1373 3083 1442 τὴν
3124 1370 3470 1442 ἀνθρωπίνην
3498 1373 3650 1441 ἐσχα-

2069 1467 2215 1533 τιάν,
2245 1466 2304 1531 ἐξ
2347 1462 2415 1539 ἦς
2458 1467 2714 1539 ἀρρήτως
2731 1466 2778 1498 ’³
2817 1466 2845 1520 ὁ
2888 1464 3092 1529 ἁπλοῦς
3128 1463 3334 1536 Ἰησοῦς
3374 1463 3648 1533 συνετέθη,

2075 1557 2168 1612 καὶ
2212 1560 2521 1629 παράτασιν
2557 1559 2747 1631 εἴληφε
2792 1559 3048 1631 χρονικὴν
3092 1560 3121 1611 ὁ
3158 1548 3346 1621 ἀΐδιος,
3390 1557 3484 1609 καὶ
3528 1556 3651 1609 εἵσω

2072 1648 2171 1718 τῆς
2196 1648 2314 1700 καθ’
2343 1648 2491 1718 ἡμᾶς
2534 1647 2775 1716 ἐγεγόνει
2817 1646 3032 1716 φύσεως
3046 1647 3114 1713 ’⁸,
3138 1650 3166 1701 ό
3193 1649 3372 1718 πάσης
3393 1647 3493 1716 τῆς
3520 1645 3654 1700 κατά

2078 1741 2257 1793 πᾶσαν
2298 1739 2463 1810 φύσιν
2507 1740 2718 1807 τάξεως
2768 1736 3109 1811 ὑπερουσίως
3162 1739 3479 1811 ἐκϐεϐηκὼς
3526 1739 3655 1810 μετά

2079 1834 2179 1905 τῆς
2222 1832 2558 1905 ἀμεταὸόλου
2576 1836 2622 1867 ¹⁸
2648 1836 2740 1888 καὶ
2786 1835 3092 1906 ἀσυγχύτου
3129 1834 3238 1887 τῶν
3278 1834 3494 1887 οἰκείων
3523 1834 3657 1904 ἱδρύ-

2082 1942 2237 1990 σεως.
2263 1924 2372 1980 Καὶ
2398 1927 2498 1980 ὅσα
2522 1926 2657 1981 ἀλλα
2684 1926 2802 1980 θεον
2813 1927 2977 1999 ργικά
3002 1928 3155 1998 φῶτα
3175 1929 3286 1990 τοῖς
3313 1927 3515 1995 λογίοις
3538 1928 3657 1979 ἀκο-

2080 2017 2288 2082 λούθως
2332 2018 2365 2090 ἡ
2410 2019 2520 2073 τῶν
2566 2019 2767 2073 ἐνθέων
2810 2020 2968 2091 ἡμῶν
3027 2019 3419 2091 καθηγεμόνων
3458 2019 3657 2091 κρυφία

2081 2109 2380 2180 παράδοσις
2405 2109 2819 2181 ὲκφαντορικῶς
2857 2110 2987 2179 ἡμῖν
3011 2109 3343 2180 ἐδωρήσατο,
3372 2106 3546 2160 ταῦτα
3570 2106 3659 2159 καὶ

2080 2202 2242 2272 ἡμεῖς
2272 2200 2633 2272 μεμυήμεθα’
2665 2201 2759 2255 νῦν
2804 2202 2901 2272 μὲν
2946 2201 3221 2269 ἀναλόγως
3246 2202 3396 2272 ἡμῖν,
3436 2199 3528 2252 διὰ
3556 2200 3659 2251 τῶν

2083 2291 2245 2361 ἱερῶν
2285 2294 2799 2364 παραπετασμάτων
2836 2294 2935 2365 τῆς
2974 2294 3083 2346 τῶν
3118 2292 3314 2361 λογίων
3351 2291 3580 2345 καὶτῶν
3601 2293 3662 2343 isi

2085 2385 2361 2455 ραρχικῶν
2406 2385 2759 2457 παραδόσεων
2818 2384 3246 2457 φιλανθρωπίας,
3287 2385 3565 2457 αἰσθητοῖς
3598 2384 3660 2437 τά

2082 2478 2270 2551 νοητὰ,
2299 2480 2394 2532 καὶ
2445 2480 2561 2542 τοῖς
2599 2474 2719 2532 οὖσι
2768 2479 2838 2533 τά
2883 2478 3187 2550 ὑπερούσια
3232 2478 3660 2551 περικαλυπτοῦ-

2084 2587 2184 2643 σης
2200 2572 2245 2603 ’⁸
2270 2571 2364 2624 καὶ
2389 2570 2602 2642 μορφὰς
2629 2571 2722 2624 καὶ
2747 2570 2951 2636 τύπους
2976 2574 3088 2635 τοῖς
3116 2572 3461 2643 ἀμορφώτοις
3486 2590 3547 2625 τε
3578 2571 3663 2625 καὶ

2083 2663 2390 2726 ἀτυπώτοις
2444 2663 2840 2735 περιτιθείσης,
2892 2666 2985 2717 καὶ
3036 2664 3135 2735 τὴν
3199 2665 3454 2735 ὑπερφυῆ
3476 2668 3519 2697 ³⁷
3577 2665 3664 2717 καὶ

2083 2756 2494 2827 ἀσχημάτιστον
2528 2756 2810 2829 ἁπλότητα
2846 2759 2912 2829 τῇ
2958 2756 3205 2829 ποικιλία
3243 2759 3353 2811 τῶν
3399 2758 3663 2829 μεριστῶν

2086 2848 2369 2919 συμϐόλων
2395 2847 2772 2920 πληθυνούσης
2820 2863 2880 2901 τε
2928 2848 3021 2901 καὶ
3064 2848 3513 2919 διαπλαττούσης.
3542 2849 3666 2904 Τότε

2084 2938 2161 3003 δὲ,
2202 2941 2329 2993 ὅταν
2369 2940 2636 3012 ἄφθαρτοι
2680 2940 2775 2993 καὶ
2812 2939 3067 2995 ἀθάνατοι
3108 2940 3411 3012 γενώμεθα,
3454 2940 3665 3009 καὶτῆς

2086 3030 2455 3101 χριστοειδοῢς
2476 3030 2522 3062 ’⁸
2558 3030 2650 3083 καὶ
2699 3030 3124 3102 μακαριωτάτης
3195 3030 3514 3102 ὲφικώμεθα
3571 3028 3666 3103 λῆ⁴

407 3126 862 3197 incorruptibiles
910 3135 966 3181 et
1013 3125 1349 3180 immortales
1373 3124 1981 3190 evaseiimus,Christir

2086 3124 2240 3191 ξεως,
2261 3123 2517 3179 πάντοτε
2543 3126 2664 3181 σὺν
2683 3125 2896 3193 Kvplqu,
2919 3123 3061 3177 κατά
3082 3124 3141 3177 τὸ
3166 3122 3367 3193 λόγιον,
3394 3125 3668 3194 ἐσόμεθα,

406 3219 639 3275 formem
665 3216 1151 3284 beatissimamque
1174 3226 1381 3269 sortem
1409 3216 1617 3284 adepti,
1647 3227 1759 3270 tum
1788 3232 1982 3285 semper

2084 3216 2185 3285 τῆς
2231 3216 2330 3286 μὲν
2375 3218 2575 3287 ὁρατῆς
2601 3216 2766 3271 αὑτοῦ
2793 3213 3110 3286 θεοφανείας
3133 3218 3191 3270 ὲν
3217 3220 3513 3287 πανάγνοις
3544 3217 3670 3271 θεω-

405 3308 511 3378 (uti
556 3308 821 3377 scriptum
848 3306 953 3377 est)
982 3323 1102 3360 cum
1137 3306 1362 3362 Domino
1394 3308 1588 3362 erimus
1610 3319 1631 3346 τ
1865 3310 1995 3365 visi.

406 3399 536 3455 bilis
562 3399 782 3471 quidem
830 3397 1119 3467 ipsiusmet
1146 3397 1241 3451 Dei
1272 3400 1637 3469 apparitionis
1664 3402 1994 3460 castissimis

408 3490 973 3561 Contemplatiouibus
1020 3489 1190 3560 pleni,
1227 3493 1384 3559 cujus
1422 3492 1781 3549 lucidissimis
1816 3495 1997 3565 splen-

409 3584 661 3647 doribus,
695 3598 802 3638 non
823 3600 981 3639 secus
1006 3599 1069 3639 ac
1094 3584 1341 3653 discipuli
1370 3584 1424 3638 in
1452 3584 1789 3641 divinissima
1816 3598 1995 3645 trans-

410 3676 766 3745 ﬁguratioue,
816 3675 1230 3740 irradiabimur,
1290 3676 1648 3747 iutelligibilis
1698 3693 1830 3734 vero
1880 3679 1997 3748 ejus

410 3764 787 3822 ilustrationis
843 3767 1146 3835 participes
1178 3768 1482 3821 secundum
1514 3779 1750 3823 mentem
1784 3772 1994 3838 passio-

411 3858 573 3912 nibus
603 3857 946 3925 materiaque
973 3867 1278 3925 carentem,
1308 3859 1587 3913 radiorum
1626 3860 1999 3917 lucidissime-

413 3963 534 4002 rum
596 3946 886 4017 incognitis
928 3946 1369 4017 beatissimisque
1398 3950 1901 4017 coruscatiunibus,
1930 3952 1998 4007 ad

412 4038 742 4092 diviniorem
779 4037 1259 4104 superctel‘estium
1291 4038 1786 4109 iutelligentiarum
1819 4043 2000 4099 imita-

414 4129 645 4193 tionem,
679 4126 886 4183 unione
936 4128 1175 4196 quadam
1231 4128 1663 4200 intelligentiam
1705 4144 2000 4203 superante

414 4221 516 4290 ipsi
543 4219 958 4287 conjungemur,
992 4232 1140 4285 nam,
1170 4228 1231 4273 ut
1281 4220 1627 4290 eloquiorum
1673 4225 1881 4281 veritas
1905 4225 2001 4280 ha-

2089 3307 2233 3380 ρίαις
2270 3306 2746 3379 ἀπο-πληρούμενοι
2787 3304 2854 3372 ⁸³,
2904 3308 3231 3377 φανοτάταις
3288 3310 3672 3380 μαρμαρυγαῖς

2087 3401 2234 3471 ἡμᾶς
2272 3398 2769 3472 περιαυγαζούσης,
2802 3399 2868 3465 ἃς
2885 3401 2930 3432 ³⁰
2954 3401 3081 3465 τοὺς
3128 3400 3373 3472 μαθητὰς
3408 3403 3468 3454 ἐν
3494 3402 3672 3473 ἐκείνῃ

2086 3495 2151 3563 τῇ
2192 3491 2443 3564 θειοτάτῃ
2462 3491 2502 3523 ³¹
2536 3491 2993 3563 μεταμορφώσεισ
3022 3492 3121 3562 τῆς
3176 3490 3227 3549 δὲ
3270 3490 3468 3561 νοητῆς
3511 3492 3670 3546 αὐτοῦ

2089 3586 2423 3655 φωτοδοσίας
2473 3586 2532 3638 ὲν
2571 3585 2772 3639 ἀπαθεῖ
2820 3585 2913 3638 καὶ
2952 3566 3099 3655 ἀῦλῳ
3121 3583 3200 3655 τῷ
3233 3583 3308 3654 νῷ
3337 3585 3669 3656 μετέχοντες,

2090 3679 2184 3731 καὶ
2221 3677 2323 3748 τῆς
2364 3677 2502 3749 ὑπὲρ
2544 3676 2667 3731 νοῦν
2707 3674 2952 3741 ἑνώσεως
2980 3678 3037 3731 ὲν
3076 3676 3194 3740 ταῖς
3217 3676 3325 3730 τῶν
3351 3675 3673 3748 ὑπερφανῶν

2090 3770 2326 3825 ἀκτίνων
2353 3771 2655 3841 ἀγνώστοις
2678 3770 2773 3824 καὶ
2803 3756 3103 3844 μακαρίαις
3127 3771 3423 3835 ἑπιὸολαῖς,
3454 3773 3514 3823 ἐν
3543 3772 3673 3824 θειο-

2090 3869 2225 3941 τέρα
2274 3869 2505 3939 μιμήσει
2531 3865 2642 3920 τῶν
2695 3866 3106 3938 ὑπερουρανίων
3153 3865 3321 3920 νοῶψ
3376 3866 3673 3936 ἰσάγγελοι

2090 3962 2220 4035 γὰρ,
2251 3961 2326 4025 ώς
2354 3962 2387 4033 ἡ
2415 3960 2524 4015 τῶν
2550 3959 2744 4029 λογίων
2787 3942 3015 4032 ἀλήθειά
3048 3976 3241 4030 φησιν,
3268 3958 3558 4027 ἐσόμεθα,
3583 3956 3675 4010 καὶ

2103 4054 2222 4109 υἱοὶ
2255 4052 2423 4116 Θεοῦ,
2454 4051 2566 4121 τῆς
2588 4050 2981 4116 ἀναστάσεως
3010 4048 3127 4103 υἱοὶ
3145 4047 3338 4114 ὄντες.
3366 4048 3482 4101 Νῦν
3505 4050 3581 4111 δὲ,
3605 4048 3675 4111 ὡς

2094 4147 2225 4218 ἡμῖν
2252 4142 2495 4213 ἐφικτὸν,
2536 4142 2759 4205 οἰκείοις
2802 4140 2899 4212 μὲν
2916 4141 2960 4172 ³⁸
3001 4142 3082 4203 είς
3118 4139 3187 4193 τὰ
3222 4138 3343 4192 θεῖα
3391 4140 3674 4210 συμϐόλοις

2095 4234 2377 4307 χρώμεθα,
2407 4234 2519 4287 κάκ
2553 4232 2761 4286 τούτων
2802 4226 2957 4295 αὖθις
2981 4232 3072 4284 ἐπὶ
3094 4230 3191 4302 τὴν
3218 4231 3394 4302 ἁπλῆν
3422 4234 3519 4284 καὶ
3544 4236 3677 4303 ἡνω-

413 4312 838 4384 ικειεΑῖᾳιιαίεε
871 4312 1074 4381 angelis
1122 4314 1321 4367 erimus
1374 4325 1422 4367 et
1474 4314 1575 4383 ﬁlii
1624 4313 1744 4381 Dei,
1786 4318 1982 4388 quandt

2100 4329 2266 4399 μένην
2290 4325 2399 4381 τῶν
2424 4324 2629 4397 νοητῶν
2652 4325 2943 4396 θεαμάτων
2968 4322 3224 4395 ἀλήθειαν
3250 4324 3530 4393 ἀναλόγως
3556 4324 3677 4377 ἀνα-

416 4406 615 4459 srimus
642 4406 743 4474 filii
775 4407 1181 4460 resurrectionis
1213 4408 1260 4460 ⁸.
1288 4405 1448 4462 Modo
1498 4417 1711 4475 autem,
1737 4419 1798 4465 ut
1848 4411 1982 4465 vale-

2096 4420 2406 4492 τεινὸμεθα,
2435 4419 2529 4473 καὶ
2559 4416 2695 4489 μετὰ
2722 4419 2903 4471 πᾶσαν
2928 4415 3026 4487 τὴν
3053 4415 3177 4469 καθ’
3204 4416 3349 4487 ἡμᾶς
3376 4414 3488 4468 τῶν
3517 4415 3677 4468 θεοειά

414 4512 561 4560 mus,
588 4497 656 4550 ad
692 4496 875 4551 divina
906 4498 1175 4567 capienda
1208 4498 1381 4565 signis
1409 4498 1640 4563 utimur,
1668 4500 1865 4569 quibus
1888 4500 1982 4556 sci-

2093 4513 2199 4567 δῶν
2246 4513 2452 4585 νόησιν,
2505 4509 2881 4573 ἀποπαύοντες
2930 4508 3087 4579 ἡμῶν
3137 4508 3236 4572 τάς
3285 4507 3479 4581 νοερᾶς
3530 4511 3675 4579 ὲνερ-

416 4589 544 4643 licet
576 4589 642 4642 ad
677 4590 983 4659 simplicem
1012 4601 1069 4645 et
1100 4592 1322 4645 unicam
1372 4590 1521 4645 illam
1576 4591 1978 4662 intelligibiliuu

2098 4604 2273 4673 γείας,
2326 4606 2409 4669 είς
2457 4603 2558 4675 τὴν
2602 4602 2928 4674 ὑπερούσιον
2966 4602 3162 4655 ἀκτῖνα
3188 4600 3327 4653 κατά
3365 4600 3428 4653 τὸ
3466 4601 3677 4671 θεμιτὸν

416 4680 855 4750 spectaculorum
879 4682 1169 4737 veritatem
1223 4694 1324 4749 pro
1353 4691 1517 4751 captu
1552 4690 1747 4737 nostro
1776 4683 1982 4738 adduci-

2097 4697 2482 4769 ὲπιϐάλλομεν,
2512 4700 2571 4750 ὲν
2661 4697 2840 4750 πάντα
2866 4694 2935 4747 τὰ
2959 4694 3171 4764 πέρατα
3196 4692 3386 4747 πασῶν
3412 4692 3525 4746 τῶν
3549 4691 3679 4761 γνὼ-

416 4788 562 4835 iuur,
592 4781 799 4842 etpost
830 4789 1049 4830 omnem
1106 4784 1355 4831 nustram
1406 4782 1591 4831 rerum
1647 4776 1982 4832 deiformiun

2101 4807 2239 4843 σεων
2267 4789 2669 4861 ὑπεραρρήτως
2714 4785 3149 4858 προῦφέστηκεν,
3177 4783 3244 4855 ἢν
3282 4784 3404 4837 οὕτε
3433 4784 3677 4854 ἐννοῆσαι

418 4862 858 4934 intelligentiam,
889 4865 1150 4922 sedantes
1185 4870 1411 4924 nostras
1464 4866 1815 4923 intellectiles
1863 4880 1982 4938 ope-

2099 4880 2342 4947 δυνατὸν,
2371 4879 2493 4933 οὔτε
2516 4880 2709 4943 εἰπεῖν,
2738 4875 2862 4930 οὔτε
2887 4875 3022 4939 ὅλως
3046 4892 3163 4939 πως
3192 4873 3491 4946 θεωρῆσαι,
3519 4874 3605 4927 διὰ
3626 4871 3681 4923 τό

418 4958 691 5025 rationes,
718 4958 773 5012 in
818 4961 1332 5025 superesseutialem
1366 4963 1529 5018 istum
1559 4963 1795 5028 radium,
1822 4976 1982 5033 quan-

2103 4974 2326 5027 πάντων
2350 4969 2520 5042 αὐτὴν
2543 4968 2889 5044 ὲξῃρημένην
2922 4962 3081 5033 εἶναι,
3109 4966 3205 5019 καὶ
3241 4966 3675 5037 ὐπεράγνωστον,

420 5057 537 5103 tum
568 5048 652 5103 fas
680 5058 787 5111 est,
822 5048 1171 5115 intendimus,
1226 5053 1279 5106 in
1340 5068 1447 5121 quo
1496 5052 1679 5108 cuncti
1711 5053 1850 5107 ﬁnes
1882 5066 1982 5107 om-

2103 5066 2199 5119 καὶ
2223 5064 2412 5119 πασῶν
2449 5063 2548 5135 μὲν
2573 5062 2681 5116 τῶν
2708 5058 2983 5115 οὐσιωδῶν
3005 5058 3262 5129 γνώσεων
3288 5058 3384 5112 καὶ
3407 5057 3679 5128 δυνάμεων

418 5143 572 5198 nium
605 5140 978 5208 cognitionum
1015 5142 1273 5198 ineﬂ‘nbili
1328 5144 1491 5200 modo
1548 5146 1982 5214 praiexstiterunt

2100 5158 2199 5224 τὰς
2238 5155 2686 5233 ἀποπερατώσεις
2731 5154 2848 5227 ἃμα
2897 5153 2992 5207 καὶ
3030 5153 3211 5218 πάσας
3251 5152 3592 5225 ὑπερουσίως
3626 5151 3679 5202 ὲν

489 5279 512 5323 ί
544 5284 563 5341 l
595 5285 789 5343 Thess.
817 5303 893 5356 tv,
921 5287 1008 5355 l6,
1033 5288 1086 5344 in
1125 5300 1270 5344 textu
1311 5303 1436 5345 vero
1468 5288 1675 5356 Graeco,
1709 5291 1795 5347 17.
1878 5303 1900 5332 ο
1931 5292 2065 5349 Luc.
2099 5310 2191 5358 xx,
2216 5294 2305 5349 56.

1708 5449 1943 5508 VARI/ﬁ
1978 5449 2388 5508 LECTIONES.

489 5602 532 5633 ¹⁹
559 5601 675 5685 ἔστι
699 5622 758 5685 τε
779 5606 870 5685 καὶ
883 5606 1340 5685 ῥνομάςζεται,Δ
1376 5612 1439 5685 _*_°
1466 5612 1792 5685 οὑσιοποιοῦ,
1821 5614 1880 5669 S.
1961 5616 2005 5647 ἰ
2047 5631 2139 5685 γρ.
2172 5612 2630 5685 ἀπαράθραυστα,
2691 5613 2735 5644 ²²
2761 5612 2873 5667 ἀνω
2893 5610 3103 5685 τιθεῖσα
3121 5650 3136 5673 ,
3248 5608 3345 5664 Ch.
3486 5600 3676 5685 ἀςίθέγῆ

417 5673 668 5768 ΞΞὛΞλὲ
697 5675 752 5728 Ρ·
813 5670 995 5765 ἴδέξυέ
1016 5670 1478 5768 «meientis
1504 5670 1832 5768 φύσεωςνέῖ-
1899 5670 2365 5768 nassam».
2395 5670 2534 5768 δι’-η
2587 5683 2748 5768 “.IP-
2782 5670 3334 5768 πειρακελυξέῑούσῃς·

416 5738 848 5856 (ἐξξρῖξσόνκαὶ
902 5738 1175 5820 ὑτέερςρνᾶ,
1230 5738 1324 5807 υ.”
1373 5755 1418 5787 ³⁸
1442 5738 1843 5826 χρηστῑπς.”(ἒιι.
1906 5738 2550 5825 ²⁹ἁῖναπληρὸύμένοῃῆ
2632 5738 2905 5819 ""19.
2966 5754 3006 5786 ³⁸
3064 5738 3342 5807 θεία.(ἶίι.
3424 5738 3676 5837 ξὀυιείιιῖτ
