3876 6226
278 340 393 409 se;
1384 342 1473 398 DE
1508 342 1764 401 DlVlNlS
1797 343 1854 398 N1

1959 341 2197 409 lNIBUS,
2234 342 2389 399 CAP.
2425 340 2469 399 Ι.
3446 334 3555 409 5θῆ

275 458 449 535 ἑαυτῇ
488 456 898 531 προειληφυῖαν,
954 462 1173 517 πάντων
1221 461 1278 515 δὲ
1325 462 1683 534 ἀπεριλήπτῳ
1708 462 1854 516 δυνά-

1967 476 2239 533 quemque
2272 477 2373 518 nec
2406 468 2585 516 mente
2611 458 2923 529 concipere,
2953 469 3055 511 nec
3080 452 3339 509 oratione
3364 452 3548 523 prolo-

274 565 397 619 μει,
425 549 518 603 καὶ
543 550 653 603 τῶν
694 551 1104 627 ὑπερουρανίων
1147 553 1285 609 νοῶν
1318 556 1779 627 ὑπεριδρυμένην.
1808 556 1847 607 Ε

1970 558 2062 627 qui
2087 556 2352 619 valemus,
2404 569 2580 625 neque
2607 554 2724 606 visu
2759 548 3173 622 quomodolibet
3218 545 3443 611 intueri,
3483 557 3551 598 eo

268 640 389 712 γὰρ
414 644 468 695 al
494 641 722 710 γνώσεις
746 631 916 704 πᾶσαι
942 646 1051 699 τῶν
1076 646 1245 701 ὄντων
1268 649 1393 711 eici,
1427 650 1519 701 καὶ
1546 651 1625 712 είς
1650 647 1718 700 τὰ
1741 646 1854 701 ὄντα

1972 646 2120 719 quod
2150 646 2224 702 sit
2256 645 2511 701 omnibus
2539 652 2851 713 exemptus,
2888 649 2944 697 et
2975 639 3282 693 eminenter
3306 636 3549 707 ignotus,

267 732 341 784 τὸ
380 735 551 805 πέρας
591 736 826 809 ἔχουσιν,
873 739 906 810 ή
946 739 1126 812 πάσης
1147 740 1335 804 οὐσίας
1362 740 1618 802 ἐπέκεινα
1643 740 1738 794 καὶ
1764 738 1854 793 πά-

1972 749 2033 794 ut
2059 739 2150 810 qui
2175 738 2335 793 simul
2369 752 2560 793 omnes
2587 736 2839 791 omnium
2880 732 3254 803 cognitionum
3283 725 3554 783 essentia-

271 842 382 897 σης
408 827 663 896 γνώσεώς
690 832 840 886 ἐστιν
869 829 1209 906 ἐξῃρημένη.

1972 828 2130 896 lium,
2158 830 2536 898 virtutumque
2570 825 2988 882 terminationes
3021 818 3554 893 superessentialiter

270 918 334 971 in
378 923 674 992 semetipso
727 924 1303 995 anticiparit,cunctis
1342 924 1661 982 cmleStibus
1714 923 2094 992 intelligentiis
2122 922 2457 977 eminentior
2511 918 2964 988 incomprehensa
2994 916 3196 970 virtute
3230 911 3550 967 collocatus.

270 1011 490 1067 Etenim
515 1029 638 1069 cum
673 1016 924 1077 notiones
958 1033 1151 1076 omnes
1189 1020 1301 1079 sint
1326 1021 1642 1086 entitatum,
1691 1028 1746 1075 et
1797 1018 1866 1073 ad
1900 1020 2164 1075 cntitates
2196 1017 2583 1082 terminentur,
2613 1015 2659 1071 is
2683 1013 2775 1084 qui
2827 1011 2978 1071 omni
3005 1007 3238 1066 entitate
3264 1003 3552 1064 sublimior

266 1112 383 1173 est,
410 1120 629 1162 omnem
653 1122 870 1182 quoque
896 1109 1083 1181 etTugit
1108 1111 1495 1183 cognitionem.

1847 1218 1988 1297 ἐν,

348 1366 459 1419 Καὶ
494 1364 600 1438 μὴν
623 1405 638 1431 ,
688 1367 737 1420 εί
778 1365 1047 1439 κρείττων
1090 1368 1211 1429 ἐστὶ
1244 1366 1290 1401 ³³
1329 1367 1531 1435 παντὸς
1576 1366 1734 1437 λόγου
1770 1367 1867 1422 καὶ

265 1457 459 1528 πάσης
492 1455 779 1529 γνώσεως,
816 1457 911 1511 καὶ
944 1458 1084 1529 ὑπὲρ
1116 1458 1240 1514 νοῦν
1262 1459 1492 1524 καθόλου
1544 1460 1640 1531 καὶ,
1673 1459 1862 1512 οὐσίαν

266 1548 486 1627 ἵδρυται
509 1588 524 1613 ,
562 1549 779 1602 πάντων
816 1549 915 1620 μὲν
947 1544 1085 1619 οὖσα
1118 1550 1488 1627 περιληπτικὴ
1511 1589 1526 1615 ,
1562 1551 1656 1604 καὶ
1702 1567 1864 1603 συνα-

264 1625 445 1717 mea;
479 1640 544 1705 “,
579 1642 675 1694 καὶ
707 1640 1064 1713 συλληπτικὴ,
1099 1625 1201 1696 καὶ¹
1227 1642 1604 1718 προληπτικὴ,
1640 1643 1773 1696 πᾶσι
1805 1642 1862 1696 δὲ

264 1732 437 1795 αὐτὸς
464 1731 712 1803 ,καθόλου
759 1731 1032 1803 ἄληπτος,
1084 1734 1180 1801 καὶ
1224 1732 1345 1803 οὔτε
1391 1733 1643 1804 αἴσθησις
1691 1735 1861 1806 αὐτῆς

264 1822 427 1900 ἐστιν
450 1864 464 1889 ,
497 1822 621 1876 οὔτε
656 1824 962 1895 φαντασία,
996 1824 1119 1881 οὔτε
1154 1825 1315 1892 δόξα,
1352 1825 1475 1879 οὔτε
1513 1825 1701 1897 ὄνομα,
1737 1824 1861 1879 οὔτε
1894 1848 1938 1908 Β

262 1915 451 1984 λόγος,
485 1915 610 1969 οὔτε
639 1917 844 1989 ἐπαφὴ,
870 1917 995 1971 οὔτε
1016 1919 1319 1989 ἐπιστήμη,
1355 1918 1474 1982 πῶς
1496 1921 1525 1973 ὁ
1554 1920 1679 1990 περὶ
1702 1919 1861 1985 θείων

262 2004 555 2075 ὀνομάτων
589 2008 721 2077 ημῖν
745 2008 1395 2079 διαπραγματευθήσεται
1419 2008 1596 2078 λόγος,
1624 2010 1860 2082 ἀκλήτου

260 2098 368 2172 καὶ
417 2097 777 2169 ὑπερωνύμου
830 2100 929 2171 τῆς
965 2086 1289 2171 ὑπερουσίου
1338 2100 1589 2173 θεότητος
1638 2101 1855 2155 ἀποδει-

261 2189 585 2261 κνυμένης;
636 2190 774 2243 Ἀλλ’
809 2192 946 2264 ὅπερ
994 2191 1239 2263 ἔφημεν,
1278 2192 1439 2263 ἡνίκα
1489 2191 1589 2256 τὰς
1622 2192 1863 2262 θεολογι-

262 2280 375 2344 κάς
410 2279 790 2345 ὑποτυπώσεις
815 2281 1188 2354 ἐξετιθέμεθα,
1212 2283 1272 2335 τὸ
1295 2282 1374 2350 ἓν,
1409 2284 1470 2336 τὸ
1503 2283 1776 2353 ἄγνωστον
1793 2285 1858 2350 ³⁸,

268 2373 331 2426 εδ
353 2372 702 2444 ὑπερούσιον,
736 2375 1128 2444 αὐτοτάγαθον,
1148 2376 1284 2447 ὅπερ
1304 2375 1440 2440 ἐστὶ,
1462 2375 1561 2448 τὴν
1582 2376 1861 2450 τριαδικὴν

262 2464 435 2519 ἑνάδα
462 2467 625 2537 φημὶ,
642 2468 741 2538 τὴν
770 2467 1018 2538 ὁμόθεον,
1037 2469 1132 2521 καὶ
1156 2468 1483 2539 ὁμοάγαθον,
1512 2468 1635 2522 οὕτε
1662 2472 1857 2536 εἰπεῖν,

261 2555 392 2609 οὔτε
425 2558 676 2628 ἐννοῆσαι
708 2559 951 2613 δυνατόν·
982 2559 1120 2614 ἀλλὰ
1154 2561 1247 2614 καὶ
1280 2562 1336 2614 αί
1379 2560 1488 2614 τῶν
1512 2562 1683 2630 ἁγίων
1704 2561 1861 2618 δυνά-

264 2666 421 2720 μεων
446 2650 877 2722 ἀγγελοπρεπείς
910 2651 1151 2718 ἐνώσεις,
1186 2653 1253 2718 ἀς
1290 2653 1399 2706 εἴτε
1434 2654 1713 2719 ἐπιϐολὰς,
1749 2654 1858 2709 εἴτε

261 2744 581 2815 παραδοχάς
606 2746 711 2817 χρὴ
746 2747 910 2816 φάναι
943 2746 1043 2817 τῆς
1079 2747 1504 2818 ὑπεραγνώστου
1550 2750 1643 2803 καὶ
1690 2750 1860 2822 ὑπερ-

262 2835 472 2905 φανοῦς
505 2837 875 2907 ἀγαθότητος,
917 2838 1143 2909 ἄρρητοί
1176 2856 1237 2892 τε
1272 2840 1377 2893 είσὶ
1422 2842 1517 2895 καὶ
1549 2842 1816 2910 ἄγνωστοι
1841 2882 1856 2906 ,

261 2925 365 3002 τεαὶ
398 2926 580 3005 μόνοις
612 2925 795 3001 αὐτοῖς
828 2929 1192 3009 ἐνυπάρχουσι
1223 2932 1335 2995 τοῖς
1372 2931 1513 3009 ὑπὲρ
1534 2932 1735 3001 γνῶσιν
1761 2935 1859 3005 ἀγ-

262 3018 495 3091 γελικὴν
529 3017 851 3095 ἠξιωμένοις
875 3021 1357 3092 αὑτῶνάγγέλοις.
1395 3021 1633 3090 Ταύταις
1657 3029 1705 3092 oi
1739 3024 1857 3083 θεο-

261 3107 430 3173 ειδεῖς
467 3104 943 3182 ἀγγελομιμήτως,
992 3112 1068 3176 ὡς
1114 3113 1369 3182 ἐφικτὸν,
1417 3114 1694 3189 ἐνούμενοι
1740 3098 1857 3185 vos;

264 3198 480 3301 (ἐπειδὴ
505 3200 646 3301 πατά
672 3203 854 3301 πάσης
876 3206 1071 3301 νοερᾶς
1097 3206 1376 3301 ἐνεργείας
1399 3206 1443 3239 ³⁸
1478 3208 1787 3281 ἀπόπαυσιν
1821 3211 1854 3281 ἡ
1882 3245 1924 3301 C

259 3290 445 3345 τοιάδε
469 3293 715 3363 γίγνεται
739 3293 848 3349 τῶν
872 3296 1060 3349 ὲκθεου
1070 3297 1245 3368 μένων
1275 3297 1411 3352 νοῶν
1443 3301 1579 3375 πρὸς
1611 3300 1671 3373 τὸ
1695 3300 1857 3375 ὑπέρ-

262 3380 389 3436 θεον
421 3384 462 3414 ³⁷
520 3386 635 3453 φῶς
668 3385 882 3459 ἐνωσις)
931 3388 1190 3459 ὑμνοῦσιν
1239 3390 1369 3445 αὐτὸ
1414 3390 1729 3463 κυριώτατα
1766 3392 1856 3453 διὰ

258 3474 365 3544 τῆς
407 3476 624 3529 πάντων
671 3477 779 3531 τῶν
817 3479 985 3533 ὄντων
1029 3480 1392 3553 ἀφαιρέσεως,
1438 3470 1596 3535 τοῦτο
1638 3482 1854 3566 ἀληθῶς

250 3568 361 3645 οιαὶ
395 3566 687 3643 ὑπερφυῶς
713 3568 1107 3639 ἐλλαμφθέντες
1131 3572 1195 3624 ἐκ
1226 3571 1326 3641 τῆς
1350 3572 1483 3649 πρὸς
1526 3572 1657 3625 αὐτὸ
1681 3590 1856 3651 μακα-

265 3660 540 3741 ριωτάτης
576 3659 841 3736 ἐνὼσεως,
880 3662 962 3716 ὅτι
988 3663 1203 3717 πάντων
1239 3664 1337 3735 μέν
1382 3658 1500 3718 ἐστι
1541 3664 1650 3717 τῶν
1684 3656 1854 3718 ὄντων

261 3748 461 3829 αἴτιον,
500 3752 628 3811 αὐτὸ
651 3754 707 3808 δὲ
736 3753 907 3829 οὐδὲν,
943 3754 1018 3825 ᾡς
1042 3756 1260 3820 πάντων
1286 3757 1330 3789 ³⁸
1358 3756 1699 3827 ὑπερουσίως
1724 3757 1851 3832 ἐξῃ-

266 3841 525 3931 ρημένον.
551 3843 662 3916 Τὴν
698 3844 797 3915 μὲν
821 3839 914 3907 οὖν
937 3844 1367 3919 ῥπερουσιότητα
1388 3848 1488 3920 τὴν
1536 3848 1850 3921 θεαρχικὴν,

261 3931 294 3986 ὃ
331 3951 383 3985 τι
436 3934 566 4009 ποτᾲ
605 3932 750 4003 ἐστιν
791 3937 824 4008 ἡ
869 3938 968 4009 τῆς
1019 3939 1494 4012 ὑπεραγαθότητος
1535 3941 1854 4014 ὑπερύπαρ-

263 4023 348 4111 ﬁt;
376 4025 442 4089 ³⁸,
487 4024 611 4103 οὔτε
659 4026 955 4097 ὡςίλόγον,
1003 4028 1037 4100 ἢ
1074 4030 1324 4102 δύναμιν,
1369 4031 1493 4086 οὔτε
1536 4034 1611 4098 ὡς
1639 4034 1781 4098 νοῦν,
1817 4033 1851 4105 ἢ

263 4112 494 4191 ζωὴν,ἦ
528 4120 716 4174 οὐσίαν
741 4121 985 4191 ὑμνῆσαι
1017 4122 1235 4194 θεμιτὸν
1267 4124 1444 4177 οὐδενὶ
1469 4124 1577 4179 τῶν
1611 4126 1725 4178 ὅσοι
1752 4125 1853 4195 τῆς

263 4207 410 4284 ῦπὲρ
451 4204 627 4260 πᾶσαν
671 4208 929 4281 ἀλήθειαν
967 4210 1225 4281 ἀληθείας
1260 4214 1398 4267 εἰσὶν
1443 4214 1669 4286 ἐρασταί
1693 4231 1706 4244 ’
1737 4214 1851 4268 ἀλλ’

259 4299 342 4375 ᾡς
370 4300 550 4370 πάσης
574 4299 760 4366 ἕξεως,
796 4305 1082 4374 κινήσεως,
1109 4303 1274 4374 ζωῆς,
1318 4306 1634 4375 φαντασίας,
1672 4305 1850 4378 δόξης,

261 4392 548 4462 ὀνόματος,
578 4393 758 4463 λόγου,
785 4396 1042 4461 διανοίας,
1067 4399 1323 4468 νοήσεως,
1351 4398 1559 4463 οὐσίας,
1587 4400 1849 4466 στάσεως,

259 4482 548 4553 ιδρύσεως,
583 4484 847 4550 ἐνὼσεως,
876 4484 1130 4556 πέρατος,
1166 4487 1439 4558 ἀπειρίας,
1470 4489 1726 4543 ἀπάντων
1751 4491 1852 4543 ὅσα

257 4573 397 4627 ὅντα
426 4574 594 4639 ἐστὶν,
621 4575 960 4647 ὑπεροχικῶς
992 4577 1372 4649 ἀφῃρημένην.
1414 4579 1629 4651 Ἐπειδὴ
1673 4580 1731 4633 δὲ
1774 4580 1850 4644 ὡς
1884 4607 1926 4661 ι)

258 4661 601 4731 ἁγαθὰτητος
650 4663 917 4736 ῦπαρξις,
963 4666 1112 4737 αὐτῷ
1149 4667 1227 4738 τῷ
1273 4664 1430 4733 εἶναι,
1472 4670 1691 4743 πάντων
1732 4672 1850 4739 ἐστὶ

256 4753 374 4806 τῶν
399 4754 566 4809 ὄντων
591 4757 759 4821 αἰτία,
785 4759 882 4831 τὴν
905 4760 1283 4834 ἀγαθαρχικὴν
1305 4762 1407 4833 τῆς
1441 4762 1697 4835 Θεαρχίας
1723 4747 1851 4837 πρό-ξ

257 4861 437 4910 νοιαν,
482 4848 547 4900 ἐκ
581 4848 800 4904 πάντων
847 4851 957 4904 τῶν
1001 4851 1259 4906 αἰτιατῶν
1302 4853 1607 4925 ὑμνητέονοΔ
1651 4855 1774 4909 ἐπεὶ
1798 4854 1845 4887 ’⁵ο

258 4940 360 4992 καὶ
397 4940 528 5011 περὶ
559 4940 729 5012 αὐτὴν
765 4944 977 5009 πάντα,
1020 4947 1114 4998 καὶ
1153 4946 1323 5015 αὐτῆς
1348 4946 1531 5011 ἕνεκα,
1572 4928 1670 5003 καὶΔ
1706 4947 1844 5020 αὐτή

257 5038 382 5085 ἐστι
414 5032 518 5103 πρὸ
549 5033 784 5103 πάντων,
821 5037 914 5090 καὶ
944 5035 1015 5090 τὰ
1047 5038 1224 5092 πάντα
1254 5038 1313 5090 ἐν
1352 5038 1487 5113 αὐτῇ
1527 5038 1846 5110 συνέστηκε·

257 5126 359 5177 καὶ
402 5125 481 5196 τῷ
522 5121 658 5179 εἶναι
698 5128 936 5199 ταύτην,
972 5130 1006 5199 ἡ
1049 5128 1161 5182 τῶν
1203 5130 1340 5205 ὅλων
1394 5130 1700 5202 παραγωγὴ
1748 5131 1845 5184 καὶ

256 5214 578 5281 ὑπόστασις,
607 5217 699 5270 καὶ
731 5219 898 5289 αὐτῆς
925 5219 1100 5273 πάντα
1126 5220 1358 5289 ἐφίεται·
1392 5221 1467 5275 τὰ
1488 5222 1589 5294 μὲν
1620 5223 1781 5295 νοερά
1797 5223 1841 5255 ⁸⁸

257 5309 357 5361 καὶ
379 5308 592 5377 λογικά,
626 5310 960 5380 γνωστικῶς·
994 5296 1065 5365 τά
1086 5313 1145 5366 δὲ
1184 5313 1449 5393 ὑφειμένα
1486 5313 1716 5380 τούτων,
1759 5316 1844 5368 αί-

260 5401 538 5466 σθητικῶς
572 5403 615 5435 δ’
636 5421 650 5434 ·
698 5406 790 5458 καὶ
820 5404 889 5458 τά
930 5404 1067 5461 ἀλλα
1087 5406 1231 5461 κατά
1255 5406 1491 5485 ζωτικὴν
1532 5408 1769 5485 κίνησιν,
1804 5407 1839 5482 ἦ

254 5496 493 5569 οὐσιώδη
521 5497 617 5551 καὶ
640 5497 861 5570 ὲκτικὴν
886 5500 1321 5572 ἐπιτηδειότητα.
1456 5494 1457 5497 “
1836 5494 1844 5505 ’

2041 1360 2314 1416 Caeterum
2357 1357 2403 1413 si
2447 1370 2755 1414 sermonem
2794 1370 3014 1412 omnem
3067 1352 3558 1425 cngnitionemque

1972 1452 2350 1520 transcendat,
2382 1464 2661 1519 supraque
2692 1457 2929 1503 mentem
2957 1446 3029 1505 sit
3053 1455 3109 1500 et
3134 1442 3456 1514 essentiam,
3478 1440 3551 1495 ut

1968 1547 2060 1617 qui
2091 1545 2273 1600 omnia
2308 1560 2407 1600 suo
2446 1545 2654 1600 ambitu
2705 1541 2985 1596 contineat
3014 1554 3079 1594 ac
3128 1535 3547 1605 complectatur,

1968 1649 2024 1695 et
2055 1638 2352 1708 anticipet,
2384 1639 2515 1707 quin
2542 1645 2596 1691 et
2628 1648 2848 1691 omnem
2881 1641 3096 1698 captum
3139 1638 3397 1697 superet,
3422 1642 3548 1702 cum

1969 1748 2146 1803 neque
2184 1732 2286 1787 sub
2338 1745 2557 1790 sensum
2590 1730 2773 1793 cadat,
2806 1739 2982 1795 neque
3027 1722 3144 1792 ejus
3173 1724 3248 1779 sit
3277 1721 3549 1791 imagina—

1970 1826 2066 1887 tio,
2102 1836 2203 1877 nec
2225 1820 2491 1892 Opinatio,
2519 1834 2704 1888 neque
2731 1832 2955 1881 nomen,
2990 1829 3168 1893 neque
3196 1828 3400 1880 sermo,
3448 1827 3547 1869 ne-
3613 1820 3637 1891 ξ.

1963 1929 2072 1985 que
2100 1921 2298 1976 tactus,
2330 1927 2510 1981 neque
2539 1910 2731 1965 notitia
2752 1949 2768 1973 ,
2802 1909 3076 1977 quomodo
3109 1907 3176 1962 de
3222 1904 3422 1960 divinis
3450 1918 3548 1958 no-
3622 1899 3631 1947 ἒ

1962 2006 2199 2061 minibus
2231 2021 2258 2059 a
2295 2004 2453 2058 nobis
2480 2018 2662 2059 sermo
2696 2001 3143 2065 concinnabitur,
3195 2012 3317 2053 cum
3350 1996 3546 2051 divini-

1962 2105 2130 2151 tatem
2160 2095 2307 2150 illam
2335 2095 2414 2149 uti
2445 2094 2708 2158 essentia,
2733 2092 2813 2147 sic
2840 2101 2894 2146 et
2913 2092 3134 2145 nomine
3164 2089 3355 2159 quovis
3378 2097 3547 2157 atque

1964 2185 2332 2256 appellatione
2362 2186 2629 2254 potiorem
2677 2197 2802 2238 esse
2850 2179 3287 2237 declaraverim?
3323 2178 3545 2249 Utique,

1962 2295 2023 2341 ut
2054 2285 2296 2339 diximus
2322 2283 2541 2353 quando
2574 2280 2917 2351 tbeologicas
2942 2278 3336 2347 descriptiones
3373 2290 3545 2346 expo-

1961 2375 2196 2443 suimus,
2227 2389 2393 2428 unum
2434 2371 2590 2437 illud,
2634 2372 2909 2442 ignotum,
2957 2382 3120 2438 supra
3151 2364 3542 2430 substantiam,

1960 2473 2143 2539 seipso
2167 2469 2395 2533 bonum,
2421 2465 2567 2536 quod
2588 2472 2690 2527 est,
2720 2462 2943 2526 trinam,
2969 2460 3213 2530 inquam,
3244 2457 3541 2521 unitatem,

1960 2559 2124 2615 simul
2156 2558 2349 2623 Deum,
2393 2555 2556 2612 simul
2603 2554 2847 2619 bonum,
2894 2565 3074 2621 neque
3105 2548 3290 2604 verbis
3337 2546 3541 2617 eloqui,

1961 2665 2143 2723 neque
2168 2649 2465 2720 cogitando
2507 2647 2727 2715 assequi
2774 2647 3057 2710 valemus;
3092 2648 3223 2713 quin
3253 2649 3308 2697 et
3358 2653 3545 2695 sacra-

1959 2760 2081 2800 rum
2131 2756 2348 2813 quoque
2396 2741 2661 2794 virtutum
2701 2753 2825 2793 cum
2877 2737 3167 2808 plusquam
3215 2736 3400 2806 ignota
3447 2731 3541 2787 illa

1958 2834 2127 2907 288
2167 2832 2569 2904 praelucidaque
2612 2830 2855 2885 bonitate
2908 2822 3363 2897 coniunctiones,
3419 2838 3543 2893 qua:

1959 2930 2171 3000 angelis
2201 2926 2566 2992 conveniunt,
2600 2924 2716 2978 sive
2750 2922 3144 2985 immissiones,
3196 2921 3313 2974 sive
3351 2930 3541 2973 susce:

1957 3022 2171 3093 ptiones
2199 3018 2530 3092 appellandae
2561 3016 2692 3081 sint,
2716 3025 2773 3069 et
2796 3012 3095 3069 inelIabiles
3128 3021 3274 3078 sunt,
3300 3020 3356 3067 et
3386 3011 3542 3079 igno-

1960 3102 2047 3180 tte,
2111 3100 2351 3182 solis-que
2411 3110 2516 3171 illis
2573 3110 2778 3173 insunt,
2834 3107 2927 3176 qui
2989 3114 3189 3174 praeter
3235 3101 3540 3173 angelicam

1958 3207 2345 3275 cognitionem,
2376 3217 2485 3256 una
2512 3216 2636 3256 cum
2666 3198 2873 3271 angelis
2897 3211 2991 3252 eas
3023 3194 3537 3265 acceperuntJien-

1960 3282 2041 3350 tes
2073 3296 2256 3363 itaque
2291 3292 2588 3348 deiformes
2636 3289 2707 3342 ad
2754 3286 3107 3357 angelorum,
3146 3297 3408 3358 quantum
3452 3282 3539 3337 fas

1956 3398 2060 3453 est,
2093 3387 2446 3443 imitationem
2480 3386 2648 3437 haece
2681 3381 2891 3435 ratione
2919 3380 3029 3433 Deo
3056 3378 3221 3433 unita:
3248 3376 3538 3447 (siquidem

1955 3496 2053 3551 per
2082 3494 2295 3534 onmem
2330 3477 2583 3532 mentalis
2625 3472 2963 3547 operationis
2992 3470 3337 3551 vacationem
3383 3470 3536 3540 ejus-

1955 3572 2164 3627 cemodi
2210 3570 2587 3625 deiﬁcatarum
2636 3567 2900 3621 mentium
2961 3566 3028 3620 ad
3081 3547 3394 3637 supremum
3439 3561 3534 3618 Dei

1954 3661 2135 3716 lumen
2170 3660 2297 3714 uniu
2327 3658 2563 3728 exsistit)
2583 3657 2808 3711 laudant.
2839 3657 3016 3726 ipsum
3054 3653 3429 3731 propriissime
3459 3666 3531 3729 ex

1956 3767 2139 3809 rerum
2184 3750 2427 3804 omnium
2474 3749 2789 3815 ablatione,
2835 3749 2940 3803 hoc
2970 3761 3040 3801 ex
3083 3744 3400 3822 beatissima
3443 3744 3533 3798 illa

1955 3859 2078 3898 cum
2118 3844 2229 3897 Deo
2261 3839 2465 3894 unione
2495 3855 2657 3908 supra
2688 3847 2943 3894 naturam
2975 3851 3101 3893 vere
3129 3851 3228 3908 per
3260 3835 3534 3911 illumina-

1957 3935 2161 3991 tionem
2190 3932 2454 3996 eruditae,
2503 3941 2562 3985 ut
2617 3930 2758 3986 Deus
2804 3929 3048 3985 onmium
3086 3928 3311 3998 quidem
3348 3942 3532 3982 rerum

1954 4041 2118 4083 causa
2150 4025 2251 4089 sit,
2288 4026 2405 4095 ipse
2458 4037 2585 4077 vero
2637 4022 2775 4076 nihil
2805 4038 2993 4077 earum
3040 4023 3292 4089 exsistat,
3325 4021 3419 4075 sed
3459 4020 3541 4093 ab,

1955 4120 2213 4175 omnibus
2245 4118 2317 4171 sit
2344 4114 2883 4187 superessentialiter
2911 4126 3219 4189 exemptus.
3260 4114 3408 4193 Illam
3432 4114 3531 4193 igi-

1956 4220 2043 4265 tur
2095 4208 2331 4265 divinam
2377 4222 2708 4279 supraquam
2735 4196 3097 4281 substantiam
3123 4245 3139 4272 ,
3172 4192 3532 4281 quodcunque

1953 4310 2039 4357 est
2087 4299 2175 4354 illa
2222 4313 2549 4369 supraquam
2583 4298 2825 4353 essentia
2876 4297 3162 4375 bonitatis,
3198 4282 3318 4366 quae
3363 4312 3530 4367 supra

1953 4393 2254 4449 bonitatem
2287 4401 2395 4457 est,
2432 4405 2615 4460 neque
2640 4399 2894 4460 tanquam
2920 4391 3189 4451 rationem
3218 4399 3311 4444 aut
3332 4398 3528 4460 poten-

1954 4488 2123 4550 tiam,
2156 4497 2332 4553 neque
2367 4493 2627 4552 tanquam
2675 4489 2948 4548 mentem,
2997 4489 3092 4536 aut
3143 4482 3525 4549 substantiam,

1954 4587 2048 4655 aut
2075 4578 2240 4655 vitam
2289 4575 2540 4651 laudibus
2582 4575 2863 4632 celebrare
2914 4577 2997 4633 fas
3020 4586 3105 4633 est
3134 4577 3225 4632 ulli
3255 4577 3350 4648 qui
3385 4579 3529 4634 veri-

1956 4671 2104 4749 tatis,
2152 4684 2272 4739 qua:
2307 4686 2470 4740 supra
2513 4686 2731 4727 omnem
2764 4672 3054 4727 veritatem
3084 4681 3189 4739 est,
3215 4675 3289 4728 sit
3315 4676 3529 4731 studio-

1952 4778 2093 4819 sus:
2128 4762 2376 4832 quinimo
2433 4762 2662 4817 laudare
2706 4778 2828 4818 eam
2875 4774 3112 4834 oportet,
3166 4774 3428 4835 tauquam
3455 4767 3527 4821 ab

1952 4855 2100 4910 omni
2136 4853 2351 4922 babitu,
2393 4865 2573 4921 motu,
2602 4856 2747 4921 vita,
2780 4857 3171 4927 imaginatione
3191 4896 3207 4924 ,
3237 4859 3523 4929 opinione,

1954 4947 2201 5013 nomine,
2253 4961 2529 5016 sermone,
2569 4948 2924 5016 cogitatione,
2972 4949 3365 5021 intelligentia,
3394 4951 3527 5006 sub-

1950 5040 2176 5105 stantia,
2200 5048 2372 5107 statu,
2408 5038 2760 5109 fundatione,
2796 5042 3032 5110 unione,
3064 5044 3197 5112 (ine,
3243 5046 3523 5102 immensi-

1951 5139 2088 5199 tate,
2116 5132 2351 5203 denique
2379 5133 2447 5188 ab
2476 5132 2729 5189 omnibus
2751 5148 3093 5205 quaecunque
3132 5146 3298 5203 sunt,
3323 5153 3516 5208 super-

1949 5222 2056 5277 late
2076 5223 2426 5279 abstractam.
2467 5221 2733 5290 Quoniam
2761 5238 2891 5278 vero
2927 5234 2987 5279 ut
3022 5225 3140 5296 ipsa
3179 5226 3420 5293 bonitas,
3455 5242 3523 5284 eo

1947 5316 2066 5386 ipso
2089 5316 2234 5385 quod
2266 5323 2371 5381 est,
2403 5314 2649 5368 omnium
2681 5330 2846 5370 causa
2874 5326 2985 5384 est,
3015 5319 3357 5389 providentia
3400 5320 3518 5385 Dei,
3618 5311 3628 5317 ’

1945 5423 2137 5464 eorum
2186 5411 2279 5478 qui
2327 5408 2403 5464 dii
2452 5409 2710 5462 dicuntur
2744 5410 3040 5482 principis,
3096 5426 3217 5482 quae
3272 5396 3523 5470 omnium

1946 5502 2212 5561 bonorum
2244 5504 2571 5575 principium
2595 5515 2712 5574 est,
2756 5504 2825 5560 ab
2872 5504 3123 5561 omnibus
3164 5504 3375 5562 eﬁ‘eCtis
3404 5506 3521 5563 lau—

1540 5636 1775 5710 VARLE
1808 5636 2220 5694 LECTIONES.

316 5753 364 5786 ⁸³
387 5752 826 5829 ειί,κα“ε-κοεζττόν
849 5754 993 5829 ἐστι..
1025 5753 1094 5829 Ρζ
1219 5756 1334 5813 hinc
1362 5757 1554 5829 desunt
1577 5757 1631 5810 irt
1651 5755 1719 5829 VS.
1881 5756 2042 5829 “jp.
2066 5756 2503 5829 ὑπεράγνωστον.
2554 5756 2616 5829 Α³⁶
2636 5756 2785 5829 ἱερᾶς
2797 5758 3097 5829 ἐνεργείας,
3126 5758 3226 5812 Ch.
3289 5756 3332 5789 ³⁷
3350 5755 3519 5829 βπερ-

260 5824 376 5880 οε».
403 5815 476 5871 Μ.
544 5819 828 5876 “additur
849 5820 903 5875 in
936 5821 1002 5878 Μ.
1027 5824 1134 5878 τῶν
1156 5826 1340 5881 ὄντων.
1420 5830 1462 5861 ³⁹
1492 5827 1741 5896 ῦπαρξις,
1774 5828 1829 5881 ι».

1902 5825 1947 5858 ⁸ο
1973 5825 2188 5897 ἐπειδή,
2212 5829 2267 5881 l'.
2338 5830 2384 5860 δι
2412 5829 2479 5881 τὰ
2508 5825 2611 5898 μὴν
2637 5825 2727 5881 οὖν
2756 5825 2944 5899 νοερά,
2966 5828 3022 5885 Ρ.
3060 5828 3102 5861 δ’
3130 5827 3424 5901 αἰσθητῶς,
3455 5825 3516 5885 5ο
