3876 6226
380 350 488 409 5'38

1525 360 1583 419 S.
1619 359 1915 418 DlONYSll
1948 361 2406 420 AREOPAGI'UE

3518 368 3626 426 596

380 492 556 548 danda
603 503 725 564 est;
765 497 891 568 quia
935 510 992 554 et
1040 498 1247 555 circum
1282 499 1452 569 ipsam
1491 508 1621 555 sunt
1658 501 1958 566 omnia,.et
2003 511 2227 569 propter
2252 502 2449 570 ipsam,
2479 508 2533 555 et
2581 501 2691 571 ipsa
2750 511 2836 557 est
2878 512 3005 557 ante
3038 501 3258 567 omnia,
3305 508 3359 557 et
3407 499 3461 555 in
3506 500 3626 569 ipsa

379 582 561 638 omnia
592 585 921 651 consistunt,
946 595 1001 643 et
1026 602 1149 643 esse
1178 601 1298 642 eam
1349 587 1601 658 producit
1637 591 1817 646 omnia
1838 629 1853 654 ,
1888 599 1944 645 et
1981 590 2118 647 facit
2170 601 2229 645 ut
2274 594 2565 657 exsistant,
2604 608 2834 663 eantque
2862 594 3044 648 omnia
3077 602 3367 664 appetunt;
3399 592 3627 662 spirita-

382 673 452 729 lia
483 680 701 748 quidem
735 697 801 737 ac
825 680 1111 737 rationalia
1158 682 1416 750 scienter,
1470 683 1619 739 hisce
1664 684 1952 755 inferiora,
1984 685 2306 753 sensiliter;
2348 696 2548 743 caetera
2578 701 2707 745 vero
2752 687 2837 742 vel
2866 703 2963 758 per
3008 696 3213 744 motum
3249 685 3488 752 vitalem,
3540 686 3632 743 vel

380 773 819 841 substantialem,
853 774 938 831 vel
970 774 1400 831 babitudinalem
1425 776 1804 847 aptitudinem.

1921 918 1950 991 ᾗ
2004 916 2113 981 Vl.

455 1025 571 1083 [loc
600 1026 768 1098 igitur
805 1044 931 1085 eum
962 1031 1168 1088 scirent
1216 1034 1481 1106 theologi,
1520 1035 1689 1090 Deum
1733 1035 1953 1091 laudant

2131 1038 2302 1093 Τοῦτο
2330 1036 2461 1108 γοῦν
2500 1037 2699 1103 εἰδότες
2730 1039 2777 1092 oi
2811 1036 3068 1108 θεολόγοι,
3107 1038 3200 1092 καὶ
3237 1036 3312 1102 ib;
3352 1036 3636 1110 ἀνώνυμον

382 1129 439 1177 et
461 1130 718 1190 tanquam
746 1124 967 1179 nomine
996 1134 1300 1191 carentem,
1344 1136 1400 1185 et
1437 1128 1506 1185 ab
1533 1129 1680 1183 omni
1712 1130 1948 1184 nomine.

383 1212 667 1283 Tanquam
704 1215 925 1271 nomine
966 1227 1283 1285 carentem,
1314 1231 1375 1275 ut
1402 1234 1524 1276 cum
1557 1221 1711 1275 aiunt
1735 1262 1750 1283 ,
1784 1221 1952 1275 Deum

383 1306 561 1375 ipsum
596 1306 650 1361 in
682 1322 787 1361 una
816 1322 882 1361 ex
910 1310 1159 1381 mysticis
1192 1310 1494 1369 visionibus
1526 1313 1841 1383 symbolice
1863 1328 1955 1380 ap-

382 1398 671 1469 paritionis
724 1400 817 1456 Dei
871 1401 1185 1471 increpasse
1210 1418 1332 1457 eum
1378 1403 1469 1475 qui
1513 1403 1769 1461 dixerat:
1802 1404 1954 1469 Quod

380 1502 457 1546 est
490 1509 676 1546 nomen
704 1502 852 1546 tuum
891 1494 954 1548 ιτ
991 1504 1046 1551 et
1077 1505 1331 1567 tanquam
1355 1496 1423 1551 ab
1454 1497 1602 1551 omni
1641 1498 1825 1551 divino
1853 1512 1955 1551 no-

385 1584 533 1639 tuine
581 1586 967 1653 abducentent,
1020 1589 1267 1644 dixisse:
1323 1588 1502 1654 Quare
1548 1588 1847 1659 interrogas
1892 1592 1958 1643 de

382 1692 500 1731 meo
530 1678 782 1732 nomine?
822 1689 875 1733 et
918 1680 1017 1735 hoc
1060 1692 1134 1734 est
1184 1680 1498 1734 admirabile
1526 1692 1577 1734 ιι.
1616 1681 1811 1735 Annon
1872 1690 1958 1735 est

385 1762 491 1819 hoc
523 1780 652 1821 vere
694 1782 889 1824 nomen
922 1770 1262 1835 admirabile,
1313 1770 1458 1840 quod
1485 1779 1569 1825 est
1608 1786 1772 1839 supra
1799 1785 1960 1825 omne

384 1857 553 1929 289
578 1873 795 1928 nomen,
827 1861 971 1931 quod
1001 1872 1153 1917 caret
1182 1865 1418 1931 nomine,
1470 1866 1615 1935 quod
1658 1872 1741 1919 est
1788 1863 1960 1918 collo-

385 1961 572 2007 catum
604 1968 769 2023 super
797 1971 949 2011 omne
973 1973 1185 2024 nomen,
1223 1960 1364 2026 quod
1399 1959 1739 2025 nominatur,
1768 1959 1875 2013 sive
1904 1959 1959 2010 in

384 2046 484 2099 hoc
524 2045 741 2112 swculo,
775 2047 881 2101 sive
903 2048 956 2100 in
993 2050 1173 2118 futuro
1198 2050 1270 2103 *Ἰ
1305 2049 1595 2106 Multorum
1624 2064 1756 2104 vero
1781 2049 1959 2103 nomi-

387 2152 517 2190 num
553 2137 784 2204 faciunt,
817 2149 876 2193 ut
902 2154 1025 2194 cum
1063 2140 1240 2210 ipsum
1281 2141 1449 2196 Deum
1497 2142 1849 2196 introducunt
1883 2140 1965 2194 di-

359 2240 600 2283 'ceutem
635 2246 650 2284 :
690 2228 804 2298 Ego
830 2231 1062 2299 suntqui
1093 2248 1208 2285 sum
1242 2244 1292 2299 κ,
1321 2233 1454 2301 vita,
1497 2232 1610 2300 lux,
1657 2232 1836 2299 Deus,
1867 2248 1963 2287 ve-

2052 1131 2220 1203 αὐτὴν
2254 1132 2500 1202 ὑμνοῦσι,
2534 1134 2628 1186 καὶ
2674 1134 2737 1186 ἐκ
2779 1132 2978 1196 παντὸς
3008 1132 3288 1202 ὀνόματος.
3328 1130 3638 1202 Ἀνώνυμον

2059 1223 2158 1292 μὲν
2208 1223 2284 1287 ib;
2332 1224 2462 1277 ὅταν
2509 1224 2641 1293 φασὶ
2673 1224 2741 1298 ⁸³,
2790 1223 2891 1294 τὴν
2934 1223 3189 1294 Θεαρχίαν
3229 1223 3398 1294 αὐτὴν
3443 1224 3502 1276 tv
3537 1224 3641 1295 μιᾷ

2054 1314 2166 1367 τῶν
2194 1316 2470 1391 μυστικῶν
2490 1315 2587 1385 τῆς
2624 1315 2953 1393 συμϐολικῆς
2973 1314 3018 1345 ⁸⁸
3040 1314 3354 1384 θεοφανείας
3392 1316 3640 1387 όράσεων

2059 1404 2354 1474 ἐπιπλῆξαι
2401 1403 2479 1476 τῷ
2515 1407 2745 1481 φήσαντι
2783 1405 2862 1437 ⁸⁵·
2911 1405 2971 1460 Τί
3013 1403 3079 1457 τὸ
3120 1403 3305 1475 ὄνομά
3336 1420 3493 1469 σου;
3542 1405 3643 1457 καὶ

2058 1496 2245 1567 ὥσπερ
2275 1498 2382 1550 ἀπὺ
2427 1498 2608 1569 πάσης
2641 1498 2800 1557 αὐτὸν
2838 1497 3177 1576 θεωνυμικῆς
3202 1495 3453 1564 γνώσεως
3490 1496 3641 1549 ἀπά-

2057 1606 2278 1660 γουσαν,
2318 1591 2481 1661 φάναι
2520 1591 2614 1644 τό’
2652 1592 2761 1648 Καὶ
2797 1592 2952 1645 ινατι
2991 1587 3210 1663 ἐρωτᾷς
3247 1587 3313 1643 τὸ
3362 1587 3407 1620 ⁸⁸
3450 1586 3645 1656 ὄνομά

2054 1700 2174 1753 μου
2192 1700 2211 1747 ;
2227 1683 2325 1735 καὶ
2343 1682 2500 1736 τοῦτ’
2518 1682 2649 1736 ἐστι
2666 1682 3030 1751 θαυμαστόν.
3066 1680 3133 1733 Ἦ
3152 1679 3271 1751 οὐχὶ
3295 1678 3451 1732 τοῦτο
3470 1677 3644 1740 ὅντως

2059 1776 2177 1830 ἐστὶ
2221 1776 2281 1828 τὸ
2328 1773 2638 1845 Θαυμαστὸν
2676 1773 2868 1842 ὄνομα,
2902 1771 2963 1825 τὸ
3010 1771 3151 1842 ὑπὲρ
3202 1773 3309 1824 πᾶν
3349 1770 3539 1841 ὄνομα,
3581 1769 3646 1823 τὸ

2061 1863 2369 1934 ἀνώνυμον,
2390 1863 2450 1915 τὸ
2474 1862 2698 1927 παντὸς
2720 1859 3189 1929 ὑπεριδρυμένον
3208 1861 3495 1929 ὀνόματος
3516 1860 3650 1911 ὀνο-

2055 1956 2421 2030 μαζομένου,
2458 1954 2577 2008 εἴτε
2612 1953 2683 2006 ἐν
2722 1953 2802 2019 τῷ
2843 1952 3010 2006 αἰῶνι
3046 1953 3253 2019 τούτῳ,
3291 1952 3410 2005 εἴτε
3450 1951 3517 2002 ἑν
3561 1949 3647 2015 τῷ

2057 2049 2343 2120 μέλλοντι
2362 2063 2382 2112 ;
2410 2044 2763 2120 Πολυώνυμον
2787 2043 2863 2108 δὲ,
2888 2044 2963 2107 ib;
2999 2043 3125 2097 ὅταν
3150 2039 3304 2105 αὖθις
3341 2042 3508 2111 αὐτὴν
3530 2042 3649 2093 εἱσ-

2063 2142 2238 2209 άγωσι
2284 2139 2595 2210 φάσκουσαν
2617 2153 2630 2167 ο
2682 2135 2827 2204 'Ercb
2848 2137 2963 2205 εἰμι
2990 2138 3022 2188 ό
3057 2132 3161 2187 ὧν·
3190 2136 3221 2207 ἡ
3260 2131 3393 2203 ζωὴ,
3416 2131 3478 2184 τὺ
3502 2130 3644 2200 φῶς,

2063 2236 2092 2287 ὁ
2125 2232 2284 2296 Θεὸς,
2322 2232 2361 2308 ἡ
2391 2228 2647 2300 ἀλήθεια,
2692 2229 2786 2281 καὶ
2809 2229 2935 2281 ὅταν
2970 2227 3121 2287 αὐτοὶ
3153 2226 3261 2277 τῶν
3306 2226 3519 2281 πάντων
3554 2222 3646 2275 αἴ-

385 2325 559 2393 ritas;
591 2333 646 2380 et
675 2339 800 2380 cum
826 2324 1103 2395 sapientes
1160 2325 1334 2396 ipsum
1366 2326 1531 2379 Deum
1564 2326 1806 2380 omnium
1834 2323 1964 2380 οσο-

2068 2342 2177 2377 τιον
2205 2322 2247 2354 ⁸⁷
2271 2324 2319 2375 οἱ
2351 2320 2597 2396 θεόσὲροι
2622 2318 2989 2390 πολυωνύμως
3012 2318 3075 2369 ὲκ
3102 2316 3317 2369 πάντων
3339 2313 3447 2367 τῶν
3470 2316 3650 2367 αίτια-

384 2429 594 2473 ctorem
622 2418 692 2471 ab
720 2419 974 2473 omnibus
1005 2388 1214 2475 ell'ecti‘s
1258 2419 1504 2485 laudant,
1551 2430 1608 2473 ut
1643 2418 1869 2484 bonum,
1904 2428 1963 2473 ut

2068 2414 2171 2470 τῶν
2206 2388 2589 2484 iich
2633 2410 2855 2477 ἀγαθὸν,
2879 2388 2972 2473 ὡς
3007 2408 3190 2472 καλὸν,
3234 2408 3308 2473 ὡς
3348 2407 3526 2476 σοφὸν,
3570 2407 3649 2470 ὡς

380 2509 701 2579 pulchrum,
736 2518 794 2565 ut
847 2511 1175 2581 sapientem,
1223 2519 1283 2564 ut
1340 2511 1631 2575 dilectum,
1685 2520 1742 2563 ut
1789 2510 1961 2564 Deum

386 2602 653 2666 deorum,
698 2610 759 2656 ut
796 2602 1088 2660 Dominum
1143 2604 1525 2671 dominorum,
1583 2612 1642 2657 ut
1700 2602 1959 2658 Sanctum

387 2701 726 2758 sanctorum,
764 2703 821 2748 ιιι
846 2702 1130 2760 aeternum,
1164 2703 1223 2749 ut
1251 2710 1373 2750 eum
1403 2697 1495 2764 qui
1536 2704 1650 2759 est,
1681 2705 1739 2748 ut
1770 2705 1960 2749 aucto—

387 2800 504 2839 rem
535 2786 879 2851 swculorum,
916 2785 1309 2857 utlargitorem
1344 2787 1488 2854 vitae,
1516 2796 1576 2841 ut
1611 2789 1959 2856 sapientiam,

389 2885 451 2933 ut
483 2887 740 2941 mentem,
768 2886 825 2932 ut
852 2877 1114 2944 Verbum,
1150 2887 1208 2933 ut
1250 2879 1586 2946 cognitorem
1611 2917 1628 2945 ,
1680 2888 1738 2931 ut
1772 2893 1959 2947 snper-

386 2967 499 3025 late
543 2969 832 3025 habentem
866 2985 1057 3025 omnes
1088 2971 1377 3025 thesauros
1408 2970 1588 3024 omnis
1618 2969 1876 3032 scientiae,
1909 2977 1965 3024 ut

388 3060 712 3129 potentiam,
751 3068 809 3115 ut
836 3068 1132 3129 potentem,
1164 3069 1222 3114 ιιι
1253 3058 1454 3127 Regem
1480 3075 1692 3129 regum,
1728 3071 1785 3112 ιιι
1821 3059 1967 3112 anti-

388 3166 558 3219 quum
590 3152 840 3218 dierum,
889 3160 948 3209 ut
991 3166 1099 3207 non
1148 3160 1521 3207 senescentem
1564 3162 1620 3205 et
1653 3151 1966 3207 immutabi-

389 3240 517 3306 lem,
556 3250 615 3293 ut
642 3240 892 3307 salutem,
938 3249 996 3295 ut
1034 3240 1324 3310 justitiam,
1353 3250 1412 3295 ut
1453 3241 1964 3306 sanctiﬁcationem,

390 3342 449 3388 ut
471 3335 921 3403 redemptionem,
967 3345 1026 3390 ut
1064 3335 1438 3405 magnitudine
1470 3337 1654 3389 omnia
1703 3350 1967 3405 superan-

389 3435 520 3491 tem,
549 3435 605 3480 et
631 3434 689 3481 ιιι
712 3426 764 3480 in
784 3441 916 3485 aura
950 3429 1116 3486 tenui.
1145 3427 1304 3499 Atqui
1351 3437 1409 3482 et
1449 3427 1502 3481 in
1530 3427 1805 3482 utentibus
1841 3441 1964 3481 cum

2265 2390 2556 2407 pm

2062 2504 2378 2577 ἀγαπητὸν,
2429 2501 2505 2566 ib;
2556 2502 2689 2554 Θεὸν
2725 2501 2890 2566 Θεῶν,
2929 2500 3005 2564 ib;
3050 2500 3251 2569 Κύριον
3302 2498 3526 2570 κυρίων,
3569 2498 3649 2562 ib;

2065 2598 2251 2665 Ἀγιον
2278 2594 2469 2665 ἁγίων,
2507 2592 2582 2658 ib;
2624 2590 2857 2657 αἰώνιον,
2889 2590 2965 2654 ib;
2999 2590 3146 2654 ὄντα,
3186 2589 3280 2642 καὶ
3316 2589 3392 2652 ib;
3432 2587 3650 2640 αἰώνων

2058 2689 2263 2742 αἴτιον·
2312 2688 2388 2751 ib;
2441 2684 2587 2763 ζωῆς
2627 2684 2881 2757 χορηγὸν,
2930 2682 3007 2747 ib;
3048 2683 3261 2751 σοφίαν,
3287 2681 3362 2744 ib;
3390 2680 3533 2745 νοῦν,
3570 2680 3649 2742 ib;

2059 2781 2252 2849 Λόγον,
2299 2779 2375 2844 ὡς
2401 2778 2671 2849 γνώστην,
2712 2777 2789 2839 ὡς
2833 2773 3173 2845 ὑπερέχοντα
3201 2772 3246 2804 ⁸⁸
3284 2773 3492 2835 πάντας
3519 2773 3653 2834 τοὺς

2061 2871 2372 2943 θησαυροὺς
2405 2871 2625 2942 ἀπάσης
2650 2868 2696 2903 δ’
2719 2865 3003 2943 γνώσεως,
3040 2864 3115 2927 ib;
3144 2863 3402 2935 δύναμιν,
3437 2864 3513 2927 ib;
3558 2864 3656 2916 δυ-

2059 2968 2283 3037 νάστην,
2318 2965 2395 3030 ib;
2423 2946 2658 3018 Βασιλέα
2702 2961 2811 3014 τῶν
2851 2958 3254 3029 βασιλευόντων,
3301 2956 3375 3019 ib;
3418 2954 3653 3009 παλαιὸν

2066 3059 2291 3130 ἡμερῶν
2310 3096 2324 3121 ,
2359 3056 2434 3119 ib;
2471 3055 2566 3109 καὶ
2597 3054 2788 3125 ἀγήρω
2820 3052 2916 3112 καὶ
2954 3049 3327 3114 ἀναλλοίωτον,
3362 3051 3435 3112 ὡς
3473 3064 3654 3117 σωτη-

2073 3151 2214 3223 ρίαν,
2242 3150 2317 3214 ώς
2338 3147 2703 3219 δικαιοσύνην,
2728 3146 2803 3208 ib;
2837 3145 3127 3216 ἁγιασμὺν,
3154 3143 3229 3207 ὡς
3252 3142 3652 3213 ἀπολύτρωσιν,

2068 3247 2146 3310 ib;
2182 3249 2239 3299 tv
2280 3243 2499 3317 μεγέθει
2535 3244 2752 3298 πάντων
2786 3240 3140 3317 ὑπερέχοντα,
3170 3238 3264 3290 καὶ
3300 3236 3375 3298 ib;
3411 3236 3469 3287 ἐν
3508 3233 3660 3304 αὔρᾳ

2070 3337 2261 3408 λεπτῇ.
2289 3336 2399 3388 Καί
2432 3351 2495 3403 γε
2519 3333 2614 3393 καὶ
2648 3334 2706 3386 tv
2754 3331 2900 3394 νὸοις
2925 3332 2970 3361 ⁵⁸
3009 3328 3171 3381 αὐτὸν
3206 3322 3347 3379 εἷναί
3367 3341 3519 3394 φασι,
3556 3324 3660 3377 καὶ

2072 3429 2130 3483 ἐν
2162 3428 2359 3499 ψυχαῖς
2390 3426 2486 3478 καὶ
2527 3426 2584 3478 tv
2624 3422 2858 3494 σώμασι,
2887 3422 2981 3474 καὶ
3015 3422 3072 3472 tv
3104 3417 3315 3494 οὐρανῷ
3353 3416 3448 3470 καὶ
3478 3416 3533 3467 ὲν
3556 3418 3656 3485 τῇ,

389 3534 513 3577 ωε
538 3519 747 3585 dicunt,
780 3530 836 3575 et
868 3523 921 3575 in
949 3522 1145 3579 animis
1180 3530 1235 3575 et
1266 3523 1608 3591 corporibus,
1653 3529 1708 3575 et
1735 3521 1788 3574 in
1829 3520 1964 3576 caelo

2072 3521 2167 3575 καὶ
2202 3519 2318 3589 ἅμα
2359 3518 2415 3570 tv
2448 3513 2631 3585 ταύτῷ
2675 3514 2767 3567 τὸν
2800 3511 2961 3565 αὑτὸν
2984 3551 2999 3577 ,
3050 3509 3340 3578 ὲγκόσμιον
3366 3545 3381 3569 ,
3425 3504 3658 3574 περικό-

390 3610 528 3667 etin
565 3620 730 3677 terra,
765 3621 822 3667 et
850 3611 1014 3669 simul
1044 3613 1095 3670 in
1123 3616 1313 3667 eodem
1358 3612 1634 3677 eumdem,
1671 3611 1724 3665 in
1759 3611 1967 3665 mundo

391 3704 538 3759 circa
589 3704 874 3769 mundum,
928 3719 1093 3772 super
1138 3704 1431 3771 mundum,
1486 3704 1967 3770 supracmlestem,

393 3795 919 3864 suprasubstuntiam
943 3836 958 3860 ,
990 3795 1197 3861 solem,
1231 3795 1467 3859 stellam,
1502 3795 1705 3864 ignem,
1744 3809 1967 3863 aquam,

395 3885 667 3955 spiritum,
709 3900 915 3952 rorem,
952 3886 1174 3952 nubem,
1218 3901 1314 3955 per
1342 3901 1400 3940 se
1437 3886 1696 3954 lapidem,
1733 3894 1967 3955 petram,

394 3981 578 4035 omnia
609 3995 730 4051 quae
760 3989 906 4047 sunt,
932 3989 988 4035 et
1014 3980 1149 4035 nihil
1172 3994 1359 4036 eorum
1386 3995 1507 4052 quae
1538 3988 1681 4037 sunt.

2076 3630 2252 3685 σμιον,
2270 3610 2656 3681 ὑπερκόσμιον,
2683 3606 3095 3677 ὑπερουράνιον,
3120 3598 3659 3670 ὑπερούσιον,ῆλιον,

2074 3704 2298 3774 ἀστέρα,
2335 3701 2467 3773 πῦρ,
2504 3698 2669 3769 ὕδωρ,
2695 3696 2931 3767 πνεῦμα,
2960 3695 3171 3765 δρόσον,
3205 3690 3454 3760 νεφέλην,
3490 3688 3660 3739 αὑτό-

2074 3796 2255 3860 λιοον,
2297 3796 2389 3848 καὶ
2434 3793 2672 3863 πέτραν,
2709 3790 2885 3843 πάντα
2916 3788 2987 3842 τὰ
3017 3788 3179 3853 ὄντα,
3220 3786 3313 3838 καὶ
3353 3782 3505 3836 οὐδὲν
3545 3782 3663 3835 τῶν

2071 3891 2258 3945 ὄντων.

1887 4120 1915 4193 5
1954 4116 2093 4176 vn.

468 4309 563 4366 Sic
602 4310 767 4382 igitur
796 4310 847 4365 ei
880 4311 973 4380 qui
1022 4311 1264 4371 omnium
1306 4324 1488 4365 rerum
1534 4323 1700 4363 causa
1748 4317 1874 4372 est,
1924 4317 1979 4361 et

398 4419 561 4473 supra
600 4404 805 4469 omnia,
834 4404 1087 4475 congruit
1114 4417 1305 4458 carere
1328 4402 1565 4466 nomine,
1592 4412 1644 4456 et
1668 4409 1979 4471 congruunt

403 4510 591 4549 rursus
619 4495 802 4549 omnia
845 4509 1023 4550 rerum
1065 4497 1305 4550 omnium
1340 4495 1577 4560 nomina,
1611 4502 1669 4547 ut
1703 4495 1772 4547 sit
1801 4493 1978 4561 perfe-

401 4597 488 4641 cte
536 4603 760 4655 regnum
808 4588 1181 4642 universitatis
1228 4603 1444 4651 rerum,
1501 4595 1555 4639 et
1597 4588 1745 4639 circa
1802 4586 1977 4655 ipsum

402 4680 516 4735 sint
550 4684 731 4734 omnia
752 4722 769 4745 ,
800 4696 866 4736 ex
897 4682 1013 4750 ipso
1033 4720 1050 4743 ,
1084 4690 1342 4749 tanquam
1373 4695 1439 4733 ex
1479 4694 1665 4743 causa,
1709 4678 1977 4747 pritcipio

2146 4303 2331 4368 Οὕτως
2364 4298 2478 4367 οὖν,
2507 4302 2575 4371 τῇ
2617 4298 2830 4353 πάντων
2857 4294 3008 4366 αἰτίᾳ
3046 4293 3139 4346 καὶ
3171 4290 3312 4361 ὑπὲρ
3353 4288 3528 4342 πάντα
3568 4289 3665 4341 οὖ-

2078 4413 2147 4470 σῃ
2167 4437 2181 4461 ,
2220 4398 2312 4450 καὶ
2343 4396 2403 4451 τὸ
2438 4392 2718 4462 ἀνώνυμον
2745 4388 3073 4459 ἐφαρμόσει,
3113 4385 3207 4437 καὶ
3238 4383 3415 4436 πάντα
3444 4380 3516 4433 τὰ
3545 4383 3664 4435 τῶν

2075 4489 2242 4541 ὄντων
2266 4488 2523 4558 ὀνόματα,
2548 4486 2634 4537 ἵνα
2660 4480 2903 4554 ἀκριϐῶς
2997 4477 3107 4531 τῶν
3139 4476 3273 4530 ὅλων
3316 4472 3564 4544 βασιλεία
3590 4475 3664 4538 ⁸¹,

2078 4583 2173 4634 καὶ
2206 4581 2335 4652 περὶ
2358 4578 2525 4649 αὐτὴν
2603 4575 2673 4628 τὰ
2698 4575 2894 4634 πάντα,
2922 4572 3018 4625 καὶ
3039 4569 3206 4639 αὐτῆς
3228 4568 3303 4630 ib;
3344 4566 3545 4629 αἰτίας,
3583 4565 3663 4629 ὡς

2078 4672 2271 4743 ἀρχῆς,
2304 4671 2378 4735 ib;
2407 4670 2661 4741 πέρατος,
2698 4663 3062 4736 ἐξηρτημένα,
3108 4661 3203 4713 καὶ
3234 4658 3393 4729 αὑτὴ,
3427 4656 3575 4710 κατά
3599 4657 3663 4709 τὸ

403 4783 459 4829 et
486 4774 593 4828 line
627 4783 818 4829 cuncta
843 4747 1135 4845 pendeant,
1163 4747 1217 4828 et
1246 4775 1358 4844 ipse
1386 4774 1489 4844 sit,
1533 4783 1593 4826 ιιι
1616 4774 1695 4826 ait
1730 4771 1964 4841 Scriptu-

2073 4767 2271 4835 λόγιον,
2309 4763 2345 4831 ᾖ
2375 4765 2445 4816 τὰ
2484 4761 2677 4815 πάντα
2718 4759 2788 4811 ἐν
2830 4756 3000 4819 πᾶσι,
3046 4753 3136 4808 καὶ
3158 4751 3372 4823 ἀληθῶς
3421 4751 3662 4821 ὑμνῆται

2133 4858 2142 4865 .
2334 4856 2344 4865 .
2511 4852 2522 4865 1
2685 4849 2696 4865 9
2846 4864 2849 4865 ,
2908 4847 2941 4865 ,1
2978 4847 3021 4865 ιο
3075 4846 3161 4865 “AA
3209 4840 3524 4865 __\--_._---.L
3567 4840 3658 4865 μ-ὶ

406 4880 486 4932 ra,
512 4865 690 4918 omnia
715 4865 770 4917 in
798 4866 1038 4917 omnibus
1054 4872 1105 4928 1,
1136 4877 1372 4932 vereque
1398 4862 1666 4925 laudetur,
1697 4867 1757 4914 ut
1795 4858 1964 4913 omnia

2074 4858 2291 4910 πάντων
2324 4852 2636 4914 ὑποστάτις,
2672 4847 2952 4919 ἀρχηγικὴ
2977 4847 3045 4909 δ’,
3074 4846 3167 4897 καὶ
3206 4840 3547 4911 τελειιιγτικὴ,
3567 4840 3663 4892 καὶ

405 4973 743 5027 procreatis,
776 4958 1058 5021 inchoans,
1090 4956 1401 5025 perﬁciens,
1427 4955 1834 5021 continensque,
1881 4966 1975 5004 eu-

2082 4946 2391 5017 συνεκτικὴ,
2430 4942 2640 5015 φρουρὰ
2687 4942 2783 4995 καὶ
2823 4940 2995 5003 ἑστία,
3020 4937 3271 5009 καὶπρὸς
3313 4933 3512 5005 ἑαυτὴν
3537 4936 3661 4986 επις

406 5049 581 5105 stodia
616 5064 682 5102 ae
716 5048 1086 5112 domicilium,
1115 5050 1411 5118 eademque
1448 5049 1515 5103 ad
1538 5063 1598 5103 se
1622 5061 1964 5110 convertens,

2085 5014 2403 5113 στρεπτικῆ,
2430 5014 2523 5091 καὶ
2558 5036 2731 5090 ταῦτα
2763 5033 3075 5106 ἡνωμένως,
3100 5030 3364 5101 ἀσχέτως,
3389 5025 3662 5098 ἐξῃρημέ-

406 5150 570 5207 atque
593 5138 709 5194 haec
732 5139 1036 5209 conjuncte,
1064 5141 1281 5205 invicte,
1304 5140 1662 5205 excellenter;
1695 5156 1800 5193 non
1828 5138 1974 5192 enim

363 5252 371 5266 ι
406 5230 581 5283 solum
604 5239 869 5284 estcausa
897 5230 1209 5283 continendi
1247 5232 1450 5295 omnia,
1488 5234 1721 5299 vitaeque
1754 5246 1817 5285 ac
1852 5245 1977 5299 per-

407 5317 695 5384 fectionis,
729 5318 803 5373 ita
835 5328 895 5373 ut
917 5319 985 5373 ab
1022 5323 1123 5373 hac
1152 5320 1289 5385 sola,
1326 5329 1420 5374 aut
1462 5320 1531 5373 ab
1554 5321 1659 5373 alia
1686 5319 1978 5385 providen-

2083 5151 2217 5198 νως¹
2258 5134 2318 5186 οὑ
2365 5132 2471 5203 γὰρ
2520 5131 2777 5201 συνοχῆς,
2818 5130 2851 5199 ἢ
2884 5127 3051 5196 ζωῆς,
3091 5120 3480 5197 ἢτελειώσεως
3516 5119 3660 5172 αἰτία

2088 5228 2247 5298 μόνον
2290 5227 2455 5287 ἐστὶν,
2503 5226 2590 5278 ἵνα
2638 5223 2746 5275 ἀπὸ
2782 5220 2948 5291 μόνης
2993 5219 3215 5286 ταύτης,
3256 5214 3423 5284 ἧτῆς
3468 5212 3657 5281 ἐτέρας

2044 5342 2047 5343 ν
2085 5319 2359 5390 προνοίας,
2389 5320 2421 5389 ἠ
2448 5314 2802 5387 ὑπερώνυμος
2827 5311 3097 5381 ἁγαθότης
3138 5304 3493 5378 ὀνομασθείη·
3523 5304 3656 5357 πάνυ

475 5441 494 5476 ι
520 5439 659 5493 Gen.
686 5453 861 5502 xxxii,
892 5435 985 5492 29.
1059 5448 1086 5475 ιι
1119 5436 1242 5491 Jud.
1280 5452 1398 5501 xm,
1426 5437 1510 5493 ‘18.
1609 5446 1635 5475 ν
1665 5437 1861 5507 Ephes.
1896 5444 1964 5502 l,'

2166 5448 2193 5475 ι
2222 5434 2388 5488 Exod.
2418 5449 2499 5494 ιιι,
2532 5430 2612 5486 li.
2722 5437 2748 5476 Υ
2776 5428 2793 5481 l
2820 5427 2947 5483 Cor.
2979 5441 3068 5489 xv,
3100 5424 3193 5481 28.

1682 5614 1916 5671 VARIIE
1952 5611 2363 5668 LECTIONES.

482 5736 525 5767 “
552 5737 729 5804 φῶσι,
761 5739 819 5793 D.
887 5738 933 5771 “

414 5806 727 5877 προέχοντα,
761 5808 825 5863 Μ.
860 5808 915 5863 S.
945 5806 1004 5864 υ.
1084 5812 1124 5843 ⁸³
1163 5806 1269 5863 ἀπὸ
1297 5811 1492 5879 πάσης,
1526 5806 1618 5862 Μ(
1663 5809 1707 5839 δ⁰
1736 5811 1861 5871 νοῐς.

948 5756 1040 5811 γρ.
1096 5736 1435 5809 συμϐολικῶν
1475 5738 1573 5809 τῆς
1609 5738 1890 5809 μυστικῆς.
1956 5736 2009 5815 1⁸⁸
2046 5736 2370 5805 φωνήσαντι,
2398 5730 2453 5786 S.
2524 5727 2839 5815 ’θγρ.αὖτό.
2918 5730 2960 5762 ⁵⁷
2985 5726 3072 5781 τὸν
3096 5725 3333 5791 πάντων,
3360 5722 3427 5778 Μ.
3514 5723 3559 5757 ⁸⁵³
3581 5720 3660 5786 ὡς

948 5811 1004 5864 D.
1084 5812 1124 5843 ⁸³
1163 5810 1269 5863 ἀπὸ
1297 5811 1492 5876 πάσης,
1526 5814 1591 5862 Μ.
1663 5809 1707 5839 δ⁰
1736 5811 1861 5871 νοῐς.
1943 5808 1982 5839 δι
2013 5804 2274 5876 βασίλεια,
2308 5804 2360 5858 υ.
2441 5804 2483 5834 ⁵³
2510 5800 2725 5872 ἀρχικη.
2775 5797 2834 5854 D.

2262 5844 2274 5869 ι
2308 5839 2360 5858 υ·
2510 5839 2725 5869 *ιἈυνιτ
2776 5839 2834 5854 υ·
