3876 6226
443 325 539 381 599
1634 319 1673 375 s
1733 317 2557 406 monstrassent;er
3596 314 3698 369 eoo

443 442 599 496 Licet
630 440 800 506 enim,
835 439 1032 508 inquit,
1060 454 1125 495 ex
1159 439 1528 494 materialibns
1556 440 1854 512 ascendere
1880 439 2147 507 possimus
2181 433 2244 512 ait
2282 436 2572 505 atiqnalem
2599 433 2966 512 cognitionem
3001 445 3184 512 rerum
3220 429 3694 512 intmateriarrnm,

445 528 552 565 non
588 523 766 562 tamen
789 502 1090 579 perfectam
1123 529 1135 564 :
1170 512 1293 578 quia
1328 528 1432 564 non
1481 519 1564 563 est
1617 502 1892 562 sttﬂiciens
1943 510 2282 584 comparatio
2340 502 2519 584 rerum
2557 504 2936 584 materialittm
2994 504 3060 554 ad
3117 502 3524 584 irumateriales.
3561 503 3694 557 Nam

445 574 853 644 similitudines,
883 582 926 632 si
961 597 1080 648 qua:
1108 598 1134 633 a
1171 574 1546 635 materialibus
1575 584 1642 634 ad
1677 574 2428 648 immaterialiaintelligenda
2455 576 2819 645 accipiuntur,
2864 583 2990 628 sunt
3023 574 3246 626 multum
3275 574 3572 628 dissimiles
3597 615 3612 638 ,
3640 587 3698 630 ut

446 651 734 726 Dionysius
771 651 1027 726 hoc_loco
1059 655 1237 726 docet.
1289 722 1317 726 _
1727 722 1737 726 Δ
1797 722 1809 726 _
2106 721 2116 726 _
2407 719 2418 726 _
2534 719 2565 726 __
2619 718 2658 726 _
2761 717 2773 726 _
2881 716 2893 726 _
3015 716 3027 726 '
3080 713 3113 726 Α
3165 713 3213 726 η
3289 715 3301 726 _

516 713 817 792 Notandum
848 721 954 792 hic,
988 723 1257 788 quomodo
1288 722 1428 775 Deus
1457 735 1559 774 non
1593 722 1766 792 possit
1797 721 2154 791 intelligentia
2182 719 2587 792 comprehendi.
2619 716 3055 792 Etcnim,_inqult
3080 713 3136 770 S.
3165 713 3427 792 Maximus
3455 715 3521 767 ad
3551 715 3695 792 hunc

448 791 645 868 locum,
678 791 721 842 si
756 806 873 868 qua:
905 786 1758 868 incorpore?substantiae-sunt,
1795 802 1847 844 et
1877 786 2182 868 simplices,
2200 799 2254 844 et
2283 786 2630 868 intellectiles
2656 829 2670 850 ,
2704 799 2760 841 et
2794 789 2980 852 unitze,
3015 786 3333 868 norinsolum
3375 801 3495 868 notr
3514 788 3693 868 strhji.

443 862 665 914 ciuntnr
693 861 965 922 sensibus,
995 858 1250 930 ut’angeli
1285 873 1339 916 et
1363 863 1580 924 animat,
1603 872 1662 916 tit
1689 879 1783 931 per
1805 879 1899 918 eos
1928 858 2184 931 cognosci
2219 861 2447 929 possint,
2481 860 2572 913 sed
2606 873 2778 924 neque
2819 872 2913 926 per
2961 858 3179 911 sensilia
3204 895 3219 919 ,
3259 871 3379 924 qua:
3413 858 3693 915 inferioris

441 931 653 1001 ordinis
693 941 855 996 sunt,
903 932 1213 1000 cognitione
1260 947 1357 986 eas
1405 935 1896 1001 comprehendere,
1932 948 2032 986 nec
2061 947 2250 986 earum
2281 931 2572 984 essentiam
2617 940 2863 998 spectare
2901 943 3227 1001 possumus,
3261 937 3467 1001 quanto
3513 934 3691 997 magis

442 1000 852 1078 excellit_Det_is,
883 997 1096 1065 sensus,
1129 1011 1185 1078 et
1209 1001 1454 1078 sensilia,
1477 997 1568 1072 qui
1602 1019 1707 1078 non
1736 1014 1820 1057 est
1847 1004 2182 1078 substantia,
2212 1001 2306 1057 sed
2341 1016 2505 1067 supra
2543 997 2886 1078 substantia:
2909 1013 3087 1066 neque
3114 997 3364 1078 simplex,
3401 1001 3496 1052 sed
3522 1015 3689 1078 supra

438 1085 600 1142 quam
633 1071 902 1137 simplex;
933 1086 1110 1140 neque
1165 1070 1510 1136 intellectus,
1561 1075 1654 1127 sed
1708 1090 1870 1142 supra
1927 1073 2293 1135 intellectum;
2328 1071 2744 1142 nequerunitas,
2793 1070 2887 1124 sed
2927 1070 3386 1142 supraunit‘atem
3411 1084 3427 1142 -,
3455 1083 3562 1142 nec
3584 1073 3692 1128 ullo

439 1139 672 1222 germine
699 1139 1182 1222 circumscriptus,_
1202 1143 1296 1196 sed
1336 1144 1610 1222 inﬁnitate
1633 1158 1728 1222 sua
1757 1139 2008 1222 omnibus
2032 1143 2246 1222 spltittis
2267 1160 2280 1195 :
2301 1141 2394 1222 (μιῃί
2429 1154 2486 1195 ιιι
2517 1141 2568 1194 ἱιι
2588 1149 2772 1222 seest,
2793 1154 2983 1222 neque
3007 1139 3220 1222 ratione
3238 1139 3691 1222 investigarifinc

437 1209 686 1278 intelligi,
715 1226 887 1281 neque
918 1208 1182 1266 nominari
1218 1222 1413 1282 potest.
1438 1212 1572 1267 Cum
1598 1214 1763 1283 igitur
1791 1215 1945 1267 audis
1977 1214 2028 1266 in
2052 1208 2333 1280 Scriptura
2364 1211 2591 1265 formam
2623 1212 2810 1273 Dei,et
2838 1210 3097 1283 speciem,
3121 1219 3175 1263 et
3195 1208 3427 1283 faciem,
3447 1208 3692 1283 intellige

435 1295 529 1348 per
558 1280 840 1353 anagogen
868 1324 882 1348 ,
911 1283 960 1335 id
996 1294 1080 1336 est
1116 1280 1325 1338 elevate
1355 1294 1410 1338 et
1434 1298 1595 1352 supra
1623 1280 1879 1353 corpora,
1906 1293 1964 1336 ut
1995 1285 2104 1338 Deo
2130 1284 2348 1352 dignum
2375 1292 2457 1336 est
2490 1300 2501 1336 :
2530 1297 2654 1336 cum
2689 1297 2816 1335 vero
2839 1281 3112 1353 unitatem
3132 1281 3306 1353 anilis,
3326 1296 3391 1332 ne
3417 1280 3690 1353 intelligas

436 1351 591 1418 quasi
625 1348 772 1404 varia
828 1354 1072 1420 quaedam
1124 1355 1189 1405 ad
1220 1354 1474 1408 unionem
1501 1348 1848 1409 concurrant
1875 1373 1886 1407 :
1926 1370 2030 1409 non
2071 1348 2213 1407 enini
2244 1355 2310 1406 de
2342 1354 2426 1406 his
2451 1367 2594 1408 nunc
2626 1367 2806 1406 sermo
2834 1351 2916 1414 ιιι,
2959 1351 3052 1405 sed
3082 1351 3148 1420 de
3179 1348 3302 1407 Deo.
3325 1352 3438 1420 hqui
3469 1368 3573 1407 nec
3597 1348 3690 1410 ἐει

438 1421 766 1493 principium
797 1419 1176 1486 numerorum,
1208 1439 1380 1492 neque
1411 1426 1769 1492 compositus,
1800 1428 1892 1477 sed
1919 1439 2079 1493 supra
2111 1424 2390 1490 simplices
2419 1424 2757 1477 substantias
2803 1423 3008 1475 unitos.
3055 1419 3249 1476 Unitas
3280 1419 3530 1477 elTectrix
3567 1427 3691 1478 nni—

438 1491 586 1565 tatis.
631 1490 927 1562 Postquam
961 1504 1140 1565 autem
1175 1490 1458 1565 Dionysius
1485 1490 1691 1564 eaquae
1731 1497 1798 1549 de
1835 1496 1943 1549 Deo
1987 1490 2134 1553 sunt,
2169 1510 2235 1546 ex
2281 1495 2543 1565 omnibus
2575 1508 2697 1562 qua:
2740 1493 2790 1546 in
2842 1507 3022 1565 rerum
3052 1499 3248 1565 natura
3282 1500 3412 1565 sunt
3460 1498 3687 1560 exemit,

435 1561 691 1641 deinceps
724 1561 956 1641 setiucns
984 1561 1414 1641 linguenos'traa
1442 1561 1660 1641 modum
1689 1566 1818 1635 (non
1847 1567 1992 1641 enim
2027 1579 2192 1641 s_upra_
2243 1565 2388 1617 hunc
2418 1563 2545 1641 ferri
2593 1561 2911 1641 possumus!
2948 1561 3160 1641 exnil'lis
3192 1561 3322 1641 ipsis
3359 1563 3528 1641 Deum
3574 1568 3691 1621 lau-

436 1635 551 1693 dat,
593 1646 623 1685 e
654 1634 851 1700 quibus
873 1649 995 1686 eum
1021 1632 1225 1689 exemit
1256 1648 1271 1688 :
1304 1645 1357 1689 et
1389 1637 1650 1688 unitatem
1672 1632 1831 1689 vocat
1861 1638 1955 1691 sed
1991 1635 2317 1688 effectricem
2349 1635 2640 1697 unitatum,
2672 1635 2722 1687 id
2761 1643 2846 1687 est
2869 1632 3196 1701 simplicium
3226 1634 3686 1702 substantiarum,

435 1710 495 1772 ut
517 1704 858 1769 angelorum,
891 1715 946 1757 et
968 1706 1270 1759 animarum
1307 1727 1316 1760 :
1360 1715 1414 1761 et
1445 1715 1680 1759 mentem
1713 1722 1818 1759 non
1845 1705 2233 1768 intellectilem,
2274 1705 2324 1756 id
2353 1716 2438 1757 est
2475 1719 2597 1766 quae
2625 1719 2655 1756 a
2689 1703 2828 1756 nulla
2860 1713 3042 1758 mente
3072 1702 3408 1772 intelligitur.
3443 1705 3499 1759 Si
3538 1712 3686 1762 enim

432 1771 609 1846 simile
638 1790 667 1846 _a
703 1773 868 1846 simili
899 1779 1264 1846 cognoscitur,
1300 1777 1344 1830 si
1372 1791 1527 1830 mens
1555 1787 1718 1840 esset,
1755 1788 2034 1846 oporteret
2071 1784 2128 1829 ut
2167 1790 2196 1828 a
2234 1775 2508 1827 mentibus
2539 1781 3009 1846 cognosceretur:
3044 1773 3112 1826 At
3145 1771 3262 1844 quis
3286 1777 3426 1828 norit
3458 1791 3689 1833 mentem

433 1840 649 1914 Domini
679 1845 746 1896 ιε)
776 1843 870 1897 Est
897 1840 1063 1912 igitur
1090 1861 1248 1900 mens
1281 1861 1442 1914 supra
1495 1855 1728 1905 mentem
1749 1886 1763 1910 ,
1792 1840 1856 1901 'et
1902 1862 2095 1900 nomen
2149 1860 2312 1914 supra
2341 1860 2502 1898 omne
2533 1840 2754 1898 nomen.
2793 1843 2854 1897 Et
2903 1861 3108 1907 nomen,
3146 1840 3341 1914 inquit,
3375 1863 3550 1901 meum
3583 1867 3690 1904 non

433 1912 766 1987 manifestam
798 1917 873 1968 eis
906 1926 952 1967 ³.
985 1912 1361 1981 Quamobrem
1382 1917 1636 1971 omnibus
1662 1928 1746 1971 est
1768 1919 1907 1987 .sine
1953 1919 2192 1969 nomine.
2218 1912 2345 1969 ‘Imo
2377 1931 2476 1968 nec
2503 1926 2734 1987 ensest.
2786 1914 2998 1970 Etenim
3031 1917 3170 1987 sirea
3205 1912 3324 1986 quin
3358 1929 3480 1970 sunt
3503 1936 3575 1973 ex
3606 1923 3691 1972 ni-

435 1982 745 2057 hilocreat,
778 1999 880 2038 non
914 1995 998 2038 est
1044 1987 1208 2053 igitur
1249 2004 1312 2040 ex
1352 1989 1415 2040 iis
1448 2002 1568 2054 qua:
1615 1982 1785 2050 sunt;
1808 1988 1900 2039 sed
1934 2003 2094 2057 supra
2143 2003 2203 2038 ea
2230 1996 2372 2054 gqme
2406 1995 2554 2038 sunt.
2587 1986 2742 2050 Quod
2783 1987 2825 2038 si
2869 1987 3039 2057 dicit:
3072 1985 3184 2056 Ego
3216 1982 3327 2041 sum
3363 1988 3453 2054 qui
3482 2008 3602 2042 sum
3635 1992 3688 2054 δ,

429 2051 671 2125 intelligo
701 2063 757 2108 ut
797 2057 975 2121 decet,
1007 2051 1128 2110 esée
1161 2058 1369 2110 scilicet
1400 2051 1517 2110 sine
1547 2059 1817 2124 principio
1868 2068 1922 2111 et
1955 2051 2075 2119 sine
2111 2051 2242 2113 line.
2263 2051 2392 2124 quin
2419 2057 2582 2109 etiam
2634 2055 3044 2110 inscrntabilem
3067 2100 3081 2125 ,
3115 2051 3168 2111 et
3199 2051 3452 2111 similiter
3478 2062 3531 2113 in
3562 2051 3689 2117 aliis

429 2137 550 2196 qua:
579 2123 686 2178 Deo
718 2135 910 2178 natura
940 2128 1288 2181 conveniunt.
1327 2128 1466 2181 Dicit
1495 2123 1661 2182 etiam
1705 2123 1873 2180 Deutn
1905 2143 2098 2182 vacare
2137 2123 2346 2180 ratione
2369 2138 2422 2179 et
2455 2127 2836 2194 intelligentia,
2869 2127 3009 2180 sicut
3037 2123 3176 2182 infra
3211 2144 3334 2195 cap.
3363 2127 3422 2190 ’1,
3453 2131 3685 2186 Paulum

431 2194 698 2268 imitatus,
731 2197 1051 2263 sapientiam
1097 2197 1190 2250 Dei
1241 2198 1449 2252 ratione
1480 2209 1760 2252 vacantem
1793 2210 1846 2250 et
1891 2199 2114 2251 stultam
2147 2207 2334 2262 vocat,
2369 2208 2424 2251 ut
2456 2198 2839 2253 excellentiam
2865 2197 2982 2263 ejus
3013 2194 3346 2268 signiﬁcaret
3371 2239 3386 2262 ,
3415 2203 3562 2268 quod
3610 2203 3684 2257 ita

427 2265 718 2338 antecellat
753 2277 1019 2320 rationem
1053 2279 1314 2329 nostram,
1353 2279 1409 2321 ut
1437 2285 1465 2321 a
1504 2269 1713 2324 ratione
1742 2269 1920 2324 aliena
1956 2270 2244 2330 habeatur,
2277 2269 2348 2320 ita
2378 2277 2637 2331 mentem,
2665 2278 2721 2338 ut
2753 2269 2989 2321 amentia
3033 2265 3089 2322 et
3135 2270 3362 2323 stultitia
3417 2265 3681 2338 putetur;

427 2333 509 2412 sic
542 2335 644 2412 hoc
677 2336 817 2398 loco,
851 2338 977 2404 quia
1003 2339 1239 2406 cognitio
1274 2339 1363 2412 Dei
1403 2339 1616 2412 infinito
1643 2340 2218 2412 intervallorationem
2251 2348 2538 2412 creaturae,
2576 2349 2629 2412 et
2674 2337 3004 2412 intellectum
3035 2380 3052 2405 ,
3096 2351 3152 2394 et
3193 2333 3575 2412 nomina-qna:
3616 2333 3687 2398 de

428 2401 541 2457 Deo
563 2404 817 2482 dicuntur
847 2401 1104 2482 superat}
1135 2425 1256 2462 cum
1285 2409 1485 2476 alioqui
1521 2410 1660 2482 Deus
1693 2425 1764 2482 ex,
1789 2410 2048 2482 omnibus
2071 2411 2337 2482 creaturis
2368 2425 2465 2482 per
2495 2409 2760 2482 rationem
2792 2401 3104 2474 investigari
3140 2412 3331 2479 possit,
3364 2420 3418 2464 et
3453 2401 3686 2482 intelligi

425 2487 493 2524 ac
526 2477 828 2540 nominari;
879 2479 1011 2549 dicit
1047 2488 1226 2532 tatnen
1267 2497 1391 2534 esse
1441 2496 1566 2534 eum
1613 2480 1857 2548 ἀλογίαν,
1911 2489 1956 2534 el

2155 2480 2272 2542 :iav,
2321 2491 2376 2533 et
2424 2478 2754 2548 ἀνωνυμίαν,
2791 2482 2840 2532 id
2873 2489 2960 2533 est
2987 2477 3198 2548 ἄλογόν,
3240 2483 3420 2544 ἄνουν,
3451 2495 3506 2538 et
3542 2477 3686 2538 ἀνῶ-

427 2559 618 2620 ντιμογ,
647 2552 748 2600 hoc
777 2557 882 2612 est,
905 2548 1142 2620 ratione,
1176 2563 1354 2604 mente
1384 2561 1439 2604 et
1474 2552 1694 2605 nomine
1727 2559 2034 2614 vacantem,
2067 2548 2282 2604 seilicet
2308 2562 2530 2620 propter
2575 2551 3000 2617 superlationem
3032 2553 3355 2606 substantiae
3388 2563 3444 2606 et
3477 2556 3684 2609 intelli-

426 2616 649 2681 gentize.
703 2620 855 2671 Sicut
903 2617 1083 2674 lumen
1111 2621 1385 2676 excellens
1421 2622 1594 2674 aciem
1631 2623 1910 2674 oculorum
1944 2621 2175 2673 eilicitur
2205 2616 2359 2674 nobis
2405 2616 2670 2683 tenebrae:
2723 2632 2777 2674 et
2809 2635 2978 2676 sonus
3003 2622 3130 2676 item
3155 2623 3430 2677 excellens
3457 2641 3683 2680 sensu-tt

427 2686 665 2760 auditus,
695 2690 966 2760 surditas.
1004 2690 1136 2745 Vide
1171 2705 1291 2758 quae
1321 2694 1465 2747 dicta
1492 2702 1620 2746 sunt
1653 2694 1704 2746 iii
1747 2692 2228 2745 observationibus
2261 2691 2608 2758 generalibus
2650 2693 2919 2760 septima,
2968 2703 3185 2756 octava,
3233 2709 3394 2746 nona.
3442 2695 3688 2751 Joannes

421 2753 800 2831 Cyparissiota
835 2759 889 2812 in
921 2753 1384 2828 praemeditatione
1413 2761 1777 2830 Expositionis
1811 2764 2104 2816 materiatae
2129 2753 2361 2829 primum
2389 2763 2489 2815 hoc
2517 2761 2667 2831 ponit
2711 2753 2961 2818 axioma:
2995 2753 3319 2819 Unum'esse
3350 2763 3545 2830 Deum,
3581 2771 3690 2819 im-

424 2827 755 2906 partibilem,
798 2827 1095 2906 inlinitum,
1129 2843 1408 2906 expertem
1441 2827 1667 2894 coloris,
1699 2827 2177 2906 inaspectabileni,
2202 2847 2266 2888 ex
2296 2833 2440 2906 nulla
2475 2827 2710 2906 naturali
2747 2836 3225 2906 reprgsentatione
3252 2827 3561 2904 cognitum}
3589 2838 3684 2906 (illi

423 2897 725 2976 notionem,
762 2903 981 2969 quando
1013 2912 1111 2976 aut
1140 2897 1412 2976 quomodo
1458 2905 1548 2965 sit,
1584 2904 1805 2976 omnino
1826 2897 2081 2976 repellit;
2123 2917 2281 2969 quem
2317 2904 2465 2959 nullo
2510 2897 2941 2976 modoquainvis
2969 2914 3123 2976 parte
3165 2897 3556 2976 mens—capere
3589 2897 3689 2975 po-

425 2973 552 3044 test,
582 2971 920 3044 uisitandum
955 2987 1052 3041 per
1087 2971 1245 3026 Iidem
1278 2988 1346 3029 ex
1376 2975 1646 3028 creaturis
1689 2973 1808 3044 ejus
1838 2971 1980 3040 quod
2010 2973 2101 3034 sit,
2133 2989 2237 3025 non
2273 2984 2454 3027 autem
2485 2973 2614 3041 quid
2641 2975 2732 3027 sit.
2762 2973 2842 3026 Ad
2869 2971 3031 3040 quem
3079 2975 3256 3028 locum
3287 2975 3347 3028 P.
3375 2971 3688 3030 Turriaiius

423 3034 478 3116 in
509 3038 746 3116 Scholiis
775 3042 893 3116 ;_Ex
930 3034 1096 3116 n'ulla,
1129 3044 1322 3112 inquit,
1353 3045 1590 3116 naturali
1627 3034 2106 3116 reprmseiitatione
2137 3034 2680 3116 cognoscitur-Deus,
2710 3044 2853 3116 sicut
2881 3034 3018 3116 lapis
3053 3047 3401 3113 cognoscitur
3431 3063 3531 3116 per
3558 3063 3687 3116 spe-

423 3108 639 3186 cienret
665 3112 1083 3186 similitudinem
1115 3108 1236 3185 qua:
1265 3124 1349 3169 est
1380 3116 1432 3168 in
1462 3115 1642 3178 oculo,
1671 3108 1808 3186 quia
1830 3113 2068 3176 ἀνείδεος
2105 3108 2305 3186 ρβιξιιι
2332 3115 2621 3186 Dionysius
2647 3116 2744 3179 ait,
2779 3115 2834 3168 id
2878 3108 2962 3168 est
2988 3108 3147 3169 omni
3170 3118 3350 3183 specie
3392 3108 3550 3180 caret
3571 3108 3604 3183 ,’
3629 3130 3688 3174 et

421 3177 810 3256 similitudine;
840 3183 954 3256 ipse
981 3177 1357 3256 enim'nullius
1389 3177 1656 3240 creatura:
1689 3177 2102 3256 similitudrnem
2140 3185 2325 3256 habet,
2383 3177 2488 3256 nec'
2517 3177 2956 3256 haberevpotest.
3009 3188 3174 3247 Deum
3201 3177 3410 3256 itaque
3441 3204 3551 3242 non
3571 3177 3687 3242 ἐο-

422 3253 736 3326 ignoscimus
756 3253 1034 3326 videntes,
1060 3255 1203 3324 quod
1236 3265 1318 3310 est
1347 3271 1677 3324 cognoscere
1707 3257 1953 3308 ἐποπτικι

2154 3255 2166 3326 l
2202 3254 2512 3326 ὲπιᾳ-τητῶς
2541 3270 2607 3307 ex
2632 3253 2902 3308 creaturis
2936 3273 3029 3325 per
3063 3253 3355 3318 rationem,
3404 3259 3458 3312 id
3491 3269 3580 3312 est
3615 3274 3685 3315 ex

421 3319 875 3396 sunilitudinibus
908 3324 1002 3383 Dei
1022 3319 1156 3396 qua:
1185 3326 1238 3379 in
1269 3319 1538 3380 creaturis
1563 3337 1886 3391 cernuntur,
1918 3325 2264 3394 cognoscitur
2298 3319 2459 3387 Deus,
2487 3341 2594 3380 non
2623 3327 2752 3392 quid
2782 3327 2876 3388 sit,
2901 3319 2996 3381 sed
3021 3329 3163 3396 quod
3204 3329 3296 3380 sit.
3333 3328 3469 3392 Cum
3496 3340 3685 3382 autem

420 3389 520 3468 ait,
554 3393 698 3455 quod
725 3395 878 3446 nullo
915 3389 1074 3450 modo
1112 3399 1363 3464 quamvis
1393 3407 1544 3465 parte
1573 3407 1753 3466 potest
1785 3389 1940 3468 mens
1970 3389 2136 3468 Deum
2169 3411 2362 3463 capere
2392 3399 2494 3449 nisi
2528 3413 2622 3464 per
2642 3389 2827 3460 Iidem,
2869 3389 3078 3450 tantum
3107 3399 3253 3465 quod
3287 3400 3380 3459 sit,
3413 3389 3523 3453 non
3550 3401 3686 3468 quid

420 3459 522 3528 sit;
561 3478 888 3538 luottncgat,
918 3469 1046 3532 quin
1080 3459 1290 3519 ratione
1333 3459 1865 3537 tta-turali'cognosci
1899 3469 2069 3534 possit
2105 3459 2284 3538 Dens-7,
2330 3469 2473 3534 quod
2509 3459 2602 3529 sit,
2640 3469 2915 3535 siquidem
2951 3459 3320 3523 demonstrari
3358 3470 3464 3524 hoc
3497 3459 3689 3538 poiest

420 3546 486 3583 cx
519 3534 727 3590 ellectis
757 3551 893 3599 eJUs,
929 3539 1058 3590 illud
1086 3539 1215 3605 Sap.
1246 3551 1341 3592 xm
1374 3553 1388 3590 :
1423 3539 1466 3604 Α
1495 3534 1854 3606 magnitudine
1898 3539 2036 3592 enim
2070 3537 2258 3602 speciei
2298 3549 2344 3592 et
2383 3547 2643 3590 creatura:
2663 3534 2855 3604 poterit
2897 3538 3319 3606 cognoscibiliter
3348 3534 3562 3594 creator
3589 3542 3692 3593 ho-

420 3617 540 3680 rum
568 3606 774 3680 rideri;
806 3608 902 3661 sed
930 3607 1171 3676 loquitur
1209 3611 1276 3663 de
1308 3609 1619 3676 cognitione
1653 3607 2218 3680 altiorernecessaria,
2253 3608 2560 3680 cujusmodi
2590 3618 2674 3661 est
2703 3607 2858 3680 ﬁdes,
2879 3609 3033 3678 juxta
3067 3608 3196 3662 illud
3232 3609 3365 3680 Sap.
3404 3627 3460 3670 Ix
3492 3628 3506 3663 :
3549 3610 3614 3663 Et
3639 3611 3687 3663 si

416 3677 535 3749 quis
563 3674 721 3749 fuerit
746 3674 1137 3733 consummatus
1169 3681 1306 3732 inter
1330 3674 1469 3746 filios
1503 3682 1794 3737 hominum,
1824 3679 1866 3730 si
1896 3679 2048 3749 adeo
2074 3676 2302 3742 abfuerit
2323 3674 2593 3749 sapientia
2629 3689 2741 3741 tua,
2777 3674 3018 3743 Domine,
3053 3680 3105 3732 in
3132 3674 3357 3735 nihilum
3399 3692 3686 3749 computu-

417 3743 581 3831 bittrr.
615 3746 757 3825 Nam
779 3750 890 3828 sine
915 3749 1020 3831 [ide
1047 3743 1373 3831 iui-possibile
1398 3753 1710 3831 ertlplacer‘e
1737 3750 1920 3829 Deo-0.
1954 3747 2102 3831 Ilanc
2135 3743 2632 3831 cognitioneinnDei
2665 3759 2825 3831 vocat
2858 3752 3053 3831 beatus
3081 3743 3689 3831 Basili-usgSz'com-

417 3817 838 3890 prehensionem
872 3819 1238 3874 intellectilem
1287 3837 1381 3889 per
1429 3819 1616 3872 Iidem.
1657 3820 1748 3871 Sic
1776 3820 1918 3871 enim
1966 3819 2061 3890 ait,
2109 3818 2443 3890 edisserens,
2482 3819 2612 3872 illud
2637 3859 2650 3883 ,
2703 3818 2925 3876 Attende
2959 3821 3098 3873 tibi:
3127 3819 3207 3874 Ne
3236 3824 3288 3874 in
3324 3817 3686 3890 Decrius-ras

421 3887 791 3958 cognitionem
825 3903 921 3956 per
953 3891 1143 3944 oculos
1165 3931 1180 3956 ,
1214 3887 1307 3944 sed
1343 3893 1511 3944 menti
1562 3890 1721 3941 Iidem
1779 3889 2201 3958 committe,,_et
2252 3889 2619 3944 intellectilem
2659 3889 2727 3943 de
2760 3891 2870 3943 Deo
2916 3887 3683 3958 comprehensionem—habe.

415 3955 608 4033 Graece
635 3958 774 4033 dixit
797 3959 1122 4031 κατάληψιν.
1168 3955 1444 4033 Similiter
1474 3962 1684 4014 locutus
1722 3971 1808 4013 est
1852 3969 2075 4012 Sanctus
2111 3956 2381 4033 Maximus
2412 3959 2464 4011 in
2506 3961 2678 4033 prima
2709 3962 2960 4014 centuria
3004 3955 3301 4032 theologica
3345 3977 3471 4033 cap.
3511 3962 3569 4027 8,
3603 3963 3687 4017 sic

416 4029 563 4104 enim
596 4031 717 4104 ait:
752 4028 1101 4099 Qua-cunque
1135 4043 1263 4087 sunt
1301 4032 1571 4104 intellecta
1609 4033 1989 4104 nominantur,
2015 4038 2067 4080 et
2119 4028 2320 4104 habent
2369 4029 2422 4082 iit
2455 4032 2647 4104 seipsis
2687 4033 3137 4104 tletnotistrabilia
3183 4028 3450 4103 principia
3487 4035 3685 4104 cogni-

419 4098 602 4153 tionis.
631 4099 774 4162 Deus
807 4115 988 4154 autem
1013 4098 1127 4156 non
1157 4104 1470 4156 nominatur
1494 4101 1798 4154 intellectus
1819 4117 1847 4153 a
1868 4099 2053 4164 nobis;
2078 4103 2171 4152 sed
2195 4115 2260 4152 ex
2276 4104 2564 4164 creaturis,
2585 4101 2778 4168 inquit,
2803 4101 3096 4156 intellectis
3125 4120 3154 4155 a
3182 4098 3342 4158 nobis
3359 4098 3537 4159 solum
3557 4098 3686 4157 esse

416 4171 681 4230 creditur.
710 4173 844 4225 Cum
881 4173 1034 4240 dicit,
1064 4175 1234 4228 solum
1267 4189 1378 4234 esse
1414 4174 1668 4236 creditur,
1704 4187 1811 4224 non
1845 4179 2008 4237 negat
2038 4171 2167 4243 quin
2215 4170 2446 4243 naturali
2477 4175 2636 4243 etiam
2668 4173 2877 4224 ratione
2904 4189 2967 4225 ex
3018 4175 3288 4227 creaturis
3318 4189 3439 4229 esse
3470 4191 3682 4243 cogno-

415 4253 635 4323 scatur;
670 4244 764 4323 sed
793 4243 1032 4323 loquitur
1071 4247 1138 4300 de
1166 4245 1480 4313 cognitione
1511 4256 1605 4322 per
1637 4244 1826 4323 tidem,
1854 4247 2016 4308 quam
2045 4241 2105 4323 in.
2131 4241 2286 4293 nobis
2315 4244 2546 4323 requirit
2592 4240 2735 4320 Deus
2781 4251 3038 4323 tanquam
3089 4248 3483 4323 necessariam,
3509 4240 3682 4313 quam

413 4311 634 4377 quidem
670 4314 786 4382 ipse
829 4309 922 4368 dat
968 4317 1116 4370 omni
1171 4309 1640 4368 demonstratione
1692 4314 1988 4382 lirmiorein
2019 4349 2053 4382 ,γ
2075 4309 2141 4363 de
2172 4327 2276 4378 qtta
2317 4311 2614 4379 Apostolus
2640 4313 2761 4365 ait:
2794 4313 3140 4370 Accedentem
3177 4317 3245 4367 ad
3273 4314 3440 4368 Deum
3473 4309 3684 4380 oportet

413 4385 648 4462 credere,
680 4381 809 4462 quia
838 4394 939 4452 est,
971 4397 1019 4462 et
1049 4387 1175 4454 quia
1215 4395 1581 4462 remunerator
1611 4392 1686 4436 est
1717 4381 1770 4438 ιι.
1802 4381 1919 4435 Non
1947 4381 2105 4443 dixit,
2135 4389 2351 4462 Oportet
2373 4382 2516 4462 scire
2545 4383 2672 4451 quia
2706 4393 2812 4447 est,
2840 4384 3061 4436 tametsi
3096 4386 3462 4462 demonstrari
3495 4387 3605 4440 hoc
3626 4397 3686 4441 et

413 4453 544 4524 sciri
577 4452 781 4524 potest,
818 4462 945 4524 quia
975 4452 1477 4510 tletiionstrationes
1511 4470 1614 4508 non
1641 4467 1831 4506 omnes
1861 4465 2057 4522 capere
2085 4461 2341 4519 possunt;
2373 4452 2603 4506 credere
2640 4463 2822 4506 autem
2863 4470 3058 4508 omnes
3097 4466 3349 4523 possunt,
3375 4455 3685 4517 adiuvante

415 4522 552 4598 Deo,
579 4522 636 4580 et
669 4522 890 4582 debent.
925 4527 1199 4598 Principia
1233 4536 1413 4578 autem
1441 4524 1597 4592 hujus
1621 4524 1945 4593 cognitionis
1978 4537 2074 4589 per
2103 4524 2262 4575 tidem
2287 4537 2393 4575 non
2422 4532 2551 4577 sunt
2581 4524 3051 4598 demonstrabilia.
3082 4522 3140 4598 tit
3160 4527 3236 4580 ait
3277 4528 3417 4579 idem
3448 4539 3684 4580 sanctus

412 4589 723 4650 Maximus:
763 4615 781 4649 ι
813 4599 973 4668 Quia,
1008 4589 1205 4668 inquit,
1261 4599 1394 4650 Iides
1440 4589 1522 4648 est
1565 4589 1754 4648 eorum
1787 4609 1906 4661 quit:
1953 4599 2293 4668 s_uiit__supra_
2332 4603 2568 4668 mentem
2604 4605 2659 4648 et
2709 4596 3002 4648 rationem.
3033 4615 3057 4668 γι
3107 4596 3251 4649 Idem
3296 4611 3348 4650 c.
3382 4598 3440 4651 ιι
3487 4602 3684 4666 prima:

413 4601 723 4650 Maximus:
763 4615 781 4649 ι
813 4601 973 4722 ﬁniat,
1008 4601 1205 4668 inquit,
1261 4601 1394 4650 lides
1440 4606 1520 4648 est
1565 4611 1754 4648 eorum
1787 4609 1906 4661 quit:
1953 4601 2080 4644 sont
2125 4606 2287 4660 supra
2332 4603 2568 4646 mentem
2604 4605 2659 4648 et
2709 4601 3002 4648 rationem.
3037 4615 3057 4647 ι
3107 4601 3251 4649 Idem
3296 4611 3348 4650 c.
3382 4601 3440 4651 ιι
3487 4602 3684 4666 prima:

413 4669 676 4740 centuriae
705 4682 720 4720 :
763 4685 783 4720 ‹
841 4671 844 4674 ’
874 4686 956 4740 es,
990 4671 1186 4735 inquit,
1217 4683 1406 4740 omnes
1437 4681 1778 4740 qua:cunque
1805 4673 1943 4740 sunt
1974 4662 2329 4740 intelligentia
2373 4666 2523 4732 prius
2553 4677 2864 4740 perceptas
2897 4667 3241 4740 nominamus
3265 4708 3281 4735 ,
3317 4684 3440 4736 qua:
3489 4672 3547 4721 in
3596 4683 3685 4721 se-

415 4735 548 4800 ipsts
577 4737 780 4791 habent
821 4735 1087 4807 principia
1125 4738 1442 4793 notitiarum
1481 4735 1967 4799 demonstrahilia;
2017 4742 2071 4784 at
2100 4735 2242 4785 Deus
2278 4749 2384 4788 non
2439 4736 2690 4807 cognitus
2723 4737 3069 4799 nominatur,
3116 4739 3246 4804 quin
3293 4735 3475 4807 potius
3503 4753 3574 4793 ex
3618 4740 3684 4792 iis

414 4815 626 4858 tantum
662 4822 782 4874 qute
813 4805 1170 4881 intelligentia
1205 4817 1604 4881 percipiuntur,
1635 4808 1876 4881 creditur
1901 4816 2022 4881 esse
2045 4807 2448 4881 ;_quamobrem_
2479 4805 2613 4881 nihil
2654 4820 2848 4881 eorum
2881 4822 3002 4881 quze
3044 4805 3426 4878 intelliguntur
3458 4826 3588 4864 cum
3617 4826 3683 4864 eo

413 4892 742 4947 quacunque
781 4895 845 4934 ex
881 4874 1034 4948 part'e
1068 4874 1372 4934 conlértur;
1407 4880 1602 4930 Omnia
1627 4878 1772 4929 enini
1807 4891 1926 4944 quae
1962 4874 2336 4948 intelliguntur
2367 4877 2650 4948 habentin
2683 4891 2741 4929 se
2769 4874 3099 4945 principium
3140 4874 3502 4947 cognitionis,
3547 4886 3678 4948 quia

412 4949 498 5021 vel
529 4960 657 5021 sunt
685 4951 735 5002 iii
761 4947 1148 5014 sensibilibus;
1181 4966 1412 5020 quorum
1444 4958 1572 5001 sunt
1595 4949 1977 5021 phantasmata
2000 4984 2016 5010 ,
2061 4959 2091 4996 a
2137 4947 2333 5021 quibus
2378 4947 3016 5021 abstrahunturspecies
3045 4950 3444 5019 intelligtbiles,
3471 4947 3679 5021 quibus

418 5017 728 5089 intellectus
761 5022 1085 5074 informatus
1114 5017 1397 5089 intelligit;
1429 5029 1522 5072 aut
1562 5029 1690 5072 sunt
1720 5019 2063 5082 incorporea,
2095 5024 2222 5089 qua;
2256 5018 2319 5089 in
2346 5032 2404 5070 se
2452 5019 2655 5070 habent
2687 5018 2831 5072 unde
2858 5017 3252 5089 comparentur
3278 5037 3402 5075 cum
3432 5017 3678 5076 sensibi-

410 5087 577 5152 Iibus,
606 5093 672 5144 ad
723 5107 959 5160 quortnn
1014 5087 1395 5158 phantasmata
1415 5131 1430 5157 ,
1461 5105 1580 5159 quae
1616 5099 1743 5141 sunt
1780 5089 2053 5160 imagines
2086 5099 2142 5139 et
2182 5087 2568 5160 similitudines
2615 5103 2806 5160 eorum
2835 5091 2903 5141 ad
2932 5087 3149 5144 animos
3180 5095 3589 5160 pervenientes,
3619 5107 3680 5147 se

410 5167 689 5215 convertit
711 5157 1038 5223 intellectus,
1073 5174 1128 5214 ut
1161 5163 1358 5228 aliquid
1384 5168 1450 5215 de
1481 5157 1822 5226 incorporeis
1851 5157 2138 5225 intelligat.
2175 5159 2314 5229 Sunt
2357 5169 2541 5210 autem
2586 5159 2975 5214 similitudines
3007 5157 3271 5229 principia
3307 5157 3588 5216 sentiendi
3623 5173 3680 5216 et

413 5229 775 5302 intelligendi,
812 5245 868 5286 ut
898 5233 973 5284 ait
1006 5248 1229 5298 sanctus
1261 5231 1518 5294 'I‘homas,
1554 5247 1608 5300 ι).
1640 5245 1681 5290 ι,
1707 5241 1894 5298 quiest.
1928 5229 2018 5290 84,
2046 5239 2149 5284 art.
2175 5228 2228 5282 5,
2265 5229 2407 5281 Deus
2438 5242 2620 5282 autem
2651 5245 2756 5282 non
2786 5240 2960 5297 potest
3007 5228 3086 5286 Sic
3113 5228 3235 5285 cum
3260 5244 3513 5286 creatura
3549 5249 3680 5288 sen-

409 5299 555 5354 sibili
583 5299 892 5372 Comparari
917 5318 932 5372 ;
968 5309 1108 5356 unde
1138 5320 1244 5355 non
1272 5306 1352 5356 sic
1385 5299 1731 5372 intelligitur,
1759 5302 1854 5353 sed
1887 5309 2147 5367 tauquam
2177 5316 2344 5353 causa
2371 5312 2425 5354 et
2456 5315 2550 5370 per
2576 5315 2885 5367 excessum,
2922 5315 2982 5356 ut
3012 5304 3091 5357 ait
3117 5306 3174 5358 ὃ.
3209 5303 3453 5358 Thomas
3479 5308 3676 5359 eadem

411 5386 466 5428 tt.
498 5373 587 5428 84.
613 5386 716 5428 art.
749 5375 800 5428 Ἰ.

429 5386 466 5516 εἰ
487 5386 904 5507 ὅπῖιιῗιξύξιίειιι
938 5445 1111 5500 modis
1154 5444 1293 5498 Deus
1329 5440 1897 5512 incomprehensibilis
1930 5441 2184 5505 exsistat,
2213 5440 2338 5499 vide
2383 5443 2524 5512 apud
2557 5439 2832 5507 Lessium,
2864 5441 2958 5499 lib.
2994 5461 3008 5500 t
3039 5445 3114 5499 De
3139 5446 3560 5516 perfectionibus
3588 5445 3673 5497 di-

414 5513 572 5570 vinis.
599 5529 718 5570 Cat).
738 5515 791 5569 2.

489 5531 521 5564 Η
633 5533 642 5544 ⁶
707 5555 718 5570 .
779 5554 791 5567 .

489 5531 853 5650 ςδίιῗὰιςεῗιαε
879 5587 1059 5655 igitur,
1089 5593 1199 5638 etc.
1231 5585 1415 5638 Denuo
1449 5584 1536 5639 hic
1568 5582 2146 5657 inculcatDionysius,
2188 5583 2323 5636 nihil
2367 5584 2434 5637 de
2485 5583 2648 5657 rebus
2676 5586 2880 5639 divinis
2919 5592 3344 5643 asseveramlmn
3385 5607 3534 5657 esse,
3566 5591 3674 5648 nisi

413 5666 676 5716 quantum
711 5652 1210 5724 divina'b'criptnra
1257 5657 1568 5709 conlirmat.
1619 5654 1711 5708 Sic
1752 5655 1915 5707 etiam
1943 5652 2094 5706 Plato
2139 5657 2190 5706 in
2230 5659 2452 5720 Timavo,
2485 5673 2503 5705 ι
2542 5655 2616 5707 De
2647 5660 2810 5712 rebus
2851 5659 3050 5716 divinis
3075 5661 3434 5731 credendum,
3469 5652 3672 5735 inquit,

487 5814 508 5839 ι
540 5806 693 5860 Itoni.
729 5825 805 5871 xi,
835 5811 921 5864 34.
1002 5824 1028 5852 ιι
1059 5814 1226 5867 Exod.
1259 5829 1327 5875 vx,
1355 5813 1406 5866 5.
1487 5816 1512 5852 ιτ
1561 5815 1726 5868 Exod.
1756 5830 1836 5878 Ill,
1883 5815 1964 5868 ii.

1200 5815 1226 5867 I.
1259 5829 1327 5875 vt,
1355 5813 1406 5866 5.
1487 5816 1512 5852 ιτ
1561 5815 1726 5868 Exod.
1756 5830 1836 5878 ιιι,
1883 5815 1964 5868 Η.
2048 5829 2064 5853 τ
2106 5813 2267 5870 Πρω.
2291 5829 2368 5883 x1,
2397 5818 2448 5871 6.
2549 5818 2570 5857 ι]
2603 5821 2731 5877 Ibid.
