3876 6226
209 317 316 372 601
945 311 1034 371 DE
1066 308 1740 375 υινῐΝιςΝσΜῐΜΒυΞ

1978 305 2022 367 ἰ.
2056 344 2126 354 —
2157 305 2482 369 CORDERII
2515 308 2759 371 NOTAE.
3371 318 3474 374 602

212 428 312 483 Dei
341 428 484 491 ﬁliis,
506 427 723 482 etiamsi
757 427 930 481 nnilas
975 427 1203 482 aﬁ'erant
1231 431 1488 484 rationes.
1525 447 1545 480 ι
1577 428 1634 482 In
1663 426 1874 494 legibus
1898 439 2115 493 quoque
2149 424 2429 495 theologize
2453 425 2668 480 inventa
2699 425 2851 493 jubet
2867 425 3106 479 oraculis
3135 428 3274 481 conﬁ
3292 433 3473 488 rniari.

290 498 497 553 Ibidem
525 515 539 551 :
571 499 707 569 Ejus
735 500 864 565 quid
895 500 964 553 sit
996 501 1216 552 scientia
1243 511 1288 553 et
1313 499 1688 564 contemplatio
1715 505 1792 552 est
1822 497 2065 569 omnibus
2098 495 2391 548 inaccessa.
2423 495 2588 550 Nobis
2617 497 2797 569 enim,
2819 497 3056 569 qiiantﬁu
3112 513 3298 552 sumus
3323 509 3475 556 extra

212 572 481 640 patriam,
515 566 726 623 summa
757 569 850 622 Dei
892 570 1131 637 cognitio
1162 577 1246 623 est
1270 570 1628 637 intelligentia
1656 607 1671 629 ,
1701 583 1822 636 qua!
1851 568 2091 640 divinam
2125 574 2380 640 naturam
2415 569 2652 620 nondum
2704 568 2942 631 attingit.
2979 566 3209 620 Tantum
3245 585 3374 623 vero
3409 573 3478 628 de

214 636 407 694 divina
431 641 746 708 cognitione
769 636 1177 707 consequimur.
1212 651 1476 708 quantum
1511 641 1707 694 divina:
1737 637 2080 708 revelationis
2101 636 2294 708 radius
2332 651 2428 704 per
2458 647 3030 708 serenassanctoriim
3067 647 3272 692 mentes
3299 649 3484 696 trans-

209 711 420 765 missus
442 707 772 771 ostenderit;
806 711 859 764 in
893 710 1096 778 quibus
1124 707 1293 773 sane,
1327 720 1585 778 tanquam
1626 710 1679 762 in
1727 707 2405 778 corporibusidiaplianis.
2435 707 2676 778 divinum
2706 707 2856 760 illum
2902 707 3070 762 solem
3125 710 3473 778 percipimus,

213 797 386 850 quem
414 794 613 849 capere
642 781 696 834 in
736 776 927 849 seipso
946 795 1054 833 non
1087 795 1400 848 possumus.
1435 776 1802 847 Quamobrem
1855 786 2005 832 recte
2045 777 2201 850 docet
2230 776 2812 850 sanctus‘Dionysiiis,
2865 794 2962 850 nos
2989 778 3135 850 circa
3170 776 3473 836 divinarum

213 845 408 904 rerum
441 845 959 918 contemplationem
993 845 1160 904 certis
1187 845 1518 916 quibusdam
1552 850 1822 920 limitibus
1850 845 2332 920 coerceriLPrinio
2359 847 2575 920 quidem
2605 887 2620 912 ,
2644 845 2779 915 quia
2825 848 2962 901 nihil
2991 848 3131 902 ultra
3169 853 3476 920 pertingere

211 936 540 990 possumus,
569 916 733 988 quam
787 922 977 975 radius
1025 921 1114 974 ille
1145 920 1356 975 olTerat.
1391 921 1668 987 Secundo,
1696 919 1822 990 quia
1873 917 2060 971 radius
2103 916 2284 990 ille_in
2320 932 2419 972 nos
2444 917 2546 990 sub
2585 932 2838 990 mensura
2868 916 3188 990 descendit}
3221 937 3326 975 non
3350 916 3474 990 qui-

211 987 343 1044 deni
383 987 713 1046 ostensurus
739 992 894 1046 nobis
925 999 1176 1045 naturam
1212 992 1386 1058 ipsam
1422 992 1685 1054 divinam,
1714 989 1798 1044 vel
1825 1002 2168 1058 quagcnnque
2193 987 2334 1041 Deus
2359 987 2630 1055 conspicit
2658 989 2710 1041 in
2739 990 2942 1057 seipso,
2969 989 3054 1058 vel
3077 991 3256 1044 omnia
3279 987 3473 1046 saltem

206 1077 341 1132 qua:
364 1077 534 1132 penes
567 1062 737 1116 Deum
765 1056 1333 1132 angelicontuent'ur;
1367 1062 1463 1117 sed
1487 1061 1742 1131 pauciora
1777 1056 2124 1132 et‘inl‘eriora
2155 1058 2428 1132 quaedam,
2463 1058 2716 1126 quamvis
2743 1056 3138 1132 pretiosissima
3166 1063 3351 1128 procul
3374 1063 3474 1117 du-

205 1131 326 1197 bio,
355 1127 400 1187 si
429 1147 555 1187 cum
586 1133 802 1186 caeteris
828 1127 1211 1186 conferantur.
1241 1127 1451 1196 Tertio,
1480 1127 1739 1200 quoniam
1774 1129 1965 1200 radius
2006 1127 2098 1200 ille
2139 1128 2434 1195 unicuique
2475 1143 2533 1200 se
2567 1142 2666 1195 pro
2690 1127 2922 1200 subjecti
2961 1127 3231 1200 duntaxat
3257 1135 3474 1200 capaci—

204 1211 327 1254 tate
359 1204 719 1266 demonstrat,
745 1200 888 1267 justa
919 1203 1153 1271 quadam
1186 1202 1388 1271 ubique
1425 1197 1526 1271 pro
1551 1201 1760 1255 meritis
1789 1199 2181 1271 distributione
2208 1207 2446 1252 servata.
2479 1197 2537 1251 In
2567 1213 2675 1271 quo
2699 1210 2851 1253 certe
2883 1199 2976 1254 Sol
3001 1199 3216 1254 divinus
3246 1197 3474 1270 perinde

204 1287 269 1326 se
300 1273 491 1334 habet,
518 1287 584 1325 ac
610 1273 653 1325 si
685 1268 1034 1342 solﬂcmlestis
1065 1273 1249 1326 lumen
1283 1268 1442 1326 suum
1473 1271 1703 1342 singulis
1731 1269 1939 1342 passim
1977 1269 2153 1342 oculis
2184 1277 2599 1342 attemperaret.
2634 1268 2774 1342 Deus
2801 1284 2933 1340 ergo
2981 1285 3041 1324 se
3070 1272 3227 1339 quasi
3247 1268 3470 1326 ﬁnitum

203 1343 492 1397 mentibus
523 1342 691 1396 ﬁnitis
721 1341 904 1405 oﬁ‘ert,
935 1342 1259 1398 inﬁnitatem
1293 1344 1502 1397 interea
1545 1338 1700 1397 suam
1733 1338 2005 1395 oceulens
2055 1340 2108 1392 in
2146 1340 2348 1408 seipso.
2378 1338 2621 1410 Denique
2650 1339 2829 1398 docet.
2858 1338 3296 1410 unumquemque
3324 1345 3469 1398 circa

201 1412 463 1466 divinum
497 1413 660 1466 istum
692 1413 902 1466 radium
927 1414 998 1465 ita
1032 1413 1133 1466 sibi
1167 1413 1440 1467 moderari
1474 1413 1706 1474 debere;
1743 1421 1802 1464 ut
1831 1424 1932 1464 nec
1961 1423 2060 1477 per
2088 1410 2361 1477 ignaviam
2393 1409 2460 1463 ab
2492 1409 2639 1464 illius
2667 1410 2995 1465 excellentia
3026 1409 3246 1466 decidat
3283 1413 3338 1467 in
3370 1414 3471 1469 de-

204 1485 409 1547 terius,
442 1495 618 1551 neque
645 1490 854 1537 temere
879 1500 976 1552 per
1005 1482 1317 1549 superbiam
1344 1486 1638 1552 quidquam
1672 1497 1836 1548 supra
1854 1481 2015 1552 vires
2045 1488 2292 1534 attentet.

282 1553 311 1624 §
347 1554 430 1609 III.
464 1549 572 1605 Eds
610 1569 732 1622 ergo
761 1549 970 1607 divinas
1000 1552 1198 1614 lances,
1231 1563 1338 1610 etc.
1364 1549 1557 1615 Docet,
1586 1553 1635 1624 id
1667 1553 1811 1620 quod
1852 1551 1904 1603 in
1938 1550 2048 1604 Deo
2085 1564 2248 1624 supra
2278 1549 2524 1624 essentia:
2563 1559 2618 1604 et
2659 1550 3038 1624 intelligentia;
3082 1552 3282 1608 limites
3326 1555 3471 1608 relu-

200 1620 316 1685 cet',
361 1639 470 1677 non
509 1633 619 1677 tam
642 1620 1091 1690 perscrutandum
1127 1639 1287 1691 quam
1319 1623 1691 1678 venerandum
1727 1635 1871 1685 esse,
1900 1629 1954 1674 et
1987 1621 2182 1691 mentis
2210 1621 2432 1684 oculos,
2465 1620 2787 1675 immensam
2839 1623 2980 1676 lianc
3021 1622 3190 1678 lucem
3244 1625 3471 1680 minime

199 1695 571 1757 sustinentes,
602 1688 670 1745 ad
701 1708 889 1747 sacras
917 1688 1157 1760 litteras,
1184 1702 1442 1762 tanquam
1480 1695 1547 1748 ad
1585 1693 1754 1747 caelos
1785 1691 2075 1762 quosdam.
2105 1688 2402 1762 ﬂectendos
2428 1706 2574 1756 esse,
2605 1691 2658 1745 in
2691 1693 2888 1759 quibus
2915 1693 3135 1747 nomina
3176 1695 3355 1747 divina
3385 1695 3470 1748 lu-

199 1774 337 1819 cent
367 1765 527 1833 quasi
563 1763 732 1833 stellae
758 1765 930 1818 oculis
962 1766 1165 1818 nostris
1195 1765 1626 1818 accommodatae
1654 1780 1668 1815 :
1707 1776 1773 1816 ex
1813 1761 2012 1833 quibus
2052 1776 2187 1814 sane
2225 1761 2400 1833 stellis
2440 1762 2598 1833 nobis
2629 1764 2871 1833 emicant
2905 1764 3142 1832 propriae
3169 1764 3262 1818 Dei
3297 1767 3471 1820 virtu-

196 1843 307 1897 tes,
335 1831 398 1888 et‘
419 1832 841 1902 appellationes,
874 1833 1172 1901 laudesque
1210 1835 1430 1898 divinae,
1462 1850 1568 1888 non
1595 1848 1755 1887 secus
1794 1848 1859 1886 ac
1886 1831 2018 1885 solis
2042 1833 2273 1902 virtutes
2321 1831 2375 1884 iii
2414 1831 2609 1886 stellis.
2643 1831 2794 1888 Unde
2824 1835 2932 1887 duo
2965 1835 3310 1902 potissimum
3339 1850 3471 1889 coii-

195 1905 510 1972 sequimur.
552 1902 794 1957 Primum
820 1905 1060 1972 quidem,
1095 1905 1240 1972 quod
1269 1905 1479 1958 divinos
1507 1905 1688 1957 radios
1730 1903 1857 1958 hinc
1903 1901 2186 1955 haurimus
2230 1913 2418 1973 uostro
2449 1903 2668 1973 ingenio
2694 1901 3102 1972 congruentes;
3139 1907 3465 1973 secundum,

195 1970 349 2044 quod
374 1974 621 2028 divinum
655 1970 852 2045 solem,
891 1970 1169 2028 radiorum
1201 1975 1466 2045 ejusmodi
1501 1975 1728 2037 fontem,
1761 1973 1864 2026 rite
1892 1973 2197 2045 laudemus.
2241 1970 2298 2045 lu
2345 1971 2659 2045 nominibus
2688 1970 2874 2045 autem
2903 1970 3467 2045 appellationibusque

192 2040 411 2116 divinis
448 2044 730 2116 mirabiles
765 2045 937 2098 latere
960 2040 1354 2116 virtutes,'tum
1381 2049 1448 2098 ad
1479 2045 1663 2116 divina
1698 2043 1954 2116 mysteria
2004 2040 2331 2116 declaranda
2356 2080 2371 2105 ,
2406 2053 2517 2116 tutu
2545 2042 2612 2095 ad
2644 2043 2914 2097 mirabilia
2938 2040 3115 2116 293
3145 2040 3470 2116 perpetran-

193 2117 292 2180 da,
333 2115 548 2168 Hebraei
580 2129 773 2169 omnes
806 2116 1145 2173 existimant.
1195 2127 1246 2170 et
1274 2114 1564 2169 Zoroaster
1590 2111 1999 2181 .laiiiblicusque
2028 2111 2382 2169 conﬁrmant.
2417 2113 2554 2166 Male
2592 2125 2770 2168 tamen
2799 2123 2854 2168 et
2885 2111 3263 2183 supersiitiose
3303 2117 3462 2172 multi

194 2187 250 2239 in
282 2185 546 2238 amuletis
581 2194 634 2253 et
668 2185 963 2253 przestigiis
994 2188 1364 2240 sacrosanctis
1395 2185 1710 2240 nominibus
1731 2186 2050 2253 abutuntur,
2081 2183 2374 2253 de‘quibus
2401 2184 2490 2237 liic
2519 2183 2652 2253 nihil
2684 2184 2878 2238 attinet
2909 2187 3116 2241 dicere.

272 2255 484 2309 Ibidem
519 2252 637 2309 :.Ut
663 2257 805 2325 quod
823 2251 1059 2309 omnium
1092 2256 1157 2310 εει
1184 2272 1348 2309 causa
1384 2267 1428 2308 et
1467 2256 1636 2323 origo,
1671 2263 1777 2308 etc.
1817 2252 2116 2322 Gregorius
2159 2251 2440 2325 Nyssenus
2500 2255 2554 2308 in
2587 2252 2945 2321 Explanatine
2995 2255 3202 2309 Canttct
3232 2258 3469 2310 cantico-

193 2342 320 2378 rum
355 2337 374 2376 :
429 2324 698 2397 gOmnia,
731 2326 930 2397 inquit,
957 2326 1096 2380 mira
1124 2341 1246 2395 qua
1280 2326 1333 2378 in
1369 2327 1625 2381 nnz'verso
1647 2329 2104 2392 conteiiiplainur,
2155 2324 2440 2377 materiam
2495 2325 2803 2397 divinorum
2853 2325 3136 2397 nominum
3197 2327 3464 2397 pra-bent,

192 2397 404 2464 quibus
431 2395 600 2449 Deum
651 2395 978 2458 sapientem.
1013 2394 1309 2466 potentem,
1339 2397 1564 2456 bonum.
1598 2403 1887 2466 sanctum,
1930 2398 2172 2466 beatum,
2220 2404 2510 2466 aeternum,
2543 2394 2829 2466 Ajudicem,
2861 2394 3218 2463 salvatorem,
3259 2408 3317 2452 et
3340 2397 3466 2453 aliis

192 2463 512 2537 Iiujusmodi
549 2466 954 2537 nominamus.»
991 2463 1056 2521 Et
1084 2463 1455 2522 DamasCemis
1484 2467 1623 2520 libro
1655 2466 1829 2535 primo
1859 2464 1937 2517 De
1983 2464 2090 2531 ﬁde
2123 2464 2418 2537 ortliodoaa
2443 2480 2461 2518 :
2494 2483 2514 2537 ε
2540 2463 2705 2537 Deus,
2735 2465 2936 2533 inquit,
2960 2476 3183 2537 propter
3213 2465 3463 2522 ineﬁ'abi-

191 2534 305 2607 leni
339 2537 647 2607 bonitatem
676 2535 848 2607 voluit
879 2537 944 2591 de
975 2540 1176 2592 nostris
1204 2541 1364 2607 rebus
1389 2547 1443 2595 et
1476 2534 1664 2589 nostro
1687 2549 1840 2607 more
1864 2534 2160 2607 nominari,
2192 2550 2258 2607 ne
2287 2536 2462 2589 simus
2493 2536 2739 2607 funditus
2764 2537 2973 2590 notitiai
2997 2535 3118 2604 ejus
3153 2549 3459 2607 expertes.»

190 2606 428 2677 Magnus
451 2606 683 2675 Basilius
709 2605 850 2660 libro
876 2609 1053 2676 primo
1095 2619 1282 2664 contra
1309 2605 1632 2661 Eunomium
1658 2621 1676 2659 :
1707 2621 1728 2662 ι
1767 2604 1937 2667 Unus,
1970 2605 2463 2677 ἱηίιιιίιηροιιιὶηηδ
2489 2620 2610 2677 cuin
2640 2606 2735 2671 sit,
2763 2616 2819 2658 et
2847 2622 2952 2660 una
2984 2604 3290 2666 substantia
3328 2610 3463 2663 siui-

231 2675 322 2732 lei
353 2686 412 2730 et
443 2690 639 2747 expers
655 2675 1104 2747 compositionis,
1143 2679 1278 2731 alias
1308 2677 1468 2732 aliter
1498 2693 1557 2731 se
1582 2677 1826 2730 nominat
1852 2694 1866 2740 ;
1897 2686 2091 2743 aptans
2143 2675 2276 2747 sibi__
2305 2676 2707 2730 nominationes
2733 2691 2853 2743 qua:
2884 2677 3086 2731 nostris
3116 2679 3465 2747 cogitationi-

231 2693 322 2732 iex
353 2693 412 2730 et
443 2693 639 2746 expers
662 2693 1104 2744 composuionis,
1143 2693 1278 2731 anas
1308 2693 1468 2732 aliter
1498 2693 1557 2731 se
1582 2693 1826 2730 nominat
1852 2694 1866 2740 ;
1897 2693 2091 2743 aptans
2143 2693 2248 2728 sini
2305 2693 2707 2730 nominationes
2733 2693 2853 2743 qua:
2884 2693 3086 2731 nosms
3116 2693 3465 2747 cogitationi-

185 2693 298 2804 Bus
321 2749 468 2802 inter
504 2761 561 2801 se
583 2745 859 2801 diﬁ‘erunt.
891 2748 1110 2803 Diversa
1143 2749 1289 2802 enim
1319 2749 1540 2802 nomina
1565 2747 1667 2801 sibi
1701 2747 1949 2814 imponit,
1983 2757 2041 2798 ut
2071 2755 2199 2817 sunt
2228 2745 2458 2799 diversae
2484 2746 2834 2814 Operationes
2858 2749 3141 2817 subjectis,
3168 2757 3224 2802 et
3245 2750 3465 2804 diversa

187 2833 388 2882 earum
417 2817 486 2872 ad
521 2831 584 2880 ea
631 2832 752 2885 quae
777 2818 913 2872 ﬁunt.
941 2819 1202 2874 habitudo
1226 2837 1241 2883 ;
1277 2834 1376 2872 nos
1402 2832 1529 2871 vero
1558 2833 1624 2872 ex
1651 2817 2062 2884 operationibus
2113 2816 2280 2868 Deum
2311 2825 2558 2869 nostrum
2607 2818 2863 2884 cognosci
2892 2816 3142 2885 dicimus,
3170 2819 3238 2874 ad
3272 2834 3462 2874 essen-

191 2889 329 2941 tiam
368 2901 552 2942 tanien
585 2891 704 2956 ejus
728 2889 1169 2958 appropinquare
1196 2905 1304 2943 non
1344 2888 1737 2958 promittimus.
1770 2886 2128 2954 Operatioiies
2178 2887 2332 2958 enini
2370 2886 2464 2940 Dei
2512 2887 2860 2958 descendunt
2882 2889 2948 2941 ad
2978 2904 3108 2950 nos;
3143 2897 3200 2942 at
3225 2891 3466 2946 essentia

184 2957 311 3024 ejus
339 2967 530 3012 manet
556 2956 1221 3030 iiiacces'saJ—Gregorius
1249 2956 1380 3014 item
1408 2959 1690 3028 Nyssenus
1712 2957 1996 3024 disputans
2046 2968 2236 3010 contra
2295 2956 2664 3030 Eunoiiiioiii:
2729 2975 2747 3007 ι
2782 2957 2914 3026 Ego,
2956 2961 3152 3028 inquit,
3189 2963 3332 3027 quod
3391 2976 3460 3015 ex

188 3030 482 3097 Scriptura
513 3037 702 3082 sancta
735 3030 905 3084 didici
938 3028 1170 3085 ﬁdenter
1197 3032 1508 3100 pronuntio,
1536 3047 1658 3082 eum
1688 3030 1779 3100 qui
1809 3037 1892 3081 est
1914 3043 2077 3100 supra
2100 3043 2263 3100 omne
2295 3042 2490 3088 nomen
2519 3028 2636 3100 ﬁeri
2671 3031 2828 3080 nobis
2859 3030 3150 3083 multorum
3179 3031 3462 3084 uoininuiii

185 3113 314 3152 cum
350 3115 454 3170 pro
483 3101 748 3154 varietate
777 3101 1172 3155 beneﬁciorum
1199 3097 1350 3155 varie
1375 3103 1708 3154 nominatur.
1739 3097 1943 3151 Lumen
1972 3097 2118 3170 eiiiiii
2149 3098 2372 3170 dicitur,
2397 3114 2519 3170 cuin
2545 3098 2835 3170 caliginem
2863 3100 3186 3168 ignorantiae
3213 3101 3458 3168 depellit;

183 3173 326 3235 vita,
351 3167 490 3224 'ciini
525 3170 993 3225 immortalitatem
1024 3171 1286 3241 largitur;
1318 3172 1425 3233 via,
1463 3187 1585 3223 cum
1611 3171 1678 3222 ab
1703 3183 1898 3222 errore
1952 3167 2020 3222 ad
2073 3168 2358 3241 veritatem
2387 3169 2625 3241 deducit.
2655 3169 2768 3241 Sic
2812 3167 2977 3224 turris
3018 3167 3379 3241 fortitudinis,
3406 3186 3463 3225 et

184 3243 388 3294 civitas
417 3241 650 3312 innuita,
676 3251 732 3294 et
761 3244 908 3312 lous,
937 3252 990 3295 et
1016 3239 1191 3312 petra,
1220 3253 1276 3296 et
1299 3242 1444 3306 vitis,
1469 3253 1526 3294 et
1552 3242 1815 3304 medicus,
1842 3249 1898 3292 et
1931 3240 2286 3312 resurrectio,
2314 3247 2372 3290 et
2398 3239 2655 3293 omnibus
2681 3239 2992 3308 hujusmodi
3020 3240 3335 3296 nominibus
3363 3256 3462 3309 ap-

183 3311 480 3380 pellatur.»
513 3310 726 3376 Rursus
758 3311 900 3364 idem
929 3328 944 3365 :
977 3331 996 3364 ι
1017 3309 1172 3366 υουε
1197 3313 1414 3378 quidem
1442 3322 1526 3364 est
1551 3312 1845 3363 secundum
1876 3325 1935 3362 se
1963 3309 2015 3361 id
2038 3309 2183 3376 quod
2212 3309 2428 3380 deiiiuin
2460 3324 2583 3362 esse
2613 3313 2890 3376 creditur;
2930 3313 3246 3364 nominatur
3273 3320 3458 3365 autem

184 3379 255 3435 ab
291 3384 360 3435 iis
385 3384 480 3449 qui
513 3396 636 3434 enin
665 3381 938 3450 appellant
962 3400 1068 3438 non
1100 3384 1150 3435 id
1180 3385 1353 3451 ipsum
1383 3383 1526 3450 quod
1549 3393 1654 3444 εει,
1680 3388 1808 3439 (non
1840 3381 1985 3434 enim
2013 3379 2273 3446 explicari
2301 3389 2482 3444 potest
2505 3389 2697 3433 natura
2723 3382 2865 3448 ejus)
2894 3385 3026 3449 quin
3057 3382 3240 3450 potius
3290 3397 3359 3436 ex
3388 3383 3459 3435 iis

183 3467 319 3532 quae
343 3454 612 3532 ad__vilaiii
639 3462 884 3506 nostram
903 3455 1239 3532 pertinentia
1265 3453 1774 3532 operari-creditur,
1801 3453 2181 3517 lioiiionyinias
2235 3462 2330 3532 seu
2371 3451 2591 3502 nomina
2634 3452 2881 3520 quaedam
2922 3451 3451 3532 aequivocadiabet.»

183 3518 254 3575 Et
276 3523 519 3577 Basilius
552 3522 813 3590 Magnus:
847 3539 867 3572 ι
898 3518 1162 3576 Naturam
1219 3518 1420 3592 inquit,
1453 3523 1693 3576 divinam
1728 3529 1999 3592 quatenus
2053 3529 2156 3581 est,
2200 3518 2334 3592 nihil
2383 3535 2574 3592 eorum
2602 3518 2725 3592 qua:
2751 3518 3151 3592 excogitantur
3190 3521 3454 3576 declarat.

179 3592 265 3647 Ex
299 3594 392 3647 bis
430 3594 594 3661 igitur
619 3593 809 3662 liquet,
841 3593 956 3647 ﬁeri
987 3597 1144 3648 nobis
1171 3590 1339 3647 Deum
1382 3592 1674 3662 multorum
1703 3591 2012 3662 nominum,
2064 3591 2323 3662 quoniam
2354 3590 2542 3651 multis
2595 3590 2877 3662 beneﬁciis
2909 3590 3026 3661 ejus
3051 3591 3118 3644 ad
3142 3592 3460 3646 custodien-

183 3664 315 3716 dam
347 3660 518 3717 vitain
546 3660 877 3732 indigemus,
903 3679 1113 3733 nosque
1139 3678 1329 3717 sumus
1362 3664 1456 3732 qui
1489 3661 1926 3733 idiﬁicultatilius
1978 3660 2482 3733 circuinplicainur,
2533 3669 2607 3733 et,
2642 3661 2696 3733 lii
2725 3662 2805 3714 eis
2837 3660 3008 3723 Deum
3037 3662 3368 3732 excogitatis
3400 3671 3459 3718 et

183 3734 510 3788 adiuventis
535 3729 845 3803 nominibus
871 3729 1249 3802 imploramus.
1277 3729 1456 3799 Quare
1485 3732 1588 3801 hoc
1605 3729 2013 3786 etiamelﬁcitur
2062 3732 2445 3803 iiiaiiil'estuiii,_
2466 3732 2611 3799 quod
2646 3731 2775 3784 licet
2799 3733 2943 3786 Deus
2969 3746 3038 3784 ex
3068 3729 3298 3787 inﬁnitis
3325 3747 3456 3803 opo-

184 3805 504 3859 rationibus
530 3802 718 3858 multis
750 3800 1059 3859 nominibus
1086 3805 1376 3867 aﬁtciatur,
1415 3818 1576 3874 quam
1637 3813 1823 3874 tamen
1850 3813 2099 3854 naturain
2164 3802 2389 3874 habeat,
2420 3800 2669 3874 funditus
2730 3803 3089 3873 intelligentia
3118 3813 3304 3857 nostra
3345 3800 3458 3858 non

181 3885 540 3948 assequatur.
567 3874 705 3928 Cum
739 3876 882 3948 enim
911 3876 1109 3948 duplex
1133 3877 1204 3930 sit
1243 3872 1496 3948 quaestio,
1524 3874 1667 3940 quod
1697 3873 1770 3925 sit
1811 3873 1973 3948 Dens,
2002 3873 2213 3940 etquid
2256 3872 2360 3934 sit;
2417 3872 2547 3926 illud
2577 3873 2825 3942 quidem,
2857 3872 3027 3928 id’est
3056 3888 3198 3940 esse,
3230 3875 3456 3929 omnino

179 3944 337 4014 inter
360 3960 555 3999 omnes
580 3947 855 4008 convenit,
889 3946 1022 4014 quid
1047 3962 1176 4001 vero
1201 3943 1298 4012 sii,
1338 3954 1392 3997 et
1415 3959 1522 4014 qua
1556 3953 1773 4010 natura,
1804 3943 1934 3996 solis
1965 3944 2138 3996 beatis
2174 3951 2365 3994 notum
2397 3954 2500 3995 est.

255 4014 288 4086 §
321 4013 416 4066 ιν.
443 4013 572 4069 Ηωε
595 4031 659 4068 ea:
688 4013 986 4086 Sgiptuiis
1036 4018 1342 4081 didicimus,
1371 4013 1727 4086 etc.,rdivina
1780 4027 1993 4086 nomino
2025 4013 2280 4086 {ai-utare,
2303 4015 2591 4072 secundum
2633 4014 2829 4074 divina:
2872 4013 3123 4068 bonitatis
3156 4017 3453 4070 emanatio—

183 4081 301 4149 ηεξ,
327 4097 440 4140 etc.
471 4088 710 4139 Sanctus
737 4081 975 4140 T'n'onias
1014 4090 1186 4158 prima
1213 4097 1389 4156 parte,
1421 4085 1481 4154 q.
1507 4085 1600 4148 15,
1635 4092 1743 4158 art.
1772 4087 1804 4135 6
1831 4101 1843 4136 :
1896 4099 1914 4132 t
1935 4081 2102 4158 Ilaec,
2131 4083 2330 4152 inquit,
2365 4088 2584 4158 nomina
2622 4086 2735 4149 Dei,
2771 4088 2974 4149 bonus,
3002 4090 3249 4158 sapiens,
3292 4099 3349 4140 et
3380 4088 3457 4142 si-

179 4158 363 4217 milia,
393 4169 658 4224 quantum
693 4159 760 4210 ad
791 4172 905 4209 rein
935 4155 1296 4227 signiﬁcatam
1320 4172 1416 4226 per
1445 4171 1597 4223 prius
1621 4156 1882 4227 dicuntur
1915 4155 2128 4227 de_Deo
2154 4169 2322 4227 quani
2347 4156 2414 4227 de
2446 4158 2754 4227 creaturis,
2775 4157 2902 4224 quia
2937 4171 2968 4209 a
3000 4155 3107 4210 Deo
3139 4157 3457 4224 Iiujusmodi

180 4223 557 4296 perfectiones
588 4229 641 4280 in
669 4237 952 4282 creaturas
985 4223 1229 4292 inanaiit,
1262 4223 1356 4282 sed
1379 4237 1640 4297 quantum
1671 4227 1738 4278 ad
1771 4223 2208 4294 iiiipositionem,
2239 4225 2435 4296 inquit,
2469 4227 2712 4280 nominis
2744 4223 3002 4295 imposita
3034 4238 3163 4281 sunt
3183 4223 3455 4282 creaturis

180 4311 324 4366 quas
350 4301 501 4369 prius
532 4299 935 4367 c0gnosciinus,
961 4299 1276 4369 signiﬁcant
1303 4296 1449 4369 enim
1486 4296 1785 4369 bonitatem
1812 4305 2074 4369 creatam,
2097 4297 2301 4369 bonus,_
2322 4305 2377 4347 et
2404 4297 2728 4367 sapientiam
2756 4307 3022 4365 creatam,
3056 4299 3296 4366 sapiens,
3315 4306 3453 4365 etc.,

181 4364 402 4444 (iugetie
424 4365 533 4421 Deo
562 4364 661 4444 per
689 4370 984 4444 essentiam
1014 4364 1346 4444 conveniunt
1375 4366 1748 4444 ὲξῃρημένῳς,
1774 4367 1825 4444 id
1851 4375 1935 4444 est
1954 4367 2092 4444 elate
2114 4375 2168 4418 et
2201 4364 2559 4444 eiiiineiiter.)

255 4438 403 4512 Ibid,
430 4447 537 4490 art.
569 4439 626 4512 _2,
657 4439 737 4492 sic
756 4440 1153 4512 interpretatur
1181 4437 1553 4512 Di0iinius’_'ut
1590 4437 1827 4512 voluerit
1862 4438 2196 4512 signiﬁcare,
2227 4438 2447 4512 iioiiiiiia
2479 4437 2600 4500 Dei,
2625 4437 2812 4503 bonus,
2835 4439 3067 4512 sapiens,
3091 4449 3146 4494 et
3170 4440 3283 4512 alia,
3308 4440 3452 4512 ejus-

181 4509 356 4573 modi,
390 4507 644 4576 imposita
675 4511 893 4574 quidem
914 4507 1044 4565 esse
1071 4528 1100 4563 a
1129 4507 1567 4580 processionibus
1596 4508 1711 4562 sive
1748 4510 2106 4576 providentiis
2145 4507 2239 4560 Dei
2302 4508 2359 4580 in
2392 4519 2673 4561 creaturas
2705 4507 3078 4574 manantibus,
3118 4513 3213 4565 sed
3244 4507 3454 4580 signiﬁ-

181 4595 315 4634 care
342 4580 520 4646 ipsum
554 4594 737 4633 rerum
777 4577 1427 4650 principium,quatenus
1451 4584 1502 4632 iii
1531 4594 1598 4635 co
1626 4587 1711 4632 est
1738 4579 1889 4650 prius
1923 4580 2163 4644 bonitas,
2186 4586 2240 4630 et
2264 4577 2397 4650 vita,
2428 4589 2484 4631 et
2513 4580 2804 4647 sapientia,
2837 4591 2891 4632 et
2915 4581 3134 4649 quidem
3167 4577 3451 4636 excellen-

183 4653 300 4703 tius
323 4666 489 4717 quain
519 4664 548 4700 a
587 4651 745 4703 nobis
771 4647 1106 4718 intelligatur
1130 4647 1190 4707 et
1206 4650 1566 4720 signiﬁcetur.
1601 4647 1761 4720 Aliud
1786 4650 1932 4702 enim
1959 4661 2045 4703 est
2068 4665 2097 4700 a
2122 4663 2228 4715 qua
2257 4662 2321 4720 re
2353 4647 2652 4716 imponitur
2675 4664 2894 4714 nomen,
2922 4647 2976 4704 et
3000 4653 3146 4706 aliud
3177 4652 3229 4705 iii
3254 4668 3362 4720 qua
3395 4667 3452 4706 re

181 4721 512 4788 imponitur.
540 4720 632 4773 Sic
657 4736 880 4774 nomina
919 4722 1013 4776 Dei
1043 4718 1294 4790 imposita
1333 4732 1460 4774 sunt
1514 4737 1545 4774 a
1599 4719 1982 4788 provideiitiis,
2037 4734 2174 4788 quas
2217 4718 2308 4770 alii
2345 4730 2539 4774 vocant
2571 4735 2884 4789 processus,
2919 4723 2986 4774 ad
3032 4718 3450 4788 signiﬁcandam

178 4794 550 4844 substantiam
578 4791 695 4854 Dei,
735 4797 863 4846 licet
890 4807 996 4846 non
1038 4789 1282 4861 perfecte
1312 4807 1433 4846 eam
1462 4792 1804 4861 signiﬁcent:
1848 4791 1993 4844 sicut
2038 4789 2422 4861 perfectehoc
2472 4806 2667 4844 nomen
2695 4795 2850 4844 homo
2885 4792 3158 4860 signiﬁcat
3184 4794 3447 4846 substan—

181 4870 318 4914 tiam
349 4863 468 4914 sive
505 4863 802 4916 essentiam
835 4859 1096 4928 hominis,
1123 4867 1254 4933 quia
1284 4864 1414 4931 quid
1445 4859 1535 4916 sit'
1562 4861 2125 4933 Deusconiprelietidi
2180 4859 2556 4933 intelligentia
2590 4877 2697 4915 non
2729 4873 2931 4930 potest,
2986 4869 3045 4914 ut
3090 4874 3267 4931 potest
3291 4879 3448 4917 coni—

166 4933 452 5027 lprcbcudi
475 4934 606 5027 quid
625 4934 939 5027 .SIIZIIOIIIO;
971 4944 1056 5027 est
1085 4931 1231 5027 enim
1260 4934 1464 5027 animal
1497 4932 1936 5027 ωῆἱυΐιειιθκιιυω
1965 4941 2048 4986 est
2085 4931 2868 5027 perieflauesseiitiaIlioniinis
2892 4948 3053 5001 quam
3086 4935 3451 5027 lioni'tli‘lsigni-

181 5009 334 5054 iicat.
371 5001 488 5056 Iino
512 5002 642 5057 illud
672 5003 837 5056 etiam
870 5018 954 5059 est
983 5007 1401 5069 advertendum,
1433 5004 1755 5057 vocabulum
1797 5001 1973 5070 ipsum
2001 5001 2283 5056 eminentia
2315 5011 2368 5054 et
2397 5003 2703 5067 eminenter,
2731 5007 2929 5071 quibus
2961 5015 3183 5058 sanctus
3212 5001 3451 5058 Tlioiiias

181 5073 260 5150 uti
294 5073 438 5125 solet
459 5089 584 5126 cuin
613 5080 681 5150 de
704 5076 1019 5128 nominibus
1043 5075 1427 5150 Deiloquitur,
1457 5085 1513 5128 et
1539 5077 1668 5150 qmd
1691 5075 1745 5126 in
1772 5073 1884 5150 Deo
1914 5075 2224 5150 signiﬁcent
2255 5073 2513 5150 eitplicat,
2532 5089 2598 5150 ex
2622 5075 2777 5127 Dion.
2800 5076 3102 5142 suiiipsis‘se
3129 5076 3449 5150 quise-api;-

181 5139 366 5210 μένως
386 5181 402 5204 ,
440 5154 497 5195 ut
530 5144 689 5212 paulo
720 5157 847 5198 ante
876 5147 1081 5213 notavi,
1115 5139 1296 5201 dicere
1321 5147 1480 5211 solet,
1511 5139 1657 5215 quod
1712 5144 1863 5199 varie
1917 5139 2044 5199 licet
2097 5139 2471 5212 iiitct'pretari,
2501 5145 2636 5197 elate
2657 5184 2673 5211 ,
2710 5139 3110 5215 exsupefanter,
3138 5139 3446 5213 emineiitcr,

176 5215 400 5284 eximie,
423 5216 752 5281 excellenter,
774 5225 1038 5284 separate.

257 5282 288 5352 ᾗ
328 5285 391 5338 V.
436 5284 623 5358 Neque
648 5282 856 5358 nomen,
887 5303 1048 5353 neque
1077 5303 1270 5342 sermo.
1304 5288 1442 5353 Quia
1486 5288 1743 5342 nimirum
1776 5301 1877 5342 nec
1923 5301 2032 5342 uno
2082 5284 2324 5348 nomine,
2369 5299 2471 5340 nec
2503 5298 2780 5352 sermone,
2807 5287 2900 5356 qui
2953 5288 3198 5358 pluribus
3227 5288 3448 5342 vocibus

181 5366 430 5428 constat,
463 5357 726 5425 explicari
760 5357 902 5411 Deus
937 5370 1139 5428 potest.
1167 5359 1233 5411 Et
1257 5361 1452 5427 quavis
1486 5361 1850 5428 appellatione
1878 5361 2146 5428 putiorein
2194 5358 2362 5423 dicit;
2424 5360 2551 5424 quia
2584 5360 2732 5411 nullo
2767 5357 2987 5413 nomine
3017 5369 3189 5412 totum
3223 5362 3444 5425 quodin

179 5424 300 5491 ipso
333 5437 444 5491 est,
478 5424 676 5496 exponi
738 5424 948 5496 potest.
983 5427 1244 5498 liitelligit
1273 5424 1487 5482 ‘autem
1521 5424 1797 5498 respectu
1857 5424 2226 5496 cujuscunque
2266 5428 2574 5482 intellectus
2602 5431 2772 5482 creati
2825 5440 3020 5482 natura
3052 5445 3148 5482 sua
3187 5424 3445 5482 conside-

180 5498 320 5569 rati,
354 5501 482 5566 quia
516 5515 622 5550 iioii
656 5499 802 5552 videt
835 5501 1002 5552 Deum
1036 5503 1192 5556 sicuti
1234 5511 1353 5564 est,
1387 5511 1441 5554 et
1469 5501 1542 5553 ita
1573 5515 1749 5569 neque
1784 5515 2001 5555 nomine
2026 5501 2208 5567 aliquo
2233 5511 2414 5566 potest
2441 5500 2582 5551 Deus
2610 5506 2658 5550 ei
2689 5502 2898 5566 integre
2933 5501 3250 5569 signiﬁcari.

250 5568 343 5642 Ad
370 5569 626 5623 eumdem
667 5573 882 5621 modum
909 5569 1156 5624 Justinus
1188 5573 1242 5625 in
1268 5572 1526 5640 Apologia
1559 5568 1907 5639 secundapro
1938 5569 2258 5623 Christianis
2295 5585 2400 5623 non
2436 5572 2596 5636 longe
2617 5587 2644 5619 a
2676 5569 2842 5642 294
2888 5568 3014 5636 ﬁne,
3062 5571 3156 5642 ait,
3204 5571 3315 5622 Deo
3343 5584 3446 5622 no-

181 5648 306 5690 men
329 5639 540 5707 imponi
564 5654 674 5692 tion
700 5655 880 5709 posse,
916 5645 1060 5709 quod
1087 5642 1134 5695 si
1161 5644 1285 5710 quis
1313 5647 1364 5694 id
1395 5639 1712 5707 contendat,
1743 5657 1969 5695 summa:
1996 5643 2466 5710 deiiieiitiaaesse.
2519 5639 2894 5694 Nazianzenus
2915 5640 3169 5694 similiter
3193 5642 3443 5694 oratione

182 5713 469 5762 tricesima
495 5725 696 5777 quar.a
728 5725 851 5777 qua:
879 5726 963 5764 est
995 5709 1234 5766 secunda
1268 5713 1338 5766 de
1366 5712 1688 5780 'l‘lieologia,
1725 5714 1896 5766 refert
1923 5715 2256 5765 sententiain
2299 5709 2540 5764 Platonis
2571 5713 2625 5763 iii
2676 5711 2874 5765 Timwo
2910 5712 3164 5776 dicentis,
3223 5711 3443 5764 dillicile

180 5792 299 5834 esse
327 5781 501 5834 Dcuin
528 5781 807 5846 intellectu
841 5784 1146 5852 peicipci'c,
1179 5784 1360 5854 eloqui
1390 5799 1517 5840 vero
1541 5784 1894 5854 impossibile.
1928 5784 2042 5853 Ipse
2066 5798 2196 5839 vero
2219 5781 2598 5837 Nazianzenus
2626 5798 2777 5838 suain
2815 5781 2971 5837 nobis
2997 5786 3442 5838 senteiitiam’ex-
